4002 6500
215 484 252 491 -.
272 485 291 489 γ
320 480 627 489 ιαμ-...μμ
652 478 950 489 ____.__._
1850 472 2449 483 --__________._._.--.
2472 475 2501 478 ί,
2521 474 2535 479 _
2558 474 2587 479 ,
2624 471 2817 479 mn..-
2969 468 2990 473 -.
3054 468 3089 474 _
3110 467 3369 476 ...κω

722 683 1320 813 JOANNIS
1411 681 1969 800 BOlVINl
2057 674 2885 792 DEDICATlO.

1776 940 1849 949 ,ιη-ι.

1421 1096 1468 1158 ι
1480 1097 1645 1159 UDO
1661 1095 1849 1157 V160
1895 1094 2218 1158 MA'GNO.

259 1318 386 1379 Res
417 1331 640 1395 gerem
668 1320 731 1377 et
771 1313 944 1394 leges
975 1312 1126 1375 dare
1170 1310 1427 1391 pepulis
1478 1312 1727 1389 regium
1760 1314 1878 1371 est.
1918 1310 1994 1369 At
2026 1324 2152 1370 non
2197 1317 2418 1371 caetera
2465 1310 2701 1381 omnia,
2738 1310 2988 1371 tametsi
3026 1308 3242 1369 minus
3278 1306 3439 1371 illo-

178 1417 331 1478 stria
398 1426 574 1492 sunt,
636 1416 731 1477 sic
787 1414 1110 1493 principes
1173 1429 1437 1493 magnos
1498 1410 1830 1483 dedecent,
1879 1421 1947 1473 ut
2010 1414 2248 1474 artium
2312 1428 2575 1493 quoque
2632 1421 2692 1475 et
2743 1411 3158 1473 scientiarum
3222 1424 3439 1470 curam

183 1521 536 1598 negligere,
575 1519 949 1597 litterasque
981 1524 1043 1579 et
1079 1515 1275 1578 libros
1306 1512 1637 1594 aspernari
1689 1513 1983 1575 debeant.
2036 1514 2172 1577 Hoc
2223 1524 2392 1577 certe
2428 1515 2597 1594 apud
2640 1531 2865 1575 omnes
2915 1517 3183 1586 constat,
3226 1512 3441 1574 Histo-

183 1623 424 1682 riarum
465 1619 808 1681 lectionem
838 1617 1060 1679 utilem
1092 1618 1439 1678 admodum
1472 1621 1535 1677 et
1558 1613 1935 1693 frugiferam
1969 1631 2112 1675 esse
2145 1614 2629 1693 imperantibus.
2658 1615 2809 1691 Itaq~
2845 1631 2903 1687 e,
2941 1613 3073 1674 Rex
3102 1612 3449 1691 Augustis-

180 1724 364 1796 simc,
400 1723 517 1801 qui
553 1720 748 1801 hujus
786 1702 1041 1800 generis
1104 1718 1301 1779 libros
1357 1716 1643 1780 oblatum
1714 1714 1861 1779 Tibi
1924 1716 2218 1787 veniunt,
2282 1715 2364 1778 iis
2414 1715 2586 1795 justa
2646 1716 2806 1776 ratio
2866 1730 2991 1777 non
3056 1716 3259 1789 deest,
3320 1731 3493 1796 qua,

178 1824 517 1886 audaciam
550 1837 729 1883 suam
764 1827 1107 1889 excusent;
1145 1837 1358 1900 neque
1395 1819 1556 1880 adeo
1610 1816 1845 1879 mirum
1901 1818 2203 1898 cuiquam
2238 1835 2382 1880 esse
2412 1818 2626 1892 debet,
2666 1818 2836 1896 quod
2894 1834 3013 1895 ego
3063 1816 3178 1877 hos
3231 1834 3447 1878 rerum
3490 1812 3493 1817 ’

108 2004 113 2007 ν
186 1924 683 2003 ltyzantinarum
720 1920 1229 1984 Commentarios
1260 1919 1575 2001 Majestati
1614 1907 1769 1983 Tute
1813 1922 2019 1981 ausim
2062 1920 2319 1983 offerre.
2356 1919 2701 1983 Enimvero
2759 1938 2879 1993 me,
2927 1918 2988 1980 id
3039 1928 3105 1981 ut
3144 1918 3450 1981 faceremv

183 2028 442 2106 privum
480 2025 672 2086 etiam
708 2023 1013 2094 rationes,
1047 2036 1119 2082 ac
1152 2038 1244 2083 eae
1275 2021 1536 2100 quidem
1574 2038 1818 2099 graves,
1874 2022 2173 2085 timidum
2214 2021 2687 2100 ancipitemque
2748 2021 3194 2099 pt'I‘pUIel‘uM.
3260 2021 3452 2084 Eccui

181 2126 351 2188 enim
421 2125 665 2187 laboris
705 2126 828 2186 mei
865 2124 1148 2186 fructum
1208 2123 1377 2183 hunc
1434 2132 1497 2185 et
1558 2122 1671 2185 bas
1710 2125 1883 2185 velut
1936 2123 2298 2186 studiorum
2339 2123 2655 2202 primitias
2722 2123 2938 2200 potius
2972 2138 3451 2184 consecrassem

180 2249 369 2309 quam
406 2231 579 2304 Tibi,
610 2247 645 2292 a
690 2246 822 2309 quo
854 2228 916 2292 id
950 2245 1141 2291 omne
1179 2227 1369 2291 habui
1404 2227 1575 2305 quod
1610 2228 1857 2290 all‘ero?
1888 2231 1982 2290 Tu
2015 2229 2249 2301 otium,
2285 2230 2380 2290 Tn
2414 2228 2639 2302 libros,
2672 2230 2765 2289 'l‘u
2820 2228 3156 2289 facultates
3212 2243 3456 2306 suppe-

180 2336 429 2398 ditasti.
468 2336 685 2414 Regiis
719 2335 916 2413 typis,
950 2335 1166 2411 Regiis
1199 2332 1568 2413 sumptibus
1601 2336 1729 2397 tuis
1765 2334 2041 2413 perfecta
2096 2333 2231 2397 hmc
2284 2333 2513 2397 editio.
2568 2336 2749 2415 Opus
2803 2336 3013 2413 ipsum
3075 2351 3299 2414 magna
3351 2334 3457 2396 sui

185 2450 356 2519 parte
389 2459 475 2502 ex
509 2440 901 2504 Bibliotheca
935 2441 1063 2501 Tua
1098 2442 1329 2518 prodit.
1362 2440 1547 2513 Quod
1580 2442 1654 2502 ad
1692 2440 2041 2504 Historiam
2101 2441 2203 2501 his
2254 2440 2436 2503 libris
2495 2440 3024 2519 comprehensam
3083 2441 3334 2508 attinet,
3384 2456 3459 2501 ea

183 2553 278 2606 est
305 2544 661 2623 ejusmodi,
699 2554 765 2606 ut
802 2543 1092 2606 Francici
1142 2543 1424 2606 nominis
1480 2560 1605 2607 non
1660 2545 1976 2608 limi-edem
2037 2547 2230 2608 modo
2290 2562 2361 2609 ac
2425 2546 2762 2616 vindicem,
2822 2546 2931 2607 sed
2992 2563 3460 2625 quemcunque

183 2656 565 2717 amatorem,
614 2645 710 2707 vel
781 2647 989 2724 primo
1047 2646 1432 2708 narrationis
1492 2650 1762 2708 exordio
1818 2649 2030 2709 statim
2088 2648 2364 2710 allectet.
2432 2647 2697 2710 Initium
2733 2650 2973 2729 quippe
3022 2656 3139 2722 est,
3189 2657 3369 2728 capta
3425 2667 3461 2711 ιι

184 2749 429 2810 nostris
462 2748 1100 2828 ConstantinOpolis:
1138 2749 1424 2810 divisum
1465 2750 1818 2829 gentilibus
1849 2750 2029 2819 Tuis,
2056 2751 2369 2812 Balduino
2394 2750 2673 2813 Flandro
2707 2759 2765 2811 et
2789 2752 3113 2813 Ludovico
3143 2750 3460 2826 Blesensi,

187 2854 674 2917 nobilissimum
720 2853 1071 2933 imperium
1114 2856 1644 2917 :Comnenorum
1694 2871 1850 2934 opes
1902 2856 2158 2930 arcisre;
2216 2856 2384 2917 vires
2432 2856 2661 2917 attritm
2720 2873 2791 2917 ac
2838 2856 3167 2935 dispersae.
3233 2858 3464 2934 Magna

188 2956 320 3017 litae
349 2963 414 3018 et
452 2956 770 3035 praeclara.
805 2956 930 3017 Sed
965 2956 1241 3018 ulterius
1275 2956 1511 3018 deinde
1541 2957 1895 3037 progressis
1931 2973 2056 3018 non
2095 2958 2341 3020 minora
2373 2967 2763 3021 occurrunt:
2798 2960 3191 3020 Francorum
3227 2956 3461 3038 ingens

187 3064 538 3135 exercitus,
596 3065 718 3125 sub
768 3061 1005 3124 Christi
1056 3061 1264 3141 signis
1324 3061 1609 3122 militans
1643 3106 1659 3133 ,
1724 3063 1870 3123 Asia
1932 3064 2214 3136 subacta,
2259 3081 2359 3125 res
2408 3071 2568 3126 terra
2625 3072 2686 3125 et
2725 3065 2881 3125 mari
2941 3079 2972 3126 a
3033 3064 3281 3135 Carolo,
3330 3060 3465 3125 divi

194 3163 497 3227 Ludovici
568 3164 784 3240 fratre,
854 3172 1073 3227 contra
1129 3164 1509 3227 Michaclem
1575 3166 2004 3243 PalmolOgum
2063 3167 2317 3229 fortiter
2367 3175 2561 3245 gesta:
2606 3183 2620 3227 :
2672 3166 3118 3235 Catalanorum
3176 3165 3463 3245 denique

196 3276 363 3327 lnam
401 3276 463 3327 et
502 3268 730 3329 horum
765 3267 963 3347 glutia
996 3266 1071 3327 ad
1110 3283 1226 3327 nos
1260 3267 1561 3349 pertinet)
1618 3268 1901 3330 victorite
1943 3269 2363 3331 incredibiles
2409 3269 2487 3331 de
2538 3268 2791 3341 Turcis,
2840 3270 2920 3331 de
2978 3266 3326 3347 Byzantiis,
3381 3267 3462 3328 de

196 3363 467 3425 Achzeis.
503 3364 645 3437 His,
679 3367 808 3426 Rex
835 3367 1136 3438 Maxime,
1170 3368 1567 3429 ornamentis
1622 3350 1974 3447 insignem,
2035 3378 2096 3432 et
2141 3371 2397 3432 virtutis
2460 3370 2782 3431 Francirm
2835 3351 3221 3450 quibusdam
3278 3359 3463 3447 quasi

202 3461 554 3525 luminibus
590 3463 993 3535 il.ustratam,
1033 3464 1377 3543 Nicephori
1410 3469 1709 3545 Gregorm
1759 3468 2109 3531 Historiam
2162 3468 2476 3548 benigne,
2528 3477 2596 3531 ut
2646 3486 2862 3548 Spero,
2917 3476 3306 3549 excepturus
3368 3486 3461 3530 es.

206 3558 401 3625 Habet
434 3580 579 3625 vero
611 3564 960 3628 historicus
1000 3566 1137 3646 ipse
1178 3569 1399 3628 laudes
1433 3569 1745 3648 proprias,
1800 3588 2067 3648 qualum
2129 3570 2693 3632 commendatione
2746 3570 3065 3649 Optimum
3102 3568 3460 3649 principem

205 3659 391 3722 facile
426 3665 544 3725 sibi
586 3667 926 3739 conciliet;
972 3666 1191 3728 nobile
1219 3670 1383 3747 apud
1430 3686 1585 3730 suos
1624 3670 1996 3748 Philosophi
2036 3687 2298 3744 nomen,
2331 3672 2623 3732 omnium
2655 3671 2789 3732 fere
2834 3670 3270 3733 doctrinarum
3309 3686 3461 3751 pro-

214 3766 550 3826 fessionem
587 3770 934 3847 publiram,
971 3770 1436 3848 iumentorum
1474 3769 1977 3834 familiaritatem
2020 3790 2034 3833 :
2074 3789 2395 3851 supremaa
2427 3773 2487 3839 in
2532 3772 2813 3835 Ecclesia
2866 3773 3083 3835 (irmca
3131 3772 3464 3851 dignitatis

215 3870 486 3949 insignia
519 3874 843 3952 repudiata
882 3892 898 3935 :
931 3884 991 3935 et
1032 3879 1189 3954 (quo
1241 3876 1404 3937 nihil
1463 3878 1633 3955 apud
1662 3878 1791 3953 Te,
1824 3878 2159 3952 religionis
2202 3896 2367 3941 verte
2422 3878 2853 3953 defensorem,
2909 3879 3112 3959 majus
3166 3878 3462 3941 futurum

211 3971 326 4049 es!)
371 3972 610 4035 labores
650 3990 764 4053 pro
814 3985 983 4039 recta
1017 3976 1163 4039 fidei
1193 3977 1481 4039 doctrina
1516 3980 1592 4039 ad
1630 3989 1992 4039 extremum
2046 3978 2348 4058 spiritum
2393 3978 2762 4041 exhaustos.
2826 3978 2943 4040 Sed
2975 3976 3131 4058 quid
3170 3994 3287 4059 ego
3331 3977 3467 4041 hmo

204 4080 462 4153 Tecum,
501 4083 630 4143 Rex
669 4082 1168 4163 Augustissime,
1223 4084 1439 4147 alieno
1478 4064 1665 4165 plane
1711 4084 2045 4165 tempore?
2091 4104 2234 4147 cum
2300 4102 2539 4161 omnes
2571 4085 2995 4163 cogitationes
3036 4087 3205 4146 Tuas
3266 4091 3357 4148 tot
3403 4098 3465 4148 et

209 4193 372 4245 tanta
430 4189 682 4261 negotia
745 4186 871 4247 sibi
930 4185 1297 4261 vindicant;
1356 4207 1503 4248 cum
1567 4191 1874 4265 cogendas
1934 4193 2369 4268 undecunque
2441 4189 2751 4267 leg’ones,
2819 4190 3055 4250 classes
3119 4189 3460 4260 armandae,

207 4290 539 4350 munienda
574 4292 850 4371 oppida;
887 4294 1103 4356 hostes
1139 4310 1265 4355 non
1301 4293 1540 4354 nostris
1579 4293 1817 4367 solum,
1864 4296 1974 4356 sed
2021 4298 2083 4355 et
2128 4294 2457 4355 sociorum
2520 4292 2758 4355 finibus
2806 4292 3103 4366 arerndi;
3150 4310 3295 4354 cum
3348 4293 3461 4355 de-

206 4393 401 4468 nique
431 4402 492 4454 et
523 4395 906 4473 populorum
952 4399 1153 4467 salus,
1214 4404 1275 4458 et
1324 4412 1545 4474 regum
1606 4398 1828 4467 tutela,
1883 4408 1946 4459 et
2000 4397 2190 4459 totius
2253 4414 2415 4472 pene
2449 4397 2627 4456 orbis
2679 4406 2993 4459 terrarum
3052 4414 3207 4458 cura
3250 4396 3459 4473 provi-

201 4495 483 4556 dentiam
519 4500 719 4557 Tuam
752 4498 829 4559 ad
877 4516 947 4560 se
991 4504 1310 4560 revocant.
1365 4498 1551 4559 Plura
1608 4499 1862 4560 desino.
1923 4503 2002 4560 At.
2050 4501 2170 4570 'l‘u,
2225 4516 2444 4576 regum
2509 4501 2810 4572 Maxime,
2868 4508 3000 4561 tum
3058 4500 3458 4576 sapientibus

203 4597 522 4671 consiliis,
556 4606 691 4659 tum
739 4598 937 4659 armis
982 4597 1352 4660 victricibus
1387 4599 1551 4660 bella
1583 4615 1940 4675 compone;
1983 4609 2071 4670 ut,
2112 4617 2261 4678 pace
2321 4599 2612 4660 hostibus
2672 4598 3002 4676 imperata,
3030 4598 3167 4659 Tibi
3203 4584 3463 4658 et'Tuis

205 4701 459 4779 longum
494 4701 692 4764 vivas.
730 4704 879 4765 Haec
907 4710 1060 4765 sunt
1094 4709 1237 4764 vota
1277 4701 1555 4780 publica.
1612 4704 1747 4765 Hoc
1789 4704 2042 4782 religio,
2104 4704 2225 4765 hoc
2275 4703 2555 4765 alumnae
2591 4713 2741 4771 tum,
2780 4701 2946 4764 artes
2995 4712 3056 4763 et
3120 4699 3448 4769 scicntia);

203 4806 318 4867 hoc
351 4807 535 4869 novis
594 4802 888 4888 quotidie
927 4825 1041 4886 per
1088 4808 1174 4870 Te
1206 4806 1442 4886 Opibus
1487 4805 1818 4881 ﬂorentes,
1870 4807 2254 4869 Bibliotheca
2306 4808 2502 4887 Regia
2566 4814 2624 4871 et
2661 4809 2963 4887 Lupartea
3006 4804 3456 4887 'l‘ypographia

204 4928 455 4973 mecum
496 4918 756 4974 vovent.

212 5125 309 5140 Μ

307 5126 689 5141 μοι*

889 5286 1407 5376 ,ΙΟΛΝΝΙΞ
1506 5281 1982 5373 liOlVlNl
2093 5282 2469 5372 l’lleFl‘

1217 5286 1407 5374 NIS
1506 5281 1982 5373 liOlVlNl
2093 5278 2774 5372 l’lleFA'l‘lO.

263 5629 444 5679 Aunus
475 5626 564 5681 hic
610 5623 856 5679 dcit-tus
885 5636 1112 5696 quartus
1160 5636 1262 5688 est,
1300 5641 1362 5680 ex
1399 5639 1506 5694 quo
1541 5625 1765 5679 (Σειιητιιις
1873 5623 2033 5683 τίνος,
2073 5622 2162 5690 qui
2207 5620 2259 5673 in
2320 5620 2645 5674 bibliotheca
2696 5616 2859 5686 Regia
2901 5612 3257 5682 manuscripti
3288 5617 3468 5672 essm.

202 5721 518 5791 l).u.-;utgms,
556 5723 634 5773 vir
691 5719 760 5772 de
817 5720 1010 5773 litteris
1061 5721 1317 5789 praeclare
1362 5719 1608 5782 meritus,
1634 5716 1770 5771 milii
1880 5723 2019 5775 rent,
2063 5712 2251 5765 Latine
2280 5721 2590 5773 verterem;
2629 5718 2688 5762 ut
2729 5717 3012 5776 postquam
3042 5704 3288 5758 absoluta
3316 5707 3467 5755 esset

201 5829 294 5867 aue
322 5832 381 5866 or
421 5815 545 5876 fuit,
579 5823 639 5866 ut
670 5811 963 5880 Nicephori
998 5810 1255 5884 Gregorze
1284 5812 1449 5868 libros
1482 5827 1574 5867 ses
1606 5810 1775 5866 liisto-
1883 5809 2052 5863 editio
2083 5806 2336 5861 Chron‘ci
2379 5804 2668 5867 Paschalis,
2698 5800 2784 5856 cui
2809 5800 2898 5854 ille
2921 5811 3140 5852 manum
3167 5803 3469 5850 extremam

432 5910 518 5968 PA
538 5925 723 5968 rnor.
779 5908 898 5967 Gn.
956 5907 1291 5969 (JXLVllL
1820 5952 1823 5955 .
3034 5896 3057 5955 1
