4054 6636
420 508 477 572 ιι
1005 560 1018 573 ,
1717 506 1991 570 ευΑΝΝι

2095 507 2384 571 BUIVINI
3448 524 3451 528 ’
3606 519 3671 582 12

415 620 745 697 imponebat,
775 623 813 679 ii
844 640 939 681 sex
972 625 1115 689 libri,
1145 624 1210 680 ad
1250 641 1349 681 eos
1386 639 1523 696 quos
1551 621 1781 678 Wollius
1812 626 2000 694 vulga-
2029 629 2071 683 Α
2105 633 2418 677 aceutatum
2466 624 2733 680 librorum
2786 642 2906 693 nt,
2946 629 3002 692 in
3061 645 3169 683 uno
3200 631 3383 685 Codice
3426 632 3685 691 Vaticmio

416 720 579 772 visset
627 717 893 788 adjuneti,
941 716 1126 790 Regiis
1167 718 1307 790 typis
1368 717 1778 771 mandarentur.
1840 714 1998 768 Erant

416 822 527 866 tum
561 828 662 882 ego
705 811 1025 882 colligendis
1068 810 1280 866 Libanii
1323 808 1582 881 Epistolis
1628 810 1903 873 intentus,
1943 816 2000 863 et

419 904 640 957 Latinas
670 903 781 973 jam
823 918 854 958 e
885 902 1089 958 Grazcis
1136 901 1374 957 feceram
1415 918 1523 957 non
1575 916 1798 972 paucas.
1838 898 1998 953 Senis

414 996 720 1051 doctissimi
756 994 987 1050 causilio
1030 996 1287 1062 juvenem
1322 1010 1409 1049 me
1451 1004 1508 1048 et
1539 992 1805 1047 novitium
1843 1004 1999 1060 pare-

413 1108 471 1145 re
505 1105 718 1158 a'quunt
762 1087 886 1143 fuit.
909 1087 1149 1142 Tametsi
1180 1087 1342 1158 igitur
1370 1086 1776 1142 arntenitatibus
1807 1094 1862 1165 θοι
1884 1084 1997 1138 ele-

413 1181 610 1251 gantiis
650 1179 963 1234 Libanianis
1009 1179 1147 1232 mire
1200 1178 1530 1242 delectabar,
1567 1184 1622 1230 et
1660 1178 1728 1231 ab
1766 1175 1832 1229 iis
1854 1187 1996 1245 aegre

410 1272 783 1333 discedebant,
820 1279 1000 1326 tamen
1052 1270 1129 1325 illi
1167 1286 1286 1323 sum
1332 1270 1664 1332 obsecutus;
1703 1266 1865 1336 idque.
1930 1280 1997 1319 eo

414 1366 672 1431 maxime,
711 1364 856 1433 quod
909 1362 975 1416 ad
1013 1363 1184 1432 ipsius
1236 1359 1647 1415 adhortationes
1701 1356 1999 1411 accedebat

414 1457 665 1524 voluntas
714 1456 1065 1526 Ulustrissimi
1116 1455 1341 1510 Abbatis
1368 1452 1576 1508 Camilli
1605 1450 1847 1513 Tellerii,
1881 1448 1995 1503 exi-

414 1551 518 1604 mia
551 1549 733 1604 indole
780 1548 1089 1619 priest-antis
1120 1554 1177 1602 et
1224 1562 1362 1617 snpa
1429 1555 1644 1600 a-tatem
1680 1544 1825 1598 docti
1867 1542 1997 1597 ado-

414 1641 694 1704 lescentis.
742 1642 829 1697 cui
882 1657 970 1695 me
1019 1650 1075 1694 ct
1120 1655 1237 1694 mea
1269 1638 1451 1691 omnia
1502 1636 1681 1691 studia
1713 1650 1994 1698 voveram,

409 1733 756 1789 bibliotheca:
792 1732 974 1805 Regia:
1026 1730 1301 1802 praelecto,
1338 1741 1502 1799 atque
1530 1744 1598 1784 eo
1633 1744 1856 1781 munere
1881 1727 1993 1796 jam

410 1838 523 1899 tum
553 1841 676 1881 sese
707 1827 928 1897 dignum
968 1824 1241 1894 probanti.
1269 1822 1368 1877 llic
1395 1831 1455 1876 ut
1495 1820 1734 1876 laborem
1768 1820 1994 1890 imposi-

410 1931 523 1975 tum
554 1920 820 1976 alacriore
866 1917 1052 1972 animo
1087 1916 1445 1986 susciperem,
1478 1914 1641 1968 etiam
1675 1912 1864 1982 patris,
1894 1911 1992 1966 viri

407 2012 628 2076 summi,
659 2011 1040 2065 auctoritatem
1099 2008 1448 2079 interposuit,
1478 2022 1585 2061 non
1623 2006 1745 2061 belli
1793 2006 2010 2072 solum,"

405 2104 501 2161 sed
557 2113 612 2159 et
647 2104 1003 2158 scientiarum
1033 2103 1408 2171 bonarumque
1439 2100 1636 2155 artium
1684 2114 1869 2154 curam
1902 2099 1997 2154 dc-

406 2198 714 2254 mandatam
749 2212 782 2250 a
813 2195 960 2267 Rege
992 2203 1121 2249 tunc
1149 2192 1497 2249 sustinentis.
1910 2222 1938 2241 .

382 2294 385 2297 '
478 2286 573 2343 llis
623 2285 886 2357 auspiciis
935 2285 1002 2341 ad
1057 2285 1226 2340 libros
1254 2283 1507 2355 Gregorio
1543 2283 1990 2354 lnterpretandos

415 2394 705 2451 aggressus
752 2379 872 2433 laeta
929 2387 986 2432 et
1022 2376 1197 2431 fausta
1224 2358 1407 2431 oinnia
1441 2377 1572 2430 miln
1612 2377 1942 2444 spondebant
1975 2393 1990 2431 :
2024 2413 2036 2425 .

405 2473 501 2526 sed
558 2487 644 2525 res
713 2472 829 2540 ipsa
885 2469 1199 2540 opinionem
1260 2485 1434 2522 meam
1488 2467 1719 2522 multutn
1782 2468 1991 2525 fefellit.

296 2607 315 2627 χ
407 2564 621 2619 Etenim
672 2564 863 2635 paucis
894 2572 1015 2633 post
1047 2563 1240 2618 diebus
1271 2562 1405 2616 obiit
1433 2561 1478 2615 is
1508 2563 1596 2631 qui
1623 2561 1755 2615 mihi
1793 2577 1991 2617 novum

404 2660 510 2715 iter
565 2658 811 2731 ingresso
858 2654 1055 2726 praeire
1102 2670 1165 2710 ac
1214 2656 1516 2725 praelucere
1568 2671 1708 2708 unus
1759 2670 1992 2710 maxume

406 2750 651 2807 omnium
690 2758 924 2820 poterat,
960 2748 1201 2819 optimus
1249 2759 1304 2801 et
1334 2747 1594 2801 eruditiss
1618 2763 1740 2801 mus
1774 2747 1990 2801 Decan-

406 2844 546 2914 gius.
566 2842 677 2897 llae
693 2840 1003 2913 Byzantina
1031 2840 1269 2894 historia:
1302 2838 1421 2893 lace
1442 2839 1733 2899 exstincta.
1762 2840 1861 2893 via:
1883 2853 1989 2892 non

408 2938 542 2992 satis
571 2949 774 3005 gnarus
808 2934 1053 2989 laborem
1096 2946 1161 2986 ac
1210 2929 1547 3002 diligentiam
1580 2931 1825 2986 subsidio
1859 2930 1989 2984 mihi

408 3025 760 3097 comparavi;
800 3034 856 3080 et
894 3038 1092 3080 eorum
1146 3035 1239 3079 sex
1299 3022 1582 3086 librorum,
1630 3038 1860 3091 quorum
1902 3023 1992 3079 ille

338 3102 341 3107 ’
407 3120 493 3174 vix
531 3133 697 3173 unum
720 3117 912 3172 Latine
934 3132 1152 3172 versum
1188 3115 1471 3187 proximus
1510 3115 1670 3168 morti
1704 3115 1989 3189 relegem},

406 3208 919 3279 interpretationem
953 3209 1218 3280 integram
1251 3216 1372 3277 post
1404 3208 1611 3262 obitum
1642 3211 1760 3275 eius
1792 3220 1984 3262 utcun-

2102 715 2475 781 exstantium;
2505 732 2739 787 quorum
2777 720 2986 788 primus
3008 730 3154 776 esset
3176 722 3430 790 δευτέρου
3476 724 3681 795 βιϐλίου

2103 807 2260 876 λόγος
2302 810 2368 874 ζ’,
2396 811 2448 866 id
2481 822 2585 874 est,
2614 810 2872 868 Secunda:
2922 815 3097 869 Partis
3125 816 3258 870 liber
3285 818 3559 885 septimus,
3586 835 3683 874 seu

2104 900 2270 954 totius
2328 901 2571 959 historias
2633 903 2882 961 decimus
2949 918 3207 985 octavus;
3264 908 3489 985 ultimus
3553 928 3686 967 vero

2101 992 2519 1061 inscriberetur,
2554 997 2869 1069 Ῥωμαῖκῆς
2926 975 3165 1073 ἱστορίας
3205 1000 3309 1072 λη’,
3341 977 3435 1057 seu
3469 1002 3684 1075 Byzan-

2101 1083 2227 1137 tina:
2258 1086 2510 1141 Historia:
2545 1087 2674 1142 liber
2705 1088 3015 1146 XXXVIII.

2173 1175 2582 1248 Peropportune
2638 1194 2823 1236 autem
2884 1185 3105 1247 accidit.
3147 1188 3428 1247 uttﬁoma:
3477 1208 3576 1262 per
3630 1193 3682 1245 id

2103 1279 2323 1337 tempus
2381 1285 2816 1329 commoraretur
2882 1276 2966 1329 vir
3026 1278 3366 1336 humanitate
3421 1285 3683 1355 singulari

2098 1361 2357 1428 praeditus
2402 1362 2444 1416 Ι.
2493 1360 2800 1427 Vivantins,
2861 1368 2919 1423 S.
2977 1369 3041 1423 T.
3094 1370 3294 1428 Doctor
3333 1372 3679 1441 Parisiensis,

2101 1452 2357 1522 idemque
2390 1456 2581 1511 Socius
2628 1458 2982 1516 Sorbonieus.
3009 1461 3183 1535 Hujus
3204 1480 3334 1520 cura
3367 1478 3421 1521 et
3448 1468 3681 1524 olliciosa

2099 1544 2163 1598 lt.
2195 1546 2250 1599 l’.
2306 1547 2365 1600 υ.
2415 1549 2759 1619 Stephanotii
2817 1556 3131 1621 sedulitate,
3161 1559 3469 1629 sumptibus
3499 1571 3680 1616 autem

2098 1635 2179 1723 lll.
2214 1639 2436 1699 Abbatis
2461 1646 2667 1699 (Σευηιυὶ
2700 1645 2941 1712 Tellerii,
2974 1648 3143 1705 libros
3179 1665 3369 1704 novem
3389 1666 3453 1705 ex
3494 1652 3682 1707 codice

2100 1727 2362 1788 Vaticano
2414 1736 2721 1801 descriptos
2782 1748 2837 1793 et
2894 1739 3063 1794 Itonia
3105 1744 3171 1796 ad
3225 1758 3311 1798 nte
3340 1744 3527 1798 allatus
3557 1761 3681 1800 eum

2098 1824 2255 1878 avide
2327 1826 2626 1898 legissem,
2682 1830 3043 1904 animadverti
3116 1849 3234 1888 eam
3315 1835 3483 1905 ipsam
3561 1851 3683 1891 esse

2099 1912 2388 1971 Historiam
2445 1922 2874 1987 ecclesiasticam,
2905 1923 3061 1992 cujus
3098 1925 3306 1980 mentio
3358 1927 3496 1981 facta
3535 1937 3682 1983 esset

2098 2023 2129 2064 a
2165 2010 2463 2066 Possevino
2498 2012 2554 2066 in
2586 2015 2859 2081 Apparatu
2891 2031 3062 2069 sacro.
3101 2008 3163 2069 lli
3210 2033 3402 2072 novem
3436 2019 3578 2087 libri,
3611 2020 3680 2074 ad

2099 2097 2352 2154 undecim
2384 2097 2687 2155 WolﬁanOs
2743 2112 2799 2157 et
2853 2107 2920 2156 ad
2979 2103 3098 2157 illos
3125 2117 3244 2166 Sea,
3274 2108 3366 2172 qui
3399 2120 3565 2175 penes
3593 2123 3680 2161 me

2097 2198 2274 2253 erant,
2316 2188 2543 2260 adiecti,
2589 2190 2850 2245 librorum
2885 2190 3070 2262 viginti
3120 2205 3212 2245 sex
3242 2208 3527 2248 numerum
3561 2194 3678 2249 elli-

2096 2280 2335 2336 ciehant.
2397 2282 2527 2338 Post
2584 2282 2905 2338 vicesimum
2958 2294 3171 2337 sextum
3242 2274 3431 2340 deerat
3501 2286 3679 2342 adhuc

2096 2375 2254 2430 nobis
2284 2375 2577 2432 vicesimus
2625 2376 2909 2446 septimus.
2949 2374 3186 2431 Cutteros
3243 2376 3297 2429 in
3347 2377 3678 2437 bibliotheca

2096 2465 2261 2538 Regia
2302 2468 2660 2533 habebamus,
2706 2466 2945 2538 exceptis
2977 2466 3224 2539 quinque
3265 2468 3490 2529 ultimis.
3534 2454 3676 2529 'l’an-

2094 2560 2217 2640 dem
2248 2568 2301 2614 et
2328 2562 2381 2615 hi
2404 2571 2638 2631 qroque,
2656 2578 2760 2616 una
2780 2579 2900 2617 cum
2934 2563 3192 2618 vitesimo
3208 2566 3458 2635 septimo,
3480 2567 3676 2639 integri

2094 2653 2159 2704 ad
2193 2666 2294 2705 nos
2336 2662 2728 2720 pervenerunt,
2786 2653 3048 2708 Frilletici
3082 2654 3426 2724 Rostgaardii
3475 2658 3675 2713 nobilis

2097 2741 2230 2796 Daui
2261 2759 2424 2813 opera
2477 2752 2533 2797 ct
2563 2745 2873 2814 sumptibus
2901 2762 2914 2812 ;
2952 2761 3053 2814 qua
3086 2745 3302 2816 quidem
3337 2747 3405 2803 de
3436 2763 3496 2804 re
3530 2748 3675 2805 infra

2096 2833 2288 2890 fusius.

2166 2934 2313 2986 Inter
2362 2934 2480 2988 inec
2511 2934 2764 3004 aequitate
2801 2947 2855 2989 et
2913 2935 3284 2993 moderatione
3320 2938 3539 2995 victoris
3569 2939 3676 2994 Lu-

2093 3024 2271 3082 dovici
2330 3025 2505 3096 Magni
2563 3039 2666 3095 pax
2716 3023 2949 3096 Europae
3003 3030 3251 3083 teStituta
3310 3039 3415 3085 est.
3451 3032 3674 3086 Solutus

2087 3122 2198 3194 jam
2249 3120 2570 3190 urgentibus
2618 3118 2921 3191 diﬂicilium
2959 3130 3259 3191 temporum
3320 3123 3467 3178 curis
3516 3125 3669 3195 regni

2093 3211 2420 3284 administer
2451 3214 2622 3282 (nunc
2675 3211 2917 3266 Francia:
2951 3213 3331 3284 cant-ellarins)
3363 3214 3672 3271 Ludovicus

405 3318 511 3372 que
539 3300 769 3357 absolvi.
815 3300 965 3357 Bello
1017 3301 1235 3356 demum
1290 3297 1460 3354 atroci
1536 3314 1633 3370 per
1681 3299 1990 3354 universam
2020 3321 2063 3377 ο
2100 3304 2575 3359 Ροηεὴθτιτωηὶιιε
2606 3303 2677 3358 ad
2700 3318 2765 3358 ea
2794 3320 2915 3373 qua:
2947 3305 3049 3359 sibi
3082 3306 3458 3370 commendata
3488 3325 3517 3361 a
3546 3323 3675 3378 rege

407 3393 686 3464 EurOpam
739 3392 994 3449 saavientc
1051 3393 1356 3463 interrupta
1391 3391 1539 3463 pacis
1580 3405 1766 3462 opera.
1801 3391 1987 3462 Itaque

404 3497 461 3541 et
491 3484 743 3557 Gregora:
778 3485 948 3545 nostri
999 3484 1168 3539 editio
1221 3485 1274 3537 in
1320 3484 1467 3537 aliud
1525 3490 1741 3552 tempus
1774 3482 1935 3538 dilata
1975 3502 1988 3539 :

408 3576 499 3631 cui
533 3575 731 3631 deinde
760 3590 913 3630 mora
943 3575 1045 3629 alia
1078 3574 1445 3630 funestissima
1474 3574 1696 3639 accidit,
1720 3574 1991 3629 marchio-

414 3667 504 3723 nis
534 3666 760 3722 Tellerii
785 3666 1024 3721 Luvoisii
1050 3682 1196 3720 mors
1218 3666 1501 3735 repentina
1523 3681 1676 3736 ;qu.1'
1710 3667 1994 3735 praeclaras

410 3758 532 3813 illas
608 3757 996 3829 cogitationum
1074 3770 1314 3810 mearum
1389 3769 1513 3824 spes
1585 3754 1809 3810 omnino
1882 3753 1991 3808 lere

410 3849 630 3906 evertit.

476 3941 753 3997 Ciam-um
804 3954 871 3995 ex
927 3937 995 3994 iis
1050 3937 1183 4009 ipsis
1213 3937 1448 4008 publicis
1479 3936 1814 4008 privatisque
1844 3936 1989 3992 cala-

408 4035 690 4089 mitatibus
716 4033 949 4088 fructum
989 4032 1134 4086 hunc
1160 4031 1306 4101 cepi,
1335 4030 1481 4100 quod
1506 4028 1636 4084 mihi
1670 4045 1767 4099 per
1798 4030 1987 4084 decem

406 4145 582 4184 annos
613 4144 675 4183 ea
711 4142 832 4196 qum
866 4124 1207 4197 scripsissem
1243 4123 1517 4194 corrigere
1544 4132 1599 4177 et
1623 4138 1898 4189 accurare,
1924 4137 1989 4178 ac

409 4234 670 4294 prreterea
705 4220 840 4275 alios
864 4219 1120 4290 Grcgora:
1169 4216 1339 4270 libros
1376 4231 1570 4271 eruere
1600 4231 1630 4269 e
1657 4216 1899 4271 tenebris
1933 4228 1989 4273 et

410 4315 480 4369 ad
517 4312 642 4367 illos
680 4325 819 4380 quos
858 4309 1094 4379 primum
1132 4305 1447 4361 habuissem
1500 4306 1698 4362 addere
1754 4310 1982 4364 vacavit.

408 4402 587 4459 Variis
643 4416 840 4472 nempe
883 4399 1134 4454 codicum
1182 4397 1676 4467 n.anuseriptorum
1733 4398 1988 4469 catalogis

368 4495 671 4568 sperlectis
723 4491 989 4555 intellexi,
1014 4489 1193 4545 editos
1239 4488 1407 4545 luisse
1450 4506 1478 4543 a
1510 4489 1820 4559 Nicephoro
1848 4490 1984 4547 Gre-

411 4605 538 4663 gora
572 4587 821 4642 Ilistoriw
852 4586 1157 4669 br'yzantina:
1194 4586 1361 4641 libros
1392 4586 1563 4640 multo
1595 4587 1798 4655 plures,
1821 4601 1984 4655 quam

2094 3406 2271 3458 erant,
2313 3396 2461 3465 pacis
2496 3388 2820 3451 Ornamettta
2853 3383 3233 3465 ampliﬁcanda
3263 3405 3434 3452 totum
3464 3412 3523 3453 se
3549 3399 3674 3454 ani-

2094 3503 2183 3540 mo
2215 3497 2270 3541 et
2300 3486 2631 3556 cogitatione
2661 3487 2949 3539 convertit.

2165 3573 2444 3641 Lllpztl‘ttiw
2493 3573 2722 3626 allicinze
2777 3581 2933 3641 typos
2983 3571 3245 3639 Graecos,
3288 3589 3531 3629 culmum
3579 3574 3673 3644 qui

2094 3674 2336 3734 unquam
2379 3664 2598 3717 fuerunt
2639 3663 3095 3734 elegantissimos,
3126 3664 3351 3720 inutiles
3380 3680 3429 3719 et
3467 3666 3672 3721 otiosos

2092 3771 2285 3809 vacare
2343 3771 2487 3825 a-gre
2538 3754 2749 3809 ferebat
2808 3752 3049 3808 Joannes
3104 3753 3306 3811 Paulus
3350 3757 3668 3827 Bignonius,

2095 3846 2261 3903 abbas
2306 3846 2697 3912 nobilissimus,
2744 3863 2930 3902 comes
2983 3849 3142 3904 hodie
3191 3848 3670 3908 consistorianns‘:

2094 3940 2186 4008 qui
2228 3938 2345 4009 ipso
2405 3938 2527 3992 belli
2588 3950 2856 4009 tempore,
2886 3955 3009 3994 cum
3045 3941 3347 3996 avunculus
3393 3943 3672 3999 l’onchar-

2092 4033 2317 4085 trtenius
2376 4030 2607 4085 inlinitis
2667 4013 3379 4119 negotiis.distringeretur,
3417 4038 3670 4107 reip.lit-

2095 4125 2309 4179 terarite
2340 4134 2394 4178 et
2444 4124 2843 4179 academiarutn
2881 4127 3004 4195 jnra
3034 4127 3113 4181 sic
3145 4136 3349 4182 tutatus
3383 4128 3580 4188 fuerat.
3614 4141 3672 4186 ut

2090 4225 2144 4271 et
2169 4230 2299 4271 suus
2330 4215 2527 4270 litteris
2575 4214 2752 4269 honos
2799 4227 3066 4286 perpetuo
3104 4228 3214 4270 tum
3255 4221 3587 4286 constiterit,
3616 4232 3672 4276 et

2089 4310 2218 4363 viris
2267 4309 2591 4362 academicis
2641 4312 2858 4379 praemia
2907 4309 2974 4364 de
3025 4324 3176 4363 more
3208 4311 3480 4380 persoluta
3534 4314 3666 4371 sint.

2091 4396 2148 4454 Ei
2203 4399 2384 4472 igitur,
2432 4400 2637 4470 pacatis
2692 4400 2804 4470 jam
2858 4410 2915 4455 et
2975 4404 3282 4473 tranquillis
3316 4404 3503 4471 rebus,
3542 4422 3675 4460 cura
3732 4420 3733 4423 ‘

2091 4495 2211 4549 hinc
2260 4496 2360 4547 tuit
2416 4494 2524 4547 non
2585 4504 2878 4563 postrema,
2936 4492 3152 4548 Graecos
3203 4496 3368 4551 libros
3425 4507 3671 4567 typorutn

2101 4588 2389 4656 ltcgiorum
2425 4586 2543 4639 luce
2596 4582 2886 4639 illustrare.
2917 4583 3071 4639 Unde
3102 4596 3159 4639 et
3187 4604 3291 4648 me,
3325 4588 3484 4657 longo
3512 4589 3669 4644 lami-

412 4687 544 4749 quot
592 4677 709 4731 sive
756 4674 1010 4745 impressi
1060 4674 1177 4729 sive
1223 4690 1385 4728 manu
1444 4674 1629 4744 scripti
1686 4675 1739 4727 in
1790 4674 1989 4743 pluteis
2023 4676 2067 4730 D
2101 4674 2354 4727 liarttatis
2415 4689 2515 4726 nsu
2563 4676 2937 4740 coniunctum,
2994 4674 3239 4733 hortatus
3286 4684 3390 4739 est,
3422 4688 3479 4730 ut
3509 4675 3669 4731 Nice-

418 4765 602 4835 ltegiis
647 4772 947 4818 exstarent.
1001 4761 1197 4816 Docuit
1251 4776 1338 4815 me
1392 4760 1662 4823 Labbeus.
1726 4762 1988 4832 repositos

416 4860 585 4914 latere
620 4858 675 4911 in
711 4856 1041 4911 bibliotheca
1072 4853 1401 4910 Scorialensi
1454 4854 1622 4910 libros
1654 4856 1770 4924 ejus
1798 4866 1987 4909 aucto-

417 4962 492 5001 τις
537 4945 825 5001 historicos
893 4941 1262 5011 undetriginta
1319 4961 1333 4996 :
1388 4957 1490 4997 nec
1551 4940 1721 4996 multo
1769 4952 1890 5011 post
1933 4944 1987 4996 in

334 5088 335 5093 η
416 5040 657 5094 codicem
688 5035 914 5107 Regium
970 5034 1156 5099 incidi,
1183 5034 1273 5104 qui
1313 5034 1629 5088 vicesimum
1658 5044 1907 5088 0t‘la\'u.n
1938 5044 1990 5088 et

401 5116 738 5185 'vicesinmm
781 5143 986 5180 nouunt
1045 5126 1340 5180 historicos
1373 5125 1625 5190 habebat,
1675 5141 1799 5179 eum
1858 5142 1993 5195 qua-

418 5236 540 5277 tuor
570 5219 893 5291 dogmalicis
918 5218 1264 5288 conjunctos.
1301 5218 1473 5271 Didici
1508 5233 1579 5271 ex
1602 5220 1879 5286 Apparatu
1905 5234 1993 5270 sa-

415 5333 501 5369 cro
542 5313 760 5368 Antonii
811 5310 1091 5367 Possevini
1148 5320 1205 5365 et
1251 5324 1317 5364 ex
1371 5309 1537 5364 veteri
1590 5309 1838 5379 catalogo
1865 5325 1986 5374 ms.,

415 5404 683 5461 asservari
738 5403 794 5458 in
847 5402 1175 5458 bibliotheca
1232 5398 1488 5453 Vaticana
1518 5397 1810 5454 Historiam
1843 5398 1990 5463 ejus-

416 5498 540 5552 dem
613 5495 867 5566 Gregora:
941 5491 1387 5555 ecclesiasticam,
1438 5484 1499 5544 et
1548 5491 1680 5545 Acta
1745 5488 1987 5553 concilii,

415 5605 512 5645 seu
558 5590 639 5660 (ut
688 5588 893 5644 ibidem
941 5590 1186 5655 vocatur)
1216 5583 1616 5655 ΛῌΣΤΡΙΚΗΣ
1653 5580 1989 5648 ΣΥΝΟΔΟΥ,

418 5700 483 5740 ac
514 5683 884 5739 narrationem
921 5679 1320 5753 persecutionis
1371 5677 1426 5732 in
1467 5674 1805 5731 orthodoxos
1834 5686 1992 5728 motze

416 5792 447 5829 a
475 5774 777 5830 l’alamitis.
817 5769 1148 5827 Domum“.
1177 5768 1237 5823 P.
1265 5768 1327 5821 ι).
1353 5767 1593 5822 Joannes
1627 5764 1990 5827 Mabitlonius,

417 5867 510 5936 qui
542 5877 730 5921 nostra
780 5863 897 5918 haec
948 5860 1130 5917 studia
1170 5857 1462 5930 adjuvaudi
1494 5857 1698 5912 nullam
1751 5856 1994 5911 occasio-

415 5978 543 6020 nem
594 5958 979 6033 prmterniittit,
1031 5952 1455 6012 communicavit
1487 5967 1702 6008 mecum
1745 5950 1987 6007 indicem

2095 4765 2253 4836 phori
2290 4763 2542 4832 Gregorii:
2570 4763 2791 4832 scripta,
2825 4778 2945 4832 qua:
2987 4773 3175 4833 parata
3220 4765 3420 4820 habere
3452 4782 3537 4820 me
3571 4781 3669 4821 sa:-

2092 4857 2217 4923 pius
2240 4853 2532 4917 dixissem,
2563 4851 2717 4923 liegii
2742 4851 3103 4921 typographei
3150 4853 3327 4920 przelis
3357 4855 3669 4907 committe-

2093 4961 2206 5000 rem
2239 4946 2661 5013 quamprimum.
2718 4943 2831 5016 Εέο
2867 4960 2995 4999 vero
3037 4945 3499 5015 permittentibus,
3562 4949 3668 5002 imo

2088 5035 2413 5106 jubentibus
2442 5035 2507 5089 iis
2540 5052 2775 5104 quorum
2826 5052 3036 5116 summa
3084 5048 3167 5091 est
3196 5045 3337 5107 apud
3368 5056 3451 5092 me
3478 5046 3667 5093 mtto-

2094 5138 2247 5192 ritas,
2281 5126 2520 5179 oblatam
2552 5126 2892 5180 occasionem
2917 5128 3097 5181 statim
3126 5130 3365 5197 arripui;
3398 5141 3452 5183 et
3484 5131 3668 5199 paucis

2095 5229 2214 5288 pust
2246 5218 2441 5270 diebus
2502 5218 2629 5271 tomi
2686 5216 2846 5288 primi
2882 5218 3048 5273 editio
3095 5234 3269 5289 coapta
3318 5234 3419 5276 est.
3466 5224 3581 5288 Qua
3614 5223 3667 5276 in
3742 5264 3758 5281 κ

2095 5316 2270 5377 parte,
2305 5307 2561 5375 quoniam
2618 5305 2851 5361 Wollius
2888 5306 3021 5361 mihi
3079 5309 3308 5377 prwivit,
3332 5311 3459 5380 quid
3497 5315 3668 5381 priva.

2096 5402 2189 5452 tim
2227 5400 2336 5469 ipse
2366 5401 2710 5469 praestiterim
2744 5382 3031 5471 exponam.

2167 5491 2314 5545 Inter
2357 5491 2576 5546 codices
2625 5496 3028 5563 ntanuscriptos
3092 5496 3437 5551 bibliothecae
3489 5496 3667 5565 Regia:

2096 5598 2239 5638 unus
2272 5582 2614 5650 that-tactus,
2644 5584 2729 5638 cui
2766 5586 3062 5656 inscriptus
3093 5599 3176 5644 est
3222 5605 3482 5643 numerus
3504 5590 3666 5651 325358,

2097 5686 2292 5749 praeter
2331 5676 2610 5732 historiam
2668 5691 2887 5733 Omnem
2930 5681 3446 5753 Pachymerianam,
3502 5682 3666 5736 libros

2095 5771 2346 5842 Gregorio
2380 5771 2668 5827 historicos
2721 5774 2974 5828 undecim
3028 5775 3425 5845 complectiur,
3457 5792 3552 5830 eos
3591 5778 3667 5829 vi-

2096 5863 2293 5918 delicet
2312 5864 2399 5931 qui
2425 5863 2665 5919 aWollio
2693 5866 2927 5935 primum
2952 5867 3080 5922 editi
3109 5876 3258 5920 sunt.
3292 5867 3345 5920 ln
3376 5886 3441 5923 eo
3459 5869 3666 5934 codice,

2097 5957 2249 6012 bOna:
2279 5956 2480 6026 alioqui
2538 5969 2684 6013 nom
2716 5967 2769 6014 et
2822 5960 2953 6015 satis
2982 5961 3206 6030 antiquo
3238 5962 3380 6029 (nam
3433 5965 3667 6019 scriptus

4048 1504 4054 1727 4
