4054 6640
330 552 398 612 t3
1428 622 1433 627 η
1757 548 1921 607 Nidd

2024 546 2170 605 T10.
3506 535 3566 604 Η

313 678 403 723 νει
437 678 566 723 ante
613 678 829 737 captam
875 682 904 721 a
951 664 1144 722 Turcis
1194 661 1758 735 ConstantinOpoiin),
1802 664 1902 718 hoc
1933 668 1976 723 Α
2008 661 2167 730 hujus
2196 659 2486 715 voluminis
2544 658 2944 730 appendicibus
2987 659 3356 715 annectendas
3395 675 3572 716 reser-

314 763 605 832 singulare
667 772 773 827 est,
826 761 968 828 quod
1028 776 1149 830 quae
1197 761 1251 814 in
1296 758 1448 814 libris
1500 760 1663 814 editis
1714 772 1904 811 manca

318 865 453 909 sunt
501 863 557 909 et
616 851 962 923 imperfecta,
1014 871 1073 905 ea
1137 851 1210 906 ibi
1278 851 1484 922 integra
1537 849 1900 918 reperiantur.

325 951 569 1002 Heerant
592 956 773 1000 autem
816 948 867 998 in
905 946 1059 1000 labris
1102 945 1265 998 editis
1302 944 1399 998 tria
1452 943 1541 996 illa
1581 944 1903 1013 fragmenta,

321 1056 450 1107 qua:
509 1039 760 1092 Petavius
801 1055 829 1090 a
888 1034 1161 1091 Frontone
1215 1038 1406 1090 θυοωο
1443 1044 1661 1104 accepta
1698 1034 1906 1105 primus

324 1131 588 1201 vulgavit.
618 1138 673 1184 et
704 1127 993 1197 Nicephori
1039 1128 1361 1199 patriarchte
1413 1126 1688 1182 Breviario
1741 1126 1907 1179 histo-

326 1224 447 1277 rico
482 1218 794 1291 subiunxit.
831 1220 1068 1276 Deerant
1102 1229 1158 1277 et
1186 1220 1291 1274 alia
1331 1235 1435 1273 non
1472 1219 1722 1284 minora;
1749 1217 1908 1286 quale

324 1323 413 1367 est
443 1313 661 1384 insigne
720 1310 851 1366 illud
891 1312 958 1367 de
1006 1310 1283 1367 Athanasii
1335 1311 1660 1381 patriarcha:
1709 1309 1912 1366 severi—

327 1415 465 1469 tate,
490 1416 555 1460 ‘et
585 1406 652 1459 de
695 1407 1086 1460 monachorum
1138 1405 1383 1458 moribus
1418 1404 1755 1468 emendatis;
1780 1404 1909 1459 item

326 1514 453 1565 qua:
487 1498 761 1567 pertinent
780 1497 846 1550 ad
877 1495 1120 1565 ejusdem
1156 1495 1277 1551 libri
1314 1506 1477 1566 eaput
1510 1497 1819 1567 septimum.
1843 1496 1909 1550 ad

330 1590 459 1643 libri
504 1589 631 1642 noni
687 1587 852 1659 eaput
894 1588 1215 1651 secundum,
1259 1599 1311 1641 et
1343 1589 1407 1641 ad
1456 1589 1582 1641 ‘lihri
1636 1585 1911 1641 undet-imi

2008 758 2272 811 vavimus.
2307 755 2531 810 Constat
2569 770 2635 809 ex
2694 754 3035 809 bibliothecae
3084 753 3449 823 Seguierianaa
3483 770 3575 808 ca-

2011 850 2207 920 talogo,
2251 860 2465 904 exstare
2519 848 2663 910 illic,
2719 846 2858 900 inter
2905 846 3120 901 codices
3175 846 3576 916 manuscriptos

2008 943 2246 1006 Graecos,
2281 939 2566 1008 Nirepltori
2599 939 2860 1010 Syntaxin
2884 938 3120 993 historiae
3153 936 3428 1003 Romanw,
3452 953 3575 992 cum

2008 1037 2266 1089 Chronico
2324 1033 2553 1087 Zonarae
2615 1032 2981 1102 conjunctam.
3023 1031 3159 1086 Eum
3216 1030 3480 1097 codicem,
3521 1030 3578 1084 in

2010 1144 2120 1197 quo
2170 1128 2339 1182 libros
2392 1124 2687 1195 Nicepltori
2744 1122 2994 1195 Grcgoras
3051 1123 3307 1179 undecim
3372 1123 3580 1194 priores

2011 1221 2202 1277 titulus
2228 1221 2342 1290 ipse
2371 1219 2640 1275 contineri
2675 1218 2878 1282 innuit,
2904 1231 3081 1288 opera:
3109 1216 3302 1274 luisset
3329 1218 3581 1274 conferre

2011 1329 2134 1368 cum
2163 1311 2458 1381 impressis.
2488 1310 2595 1366 Sed
2639 1310 2766 1364 mihi
2802 1310 2871 1366 ad
2905 1320 3025 1365 eam
3054 1309 3436 1366 bibliothecam
3467 1310 3583 1366 adi-

2014 1412 2102 1458 tus
2129 1405 2369 1460 nondum
2405 1407 2595 1475 patuit.

3603 1448 3610 1506 ε

2086 1587 2334 1642 Latinam
2388 1588 2921 1657 interpretationem,
2979 1586 3134 1656 cujus
3192 1596 3382 1643 auctor
3438 1594 3584 1642 esset

330 1690 508 1750 caput
559 1681 689 1734 item
757 1679 1079 1734 secundum.
1140 1680 1380 1748 Denique
1422 1680 1476 1733 in
1520 1679 1748 1749 singulis
1802 1678 1915 1733 fere
2006 1665 2384 1747 ‘Hicronymus
2430 1677 2682 1741 Wolfius,
2726 1693 2978 1750 magnum
3010 1679 3153 1749 apud
3200 1679 3443 1735 eruditos
3489 1692 3585 1733 no-

334 1773 552 1843 paginis
608 1774 776 1828 dictio
826 1773 1004 1841 aliqua
1057 1784 1150 1826 aut
1188 1776 1363 1839 etiam,
1400 1774 1583 1841 plures
1636 1772 1913 1828 desiderat-

332 1867 553 1920 baotnr.
603 1865 709 1920 Eos
743 1880 933 1924 omnes
984 1866 1229 1921 defectus
1283 1882 1346 1920 ex
1373 1866 1557 1921 codice
1603 1866 1694 1921 illo
1748 1865 1915 1936 RegEO

2017 1786 2167 1835 men,
2198 1760 2470 1826 sincerain
2507 1782 2555 1825 ct
2584 1772 2843 1829 intactam
2895 1788 3111 1829 summa
3143 1774 3247 1828 lide'
3280 1787 3583 1843 reprteseu-
3616 1831 3625 1861 ⁸

2020 1871 2135 1917 tare
2181 1862 2335 1918 initio
2366 1866 2714 1920 decreveram
2746 1866 3002 1921 :consilii
3046 1866 3242 1921 deinde
3273 1865 3439 1935 hujus
3470 1880 3586 1918 tnu~

332 1959 712 2028 supplevimus
741 1959 792 2012 in
829 1957 929 2013 hac
978 1959 1242 2013 editione.
1281 1958 1481 2027 Majora
1537 1960 1912 2030 supplementa
1945 1996 1992 2056 Β
2022 1955 2170 2009 tandi
2229 1966 2409 2012 causa:
2453 1957 2637 2027 plures
2683 1958 2922 2014 luerunt.
2971 1957 3239 2030 Gregoras
3290 1957 3586 2037 multijugae

334 2051 391 2104 in
444 2051 779 2120 marginibus
822 2050 1057 2105 indicata
1102 2068 1116 2104 :

332 2159 436 2205 sa;
486 2142 695 2197 menda:
740 2130 1031 2212 ‘prmterea.
1067 2160 1187 2213 quae
1239 2130 1536 2198 innumera:
1591 2155 1766 2208 erant,
1812 2157 1915 2214 Ope

333 2233 589 2303 ejusdem
625 2233 829 2288 codicis
860 2233 1106 2289 sublatae.

411 2415 628 2470 Rursus
666 2416 720 2468 in
776 2429 841 2470 eo
880 2401 1011 2485 ipso
1059 2379 1247 2472 codice
1295 2416 1398 2472 hoc
1442 2428 1635 2473 notata
1663 2418 1917 2490 dignissi-

339 2523 493 2561 mum
523 2516 629 2569 est,
649 2507 793 2576 quod
828 2525 945 2577 quae
967 2508 1235 2580 Grcgoras
1266 2510 1418 2564 libris
1445 2510 1678 2580 quatuor
1706 2521 1917 2582 postre-

340 2599 449 2652 mis
488 2598 718 2667 plurima
778 2599 1028 2660 inseruit,
1061 2600 1224 2654 variis
1279 2602 1612 2670 temporibus
1654 2617 1686 2656 a
1721 2617 1778 2657 se
1806 2603 1920 2658 elu-

339 2690 597 2750 eubrala,
640 2704 702 2743 ea
735 2687 849 2744 fcre
897 2691 1083 2744 omnia
1132 2690 1333 2745 ibidem
1369 2692 1584 2758 desint;
1620 2694 1699 2749 sic
1737 2704 1917 2749 autem

339 2780 465 2834 suis
493 2788 725 2849 quamde
750 2781 885 2835 iocis
910 2782 1086 2834 recisa
1112 2781 1336 2845 fuerint,
1363 2794 1419 2836 ut
1442 2784 1771 2842 narrationis
1794 2800 1921 2841 cons

344 2882 532 2928 textus
578 2872 726 2925 nullo
762 2872 911 2925 hiatu
944 2875 1210 2943 abruptus
1258 2875 1350 2937 sit,
1380 2875 1474 2930 sed
1503 2877 1759 2933 omnibus
1791 2882 1919 2948 par;

348 2966 500 3018 rbus
552 2973 677 3029 apte
716 2963 1120 3021 cohaerentibus
1154 2964 1361 3036 integer
1390 2975 1445 3020 et
1472 2969 1765 3023 continuus
1793 2985 1919 3040 pro-

346 3056 531 3113 cedat.
586 3057 640 3112 ld
689 3056 940 3128 Gregorte
999 3056 1167 3128 ipsius
1216 3053 1420 3128 judicio
1470 3059 1669 3116 factum
1702 3062 1861 3119 velim
1903 3082 1918 3118 :

352 3164 534 3219 neque
568 3163 597 3201 a
625 3162 757 3203 vero
777 3146 1057 3213 abhorret,
1084 3158 1206 3204 eum
1239 3153 1427 3221 primae
1455 3152 1711 3208 editionis
1737 3170 1922 3211 amore

353 3240 676 3311 refrigerato
727 3254 885 3295 suum
940 3255 1078 3312 opus
1123 3246 1527 3316 rec-agnovisse,
1576 3259 1641 3299 ac
1691 3258 1752 3300 ea
1802 3262 1923 3315 quote

1170 2052 1377 2106 minora
1435 2053 1687 2107 cancellis
1740 2051 1943 2109 ἱιιοιιιν

2019 2046 2340 2112 eruditionis
2367 2056 2423 2104 et
2446 2050 2578 2104 artis
2609 2050 2896 2106 rhetoricae
2927 2060 3232 2107 ostentator
3260 2064 3400 2121 saepe
3428 2046 3585 2104 aber-

2019 2148 2161 2194 rata
2194 2143 2492 2211 proposito,
2537 2152 2593 2199 et
2644 2144 2710 2198 ad
2751 2159 2814 2199 ea
2843 2158 2960 2213 qua:
2987 2152 3178 2214 parum
3221 2152 3312 2198 aut
3344 2142 3479 2196 nihil
3518 2142 3586 2196 ad

2019 2245 2136 2285 rem
2168 2231 2447 2301 pertinent
2504 2232 2822 2303 digreditur.
2852 2234 2909 2288 in
2941 2233 3009 2289 iis
3054 2233 3357 2303 παρέργοις
3387 2233 3584 2286 mirum

2019 2333 2294 2395 estquam
2350 2325 2420 2379 sit
2463 2325 2745 2380 verbosus.
2803 2323 2879 2380 Ea
2928 2324 3176 2388 Wolﬁus,
3224 2324 3385 2378 rebus
3419 2322 3588 2392 magis

2021 2431 2181 2484 quam
2248 2416 2428 2471 verbis
2478 2416 2764 2481 intentus,
2810 2417 3060 2471 breviora
3119 2416 3299 2471 facere
3357 2415 3585 2470 studuit.
3629 2419 3633 2423 ‘

2020 2509 2207 2579 Itaque
2246 2519 2301 2563 et
2349 2508 2681 2563 luxuriantia
2730 2508 3085 2578 compescuit,
3115 2513 3169 2563 et
3214 2522 3334 2578 quae
3363 2502 3588 2562 omnino

2023 2601 2397 2657 redundabant
2456 2601 2776 2671 suppressit.
2839 2600 2950 2672 Ego
2999 2616 3128 2656 vero
3182 2598 3449 2656 facturum
3500 2613 3590 2653 me

1946 2756 1959 2773 Χ
2020 2710 2203 2762 Opera:
2241 2694 2474 2763 pretium
2534 2696 2739 2765 putavi,
2767 2694 2812 2749 si
2869 2693 3107 2749 auctoris
3134 2692 3306 2749 Grteci
3349 2684 3591 2762 vestigiis

2025 2785 2370 2849 inhaererent,
2400 2794 2561 2854 atque
2618 2785 2737 2854 ejus
2777 2785 2940 2839 verba
2995 2783 3311 2850 lectoribus,
3340 2783 3385 2838 si
3410 2782 3591 2836 minus

2023 2875 2461 2946 adnpmerarem,
2518 2874 2705 2927 saltem
2754 2873 3011 2944 religiose
3034 2881 3090 2927 et
3134 2872 3365 2926 ﬁdeliter
3393 2880 3596 2940 appen-

2023 2965 2246 3029 derem;
2283 2979 2423 3033 quso,
2459 2974 2515 3017 ut
2543 2963 2756 3033 opinor,
2792 2965 2996 3032 optima
3034 2972 3118 3018 est
3144 2960 3282 3014 ratio
3322 2963 3596 3029 interpre-

2028 3056 2194 3112 tandi.
2229 3056 2285 3111 In
2322 3056 2649 3126 quibusdam
2684 3055 2850 3109 etiam
2898 3070 2927 3107 a
2961 3066 3090 3109 vero
3118 3064 3285 3109 sensu
3307 3052 3596 3108 deﬂexisse

2028 3151 2160 3206 mihi
2201 3150 2344 3204 ViSHS
2393 3160 2477 3204 est
2529 3150 2799 3219 interpres
2839 3148 3339 3212 doctissitnus;~aut
3375 3155 3597 3201 sentem

2030 3243 2158 3298 tiam
2223 3243 2459 3299 auitoris
2515 3245 2746 3296 obscure
2803 3254 2859 3296 et
2932 3250 3181 3296 contorto
3232 3240 3591 3309 expressisse.

351 3332 663 3386 ostentandi
721 3334 921 3403 ingenii
953 3350 1113 3390 causa
1168 3345 1430 3401 assuerat,
1473 3338 1772 3407 monodias,
1800 3355 1923 3395 ora-
1956 3366 1996 3426 c
2032 3336 2175 3393 Nihil
2208 3338 2325 3392 dico
2357 3338 2423 3392 de
2456 3335 2757 3392 minoribus
2789 3335 2950 3401 vitiis,
2977 3335 3170 3406 quibus
3204 3333 3409 3389 nuliutn
3432 3347 3592 3402 optigt

354 3428 553 3486 tiones,
580 3426 788 3495 aliaque
817 3424 869 3480 id
912 3428 1094 3494 genus
1143 3431 1463 3486 resecuisse.
1488 3432 1691 3487 Vereor
1723 3444 1927 3501 tamen,

359 3530 425 3568 ne
457 3522 510 3566 et
542 3515 726 3585 glorlze
779 3517 938 3584 paulo
981 3517 1190 3573 avidior
1229 3536 1321 3574 eos
1356 3537 1600 3592 ,pannus.
1647 3523 1699 3576 in
1753 3524 1928 3595 prima

356 3605 657 3675 scriptione
706 3610 959 3669 oniissos.
1018 3615 1251 3680 repetito
1304 3612 1503 3669 deinde
1555 3616 1704 3685 operi
1758 3616 1927 3671 inter-

363 3699 619 3751 texuerit.
680 3692 807 3755 llaec
871 3700 987 3770 ipsa
1039 3710 1205 3768 certe,
1244 3718 1365 3772 quze
1418 3720 1447 3758 a
1510 3705 1697 3761 codice
1760 3705 1930 3779 [legio

362 3788 556 3842 abesse
581 3790 834 3858 dicimus,
858 3792 996 3845 nihil
1040 3794 1107 3848 ad
1154 3795 1434 3849 historiam
1469 3801 1737 3866 pertinent
1772 3817 1785 3853 :
1821 3801 1930 3854 imo

366 3878 678 3934 ltisloriram
714 3897 895 3936 rerum
947 3887 1143 3939 seriem
1189 3887 1614 3960 interrumpunt,
1640 3899 1695 3945 ct
1740 3890 1927 3944 lectori

363 3974 429 4025 ad
470 3973 672 4040 majora
703 3972 974 4039 festinanti
1021 3993 1223 4031 moram
1252 3980 1537 4050 objiciunt.
1571 3983 1775 4036 Tamen
1802 3982 1928 4053 quia

361 4064 416 4116 in
450 4065 562 4127 illo,
603 4082 710 4134 quo
746 4082 876 4121 usus
915 4077 998 4122 est
1035 4068 1287 4138 Wollius,
1329 4075 1514 4128 codice
1556 4076 1929 4145 manuscripto

362 4148 486 4211 eum
519 4161 692 4214 locum
729 4161 1047 4217 obtinebant
1069 4180 1226 4234 quem
1254 4166 1306 4219 in
1335 4167 1489 4221 libris
1516 4168 1675 4222 editis
1703 4169 1925 4232 habent,

364 4267 471 4302 non
500 4250 618 4303 ausi
672 4267 862 4307 sumus
912 4268 975 4307 ea
1005 4255 1125 4308 loco
1183 4271 1398 4312 movere
1423 4266 1477 4312 et
1507 4259 1613 4312 alio
1637 4263 1877 4331 relegare
1911 4280 1924 4315 :

361 4344 456 4397 sed
516 4344 731 4406 cadent,
783 4354 836 4399 et
888 4346 990 4400 alia
1031 4349 1275 4417 quaedam
1323 4353 1477 4406 uncis
1519 4353 1758 4417 inclitsa,
1820 4372 1925 4409 nou

359 4449 681 4503 comparere
710 4435 763 4489 in
789 4435 975 4493 codice
1003 4428 1190 4509 Regio,
1234 4441 1487 4499 lectorem
1528 4444 1806 4500 admoneri
1844 4462 1930 4500 sa-

360 4528 432 4577 tis
451 4542 570 4580 esse
598 4528 925 4597 putavimus.

441 4684 630 4738 Varias
689 4685 952 4741 lectiones
1013 4688 1298 4761 plerasque
1361 4694 1724 4763 suppeditavit
1785 4697 1927 4752 idem
1967 4712 2009 4764 υ

368 4775 710 4830 lnbliotliccre
758 4776 939 4848 Regia:
1002 4784 1207 4847 codex;
1266 4800 1464 4853 paucas
1526 4802 1649 4840 vero
1692 4788 1738 4842 is
1781 4791 1934 4859 cujus

371 4881 632 4920 numerus
666 4876 748 4922 est
778 4869 937 4934 2078,
967 4885 1156 4940 parum
1195 4874 1264 4926 ab
1310 4876 1468 4929 editis
1512 4877 1789 4943 diversus,
1828 4882 1928 4933 nisi

369 4957 589 5025 quodin
629 4957 887 5013 librorum
927 4967 982 5015 et
1027 4962 1262 5030 capitum
1317 4964 1588 5037 divisione
1622 4966 1931 5040 discrepat:

371 5049 536 5102 libros
567 5057 749 5102 autem
796 5064 903 5103 non
967 5052 1149 5120 plures
1196 5054 1439 5108 continet
1470 5071 1630 5123 quam
1681 5068 1932 5126 quatuor,

372 5139 581 5194 tametsi
616 5141 864 5209 praeﬁxos
894 5151 977 5195 est
1009 5143 1168 5197 index
1207 5143 1465 5198 librarum
1497 5163 1614 5201 sex.
1667 5146 1931 5203 Monodia:

369 5234 507 5291 dum,
538 5247 616 5286 ea:
650 5232 859 5286 scilicet
885 5248 1006 5302 quae
1061 5236 1275 5289 initium
1330 5237 1451 5291 libri
1497 5239 1690 5293 decimi
1722 5242 1927 5294 consti-

373 5330 547 5406 tuunt,
580 5321 852 5391 castigatae
906 5334 960 5378 et
1019 5324 1220 5394 aliquot
1276 5326 1598 5382 lectionibus
1652 5329 1927 5384 illustratsn

372 5416 589 5465 luerunt
638 5427 705 5466 ex
751 5415 938 5469 codice
989 5416 1301 5472 Colbertino
1352 5419 1528 5484 4930;
1569 5421 1722 5491 cujus
1773 5423 1931 5477 nobis

368 5504 576 5572 copiam
616 5504 745 5560 fecit
783 5504 872 5559 Vir
917 5522 1080 5577 quam
1136 5509 1327 5565 ductus
1366 5519 1471 5564 tam
1503 5512 1769 5578 amabilis,
1806 5513 1934 5569 Ste-

373 5598 580 5662 phanus
641 5596 916 5653 Baluzius.
990 5597 1290 5654 Habuimus
1363 5613 1618 5671 prmterea
1674 5605 1935 5660 lectiones

372 5688 673 5751 nonnullas,
711 5703 775 5743 ex
806 5689 1063 5744 Vaticano
1096 5692 1281 5745 codice
1316 5692 1616 5763 descriptas
1666 5694 1930 5749 Friderici

364 5777 706 5849 ttiistgaardii
742 5781 922 5835 studio
953 5792 1007 5836 et
1032 5781 1333 5854 diligentia.
1372 5784 1476 5839 Sed
1510 5801 1624 5851 cas,
1649 5787 1774 5856 quia
1806 5803 1931 5842 sero

372 5872 544 5925 aliaue
587 5880 736 5934 sunt,
803 5872 1060 5941 perfectis
1113 5891 1309 5946 nempe
1356 5886 1412 5931 ct
1461 5879 1567 5948 jam
1623 5879 1725 5933 sub
1769 5880 1933 5948 prmio

373 5963 743 6033 multiplicatis
769 5965 837 6019 iis
865 5966 1076 6037 paginis
1095 5968 1158 6022 ad
1180 5985 1311 6034 quas
1341 5971 1700 6040 pertinebant,
1725 5971 1739 6024 i
1766 5972 1931 6027 lcirco

2032 3431 2385 3500 quantuunis
2439 3437 2639 3483 tersum
2694 3438 2753 3482 et
2800 3429 3084 3493 limatum,
3131 3442 3320 3482 carere
3373 3420 3596 3479 onntina

2033 3530 2251 3593 potest:
2296 3537 2420 3590 quan
2469 3521 2689 3590 quidem
2732 3520 2862 3577 vitia
2921 3527 2982 3574 ut
3035 3520 3347 3590 plerumque
3393 3532 3492 3571 nos
3537 3518 3595 3569 in

2033 3615 2506 3671 lucubrationibus
2554 3613 2759 3691 nosjris
2784 3611 3016 3679 .l'alfunt,
3042 3614 3115 3665 ita
3173 3612 3223 3664 in
3275 3609 3467 3664 alienis
3508 3610 3595 3662 vix

1996 3724 2271 3787 ~unquam
2333 3708 2565 3780 fugiunt.
2625 3706 2889 3778 Equidem
2954 3721 3048 3762 cos
3105 3719 3326 3769 μενος,
3381 3701 3595 3787 corpori

2032 3802 2276 3872 alioquin
2330 3804 2552 3873 egregio
2603 3801 2905 3871 inspersos,
2959 3809 3017 3854 ut
3067 3799 3364 3852 eximerent
3402 3784 3595 3852 scdulo

2032 3912 2251 3965 operam
2305 3895 2430 3949 dedi
2466 3913 2477 3947 :
2519 3908 2619 3948 nec
2656 3907 2741 3957 me
2790 3908 2856 3948 ea
2907 3904 2965 3947 re
3000 3890 3251 3961 injuriam
3283 3887 3480 3944 Wolﬁo
3513 3888 3596 3942 fec

2030 4004 2171 4043 cisse
2228 3987 2485 4052 arbitror,
2531 3985 2625 4041 sed
2680 3985 2748 4040 de
2797 3991 2867 4039 eo‘
2917 3985 3054 4038 bene
3104 3983 3371 4037 meruisse
3405 3981 3490 4034 aio
3538 3989 3597 4034 et

2030 4080 2322 4136 contendo.
2371 4079 2479 4133 Nec
2528 4077 2670 4132 enim
2707 4076 2832 4146 quia
2873 4076 3023 4130 illum
3051 4074 3346 4131 identidem
3383 4076 3593 4144 lapsum

2031 4173 2264 4241 corrigo,
2309 4170 2511 4223 idcirco
2548 4184 2635 4222 me
2683 4168 2766 4222 vel
2809 4167 3106 4223 doctiorem
3144 4176 3323 4222 statuo
3358 4166 3442 4223 vel
3468 4165 3596 4222 diti.
3628 4195 3637 4237 ι

2032 4265 2361 4335 gentiorem;
2400 4255 2576 4331 neque
2614 4260 2665 4316 ei
2699 4269 2988 4332 propterea

2556 4444 2841 4498 detrahere
2891 4445 3066 4498 ausim

2140 4514 2441 4568 lla-rentum
2470 4515 2627 4582 capiti
2661 4522 2824 4567 multa
2861 4529 2983 4568 cum
3014 4516 3171 4570 laude
3203 4526 3485 4571 cumnam.

2106 4694 2164 4748 ln
2205 4694 2348 4748 hunc
2376 4693 2595 4757 modum
2628 4703 2734 4749 tam
2765 4693 2949 4749 Graeca
2976 4708 3138 4765 quam
3165 4695 3355 4751 Latina
3385 4710 3415 4751 a
3438 4695 3599 4752 nobis

2037 4800 2195 4840 sueta
2223 4796 2279 4840 et
2319 4785 2592 4854 recognita
2645 4785 2885 4840 luerunt.
2914 4786 2993 4841 Ad
3026 4787 3139 4842 huc
3186 4787 3305 4842 libri
3337 4802 3475 4843 nova
3508 4803 3599 4843 ra~

2042 4882 2193 4932 tione
2221 4879 2400 4945 divisi;
2420 4880 2672 4947 quoniam
2697 4879 2755 4932 in
2780 4880 3052 4948 prioribus
3079 4881 3412 4938 editionibus
3446 4884 3599 4953 capi-

2037 4982 2109 5031 ta.
2138 4979 2341 5024 temere
2369 4979 2422 5024 et
2453 4971 2776 5028 inconcinne
2806 4987 3028 5040 prorsus
3050 4972 3274 5044 digesta,
3304 4975 3466 5029 etiam
3495 4990 3599 5029 nu-

2037 5059 2200 5112 meris
2248 5058 2528 5112 carebant.
2553 5058 2763 5112 Addita:
2796 5060 3033 5115 minores
3052 5061 3341 5121 sectiones.
3372 5063 3477 5117 Pri
3495 5063 3598 5118 lixa

2039 5150 2266 5219 singulis
2291 5150 2561 5219 capitibus
2576 5160 2918 5219 argumenta,
2949 5168 3042 5208 seu
3061 5153 3349 5223 breviaria,
3376 5159 3602 5228 vulgatis

2036 5241 2367 5295 accuratiora
2397 5250 2450 5295 et
2478 5241 2543 5295 ad
2568 5242 2873 5297 sectionum
2899 5260 3153 5301 numeros
3172 5250 3599 5306 accommodata.

2036 5332 2197 5399 Anni,
2229 5347 2466 5396 menses,
2487 5332 2625 5394 dies.
2652 5334 2891 5390 siderum
2906 5348 3053 5393 ortus
3081 5348 3135 5393 et
3157 5341 3358 5408 obitus,
3390 5344 3521 5398 solis
3553 5352 3607 5398 et

2042 5426 2183 5478 lunae
2209 5423 2533 5487 dcl‘ectus,et
2560 5426 2689 5480 varii
2717 5436 3018 5496 temporum
3045 5431 3391 5490 characteres
3418 5437 3603 5492 subiu-

2010 5518 2105 5568 ‘de
2142 5508 2409 5568 adnotati.
2435 5513 2768 5603 §ententias,
2801 5526 2856 5573 et
2883 5519 3163 5592 crcbraﬁe
3188 5526 3429 5580 moribus
3460 5528 3606 5596 judi-

2040 5609 2145 5669 cia,
2178 5606 2305 5661 item
2342 5607 2447 5662 alia
2488 5603 2740 5678 'quazdam
2766 5609 2984 5667 levioris
3025 5616 3304 5682 momenti,
3338 5633 3405 5672 ne
3448 5623 3624 5674 Otlel'i'

2041 5708 2221 5753 essent
2246 5699 2598 5767 marginibus,
2623 5702 2876 5758 omittere
2890 5704 3065 5758 visum
3089 5716 3188 5759 est.
3209 5706 3358 5762 Notae
3385 5710 3601 5776 breves,

2042 5793 2132 5846 ubi
2163 5807 2299 5863 opus
2343 5793 2693 5865 luit,adjecl:e
2724 5797 3044 5853 :uberiorcs
3062 5800 3275 5868 rejectze
3306 5803 3372 5856 ad
3398 5808 3599 5860 calcem

2042 5885 2170 5938 Iomi
2206 5887 2450 5941 secundi.
2470 5886 2644 5943 Porro
2672 5890 2726 5943 in
2760 5889 2848 5945 bis
2874 5890 3076 5960 primas
3094 5900 3282 5948 tenent
3304 5895 3605 5952 doctissimi

2042 5978 2295 6048 Ducangii
2322 5977 2473 6034 Notae
2489 5981 2816 6051 posthumze;
2834 5996 2967 6053 quas
2989 5984 3147 6054 paulo
3169 5985 3446 6056 postillius
3466 6004 3612 6046 mor-

2532 6165 2557 6175 κ

2152 6270 2175 6297 ο
