4002 6658
365 433 427 495 15
1547 496 1553 501 .
1677 437 1923 499 ΙΟΑΝΝ

2037 440 2241 500 BOIVI
2254 441 2331 500 NI
2900 505 2906 511 ,
3537 442 3600 506 16

356 540 467 606 tem
505 566 637 607 mete
670 551 792 609 fidei
840 554 1321 610 commendaverat
1356 554 1542 624 optimi
1572 556 1740 625 [mtris
1796 556 1938 612 lilius
1962 561 2014 624 Α
2046 558 2225 614 tribus
2260 572 2369 613 non
2402 557 2529 613 totis
2554 560 2814 627 exceptis,
2850 540 3093 629 castigati
3123 573 3187 614 ex
3215 534 3477 616 Vaticano
3507 578 3603 616 ex-

352 643 707 715 diguissimus
738 642 1026 715 Philippus
1065 643 1395 715 Ducangius,
1427 647 1670 701 Francia:
1693 657 1929 715 quaestor

353 735 499 805 apud
526 734 794 791 Pietavos.
822 735 922 792 llis
966 736 1217 807 partibus
1249 752 1312 791 ac
1347 737 1592 792 numeris
1619 736 1788 791 editio
1812 736 1933 793 hac

357 827 521 898 Regia
571 824 757 882 dill'ert
804 842 833 882 a
880 827 1113 899 vulgatis
1145 845 1159 882 :
1188 843 1327 899 quas
1375 844 1478 897 ego
1507 827 1575 883 ad
1605 828 1751 885 hunc
1784 828 1937 917 diem

355 934 528 989 usque
577 934 686 973 non
739 920 924 991 plures
973 920 1083 976 vidi
1116 936 1276 991 quam
1327 934 1590 991 quatuor;
1623 937 1717 977 sex
1746 930 1932 977 tamen

355 1011 695 1079 prodierunt,
725 1024 819 1067 aut
840 1012 1031 1068 saltem
1051 1013 1316 1083 quinque.
1336 1012 1570 1068 Primam
1599 1028 1744 1069 anno
1792 1012 1931 1068 1559

355 1104 539 1160 Graece
572 1113 627 1159 et
656 1104 847 1161 Latine
894 1106 949 1160 in
981 1104 1274 1161 Germania
1318 1107 1588 1176 prodiisse
1621 1105 1933 1162 Fridericus

360 1197 751 1269 llostgaardius
801 1197 1094 1268 colligebat
1151 1214 1215 1253 ex
1265 1197 1531 1254 Wolfiana
1588 1198 1930 1267 Praefatioue,

356 1305 451 1345 seu
505 1289 691 1360 potius
742 1289 985 1360 Epistula
1034 1290 1456 1361 prosphonetica
1511 1289 1581 1345 ad
1634 1289 1939 1357 Antonium

356 1382 686 1453 Fuggerum,
729 1382 822 1436 illo
871 1382 989 1454 ipso
1010 1398 1157 1438 anno
1186 1384 1332 1439 data.
1362 1383 1474 1439 Hoc
1505 1384 1683 1453 posito
1710 1382 1807 1456 (ὁ),
1844 1397 1931 1438 se-

353 1474 526 1530 cunda
557 1474 726 1530 fuerit
751 1490 813 1531 ea
844 1491 964 1547 quae
992 1474 1184 1531 Latine
1218 1476 1422 1546 prodiit
1448 1475 1671 1532 Basileze
1695 1492 1745 1534 a.
1772 1477 1930 1531 1562.

353 1565 556 1633 Tertia,
610 1582 731 1637 quze
791 1566 910 1621 Lat.
970 1566 1144 1623 Paris.
1204 1583 1257 1623 a.
1314 1568 1471 1624 l567.
1532 1567 1758 1634 Quarta,
1813 1582 1933 1639 qua:

352 1657 555 1725 ltalice,
585 1659 884 1730 interprete
925 1659 1062 1714 Lud.
1108 1658 1283 1724 Dulci,
1307 1666 1601 1714 accuraute
1630 1662 1932 1731 Augustino

352 1749 654 1817 Ferentilli,
685 1748 884 1807 Venet.
919 1766 971 1806 a.
1009 1750 1146 1806 1569
1204 1750 1343 1807 iuni.
1369 1750 1593 1818 Quinta,
1630 1766 1749 1821 qua:
1805 1751 1929 1806 Lat.

351 1841 695 1898 Francoiurli
766 1843 835 1898 ad
898 1842 1179 1908 Moenum,
1238 1858 1291 1898 a.
1348 1842 1505 1897 1587.
1562 1842 1747 1909 Sexta,
1811 1857 1932 1915 qum

2037 650 2304 719 cmplari;
2338 665 2460 704 cum
2490 665 2599 720 quo
2632 650 2896 705 lectiones
2928 651 3122 706 dubias
3150 651 3482 708 contulimus
3505 669 3605 723 per
3690 670 3691 673 ‘

2036 741 2181 795 viros
2214 741 2637 808 eruditissimos,
2672 758 2809 811 quos
2842 742 3046 798 laboris
3093 744 3257 812 hujus
3289 759 3388 814 per
3416 760 3476 801 se
3515 746 3601 800 in-

2036 825 2173 898 grati
2209 826 2427 881 taedium
2460 843 2522 883 ac
2569 828 2845 884 fastidium
2876 840 3067 884 nostra
3107 840 3161 886 et
3187 831 3418 900 publica:
3451 834 3602 888 utili-

2038 918 2163 973 tatis
2195 934 2355 973 causa
2389 917 2534 975 ferre
2565 934 2673 974 non
2709 920 2901 990 piguit.
2935 918 3121 991 itaque
3152 921 3219 977 iis
3250 923 3352 979 hoc
3380 925 3520 991 loco,
3553 926 3603 982 si

2036 1009 2195 1065 facile
2226 1021 2566 1081 paterentur,
2615 1028 2837 1083 magnas
2871 1015 3072 1083 gratias
3111 1029 3428 1086 ageremus;
3462 1034 3602 1089 pra:-

2037 1101 2226 1158 sertim
2262 1102 2550 1158 abbatibus
2581 1103 2987 1169 illustrissimis,
3038 1105 3331 1162 Laurentio
3364 1109 3602 1163 Alexano

2035 1194 2133 1251 dro
2179 1194 2499 1268 Zaccaguio,
2549 1205 2602 1253 et
2633 1195 2699 1252 li.
2740 1195 2803 1253 P.
2851 1197 3216 1264 D.Delmiro;
3270 1201 3360 1270 qui
3411 1202 3604 1257 biblio-

2036 1285 2206 1341 thecae
2235 1285 2507 1342 Vatieattze
2546 1286 2785 1358 praefecti
2816 1288 3083 1343 creditum
3116 1291 3218 1346 sibi
3275 1295 3605 1361 pretiosissi-

2037 1392 2185 1431 mum
2219 1378 2535 1433 thesaurum
2568 1394 2632 1434 ea
2668 1380 2770 1434 tide
2819 1381 3087 1450 integrum
3127 1395 3180 1437 et
3214 1383 3474 1439 illibatum
3504 1384 3602 1440 cll-

2036 1470 2302 1535 slodiunl,
2358 1481 2417 1524 ut
2468 1480 2648 1526 tamen
2695 1488 2947 1543 magnum
2981 1489 3048 1526 ex
3085 1489 3153 1528 eo
3201 1479 3603 1533 communieato
3656 1484 3665 1493 ‘

2037 1561 2271 1615 fructum
2304 1573 2497 1617 omnes
2525 1564 2725 1618 eruditi
2761 1564 3086 1634 percipiant,
3121 1575 3279 1634 atque
3303 1583 3366 1622 ex
3397 1549 3485 1623 illa
3517 1582 3602 1623 to-

2036 1652 2143 1705 tius
2194 1654 2419 1707 litterati
2454 1654 2602 1708 orbis
2638 1655 2759 1709 luce
2809 1655 3103 1725 conspicua
3135 1657 3340 1712 clarum
3391 1660 3492 1715 sibi
3539 1678 3603 1714 ac

2035 1742 2150 1797 suis
2185 1742 2366 1797 lumen
2398 1743 2722 1799 accendant.
2760 1744 2832 1799 Ex
2862 1746 2951 1799 illo
2985 1748 3103 1818 ipso
3139 1747 3396 1803 Vaticano
3423 1765 3606 1804 exem-

2036 1834 2176 1903 plari
2211 1836 2400 1900 libros,
2432 1847 2492 1892 ut
2515 1838 2625 1909 jam
2662 1839 2794 1903 dixi,
2825 1840 3065 1910 quinque
3098 1841 3338 1910 integros
3366 1842 3604 1898 Frideri-

347 1935 532 1991 Grazce
590 1945 646 1990 et
691 1934 906 2001 Latine,
962 1935 1206 1992 Colonia:
1244 1935 1612 2005 Allobrogum,
1661 1950 1712 1991 a.
1769 1914 1926 2004 1615,
1967 1914 2007 1969 Β
2036 1943 2132 1983 cus
2164 1927 2554 2000 Rostgaardius
2596 1947 2692 2001 per
2728 1933 3003 1986 hominem
3038 1933 3335 1999 eruditum,
3376 1936 3601 2005 popula-

253 2061 265 2069 ε
350 2026 591 2082 liankius
637 2027 889 2098 Gregora:
942 2025 1233 2081 llistoriam
1292 2024 1534 2099 Colonia:
1598 2023 1932 2078 Planicianre

344 2120 510 2177 etiam
572 2136 623 2175 a.
679 2118 743 2175 (Ξ.
800 2118 939 2174 1616
995 2119 1198 2174 editam
1250 2117 1539 2181 observat;
1596 2115 1933 2170 Warthonus

347 2211 482 2267 duas
519 2208 1006 2266 Franeofurtenses
1050 2217 1343 2273 numerat;
1393 2207 1622 2279 primam
1675 2222 1729 2259 a.
1765 2206 1926 2274 l568,

347 2301 639 2358 secundam
673 2317 724 2356 a.
760 2300 921 2356 1587.

417 2437 476 2493 ltt
510 2444 661 2492 tomo
687 2434 927 2499 secundo
959 2434 1041 2490 usi
1094 2450 1283 2491 sumus
1330 2435 1548 2493 duobus
1578 2437 1924 2510 apographis,

348 2534 582 2600 utroque
637 2542 707 2584 ex
777 2524 1058 2582 veteribus
1129 2524 1531 2598 exemplaribus
1584 2526 1772 2582 Roma:
1828 2530 1924 2584 de-

349 2621 577 2692 scripto.

418 2754 662 2810 Primum
696 2753 1090 2827 apographum,
1126 2750 1272 2822 quod
1305 2750 1361 2805 in
1392 2748 1721 2806 bibliotheca
1756 2749 1922 2821 Regia

348 2857 526 2907 exstat
553 2864 785 2906 numero
807 2849 970 2915 2079,
997 2848 1158 2905 docta
1198 2857 1253 2904 et
1304 2846 1539 2918 eleganti
1596 2863 1759 2901 manu
1797 2856 1924 2902 ante

347 2957 524 2999 annos
554 2944 681 3014 plus
709 2950 931 2998 centum
974 2949 1029 2996 et
1059 2941 1450 3013 quinquaginta
1481 2948 1759 2995 exaratum
1799 2940 1921 3004 fuit,

348 3044 410 3092 ut
445 3042 608 3107 patet
636 3050 703 3091 ex
762 3034 937 3106 ipsius
988 3032 1194 3089 librarii
1225 3032 1558 3099 testimonio,
1583 3032 1673 3102 qui
1704 3039 1925 3103 peracto

346 3144 510 3201 opere
541 3132 657 3184 haec
692 3124 1015 3197 subscripsit
1044 3141 1059 3179 :
1096 3125 1261 3188 Τέλος
1286 3124 1481 3178 ἐλαϐεν
1509 3124 1668 3178 τοῦτο
1697 3124 1759 3176 τὸ
1799 3124 1925 3177 σύν-

2037 2037 2148 2075 retn
2180 2036 2360 2089 suum,
2400 2024 2760 2095 transcriptos
2792 2025 3135 2082 bibliothecae
3169 2027 3351 2098 Regina
3378 2028 3600 2096 dicavit,

2033 2128 2307 2183 suumque
2344 2113 2472 2170 illud
2515 2124 2703 2171 votum
2748 2118 2985 2187 praefixis
3025 2121 3364 2193 elegantibus
3409 2122 3602 2176 heroe-

2033 2204 2167 2274 legis
2200 2206 2567 2276 eonsignavit.
2621 2208 2726 2264 Sed
2762 2195 2830 2264 de
2868 2210 2936 2265 iis
2987 2211 3141 2267 libris
3174 2211 3307 2267 alias
3339 2222 3602 2282 Opportu-

2031 2298 2177 2351 nius.
2220 2296 2507 2353 Pertinent
2535 2299 2680 2355 enim
2709 2301 2775 2356 ad
2804 2302 3022 2356 tertium
3058 2309 3286 2357 tomum.

2104 2388 2281 2444 Varia:
2328 2390 2593 2447 lectiones
2623 2392 2783 2448 nulla:
2813 2392 2929 2449 fere
2974 2394 3026 2469 in
3054 2393 3218 2465 hujus
3258 2395 3429 2466 partis
3460 2410 3598 2449 mar-

2030 2481 2246 2552 ginibus
2279 2482 2554 2539 adnotata!
2588 2494 2756 2551 sunt;
2808 2486 3065 2555 quoniam
3095 2502 3283 2541 eorum
3310 2487 3596 2549 librorum,

2028 2573 2227 2642 quibus
2262 2584 2479 2630 constat
2501 2575 2591 2630 hie
2626 2584 2824 2641 tomus,
2860 2576 3079 2632 unicum
3107 2578 3383 2648 exemplar
3412 2593 3598 2649 possc-

2028 2664 2228 2720 dimus.
2288 2663 2517 2721 Unicum
2572 2666 2728 2723 dico:
2779 2684 2903 2723 nam
2958 2668 3219 2725 Vaticana
3265 2671 3595 2742 exemplaria

2030 2772 2126 2812 nec
2154 2773 2322 2829 penes
2363 2774 2463 2815 nos
2499 2758 2742 2827 fuerunt,
2780 2777 2876 2817 nec
2906 2778 3005 2833 pro
3039 2764 3266 2819 diversis
3295 2765 3595 2834 reputanda

2028 2856 2180 2913 sunt,
2216 2866 2339 2906 eum
2371 2860 2557 2907 nostra
2587 2868 2650 2907 ex
2683 2853 2749 2908 iis
2779 2853 3046 2925 descripta
3077 2857 3206 2910 sint.
3239 2856 3383 2922 Quas
3415 2867 3594 2912 autem

2028 2957 2090 2997 ex
2124 2943 2193 2997 iis
2232 2943 2496 3000 lectiones
2531 2960 2561 2999 a
2594 2944 2727 3000 viris
2770 2946 2942 3002 doctis
2986 2949 3359 3019 suppeditatas
3403 2949 3594 3005 habui-

2030 3050 2169 3097 mus,
2204 3049 2320 3101 eas,
2380 3045 2438 3092 ut
2468 3053 2653 3092 veram
2687 3048 2740 3092 et
2771 3037 3064 3106 genuinam
3100 3039 3446 3109 scripturam,
3482 3056 3593 3095 non

2028 3126 2080 3179 in
2118 3126 2413 3196 margines,
2458 3129 2553 3182 sed
2587 3129 2641 3184 in
2675 3130 2907 3183 mediam
2942 3130 3191 3201 paginam
3233 3143 3287 3186 et
3334 3133 3388 3186 in
3417 3132 3593 3201 ipsum

347 3236 533 3291 ταγμα
573 3223 640 3293 τῇ
684 3216 1129 3291 ὀκτωκαιδεκάτῃ
1177 3216 1272 3271 τοῦ
1318 3216 1641 3289 ὀκτωϐρίου,
1684 3216 1794 3269 ἔτει
1836 3234 1922 3285 χι-

2028 3220 2110 3290 (ut
2158 3217 2338 3291 aiunt)
2396 3230 2711 3276 contextum
2776 3224 3190 3287 transtulimus;
3249 3224 3492 3295 exceptis
3529 3223 3596 3279 iis

346 3312 545 3380 λιοστῷ
574 3309 1012 3380 πεντακοσιοστῷ
1045 3308 1470 3379 τεσσαρακοστῷ
1498 3307 1687 3379 τρίτῳ,
1714 3308 1918 3377 σπουδῇ

336 3406 439 3469 ,καὶ
466 3405 756 3476 φιλοπονίᾳ
793 3403 1165 3475 Χριστοφόρου
1202 3401 1298 3455 τοῦ
1343 3401 1599 3471 Ἀουέρου
1633 3400 1918 3472 Γερμανοῠ

348 3498 871 3569 μεταγεγραμμένον
895 3513 912 3529 ο
943 3494 1193 3565 δαψιλείᾳ
1220 3494 1277 3548 δὲ
1300 3493 1399 3548 καὶ
1417 3492 1665 3564 φλογερῷ
1695 3493 1829 3563 πρὸς
1853 3495 1921 3547 τὰ

350 3588 652 3659 μαθήματα
698 3587 849 3658 πόθῳ
898 3585 1173 3657 Γεωργιου
1224 3583 1329 3653 rei}
1381 3584 1775 3657 ’Δρμηνιοικοῦ,
1826 3586 1918 3640 τοῦ

361 3678 658 3733 Ῥουθὲνων
682 3675 779 3730 καὶ
810 3676 1035 3746 Βάὅρων
1065 3674 1384 3737 ἐπισκόπου,
1417 3673 1555 3742 πρὸς
1598 3673 1804 3727 Παῦλον
1829 3676 1921 3728 τὸν

345 3772 547 3840 τριτον,
584 3768 652 3822 τὰ
680 3750 776 3836 σῆς
818 3766 1115 3838 ἱερωσύνης
1147 3766 1561 3837 οἰκονομοῦντα,
1594 3766 1745 3837 παρὰ
1780 3765 1922 3818 Κελε-

346 3862 455 3916 τῶν
498 3860 762 3933 βασιλέως
814 3861 872 3913 ἐν
919 3862 988 3930 τῇ
1029 3858 1217 3930 Ῥώμῃ
1255 3861 1333 3935 τῇ
1363 3858 1503 3911 πάνυ
1548 3858 1924 3928 πρεσϐεύσαν-

346 3968 456 4014 τος.
479 3950 531 4006 id
558 3959 645 4006 est
674 3967 687 3980 ·
720 3948 1029 4003 Absolutum
1050 3955 1131 4004 est
1179 3946 1268 4000 hoc
1301 3962 1430 4016 opus
1462 3947 1697 4002 Octobris
1721 3949 1804 4003 die
1836 3947 1919 4013 18,

294 4114 297 4115 ν
347 4058 484 4098 anno
538 4042 678 4097 1545
726 4039 1084 4110 Christopltori
1134 4039 1303 4092 Αωρτὶ
1362 4037 1612 4094 Germani
1658 4054 1813 4107 Opera
1861 4055 1922 4094 ac

347 4136 620 4207 diligentia
651 4133 1026 4201 transcriptum
1048 4148 1068 4196 ,°
1095 4130 1454 4200 muniﬁcentia
1477 4133 1651 4195 autem
1684 4145 1727 4186 et
1749 4124 1923 4186 studio

347 4228 403 4278 in
434 4226 636 4279 litteras
694 4221 1065 4276 ardentissimo
1127 4219 1338 4292 Georgii
1398 4220 1701 4274 Armeniaci
1735 4220 1923 4288 (D’Ar-

349 4316 594 4388 magnac)
622 4314 948 4369 Rutenorum
976 4322 1025 4366 et
1070 4309 1366 4366 Vabrorum
1400 4312 1650 4382 episcopi,
1675 4328 1707 4364 a
1739 4310 1921 4367 Gallo-

350 4425 465 4463 rum
496 4392 704 4479 regead
736 4420 1003 4461 summum
1028 4403 1326 4473 pontiﬁcem
1361 4401 1591 4457 Paulum
1632 4401 1722 4456 Ill
1765 4401 1922 4473 legati

352 4501 581 4563 Romam
612 4500 781 4553 missi.
840 4497 918 4552 Ex
957 4497 1061 4551 hoc
1093 4496 1212 4551 cod.
1248 4495 1413 4550 libros
1457 4493 1613 4549 Tomi
1641 4493 1798 4549 is:ius
1831 4509 1919 4548 se-

2024 3325 2160 3380 quas
2200 3310 2268 3367 ab
2295 3312 2469 3367 amico
2503 3312 2826 3367 charissima
2871 3311 3143 3368 Ludovico
3186 3312 3389 3370 Tarnio
3421 3330 3596 3386 nuper
3666 3368 3671 3373 .

2024 3396 2218 3458 allata‘s
2245 3402 2314 3458 ad
2351 3403 2554 3459 calcem
2590 3404 2718 3459 tomi
2751 3405 2978 3460 secundi
3011 3405 3064 3459 in
3096 3413 3254 3460 notas
3285 3407 3592 3461 retulimus.

2096 3495 2362 3565 Equidem
2409 3495 2512 3552 hoc
2545 3495 2666 3553 loco
2703 3503 3007 3565 temperare
3041 3497 3172 3551 mihi
3205 3511 3312 3551 non
3346 3512 3592 3567 possunt,

2024 3588 2154 3657 quin
2204 3597 2260 3643 et
2284 3603 2403 3643 mea
2434 3597 2489 3643 et
2519 3586 2812 3658 Nicephori
2844 3586 3098 3658 Gri-gora.-
3128 3602 3290 3643 causa
3346 3588 3591 3653 doleam;

2025 3678 2168 3750 quod
2220 3696 2343 3735 eum
2376 3680 2462 3734 hic
2491 3695 2588 3750 per
2631 3695 2731 3734 nos
2776 3689 2981 3749 posset,
3013 3695 3121 3734 non
3171 3679 3333 3735 modo
3359 3679 3591 3750 integer,

2025 3772 2120 3825 sed
2176 3765 2339 3827 etiam
2382 3782 2561 3827 tersus
2605 3780 2661 3825 et
2701 3770 2937 3833 limatus,
2989 3770 3045 3824 in
3078 3770 3355 3841 publicum
3395 3772 3591 3835 emitti,

2027 3863 2168 3918 idem
2200 3874 2380 3919 tamen
2418 3864 2663 3934 pluribus
2694 3864 2927 3918 fortasse
2963 3863 3190 3918 maculis
3218 3878 3496 3932 respersus
3527 3880 3591 3941 ac

2025 3954 2287 4011 deformis
2317 3955 2492 4011 lucem
2525 3956 2744 4010 demum
2796 3953 3048 4024 aSpiciat.
3091 3954 3232 4009 Fieri
3262 3955 3406 4009 enim
3451 3956 3588 4009 haud

2027 4046 2235 4116 potuit,
2266 4055 2327 4100 ut
2369 4061 2478 4100 non
2524 4046 2691 4099 multa
2730 4045 2780 4098 iu
2832 4047 3143 4116 apographo
3174 4046 3591 4100 mendosissimo

2025 4138 2214 4193 oculos
2252 4152 2401 4193 tneos
2448 4136 2708 4209 fugerint,
2768 4148 2824 4191 et
2873 4138 3170 4192 incorrecta
3205 4138 3586 4191 remanserint.

2025 4226 2246 4282 Poterat
2278 4239 2461 4282 autem
2494 4228 2582 4282 hic
2609 4228 2849 4295 scriptor
2884 4227 3043 4297 longe
3073 4229 3381 4299 castigatior
3411 4229 3525 4283 dari
3557 4248 3586 4282 a

2024 4317 2201 4382 nobis,
2254 4316 2298 4370 si
2347 4332 2467 4387 qua:
2496 4318 2551 4371 in
2604 4318 2805 4386 pluteis
2847 4316 3119 4387 Vaticanis
3152 4328 3333 4373 vetera
3374 4328 3591 4373 exstant

2026 4405 2382 4476 exemplaria,
2431 4422 2493 4461 ea
2527 4422 2697 4476 prncs
2745 4424 2844 4462 nos
2893 4407 3143 4462 fuissent.
3193 4410 3298 4463 Sed
3334 4409 3586 4464 nimirum

2026 4497 2119 4551 uni
2151 4513 2260 4552 non
2302 4499 2482 4552 omnia
2515 4498 2639 4553 data
2692 4510 2842 4555 sunt.
2872 4500 3026 4566 Quod
3057 4512 3235 4554 autem
3281 4501 3456 4555 facere
3488 4517 3588 4570 ego

348 4592 513 4648 eundi
544 4607 639 4648 sex
692 4590 905 4662 priores
955 4596 1209 4645 accurate
1256 4585 1559 4656 descriptos
1589 4588 1735 4655 (nam
1771 4585 1919 4639 eodi—
1953 4582 1998 4633 η
2027 4603 2137 4641 non
2183 4588 2356 4658 potui,
2402 4588 2454 4642 id
2502 4590 2774 4659 quondam
2818 4590 3069 4653 fortasse,
3100 4591 3144 4645 Si
3185 4591 3315 4642 tanti
3359 4605 3443 4643 res
3468 4605 3589 4643 esse

348 4701 465 4740 cem
494 4685 669 4752 ipsum
717 4682 1009 4753 quominus
1058 4675 1406 4752 typographis
1454 4679 1919 4732 committerentus

351 4778 538 4848 religio
571 4776 729 4831 nobis
759 4776 906 4848 fuit),
934 4774 1075 4847 typis
1106 4770 1489 4844 exprimendus
1517 4769 1846 4824 curavimus.

415 4871 658 4925 Alterum
691 4870 1087 4940 apograpbum,
1139 4874 1265 4920 ante
1296 4865 1396 4918 hos
1446 4861 1687 4932 quinque
1738 4874 1914 4913 annos

351 4959 536 5016 [hunc
586 4959 852 5031 scriptum
892 4966 949 5013 et
994 4973 1024 5011 a
1073 4955 1377 5012 clarissimo
1425 4953 1543 5005 viro
1586 4950 1624 5004 Ι.
1662 4949 1914 5003 Vivantio

352 5050 616 5105 Lutetiam
646 5052 887 5114 allatum,
929 5048 1084 5104 valde
1120 5045 1441 5101 mendosum
1476 5049 1612 5095 erat.
1646 5039 1912 5093 N'miruut

351 5153 407 5194 ut
439 5142 580 5211 apud
614 5155 736 5207 nos,
790 5142 861 5194 ita
909 5139 1074 5193 etiam
1105 5134 1292 5188 Bootae
1331 5146 1526 5199 magna
1560 5138 1643 5184 est
1671 5127 1914 5199 paucitas

348 5252 537 5291 eorum
565 5235 1043 5307 calligraphorum,
1069 5230 1160 5300 qui
1193 5243 1415 5283 manum
1450 5227 1504 5279 iu
1530 5225 1733 5280 Graecis
1758 5240 1912 5278 exer-

346 5329 564 5382 citatam
598 5328 874 5391 habeant;
921 5325 1165 5391 adeoque
1195 5332 1420 5374 necesse
1458 5317 1633 5372 estad
1663 5316 1914 5371 librarios

346 5420 509 5474 rudes
540 5430 596 5474 et
621 5418 905 5488 imperitos
936 5427 1240 5474 recurrere,
1274 5412 1705 5480 quotiescunque
1739 5409 1915 5479 agitur

342 5509 408 5563 de
434 5507 806 5563 exseribendis
833 5504 1112 5560 codicibus
1152 5500 1376 5556 Graecis.
1409 5500 1485 5554 Ex
1509 5516 1574 5554 eo
1604 5500 1914 5570 apographo

343 5602 616 5671 prodeunt
643 5600 806 5656 hodie
829 5601 882 5654 in
917 5600 1098 5653 lucem
1125 5594 1251 5659 libri
1275 5602 1504 5664 septem,
1529 5593 1618 5663 qui
1649 5593 1912 5663 reliquam

342 5697 505 5765 hujus
540 5696 670 5750 tomi
706 5693 933 5750 secundi
965 5699 1176 5763 partem
1208 5688 1465 5759 explent;
1507 5685 1675 5756 iique,
1708 5686 1913 5742 ultimis

415 5857 485 5929 (b)
528 5856 649 5912 Vid.
684 5850 1020 5921 Fabricium,
1047 5849 1186 5906 infra
1229 5848 1336 5907 col:
1369 5848 1437 5905 99
1458 5848 1523 5902 C.

2027 4679 2318 4743 videbitur,
2346 4680 2553 4734 felicior
2580 4682 2805 4735 alterius
2834 4682 3096 4735 industria
3130 4680 3424 4751 prmstabit.

2092 4770 2171 4826 Ad
2203 4769 2452 4826 Latinam
2507 4772 3011 4841 interpretationem
3046 4783 3285 4825 lIOSll'nm
3333 4771 3478 4839 qttod
3509 4781 3590 4825 at-

2025 4863 2181 4923 tinct,
2223 4863 2509 4933 scriptoris
2538 4861 2714 4917 Graeci
2748 4874 2986 4917 mentem
3024 4864 3066 4917 si
3101 4879 3184 4915 tne
3216 4862 3414 4931 ubique
3442 4878 3586 4916 asse-

2022 4961 2206 5006 cutuut
2244 4953 2412 5008 fuisse
2461 4952 2743 5017 affirmem,
2806 4969 3067 5024 arrogans
3117 4969 3255 5007 sm;
3295 4956 3587 5022 praasertim

2023 5060 2146 5097 cum
2176 5059 2275 5097 nec
2298 5042 2490 5098 Wolfio
2521 5045 2646 5114 ipsi,
2674 5053 2930 5098 veterano
2952 5053 3007 5097 et
3031 5046 3262 5097 emerito
3287 5044 3586 5113 interpreti,

2023 5135 2077 5188 id
2107 5136 2419 5205 contigerit.
2471 5133 2770 5190 Possumus
2801 5150 2928 5189 vero
2970 5145 3203 5204 uterque
3251 5136 3352 5189 hac
3381 5136 3590 5188 ratione

2023 5241 2122 5280 nos
2148 5226 2466 5291 defendere,
2494 5227 2635 5295 quod
2663 5226 2755 5294 qui
2790 5226 2928 5279 viain
2962 5228 3162 5279 nullius
3191 5240 3376 5294 grass”
3402 5225 3579 5277 tritam

2023 5316 2379 5387 ingrediatur,
2422 5317 2470 5371 ei
2510 5315 2884 5370 diilicillimum
2921 5316 2990 5368 si:
3035 5332 3142 5367 non
3186 5316 3325 5377 labi;
3364 5330 3605 5383 νηοί-μ’

2021 5418 2115 5462 tun
2148 5414 2191 5463 si
2220 5408 2282 5464 ea
2317 5410 2523 5465 lubrica
2550 5411 2621 5464 sit
2648 5417 2701 5463 et
2727 5410 3044 5478 confragosa
3075 5419 3130 5462 et
3152 5408 3379 5461 salebris
3405 5406 3585 5475 plena,

2019 5502 2207 5572 quales
2237 5505 2436 5573 passim
2468 5504 2658 5572 objicit
2691 5501 3031 5571 Nicephorus
3062 5511 3284 5568 noster;
3329 5501 3417 5569 qui
3448 5512 3589 5565 quo-

2019 5596 2120 5649 tics
2148 5597 2360 5665 evagari
2389 5595 2546 5650 libuit
2576 5595 2727 5667 tlibet
2747 5603 2925 5648 autem
2952 5594 3118 5648 nimis
3139 5594 3326 5661 saape),
3350 5602 3462 5644 tum
3496 5591 3591 5642 de-

2018 5702 2165 5741 mutn
2195 5686 2460 5743 disertum
2491 5702 2547 5741 se
2572 5695 2626 5740 ct
2653 5687 2953 5756 elegantem
2981 5686 3176 5749 credit,
3211 5697 3332 5736 cum
3365 5690 3587 5735 senten-
