4054 6596
299 396 357 446 Π
1280 358 1288 362 ’
1450 424 1466 433 ~
1731 400 2155 464 PBLEFATIO.
3465 399 3532 462 13

295 505 421 553 tiam
454 515 609 554 suam
644 503 929 559 verborum
957 507 1274 579 ambagibus
1304 526 1461 580 quam
1493 515 1721 570 maxime
1746 535 1868 589 pcr-
1900 524 1939 577 A
1972 520 2259 574 barbarum
2303 520 2370 575 de
2402 519 2541 574 bello
2569 535 2746 584 sacro,
2781 519 2906 573 item
2938 518 3002 573 de
3036 517 3533 585 Constantiuiqiott-

296 592 468 659 plexis
518 596 797 653 involvere
833 600 1030 669 potuit.
1747 668 1761 687 η

367 683 531 741 Tomi
559 690 719 757 primi
752 691 979 763 singulis
1004 698 1241 768 paginis.
1273 695 1528 769 quoniam
1562 683 1866 777 temporum

298 777 441 832 ratio
470 778 532 833 in
559 795 622 835 ea
654 783 897 839 historiae
927 797 1077 855 parte
1097 805 1206 845 non
1235 791 1366 848 satis
1395 805 1541 850 certa
1579 812 1699 852 esse
1724 798 1870 854 vide-

299 868 483 933 batur,
540 885 743 927 annum
790 878 1145 945 praescribere
1191 897 1301 937 non
1337 886 1635 954 potuimus.
1682 890 1869 959 Itaque

298 960 408 1016 illic
445 977 554 1033 pro
602 966 765 1022 annis
815 968 1065 1040 imperia,
1098 988 1195 1031 seu
1251 981 1592 1049 regnantium
1626 981 1869 1053 Impera-

299 1062 479 1106 torum‘
514 1056 762 1123 nomina,
805 1061 982 1130 posita
1015 1072 1166 1120 sunt.
1198 1066 1259 1122 ln
1292 1076 1440 1125 tomo
1472 1074 1735 1139 secundo,
1770 1091 1871 1132 au-

301 1158 398 1195 uos
428 1145 607 1213 ipsos,
639 1150 898 1213 quoniam
930 1151 999 1209 de
1022 1150 1097 1213 iis
1143 1162 1446 1226 constabat,
1482 1163 1833 1233 apposuimus
1854 1207 1871 1233 ,

302 1233 700 1302 imperatorum
753 1248 944 1295 autem
1014 1244 1241 1301 nomina
1299 1247 1606 1305 omisimus.
1658 1250 1873 1322 Quippe

298 1338 420 1376 cum
455 1340 558 1391 per
586 1340 763 1385 annos
792 1329 981 1388 decem
1012 1346 1331 1409 perpetuos,
1358 1353 1495 1408 quos
1519 1342 1760 1397 continet
1784 1344 1874 1400 hic

296 1421 500 1504 tomus.
556 1425 798 1485 potestas
842 1421 1191 1493 imperatoria
1229 1442 1400 1497 penes
1427 1429 1567 1487 duos
1603 1433 1874 1504 principes

300 1501 484 1569 luerit,
537 1505 904 1581 Palaeologum
943 1523 1000 1568 et
1028 1514 1494 1584 Cantaeuzenum,
1531 1521 1724 1579 inutile
1754 1501 1873 1581 esse

300 1590 568 1649 duximus
599 1597 849 1667 repetere
881 1601 937 1657 in
988 1603 1220 1677 singulis
1261 1609 1475 1680 paginis
1506 1611 1584 1678 id,
1613 1614 1758 1682 quod
1784 1630 1872 1669 se-

301 1682 405 1775 mel
453 1685 741 1744 monuisse
771 1691 907 1746 satis
939 1692 1101 1750 foret.
1146 1696 1339 1753 Libros
1368 1698 1424 1754 in
1461 1704 1662 1772 capita.
1696 1705 1872 1775 capita

301 1770 353 1824 in
384 1775 667 1833 sectioncs
690 1781 881 1836 eadem
906 1787 1164 1842 methodo
1190 1788 1495 1858 divisimus,
1521 1770 1701 1863 quain
1728 1770 1873 1853 tomo

301 1864 496 1931 primo.
538 1867 602 1922 lu
649 1870 940 1931 breviariis
979 1892 1198 1949 quoque
1245 1890 1302 1937 et
1347 1883 1400 1938 in
1440 1887 1587 1941 notis
1625 1891 1870 1945 eamdem

303 1971 530 2024 prorsus
564 1963 834 2029 rationem
866 1970 1042 2024 secuti
1074 1986 1284 2029 sumus.

373 2048 819 2118 Disputationcm
868 2075 996 2116 cum
1050 2060 1319 2130 Cabasila,
1355 2066 1509 2124 libt‘is
1540 2071 1714 2128 tribus
1764 2089 1873 2130 non

304 2137 423 2205 totis
446 2144 901 2213 comprehensam
922 2149 1070 2221 (nam
1091 2167 1153 2208 ea
1176 2168 1206 2207 a
1224 2154 1481 2213 vicesimo
1517 2163 1758 2216 secundo
1790 2165 1875 2218 in-

232 2296 236 2301 .
301 2228 494 2284 choato
554 2234 624 2289 ad
675 2239 993 2296 vicesimum
1026 2253 1279 2313 quartum
1317 2246 1432 2303 lere
1482 2252 1720 2306 medium
1777 2270 1872 2309 ex-

300 2325 515 2395 currit),
558 2332 704 2399 quod
730 2335 797 2389 ad
829 2335 1112 2392 historiam
1143 2339 1288 2398 haud
1324 2346 1455 2398 satis
1487 2352 1763 2415 pertinere
1798 2354 1875 2406 vi-

301 2415 549 2484 deretur,
585 2423 653 2477 ad
675 2427 906 2482 secundi
939 2429 1230 2489 voluminis
1263 2435 1465 2489 calcem
1502 2438 1725 2509 rejiccre
1755 2445 1875 2497 ani~

302 2522 418 2562 mus
468 2511 714 2580 primum
744 2515 868 2575 fuit.
915 2512 1163 2587 Demum,
1211 2539 1281 2579 ne
1309 2528 1565 2583 continua
1614 2531 1872 2590 librorum

301 2598 469 2654 series
518 2601 963 2676 abrumperetur,
1018 2612 1219 2669 rectius
1248 2614 1518 2672 facturum
1575 2636 1661 2676 me
1688 2624 1871 2679 existi.

302 2690 461 2754 mavi,
491 2692 547 2748 si
575 2709 735 2750 suum
757 2698 806 2752 ei
828 2714 893 2755 ac
919 2702 1196 2772 proprium
1221 2707 1397 2763 locum
1430 2726 1726 2769 servarem.
1756 2714 1872 2771 Una

302 2795 385 2833 me
418 2797 508 2837 res
540 2788 893 2858 morabatur;
946 2797 1087 2862 quod
1118 2812 1241 2850 eam
1271 2798 1689 2870 disputationem
1733 2820 1873 2860 non-

301 2872 423 2966 dum
465 2873 670 2933 Latine
713 2881 1030 2949 vertissem,
1061 2901 1163 2943 nec
1190 2889 1325 2944 mihi
1356 2890 1530 2948 Otium
1563 2907 1875 2966 superesset

302 2963 364 3015 ad
397 2964 556 3020 istud
585 2983 802 3040 quoque
849 2988 1079 3043 pensum
1128 2979 1538 3037 absolvendum.
1592 2963 1734 3041 Inter
1762 2988 1875 3044 haec

301 3060 657 3116 commodum
681 3078 835 3119 suam
871 3068 1006 3122 mihi
1039 3084 1261 3139 operam
1294 3073 1490 3130 obtulit
1515 3076 1583 3131 Μ.
1613 3078 1874 3136 Claudius

1974 613 2136 675 lanis,
2176 610 2644 681 Pelopottnesiacis
2684 621 2739 666 et
2782 608 3154 680 Neapolitanis
3201 608 3530 662 Francorum

1973 703 2436 772 expeditionibus,
2465 704 2663 758 selocta
2693 703 2964 763 variorum
2998 701 3255 772 Opuscula
3287 701 3533 754 contine-

1972 793 2088 859 bit;
2116 809 2179 849 ea
2217 795 2447 859 scilicet,
2477 809 2601 864 qua:
2631 781 2923 865 Nicephori
2961 794 3214 865 Gregora:
3246 792 3532 847 llistoriam

1972 893 2202 955 possunt
2226 886 2519 941 illustrare.
2551 888 2605 940 In
2641 887 2704 941 iis
2738 898 2932 942 erunt:

2042 974 2084 1030 ι.
2113 976 2360 1033 Narratio
2394 978 2595 1033 Niceta:
2623 978 2901 1032 (Shouiataa
2936 977 3003 1032 de
3050 976 3243 1032 statuis
3272 975 3536 1030 Constan—

1974 1069 2380 1139 tinopolitanis.
2423 1086 2559 1138 quas
2591 1069 2789 1141 Latini,
2840 1078 2995 1139 capta
3032 1069 3197 1134 L‘rhe,
3231 1067 3537 1122 confractas

1973 1159 2027 1214 in
2055 1169 2328 1214 monctam
2354 1160 2752 1215 conﬂaverunt.
2779 1159 2947 1229 Cujus
2978 1157 3326 1220 narrationis,
3359 1171 3425 1210 ex
3447 1170 3538 1210 co-

1973 1251 2095 1306 dice
2124 1251 2417 1305 Bodleiano
2451 1251 2759 1321 desciiptai,
2791 1251 2944 1321 copia
2981 1250 3111 1305 mihi
3138 1263 3169 1304 a
3203 1249 3320 1303 viro
3350 1245 3545 1302 claris»

1974 1342 2111 1397 simo
2140 1339 2351 1397 Joanne
2387 1340 2616 1396 Eruesto
2643 1340 2841 1397 Grabio
2870 1342 3008 1396 facta
3032 1346 3135 1395 est.

2045 1434 2111 1491 ll.
2143 1434 2411 1489 Theodori
2447 1432 2696 1489 Lascaris
2744 1433 3018 1488 orationes
3048 1432 3191 1497 dum.
3238 1428 3323 1484 1³.
3355 1429 3538 1484 Enco-

1974 1524 2143 1578 miutn
2181 1524 2350 1595 patris
2379 1523 2516 1594 ejus,
2552 1522 2780 1580 Joannis
2809 1524 2964 1580 Ducm
2990 1524 3122 1594 imp.
3149 1524 3236 1578 2°.
3278 1520 3423 1577 Laus
3451 1535 3539 1575 ur-

1976 1615 2060 1670 bis
2095 1614 2309 1680 Nicmat,
2343 1631 2407 1667 ex
2439 1614 2563 1668 cod.
2593 1615 2727 1681 Reg.

2045 1707 2139 1762 lll.
2178 1707 2590 1773 Testamentum
2625 1707 2840 1762 Arsenii
2893 1705 3238 1778 patriarchae,
3268 1704 3474 1759 editum
3508 1719 3537 1757 a

1975 1792 2267 1856 Cotclerio.

2052 1893 2139 1947 IV.
2186 1893 2471 1949 Athanasii
2511 1893 2832 1966 patriarcha:
2865 1892 2931 1946 ad
2973 1891 3245 1946 seniorem
3270 1890 3540 1945 Androni-

1975 2001 2097 2038 cum
2132 1974 2373 2055 epistoltn
2408 1996 2458 2039 et
2493 1986 2783 2041 relationi-5
2828 1984 3069 2048 selectae,
3109 2000 3172 2038 ex
3206 1982 3391 2036 codice
3423 1981 3539 2034 sin-

1977 2075 2174 2145 gulari,
2214 2092 2374 2146 quem
2407 2076 2751 2130 Bibliotheca:
2786 2073 2968 2145 [legite
3016 2087 3138 2127 cum
3181 2072 3306 2126 aliis
3356 2071 3542 2124 multis

1975 2183 2149 2237 nuper
2177 2168 2397 2223 donavit
2445 2168 2507 2223 C.
2540 2167 2710 2222 Maur.
2758 2165 3045 2229 Tcllerius,
3092 2163 3542 2233 archiepiscopus

1975 2259 2080 2313 dux
2107 2258 2456 2313 Rhemcnsis.
2588 2241 2595 2255 ’
2975 2277 2978 2280 '
3470 2314 3477 2317 .

2046 2350 2109 2405 V.
2140 2349 2406 2407 Mattuclis
2425 2352 2591 2407 Phila:
2622 2365 2812 2422 poema
2834 2350 3152 2404 historicum
3177 2349 3241 2400 tle
3268 2344 3542 2401 Michaelis

1975 2441 2156 2498 Glabae
2190 2445 2353 2499 rebus
2381 2447 2570 2515 gestis,
2606 2462 2669 2499 ex
2722 2444 2826 2499 alio
2870 2442 2991 2497 cod.
3029 2439 3195 2512 Regio
3228 2440 3377 2510 (olim
3415 2437 3540 2492 Tel-

1978 2533 2205 2604 lcriano)
2243 2534 2602 2603 descriptu.

2048 2623 2137 2679 Vl.
2186 2625 2390 2681 'l‘omus
2444 2625 2847 2698 pseudosynodi
2901 2623 3247 2687 Palamiticu,
3283 2622 3462 2677 editus
3515 2638 3545 2675 a

1975 2716 2322 2773 Combelisio.

2048 2808 2431 2880 \‘ll.Escerpta
2445 2827 2511 2865 ex
2528 2812 2745 2882 scriptis
2761 2812 3044 2883 Niccphori
3063 2807 3548 2881 Blemmydaeﬁre-

1975 2901 2108 2971 got-ii
2136 2901 2336 2973 Cyprii,
2359 2901 2623 2958 Theoduli
2657 2901 2932 2968 Rhetoris,
2959 2900 3247 2971 Nicephori
3279 2898 3542 2958 Chumni,

1976 2994 2263 3064 Barlaami,
2321 2996 2611 3068 Acindyui,
2678 2998 2930 3059 Pallanta},
2996 2995 3198 3051 Nicolai
3261 2992 3544 3057 Cabasilm,

1977 3087 2241 3142 Philothei
2283 3089 2627 3159 patriarchre,
2680 3089 2873 3145 Medici
2922 3087 3215 3153 Tarouitte,
3278 3086 3548 3140 Cantacu-

301 3143 808 3254 Eappcronnerius,
847 3157 1188 3254 Licentiatus
1211 3164 1494 3237 theologus
1524 3166 1871 3227 Parisiensis.
1903 3185 1948 3245 ο
1982 3183 2119 3246 leni,
2152 3143 2409 3237 gemam
2435 3143 2682 3254 cydon'gi,
2711 3182 2880 3254 ipsius
2914 3181 3188 3253 gregum,
3218 3193 3269 3235 ei
3292 3179 3546 3243 auorum,

304 3238 439 3293 Huic
465 3256 598 3312 ego.
631 3243 819 3302 Graece
843 3258 901 3304 et
931 3248 1125 3307 Latine
1154 3253 1492 3322 doctissimo,
1526 3258 1683 3315 facile
1716 3263 1877 3331 equi-

311 3331 419 3381 :em
444 3331 726 3389 adductus
750 3349 897 3402 sum,
924 3348 984 3394 ut
1002 3355 1097 3396 eas
1119 3351 1301 3410 partes
1325 3345 1593 3402 traderem
1617 3365 1632 3411 ;
1658 3364 1724 3404 eo
1745 3365 1879 3419 prae-

305 3422 512 3510 sertim,
574 3428 722 3494 quod
764 3443 884 3497 qua:
941 3430 1029 3486 ille
1063 3432 1474 3505 interpretanda
1526 3450 1879 3510 suscepturus

306 3509 461 3577 foret,
490 3529 556 3569 ea
580 3528 769 3574 essent
789 3520 902 3576 fere
930 3523 1257 3606 dogmatica,
1281 3528 1524 3599 adeoque
1545 3532 1630 3585 vix
1656 3509 1881 3601 possent

308 3603 482 3658 verbis
520 3608 765 3678 propriis
802 3627 866 3666 ac
912 3603 1285 3685 perspicuis’a
1316 3634 1589 3688 quoquam
1625 3622 1876 3692 exprimi,

307 3697 407 3753 nisi
452 3700 552 3772 qui
606 3702 665 3756 in
698 3704 861 3760 rebus
896 3707 1217 3780 theologicis
1261 3715 1488 3768 nmltum
1529 3726 1778 3771 versatus
1825 3726 1882 3772 et

307 3793 631 3859 quotidiana
658 3796 971 3854 scholarum
1003 3817 1104 3856 usu
1132 3804 1393 3860 subactus
1427 3806 1601 3862 foret:
1634 3809 1684 3863 id
1707 3802 1878 3879 quod,

307 3881 350 3934 si
382 3884 469 3937 cui
499 3900 766 3962 unquam,
802 3892 1298 3950 cumulatissimum
1339 3906 1486 3951 certe
1508 3897 1596 3952 isti
1626 3901 1873 3970 contigit.

376 3972 615 4030 Tomum
648 3980 868 4035 tertium
905 3984 1240 4040 conStitueut
1272 3988 1392 4042 libri
1429 3992 1878 4061 quatuordecim;

312 4063 552 4125 historici
599 4072 822 4141 quidem
850 4073 995 4140 octo,
1023 4076 1310 4150 dogmatii-i
1342 4097 1471 4135 vero
1501 4098 1630 4148 sex;
1665 4085 1732 4140 de
1760 4088 1883 4155 qui-

310 4157 411 4216 bus
443 4163 523 4218 nil
555 4179 787 4222 necesse
817 4178 901 4223 est
938 4170 1152 4239 praefari
1184 4172 1341 4228 initio
1376 4175 1534 4246 hujus
1564 4175 1877 4236 voluminis.

378 4249 584 4310 Tomus
631 4268 884 4326 quartus,
940 4272 1133 4331 pra-ter
1182 4280 1374 4332 poema
1428 4267 1616 4338 ingens
1663 4270 1878 4326 Graeco-

1978 3272 2181 3334 omnia,
2222 3272 2564 3342 paucissimis
2592 3274 2852 3344 exceptis,
2885 3276 3171 3328 anccdeta.

2052 3361 2126 3417 lta
2157 3375 2392 3428 quatuor
2430 3364 2589 3419 tomis
2643 3366 2710 3434 (c)
2756 3364 3024 3434 integrum
3070 3377 3208 3432 opus
3241 3358 3548 3416 constabit:

1980 3454 2124 3523 quod
2181 3455 2348 3519 brevi,
2399 3463 2459 3509 ut
2506 3469 2692 3526 spero,
2749 3456 3079 3519 absolvetur,
3135 3454 3351 3509 favente
3396 3452 3550 3506 hisce

1982 3542 2177 3596 studiis
2206 3542 2410 3598 nostris
2438 3534 2807 3598 illustrissimo
2825 3544 3043 3607 comite,
3078 3541 3383 3598 cancellarii
3415 3539 3549 3603 ﬁlio,

1980 3633 2310 3705 Hieronymo
2355 3633 2819 3691 Ponchartraeuio.
2870 3635 3076 3706 Nempe
3123 3636 3213 3690 hic
3249 3635 3316 3690 ad
3367 3648 3575 3689 sccrc-'
3626 3656 3631 3663 ·

1982 3716 2118 3779 tiora
2152 3725 2316 3795 Regis
2358 3724 2587 3781 consilia
2616 3726 2907 3791 admissus,
2941 3736 3105 3797 atque
3136 3726 3307 3797 ipsius
3337 3725 3415 3781 rei
3455 3739 3552 3778 na-
3622 3714 3629 3767 ί

1980 3816 2117 3870 valis
2169 3816 2625 3873 administrationi
2673 3818 2982 3887 praefectus,
3032 3818 3234 3871 artium
3289 3822 3552 3886 praeterea

1984 3915 2041 3961 et
2076 3905 2488 3961 Academiarum
2526 3907 2709 3983 rebus
2739 3907 3055 3962 ordinandis
3104 3906 3388 3970 incumbit,
3432 3920 3551 3962 suc-

1985 4011 2169 4051 cessor
2192 3993 2339 4052 idem
2367 4005 2422 4053 et
2451 3998 2682 4054 annulus
2706 3999 2908 4070 patris;
2956 4014 3116 4069 quem
3146 4000 3452 4054 litterarum
3486 4012 3553 4054 ac

1984 4087 2348 4144 litteratorum
2386 4104 2575 4146 amore
2617 4098 2672 4145 et
2711 4090 2925 4146 exculto
2958 4091 3277 4146 liberalibus
3306 4091 3552 4161 discipli-

1982 4181 2071 4235 nis
2100 4181 2318 4252 ingenio
2348 4182 2427 4238 sic
2455 4182 2644 4247 refert.
2677 4194 2737 4240 ut
2761 4184 2812 4239 ei
2842 4198 2953 4240 non
2968 4194 3093 4240 4am
3117 4184 3173 4240 iu
3199 4198 3361 4239 curas
3386 4197 3550 4254 quam

1985 4274 2040 4328 iu
2070 4273 2283 4329 laudem
2314 4276 2645 4332 successisse
2686 4276 2952 4333 videatur.
3290 4286 3297 4297 ‘

368 4457 1237 4546 (gi-392i._il[£[nlxl.l{ctfpjnon
1251 4467 1526 4546 ‘viderunt.
1557 4472 1623 4521 Ι-ἰλ
1650 4469 1751 4546 bis
1789 4479 1952 4546 autem
1977 4489 2089 4546 qua;
2107 4475 2188 4546 hic
2226 4477 2641 4546 promittebaptur
2678 4481 2919 4545 pleraque
2958 4485 3131 4546 postea
3167 4478 3462 4544 prodierunt
3499 4483 3552 4531 et

312 4528 504 4572 exstant
523 4526 578 4572 in
590 4526 930 4588 superioribus
950 4531 1092 4579 tomis
1115 4529 1189 4578 vel
1216 4531 1438 4591 proxime
1451 4534 1777 4595 sequentibus
1795 4543 1975 4588 nostrae
1995 4526 2664 4592 collectio'ttisfliotrif'ﬁn.
