  <div class='ocr_page' id='page_1' title='image "/cluster/home/n/w/nwhite01/storage/ocr_20150623/148/hvd.32044019208362/017.png"; bbox 0 0 4054 6680; ppageno 0'>
   <div class='ocr_carea' id='block_1_1' title="bbox 390 294 1942 420">
    <p class='ocr_par' dir='ltr' id='par_1_1' title="bbox 390 323 1902 408">
     <span class='ocr_line' id='line_1_1' title="bbox 390 323 1902 408; baseline 0.013 -21"><span class='ocrx_word' id='word_1_1' title='bbox 390 323 457 388; x_wconf 80' lang='grc'><strong>19</strong></span> <span class='ocrx_word' id='word_1_2' title='bbox 1481 343 1902 408; x_wconf 77' lang='lat' dir='ltr'><strong>NICEPJIORI</strong></span> 
     </span>
    </p>
   </div>
   <div class='ocr_carea' id='block_1_2' title="bbox 2045 294 3630 420">
    <p class='ocr_par' dir='ltr' id='par_1_2' title="bbox 2045 297 3630 420">
     <span class='ocr_line' id='line_1_2' title="bbox 2045 297 3630 420; baseline 0.008 -12"><span class='ocrx_word' id='word_1_3' title='bbox 2045 349 2325 416; x_wconf 64' lang='lat' dir='ltr'><strong>EGOBIE</strong></span> <span class='ocrx_word' id='word_1_4' title='bbox 2367 351 2562 415; x_wconf 77' lang='grc' dir='ltr'><strong>νιΤΑ.</strong></span> <span class='ocrx_word' id='word_1_5' title='bbox 2799 297 2814 302; x_wconf 21' lang='grc' dir='ltr'><em>ς</em></span> <span class='ocrx_word' id='word_1_6' title='bbox 3554 356 3630 420; x_wconf 76' lang='grc'><strong>20</strong></span> 
     </span>
    </p>
   </div>
   <div class='ocr_carea' id='block_1_3' title="bbox 395 521 3615 570">
    <p class='ocr_par' dir='ltr' id='par_1_3' title="bbox 395 521 3615 570">
     <span class='ocr_line' id='line_1_3' title="bbox 395 521 3615 570; baseline 0 -33"><span class='ocrx_word' id='word_1_7' title='bbox 395 521 3615 570; x_wconf 62' lang='lat'><strong>.____.______________________________________________________</strong></span> 
     </span>
    </p>
   </div>
   <div class='ocr_carea' id='block_1_4' title="bbox 937 640 3074 911">
    <p class='ocr_par' dir='ltr' id='par_1_4' title="bbox 937 640 3074 911">
     <span class='ocr_line' id='line_1_4' title="bbox 937 640 3074 911; baseline 0.014 -50"><span class='ocrx_word' id='word_1_8' title='bbox 937 640 1970 911; x_wconf 78' lang='lat' dir='ltr'><strong>NICEPHOBI</strong></span> <span class='ocrx_word' id='word_1_9' title='bbox 2104 667 3074 890; x_wconf 75' lang='lat' dir='ltr'><strong>GREGOB/E</strong></span> 
     </span>
    </p>
   </div>
   <div class='ocr_carea' id='block_1_5' title="bbox 1275 1024 2144 1118">
    <p class='ocr_par' dir='ltr' id='par_1_5' title="bbox 1275 1024 2144 1118">
     <span class='ocr_line' id='line_1_5' title="bbox 1275 1024 2144 1118; baseline 0.007 -6"><span class='ocrx_word' id='word_1_10' title='bbox 1275 1027 1604 1118; x_wconf 85' lang='lat' dir='ltr'><strong>VlTA.</strong></span> <span class='ocrx_word' id='word_1_11' title='bbox 1710 1024 2144 1118; x_wconf 78' lang='lat' dir='ltr'><strong>OPERA.</strong></span> 
     </span>
    </p>
   </div>
   <div class='ocr_carea' id='block_1_6' title="bbox 2253 1029 2728 1120">
    <p class='ocr_par' dir='ltr' id='par_1_6' title="bbox 2253 1029 2728 1120">
     <span class='ocr_line' id='line_1_6' title="bbox 2253 1029 2728 1120; baseline -0.006 -2"><span class='ocrx_word' id='word_1_12' title='bbox 2253 1029 2728 1120; x_wconf 81' lang='lat' dir='ltr'><strong>ELOGlA.</strong></span> 
     </span>
    </p>
   </div>
   <div class='ocr_carea' id='block_1_7' title="bbox 381 1208 3624 1310">
    <p class='ocr_par' dir='ltr' id='par_1_7' title="bbox 381 1208 3624 1310">
     <span class='ocr_line' id='line_1_7' title="bbox 381 1208 3624 1310; baseline 0.004 -33"><span class='ocrx_word' id='word_1_13' title='bbox 381 1208 475 1310; x_wconf 58' lang='lat' dir='ltr'><strong>4d.</strong></span> <span class='ocrx_word' id='word_1_14' title='bbox 533 1209 634 1278; x_wconf 77' lang='lat' dir='ltr'><strong>Ill.</strong></span> <span class='ocrx_word' id='word_1_15' title='bbox 688 1212 986 1280; x_wconf 71' lang='lat' dir='ltr'><strong>Abbatcm</strong></span> <span class='ocrx_word' id='word_1_16' title='bbox 1045 1219 1375 1282; x_wconf 84' lang='lat' dir='ltr'><strong>Camillum</strong></span> <span class='ocrx_word' id='word_1_17' title='bbox 1445 1223 1812 1298; x_wconf 69' lang='lat' dir='ltr'><strong>Tellerinm,</strong></span> <span class='ocrx_word' id='word_1_18' title='bbox 1875 1223 2280 1290; x_wconf 68' lang='lat' dir='ltr'><strong>Bibliothecw</strong></span> <span class='ocrx_word' id='word_1_19' title='bbox 2328 1229 2533 1307; x_wconf 75' lang='lat' dir='ltr'><strong>Rrgt’m</strong></span> <span class='ocrx_word' id='word_1_20' title='bbox 2596 1229 2988 1306; x_wconf 74' lang='lat' dir='ltr'><strong>Prw/cetum,</strong></span> <span class='ocrx_word' id='word_1_21' title='bbox 3045 1229 3295 1310; x_wconf 78' lang='lat' dir='ltr'><strong>scripsit</strong></span> <span class='ocrx_word' id='word_1_22' title='bbox 3347 1230 3624 1291; x_wconf 76' lang='lat' dir='ltr'><strong>Joannes</strong></span> 
     </span>
    </p>
   </div>
   <div class='ocr_carea' id='block_1_8' title="bbox 1834 1333 2166 1394">
    <p class='ocr_par' dir='ltr' id='par_1_8' title="bbox 1834 1333 2166 1394">
     <span class='ocr_line' id='line_1_8' title="bbox 1834 1333 2166 1394; baseline 0.009 -3"><span class='ocrx_word' id='word_1_23' title='bbox 1834 1333 2166 1394; x_wconf 75' lang='lat' dir='ltr'><strong>Boivinus.</strong></span> 
     </span>
    </p>
   </div>
   <div class='ocr_carea' id='block_1_9' title="bbox 1843 1639 2260 1773">
    <p class='ocr_par' dir='ltr' id='par_1_9' title="bbox 1843 1639 2260 1773">
     <span class='ocr_line' id='line_1_9' title="bbox 1843 1639 2260 1773; baseline -0.012 -45"><span class='ocrx_word' id='word_1_24' title='bbox 1843 1639 2260 1773; x_wconf 24' lang='lat' dir='ltr'><strong>VITA..</strong></span> 
     </span>
    </p>
   </div>
   <div class='ocr_carea' id='block_1_10' title="bbox 443 1945 3626 2032">
    <p class='ocr_par' dir='ltr' id='par_1_10' title="bbox 443 1945 3626 2032">
     <span class='ocr_line' id='line_1_10' title="bbox 443 1945 3626 2032; baseline 0.002 -30"><span class='ocrx_word' id='word_1_25' title='bbox 443 1945 697 2019; x_wconf 65' lang='lat' dir='ltr'><strong>Gregorae</strong></span> <span class='ocrx_word' id='word_1_26' title='bbox 718 1948 880 2004; x_wconf 78' lang='lat' dir='ltr'><strong>vitam</strong></span> <span class='ocrx_word' id='word_1_27' title='bbox 905 1988 922 2013; x_wconf 90' lang='lat'><strong>,</strong></span> <span class='ocrx_word' id='word_1_28' title='bbox 951 1964 1204 2009; x_wconf 82' lang='lat' dir='ltr'><strong>accurate</strong></span> <span class='ocrx_word' id='word_1_29' title='bbox 1233 1964 1557 2020; x_wconf 78' lang='lat' dir='ltr'><strong>enarratam,</strong></span> <span class='ocrx_word' id='word_1_30' title='bbox 1587 1969 1694 2010; x_wconf 88' lang='lat' dir='ltr'><strong>non</strong></span> <span class='ocrx_word' id='word_1_31' title='bbox 1724 1953 1794 2008; x_wconf 89' lang='lat' dir='ltr'><strong>ita</strong></span> <span class='ocrx_word' id='word_1_32' title='bbox 1823 1952 1937 2032; x_wconf 42' lang='lat' dir='ltr'><strong>prie</strong></span> <span class='ocrx_word' id='word_1_33' title='bbox 1967 1958 2012 2016; x_wconf 68' lang='grc' dir='ltr'>Α</span> <span class='ocrx_word' id='word_1_34' title='bbox 2041 1953 2190 2010; x_wconf 82' lang='lat' dir='ltr'><strong>Asia.</strong></span> <span class='ocrx_word' id='word_1_35' title='bbox 2229 1953 2634 2026; x_wconf 81' lang='lat' dir='ltr'><strong>Paphlagonem</strong></span> <span class='ocrx_word' id='word_1_36' title='bbox 2694 1968 2818 2008; x_wconf 86' lang='lat' dir='ltr'><strong>eum</strong></span> <span class='ocrx_word' id='word_1_37' title='bbox 2877 1953 3006 2008; x_wconf 72' lang='lat' dir='ltr'><strong>facit</strong></span> <span class='ocrx_word' id='word_1_38' title='bbox 3065 1951 3374 2023; x_wconf 81' lang='lat' dir='ltr'><strong>patriarcha</strong></span> <span class='ocrx_word' id='word_1_39' title='bbox 3437 1952 3626 2010; x_wconf 83' lang='lat' dir='ltr'><strong>Philo-</strong></span> 
     </span>
    </p>
   </div>
   <div class='ocr_carea' id='block_1_11' title="bbox 375 2043 1950 2115">
    <p class='ocr_par' dir='ltr' id='par_1_11' title="bbox 375 2043 1950 2115">
     <span class='ocr_line' id='line_1_11' title="bbox 375 2043 1950 2115; baseline 0.008 -23"><span class='ocrx_word' id='word_1_40' title='bbox 375 2043 496 2097; x_wconf 61' lang='grc' dir='ltr'><strong>εἴρω</strong></span> <span class='ocrx_word' id='word_1_41' title='bbox 513 2043 1032 2112; x_wconf 78' lang='lat' dir='ltr'><strong>vulgavitMartinus</strong></span> <span class='ocrx_word' id='word_1_42' title='bbox 1058 2044 1319 2115; x_wconf 85' lang='lat' dir='ltr'><strong>ilankius,</strong></span> <span class='ocrx_word' id='word_1_43' title='bbox 1361 2049 1443 2104; x_wconf 84' lang='lat' dir='ltr'><strong>vir</strong></span> <span class='ocrx_word' id='word_1_44' title='bbox 1461 2049 1654 2105; x_wconf 88' lang='lat' dir='ltr'><strong>doctus</strong></span> <span class='ocrx_word' id='word_1_45' title='bbox 1677 2060 1732 2104; x_wconf 90' lang='lat' dir='ltr'><strong>et</strong></span> <span class='ocrx_word' id='word_1_46' title='bbox 1756 2049 1809 2106; x_wconf 90' lang='lat' dir='ltr'><strong>in</strong></span> <span class='ocrx_word' id='word_1_47' title='bbox 1839 2048 1950 2104; x_wconf 88' lang='lat' dir='ltr'><strong>his-</strong></span> 
     </span>
    </p>
   </div>
   <div class='ocr_carea' id='block_1_12' title="bbox 380 2132 1950 2215">
    <p class='ocr_par' dir='ltr' id='par_1_12' title="bbox 380 2132 1950 2215">
     <span class='ocr_line' id='line_1_12' title="bbox 380 2132 1950 2215; baseline 0.008 -31"><span class='ocrx_word' id='word_1_48' title='bbox 380 2133 540 2189; x_wconf 86' lang='lat' dir='ltr'><strong>toriis</strong></span> <span class='ocrx_word' id='word_1_49' title='bbox 573 2132 777 2190; x_wconf 73' lang='lat' dir='ltr'><strong>Graecis</strong></span> <span class='ocrx_word' id='word_1_50' title='bbox 805 2134 1119 2206; x_wconf 84' lang='lat' dir='ltr'><strong>Latinisque</strong></span> <span class='ocrx_word' id='word_1_51' title='bbox 1145 2138 1288 2215; x_wconf 80' lang='lat' dir='ltr'><strong>haud</strong></span> <span class='ocrx_word' id='word_1_52' title='bbox 1315 2138 1663 2194; x_wconf 74' lang='lat' dir='ltr'><strong>mediocriter</strong></span> <span class='ocrx_word' id='word_1_53' title='bbox 1685 2149 1950 2196; x_wconf 76' lang='lat' dir='ltr'><strong>versatus.</strong></span> 
     </span>
    </p>
   </div>
   <div class='ocr_carea' id='block_1_13' title="bbox 377 2222 1951 2298">
    <p class='ocr_par' dir='ltr' id='par_1_13' title="bbox 377 2222 1951 2298">
     <span class='ocr_line' id='line_1_13' title="bbox 377 2222 1951 2298; baseline 0.009 -23"><span class='ocrx_word' id='word_1_54' title='bbox 377 2222 485 2278; x_wconf 86' lang='lat' dir='ltr'><strong>Sed</strong></span> <span class='ocrx_word' id='word_1_55' title='bbox 519 2224 565 2279; x_wconf 88' lang='lat' dir='ltr'><strong>is</strong></span> <span class='ocrx_word' id='word_1_56' title='bbox 589 2225 756 2280; x_wconf 90' lang='lat' dir='ltr'><strong>libros</strong></span> <span class='ocrx_word' id='word_1_57' title='bbox 776 2225 1031 2298; x_wconf 73' lang='lat' dir='ltr'><strong>Gregorae</strong></span> <span class='ocrx_word' id='word_1_58' title='bbox 1060 2228 1196 2284; x_wconf 87' lang='lat' dir='ltr'><strong>alios</strong></span> <span class='ocrx_word' id='word_1_59' title='bbox 1228 2245 1336 2284; x_wconf 90' lang='lat' dir='ltr'><strong>non</strong></span> <span class='ocrx_word' id='word_1_60' title='bbox 1369 2230 1599 2298; x_wconf 75' lang='lat' dir='ltr'><strong>viderat,</strong></span> <span class='ocrx_word' id='word_1_61' title='bbox 1646 2230 1751 2286; x_wconf 85' lang='lat' dir='ltr'><strong>nisi</strong></span> <span class='ocrx_word' id='word_1_62' title='bbox 1778 2232 1951 2288; x_wconf 86' lang='lat' dir='ltr'><strong>unde-</strong></span> 
     </span>
    </p>
   </div>
   <div class='ocr_carea' id='block_1_14' title="bbox 2047 2043 3624 2118">
    <p class='ocr_par' dir='ltr' id='par_1_14' title="bbox 2047 2043 3624 2118">
     <span class='ocr_line' id='line_1_14' title="bbox 2047 2043 3624 2118; baseline -0.003 -16"><span class='ocrx_word' id='word_1_63' title='bbox 2047 2046 2214 2102; x_wconf 89' lang='lat' dir='ltr'><strong>.tbeus</strong></span> <span class='ocrx_word' id='word_1_64' title='bbox 2269 2045 2324 2100; x_wconf 91' lang='lat' dir='ltr'><strong>in</strong></span> <span class='ocrx_word' id='word_1_65' title='bbox 2382 2045 2768 2102; x_wconf 80' lang='lat' dir='ltr'><strong>Antirrheticis</strong></span> <span class='ocrx_word' id='word_1_66' title='bbox 2819 2044 2920 2116; x_wconf 84' lang='lat' dir='ltr'><strong>(l).</strong></span> <span class='ocrx_word' id='word_1_67' title='bbox 2983 2043 3210 2115; x_wconf 66' lang='lat' dir='ltr'><strong>ipse‘in</strong></span> <span class='ocrx_word' id='word_1_68' title='bbox 3278 2045 3488 2118; x_wconf 77' lang='lat' dir='ltr'><strong>dialogo</strong></span> <span class='ocrx_word' id='word_1_69' title='bbox 3549 2045 3624 2099; x_wconf 84' lang='lat' dir='ltr'><strong>De</strong></span> 
     </span>
    </p>
   </div>
   <div class='ocr_carea' id='block_1_15' title="bbox 2052 2136 3620 2208">
    <p class='ocr_par' dir='ltr' id='par_1_15' title="bbox 2052 2136 3620 2208">
     <span class='ocr_line' id='line_1_15' title="bbox 2052 2136 3620 2208; baseline 0 -16"><span class='ocrx_word' id='word_1_70' title='bbox 2052 2137 2327 2208; x_wconf 72' lang='lat' dir='ltr'><strong>Sapientia</strong></span> <span class='ocrx_word' id='word_1_71' title='bbox 2361 2147 2519 2194; x_wconf 81' lang='lat' dir='ltr'><strong>vocat</strong></span> <span class='ocrx_word' id='word_1_72' title='bbox 2550 2153 2609 2193; x_wconf 90' lang='lat' dir='ltr'><strong>se</strong></span> <span class='ocrx_word' id='word_1_73' title='bbox 2637 2136 3034 2193; x_wconf 79' lang='lat' dir='ltr'><strong>lieraeieotam.</strong></span> <span class='ocrx_word' id='word_1_74' title='bbox 3079 2137 3421 2194; x_wconf 78' lang='lat' dir='ltr'><strong>Avunculum</strong></span> <span class='ocrx_word' id='word_1_75' title='bbox 3470 2148 3620 2194; x_wconf 87' lang='lat' dir='ltr'><strong>certe</strong></span> 
     </span>
    </p>
   </div>
   <div class='ocr_carea' id='block_1_16' title="bbox 2049 2227 3619 2304">
    <p class='ocr_par' dir='ltr' id='par_1_16' title="bbox 2049 2227 3619 2304">
     <span class='ocr_line' id='line_1_16' title="bbox 2049 2227 3619 2304; baseline -0.001 -19"><span class='ocrx_word' id='word_1_76' title='bbox 2049 2229 2243 2285; x_wconf 91' lang='lat' dir='ltr'><strong>habuit</strong></span> <span class='ocrx_word' id='word_1_77' title='bbox 2293 2227 2557 2286; x_wconf 84' lang='lat' dir='ltr'><strong>Joannem</strong></span> <span class='ocrx_word' id='word_1_78' title='bbox 2616 2229 2734 2304; x_wconf 61' lang='lat' dir='ltr'><strong>(eL</strong></span> <span class='ocrx_word' id='word_1_79' title='bbox 2764 2229 3053 2286; x_wconf 59' lang='lat' dir='ltr'><strong>Heracleas</strong></span> <span class='ocrx_word' id='word_1_80' title='bbox 3119 2231 3619 2300; x_wconf 83' lang='lat' dir='ltr'><strong>metropolitanum,</strong></span> 
     </span>
    </p>
   </div>
   <div class='ocr_carea' id='block_1_17' title="bbox 373 2315 3624 2399">
    <p class='ocr_par' dir='ltr' id='par_1_17' title="bbox 373 2315 3624 2399">
     <span class='ocr_line' id='line_1_17' title="bbox 373 2315 3624 2399; baseline 0.002 -30"><span class='ocrx_word' id='word_1_81' title='bbox 373 2315 480 2370; x_wconf 82' lang='lat' dir='ltr'><strong>cim</strong></span> <span class='ocrx_word' id='word_1_82' title='bbox 507 2317 738 2384; x_wconf 79' lang='lat' dir='ltr'><strong>priores.</strong></span> <span class='ocrx_word' id='word_1_83' title='bbox 771 2319 841 2374; x_wconf 90' lang='lat' dir='ltr'><strong>ab</strong></span> <span class='ocrx_word' id='word_1_84' title='bbox 876 2317 1210 2392; x_wconf 78' lang='lat' dir='ltr'><strong>Hieronymo</strong></span> <span class='ocrx_word' id='word_1_85' title='bbox 1244 2321 1441 2378; x_wconf 85' lang='lat' dir='ltr'><strong>Woliio</strong></span> <span class='ocrx_word' id='word_1_86' title='bbox 1488 2325 1687 2399; x_wconf 79' lang='lat' dir='ltr'><strong>editos.</strong></span> <span class='ocrx_word' id='word_1_87' title='bbox 1727 2327 1860 2396; x_wconf 78' lang='lat' dir='ltr'><strong>Ego,</strong></span> <span class='ocrx_word' id='word_1_88' title='bbox 1892 2333 1952 2381; x_wconf 91' lang='lat' dir='ltr'><strong>ut</strong></span> <span class='ocrx_word' id='word_1_89' title='bbox 2049 2321 2170 2392; x_wconf 84' lang='lat' dir='ltr'><strong>ejus</strong></span> <span class='ocrx_word' id='word_1_90' title='bbox 2195 2321 2423 2388; x_wconf 76' lang='lat' dir='ltr'><strong>scilicet,</strong></span> <span class='ocrx_word' id='word_1_91' title='bbox 2461 2335 2581 2391; x_wconf 68' lang='lat' dir='ltr'><strong>qua</strong></span> <span class='ocrx_word' id='word_1_92' title='bbox 2603 2319 2864 2376; x_wconf 82' lang='lat' dir='ltr'><strong>Heraclea</strong></span> <span class='ocrx_word' id='word_1_93' title='bbox 2889 2321 3051 2376; x_wconf 82' lang='lat' dir='ltr'><strong>Ponti</strong></span> <span class='ocrx_word' id='word_1_94' title='bbox 3081 2319 3282 2376; x_wconf 84' lang='lat' dir='ltr'><strong>dicitur</strong></span> <span class='ocrx_word' id='word_1_95' title='bbox 3323 2328 3381 2376; x_wconf 89' lang='lat' dir='ltr'><strong>et</strong></span> <span class='ocrx_word' id='word_1_96' title='bbox 3406 2320 3508 2376; x_wconf 84' lang='lat' dir='ltr'><strong>sita</strong></span> <span class='ocrx_word' id='word_1_97' title='bbox 3541 2329 3624 2374; x_wconf 84' lang='lat' dir='ltr'><strong>est</strong></span> 
     </span>
    </p>
   </div>
   <div class='ocr_carea' id='block_1_18' title="bbox 374 2407 1950 2487">
    <p class='ocr_par' dir='ltr' id='par_1_18' title="bbox 374 2407 1950 2487">
     <span class='ocr_line' id='line_1_18' title="bbox 374 2407 1950 2487; baseline 0.008 -27"><span class='ocrx_word' id='word_1_98' title='bbox 374 2415 492 2462; x_wconf 85' lang='lat' dir='ltr'><strong>tute</strong></span> <span class='ocrx_word' id='word_1_99' title='bbox 545 2407 674 2475; x_wconf 91' lang='lat' dir='ltr'><strong>scis,</strong></span> <span class='ocrx_word' id='word_1_100' title='bbox 704 2409 891 2466; x_wconf 82' lang='lat' dir='ltr'><strong>Abbas</strong></span> <span class='ocrx_word' id='word_1_101' title='bbox 943 2411 1304 2480; x_wconf 84' lang='lat' dir='ltr'><strong>nobilissime,</strong></span> <span class='ocrx_word' id='word_1_102' title='bbox 1343 2415 1582 2487; x_wconf 79' lang='lat' dir='ltr'><strong>integros</strong></span> <span class='ocrx_word' id='word_1_103' title='bbox 1632 2417 1950 2487; x_wconf 87' lang='lat' dir='ltr'><strong>duodequa-</strong></span> 
     </span>
    </p>
   </div>
   <div class='ocr_carea' id='block_1_19' title="bbox 373 2499 1948 2574">
    <p class='ocr_par' dir='ltr' id='par_1_19' title="bbox 373 2499 1948 2574">
     <span class='ocr_line' id='line_1_19' title="bbox 373 2499 1948 2574; baseline 0.006 -22"><span class='ocrx_word' id='word_1_104' title='bbox 373 2499 623 2569; x_wconf 80' lang='lat' dir='ltr'><strong>draginta</strong></span> <span class='ocrx_word' id='word_1_105' title='bbox 649 2499 847 2562; x_wconf 81' lang='lat' dir='ltr'><strong>habui;</strong></span> <span class='ocrx_word' id='word_1_106' title='bbox 875 2499 1005 2555; x_wconf 82' lang='lat' dir='ltr'><strong>item</strong></span> <span class='ocrx_word' id='word_1_107' title='bbox 1029 2501 1135 2555; x_wconf 85' lang='lat' dir='ltr'><strong>alia</strong></span> <span class='ocrx_word' id='word_1_108' title='bbox 1159 2503 1409 2572; x_wconf 69' lang='lat' dir='ltr'><strong>quaedam</strong></span> <span class='ocrx_word' id='word_1_109' title='bbox 1435 2506 1677 2574; x_wconf 80' lang='lat' dir='ltr'><strong>eiusdem</strong></span> <span class='ocrx_word' id='word_1_110' title='bbox 1707 2505 1948 2562; x_wconf 81' lang='lat' dir='ltr'><strong>auctoris</strong></span> 
     </span>
    </p>
   </div>
   <div class='ocr_carea' id='block_1_20' title="bbox 336 2590 1950 2668">
    <p class='ocr_par' dir='ltr' id='par_1_20' title="bbox 336 2590 1950 2668">
     <span class='ocr_line' id='line_1_20' title="bbox 336 2590 1950 2668; baseline 0.006 -26"><span class='ocrx_word' id='word_1_111' title='bbox 336 2590 658 2654; x_wconf 79' lang='lat' dir='ltr'><strong>-anccdota,</strong></span> <span class='ocrx_word' id='word_1_112' title='bbox 697 2607 761 2646; x_wconf 90' lang='lat' dir='ltr'><strong>ac</strong></span> <span class='ocrx_word' id='word_1_113' title='bbox 794 2590 848 2644; x_wconf 91' lang='lat' dir='ltr'><strong>in</strong></span> <span class='ocrx_word' id='word_1_114' title='bbox 886 2593 954 2648; x_wconf 90' lang='lat' dir='ltr'><strong>iis</strong></span> <span class='ocrx_word' id='word_1_115' title='bbox 999 2593 1271 2663; x_wconf 82' lang='lat' dir='ltr'><strong>dialogum</strong></span> <span class='ocrx_word' id='word_1_116' title='bbox 1317 2595 1390 2650; x_wconf 83' lang='lat' dir='ltr'><strong>De</strong></span> <span class='ocrx_word' id='word_1_117' title='bbox 1425 2593 1725 2666; x_wconf 78' lang='lat' dir='ltr'><strong>Sapientia,</strong></span> <span class='ocrx_word' id='word_1_118' title='bbox 1761 2597 1853 2668; x_wconf 90' lang='lat' dir='ltr'><strong>qui</strong></span> <span class='ocrx_word' id='word_1_119' title='bbox 1893 2605 1950 2653; x_wconf 88' lang='lat' dir='ltr'><strong>et</strong></span> 
     </span>
    </p>
   </div>
   <div class='ocr_carea' id='block_1_21' title="bbox 376 2681 1945 2762">
    <p class='ocr_par' dir='ltr' id='par_1_21' title="bbox 376 2681 1945 2762">
     <span class='ocr_line' id='line_1_21' title="bbox 376 2681 1945 2762; baseline 0.005 -26"><span class='ocrx_word' id='word_1_120' title='bbox 376 2681 680 2737; x_wconf 77' lang='lat' dir='ltr'><strong>Florentius</strong></span> <span class='ocrx_word' id='word_1_121' title='bbox 711 2684 1044 2740; x_wconf 81' lang='lat' dir='ltr'><strong>inscribitur.</strong></span> <span class='ocrx_word' id='word_1_122' title='bbox 1083 2685 1178 2742; x_wconf 85' lang='lat' dir='ltr'><strong>liis</strong></span> <span class='ocrx_word' id='word_1_123' title='bbox 1220 2687 1494 2752; x_wconf 88' lang='lat' dir='ltr'><strong>omnibus,</strong></span> <span class='ocrx_word' id='word_1_124' title='bbox 1527 2697 1582 2744; x_wconf 89' lang='lat' dir='ltr'><strong>et</strong></span> <span class='ocrx_word' id='word_1_125' title='bbox 1629 2690 1754 2748; x_wconf 78' lang='lat' dir='ltr'><strong>aliis</strong></span> <span class='ocrx_word' id='word_1_126' title='bbox 1809 2705 1945 2762; x_wconf 59' lang='lat' dir='ltr'><strong>praes</strong></span> 
     </span>
    </p>
   </div>
   <div class='ocr_carea' id='block_1_22' title="bbox 374 2776 1944 2861">
    <p class='ocr_par' dir='ltr' id='par_1_22' title="bbox 374 2776 1944 2861">
     <span class='ocr_line' id='line_1_22' title="bbox 374 2776 1944 2861; baseline 0.008 -35"><span class='ocrx_word' id='word_1_127' title='bbox 374 2785 522 2830; x_wconf 80' lang='lat' dir='ltr'><strong>terea</strong></span> <span class='ocrx_word' id='word_1_128' title='bbox 547 2777 836 2845; x_wconf 66' lang='lat' dir='ltr'><strong>aequalium</strong></span> <span class='ocrx_word' id='word_1_129' title='bbox 861 2776 1114 2847; x_wconf 74' lang='lat' dir='ltr'><strong>Gregora:</strong></span> <span class='ocrx_word' id='word_1_130' title='bbox 1133 2778 1460 2848; x_wconf 84' lang='lat' dir='ltr'><strong>scriptorum</strong></span> <span class='ocrx_word' id='word_1_131' title='bbox 1484 2779 1638 2861; x_wconf 78' lang='lat' dir='ltr'><strong>libris</strong></span> <span class='ocrx_word' id='word_1_132' title='bbox 1666 2782 1944 2852; x_wconf 85' lang='lat' dir='ltr'><strong>perlectis,</strong></span> 
     </span>
    </p>
   </div>
   <div class='ocr_carea' id='block_1_23' title="bbox 265 2868 1944 2956">
    <p class='ocr_par' dir='ltr' id='par_1_23' title="bbox 265 2868 1944 2956">
     <span class='ocr_line' id='line_1_23' title="bbox 265 2868 1944 2956; baseline 0.004 -35"><span class='ocrx_word' id='word_1_133' title='bbox 265 2873 281 2883; x_wconf 55' lang='grc' dir='ltr'><em>ί</em></span> <span class='ocrx_word' id='word_1_134' title='bbox 373 2869 608 2936; x_wconf 81' lang='lat' dir='ltr'><strong>plurima</strong></span> <span class='ocrx_word' id='word_1_135' title='bbox 639 2868 706 2924; x_wconf 84' lang='lat' dir='ltr'><strong>ad</strong></span> <span class='ocrx_word' id='word_1_136' title='bbox 735 2875 880 2924; x_wconf 88' lang='lat' dir='ltr'><strong>hunc</strong></span> <span class='ocrx_word' id='word_1_137' title='bbox 933 2869 1076 2926; x_wconf 88' lang='lat' dir='ltr'><strong>diem</strong></span> <span class='ocrx_word' id='word_1_138' title='bbox 1126 2869 1317 2940; x_wconf 85' lang='lat' dir='ltr'><strong>paucis</strong></span> <span class='ocrx_word' id='word_1_139' title='bbox 1369 2873 1694 2944; x_wconf 76' lang='lat' dir='ltr'><strong>investigata</strong></span> <span class='ocrx_word' id='word_1_140' title='bbox 1743 2872 1944 2956; x_wconf 76' lang='lat' dir='ltr'><strong>didici;</strong></span> 
     </span>
    </p>
   </div>
   <div class='ocr_carea' id='block_1_24' title="bbox 372 2961 1947 3034">
    <p class='ocr_par' dir='ltr' id='par_1_24' title="bbox 372 2961 1947 3034">
     <span class='ocr_line' id='line_1_24' title="bbox 372 2961 1947 3034; baseline 0.004 -21"><span class='ocrx_word' id='word_1_141' title='bbox 372 2973 599 3030; x_wconf 84' lang='lat' dir='ltr'><strong>remque</strong></span> <span class='ocrx_word' id='word_1_142' title='bbox 647 2961 714 3015; x_wconf 90' lang='lat' dir='ltr'><strong>ab</strong></span> <span class='ocrx_word' id='word_1_143' title='bbox 749 2961 972 3022; x_wconf 82' lang='lat' dir='ltr'><strong>homine</strong></span> <span class='ocrx_word' id='word_1_144' title='bbox 1003 2962 1240 3027; x_wconf 86' lang='lat' dir='ltr'><strong>erudito,</strong></span> <span class='ocrx_word' id='word_1_145' title='bbox 1300 2963 1394 3018; x_wconf 86' lang='lat' dir='ltr'><strong>sed</strong></span> <span class='ocrx_word' id='word_1_146' title='bbox 1451 2963 1558 3016; x_wconf 85' lang='lat' dir='ltr'><strong>illis</strong></span> <span class='ocrx_word' id='word_1_147' title='bbox 1603 2961 1742 3034; x_wconf 87' lang='lat' dir='ltr'><strong>ipsis</strong></span> <span class='ocrx_word' id='word_1_148' title='bbox 1785 2963 1947 3034; x_wconf 86' lang='lat' dir='ltr'><strong>adju-</strong></span> 
     </span>
    </p>
   </div>
   <div class='ocr_carea' id='block_1_25' title="bbox 375 3049 1944 3125">
    <p class='ocr_par' dir='ltr' id='par_1_25' title="bbox 375 3049 1944 3125">
     <span class='ocr_line' id='line_1_25' title="bbox 375 3049 1944 3125; baseline 0.007 -21"><span class='ocrx_word' id='word_1_149' title='bbox 375 3049 576 3107; x_wconf 86' lang='lat' dir='ltr'><strong>mentis</strong></span> <span class='ocrx_word' id='word_1_150' title='bbox 605 3052 1024 3120; x_wconf 87' lang='lat' dir='ltr'><strong>destituto,jam</strong></span> <span class='ocrx_word' id='word_1_151' title='bbox 1060 3053 1144 3123; x_wconf 94' lang='lat' dir='ltr'><strong>(ut</strong></span> <span class='ocrx_word' id='word_1_152' title='bbox 1200 3053 1462 3125; x_wconf 76' lang='lat' dir='ltr'><strong>diximus)</strong></span> <span class='ocrx_word' id='word_1_153' title='bbox 1513 3063 1823 3120; x_wconf 88' lang='lat' dir='ltr'><strong>tractatam,</strong></span> <span class='ocrx_word' id='word_1_154' title='bbox 1875 3055 1944 3116; x_wconf 82' lang='lat' dir='ltr'><strong>de</strong></span> 
     </span>
    </p>
   </div>
   <div class='ocr_carea' id='block_1_26' title="bbox 373 3145 1939 3216">
    <p class='ocr_par' dir='ltr' id='par_1_26' title="bbox 373 3145 1939 3216">
     <span class='ocr_line' id='line_1_26' title="bbox 373 3145 1939 3216; baseline 0.004 -20"><span class='ocrx_word' id='word_1_155' title='bbox 373 3159 515 3200; x_wconf 84' lang='lat' dir='ltr'><strong>novo</strong></span> <span class='ocrx_word' id='word_1_156' title='bbox 548 3145 820 3216; x_wconf 82' lang='lat' dir='ltr'><strong>explicare</strong></span> <span class='ocrx_word' id='word_1_157' title='bbox 856 3146 1092 3206; x_wconf 87' lang='lat' dir='ltr'><strong>institui.</strong></span> <span class='ocrx_word' id='word_1_158' title='bbox 1135 3147 1400 3203; x_wconf 64' lang='lat' dir='ltr'><strong>Craterum</strong></span> <span class='ocrx_word' id='word_1_159' title='bbox 1441 3149 1484 3203; x_wconf 89' lang='lat' dir='ltr'><strong>si</strong></span> <span class='ocrx_word' id='word_1_160' title='bbox 1527 3145 1715 3204; x_wconf 82' lang='lat' dir='ltr'><strong>Hankii</strong></span> <span class='ocrx_word' id='word_1_161' title='bbox 1757 3163 1939 3208; x_wconf 84' lang='lat' dir='ltr'><strong>exem-</strong></span> 
     </span>
    </p>
   </div>
   <div class='ocr_carea' id='block_1_27' title="bbox 376 3237 1940 3312">
    <p class='ocr_par' dir='ltr' id='par_1_27' title="bbox 376 3237 1940 3312">
     <span class='ocr_line' id='line_1_27' title="bbox 376 3237 1940 3312; baseline 0.003 -21"><span class='ocrx_word' id='word_1_162' title='bbox 376 3237 489 3308; x_wconf 90' lang='lat' dir='ltr'><strong>plo,</strong></span> <span class='ocrx_word' id='word_1_163' title='bbox 547 3238 849 3302; x_wconf 84' lang='lat' dir='ltr'><strong>alienorum</strong></span> <span class='ocrx_word' id='word_1_164' title='bbox 906 3256 1132 3310; x_wconf 89' lang='lat' dir='ltr'><strong>operum</strong></span> <span class='ocrx_word' id='word_1_165' title='bbox 1176 3240 1372 3312; x_wconf 86' lang='lat' dir='ltr'><strong>pannis</strong></span> <span class='ocrx_word' id='word_1_166' title='bbox 1419 3239 1662 3310; x_wconf 85' lang='lat' dir='ltr'><strong>undique</strong></span> <span class='ocrx_word' id='word_1_167' title='bbox 1705 3240 1940 3308; x_wconf 86' lang='lat' dir='ltr'><strong>collatis,</strong></span> 
     </span>
    </p>
   </div>
   <div class='ocr_carea' id='block_1_28' title="bbox 376 3316 1940 3399">
    <p class='ocr_par' dir='ltr' id='par_1_28' title="bbox 376 3316 1940 3399">
     <span class='ocr_line' id='line_1_28' title="bbox 376 3316 1940 3399; baseline 0.003 -14"><span class='ocrx_word' id='word_1_168' title='bbox 376 3329 667 3398; x_wconf 84' lang='lat' dir='ltr'><strong>quemdam</strong></span> <span class='ocrx_word' id='word_1_169' title='bbox 703 3319 868 3388; x_wconf 85' lang='lat' dir='ltr'><strong>veluti</strong></span> <span class='ocrx_word' id='word_1_170' title='bbox 903 3316 1190 3388; x_wconf 86' lang='lat' dir='ltr'><strong>centonem</strong></span> <span class='ocrx_word' id='word_1_171' title='bbox 1217 3332 1534 3399; x_wconf 83' lang='lat' dir='ltr'><strong>texuissem,</strong></span> <span class='ocrx_word' id='word_1_172' title='bbox 1565 3332 1772 3392; x_wconf 82' lang='lat' dir='ltr'><strong>veritus</strong></span> <span class='ocrx_word' id='word_1_173' title='bbox 1799 3347 1940 3397; x_wconf 86' lang='lat' dir='ltr'><strong>sum,</strong></span> 
     </span>
    </p>
   </div>
   <div class='ocr_carea' id='block_1_29' title="bbox 373 3425 1944 3506">
    <p class='ocr_par' dir='ltr' id='par_1_29' title="bbox 373 3425 1944 3506">
     <span class='ocr_line' id='line_1_29' title="bbox 373 3425 1944 3506; baseline 0.003 -30"><span class='ocrx_word' id='word_1_174' title='bbox 373 3439 445 3482; x_wconf 84' lang='lat' dir='ltr'><strong>ne</strong></span> <span class='ocrx_word' id='word_1_175' title='bbox 479 3439 706 3494; x_wconf 79' lang='lat' dir='ltr'><strong>parvum</strong></span> <span class='ocrx_word' id='word_1_176' title='bbox 739 3440 837 3496; x_wconf 88' lang='lat' dir='ltr'><strong>per</strong></span> <span class='ocrx_word' id='word_1_177' title='bbox 862 3441 922 3506; x_wconf 68' lang='lat' dir='ltr'><strong>se</strong></span> <span class='ocrx_word' id='word_1_178' title='bbox 955 3435 1332 3496; x_wconf 69' lang='lat' dir='ltr'><strong>argumentum</strong></span> <span class='ocrx_word' id='word_1_179' title='bbox 1367 3427 1423 3482; x_wconf 90' lang='lat' dir='ltr'><strong>in</strong></span> <span class='ocrx_word' id='word_1_180' title='bbox 1455 3441 1707 3498; x_wconf 79' lang='lat' dir='ltr'><strong>magnum</strong></span> <span class='ocrx_word' id='word_1_181' title='bbox 1741 3425 1944 3485; x_wconf 85' lang='lat' dir='ltr'><strong>sensim</strong></span> 
     </span>
    </p>
   </div>
   <div class='ocr_carea' id='block_1_30' title="bbox 373 3517 1947 3588">
    <p class='ocr_par' dir='ltr' id='par_1_30' title="bbox 373 3517 1947 3588">
     <span class='ocr_line' id='line_1_30' title="bbox 373 3517 1947 3588; baseline 0.001 -20"><span class='ocrx_word' id='word_1_182' title='bbox 373 3517 632 3574; x_wconf 81' lang='lat' dir='ltr'><strong>volumen</strong></span> <span class='ocrx_word' id='word_1_183' title='bbox 665 3527 1030 3576; x_wconf 77' lang='lat' dir='ltr'><strong>excresceret.</strong></span> <span class='ocrx_word' id='word_1_184' title='bbox 1064 3518 1224 3574; x_wconf 84' lang='lat' dir='ltr'><strong>Malui</strong></span> <span class='ocrx_word' id='word_1_185' title='bbox 1261 3518 1445 3588; x_wconf 86' lang='lat' dir='ltr'><strong>itaque</strong></span> <span class='ocrx_word' id='word_1_186' title='bbox 1480 3518 1618 3573; x_wconf 84' lang='lat' dir='ltr'><strong>meis</strong></span> <span class='ocrx_word' id='word_1_187' title='bbox 1656 3518 1856 3582; x_wconf 80' lang='lat' dir='ltr'><strong>verbis,</strong></span> <span class='ocrx_word' id='word_1_188' title='bbox 1891 3529 1947 3570; x_wconf 81' lang='lat' dir='ltr'><strong>et</strong></span> 
     </span>
    </p>
   </div>
   <div class='ocr_carea' id='block_1_31' title="bbox 373 3609 1945 3681">
    <p class='ocr_par' dir='ltr' id='par_1_31' title="bbox 373 3609 1945 3681">
     <span class='ocr_line' id='line_1_31' title="bbox 373 3609 1945 3681; baseline 0.003 -21"><span class='ocrx_word' id='word_1_189' title='bbox 373 3609 680 3668; x_wconf 69' lang='lat' dir='ltr'><strong>continenti</strong></span> <span class='ocrx_word' id='word_1_190' title='bbox 740 3609 854 3665; x_wconf 89' lang='lat' dir='ltr'><strong>fere</strong></span> <span class='ocrx_word' id='word_1_191' title='bbox 905 3611 1240 3674; x_wconf 85' lang='lat' dir='ltr'><strong>narratione,</strong></span> <span class='ocrx_word' id='word_1_192' title='bbox 1299 3610 1576 3681; x_wconf 79' lang='lat' dir='ltr'><strong>sigillatim</strong></span> <span class='ocrx_word' id='word_1_193' title='bbox 1609 3625 1836 3681; x_wconf 64' lang='lat' dir='ltr'><strong>quaeque</strong></span> <span class='ocrx_word' id='word_1_194' title='bbox 1889 3617 1945 3664; x_wconf 88' lang='lat' dir='ltr'><strong>et</strong></span> 
     </span>
    </p>
   </div>
   <div class='ocr_carea' id='block_1_32' title="bbox 373 3698 1942 3770">
    <p class='ocr_par' dir='ltr' id='par_1_32' title="bbox 373 3698 1942 3770">
     <span class='ocr_line' id='line_1_32' title="bbox 373 3698 1942 3770; baseline -0.001 -16"><span class='ocrx_word' id='word_1_195' title='bbox 373 3699 616 3758; x_wconf 80' lang='lat' dir='ltr'><strong>breviter</strong></span> <span class='ocrx_word' id='word_1_196' title='bbox 635 3714 1110 3764; x_wconf 73' lang='lat' dir='ltr'><strong>commemorare;</strong></span> <span class='ocrx_word' id='word_1_197' title='bbox 1142 3701 1400 3756; x_wconf 86' lang='lat' dir='ltr'><strong>nimirum</strong></span> <span class='ocrx_word' id='word_1_198' title='bbox 1426 3709 1483 3756; x_wconf 88' lang='lat' dir='ltr'><strong>ut</strong></span> <span class='ocrx_word' id='word_1_199' title='bbox 1511 3701 1670 3770; x_wconf 85' lang='lat' dir='ltr'><strong>cujus</strong></span> <span class='ocrx_word' id='word_1_200' title='bbox 1695 3698 1942 3754; x_wconf 87' lang='lat' dir='ltr'><strong>historici</strong></span> 
     </span>
    </p>
   </div>
   <div class='ocr_carea' id='block_1_33' title="bbox 373 3790 1944 3862">
    <p class='ocr_par' dir='ltr' id='par_1_33' title="bbox 373 3790 1944 3862">
     <span class='ocr_line' id='line_1_33' title="bbox 373 3790 1944 3862; baseline 0.001 -18"><span class='ocrx_word' id='word_1_201' title='bbox 373 3793 566 3857; x_wconf 85' lang='lat' dir='ltr'><strong>libros,</strong></span> <span class='ocrx_word' id='word_1_202' title='bbox 597 3808 694 3862; x_wconf 85' lang='lat' dir='ltr'><strong>per</strong></span> <span class='ocrx_word' id='word_1_203' title='bbox 721 3792 900 3848; x_wconf 75' lang='lat' dir='ltr'><strong>varias</strong></span> <span class='ocrx_word' id='word_1_204' title='bbox 921 3792 1286 3848; x_wconf 78' lang='lat' dir='ltr'><strong>bibliothecas</strong></span> <span class='ocrx_word' id='word_1_205' title='bbox 1311 3802 1470 3848; x_wconf 85' lang='lat' dir='ltr'><strong>antea</strong></span> <span class='ocrx_word' id='word_1_206' title='bbox 1509 3791 1806 3862; x_wconf 85' lang='lat' dir='ltr'><strong>dispersos,</strong></span> <span class='ocrx_word' id='word_1_207' title='bbox 1838 3790 1944 3845; x_wconf 88' lang='lat' dir='ltr'><strong>tuis</strong></span> 
     </span>
    </p>
   </div>
   <div class='ocr_carea' id='block_1_34' title="bbox 371 3883 1945 3959">
    <p class='ocr_par' dir='ltr' id='par_1_34' title="bbox 371 3883 1945 3959">
     <span class='ocr_line' id='line_1_34' title="bbox 371 3883 1945 3959; baseline -0.001 -17"><span class='ocrx_word' id='word_1_208' title='bbox 371 3887 680 3959; x_wconf 80' lang='lat' dir='ltr'><strong>sumptibus</strong></span> <span class='ocrx_word' id='word_1_209' title='bbox 711 3896 932 3958; x_wconf 84' lang='lat' dir='ltr'><strong>tuaque,</strong></span> <span class='ocrx_word' id='word_1_210' title='bbox 965 3885 1148 3942; x_wconf 81' lang='lat' dir='ltr'><strong>Abbas</strong></span> <span class='ocrx_word' id='word_1_211' title='bbox 1183 3887 1570 3949; x_wconf 85' lang='lat' dir='ltr'><strong>illustrissime,</strong></span> <span class='ocrx_word' id='word_1_212' title='bbox 1620 3883 1945 3941; x_wconf 83' lang='lat' dir='ltr'><strong>auctoritate</strong></span> 
     </span>
    </p>
   </div>
   <div class='ocr_carea' id='block_1_35' title="bbox 371 3977 1944 4052">
    <p class='ocr_par' dir='ltr' id='par_1_35' title="bbox 371 3977 1944 4052">
     <span class='ocr_line' id='line_1_35' title="bbox 371 3977 1944 4052; baseline -0.001 -15"><span class='ocrx_word' id='word_1_213' title='bbox 371 3981 803 4052; x_wconf 74' lang='lat' dir='ltr'><strong>collegissemus,</strong></span> <span class='ocrx_word' id='word_1_214' title='bbox 833 3981 952 4052; x_wconf 88' lang='lat' dir='ltr'><strong>ejus</strong></span> <span class='ocrx_word' id='word_1_215' title='bbox 986 3988 1043 4035; x_wconf 91' lang='lat' dir='ltr'><strong>tu</strong></span> <span class='ocrx_word' id='word_1_216' title='bbox 1081 3981 1227 4036; x_wconf 88' lang='lat' dir='ltr'><strong>dicta</strong></span> <span class='ocrx_word' id='word_1_217' title='bbox 1265 3989 1321 4035; x_wconf 92' lang='lat' dir='ltr'><strong>et</strong></span> <span class='ocrx_word' id='word_1_218' title='bbox 1358 3979 1499 4035; x_wconf 84' lang='lat' dir='ltr'><strong>facta</strong></span> <span class='ocrx_word' id='word_1_219' title='bbox 1540 3977 1693 4034; x_wconf 87' lang='lat' dir='ltr'><strong>brevi</strong></span> <span class='ocrx_word' id='word_1_220' title='bbox 1723 3997 1818 4052; x_wconf 89' lang='lat' dir='ltr'><strong>per</strong></span> <span class='ocrx_word' id='word_1_221' title='bbox 1843 3993 1944 4035; x_wconf 87' lang='lat' dir='ltr'><strong>nos</strong></span> 
     </span>
    </p>
   </div>
   <div class='ocr_carea' id='block_1_36' title="bbox 374 4073 1946 4144">
    <p class='ocr_par' dir='ltr' id='par_1_36' title="bbox 374 4073 1946 4144">
     <span class='ocr_line' id='line_1_36' title="bbox 374 4073 1946 4144; baseline 0.001 -17"><span class='ocrx_word' id='word_1_222' title='bbox 374 4075 557 4130; x_wconf 82' lang='lat' dir='ltr'><strong>libello</strong></span> <span class='ocrx_word' id='word_1_223' title='bbox 580 4073 982 4144; x_wconf 82' lang='lat' dir='ltr'><strong>comprehensa</strong></span> <span class='ocrx_word' id='word_1_224' title='bbox 1011 4075 1280 4140; x_wconf 78' lang='lat' dir='ltr'><strong>haberes;</strong></span> <span class='ocrx_word' id='word_1_225' title='bbox 1311 4085 1367 4130; x_wconf 89' lang='lat' dir='ltr'><strong>et</strong></span> <span class='ocrx_word' id='word_1_226' title='bbox 1409 4074 1539 4130; x_wconf 88' lang='lat' dir='ltr'><strong>hinc</strong></span> <span class='ocrx_word' id='word_1_227' title='bbox 1570 4083 1772 4144; x_wconf 89' lang='lat' dir='ltr'><strong>quanta</strong></span> <span class='ocrx_word' id='word_1_228' title='bbox 1800 4073 1946 4144; x_wconf 86' lang='lat' dir='ltr'><strong>apud</strong></span> 
     </span>
    </p>
   </div>
   <div class='ocr_carea' id='block_1_37' title="bbox 373 4167 1944 4238">
    <p class='ocr_par' dir='ltr' id='par_1_37' title="bbox 373 4167 1944 4238">
     <span class='ocr_line' id='line_1_37' title="bbox 373 4167 1944 4238; baseline 0 -16"><span class='ocrx_word' id='word_1_229' title='bbox 373 4183 504 4223; x_wconf 87' lang='lat' dir='ltr'><strong>suos</strong></span> <span class='ocrx_word' id='word_1_230' title='bbox 535 4168 853 4224; x_wconf 79' lang='lat' dir='ltr'><strong>celebritate</strong></span> <span class='ocrx_word' id='word_1_231' title='bbox 883 4168 1154 4238; x_wconf 74' lang='lat' dir='ltr'><strong>Gregoras</strong></span> <span class='ocrx_word' id='word_1_232' title='bbox 1183 4178 1370 4224; x_wconf 86' lang='lat' dir='ltr'><strong>noster</strong></span> <span class='ocrx_word' id='word_1_233' title='bbox 1393 4169 1690 4230; x_wconf 78' lang='lat' dir='ltr'><strong>ﬂoruisset,</strong></span> <span class='ocrx_word' id='word_1_234' title='bbox 1730 4167 1944 4227; x_wconf 68' lang='lat' dir='ltr'><strong>facilius</strong></span> 
     </span>
    </p>
   </div>
   <div class='ocr_carea' id='block_1_38' title="bbox 325 4254 1943 4328">
    <p class='ocr_par' dir='ltr' id='par_1_38' title="bbox 325 4254 1943 4328">
     <span class='ocr_line' id='line_1_38' title="bbox 325 4254 1943 4328; baseline 0.002 -19"><span class='ocrx_word' id='word_1_235' title='bbox 325 4254 340 4294; x_wconf 51' lang='grc' dir='ltr'>ε</span> <span class='ocrx_word' id='word_1_236' title='bbox 375 4255 751 4326; x_wconf 75' lang='lat' dir='ltr'><strong>intelligeres;</strong></span> <span class='ocrx_word' id='word_1_237' title='bbox 793 4273 891 4313; x_wconf 88' lang='lat' dir='ltr'><strong>nec</strong></span> <span class='ocrx_word' id='word_1_238' title='bbox 927 4263 988 4312; x_wconf 86' lang='lat' dir='ltr'><strong>te&#39;</strong></span> <span class='ocrx_word' id='word_1_239' title='bbox 1018 4267 1228 4314; x_wconf 73' lang='lat' dir='ltr'><strong>navatae</strong></span> <span class='ocrx_word' id='word_1_240' title='bbox 1279 4259 1408 4314; x_wconf 91' lang='lat' dir='ltr'><strong>huic</strong></span> <span class='ocrx_word' id='word_1_241' title='bbox 1455 4257 1713 4328; x_wconf 86' lang='lat' dir='ltr'><strong>scriptori</strong></span> <span class='ocrx_word' id='word_1_242' title='bbox 1759 4272 1943 4327; x_wconf 71' lang='lat' dir='ltr'><strong>operai</strong></span> 
     </span>
    </p>
   </div>
   <div class='ocr_carea' id='block_1_39' title="bbox 373 4351 1936 4422">
    <p class='ocr_par' dir='ltr' id='par_1_39' title="bbox 373 4351 1936 4422">
     <span class='ocr_line' id='line_1_39' title="bbox 373 4351 1936 4422; baseline 0 -18"><span class='ocrx_word' id='word_1_243' title='bbox 373 4360 574 4406; x_wconf 74' lang='lat' dir='ltr'><strong>nostra:</strong></span> <span class='ocrx_word' id='word_1_244' title='bbox 597 4351 913 4422; x_wconf 76' lang='lat' dir='ltr'><strong>pmuiteret.</strong></span> <span class='ocrx_word' id='word_1_245' title='bbox 948 4351 1064 4406; x_wconf 82' lang='lat' dir='ltr'><strong>Non</strong></span> <span class='ocrx_word' id='word_1_246' title='bbox 1115 4367 1235 4407; x_wconf 90' lang='lat' dir='ltr'><strong>sum</strong></span> <span class='ocrx_word' id='word_1_247' title='bbox 1287 4363 1468 4408; x_wconf 89' lang='lat' dir='ltr'><strong>autem</strong></span> <span class='ocrx_word' id='word_1_248' title='bbox 1511 4353 1649 4408; x_wconf 90' lang='lat' dir='ltr'><strong>adeo</strong></span> <span class='ocrx_word' id='word_1_249' title='bbox 1696 4351 1936 4422; x_wconf 90' lang='lat' dir='ltr'><strong>iniquus,</strong></span> 
     </span>
    </p>
   </div>
   <div class='ocr_carea' id='block_1_40' title="bbox 375 4445 1940 4524">
    <p class='ocr_par' dir='ltr' id='par_1_40' title="bbox 375 4445 1940 4524">
     <span class='ocr_line' id='line_1_40' title="bbox 375 4445 1940 4524; baseline -0.001 -23"><span class='ocrx_word' id='word_1_250' title='bbox 375 4455 434 4501; x_wconf 87' lang='lat' dir='ltr'><strong>ut</strong></span> <span class='ocrx_word' id='word_1_251' title='bbox 468 4446 570 4510; x_wconf 81' lang='lat' dir='ltr'><strong>hac</strong></span> <span class='ocrx_word' id='word_1_252' title='bbox 603 4447 968 4516; x_wconf 83' lang='lat' dir='ltr'><strong>qualicunque</strong></span> <span class='ocrx_word' id='word_1_253' title='bbox 997 4447 1134 4520; x_wconf 66' lang='lat' dir='ltr'><strong>grati</strong></span> <span class='ocrx_word' id='word_1_254' title='bbox 1159 4446 1328 4521; x_wconf 76' lang='lat' dir='ltr'><strong>animi</strong></span> <span class='ocrx_word' id='word_1_255' title='bbox 1360 4447 1762 4517; x_wconf 74' lang='lat' dir='ltr'><strong>signiﬁcatione</strong></span> <span class='ocrx_word' id='word_1_256' title='bbox 1807 4445 1940 4524; x_wconf 71' lang='lat' dir='ltr'><strong>satis</strong></span> 
     </span>
    </p>
   </div>
   <div class='ocr_carea' id='block_1_41' title="bbox 373 4536 1942 4609">
    <p class='ocr_par' dir='ltr' id='par_1_41' title="bbox 373 4536 1942 4609">
     <span class='ocr_line' id='line_1_41' title="bbox 373 4536 1942 4609; baseline 0.001 -19"><span class='ocrx_word' id='word_1_257' title='bbox 373 4554 457 4594; x_wconf 90' lang='lat' dir='ltr'><strong>me</strong></span> <span class='ocrx_word' id='word_1_258' title='bbox 507 4538 598 4594; x_wconf 88' lang='lat' dir='ltr'><strong>tibi</strong></span> <span class='ocrx_word' id='word_1_259' title='bbox 661 4553 762 4609; x_wconf 88' lang='lat' dir='ltr'><strong>pro</strong></span> <span class='ocrx_word' id='word_1_260' title='bbox 791 4537 966 4594; x_wconf 73' lang='lat' dir='ltr'><strong>cilicio</strong></span> <span class='ocrx_word' id='word_1_261' title='bbox 1013 4551 1136 4592; x_wconf 87' lang='lat' dir='ltr'><strong>meo</strong></span> <span class='ocrx_word' id='word_1_262' title='bbox 1195 4536 1391 4592; x_wconf 87' lang='lat' dir='ltr'><strong>fecisse</strong></span> <span class='ocrx_word' id='word_1_263' title='bbox 1436 4537 1742 4592; x_wconf 85' lang='lat' dir='ltr'><strong>existimem</strong></span> <span class='ocrx_word' id='word_1_264' title='bbox 1782 4553 1798 4592; x_wconf 87' lang='lat'><strong>:</strong></span> <span class='ocrx_word' id='word_1_265' title='bbox 1840 4552 1942 4592; x_wconf 81' lang='lat' dir='ltr'><strong>nec</strong></span> 
     </span>
    </p>
   </div>
   <div class='ocr_carea' id='block_1_42' title="bbox 1972 3293 2020 3354">
    <p class='ocr_par' dir='ltr' id='par_1_42' title="bbox 1972 3293 2020 3354">
     <span class='ocr_line' id='line_1_42' title="bbox 1972 3293 2020 3354; baseline 0 0"><span class='ocrx_word' id='word_1_266' title='bbox 1972 3293 2020 3354; x_wconf 91' lang='lat' dir='ltr'><strong>B</strong></span> 
     </span>
    </p>
   </div>
   <div class='ocr_carea' id='block_1_43' title="bbox 2051 2411 3621 2492">
    <p class='ocr_par' dir='ltr' id='par_1_43' title="bbox 2051 2411 3621 2492">
     <span class='ocr_line' id='line_1_43' title="bbox 2051 2411 3621 2492; baseline -0.001 -24"><span class='ocrx_word' id='word_1_267' title='bbox 2051 2412 2108 2468; x_wconf 89' lang='lat' dir='ltr'><strong>in</strong></span> <span class='ocrx_word' id='word_1_268' title='bbox 2164 2413 2364 2469; x_wconf 86' lang='lat' dir='ltr'><strong>finibus</strong></span> <span class='ocrx_word' id='word_1_269' title='bbox 2414 2412 2818 2484; x_wconf 58' lang='lat' dir='ltr'><strong>Paphlagonia}.</strong></span> <span class='ocrx_word' id='word_1_270' title='bbox 2883 2413 3329 2492; x_wconf 20' lang='lat' dir='ltr'><strong>lie-parentibus</strong></span> <span class='ocrx_word' id='word_1_271' title='bbox 3384 2411 3621 2482; x_wconf 73' lang='lat' dir='ltr'><strong>aliisque</strong></span> 
     </span>
    </p>
   </div>
   <div class='ocr_carea' id='block_1_44' title="bbox 2051 2497 3223 2580">
    <p class='ocr_par' dir='ltr' id='par_1_44' title="bbox 2051 2497 3223 2580">
     <span class='ocr_line' id='line_1_44' title="bbox 2051 2497 3223 2580; baseline -0.003 -19"><span class='ocrx_word' id='word_1_272' title='bbox 2051 2504 2463 2580; x_wconf 38' lang='lat' dir='ltr'><strong>cognatis‘nihii</strong></span> <span class='ocrx_word' id='word_1_273' title='bbox 2495 2497 2772 2560; x_wconf 79' lang='lat' dir='ltr'><strong>memeriae</strong></span> <span class='ocrx_word' id='word_1_274' title='bbox 2813 2505 3087 2576; x_wconf 88' lang='lat' dir='ltr'><strong>proditum</strong></span> <span class='ocrx_word' id='word_1_275' title='bbox 3119 2513 3223 2560; x_wconf 87' lang='lat' dir='ltr'><strong>est.</strong></span> 
     </span>
    </p>
   </div>
   <div class='ocr_carea' id='block_1_45' title="bbox 2123 2595 3620 2670">
    <p class='ocr_par' dir='ltr' id='par_1_45' title="bbox 2123 2595 3620 2670">
     <span class='ocr_line' id='line_1_45' title="bbox 2123 2595 3620 2670; baseline -0.004 -17"><span class='ocrx_word' id='word_1_276' title='bbox 2123 2595 2183 2653; x_wconf 86' lang='lat' dir='ltr'><strong>ln</strong></span> <span class='ocrx_word' id='word_1_277' title='bbox 2243 2612 2307 2652; x_wconf 82' lang='lat' dir='ltr'><strong>ea</strong></span> <span class='ocrx_word' id='word_1_278' title='bbox 2363 2597 2500 2652; x_wconf 88' lang='lat' dir='ltr'><strong>urbe</strong></span> <span class='ocrx_word' id='word_1_279' title='bbox 2547 2596 2817 2652; x_wconf 86' lang='lat' dir='ltr'><strong>educatus</strong></span> <span class='ocrx_word' id='word_1_280' title='bbox 2867 2598 3042 2670; x_wconf 71' lang='lat' dir='ltr'><strong>prima</strong></span> <span class='ocrx_word' id='word_1_281' title='bbox 3088 2596 3314 2666; x_wconf 85' lang='lat' dir='ltr'><strong>puerilis</strong></span> <span class='ocrx_word' id='word_1_282' title='bbox 3359 2595 3620 2652; x_wconf 75' lang='lat' dir='ltr'><strong>doctrinae</strong></span> 
     </span>
    </p>
   </div>
   <div class='ocr_carea' id='block_1_46' title="bbox 2048 2688 3624 2760">
    <p class='ocr_par' dir='ltr' id='par_1_46' title="bbox 2048 2688 3624 2760">
     <span class='ocr_line' id='line_1_46' title="bbox 2048 2688 3624 2760; baseline -0.002 -17"><span class='ocrx_word' id='word_1_283' title='bbox 2048 2689 2355 2760; x_wconf 86' lang='lat' dir='ltr'><strong>rudimenta</strong></span> <span class='ocrx_word' id='word_1_284' title='bbox 2379 2693 2482 2746; x_wconf 86' lang='lat' dir='ltr'><strong>sub</strong></span> <span class='ocrx_word' id='word_1_285' title='bbox 2511 2689 2756 2744; x_wconf 79' lang='lat' dir='ltr'><strong>antistite</strong></span> <span class='ocrx_word' id='word_1_286' title='bbox 2775 2689 3045 2746; x_wconf 80' lang='lat' dir='ltr'><strong>avunculo</strong></span> <span class='ocrx_word' id='word_1_287' title='bbox 3065 2690 3264 2760; x_wconf 88' lang='lat' dir='ltr'><strong>posuit.</strong></span> <span class='ocrx_word' id='word_1_288' title='bbox 3286 2688 3416 2744; x_wconf 88' lang='lat' dir='ltr'><strong>lude</strong></span> <span class='ocrx_word' id='word_1_289' title='bbox 3442 2701 3624 2743; x_wconf 82' lang='lat' dir='ltr'><strong>trans-</strong></span> 
     </span>
    </p>
   </div>
   <div class='ocr_carea' id='block_1_47' title="bbox 2047 2781 3614 2854">
    <p class='ocr_par' dir='ltr' id='par_1_47' title="bbox 2047 2781 3614 2854">
     <span class='ocr_line' id='line_1_47' title="bbox 2047 2781 3614 2854; baseline -0.002 -16"><span class='ocrx_word' id='word_1_290' title='bbox 2047 2783 2212 2852; x_wconf 66' lang='lat' dir='ltr'><strong>latus:</strong></span> <span class='ocrx_word' id='word_1_291' title='bbox 2234 2781 2544 2854; x_wconf 84' lang='lat' dir='ltr'><strong>Byzantium</strong></span> <span class='ocrx_word' id='word_1_292' title='bbox 2575 2781 2652 2852; x_wconf 70' lang='grc' dir='ltr'><strong>(ὅ)</strong></span> <span class='ocrx_word' id='word_1_293' title='bbox 2697 2781 2918 2837; x_wconf 86' lang='lat' dir='ltr'><strong>tradidit</strong></span> <span class='ocrx_word' id='word_1_294' title='bbox 2955 2783 3094 2838; x_wconf 90' lang='lat' dir='ltr'><strong>sein</strong></span> <span class='ocrx_word' id='word_1_295' title='bbox 3121 2781 3466 2852; x_wconf 86' lang='lat' dir='ltr'><strong>disciplinam</strong></span> <span class='ocrx_word' id='word_1_296' title='bbox 3517 2797 3614 2851; x_wconf 84' lang='lat' dir='ltr'><strong>pa-</strong></span> 
     </span>
    </p>
   </div>
   <div class='ocr_carea' id='block_1_48' title="bbox 2047 2873 3622 2947">
    <p class='ocr_par' dir='ltr' id='par_1_48' title="bbox 2047 2873 3622 2947">
     <span class='ocr_line' id='line_1_48' title="bbox 2047 2873 3622 2947; baseline -0.002 -17"><span class='ocrx_word' id='word_1_297' title='bbox 2047 2874 2305 2934; x_wconf 70' lang='lat' dir='ltr'><strong>triarcha:</strong></span> <span class='ocrx_word' id='word_1_298' title='bbox 2329 2873 2559 2932; x_wconf 71' lang='lat' dir='ltr'><strong>Joannis</strong></span> <span class='ocrx_word' id='word_1_299' title='bbox 2590 2875 2842 2947; x_wconf 74' lang='lat' dir='ltr'><strong>Glyceos,</strong></span> <span class='ocrx_word' id='word_1_300' title='bbox 2874 2875 2967 2946; x_wconf 91' lang='lat' dir='ltr'><strong>qui</strong></span> <span class='ocrx_word' id='word_1_301' title='bbox 2994 2875 3138 2946; x_wconf 88' lang='lat' dir='ltr'><strong>apud</strong></span> <span class='ocrx_word' id='word_1_302' title='bbox 3182 2875 3326 2931; x_wconf 88' lang='lat' dir='ltr'><strong>illius</strong></span> <span class='ocrx_word' id='word_1_303' title='bbox 3376 2875 3499 2930; x_wconf 76' lang='lat' dir='ltr'><strong>tevi-</strong></span> <span class='ocrx_word' id='word_1_304' title='bbox 3525 2875 3622 2928; x_wconf 91' lang='lat' dir='ltr'><strong>ho-</strong></span> 
     </span>
    </p>
   </div>
   <div class='ocr_carea' id='block_1_49' title="bbox 2047 2967 3620 3038">
    <p class='ocr_par' dir='ltr' id='par_1_49' title="bbox 2047 2967 3620 3038">
     <span class='ocr_line' id='line_1_49' title="bbox 2047 2967 3620 3038; baseline -0.003 -14"><span class='ocrx_word' id='word_1_305' title='bbox 2047 2969 2228 3024; x_wconf 79' lang='lat' dir='ltr'><strong>mines</strong></span> <span class='ocrx_word' id='word_1_306' title='bbox 2247 2967 2648 3024; x_wconf 87' lang='lat' dir='ltr'><strong>disertissimus</strong></span> <span class='ocrx_word' id='word_1_307' title='bbox 2676 2975 2732 3023; x_wconf 90' lang='lat' dir='ltr'><strong>et</strong></span> <span class='ocrx_word' id='word_1_308' title='bbox 2774 2967 2939 3024; x_wconf 85' lang='lat' dir='ltr'><strong>Attici</strong></span> <span class='ocrx_word' id='word_1_309' title='bbox 2961 2969 3228 3024; x_wconf 85' lang='lat' dir='ltr'><strong>sermonis</strong></span> <span class='ocrx_word' id='word_1_310' title='bbox 3253 2967 3620 3038; x_wconf 85' lang='lat' dir='ltr'><strong>peritissimus</strong></span> 
     </span>
    </p>
   </div>
   <div class='ocr_carea' id='block_1_50' title="bbox 2048 3059 3620 3132">
    <p class='ocr_par' dir='ltr' id='par_1_50' title="bbox 2048 3059 3620 3132">
     <span class='ocr_line' id='line_1_50' title="bbox 2048 3059 3620 3132; baseline -0.002 -16"><span class='ocrx_word' id='word_1_311' title='bbox 2048 3060 2356 3116; x_wconf 88' lang='lat' dir='ltr'><strong>habebatur</strong></span> <span class='ocrx_word' id='word_1_312' title='bbox 2384 3059 2483 3132; x_wconf 67' lang='lat'><strong>(4).</strong></span> <span class='ocrx_word' id='word_1_313' title='bbox 2523 3061 2654 3131; x_wconf 81' lang='lat' dir='ltr'><strong>Eius</strong></span> <span class='ocrx_word' id='word_1_314' title='bbox 2681 3069 2862 3117; x_wconf 80' lang='lat' dir='ltr'><strong>autem</strong></span> <span class='ocrx_word' id='word_1_315' title='bbox 2899 3059 3178 3132; x_wconf 85' lang='lat' dir='ltr'><strong>pontificis</strong></span> <span class='ocrx_word' id='word_1_316' title='bbox 3221 3061 3620 3115; x_wconf 87' lang='lat' dir='ltr'><strong>consuetudine</strong></span> 
     </span>
    </p>
   </div>
   <div class='ocr_carea' id='block_1_51' title="bbox 2045 3146 3622 3223">
    <p class='ocr_par' dir='ltr' id='par_1_51' title="bbox 2045 3146 3622 3223">
     <span class='ocr_line' id='line_1_51' title="bbox 2045 3146 3622 3223; baseline -0.002 -17"><span class='ocrx_word' id='word_1_317' title='bbox 2045 3146 2330 3207; x_wconf 88' lang='lat' dir='ltr'><strong>studiosus</strong></span> <span class='ocrx_word' id='word_1_318' title='bbox 2377 3151 2598 3222; x_wconf 84' lang='lat' dir='ltr'><strong>juvenis</strong></span> <span class='ocrx_word' id='word_1_319' title='bbox 2633 3151 2712 3223; x_wconf 83' lang='lat'><strong>(5)</strong></span> <span class='ocrx_word' id='word_1_320' title='bbox 2765 3161 3056 3221; x_wconf 48' lang='lat' dir='ltr'><strong>tantopere</strong></span> <span class='ocrx_word' id='word_1_321' title='bbox 3104 3151 3502 3216; x_wconf 81' lang='lat' dir='ltr'><strong>delectabatur,</strong></span> <span class='ocrx_word' id='word_1_322' title='bbox 3563 3159 3622 3203; x_wconf 89' lang='lat' dir='ltr'><strong>ut</strong></span> 
     </span>
    </p>
   </div>
   <div class='ocr_carea' id='block_1_52' title="bbox 2046 3239 3617 3312">
    <p class='ocr_par' dir='ltr' id='par_1_52' title="bbox 2046 3239 3617 3312">
     <span class='ocr_line' id='line_1_52' title="bbox 2046 3239 3617 3312; baseline -0.003 -15"><span class='ocrx_word' id='word_1_323' title='bbox 2046 3242 2142 3298; x_wconf 89' lang='lat' dir='ltr'><strong>diu</strong></span> <span class='ocrx_word' id='word_1_324' title='bbox 2167 3252 2439 3310; x_wconf 77' lang='lat' dir='ltr'><strong>noctuque</strong></span> <span class='ocrx_word' id='word_1_325' title='bbox 2467 3241 2535 3296; x_wconf 87' lang='lat' dir='ltr'><strong>ab</strong></span> <span class='ocrx_word' id='word_1_326' title='bbox 2559 3240 2708 3298; x_wconf 87' lang='lat' dir='ltr'><strong>illius</strong></span> <span class='ocrx_word' id='word_1_327' title='bbox 2733 3257 2831 3297; x_wconf 89' lang='lat' dir='ltr'><strong>ore</strong></span> <span class='ocrx_word' id='word_1_328' title='bbox 2856 3242 3142 3312; x_wconf 90' lang='lat' dir='ltr'><strong>penderet.</strong></span> <span class='ocrx_word' id='word_1_329' title='bbox 3207 3239 3464 3298; x_wconf 74' lang='lat' dir='ltr'><strong>Vicissim</strong></span> <span class='ocrx_word' id='word_1_330' title='bbox 3516 3239 3617 3310; x_wconf 86' lang='lat' dir='ltr'><strong>ipsi</strong></span> 
     </span>
    </p>
   </div>
   <div class='ocr_carea' id='block_1_53' title="bbox 2047 3333 3619 3406">
    <p class='ocr_par' dir='ltr' id='par_1_53' title="bbox 2047 3333 3619 3406">
     <span class='ocr_line' id='line_1_53' title="bbox 2047 3333 3619 3406; baseline -0.003 -16"><span class='ocrx_word' id='word_1_331' title='bbox 2047 3334 2374 3405; x_wconf 72' lang='lat' dir='ltr'><strong>patriarcha:</strong></span> <span class='ocrx_word' id='word_1_332' title='bbox 2436 3335 2518 3390; x_wconf 84' lang='lat' dir='ltr'><strong>sic</strong></span> <span class='ocrx_word' id='word_1_333' title='bbox 2567 3334 2824 3405; x_wconf 88' lang='lat' dir='ltr'><strong>discipuli</strong></span> <span class='ocrx_word' id='word_1_334' title='bbox 2873 3334 3030 3390; x_wconf 85' lang='lat' dir='ltr'><strong>stilus</strong></span> <span class='ocrx_word' id='word_1_335' title='bbox 3071 3333 3344 3406; x_wconf 78' lang='lat' dir='ltr'><strong>placebat,</strong></span> <span class='ocrx_word' id='word_1_336' title='bbox 3379 3342 3439 3388; x_wconf 92' lang='lat' dir='ltr'><strong>ut</strong></span> <span class='ocrx_word' id='word_1_337' title='bbox 3467 3347 3619 3398; x_wconf 89' lang='lat' dir='ltr'><strong>eum,</strong></span> 
     </span>
    </p>
   </div>
   <div class='ocr_carea' id='block_1_54' title="bbox 2047 3424 3620 3499">
    <p class='ocr_par' dir='ltr' id='par_1_54' title="bbox 2047 3424 3620 3499">
     <span class='ocr_line' id='line_1_54' title="bbox 2047 3424 3620 3499; baseline -0.003 -17"><span class='ocrx_word' id='word_1_338' title='bbox 2047 3428 2211 3499; x_wconf 84' lang='lat' dir='ltr'><strong>longo</strong></span> <span class='ocrx_word' id='word_1_339' title='bbox 2280 3428 2486 3484; x_wconf 88' lang='lat' dir='ltr'><strong>morbo.</strong></span> <span class='ocrx_word' id='word_1_340' title='bbox 2521 3427 2841 3484; x_wconf 85' lang='lat' dir='ltr'><strong>debilitatus</strong></span> <span class='ocrx_word' id='word_1_341' title='bbox 2884 3426 3002 3496; x_wconf 80' lang='lat'><strong>(6),</strong></span> <span class='ocrx_word' id='word_1_342' title='bbox 3063 3433 3450 3482; x_wconf 87' lang='lat' dir='ltr'><strong>testamentum</strong></span> <span class='ocrx_word' id='word_1_343' title='bbox 3510 3424 3620 3480; x_wconf 90' lang='lat' dir='ltr'><strong>sibi</strong></span> 
     </span>
    </p>
   </div>
   <div class='ocr_carea' id='block_1_55' title="bbox 2047 3511 3406 3590">
    <p class='ocr_par' dir='ltr' id='par_1_55' title="bbox 2047 3511 3406 3590">
     <span class='ocr_line' id='line_1_55' title="bbox 2047 3511 3406 3590; baseline -0.005 -15"><span class='ocrx_word' id='word_1_344' title='bbox 2047 3520 2290 3575; x_wconf 83' lang='lat' dir='ltr'><strong>scribere</strong></span> <span class='ocrx_word' id='word_1_345' title='bbox 2310 3529 2366 3575; x_wconf 89' lang='lat' dir='ltr'><strong>et</strong></span> <span class='ocrx_word' id='word_1_346' title='bbox 2395 3533 2726 3590; x_wconf 87' lang='lat' dir='ltr'><strong>componere</strong></span> <span class='ocrx_word' id='word_1_347' title='bbox 2743 3517 2974 3586; x_wconf 78' lang='lat' dir='ltr'><strong>jusserit</strong></span> <span class='ocrx_word' id='word_1_348' title='bbox 2994 3517 3094 3588; x_wconf 93' lang='lat'><strong>(7).</strong></span> <span class='ocrx_word' id='word_1_349' title='bbox 3403 3511 3406 3513; x_wconf 31' lang='grc' dir='ltr'>λ</span> 
     </span>
    </p>
   </div>
   <div class='ocr_carea' id='block_1_56' title="bbox 2121 3593 3618 3682">
    <p class='ocr_par' dir='ltr' id='par_1_56' title="bbox 2121 3593 3618 3682">
     <span class='ocr_line' id='line_1_56' title="bbox 2121 3593 3618 3682; baseline -0.003 -16"><span class='ocrx_word' id='word_1_350' title='bbox 2121 3605 2202 3666; x_wconf 75' lang='lat' dir='ltr'><strong>Ut</strong></span> <span class='ocrx_word' id='word_1_351' title='bbox 2222 3612 2280 3667; x_wconf 88' lang='lat' dir='ltr'><strong>in</strong></span> <span class='ocrx_word' id='word_1_352' title='bbox 2305 3611 2596 3666; x_wconf 89' lang='lat' dir='ltr'><strong>rhetoricis</strong></span> <span class='ocrx_word' id='word_1_353' title='bbox 2622 3611 3010 3682; x_wconf 84' lang='lat' dir='ltr'><strong>patriarcham,</strong></span> <span class='ocrx_word' id='word_1_354' title='bbox 3043 3609 3118 3664; x_wconf 88' lang='lat' dir='ltr'><strong>ita</strong></span> <span class='ocrx_word' id='word_1_355' title='bbox 3154 3608 3208 3663; x_wconf 91' lang='lat' dir='ltr'><strong>in</strong></span> <span class='ocrx_word' id='word_1_356' title='bbox 3235 3593 3618 3664; x_wconf 86' lang='lat' dir='ltr'><strong>as-tronomicis</strong></span> 
     </span>
    </p>
   </div>
   <div class='ocr_carea' id='block_1_57' title="bbox 2047 3699 3616 3775">
    <p class='ocr_par' dir='ltr' id='par_1_57' title="bbox 2047 3699 3616 3775">
     <span class='ocr_line' id='line_1_57' title="bbox 2047 3699 3616 3775; baseline -0.003 -17"><span class='ocrx_word' id='word_1_357' title='bbox 2047 3719 2304 3775; x_wconf 77' lang='lat' dir='ltr'><strong>magnum</strong></span> <span class='ocrx_word' id='word_1_358' title='bbox 2329 3703 2660 3774; x_wconf 85' lang='lat' dir='ltr'><strong>logothetam</strong></span> <span class='ocrx_word' id='word_1_359' title='bbox 2685 3702 3004 3774; x_wconf 78' lang='lat' dir='ltr'><strong>magistrum</strong></span> <span class='ocrx_word' id='word_1_360' title='bbox 3021 3701 3376 3758; x_wconf 80' lang='lat' dir='ltr'><strong>excellentem</strong></span> <span class='ocrx_word' id='word_1_361' title='bbox 3403 3699 3616 3757; x_wconf 87' lang='lat' dir='ltr'><strong>habuit.</strong></span> 
     </span>
    </p>
   </div>
   <div class='ocr_carea' id='block_1_58' title="bbox 2041 3793 3612 3875">
    <p class='ocr_par' dir='ltr' id='par_1_58' title="bbox 2041 3793 3612 3875">
     <span class='ocr_line' id='line_1_58' title="bbox 2041 3793 3612 3875; baseline -0.002 -25"><span class='ocrx_word' id='word_1_362' title='bbox 2041 3795 2243 3875; x_wconf 80' lang='lat' dir='ltr'><strong>Eratis</strong></span> <span class='ocrx_word' id='word_1_363' title='bbox 2267 3794 2590 3852; x_wconf 76' lang='lat' dir='ltr'><strong>Theudorus</strong></span> <span class='ocrx_word' id='word_1_364' title='bbox 2625 3793 2950 3850; x_wconf 83' lang='lat' dir='ltr'><strong>Metocbites</strong></span> <span class='ocrx_word' id='word_1_365' title='bbox 2980 3811 2996 3850; x_wconf 90' lang='lat'><strong>:</strong></span> <span class='ocrx_word' id='word_1_366' title='bbox 3027 3795 3128 3866; x_wconf 84' lang='lat' dir='ltr'><strong>qui</strong></span> <span class='ocrx_word' id='word_1_367' title='bbox 3153 3793 3375 3866; x_wconf 88' lang='lat' dir='ltr'><strong>quidem</strong></span> <span class='ocrx_word' id='word_1_368' title='bbox 3431 3793 3612 3861; x_wconf 87' lang='lat' dir='ltr'><strong>initio,</strong></span> 
     </span>
    </p>
   </div>
   <div class='ocr_carea' id='block_1_59' title="bbox 2045 3887 3676 3964">
    <p class='ocr_par' dir='ltr' id='par_1_59' title="bbox 2045 3887 3676 3964">
     <span class='ocr_line' id='line_1_59' title="bbox 2045 3887 3676 3964; baseline -0.004 -20"><span class='ocrx_word' id='word_1_369' title='bbox 2045 3889 2165 3946; x_wconf 80' lang='lat' dir='ltr'><strong>sive</strong></span> <span class='ocrx_word' id='word_1_370' title='bbox 2199 3889 2457 3959; x_wconf 70' lang='lat' dir='ltr'><strong>Gregorae</strong></span> <span class='ocrx_word' id='word_1_371' title='bbox 2487 3888 2855 3945; x_wconf 85' lang='lat' dir='ltr'><strong>adolescentis</strong></span> <span class='ocrx_word' id='word_1_372' title='bbox 2881 3887 3165 3961; x_wconf 76' lang='lat' dir='ltr'><strong>ingenium</strong></span> <span class='ocrx_word' id='word_1_373' title='bbox 3217 3887 3460 3944; x_wconf 88' lang='lat' dir='ltr'><strong>nondum</strong></span> <span class='ocrx_word' id='word_1_374' title='bbox 3487 3901 3618 3958; x_wconf 80' lang='lat' dir='ltr'><strong>pcr-</strong></span> <span class='ocrx_word' id='word_1_375' title='bbox 3664 3945 3676 3964; x_wconf 43' lang='grc' dir='ltr'>ι</span> 
     </span>
    </p>
   </div>
   <div class='ocr_carea' id='block_1_60' title="bbox 2045 3980 3614 4053">
    <p class='ocr_par' dir='ltr' id='par_1_60' title="bbox 2045 3980 3614 4053">
     <span class='ocr_line' id='line_1_60' title="bbox 2045 3980 3614 4053; baseline -0.001 -15"><span class='ocrx_word' id='word_1_376' title='bbox 2045 3991 2297 4047; x_wconf 86' lang='lat' dir='ltr'><strong>noverat,</strong></span> <span class='ocrx_word' id='word_1_377' title='bbox 2325 3983 2442 4038; x_wconf 84' lang='lat' dir='ltr'><strong>sive</strong></span> <span class='ocrx_word' id='word_1_378' title='bbox 2466 3997 2668 4038; x_wconf 76' lang='lat' dir='ltr'><strong>arcana</strong></span> <span class='ocrx_word' id='word_1_379' title='bbox 2701 3981 3054 4038; x_wconf 85' lang='lat' dir='ltr'><strong>scientiarum</strong></span> <span class='ocrx_word' id='word_1_380' title='bbox 3087 3990 3295 4038; x_wconf 84' lang='lat' dir='ltr'><strong>temere</strong></span> <span class='ocrx_word' id='word_1_381' title='bbox 3343 3980 3614 4053; x_wconf 75' lang='lat' dir='ltr'><strong>divulgari</strong></span> 
     </span>
    </p>
   </div>
   <div class='ocr_carea' id='block_1_61' title="bbox 2043 4076 3617 4148">
    <p class='ocr_par' dir='ltr' id='par_1_61' title="bbox 2043 4076 3617 4148">
     <span class='ocr_line' id='line_1_61' title="bbox 2043 4076 3617 4148; baseline 0.003 -16"><span class='ocrx_word' id='word_1_382' title='bbox 2043 4077 2202 4133; x_wconf 86' lang='lat' dir='ltr'><strong>nefas</strong></span> <span class='ocrx_word' id='word_1_383' title='bbox 2227 4079 2475 4148; x_wconf 83' lang='lat' dir='ltr'><strong>putabat,</strong></span> <span class='ocrx_word' id='word_1_384' title='bbox 2505 4076 2722 4148; x_wconf 88' lang='lat' dir='ltr'><strong>parcius</strong></span> <span class='ocrx_word' id='word_1_385' title='bbox 2765 4092 2890 4132; x_wconf 90' lang='lat' dir='ltr'><strong>cum</strong></span> <span class='ocrx_word' id='word_1_386' title='bbox 2911 4093 2992 4134; x_wconf 52' lang='lat' dir='ltr'><strong>‘eo</strong></span> <span class='ocrx_word' id='word_1_387' title='bbox 3023 4078 3461 4148; x_wconf 88' lang='lat' dir='ltr'><strong>colloquebatur,</strong></span> <span class='ocrx_word' id='word_1_388' title='bbox 3510 4095 3617 4136; x_wconf 90' lang='lat' dir='ltr'><strong>nee</strong></span> 
     </span>
    </p>
   </div>
   <div class='ocr_carea' id='block_1_62' title="bbox 2047 4168 3613 4242">
    <p class='ocr_par' dir='ltr' id='par_1_62' title="bbox 2047 4168 3613 4242">
     <span class='ocr_line' id='line_1_62' title="bbox 2047 4168 3613 4242; baseline 0.002 -19"><span class='ocrx_word' id='word_1_389' title='bbox 2047 4183 2230 4224; x_wconf 88' lang='lat' dir='ltr'><strong>rerum</strong></span> <span class='ocrx_word' id='word_1_390' title='bbox 2279 4168 2646 4242; x_wconf 75' lang='lat' dir='ltr'><strong>cognitionem</strong></span> <span class='ocrx_word' id='word_1_391' title='bbox 2696 4169 2960 4241; x_wconf 74' lang='lat' dir='ltr'><strong>integram</strong></span> <span class='ocrx_word' id='word_1_392' title='bbox 3033 4169 3085 4224; x_wconf 91' lang='lat' dir='ltr'><strong>ei</strong></span> <span class='ocrx_word' id='word_1_393' title='bbox 3153 4169 3613 4227; x_wconf 87' lang='lat' dir='ltr'><strong>communicabat.</strong></span> 
     </span>
    </p>
   </div>
   <div class='ocr_carea' id='block_1_63' title="bbox 2047 4261 3612 4332">
    <p class='ocr_par' dir='ltr' id='par_1_63' title="bbox 2047 4261 3612 4332">
     <span class='ocr_line' id='line_1_63' title="bbox 2047 4261 3612 4332; baseline 0.003 -17"><span class='ocrx_word' id='word_1_394' title='bbox 2047 4261 2252 4317; x_wconf 89' lang='lat' dir='ltr'><strong>Deinde</strong></span> <span class='ocrx_word' id='word_1_395' title='bbox 2283 4261 2462 4319; x_wconf 76' lang='lat' dir='ltr'><strong>enixis</strong></span> <span class='ocrx_word' id='word_1_396' title='bbox 2493 4261 2749 4332; x_wconf 88' lang='lat' dir='ltr'><strong>precibus</strong></span> <span class='ocrx_word' id='word_1_397' title='bbox 2786 4271 2842 4318; x_wconf 92' lang='lat' dir='ltr'><strong>et</strong></span> <span class='ocrx_word' id='word_1_398' title='bbox 2867 4261 2934 4316; x_wconf 88' lang='lat' dir='ltr'><strong>ad</strong></span> <span class='ocrx_word' id='word_1_399' title='bbox 2973 4264 3413 4332; x_wconf 88' lang='lat' dir='ltr'><strong>persuadendum</strong></span> <span class='ocrx_word' id='word_1_400' title='bbox 3456 4279 3612 4319; x_wconf 87' lang='lat' dir='ltr'><strong>com-</strong></span> 
     </span>
    </p>
   </div>
   <div class='ocr_carea' id='block_1_64' title="bbox 2045 4353 3614 4426">
    <p class='ocr_par' dir='ltr' id='par_1_64' title="bbox 2045 4353 3614 4426">
     <span class='ocr_line' id='line_1_64' title="bbox 2045 4353 3614 4426; baseline 0.002 -18"><span class='ocrx_word' id='word_1_401' title='bbox 2045 4353 2221 4424; x_wconf 88' lang='lat' dir='ltr'><strong>posita</strong></span> <span class='ocrx_word' id='word_1_402' title='bbox 2249 4353 2494 4425; x_wconf 79' lang='lat' dir='ltr'><strong>ejusdem</strong></span> <span class='ocrx_word' id='word_1_403' title='bbox 2515 4354 2768 4408; x_wconf 89' lang='lat' dir='ltr'><strong>oratione</strong></span> <span class='ocrx_word' id='word_1_404' title='bbox 2795 4354 2972 4410; x_wconf 82' lang='lat' dir='ltr'><strong>victus</strong></span> <span class='ocrx_word' id='word_1_405' title='bbox 2992 4355 3231 4426; x_wconf 80' lang='lat' dir='ltr'><strong>perfecte</strong></span> <span class='ocrx_word' id='word_1_406' title='bbox 3253 4365 3310 4412; x_wconf 88' lang='lat' dir='ltr'><strong>et</strong></span> <span class='ocrx_word' id='word_1_407' title='bbox 3340 4356 3614 4413; x_wconf 87' lang='lat' dir='ltr'><strong>cumulate</strong></span> 
     </span>
    </p>
   </div>
   <div class='ocr_carea' id='block_1_65' title="bbox 2043 4439 3608 4519">
    <p class='ocr_par' dir='ltr' id='par_1_65' title="bbox 2043 4439 3608 4519">
     <span class='ocr_line' id='line_1_65' title="bbox 2043 4439 3608 4519; baseline 0.002 -18"><span class='ocrx_word' id='word_1_408' title='bbox 2043 4447 2094 4501; x_wconf 89' lang='lat' dir='ltr'><strong>ei</strong></span> <span class='ocrx_word' id='word_1_409' title='bbox 2139 4447 2326 4502; x_wconf 89' lang='lat' dir='ltr'><strong>omnia</strong></span> <span class='ocrx_word' id='word_1_410' title='bbox 2383 4446 2679 4502; x_wconf 60' lang='lat' dir='ltr'><strong>reconditae</strong></span> <span class='ocrx_word' id='word_1_411' title='bbox 2732 4447 2870 4501; x_wconf 88' lang='lat' dir='ltr'><strong>artis</strong></span> <span class='ocrx_word' id='word_1_412' title='bbox 2915 4457 3188 4519; x_wconf 68' lang='lat' dir='ltr'><strong>praecepta</strong></span> <span class='ocrx_word' id='word_1_413' title='bbox 3243 4439 3464 4504; x_wconf 84' lang='lat' dir='ltr'><strong>tradidit</strong></span> <span class='ocrx_word' id='word_1_414' title='bbox 3507 4449 3608 4518; x_wconf 85' lang='lat'><strong>(8).</strong></span> 
     </span>
    </p>
   </div>
   <div class='ocr_carea' id='block_1_66' title="bbox 2045 4537 3607 4604">
    <p class='ocr_par' dir='ltr' id='par_1_66' title="bbox 2045 4537 3607 4604">
     <span class='ocr_line' id='line_1_66' title="bbox 2045 4537 3607 4604; baseline -0.001 -12"><span class='ocrx_word' id='word_1_415' title='bbox 2045 4537 2186 4604; x_wconf 81' lang='lat' dir='ltr'><strong>Quin</strong></span> <span class='ocrx_word' id='word_1_416' title='bbox 2234 4547 2440 4594; x_wconf 81' lang='lat' dir='ltr'><strong>etcum</strong></span> <span class='ocrx_word' id='word_1_417' title='bbox 2477 4537 2743 4594; x_wconf 72' lang='lat' dir='ltr'><strong>doctrina:</strong></span> <span class='ocrx_word' id='word_1_418' title='bbox 2787 4539 3062 4594; x_wconf 68' lang='lat' dir='ltr'><strong>haeredetn</strong></span> <span class='ocrx_word' id='word_1_419' title='bbox 3109 4555 3137 4593; x_wconf 91' lang='lat' dir='ltr'><strong>a</strong></span> <span class='ocrx_word' id='word_1_420' title='bbox 3185 4553 3246 4593; x_wconf 80' lang='lat' dir='ltr'><strong>se</strong></span> <span class='ocrx_word' id='word_1_421' title='bbox 3298 4539 3607 4593; x_wconf 89' lang='lat' dir='ltr'><strong>institutum</strong></span> 
     </span>
    </p>
   </div>
   <div class='ocr_carea' id='block_1_67' title="bbox 373 4629 3607 4704">
    <p class='ocr_par' dir='ltr' id='par_1_67' title="bbox 373 4629 3607 4704">
     <span class='ocr_line' id='line_1_67' title="bbox 373 4629 3607 4704; baseline -0.001 -17"><span class='ocrx_word' id='word_1_422' title='bbox 373 4639 591 4687; x_wconf 90' lang='lat' dir='ltr'><strong>tuorum</strong></span> <span class='ocrx_word' id='word_1_423' title='bbox 665 4646 791 4702; x_wconf 81' lang='lat' dir='ltr'><strong>erga</strong></span> <span class='ocrx_word' id='word_1_424' title='bbox 846 4646 934 4686; x_wconf 90' lang='lat' dir='ltr'><strong>me</strong></span> <span class='ocrx_word' id='word_1_425' title='bbox 987 4631 1305 4686; x_wconf 78' lang='lat' dir='ltr'><strong>meritorum</strong></span> <span class='ocrx_word' id='word_1_426' title='bbox 1365 4630 1794 4700; x_wconf 77' lang='lat' dir='ltr'><strong>magnitudinem</strong></span> <span class='ocrx_word' id='word_1_427' title='bbox 1861 4630 1940 4687; x_wconf 89' lang='lat' dir='ltr'><strong>sic</strong></span> <span class='ocrx_word' id='word_1_428' title='bbox 1969 4645 2011 4704; x_wconf 76' lang='grc' dir='ltr'>ο</span> <span class='ocrx_word' id='word_1_429' title='bbox 2043 4631 2356 4702; x_wconf 67' lang='lat' dir='ltr'><strong>prtedicavit</strong></span> <span class='ocrx_word' id='word_1_430' title='bbox 2397 4645 2504 4684; x_wconf 89' lang='lat' dir='ltr'><strong>nou</strong></span> <span class='ocrx_word' id='word_1_431' title='bbox 2559 4631 2728 4686; x_wconf 84' lang='lat' dir='ltr'><strong>semel</strong></span> <span class='ocrx_word' id='word_1_432' title='bbox 2762 4630 2872 4701; x_wconf 90' lang='lat'><strong>(9);</strong></span> <span class='ocrx_word' id='word_1_433' title='bbox 2939 4632 3102 4700; x_wconf 80' lang='lat' dir='ltr'><strong>idque</strong></span> <span class='ocrx_word' id='word_1_434' title='bbox 3133 4629 3186 4683; x_wconf 91' lang='lat' dir='ltr'><strong>in</strong></span> <span class='ocrx_word' id='word_1_435' title='bbox 3224 4629 3292 4686; x_wconf 88' lang='lat' dir='ltr'><strong>iis</strong></span> <span class='ocrx_word' id='word_1_436' title='bbox 3337 4630 3607 4695; x_wconf 79' lang='lat' dir='ltr'><strong>versibus,</strong></span> 
     </span>
    </p>
   </div>
   <div class='ocr_carea' id='block_1_68' title="bbox 370 4721 1944 4795">
    <p class='ocr_par' dir='ltr' id='par_1_68' title="bbox 370 4721 1944 4795">
     <span class='ocr_line' id='line_1_68' title="bbox 370 4721 1944 4795; baseline -0.001 -16"><span class='ocrx_word' id='word_1_437' title='bbox 370 4724 582 4795; x_wconf 76' lang='lat' dir='ltr'><strong>ignoro,</strong></span> <span class='ocrx_word' id='word_1_438' title='bbox 617 4733 676 4778; x_wconf 96' lang='lat' dir='ltr'><strong>ut</strong></span> <span class='ocrx_word' id='word_1_439' title='bbox 709 4739 869 4794; x_wconf 88' lang='lat' dir='ltr'><strong>pares</strong></span> <span class='ocrx_word' id='word_1_440' title='bbox 905 4737 1142 4794; x_wconf 88' lang='lat' dir='ltr'><strong>unquam</strong></span> <span class='ocrx_word' id='word_1_441' title='bbox 1176 4721 1458 4779; x_wconf 83' lang='lat' dir='ltr'><strong>beneficiis</strong></span> <span class='ocrx_word' id='word_1_442' title='bbox 1507 4722 1708 4794; x_wconf 69' lang='lat' dir='ltr'><strong>gratias</strong></span> <span class='ocrx_word' id='word_1_443' title='bbox 1741 4722 1944 4778; x_wconf 84' lang='lat' dir='ltr'><strong>relatu-</strong></span> 
     </span>
    </p>
   </div>
   <div class='ocr_carea' id='block_1_69' title="bbox 374 4818 1116 4874">
    <p class='ocr_par' dir='ltr' id='par_1_69' title="bbox 374 4818 1116 4874">
     <span class='ocr_line' id='line_1_69' title="bbox 374 4818 1116 4874; baseline -0.005 0"><span class='ocrx_word' id='word_1_444' title='bbox 374 4833 495 4874; x_wconf 85' lang='lat' dir='ltr'><strong>rum</strong></span> <span class='ocrx_word' id='word_1_445' title='bbox 542 4832 632 4872; x_wconf 87' lang='lat' dir='ltr'><strong>me</strong></span> <span class='ocrx_word' id='word_1_446' title='bbox 668 4833 789 4874; x_wconf 89' lang='lat' dir='ltr'><strong>esse</strong></span> <span class='ocrx_word' id='word_1_447' title='bbox 826 4818 1116 4873; x_wconf 83' lang='lat' dir='ltr'><strong>confidam.</strong></span> 
     </span>
    </p>
   </div>
   <div class='ocr_carea' id='block_1_70' title="bbox 441 4909 1938 4980">
    <p class='ocr_par' dir='ltr' id='par_1_70' title="bbox 441 4909 1938 4980">
     <span class='ocr_line' id='line_1_70' title="bbox 441 4909 1938 4980; baseline -0.003 -14"><span class='ocrx_word' id='word_1_448' title='bbox 441 4911 672 4966; x_wconf 87' lang='lat' dir='ltr'><strong>Circiter</strong></span> <span class='ocrx_word' id='word_1_449' title='bbox 706 4925 908 4965; x_wconf 88' lang='lat' dir='ltr'><strong>annum</strong></span> <span class='ocrx_word' id='word_1_450' title='bbox 944 4909 1151 4964; x_wconf 86' lang='lat' dir='ltr'><strong>Christi</strong></span> <span class='ocrx_word' id='word_1_451' title='bbox 1189 4909 1347 4974; x_wconf 67' lang='lat'><strong>1295,</strong></span> <span class='ocrx_word' id='word_1_452' title='bbox 1388 4909 1695 4980; x_wconf 88' lang='lat' dir='ltr'><strong>imperante</strong></span> <span class='ocrx_word' id='word_1_453' title='bbox 1726 4911 1938 4966; x_wconf 81' lang='lat' dir='ltr'><strong>Andro-</strong></span> 
     </span>
    </p>
   </div>
   <div class='ocr_carea' id='block_1_71' title="bbox 2041 4720 3605 4793">
    <p class='ocr_par' dir='ltr' id='par_1_71' title="bbox 2041 4720 3605 4793">
     <span class='ocr_line' id='line_1_71' title="bbox 2041 4720 3605 4793; baseline -0.002 -16"><span class='ocrx_word' id='word_1_454' title='bbox 2041 4738 2180 4792; x_wconf 89' lang='lat' dir='ltr'><strong>quos</strong></span> <span class='ocrx_word' id='word_1_455' title='bbox 2232 4723 2384 4777; x_wconf 83' lang='lat' dir='ltr'><strong>exsul</strong></span> <span class='ocrx_word' id='word_1_456' title='bbox 2431 4722 2668 4792; x_wconf 89' lang='lat' dir='ltr'><strong>scripsit,</strong></span> <span class='ocrx_word' id='word_1_457' title='bbox 2725 4723 2966 4793; x_wconf 86' lang='lat' dir='ltr'><strong>apertius</strong></span> <span class='ocrx_word' id='word_1_458' title='bbox 2989 4721 3270 4792; x_wconf 89' lang='lat' dir='ltr'><strong>professus</strong></span> <span class='ocrx_word' id='word_1_459' title='bbox 3303 4731 3409 4776; x_wconf 83' lang='lat' dir='ltr'><strong>est.</strong></span> <span class='ocrx_word' id='word_1_460' title='bbox 3445 4720 3605 4776; x_wconf 81' lang='lat' dir='ltr'><strong>Tanti</strong></span> 
     </span>
    </p>
   </div>
   <div class='ocr_carea' id='block_1_72' title="bbox 2041 4813 3610 4888">
    <p class='ocr_par' dir='ltr' id='par_1_72' title="bbox 2041 4813 3610 4888">
     <span class='ocr_line' id='line_1_72' title="bbox 2041 4813 3610 4888; baseline 0 -17"><span class='ocrx_word' id='word_1_461' title='bbox 2041 4816 2276 4886; x_wconf 85' lang='lat' dir='ltr'><strong>denique</strong></span> <span class='ocrx_word' id='word_1_462' title='bbox 2305 4816 2481 4885; x_wconf 88' lang='lat' dir='ltr'><strong>ipsum</strong></span> <span class='ocrx_word' id='word_1_463' title='bbox 2514 4813 2667 4880; x_wconf 85' lang='lat' dir='ltr'><strong>fecit,</strong></span> <span class='ocrx_word' id='word_1_464' title='bbox 2690 4825 2749 4869; x_wconf 94' lang='lat' dir='ltr'><strong>ut</strong></span> <span class='ocrx_word' id='word_1_465' title='bbox 2775 4815 2958 4871; x_wconf 89' lang='lat' dir='ltr'><strong>liberis</strong></span> <span class='ocrx_word' id='word_1_466' title='bbox 2981 4817 3096 4872; x_wconf 87' lang='lat' dir='ltr'><strong>suis</strong></span> <span class='ocrx_word' id='word_1_467' title='bbox 3123 4831 3262 4888; x_wconf 90' lang='lat' dir='ltr'><strong>pene</strong></span> <span class='ocrx_word' id='word_1_468' title='bbox 3288 4816 3610 4886; x_wconf 81' lang='lat' dir='ltr'><strong>exaequarit.</strong></span> 
     </span>
    </p>
   </div>
   <div class='ocr_carea' id='block_1_73' title="bbox 2041 4907 3607 4980">
    <p class='ocr_par' dir='ltr' id='par_1_73' title="bbox 2041 4907 3607 4980">
     <span class='ocr_line' id='line_1_73' title="bbox 2041 4907 3607 4980; baseline -0.001 -16"><span class='ocrx_word' id='word_1_469' title='bbox 2041 4909 2228 4980; x_wconf 85' lang='lat' dir='ltr'><strong>itaque</strong></span> <span class='ocrx_word' id='word_1_470' title='bbox 2279 4907 2616 4963; x_wconf 76' lang='lat' dir='ltr'><strong>monasterio</strong></span> <span class='ocrx_word' id='word_1_471' title='bbox 2664 4907 2856 4963; x_wconf 86' lang='lat' dir='ltr'><strong>Chorae</strong></span> <span class='ocrx_word' id='word_1_472' title='bbox 2906 4907 3114 4980; x_wconf 85' lang='lat' dir='ltr'><strong>magnis</strong></span> <span class='ocrx_word' id='word_1_473' title='bbox 3161 4909 3471 4979; x_wconf 74' lang='lat' dir='ltr'><strong>sumptibus</strong></span> <span class='ocrx_word' id='word_1_474' title='bbox 3523 4909 3607 4963; x_wconf 89' lang='lat' dir='ltr'><strong>in-</strong></span> 
     </span>
    </p>
   </div>
   <div class='ocr_carea' id='block_1_74' title="bbox 370 4998 3606 5074">
    <p class='ocr_par' dir='ltr' id='par_1_74' title="bbox 370 4998 3606 5074">
     <span class='ocr_line' id='line_1_74' title="bbox 370 4998 3606 5074; baseline -0.001 -14"><span class='ocrx_word' id='word_1_475' title='bbox 370 5003 496 5061; x_wconf 89' lang='lat' dir='ltr'><strong>nico</strong></span> <span class='ocrx_word' id='word_1_476' title='bbox 525 5003 766 5068; x_wconf 88' lang='lat' dir='ltr'><strong>seniore,</strong></span> <span class='ocrx_word' id='word_1_477' title='bbox 822 5002 1165 5072; x_wconf 73' lang='lat' dir='ltr'><strong>Nicephorus</strong></span> <span class='ocrx_word' id='word_1_478' title='bbox 1213 5002 1484 5074; x_wconf 82' lang='lat' dir='ltr'><strong>Gregoras</strong></span> <span class='ocrx_word' id='word_1_479' title='bbox 1531 5013 1694 5059; x_wconf 88' lang='lat' dir='ltr'><strong>natus</strong></span> <span class='ocrx_word' id='word_1_480' title='bbox 1748 5012 1834 5058; x_wconf 86' lang='lat' dir='ltr'><strong>est</strong></span> <span class='ocrx_word' id='word_1_481' title='bbox 1880 5003 1937 5058; x_wconf 89' lang='lat' dir='ltr'><strong>in</strong></span> <span class='ocrx_word' id='word_1_482' title='bbox 2021 4998 2312 5067; x_wconf 76' lang='lat' dir='ltr'><strong>&#39;staurato,</strong></span> <span class='ocrx_word' id='word_1_483' title='bbox 2345 5000 2556 5058; x_wconf 88' lang='lat' dir='ltr'><strong>socium</strong></span> <span class='ocrx_word' id='word_1_484' title='bbox 2587 5000 2699 5054; x_wconf 89' lang='lat' dir='ltr'><strong>illic</strong></span> <span class='ocrx_word' id='word_1_485' title='bbox 2721 5008 2776 5054; x_wconf 90' lang='lat' dir='ltr'><strong>et</strong></span> <span class='ocrx_word' id='word_1_486' title='bbox 2803 4999 3106 5070; x_wconf 84' lang='lat' dir='ltr'><strong>adjutorcm</strong></span> <span class='ocrx_word' id='word_1_487' title='bbox 3150 5015 3273 5055; x_wconf 90' lang='lat' dir='ltr'><strong>eum</strong></span> <span class='ocrx_word' id='word_1_488' title='bbox 3303 4999 3372 5055; x_wconf 90' lang='lat' dir='ltr'><strong>ad</strong></span> <span class='ocrx_word' id='word_1_489' title='bbox 3421 5000 3606 5056; x_wconf 87' lang='lat' dir='ltr'><strong>omnia</strong></span> 
     </span>
    </p>
   </div>
   <div class='ocr_carea' id='block_1_75' title="bbox 444 5157 1581 5230">
    <p class='ocr_par' dir='ltr' id='par_1_75' title="bbox 444 5157 1581 5230">
     <span class='ocr_line' id='line_1_75' title="bbox 444 5157 1581 5230; baseline -0.001 -14"><span class='ocrx_word' id='word_1_490' title='bbox 444 5162 523 5229; x_wconf 88' lang='lat' dir='ltr'><strong>(l)</strong></span> <span class='ocrx_word' id='word_1_491' title='bbox 563 5163 684 5218; x_wconf 83' lang='lat' dir='ltr'><strong>Lib.</strong></span> <span class='ocrx_word' id='word_1_492' title='bbox 709 5175 806 5223; x_wconf 82' lang='lat' dir='ltr'><strong>xu,</strong></span> <span class='ocrx_word' id='word_1_493' title='bbox 834 5159 958 5215; x_wconf 87' lang='lat' dir='ltr'><strong>cod.</strong></span> <span class='ocrx_word' id='word_1_494' title='bbox 997 5173 1110 5230; x_wconf 75' lang='lat' dir='ltr'><strong>reg.</strong></span> <span class='ocrx_word' id='word_1_495' title='bbox 1137 5157 1297 5226; x_wconf 76' lang='lat' dir='ltr'><strong>i996,</strong></span> <span class='ocrx_word' id='word_1_496' title='bbox 1333 5159 1425 5215; x_wconf 90' lang='lat' dir='ltr'><strong>iol.</strong></span> <span class='ocrx_word' id='word_1_497' title='bbox 1454 5161 1581 5217; x_wconf 71' lang='lat'><strong>285.</strong></span> 
     </span>
    </p>
   </div>
   <div class='ocr_carea' id='block_1_76' title="bbox 441 5230 1392 5300">
    <p class='ocr_par' dir='ltr' id='par_1_76' title="bbox 441 5230 1392 5300">
     <span class='ocr_line' id='line_1_76' title="bbox 441 5230 1392 5300; baseline -0.002 -12"><span class='ocrx_word' id='word_1_498' title='bbox 441 5233 521 5300; x_wconf 75' lang='lat'><strong>(2)</strong></span> <span class='ocrx_word' id='word_1_499' title='bbox 564 5230 830 5298; x_wconf 85' lang='lat' dir='ltr'><strong>Gregoras</strong></span> <span class='ocrx_word' id='word_1_500' title='bbox 855 5230 995 5285; x_wconf 80' lang='lat' dir='ltr'><strong>Hist.</strong></span> <span class='ocrx_word' id='word_1_501' title='bbox 1025 5231 1118 5285; x_wconf 88' lang='lat' dir='ltr'><strong>lib.</strong></span> <span class='ocrx_word' id='word_1_502' title='bbox 1144 5243 1218 5296; x_wconf 72' lang='grc' dir='ltr'><strong>ιχ,</strong></span> <span class='ocrx_word' id='word_1_503' title='bbox 1247 5245 1296 5286; x_wconf 92' lang='lat' dir='ltr'><strong>c.</strong></span> <span class='ocrx_word' id='word_1_504' title='bbox 1338 5233 1392 5286; x_wconf 87' lang='grc'><strong>7.</strong></span> 
     </span>
    </p>
   </div>
   <div class='ocr_carea' id='block_1_77' title="bbox 406 5300 1128 5372">
    <p class='ocr_par' dir='ltr' id='par_1_77' title="bbox 406 5300 1128 5372">
     <span class='ocr_line' id='line_1_77' title="bbox 406 5300 1128 5372; baseline -0.003 -15"><span class='ocrx_word' id='word_1_505' title='bbox 406 5353 412 5357; x_wconf 84' lang='grc'>,</span> <span class='ocrx_word' id='word_1_506' title='bbox 443 5304 521 5372; x_wconf 79' lang='grc'><strong>(5)</strong></span> <span class='ocrx_word' id='word_1_507' title='bbox 559 5304 719 5356; x_wconf 82' lang='lat' dir='ltr'><strong>Anno</strong></span> <span class='ocrx_word' id='word_1_508' title='bbox 746 5301 946 5372; x_wconf 80' lang='lat' dir='ltr'><strong>Christi</strong></span> <span class='ocrx_word' id='word_1_509' title='bbox 970 5300 1128 5356; x_wconf 78' lang='grc'><strong>1516.</strong></span> 
     </span>
    </p>
   </div>
   <div class='ocr_carea' id='block_1_78' title="bbox 441 5371 1932 5446">
    <p class='ocr_par' dir='ltr' id='par_1_78' title="bbox 441 5371 1932 5446">
     <span class='ocr_line' id='line_1_78' title="bbox 441 5371 1932 5446; baseline -0.002 -16"><span class='ocrx_word' id='word_1_510' title='bbox 441 5371 520 5446; x_wconf 73' lang='grc'><strong>(4)</strong></span> <span class='ocrx_word' id='word_1_511' title='bbox 561 5375 640 5428; x_wconf 88' lang='lat' dir='ltr'><strong>Eo</strong></span> <span class='ocrx_word' id='word_1_512' title='bbox 678 5371 1009 5446; x_wconf 69' lang='lat' dir='ltr'><strong>patriarcha.</strong></span> <span class='ocrx_word' id='word_1_513' title='bbox 1045 5390 1094 5428; x_wconf 68' lang='grc' dir='ltr'><strong>ιι.</strong></span> <span class='ocrx_word' id='word_1_514' title='bbox 1127 5375 1189 5430; x_wconf 86' lang='lat' dir='ltr'><strong>C.</strong></span> <span class='ocrx_word' id='word_1_515' title='bbox 1225 5376 1384 5436; x_wconf 75' lang='grc'><strong>1317.</strong></span> <span class='ocrx_word' id='word_1_516' title='bbox 1430 5388 1552 5428; x_wconf 87' lang='lat' dir='ltr'><strong>cum</strong></span> <span class='ocrx_word' id='word_1_517' title='bbox 1586 5373 1932 5446; x_wconf 80' lang='lat' dir='ltr'><strong>Andronicus</strong></span> 
     </span>
    </p>
   </div>
   <div class='ocr_carea' id='block_1_79' title="bbox 371 5442 1931 5514">
    <p class='ocr_par' dir='ltr' id='par_1_79' title="bbox 371 5442 1931 5514">
     <span class='ocr_line' id='line_1_79' title="bbox 371 5442 1931 5514; baseline -0.003 -14"><span class='ocrx_word' id='word_1_518' title='bbox 371 5442 669 5514; x_wconf 84' lang='lat' dir='ltr'><strong>imperator</strong></span> <span class='ocrx_word' id='word_1_519' title='bbox 697 5442 988 5514; x_wconf 76' lang='lat' dir='ltr'><strong>Justiniaui</strong></span> <span class='ocrx_word' id='word_1_520' title='bbox 1013 5453 1242 5501; x_wconf 77' lang='lat' dir='ltr'><strong>statuam</strong></span> <span class='ocrx_word' id='word_1_521' title='bbox 1271 5454 1602 5512; x_wconf 80' lang='lat' dir='ltr'><strong>equestrem,</strong></span> <span class='ocrx_word' id='word_1_522' title='bbox 1641 5444 1787 5498; x_wconf 87' lang='lat' dir='ltr'><strong>venti</strong></span> <span class='ocrx_word' id='word_1_523' title='bbox 1829 5445 1931 5497; x_wconf 53' lang='lat' dir='ltr'><strong>im-</strong></span> 
     </span>
    </p>
   </div>
   <div class='ocr_carea' id='block_1_80' title="bbox 369 5512 1938 5584">
    <p class='ocr_par' dir='ltr' id='par_1_80' title="bbox 369 5512 1938 5584">
     <span class='ocr_line' id='line_1_80' title="bbox 369 5512 1938 5584; baseline -0.001 -17"><span class='ocrx_word' id='word_1_524' title='bbox 369 5512 501 5584; x_wconf 79' lang='lat' dir='ltr'><strong>petu</strong></span> <span class='ocrx_word' id='word_1_525' title='bbox 525 5521 859 5584; x_wconf 87' lang='lat' dir='ltr'><strong>quassatam,</strong></span> <span class='ocrx_word' id='word_1_526' title='bbox 899 5512 1075 5570; x_wconf 85' lang='lat' dir='ltr'><strong>fulciri</strong></span> <span class='ocrx_word' id='word_1_527' title='bbox 1103 5527 1159 5570; x_wconf 89' lang='lat' dir='ltr'><strong>et</strong></span> <span class='ocrx_word' id='word_1_528' title='bbox 1187 5519 1494 5572; x_wconf 83' lang='lat' dir='ltr'><strong>columnam</strong></span> <span class='ocrx_word' id='word_1_529' title='bbox 1533 5515 1700 5582; x_wconf 80' lang='lat' dir='ltr'><strong>ipsam</strong></span> <span class='ocrx_word' id='word_1_530' title='bbox 1731 5528 1938 5583; x_wconf 85' lang='lat' dir='ltr'><strong>suppo-</strong></span> 
     </span>
    </p>
   </div>
   <div class='ocr_carea' id='block_1_81' title="bbox 371 5583 1934 5656">
    <p class='ocr_par' dir='ltr' id='par_1_81' title="bbox 371 5583 1934 5656">
     <span class='ocr_line' id='line_1_81' title="bbox 371 5583 1934 5656; baseline -0.003 -16"><span class='ocrx_word' id='word_1_531' title='bbox 371 5583 555 5656; x_wconf 66' lang='lat' dir='ltr'><strong>sum</strong></span> <span class='ocrx_word' id='word_1_532' title='bbox 591 5583 842 5656; x_wconf 78' lang='lat' dir='ltr'><strong>resarciri</strong></span> <span class='ocrx_word' id='word_1_533' title='bbox 900 5587 1221 5654; x_wconf 85' lang='lat' dir='ltr'><strong>curavisset,</strong></span> <span class='ocrx_word' id='word_1_534' title='bbox 1261 5588 1528 5656; x_wconf 79' lang='lat' dir='ltr'><strong>Gregoras</strong></span> <span class='ocrx_word' id='word_1_535' title='bbox 1577 5584 1934 5656; x_wconf 57' lang='lat' dir='ltr'><strong>pemligneos</strong></span> 
     </span>
    </p>
   </div>
   <div class='ocr_carea' id='block_1_82' title="bbox 375 5653 1931 5724">
    <p class='ocr_par' dir='ltr' id='par_1_82' title="bbox 375 5653 1931 5724">
     <span class='ocr_line' id='line_1_82' title="bbox 375 5653 1931 5724; baseline -0.002 -16"><span class='ocrx_word' id='word_1_536' title='bbox 375 5654 600 5724; x_wconf 70' lang='lat' dir='ltr'><strong>gradus,</strong></span> <span class='ocrx_word' id='word_1_537' title='bbox 631 5669 661 5708; x_wconf 91' lang='lat' dir='ltr'><strong>a</strong></span> <span class='ocrx_word' id='word_1_538' title='bbox 683 5653 852 5708; x_wconf 78' lang='lat' dir='ltr'><strong>fabris</strong></span> <span class='ocrx_word' id='word_1_539' title='bbox 875 5657 1216 5713; x_wconf 79' lang='lat' dir='ltr'><strong>extrinsecus</strong></span> <span class='ocrx_word' id='word_1_540' title='bbox 1259 5653 1682 5716; x_wconf 71' lang='lat' dir='ltr'><strong>circumductos,</strong></span> <span class='ocrx_word' id='word_1_541' title='bbox 1722 5653 1931 5708; x_wconf 89' lang='lat' dir='ltr'><strong>facilem</strong></span> 
     </span>
    </p>
   </div>
   <div class='ocr_carea' id='block_1_83' title="bbox 376 5725 1929 5792">
    <p class='ocr_par' dir='ltr' id='par_1_83' title="bbox 376 5725 1929 5792">
     <span class='ocr_line' id='line_1_83' title="bbox 376 5725 1929 5792; baseline 0.004 -16"><span class='ocrx_word' id='word_1_542' title='bbox 376 5741 660 5779; x_wconf 74' lang='lat' dir='ltr'><strong>ascensum</strong></span> <span class='ocrx_word' id='word_1_543' title='bbox 689 5735 880 5779; x_wconf 79' lang='lat' dir='ltr'><strong>nactus</strong></span> <span class='ocrx_word' id='word_1_544' title='bbox 905 5734 1138 5780; x_wconf 81' lang='lat' dir='ltr'><strong>statuant</strong></span> <span class='ocrx_word' id='word_1_545' title='bbox 1166 5728 1380 5782; x_wconf 84' lang='lat' dir='ltr'><strong>curiose</strong></span> <span class='ocrx_word' id='word_1_546' title='bbox 1411 5725 1804 5792; x_wconf 49' lang='lat' dir='ltr'><strong>contemplatus</strong></span> <span class='ocrx_word' id='word_1_547' title='bbox 1827 5732 1929 5782; x_wconf 69' lang='lat' dir='ltr'><strong>est.</strong></span> 
     </span>
    </p>
   </div>
   <div class='ocr_carea' id='block_1_84' title="bbox 377 5795 1929 5867">
    <p class='ocr_par' dir='ltr' id='par_1_84' title="bbox 377 5795 1929 5867">
     <span class='ocr_line' id='line_1_84' title="bbox 377 5795 1929 5867; baseline 0 -19"><span class='ocrx_word' id='word_1_548' title='bbox 377 5806 538 5867; x_wconf 75' lang='lat' dir='ltr'><strong>atque</strong></span> <span class='ocrx_word' id='word_1_549' title='bbox 567 5813 629 5851; x_wconf 72' lang='lat' dir='ltr'><strong>ex</strong></span> <span class='ocrx_word' id='word_1_550' title='bbox 660 5811 913 5851; x_wconf 69' lang='lat' dir='ltr'><strong>utr-usura</strong></span> <span class='ocrx_word' id='word_1_551' title='bbox 947 5799 1302 5867; x_wconf 82' lang='lat' dir='ltr'><strong>quarumdam</strong></span> <span class='ocrx_word' id='word_1_552' title='bbox 1351 5796 1587 5865; x_wconf 64' lang='lat' dir='ltr'><strong>(artium</strong></span> <span class='ocrx_word' id='word_1_553' title='bbox 1633 5795 1797 5850; x_wconf 81' lang='lat' dir='ltr'><strong>totius</strong></span> <span class='ocrx_word' id='word_1_554' title='bbox 1838 5808 1929 5848; x_wconf 83' lang='lat' dir='ltr'><strong>co-</strong></span> 
     </span>
    </p>
   </div>
   <div class='ocr_carea' id='block_1_85' title="bbox 2047 5157 3608 5229">
    <p class='ocr_par' dir='ltr' id='par_1_85' title="bbox 2047 5157 3608 5229">
     <span class='ocr_line' id='line_1_85' title="bbox 2047 5157 3608 5229; baseline -0.001 -15"><span class='ocrx_word' id='word_1_555' title='bbox 2047 5160 2173 5217; x_wconf 77' lang='lat' dir='ltr'><strong>lossi</strong></span> <span class='ocrx_word' id='word_1_556' title='bbox 2231 5159 2662 5229; x_wconf 67' lang='lat' dir='ltr'><strong>magnitudinem</strong></span> <span class='ocrx_word' id='word_1_557' title='bbox 2705 5157 2994 5229; x_wconf 40' lang='lat' dir='ltr'><strong>aestimavit</strong></span> <span class='ocrx_word' id='word_1_558' title='bbox 3037 5174 3052 5212; x_wconf 92' lang='lat'><strong>:</strong></span> <span class='ocrx_word' id='word_1_559' title='bbox 3089 5173 3152 5212; x_wconf 84' lang='lat' dir='ltr'><strong>ca</strong></span> <span class='ocrx_word' id='word_1_560' title='bbox 3207 5158 3608 5228; x_wconf 79' lang='lat' dir='ltr'><strong>scilicetopcra</strong></span> 
     </span>
    </p>
   </div>
   <div class='ocr_carea' id='block_1_86' title="bbox 2044 5227 3610 5299">
    <p class='ocr_par' dir='ltr' id='par_1_86' title="bbox 2044 5227 3610 5299">
     <span class='ocr_line' id='line_1_86' title="bbox 2044 5227 3610 5299; baseline 0.001 -16"><span class='ocrx_word' id='word_1_561' title='bbox 2044 5247 2158 5286; x_wconf 88' lang='lat' dir='ltr'><strong>rem</strong></span> <span class='ocrx_word' id='word_1_562' title='bbox 2193 5227 2516 5299; x_wconf 83' lang='lat' dir='ltr'><strong>antiquariis</strong></span> <span class='ocrx_word' id='word_1_563' title='bbox 2541 5237 2748 5297; x_wconf 65' lang='lat' dir='ltr'><strong>gratam</strong></span> <span class='ocrx_word' id='word_1_564' title='bbox 2805 5227 2984 5282; x_wconf 83' lang='lat' dir='ltr'><strong>facere</strong></span> <span class='ocrx_word' id='word_1_565' title='bbox 3025 5242 3084 5282; x_wconf 87' lang='lat' dir='ltr'><strong>se</strong></span> <span class='ocrx_word' id='word_1_566' title='bbox 3127 5229 3444 5284; x_wconf 86' lang='lat' dir='ltr'><strong>arbitratus.</strong></span> <span class='ocrx_word' id='word_1_567' title='bbox 3477 5227 3610 5285; x_wconf 79' lang='lat' dir='ltr'><strong>Vide</strong></span> 
     </span>
    </p>
   </div>
   <div class='ocr_carea' id='block_1_87' title="bbox 2040 5300 2637 5367">
    <p class='ocr_par' dir='ltr' id='par_1_87' title="bbox 2040 5300 2637 5367">
     <span class='ocr_line' id='line_1_87' title="bbox 2040 5300 2637 5367; baseline -0.005 -12"><span class='ocrx_word' id='word_1_568' title='bbox 2040 5301 2176 5356; x_wconf 78' lang='lat' dir='ltr'><strong>Hist.</strong></span> <span class='ocrx_word' id='word_1_569' title='bbox 2205 5303 2298 5356; x_wconf 82' lang='lat' dir='ltr'><strong>lilt.</strong></span> <span class='ocrx_word' id='word_1_570' title='bbox 2337 5317 2429 5367; x_wconf 82' lang='lat' dir='ltr'><strong>vti,</strong></span> <span class='ocrx_word' id='word_1_571' title='bbox 2460 5316 2511 5355; x_wconf 94' lang='lat' dir='ltr'><strong>c.</strong></span> <span class='ocrx_word' id='word_1_572' title='bbox 2549 5300 2637 5353; x_wconf 73' lang='grc'><strong>12.</strong></span> 
     </span>
    </p>
   </div>
   <div class='ocr_carea' id='block_1_88' title="bbox 2111 5365 3604 5442">
    <p class='ocr_par' dir='ltr' id='par_1_88' title="bbox 2111 5365 3604 5442">
     <span class='ocr_line' id='line_1_88' title="bbox 2111 5365 3604 5442; baseline 0.001 -15"><span class='ocrx_word' id='word_1_573' title='bbox 2111 5373 2188 5442; x_wconf 79' lang='grc'><strong>(5)</strong></span> <span class='ocrx_word' id='word_1_574' title='bbox 2228 5365 2422 5428; x_wconf 86' lang='lat' dir='ltr'><strong>Annos</strong></span> <span class='ocrx_word' id='word_1_575' title='bbox 2442 5380 2599 5425; x_wconf 85' lang='lat' dir='ltr'><strong>natus</strong></span> <span class='ocrx_word' id='word_1_576' title='bbox 2633 5368 2852 5424; x_wconf 89' lang='lat' dir='ltr'><strong>circiter</strong></span> <span class='ocrx_word' id='word_1_577' title='bbox 2878 5366 2968 5421; x_wconf 66' lang='lat'><strong>21.</strong></span> <span class='ocrx_word' id='word_1_578' title='bbox 3007 5365 3141 5424; x_wconf 74' lang='lat' dir='ltr'><strong>Vide</strong></span> <span class='ocrx_word' id='word_1_579' title='bbox 3167 5368 3266 5424; x_wconf 90' lang='lat' dir='ltr'><strong>lib.</strong></span> <span class='ocrx_word' id='word_1_580' title='bbox 3299 5385 3397 5436; x_wconf 90' lang='lat' dir='ltr'><strong>vtt,</strong></span> <span class='ocrx_word' id='word_1_581' title='bbox 3431 5385 3482 5426; x_wconf 69' lang='grc' dir='ltr'><strong>(ι.</strong></span> <span class='ocrx_word' id='word_1_582' title='bbox 3518 5369 3604 5429; x_wconf 88' lang='lat' dir='ltr'><strong>li.</strong></span> 
     </span>
    </p>
   </div>
   <div class='ocr_carea' id='block_1_89' title="bbox 2037 5444 2166 5498">
    <p class='ocr_par' dir='ltr' id='par_1_89' title="bbox 2037 5444 2166 5498">
     <span class='ocr_line' id='line_1_89' title="bbox 2037 5444 2166 5498; baseline 0.031 -4"><span class='ocrx_word' id='word_1_583' title='bbox 2037 5455 2082 5495; x_wconf 92' lang='lat' dir='ltr'><strong>s.</strong></span> <span class='ocrx_word' id='word_1_584' title='bbox 2116 5444 2166 5498; x_wconf 83' lang='grc' dir='ltr'><strong>Ι.</strong></span> 
     </span>
    </p>
   </div>
   <div class='ocr_carea' id='block_1_90' title="bbox 2099 5507 3608 5594">
    <p class='ocr_par' dir='ltr' id='par_1_90' title="bbox 2099 5507 3608 5594">
     <span class='ocr_line' id='line_1_90' title="bbox 2099 5507 3608 5594; baseline -0.003 -26"><span class='ocrx_word' id='word_1_585' title='bbox 2099 5510 2566 5594; x_wconf 43' lang='grc' dir='ltr'><strong>χθχςζεειωηριιιί</strong></span> <span class='ocrx_word' id='word_1_586' title='bbox 2618 5510 2826 5564; x_wconf 78' lang='lat' dir='ltr'><strong>scilicet</strong></span> <span class='ocrx_word' id='word_1_587' title='bbox 2875 5507 3158 5564; x_wconf 77' lang='lat' dir='ltr'><strong>exordium</strong></span> <span class='ocrx_word' id='word_1_588' title='bbox 3235 5509 3379 5581; x_wconf 90' lang='lat' dir='ltr'><strong>quod</strong></span> <span class='ocrx_word' id='word_1_589' title='bbox 3433 5518 3608 5565; x_wconf 84' lang='lat' dir='ltr'><strong>exstat</strong></span> 
     </span>
    </p>
   </div>
   <div class='ocr_carea' id='block_1_91' title="bbox 2041 5579 2804 5720">
    <p class='ocr_par' dir='ltr' id='par_1_91' title="bbox 2041 5579 2804 5720">
     <span class='ocr_line' id='line_1_91' title="bbox 2041 5579 2444 5638; baseline 0 -4"><span class='ocrx_word' id='word_1_590' title='bbox 2041 5579 2178 5635; x_wconf 82' lang='lat' dir='ltr'><strong>Ilist.</strong></span> <span class='ocrx_word' id='word_1_591' title='bbox 2205 5583 2300 5638; x_wconf 88' lang='lat' dir='ltr'><strong>lih.</strong></span> <span class='ocrx_word' id='word_1_592' title='bbox 2331 5598 2444 5636; x_wconf 79' lang='lat' dir='ltr'><strong>\‘Ill.</strong></span> 
     </span>
     <span class='ocr_line' id='line_1_92' title="bbox 2110 5647 2804 5720; baseline 0 -14"><span class='ocrx_word' id='word_1_593' title='bbox 2110 5653 2188 5720; x_wconf 85' lang='lat'><strong>(7)</strong></span> <span class='ocrx_word' id='word_1_594' title='bbox 2228 5653 2388 5706; x_wconf 80' lang='lat' dir='ltr'><strong>Anno</strong></span> <span class='ocrx_word' id='word_1_595' title='bbox 2417 5647 2616 5705; x_wconf 80' lang='lat' dir='ltr'><strong>Christi</strong></span> <span class='ocrx_word' id='word_1_596' title='bbox 2648 5651 2804 5706; x_wconf 70' lang='lat' dir='ltr'><strong>i320.</strong></span> 
     </span>
    </p>
   </div>
   <div class='ocr_carea' id='block_1_92' title="bbox 2113 5721 2649 5791">
    <p class='ocr_par' dir='ltr' id='par_1_92' title="bbox 2113 5721 2649 5791">
     <span class='ocr_line' id='line_1_93' title="bbox 2113 5721 2649 5791; baseline -0.004 -15"><span class='ocrx_word' id='word_1_597' title='bbox 2113 5725 2188 5791; x_wconf 86' lang='lat'><strong>(8)</strong></span> <span class='ocrx_word' id='word_1_598' title='bbox 2229 5722 2345 5774; x_wconf 85' lang='lat' dir='ltr'><strong>Lih.</strong></span> <span class='ocrx_word' id='word_1_599' title='bbox 2373 5738 2492 5783; x_wconf 86' lang='lat' dir='ltr'><strong>vttt,</strong></span> <span class='ocrx_word' id='word_1_600' title='bbox 2519 5737 2569 5776; x_wconf 90' lang='lat' dir='ltr'><strong>c.</strong></span> <span class='ocrx_word' id='word_1_601' title='bbox 2598 5721 2649 5774; x_wconf 89' lang='lat'><strong>7.</strong></span> 
     </span>
    </p>
   </div>
   <div class='ocr_carea' id='block_1_93' title="bbox 2111 5793 2658 5865">
    <p class='ocr_par' dir='ltr' id='par_1_93' title="bbox 2111 5793 2658 5865">
     <span class='ocr_line' id='line_1_94' title="bbox 2111 5793 2658 5865; baseline 0 -17"><span class='ocrx_word' id='word_1_602' title='bbox 2111 5794 2186 5865; x_wconf 80' lang='lat'><strong>(9)</strong></span> <span class='ocrx_word' id='word_1_603' title='bbox 2231 5793 2348 5848; x_wconf 89' lang='lat' dir='ltr'><strong>Lib.</strong></span> <span class='ocrx_word' id='word_1_604' title='bbox 2385 5809 2496 5860; x_wconf 80' lang='lat' dir='ltr'><strong>\lll,</strong></span> <span class='ocrx_word' id='word_1_605' title='bbox 2526 5808 2574 5847; x_wconf 91' lang='lat' dir='ltr'><strong>c.</strong></span> 
     </span>
    </p>
   </div>
  </div>
