  <div class='ocr_page' id='page_1' title='image "/cluster/home/n/w/nwhite01/storage/ocr_20150623/148/hvd.32044019208362/018.png"; bbox 0 0 4054 6654; ppageno 0'>
   <div class='ocr_carea' id='block_1_1' title="bbox 288 389 3548 463">
    <p class='ocr_par' dir='ltr' id='par_1_1' title="bbox 288 389 3548 463">
     <span class='ocr_line' id='line_1_1' title="bbox 288 389 3548 463; baseline -0.003 -6"><span class='ocrx_word' id='word_1_1' title='bbox 288 392 354 457; x_wconf 72' lang='grc'><strong>21</strong></span> <span class='ocrx_word' id='word_1_2' title='bbox 1392 398 1814 460; x_wconf 75' lang='lat' dir='ltr'><strong>NICEPHORI</strong></span> <span class='ocrx_word' id='word_1_3' title='bbox 1855 399 2239 460; x_wconf 64' lang='lat' dir='ltr'><strong>GREGORA!</strong></span> <span class='ocrx_word' id='word_1_4' title='bbox 2276 401 2473 463; x_wconf 69' lang='lat' dir='ltr'><strong>VITA.</strong></span> <span class='ocrx_word' id='word_1_5' title='bbox 3475 389 3548 449; x_wconf 70' lang='lat'><strong>22</strong></span> 
     </span>
    </p>
   </div>
   <div class='ocr_carea' id='block_1_2' title="bbox 291 499 3546 582">
    <p class='ocr_par' dir='ltr' id='par_1_2' title="bbox 291 499 3546 582">
     <span class='ocr_line' id='line_1_2' title="bbox 291 499 3546 582; baseline -0.003 -22"><span class='ocrx_word' id='word_1_6' title='bbox 291 509 406 562; x_wconf 77' lang='lat' dir='ltr'><strong>fere</strong></span> <span class='ocrx_word' id='word_1_7' title='bbox 435 509 643 565; x_wconf 82' lang='lat' dir='ltr'><strong>habuit</strong></span> <span class='ocrx_word' id='word_1_8' title='bbox 674 511 788 581; x_wconf 85' lang='grc'><strong>(10)</strong></span> <span class='ocrx_word' id='word_1_9' title='bbox 819 529 833 566; x_wconf 85' lang='lat'><strong>:</strong></span> <span class='ocrx_word' id='word_1_10' title='bbox 869 525 1054 566; x_wconf 89' lang='lat' dir='ltr'><strong>rerum</strong></span> <span class='ocrx_word' id='word_1_11' title='bbox 1107 510 1308 565; x_wconf 90' lang='lat' dir='ltr'><strong>ibidem</strong></span> <span class='ocrx_word' id='word_1_12' title='bbox 1359 512 1875 581; x_wconf 83' lang='lat' dir='ltr'><strong>pretiosissimarum</strong></span> <span class='ocrx_word' id='word_1_13' title='bbox 1907 518 1950 573; x_wconf 78' lang='grc' dir='ltr'><strong>Α</strong></span> <span class='ocrx_word' id='word_1_14' title='bbox 1979 513 2255 582; x_wconf 81' lang='lat' dir='ltr'><strong>sapientes</strong></span> <span class='ocrx_word' id='word_1_15' title='bbox 2310 521 2366 566; x_wconf 91' lang='lat' dir='ltr'><strong>et</strong></span> <span class='ocrx_word' id='word_1_16' title='bbox 2412 509 2578 569; x_wconf 83' lang='lat' dir='ltr'><strong>docti,</strong></span> <span class='ocrx_word' id='word_1_17' title='bbox 2616 518 2777 577; x_wconf 87' lang='lat' dir='ltr'><strong>atque</strong></span> <span class='ocrx_word' id='word_1_18' title='bbox 2826 506 2933 558; x_wconf 89' lang='lat' dir='ltr'><strong>illic</strong></span> <span class='ocrx_word' id='word_1_19' title='bbox 2963 501 3207 559; x_wconf 76' lang='lat' dir='ltr'><strong>certatim</strong></span> <span class='ocrx_word' id='word_1_20' title='bbox 3261 499 3329 554; x_wconf 88' lang='lat' dir='ltr'><strong>dc</strong></span> <span class='ocrx_word' id='word_1_21' title='bbox 3387 499 3546 552; x_wconf 84' lang='lat' dir='ltr'><strong>rebus</strong></span> 
     </span>
    </p>
   </div>
   <div class='ocr_carea' id='block_1_3' title="bbox 289 602 1879 670">
    <p class='ocr_par' dir='ltr' id='par_1_3' title="bbox 289 602 1879 670">
     <span class='ocr_line' id='line_1_3' title="bbox 289 602 1879 670; baseline 0.001 -17"><span class='ocrx_word' id='word_1_22' title='bbox 289 602 749 667; x_wconf 74' lang='lat' dir='ltr'><strong>procurationem</strong></span> <span class='ocrx_word' id='word_1_23' title='bbox 795 604 844 658; x_wconf 90' lang='lat' dir='ltr'><strong>ei</strong></span> <span class='ocrx_word' id='word_1_24' title='bbox 876 604 1031 657; x_wconf 86' lang='lat' dir='ltr'><strong>vivus</strong></span> <span class='ocrx_word' id='word_1_25' title='bbox 1083 603 1387 670; x_wconf 87' lang='lat' dir='ltr'><strong>commisit;</strong></span> <span class='ocrx_word' id='word_1_26' title='bbox 1438 604 1681 657; x_wconf 89' lang='lat' dir='ltr'><strong>moriens</strong></span> <span class='ocrx_word' id='word_1_27' title='bbox 1727 616 1879 657; x_wconf 88' lang='lat' dir='ltr'><strong>suam</strong></span> 
     </span>
    </p>
   </div>
   <div class='ocr_carea' id='block_1_4' title="bbox 290 680 1883 764">
    <p class='ocr_par' dir='ltr' id='par_1_4' title="bbox 290 680 1883 764">
     <span class='ocr_line' id='line_1_4' title="bbox 290 680 1883 764; baseline 0.002 -20"><span class='ocrx_word' id='word_1_28' title='bbox 290 692 718 754; x_wconf 64' lang='lat' dir='ltr'><strong>quodammodo</strong></span> <span class='ocrx_word' id='word_1_29' title='bbox 750 694 925 750; x_wconf 81' lang='lat' dir='ltr'><strong>vicem</strong></span> <span class='ocrx_word' id='word_1_30' title='bbox 974 709 1246 764; x_wconf 90' lang='lat' dir='ltr'><strong>suumque</strong></span> <span class='ocrx_word' id='word_1_31' title='bbox 1289 697 1343 750; x_wconf 92' lang='lat' dir='ltr'><strong>in</strong></span> <span class='ocrx_word' id='word_1_32' title='bbox 1374 709 1438 750; x_wconf 89' lang='lat' dir='ltr'><strong>ea</strong></span> <span class='ocrx_word' id='word_1_33' title='bbox 1477 695 1639 750; x_wconf 90' lang='lat' dir='ltr'><strong>domo</strong></span> <span class='ocrx_word' id='word_1_34' title='bbox 1684 680 1883 749; x_wconf 79' lang='lat' dir='ltr'><strong>munus</strong></span> 
     </span>
    </p>
   </div>
   <div class='ocr_carea' id='block_1_5' title="bbox 286 786 1433 861">
    <p class='ocr_par' dir='ltr' id='par_1_5' title="bbox 286 786 1433 861">
     <span class='ocr_line' id='line_1_5' title="bbox 286 786 1433 861; baseline 0.005 -22"><span class='ocrx_word' id='word_1_35' title='bbox 286 786 475 841; x_wconf 80' lang='lat' dir='ltr'><strong>eidem</strong></span> <span class='ocrx_word' id='word_1_36' title='bbox 518 790 1020 845; x_wconf 88' lang='lat' dir='ltr'><strong>administrandum</strong></span> <span class='ocrx_word' id='word_1_37' title='bbox 1064 790 1263 861; x_wconf 87' lang='lat' dir='ltr'><strong>legavit</strong></span> <span class='ocrx_word' id='word_1_38' title='bbox 1293 791 1433 860; x_wconf 83' lang='grc'><strong>(11).</strong></span> 
     </span>
    </p>
   </div>
   <div class='ocr_carea' id='block_1_6' title="bbox 352 895 1883 969">
    <p class='ocr_par' dir='ltr' id='par_1_6' title="bbox 352 895 1883 969">
     <span class='ocr_line' id='line_1_6' title="bbox 352 895 1883 969; baseline 0.001 -19"><span class='ocrx_word' id='word_1_39' title='bbox 352 895 574 952; x_wconf 88' lang='lat' dir='ltr'><strong>Contra</strong></span> <span class='ocrx_word' id='word_1_40' title='bbox 610 896 881 969; x_wconf 84' lang='lat' dir='ltr'><strong>Gregoras</strong></span> <span class='ocrx_word' id='word_1_41' title='bbox 907 897 1219 954; x_wconf 78' lang='lat' dir='ltr'><strong>Metochitae</strong></span> <span class='ocrx_word' id='word_1_42' title='bbox 1243 899 1465 963; x_wconf 89' lang='lat' dir='ltr'><strong>liberos,</strong></span> <span class='ocrx_word' id='word_1_43' title='bbox 1492 899 1659 953; x_wconf 86' lang='lat' dir='ltr'><strong>filium</strong></span> <span class='ocrx_word' id='word_1_44' title='bbox 1687 913 1883 967; x_wconf 83' lang='lat' dir='ltr'><strong>nempe</strong></span> 
     </span>
    </p>
   </div>
   <div class='ocr_carea' id='block_1_7' title="bbox 285 990 1881 1059">
    <p class='ocr_par' dir='ltr' id='par_1_7' title="bbox 285 990 1881 1059">
     <span class='ocr_line' id='line_1_7' title="bbox 285 990 1881 1059; baseline 0.004 -22"><span class='ocrx_word' id='word_1_45' title='bbox 285 998 339 1041; x_wconf 83' lang='lat' dir='ltr'><strong>et</strong></span> <span class='ocrx_word' id='word_1_46' title='bbox 372 990 579 1045; x_wconf 86' lang='lat' dir='ltr'><strong>tiliam.</strong></span> <span class='ocrx_word' id='word_1_47' title='bbox 612 990 835 1053; x_wconf 82' lang='lat' dir='ltr'><strong>erudiit,</strong></span> <span class='ocrx_word' id='word_1_48' title='bbox 868 998 923 1043; x_wconf 89' lang='lat' dir='ltr'><strong>et</strong></span> <span class='ocrx_word' id='word_1_49' title='bbox 953 990 1342 1044; x_wconf 82' lang='lat' dir='ltr'><strong>obscurissima</strong></span> <span class='ocrx_word' id='word_1_50' title='bbox 1372 1004 1602 1059; x_wconf 55' lang='lat' dir='ltr'><strong>quicque</strong></span> <span class='ocrx_word' id='word_1_51' title='bbox 1638 1000 1881 1043; x_wconf 76' lang='lat' dir='ltr'><strong>veterum</strong></span> 
     </span>
    </p>
   </div>
   <div class='ocr_carea' id='block_1_8' title="bbox 286 1076 1891 1151">
    <p class='ocr_par' dir='ltr' id='par_1_8' title="bbox 286 1076 1891 1151">
     <span class='ocr_line' id='line_1_8' title="bbox 286 1076 1891 1151; baseline 0.002 -20"><span class='ocrx_word' id='word_1_52' title='bbox 286 1091 594 1133; x_wconf 86' lang='lat' dir='ltr'><strong>auctorum</strong></span> <span class='ocrx_word' id='word_1_53' title='bbox 653 1081 858 1148; x_wconf 85' lang='lat' dir='ltr'><strong>scripta</strong></span> <span class='ocrx_word' id='word_1_54' title='bbox 912 1081 979 1135; x_wconf 91' lang='lat' dir='ltr'><strong>iis</strong></span> <span class='ocrx_word' id='word_1_55' title='bbox 998 1080 1263 1151; x_wconf 69' lang='lat' dir='ltr'><strong>oprzclegit</strong></span> <span class='ocrx_word' id='word_1_56' title='bbox 1292 1090 1457 1149; x_wconf 85' lang='lat' dir='ltr'><strong>atque</strong></span> <span class='ocrx_word' id='word_1_57' title='bbox 1494 1076 1891 1150; x_wconf 58' lang='lat' dir='ltr'><strong>interpretatus</strong></span> 
     </span>
    </p>
   </div>
   <div class='ocr_carea' id='block_1_9' title="bbox 286 1171 1893 1247">
    <p class='ocr_par' dir='ltr' id='par_1_9' title="bbox 286 1171 1893 1247">
     <span class='ocr_line' id='line_1_9' title="bbox 286 1171 1893 1247; baseline 0.002 -22"><span class='ocrx_word' id='word_1_58' title='bbox 286 1171 550 1239; x_wconf 72' lang='lat' dir='ltr'><strong>est(12).</strong></span> <span class='ocrx_word' id='word_1_59' title='bbox 598 1172 948 1228; x_wconf 83' lang='lat' dir='ltr'><strong>Metocbitam</strong></span> <span class='ocrx_word' id='word_1_60' title='bbox 1005 1173 1185 1247; x_wconf 82' lang='lat' dir='ltr'><strong>ipsum</strong></span> <span class='ocrx_word' id='word_1_61' title='bbox 1257 1175 1405 1228; x_wconf 90' lang='lat' dir='ltr'><strong>omni</strong></span> <span class='ocrx_word' id='word_1_62' title='bbox 1457 1188 1672 1243; x_wconf 86' lang='lat' dir='ltr'><strong>semper</strong></span> <span class='ocrx_word' id='word_1_63' title='bbox 1725 1173 1893 1229; x_wconf 77' lang='lat' dir='ltr'><strong>ofﬁcii-</strong></span> 
     </span>
    </p>
   </div>
   <div class='ocr_carea' id='block_1_10' title="bbox 291 1263 1898 1335">
    <p class='ocr_par' dir='ltr' id='par_1_10' title="bbox 291 1263 1898 1335">
     <span class='ocr_line' id='line_1_10' title="bbox 291 1263 1898 1335; baseline 0.003 -21"><span class='ocrx_word' id='word_1_64' title='bbox 291 1278 498 1331; x_wconf 86' lang='lat' dir='ltr'><strong>genere</strong></span> <span class='ocrx_word' id='word_1_65' title='bbox 560 1263 782 1318; x_wconf 65' lang='lat' dir='ltr'><strong>coluit!</strong></span> <span class='ocrx_word' id='word_1_66' title='bbox 818 1264 1161 1319; x_wconf 85' lang='lat' dir='ltr'><strong>imminentis</strong></span> <span class='ocrx_word' id='word_1_67' title='bbox 1206 1264 1528 1320; x_wconf 87' lang='lat' dir='ltr'><strong>calamitatis</strong></span> <span class='ocrx_word' id='word_1_68' title='bbox 1570 1274 1715 1319; x_wconf 83' lang='lat' dir='ltr'><strong>tnetu</strong></span> <span class='ocrx_word' id='word_1_69' title='bbox 1765 1280 1898 1335; x_wconf 71' lang='lat' dir='ltr'><strong>pen-—</strong></span> 
     </span>
    </p>
   </div>
   <div class='ocr_carea' id='block_1_11' title="bbox 290 1353 1887 1425">
    <p class='ocr_par' dir='ltr' id='par_1_11' title="bbox 290 1353 1887 1425">
     <span class='ocr_line' id='line_1_11' title="bbox 290 1353 1887 1425; baseline 0.004 -20"><span class='ocrx_word' id='word_1_70' title='bbox 290 1353 512 1407; x_wconf 86' lang='lat' dir='ltr'><strong>enisum</strong></span> <span class='ocrx_word' id='word_1_71' title='bbox 552 1364 612 1408; x_wconf 88' lang='lat' dir='ltr'><strong>et</strong></span> <span class='ocrx_word' id='word_1_72' title='bbox 630 1354 889 1410; x_wconf 79' lang='lat' dir='ltr'><strong>amictum</strong></span> <span class='ocrx_word' id='word_1_73' title='bbox 941 1356 1125 1413; x_wconf 87' lang='lat' dir='ltr'><strong>verbis</strong></span> <span class='ocrx_word' id='word_1_74' title='bbox 1153 1356 1501 1412; x_wconf 84' lang='lat' dir='ltr'><strong>confirmavit</strong></span> <span class='ocrx_word' id='word_1_75' title='bbox 1542 1359 1652 1425; x_wconf 83' lang='grc'><strong>(15)</strong></span> <span class='ocrx_word' id='word_1_76' title='bbox 1694 1372 1887 1412; x_wconf 85' lang='lat' dir='ltr'><strong>:mor-</strong></span> 
     </span>
    </p>
   </div>
   <div class='ocr_carea' id='block_1_12' title="bbox 291 1444 1883 1519">
    <p class='ocr_par' dir='ltr' id='par_1_12' title="bbox 291 1444 1883 1519">
     <span class='ocr_line' id='line_1_12' title="bbox 291 1444 1883 1519; baseline 0.005 -23"><span class='ocrx_word' id='word_1_77' title='bbox 291 1454 449 1496; x_wconf 90' lang='lat' dir='ltr'><strong>tuum</strong></span> <span class='ocrx_word' id='word_1_78' title='bbox 482 1444 713 1501; x_wconf 75' lang='lat' dir='ltr'><strong>funebri</strong></span> <span class='ocrx_word' id='word_1_79' title='bbox 736 1449 981 1502; x_wconf 87' lang='lat' dir='ltr'><strong>oratione</strong></span> <span class='ocrx_word' id='word_1_80' title='bbox 1008 1448 1227 1517; x_wconf 86' lang='lat' dir='ltr'><strong>publice</strong></span> <span class='ocrx_word' id='word_1_81' title='bbox 1258 1448 1477 1503; x_wconf 80' lang='lat' dir='ltr'><strong>deﬂevit</strong></span> <span class='ocrx_word' id='word_1_82' title='bbox 1500 1448 1637 1519; x_wconf 79' lang='grc'><strong>(14).</strong></span> <span class='ocrx_word' id='word_1_83' title='bbox 1673 1449 1883 1505; x_wconf 91' lang='lat' dir='ltr'><strong>Scitum</strong></span> 
     </span>
    </p>
   </div>
   <div class='ocr_carea' id='block_1_13' title="bbox 290 1537 1886 1611">
    <p class='ocr_par' dir='ltr' id='par_1_13' title="bbox 290 1537 1886 1611">
     <span class='ocr_line' id='line_1_13' title="bbox 290 1537 1886 1611; baseline 0.008 -25"><span class='ocrx_word' id='word_1_84' title='bbox 290 1544 374 1587; x_wconf 68' lang='lat' dir='ltr'><strong>est</strong></span> <span class='ocrx_word' id='word_1_85' title='bbox 407 1537 537 1605; x_wconf 81' lang='lat' dir='ltr'><strong>ejus</strong></span> <span class='ocrx_word' id='word_1_86' title='bbox 571 1537 642 1591; x_wconf 90' lang='lat' dir='ltr'><strong>de</strong></span> <span class='ocrx_word' id='word_1_87' title='bbox 687 1538 781 1592; x_wconf 92' lang='lat' dir='ltr'><strong>illo</strong></span> <span class='ocrx_word' id='word_1_88' title='bbox 805 1539 1030 1595; x_wconf 89' lang='lat' dir='ltr'><strong>dictum.</strong></span> <span class='ocrx_word' id='word_1_89' title='bbox 1089 1539 1297 1611; x_wconf 85' lang='lat' dir='ltr'><strong>Nempe</strong></span> <span class='ocrx_word' id='word_1_90' title='bbox 1327 1542 1396 1596; x_wconf 88' lang='lat' dir='ltr'><strong>ab</strong></span> <span class='ocrx_word' id='word_1_91' title='bbox 1435 1538 1748 1597; x_wconf 79' lang='lat' dir='ltr'><strong>Andrdnico</strong></span> <span class='ocrx_word' id='word_1_92' title='bbox 1797 1558 1886 1597; x_wconf 83' lang='lat' dir='ltr'><strong>se-</strong></span> 
     </span>
    </p>
   </div>
   <div class='ocr_carea' id='block_1_14' title="bbox 294 1626 1887 1702">
    <p class='ocr_par' dir='ltr' id='par_1_14' title="bbox 294 1626 1887 1702">
     <span class='ocr_line' id='line_1_14' title="bbox 294 1626 1887 1702; baseline 0.006 -25"><span class='ocrx_word' id='word_1_93' title='bbox 294 1626 450 1679; x_wconf 84' lang='lat' dir='ltr'><strong>niore</strong></span> <span class='ocrx_word' id='word_1_94' title='bbox 481 1628 886 1698; x_wconf 79' lang='lat' dir='ltr'><strong>interrogatus,</strong></span> <span class='ocrx_word' id='word_1_95' title='bbox 919 1648 1027 1701; x_wconf 89' lang='lat' dir='ltr'><strong>quo</strong></span> <span class='ocrx_word' id='word_1_96' title='bbox 1053 1644 1213 1702; x_wconf 89' lang='lat' dir='ltr'><strong>pacto</strong></span> <span class='ocrx_word' id='word_1_97' title='bbox 1262 1635 1601 1701; x_wconf 80' lang='lat' dir='ltr'><strong>Metoehitcs,</strong></span> <span class='ocrx_word' id='word_1_98' title='bbox 1637 1650 1667 1688; x_wconf 91' lang='lat' dir='ltr'><strong>a</strong></span> <span class='ocrx_word' id='word_1_99' title='bbox 1710 1633 1887 1688; x_wconf 90' lang='lat' dir='ltr'><strong>tenui-</strong></span> 
     </span>
    </p>
   </div>
   <div class='ocr_carea' id='block_1_15' title="bbox 294 1721 1887 1797">
    <p class='ocr_par' dir='ltr' id='par_1_15' title="bbox 294 1721 1887 1797">
     <span class='ocr_line' id='line_1_15' title="bbox 294 1721 1887 1797; baseline 0.009 -28"><span class='ocrx_word' id='word_1_100' title='bbox 294 1721 397 1771; x_wconf 87' lang='lat' dir='ltr'><strong>bus</strong></span> <span class='ocrx_word' id='word_1_101' title='bbox 430 1721 615 1775; x_wconf 87' lang='lat' dir='ltr'><strong>initiis</strong></span> <span class='ocrx_word' id='word_1_102' title='bbox 640 1721 921 1791; x_wconf 85' lang='lat' dir='ltr'><strong>profectus</strong></span> <span class='ocrx_word' id='word_1_103' title='bbox 952 1724 1099 1793; x_wconf 90' lang='lat' dir='ltr'><strong>(nam</strong></span> <span class='ocrx_word' id='word_1_104' title='bbox 1133 1741 1196 1781; x_wconf 85' lang='lat' dir='ltr'><strong>ex</strong></span> <span class='ocrx_word' id='word_1_105' title='bbox 1249 1727 1520 1795; x_wconf 83' lang='lat' dir='ltr'><strong>Bryennio</strong></span> <span class='ocrx_word' id='word_1_106' title='bbox 1552 1737 1887 1797; x_wconf 71' lang='lat' dir='ltr'><strong>prazceptore</strong></span> 
     </span>
    </p>
   </div>
   <div class='ocr_carea' id='block_1_16' title="bbox 297 1814 1962 1900">
    <p class='ocr_par' dir='ltr' id='par_1_16' title="bbox 297 1814 1962 1900">
     <span class='ocr_line' id='line_1_16' title="bbox 297 1814 1962 1900; baseline 0.008 -37"><span class='ocrx_word' id='word_1_107' title='bbox 297 1828 578 1879; x_wconf 77' lang='lat' dir='ltr'><strong>perpauca</strong></span> <span class='ocrx_word' id='word_1_108' title='bbox 603 1814 915 1886; x_wconf 79' lang='lat' dir='ltr'><strong>didicerat),</strong></span> <span class='ocrx_word' id='word_1_109' title='bbox 946 1832 1195 1873; x_wconf 91' lang='lat' dir='ltr'><strong>summus</strong></span> <span class='ocrx_word' id='word_1_110' title='bbox 1229 1829 1574 1874; x_wconf 85' lang='lat' dir='ltr'><strong>astrouotnus</strong></span> <span class='ocrx_word' id='word_1_111' title='bbox 1601 1821 1883 1886; x_wconf 83' lang='lat' dir='ltr'><strong>evasisset,</strong></span> <span class='ocrx_word' id='word_1_112' title='bbox 1914 1840 1962 1900; x_wconf 74' lang='grc' dir='ltr'><strong>Β</strong></span> 
     </span>
    </p>
   </div>
   <div class='ocr_carea' id='block_1_17' title="bbox 302 1904 1893 1984">
    <p class='ocr_par' dir='ltr' id='par_1_17' title="bbox 302 1904 1893 1984">
     <span class='ocr_line' id='line_1_17' title="bbox 302 1904 1893 1984; baseline 0.007 -28"><span class='ocrx_word' id='word_1_113' title='bbox 302 1904 454 1957; x_wconf 81' lang='lat' dir='ltr'><strong>Nihil</strong></span> <span class='ocrx_word' id='word_1_114' title='bbox 505 1907 728 1971; x_wconf 81' lang='lat' dir='ltr'><strong>mirum,</strong></span> <span class='ocrx_word' id='word_1_115' title='bbox 779 1907 954 1978; x_wconf 88' lang='lat' dir='ltr'><strong>inquit</strong></span> <span class='ocrx_word' id='word_1_116' title='bbox 987 1908 1274 1981; x_wconf 83' lang='lat' dir='ltr'><strong>Gregoras,</strong></span> <span class='ocrx_word' id='word_1_117' title='bbox 1321 1928 1385 1965; x_wconf 80' lang='lat' dir='ltr'><strong>ea:</strong></span> <span class='ocrx_word' id='word_1_118' title='bbox 1427 1928 1590 1981; x_wconf 83' lang='lat' dir='ltr'><strong>parva</strong></span> <span class='ocrx_word' id='word_1_119' title='bbox 1646 1912 1893 1984; x_wconf 79' lang='lat' dir='ltr'><strong>lampade</strong></span> 
     </span>
    </p>
   </div>
   <div class='ocr_carea' id='block_1_18' title="bbox 299 1997 1887 2066">
    <p class='ocr_par' dir='ltr' id='par_1_18' title="bbox 299 1997 1887 2066">
     <span class='ocr_line' id='line_1_18' title="bbox 299 1997 1887 2066; baseline 0.008 -19"><span class='ocrx_word' id='word_1_120' title='bbox 299 2012 560 2063; x_wconf 78' lang='lat' dir='ltr'><strong>magnam</strong></span> <span class='ocrx_word' id='word_1_121' title='bbox 619 1997 789 2066; x_wconf 84' lang='lat' dir='ltr'><strong>facem</strong></span> <span class='ocrx_word' id='word_1_122' title='bbox 840 2003 1076 2054; x_wconf 76' lang='lat' dir='ltr'><strong>accendi.</strong></span> <span class='ocrx_word' id='word_1_123' title='bbox 1130 2002 1555 2058; x_wconf 82' lang='lat' dir='ltr'><strong>Cantacuzenus</strong></span> <span class='ocrx_word' id='word_1_124' title='bbox 1609 2004 1887 2059; x_wconf 90' lang='lat' dir='ltr'><strong>laudatum</strong></span> 
     </span>
    </p>
   </div>
   <div class='ocr_carea' id='block_1_19' title="bbox 302 2086 1889 2165">
    <p class='ocr_par' dir='ltr' id='par_1_19' title="bbox 302 2086 1889 2165">
     <span class='ocr_line' id='line_1_19' title="bbox 302 2086 1889 2165; baseline 0.008 -28"><span class='ocrx_word' id='word_1_125' title='bbox 302 2088 373 2137; x_wconf 83' lang='lat' dir='ltr'><strong>ait</strong></span> <span class='ocrx_word' id='word_1_126' title='bbox 401 2086 521 2155; x_wconf 80' lang='grc'><strong>(15)</strong></span> <span class='ocrx_word' id='word_1_127' title='bbox 558 2087 642 2142; x_wconf 83' lang='lat' dir='ltr'><strong>ab</strong></span> <span class='ocrx_word' id='word_1_128' title='bbox 687 2089 1015 2158; x_wconf 79' lang='lat' dir='ltr'><strong>imperatore</strong></span> <span class='ocrx_word' id='word_1_129' title='bbox 1067 2107 1296 2147; x_wconf 82' lang='lat' dir='ltr'><strong>acumen</strong></span> <span class='ocrx_word' id='word_1_130' title='bbox 1344 2095 1746 2165; x_wconf 87' lang='lat' dir='ltr'><strong>respondentis,</strong></span> <span class='ocrx_word' id='word_1_131' title='bbox 1797 2098 1889 2165; x_wconf 92' lang='lat' dir='ltr'><strong>qui</strong></span> 
     </span>
    </p>
   </div>
   <div class='ocr_carea' id='block_1_20' title="bbox 302 2178 1891 2247">
    <p class='ocr_par' dir='ltr' id='par_1_20' title="bbox 302 2178 1891 2247">
     <span class='ocr_line' id='line_1_20' title="bbox 302 2178 1891 2247; baseline 0.008 -19"><span class='ocrx_word' id='word_1_132' title='bbox 302 2178 547 2247; x_wconf 84' lang='lat' dir='ltr'><strong>imagine</strong></span> <span class='ocrx_word' id='word_1_133' title='bbox 577 2179 744 2233; x_wconf 86' lang='lat' dir='ltr'><strong>obvia</strong></span> <span class='ocrx_word' id='word_1_134' title='bbox 770 2196 833 2234; x_wconf 87' lang='lat' dir='ltr'><strong>ac</strong></span> <span class='ocrx_word' id='word_1_135' title='bbox 878 2180 1133 2236; x_wconf 62' lang='lat' dir='ltr'><strong>familiari</strong></span> <span class='ocrx_word' id='word_1_136' title='bbox 1187 2194 1435 2238; x_wconf 88' lang='lat' dir='ltr'><strong>naturam</strong></span> <span class='ocrx_word' id='word_1_137' title='bbox 1485 2185 1561 2241; x_wconf 89' lang='lat' dir='ltr'><strong>rei</strong></span> <span class='ocrx_word' id='word_1_138' title='bbox 1592 2187 1660 2241; x_wconf 89' lang='lat' dir='ltr'><strong>ob</strong></span> <span class='ocrx_word' id='word_1_139' title='bbox 1701 2187 1891 2242; x_wconf 81' lang='lat' dir='ltr'><strong>oculos</strong></span> 
     </span>
    </p>
   </div>
   <div class='ocr_carea' id='block_1_21' title="bbox 306 2270 1393 2344">
    <p class='ocr_par' dir='ltr' id='par_1_21' title="bbox 306 2270 1393 2344">
     <span class='ocr_line' id='line_1_21' title="bbox 306 2270 1393 2344; baseline 0.002 -26"><span class='ocrx_word' id='word_1_140' title='bbox 306 2272 621 2344; x_wconf 80' lang='lat' dir='ltr'><strong>posuisset,</strong></span> <span class='ocrx_word' id='word_1_141' title='bbox 1388 2270 1393 2287; x_wconf 89' lang='lat'>&#39;</span> 
     </span>
    </p>
   </div>
   <div class='ocr_carea' id='block_1_22' title="bbox 376 2396 1889 2477">
    <p class='ocr_par' dir='ltr' id='par_1_22' title="bbox 376 2396 1889 2477">
     <span class='ocr_line' id='line_1_22' title="bbox 376 2396 1889 2477; baseline 0.009 -26"><span class='ocrx_word' id='word_1_142' title='bbox 376 2396 643 2459; x_wconf 83' lang='lat' dir='ltr'><strong>Florebat</strong></span> <span class='ocrx_word' id='word_1_143' title='bbox 670 2402 792 2459; x_wconf 84' lang='lat' dir='ltr'><strong>aula</strong></span> <span class='ocrx_word' id='word_1_144' title='bbox 824 2403 1119 2475; x_wconf 83' lang='lat' dir='ltr'><strong>Byzantina</strong></span> <span class='ocrx_word' id='word_1_145' title='bbox 1149 2407 1349 2465; x_wconf 81' lang='lat' dir='ltr'><strong>studiis</strong></span> <span class='ocrx_word' id='word_1_146' title='bbox 1373 2410 1636 2463; x_wconf 88' lang='lat' dir='ltr'><strong>bonarum</strong></span> <span class='ocrx_word' id='word_1_147' title='bbox 1666 2411 1889 2477; x_wconf 85' lang='lat' dir='ltr'><strong>artium,</strong></span> 
     </span>
    </p>
   </div>
   <div class='ocr_carea' id='block_1_23' title="bbox 308 2494 1893 2572">
    <p class='ocr_par' dir='ltr' id='par_1_23' title="bbox 308 2494 1893 2572">
     <span class='ocr_line' id='line_1_23' title="bbox 308 2494 1893 2572; baseline 0.008 -27"><span class='ocrx_word' id='word_1_148' title='bbox 308 2494 529 2548; x_wconf 74' lang='lat' dir='ltr'><strong>favente</strong></span> <span class='ocrx_word' id='word_1_149' title='bbox 557 2496 696 2550; x_wconf 84' lang='lat' dir='ltr'><strong>viris</strong></span> <span class='ocrx_word' id='word_1_150' title='bbox 730 2497 909 2553; x_wconf 88' lang='lat' dir='ltr'><strong>doctis</strong></span> <span class='ocrx_word' id='word_1_151' title='bbox 941 2500 1256 2555; x_wconf 84' lang='lat' dir='ltr'><strong>Andronico</strong></span> <span class='ocrx_word' id='word_1_152' title='bbox 1302 2501 1664 2572; x_wconf 78' lang='lat' dir='ltr'><strong>imperatore,</strong></span> <span class='ocrx_word' id='word_1_153' title='bbox 1718 2504 1797 2558; x_wconf 90' lang='lat' dir='ltr'><strong>sic</strong></span> <span class='ocrx_word' id='word_1_154' title='bbox 1833 2511 1893 2557; x_wconf 90' lang='lat' dir='ltr'><strong>ut</strong></span> 
     </span>
    </p>
   </div>
   <div class='ocr_carea' id='block_1_24' title="bbox 306 2586 1893 2654">
    <p class='ocr_par' dir='ltr' id='par_1_24' title="bbox 306 2586 1893 2654">
     <span class='ocr_line' id='line_1_24' title="bbox 306 2586 1893 2654; baseline 0.009 -17"><span class='ocrx_word' id='word_1_155' title='bbox 306 2586 423 2654; x_wconf 76' lang='lat' dir='ltr'><strong>ejus</strong></span> <span class='ocrx_word' id='word_1_156' title='bbox 452 2588 662 2649; x_wconf 86' lang='lat' dir='ltr'><strong>domus</strong></span> <span class='ocrx_word' id='word_1_157' title='bbox 691 2606 801 2645; x_wconf 92' lang='lat' dir='ltr'><strong>non</strong></span> <span class='ocrx_word' id='word_1_158' title='bbox 837 2590 997 2646; x_wconf 92' lang='lat' dir='ltr'><strong>modo</strong></span> <span class='ocrx_word' id='word_1_159' title='bbox 1027 2592 1332 2649; x_wconf 79' lang='lat' dir='ltr'><strong>honestatis</strong></span> <span class='ocrx_word' id='word_1_160' title='bbox 1373 2603 1427 2649; x_wconf 88' lang='lat' dir='ltr'><strong>et</strong></span> <span class='ocrx_word' id='word_1_161' title='bbox 1463 2594 1644 2649; x_wconf 90' lang='lat' dir='ltr'><strong>omnis</strong></span> <span class='ocrx_word' id='word_1_162' title='bbox 1675 2596 1893 2651; x_wconf 88' lang='lat' dir='ltr'><strong>virtutis</strong></span> 
     </span>
    </p>
   </div>
   <div class='ocr_carea' id='block_1_25' title="bbox 307 2675 1895 2757">
    <p class='ocr_par' dir='ltr' id='par_1_25' title="bbox 307 2675 1895 2757">
     <span class='ocr_line' id='line_1_25' title="bbox 307 2675 1895 2757; baseline 0.011 -32"><span class='ocrx_word' id='word_1_163' title='bbox 307 2675 551 2738; x_wconf 80' lang='lat' dir='ltr'><strong>oﬂieina,</strong></span> <span class='ocrx_word' id='word_1_164' title='bbox 591 2680 690 2733; x_wconf 89' lang='lat' dir='ltr'><strong>sed</strong></span> <span class='ocrx_word' id='word_1_165' title='bbox 721 2689 776 2736; x_wconf 86' lang='lat' dir='ltr'><strong>et</strong></span> <span class='ocrx_word' id='word_1_166' title='bbox 801 2681 1084 2741; x_wconf 83' lang='lat' dir='ltr'><strong>litterariae</strong></span> <span class='ocrx_word' id='word_1_167' title='bbox 1118 2684 1444 2741; x_wconf 83' lang='lat' dir='ltr'><strong>eruditionis</strong></span> <span class='ocrx_word' id='word_1_168' title='bbox 1472 2687 1808 2757; x_wconf 75' lang='lat' dir='ltr'><strong>gymnasium</strong></span> <span class='ocrx_word' id='word_1_169' title='bbox 1839 2696 1895 2743; x_wconf 89' lang='lat' dir='ltr'><strong>et</strong></span> 
     </span>
    </p>
   </div>
   <div class='ocr_carea' id='block_1_26' title="bbox 308 2766 1893 2843">
    <p class='ocr_par' dir='ltr' id='par_1_26' title="bbox 308 2766 1893 2843">
     <span class='ocr_line' id='line_1_26' title="bbox 308 2766 1893 2843; baseline 0.01 -23"><span class='ocrx_word' id='word_1_170' title='bbox 308 2766 528 2823; x_wconf 82' lang='lat' dir='ltr'><strong>dicendi</strong></span> <span class='ocrx_word' id='word_1_171' title='bbox 590 2772 987 2827; x_wconf 83' lang='lat' dir='ltr'><strong>certaminibus</strong></span> <span class='ocrx_word' id='word_1_172' title='bbox 1033 2776 1305 2843; x_wconf 78' lang='lat' dir='ltr'><strong>quoddam</strong></span> <span class='ocrx_word' id='word_1_173' title='bbox 1356 2778 1521 2832; x_wconf 88' lang='lat' dir='ltr'><strong>veluti</strong></span> <span class='ocrx_word' id='word_1_174' title='bbox 1562 2779 1893 2836; x_wconf 89' lang='lat' dir='ltr'><strong>curriculum</strong></span> 
     </span>
    </p>
   </div>
   <div class='ocr_carea' id='block_1_27' title="bbox 310 2868 1895 2944">
    <p class='ocr_par' dir='ltr' id='par_1_27' title="bbox 310 2868 1895 2944">
     <span class='ocr_line' id='line_1_27' title="bbox 310 2868 1895 2944; baseline 0.012 -33"><span class='ocrx_word' id='word_1_175' title='bbox 310 2872 569 2929; x_wconf 85' lang='lat' dir='ltr'><strong>apertum</strong></span> <span class='ocrx_word' id='word_1_176' title='bbox 620 2880 745 2922; x_wconf 85' lang='lat' dir='ltr'><strong>esse</strong></span> <span class='ocrx_word' id='word_1_177' title='bbox 797 2868 1076 2924; x_wconf 83' lang='lat' dir='ltr'><strong>videretur</strong></span> <span class='ocrx_word' id='word_1_178' title='bbox 1120 2870 1252 2941; x_wconf 84' lang='lat' dir='ltr'><strong>(i6).</strong></span> <span class='ocrx_word' id='word_1_179' title='bbox 1305 2873 1490 2942; x_wconf 87' lang='lat' dir='ltr'><strong>Itaque</strong></span> <span class='ocrx_word' id='word_1_180' title='bbox 1539 2887 1607 2928; x_wconf 89' lang='lat' dir='ltr'><strong>eo</strong></span> <span class='ocrx_word' id='word_1_181' title='bbox 1650 2882 1895 2944; x_wconf 88' lang='lat' dir='ltr'><strong>tempore</strong></span> 
     </span>
    </p>
   </div>
   <div class='ocr_carea' id='block_1_28' title="bbox 316 2956 1896 3039">
    <p class='ocr_par' dir='ltr' id='par_1_28' title="bbox 316 2956 1896 3039">
     <span class='ocr_line' id='line_1_28' title="bbox 316 2956 1896 3039; baseline 0.011 -34"><span class='ocrx_word' id='word_1_182' title='bbox 316 2956 604 3012; x_wconf 77' lang='lat' dir='ltr'><strong>maximus</strong></span> <span class='ocrx_word' id='word_1_183' title='bbox 630 2957 735 3039; x_wconf 83' lang='lat' dir='ltr'><strong>fuit</strong></span> <span class='ocrx_word' id='word_1_184' title='bbox 758 2962 902 3032; x_wconf 89' lang='lat' dir='ltr'><strong>apud</strong></span> <span class='ocrx_word' id='word_1_185' title='bbox 933 2961 1150 3036; x_wconf 78' lang='lat' dir='ltr'><strong>Graecos</strong></span> <span class='ocrx_word' id='word_1_186' title='bbox 1192 2973 1494 3031; x_wconf 87' lang='lat' dir='ltr'><strong>oratorum,</strong></span> <span class='ocrx_word' id='word_1_187' title='bbox 1543 2966 1896 3039; x_wconf 85' lang='lat' dir='ltr'><strong>philosopho-</strong></span> 
     </span>
    </p>
   </div>
   <div class='ocr_carea' id='block_1_29' title="bbox 317 3047 1895 3131">
    <p class='ocr_par' dir='ltr' id='par_1_29' title="bbox 317 3047 1895 3131">
     <span class='ocr_line' id='line_1_29' title="bbox 317 3047 1895 3131; baseline 0.01 -36"><span class='ocrx_word' id='word_1_188' title='bbox 317 3060 457 3131; x_wconf 75' lang='lat' dir='ltr'><strong>runt,</strong></span> <span class='ocrx_word' id='word_1_189' title='bbox 484 3047 841 3121; x_wconf 89' lang='lat' dir='ltr'><strong>aliorumque</strong></span> <span class='ocrx_word' id='word_1_190' title='bbox 880 3054 1218 3110; x_wconf 84' lang='lat' dir='ltr'><strong>eruditorum</strong></span> <span class='ocrx_word' id='word_1_191' title='bbox 1257 3054 1575 3126; x_wconf 88' lang='lat' dir='ltr'><strong>preventus.</strong></span> <span class='ocrx_word' id='word_1_192' title='bbox 1629 3057 1895 3130; x_wconf 88' lang='lat' dir='ltr'><strong>Gregoras</strong></span> 
     </span>
    </p>
   </div>
   <div class='ocr_carea' id='block_1_30' title="bbox 316 3139 1894 3237">
    <p class='ocr_par' dir='ltr' id='par_1_30' title="bbox 316 3139 1894 3237">
     <span class='ocr_line' id='line_1_30' title="bbox 316 3139 1894 3237; baseline 0.012 -47"><span class='ocrx_word' id='word_1_193' title='bbox 316 3139 494 3237; x_wconf 57' lang='lat' dir='ltr'><strong>attigui</strong></span> <span class='ocrx_word' id='word_1_194' title='bbox 554 3139 873 3211; x_wconf 73' lang='lat' dir='ltr'><strong>Logotheta:</strong></span> <span class='ocrx_word' id='word_1_195' title='bbox 912 3149 1310 3204; x_wconf 86' lang='lat' dir='ltr'><strong>consuetudine</strong></span> <span class='ocrx_word' id='word_1_196' title='bbox 1356 3149 1605 3216; x_wconf 88' lang='lat' dir='ltr'><strong>satiatus,</strong></span> <span class='ocrx_word' id='word_1_197' title='bbox 1632 3151 1894 3220; x_wconf 77' lang='lat' dir='ltr'><strong>expedire</strong></span> 
     </span>
    </p>
   </div>
   <div class='ocr_carea' id='block_1_31' title="bbox 320 3230 1896 3307">
    <p class='ocr_par' dir='ltr' id='par_1_31' title="bbox 320 3230 1896 3307">
     <span class='ocr_line' id='line_1_31' title="bbox 320 3230 1896 3307; baseline 0.013 -26"><span class='ocrx_word' id='word_1_198' title='bbox 320 3230 421 3283; x_wconf 75' lang='lat' dir='ltr'><strong>sibi</strong></span> <span class='ocrx_word' id='word_1_199' title='bbox 452 3233 711 3302; x_wconf 88' lang='lat' dir='ltr'><strong>credidit,</strong></span> <span class='ocrx_word' id='word_1_200' title='bbox 739 3237 851 3307; x_wconf 85' lang='lat' dir='ltr'><strong>jam</strong></span> <span class='ocrx_word' id='word_1_201' title='bbox 887 3254 1060 3296; x_wconf 91' lang='lat' dir='ltr'><strong>annos</strong></span> <span class='ocrx_word' id='word_1_202' title='bbox 1087 3240 1154 3301; x_wconf 72' lang='lat'><strong>27</strong></span> <span class='ocrx_word' id='word_1_203' title='bbox 1199 3234 1346 3307; x_wconf 86' lang='lat' dir='ltr'><strong>nato,</strong></span> <span class='ocrx_word' id='word_1_204' title='bbox 1400 3261 1557 3298; x_wconf 90' lang='lat' dir='ltr'><strong>usum</strong></span> <span class='ocrx_word' id='word_1_205' title='bbox 1600 3246 1665 3300; x_wconf 91' lang='lat' dir='ltr'><strong>ad</strong></span> <span class='ocrx_word' id='word_1_206' title='bbox 1693 3245 1896 3301; x_wconf 87' lang='lat' dir='ltr'><strong>doctri-</strong></span> 
     </span>
    </p>
   </div>
   <div class='ocr_carea' id='block_1_32' title="bbox 317 3323 1892 3408">
    <p class='ocr_par' dir='ltr' id='par_1_32' title="bbox 317 3323 1892 3408">
     <span class='ocr_line' id='line_1_32' title="bbox 317 3323 1892 3408; baseline 0.012 -37"><span class='ocrx_word' id='word_1_207' title='bbox 317 3335 435 3374; x_wconf 85' lang='lat' dir='ltr'><strong>nam</strong></span> <span class='ocrx_word' id='word_1_208' title='bbox 469 3323 776 3396; x_wconf 85' lang='lat' dir='ltr'><strong>adjungere</strong></span> <span class='ocrx_word' id='word_1_209' title='bbox 801 3338 855 3383; x_wconf 88' lang='lat' dir='ltr'><strong>et</strong></span> <span class='ocrx_word' id='word_1_210' title='bbox 886 3346 953 3384; x_wconf 83' lang='lat' dir='ltr'><strong>ex</strong></span> <span class='ocrx_word' id='word_1_211' title='bbox 982 3331 1173 3386; x_wconf 86' lang='lat' dir='ltr'><strong>umbra</strong></span> <span class='ocrx_word' id='word_1_212' title='bbox 1206 3335 1257 3393; x_wconf 91' lang='lat' dir='ltr'><strong>in</strong></span> <span class='ocrx_word' id='word_1_213' title='bbox 1295 3333 1473 3389; x_wconf 64' lang='lat' dir='ltr'><strong>lutem</strong></span> <span class='ocrx_word' id='word_1_214' title='bbox 1519 3335 1735 3405; x_wconf 90' lang='lat' dir='ltr'><strong>prodire</strong></span> <span class='ocrx_word' id='word_1_215' title='bbox 1761 3335 1892 3408; x_wconf 86' lang='lat' dir='ltr'><strong>(l7).</strong></span> 
     </span>
    </p>
   </div>
   <div class='ocr_carea' id='block_1_33' title="bbox 317 3412 1895 3515">
    <p class='ocr_par' dir='ltr' id='par_1_33' title="bbox 317 3412 1895 3515">
     <span class='ocr_line' id='line_1_33' title="bbox 317 3412 1895 3515; baseline 0.013 -49"><span class='ocrx_word' id='word_1_216' title='bbox 317 3412 688 3515; x_wconf 61' lang='lat' dir='ltr'><strong>Quamobrem</strong></span> <span class='ocrx_word' id='word_1_217' title='bbox 735 3422 1042 3485; x_wconf 88' lang='lat' dir='ltr'><strong>studiorum</strong></span> <span class='ocrx_word' id='word_1_218' title='bbox 1092 3441 1318 3481; x_wconf 87' lang='lat' dir='ltr'><strong>suorum</strong></span> <span class='ocrx_word' id='word_1_219' title='bbox 1374 3427 1568 3485; x_wconf 82' lang='lat' dir='ltr'><strong>fiducia</strong></span> <span class='ocrx_word' id='word_1_220' title='bbox 1619 3429 1794 3485; x_wconf 86' lang='lat' dir='ltr'><strong>fretus</strong></span> <span class='ocrx_word' id='word_1_221' title='bbox 1827 3430 1895 3487; x_wconf 86' lang='lat' dir='ltr'><strong>ad</strong></span> 
     </span>
    </p>
   </div>
   <div class='ocr_carea' id='block_1_34' title="bbox 318 3511 1893 3608">
    <p class='ocr_par' dir='ltr' id='par_1_34' title="bbox 318 3511 1893 3608">
     <span class='ocr_line' id='line_1_34' title="bbox 318 3511 1893 3608; baseline 0.015 -53"><span class='ocrx_word' id='word_1_222' title='bbox 318 3511 705 3608; x_wconf 67' lang='lat' dir='ltr'><strong>unperatorem</strong></span> <span class='ocrx_word' id='word_1_223' title='bbox 742 3511 921 3584; x_wconf 89' lang='lat' dir='ltr'><strong>ipsum</strong></span> <span class='ocrx_word' id='word_1_224' title='bbox 950 3531 1008 3575; x_wconf 87' lang='lat' dir='ltr'><strong>se</strong></span> <span class='ocrx_word' id='word_1_225' title='bbox 1065 3518 1315 3583; x_wconf 86' lang='lat' dir='ltr'><strong>contulit,</strong></span> <span class='ocrx_word' id='word_1_226' title='bbox 1369 3529 1426 3577; x_wconf 89' lang='lat' dir='ltr'><strong>ut</strong></span> <span class='ocrx_word' id='word_1_227' title='bbox 1458 3535 1538 3583; x_wconf 90' lang='lat' dir='ltr'><strong>se,</strong></span> <span class='ocrx_word' id='word_1_228' title='bbox 1590 3521 1634 3576; x_wconf 88' lang='lat' dir='ltr'><strong>si</strong></span> <span class='ocrx_word' id='word_1_229' title='bbox 1689 3531 1893 3592; x_wconf 78' lang='lat' dir='ltr'><strong>posset,</strong></span> 
     </span>
    </p>
   </div>
   <div class='ocr_carea' id='block_1_35' title="bbox 322 3601 1895 3669">
    <p class='ocr_par' dir='ltr' id='par_1_35' title="bbox 322 3601 1895 3669">
     <span class='ocr_line' id='line_1_35' title="bbox 322 3601 1895 3669; baseline 0.011 -20"><span class='ocrx_word' id='word_1_230' title='bbox 322 3601 371 3648; x_wconf 90' lang='lat' dir='ltr'><strong>in</strong></span> <span class='ocrx_word' id='word_1_231' title='bbox 420 3601 547 3669; x_wconf 87' lang='lat' dir='ltr'><strong>ejus</strong></span> <span class='ocrx_word' id='word_1_232' title='bbox 589 3602 1012 3662; x_wconf 80' lang='lat' dir='ltr'><strong>familiaritatem</strong></span> <span class='ocrx_word' id='word_1_233' title='bbox 1064 3609 1391 3665; x_wconf 84' lang='lat' dir='ltr'><strong>insinuaret.</strong></span> <span class='ocrx_word' id='word_1_234' title='bbox 1449 3611 1799 3667; x_wconf 85' lang='lat' dir='ltr'><strong>Perautanter</strong></span> <span class='ocrx_word' id='word_1_235' title='bbox 1840 3621 1895 3667; x_wconf 88' lang='lat' dir='ltr'><strong>et</strong></span> 
     </span>
    </p>
   </div>
   <div class='ocr_carea' id='block_1_36' title="bbox 321 3688 1889 3775">
    <p class='ocr_par' dir='ltr' id='par_1_36' title="bbox 321 3688 1889 3775">
     <span class='ocr_line' id='line_1_36' title="bbox 321 3688 1889 3775; baseline 0.015 -38"><span class='ocrx_word' id='word_1_236' title='bbox 321 3688 454 3744; x_wconf 88' lang='lat' dir='ltr'><strong>ultra</strong></span> <span class='ocrx_word' id='word_1_237' title='bbox 483 3709 649 3775; x_wconf 74' lang='lat' dir='ltr'><strong>quam</strong></span> <span class='ocrx_word' id='word_1_238' title='bbox 684 3711 997 3766; x_wconf 77' lang='lat' dir='ltr'><strong>speraverat</strong></span> <span class='ocrx_word' id='word_1_239' title='bbox 1029 3701 1261 3771; x_wconf 85' lang='lat' dir='ltr'><strong>benigne</strong></span> <span class='ocrx_word' id='word_1_240' title='bbox 1289 3713 1550 3772; x_wconf 83' lang='lat' dir='ltr'><strong>exceptus</strong></span> <span class='ocrx_word' id='word_1_241' title='bbox 1589 3704 1889 3761; x_wconf 88' lang='lat' dir='ltr'><strong>orationem</strong></span> 
     </span>
    </p>
   </div>
   <div class='ocr_carea' id='block_1_37' title="bbox 322 3783 1893 3881">
    <p class='ocr_par' dir='ltr' id='par_1_37' title="bbox 322 3783 1893 3881">
     <span class='ocr_line' id='line_1_37' title="bbox 322 3783 1893 3881; baseline 0.011 -49"><span class='ocrx_word' id='word_1_242' title='bbox 322 3783 459 3881; x_wconf 75' lang='lat' dir='ltr'><strong>apud</strong></span> <span class='ocrx_word' id='word_1_243' title='bbox 485 3800 617 3839; x_wconf 90' lang='lat' dir='ltr'><strong>eum</strong></span> <span class='ocrx_word' id='word_1_244' title='bbox 646 3787 855 3852; x_wconf 86' lang='lat' dir='ltr'><strong>habuit,</strong></span> <span class='ocrx_word' id='word_1_245' title='bbox 884 3791 1126 3860; x_wconf 89' lang='lat' dir='ltr'><strong>duasque</strong></span> <span class='ocrx_word' id='word_1_246' title='bbox 1152 3792 1207 3846; x_wconf 91' lang='lat' dir='ltr'><strong>in</strong></span> <span class='ocrx_word' id='word_1_247' title='bbox 1234 3793 1354 3861; x_wconf 91' lang='lat' dir='ltr'><strong>ipso</strong></span> <span class='ocrx_word' id='word_1_248' title='bbox 1395 3795 1644 3857; x_wconf 88' lang='lat' dir='ltr'><strong>virtutes,</strong></span> <span class='ocrx_word' id='word_1_249' title='bbox 1671 3783 1893 3865; x_wconf 82' lang='lat' dir='ltr'><strong>sapien-</strong></span> 
     </span>
    </p>
   </div>
   <div class='ocr_carea' id='block_1_38' title="bbox 323 3878 1896 3958">
    <p class='ocr_par' dir='ltr' id='par_1_38' title="bbox 323 3878 1896 3958">
     <span class='ocr_line' id='line_1_38' title="bbox 323 3878 1896 3958; baseline 0.015 -34"><span class='ocrx_word' id='word_1_250' title='bbox 323 3878 446 3926; x_wconf 87' lang='lat' dir='ltr'><strong>tiam</strong></span> <span class='ocrx_word' id='word_1_251' title='bbox 477 3884 538 3930; x_wconf 87' lang='lat' dir='ltr'><strong>et</strong></span> <span class='ocrx_word' id='word_1_252' title='bbox 564 3878 955 3948; x_wconf 73' lang='lat' dir='ltr'><strong>eloquentiam,</strong></span> <span class='ocrx_word' id='word_1_253' title='bbox 1005 3883 1251 3939; x_wconf 87' lang='lat' dir='ltr'><strong>laudavit</strong></span> <span class='ocrx_word' id='word_1_254' title='bbox 1292 3883 1427 3956; x_wconf 89' lang='grc'><strong>(18).</strong></span> <span class='ocrx_word' id='word_1_255' title='bbox 1457 3884 1724 3957; x_wconf 85' lang='lat' dir='ltr'><strong>Tempore</strong></span> <span class='ocrx_word' id='word_1_256' title='bbox 1770 3904 1896 3958; x_wconf 88' lang='lat' dir='ltr'><strong>pro-</strong></span> 
     </span>
    </p>
   </div>
   <div class='ocr_carea' id='block_1_39' title="bbox 322 3966 1894 4046">
    <p class='ocr_par' dir='ltr' id='par_1_39' title="bbox 322 3966 1894 4046">
     <span class='ocr_line' id='line_1_39' title="bbox 322 3966 1894 4046; baseline 0.01 -29"><span class='ocrx_word' id='word_1_257' title='bbox 322 3966 551 4022; x_wconf 87' lang='lat' dir='ltr'><strong>cedente</strong></span> <span class='ocrx_word' id='word_1_258' title='bbox 598 3969 671 4024; x_wconf 90' lang='lat' dir='ltr'><strong>ita</strong></span> <span class='ocrx_word' id='word_1_259' title='bbox 721 3972 1042 4031; x_wconf 84' lang='lat' dir='ltr'><strong>benevolum</strong></span> <span class='ocrx_word' id='word_1_260' title='bbox 1094 3976 1345 4030; x_wconf 86' lang='lat' dir='ltr'><strong>eumdem</strong></span> <span class='ocrx_word' id='word_1_261' title='bbox 1383 3986 1644 4046; x_wconf 82' lang='lat' dir='ltr'><strong>expertus</strong></span> <span class='ocrx_word' id='word_1_262' title='bbox 1685 3991 1788 4042; x_wconf 90' lang='lat' dir='ltr'><strong>est,</strong></span> <span class='ocrx_word' id='word_1_263' title='bbox 1834 3985 1894 4034; x_wconf 91' lang='lat' dir='ltr'><strong>ut</strong></span> 
     </span>
    </p>
   </div>
   <div class='ocr_carea' id='block_1_40' title="bbox 322 4057 1892 4139">
    <p class='ocr_par' dir='ltr' id='par_1_40' title="bbox 322 4057 1892 4139">
     <span class='ocr_line' id='line_1_40' title="bbox 322 4057 1892 4139; baseline 0.013 -32"><span class='ocrx_word' id='word_1_264' title='bbox 322 4057 482 4128; x_wconf 83' lang='lat' dir='ltr'><strong>aliqui</strong></span> <span class='ocrx_word' id='word_1_265' title='bbox 516 4059 928 4132; x_wconf 84' lang='lat' dir='ltr'><strong>indignarentur</strong></span> <span class='ocrx_word' id='word_1_266' title='bbox 947 4065 1229 4136; x_wconf 83' lang='lat' dir='ltr'><strong>juvenem,</strong></span> <span class='ocrx_word' id='word_1_267' title='bbox 1258 4067 1404 4122; x_wconf 90' lang='lat' dir='ltr'><strong>nulla</strong></span> <span class='ocrx_word' id='word_1_268' title='bbox 1429 4069 1714 4139; x_wconf 78' lang='lat' dir='ltr'><strong>dignitate,</strong></span> <span class='ocrx_word' id='word_1_269' title='bbox 1744 4072 1892 4128; x_wconf 91' lang='lat' dir='ltr'><strong>nullo</strong></span> 
     </span>
    </p>
   </div>
   <div class='ocr_carea' id='block_1_41' title="bbox 325 4152 1890 4233">
    <p class='ocr_par' dir='ltr' id='par_1_41' title="bbox 325 4152 1890 4233">
     <span class='ocr_line' id='line_1_41' title="bbox 325 4152 1890 4233; baseline 0.012 -33"><span class='ocrx_word' id='word_1_270' title='bbox 325 4152 628 4207; x_wconf 86' lang='lat' dir='ltr'><strong>sacerdotio</strong></span> <span class='ocrx_word' id='word_1_271' title='bbox 676 4158 1137 4222; x_wconf 87' lang='lat' dir='ltr'><strong>commendatum,</strong></span> <span class='ocrx_word' id='word_1_272' title='bbox 1192 4170 1338 4212; x_wconf 89' lang='lat' dir='ltr'><strong>tanta</strong></span> <span class='ocrx_word' id='word_1_273' title='bbox 1390 4161 1533 4229; x_wconf 87' lang='lat' dir='ltr'><strong>apud</strong></span> <span class='ocrx_word' id='word_1_274' title='bbox 1587 4161 1890 4233; x_wconf 89' lang='lat' dir='ltr'><strong>principem</strong></span> 
     </span>
    </p>
   </div>
   <div class='ocr_carea' id='block_1_42' title="bbox 324 4244 1893 4334">
    <p class='ocr_par' dir='ltr' id='par_1_42' title="bbox 324 4244 1893 4334">
     <span class='ocr_line' id='line_1_42' title="bbox 324 4244 1893 4334; baseline 0.011 -40"><span class='ocrx_word' id='word_1_275' title='bbox 324 4244 491 4311; x_wconf 83' lang='lat' dir='ltr'><strong>gratia</strong></span> <span class='ocrx_word' id='word_1_276' title='bbox 525 4248 725 4334; x_wconf 80' lang='lat' dir='ltr'><strong>valere.</strong></span> <span class='ocrx_word' id='word_1_277' title='bbox 753 4250 1121 4316; x_wconf 87' lang='lat' dir='ltr'><strong>Andronicus,</strong></span> <span class='ocrx_word' id='word_1_278' title='bbox 1156 4261 1211 4305; x_wconf 92' lang='lat' dir='ltr'><strong>ut</strong></span> <span class='ocrx_word' id='word_1_279' title='bbox 1260 4267 1324 4307; x_wconf 91' lang='lat' dir='ltr'><strong>os</strong></span> <span class='ocrx_word' id='word_1_280' title='bbox 1360 4252 1676 4321; x_wconf 78' lang='lat' dir='ltr'><strong>pbstrueret</strong></span> <span class='ocrx_word' id='word_1_281' title='bbox 1712 4255 1893 4310; x_wconf 90' lang='lat' dir='ltr'><strong>obtre-</strong></span> 
     </span>
    </p>
   </div>
   <div class='ocr_carea' id='block_1_43' title="bbox 327 4337 1889 4407">
    <p class='ocr_par' dir='ltr' id='par_1_43' title="bbox 327 4337 1889 4407">
     <span class='ocr_line' id='line_1_43' title="bbox 327 4337 1889 4407; baseline 0.009 -23"><span class='ocrx_word' id='word_1_282' title='bbox 327 4337 643 4400; x_wconf 72' lang='lat' dir='ltr'><strong>t-tatoribus,</strong></span> <span class='ocrx_word' id='word_1_283' title='bbox 698 4338 900 4407; x_wconf 82' lang='lat' dir='ltr'><strong>primos</strong></span> <span class='ocrx_word' id='word_1_284' title='bbox 956 4340 1215 4398; x_wconf 84' lang='lat' dir='ltr'><strong>Ecclesiae</strong></span> <span class='ocrx_word' id='word_1_285' title='bbox 1264 4343 1503 4398; x_wconf 88' lang='lat' dir='ltr'><strong>honores</strong></span> <span class='ocrx_word' id='word_1_286' title='bbox 1545 4344 1796 4399; x_wconf 88' lang='lat' dir='ltr'><strong>conferre</strong></span> <span class='ocrx_word' id='word_1_287' title='bbox 1841 4346 1889 4401; x_wconf 89' lang='lat' dir='ltr'><strong>ei</strong></span> 
     </span>
    </p>
   </div>
   <div class='ocr_carea' id='block_1_44' title="bbox 324 4424 1892 4504">
    <p class='ocr_par' dir='ltr' id='par_1_44' title="bbox 324 4424 1892 4504">
     <span class='ocr_line' id='line_1_44' title="bbox 324 4424 1892 4504; baseline 0.01 -29"><span class='ocrx_word' id='word_1_288' title='bbox 324 4424 505 4495; x_wconf 62' lang='lat' dir='ltr'><strong>juveni</strong></span> <span class='ocrx_word' id='word_1_289' title='bbox 532 4431 742 4493; x_wconf 88' lang='lat' dir='ltr'><strong>statuit,</strong></span> <span class='ocrx_word' id='word_1_290' title='bbox 770 4442 824 4485; x_wconf 90' lang='lat' dir='ltr'><strong>et</strong></span> <span class='ocrx_word' id='word_1_291' title='bbox 871 4433 1319 4504; x_wconf 82' lang='lat' dir='ltr'><strong>chartophylacis</strong></span> <span class='ocrx_word' id='word_1_292' title='bbox 1362 4433 1699 4504; x_wconf 85' lang='lat' dir='ltr'><strong>dignitatem,</strong></span> <span class='ocrx_word' id='word_1_293' title='bbox 1744 4435 1892 4491; x_wconf 87' lang='lat' dir='ltr'><strong>velut</strong></span> 
     </span>
    </p>
   </div>
   <div class='ocr_carea' id='block_1_45' title="bbox 1981 591 3545 672">
    <p class='ocr_par' dir='ltr' id='par_1_45' title="bbox 1981 591 3545 672">
     <span class='ocr_line' id='line_1_45' title="bbox 1981 591 3545 672; baseline -0.012 -14"><span class='ocrx_word' id='word_1_294' title='bbox 1981 603 2313 672; x_wconf 86' lang='lat' dir='ltr'><strong>quibuslibet</strong></span> <span class='ocrx_word' id='word_1_295' title='bbox 2342 601 2481 657; x_wconf 88' lang='lat' dir='ltr'><strong>scitu</strong></span> <span class='ocrx_word' id='word_1_296' title='bbox 2526 600 2700 671; x_wconf 81' lang='lat' dir='ltr'><strong>dignis</strong></span> <span class='ocrx_word' id='word_1_297' title='bbox 2735 612 2916 653; x_wconf 89' lang='lat' dir='ltr'><strong>coram</strong></span> <span class='ocrx_word' id='word_1_298' title='bbox 2962 592 3281 661; x_wconf 65' lang='lat' dir='ltr'><strong>Andronico</strong></span> <span class='ocrx_word' id='word_1_299' title='bbox 3331 591 3545 643; x_wconf 78' lang='lat' dir='ltr'><strong>seniore.</strong></span> 
     </span>
    </p>
   </div>
   <div class='ocr_carea' id='block_1_46' title="bbox 1983 682 3546 764">
    <p class='ocr_par' dir='ltr' id='par_1_46' title="bbox 1983 682 3546 764">
     <span class='ocr_line' id='line_1_46' title="bbox 1983 682 3546 764; baseline -0.009 -16"><span class='ocrx_word' id='word_1_300' title='bbox 1983 694 2355 764; x_wconf 74' lang='lat' dir='ltr'><strong>disputabant.</strong></span> <span class='ocrx_word' id='word_1_301' title='bbox 2386 692 2523 746; x_wconf 89' lang='lat' dir='ltr'><strong>Cum</strong></span> <span class='ocrx_word' id='word_1_302' title='bbox 2556 691 2721 763; x_wconf 79' lang='lat' dir='ltr'><strong>igitur</strong></span> <span class='ocrx_word' id='word_1_303' title='bbox 2766 688 3082 755; x_wconf 81' lang='lat' dir='ltr'><strong>irequentes</strong></span> <span class='ocrx_word' id='word_1_304' title='bbox 3131 684 3205 739; x_wconf 91' lang='lat' dir='ltr'><strong>ibi</strong></span> <span class='ocrx_word' id='word_1_305' title='bbox 3258 682 3546 751; x_wconf 82' lang='lat' dir='ltr'><strong>aliquando</strong></span> 
     </span>
    </p>
   </div>
   <div class='ocr_carea' id='block_1_47' title="bbox 1984 772 3544 855">
    <p class='ocr_par' dir='ltr' id='par_1_47' title="bbox 1984 772 3544 855">
     <span class='ocr_line' id='line_1_47' title="bbox 1984 772 3544 855; baseline -0.01 -14"><span class='ocrx_word' id='word_1_306' title='bbox 1984 787 2234 842; x_wconf 88' lang='lat' dir='ltr'><strong>adessent</strong></span> <span class='ocrx_word' id='word_1_307' title='bbox 2266 784 2400 855; x_wconf 75' lang='grc'><strong>(9.1),</strong></span> <span class='ocrx_word' id='word_1_308' title='bbox 2437 783 2802 847; x_wconf 78' lang='lat' dir='ltr'><strong>Andronicus,</strong></span> <span class='ocrx_word' id='word_1_309' title='bbox 2836 788 2895 834; x_wconf 93' lang='lat' dir='ltr'><strong>ut</strong></span> <span class='ocrx_word' id='word_1_310' title='bbox 2924 776 3232 845; x_wconf 64' lang='lat' dir='ltr'><strong>Nicephoro</strong></span> <span class='ocrx_word' id='word_1_311' title='bbox 3267 772 3544 841; x_wconf 78' lang='lat' dir='ltr'><strong>Grcgorae,</strong></span> 
     </span>
    </p>
   </div>
   <div class='ocr_carea' id='block_1_48' title="bbox 1982 856 3547 947">
    <p class='ocr_par' dir='ltr' id='par_1_48' title="bbox 1982 856 3547 947">
     <span class='ocr_line' id='line_1_48' title="bbox 1982 856 3547 947; baseline -0.014 -15"><span class='ocrx_word' id='word_1_312' title='bbox 1982 892 2144 947; x_wconf 88' lang='lat' dir='ltr'><strong>quem</strong></span> <span class='ocrx_word' id='word_1_313' title='bbox 2179 876 2332 931; x_wconf 89' lang='lat' dir='ltr'><strong>valde</strong></span> <span class='ocrx_word' id='word_1_314' title='bbox 2351 856 2609 946; x_wconf 62' lang='lat' dir='ltr'><strong>diligebat</strong></span> <span class='ocrx_word' id='word_1_315' title='bbox 2639 871 2774 942; x_wconf 70' lang='lat'><strong>(‘19),</strong></span> <span class='ocrx_word' id='word_1_316' title='bbox 2799 868 3011 924; x_wconf 90' lang='lat' dir='ltr'><strong>dicendi</strong></span> <span class='ocrx_word' id='word_1_317' title='bbox 3037 864 3378 921; x_wconf 78' lang='lat' dir='ltr'><strong>occasionem</strong></span> <span class='ocrx_word' id='word_1_318' title='bbox 3409 876 3547 930; x_wconf 73' lang='lat' dir='ltr'><strong>pne—</strong></span> 
     </span>
    </p>
   </div>
   <div class='ocr_carea' id='block_1_49' title="bbox 1983 951 3549 1034">
    <p class='ocr_par' dir='ltr' id='par_1_49' title="bbox 1983 951 3549 1034">
     <span class='ocr_line' id='line_1_49' title="bbox 1983 951 3549 1034; baseline -0.013 -11"><span class='ocrx_word' id='word_1_319' title='bbox 1983 970 2174 1032; x_wconf 84' lang='lat' dir='ltr'><strong>beret,</strong></span> <span class='ocrx_word' id='word_1_320' title='bbox 2227 966 2558 1022; x_wconf 82' lang='lat' dir='ltr'><strong>mentionem</strong></span> <span class='ocrx_word' id='word_1_321' title='bbox 2620 963 2804 1034; x_wconf 83' lang='lat' dir='ltr'><strong>injecit</strong></span> <span class='ocrx_word' id='word_1_322' title='bbox 2864 961 2931 1019; x_wconf 81' lang='lat' dir='ltr'><strong>de</strong></span> <span class='ocrx_word' id='word_1_323' title='bbox 3006 956 3357 1014; x_wconf 87' lang='lat' dir='ltr'><strong>astronomia.</strong></span> <span class='ocrx_word' id='word_1_324' title='bbox 3411 951 3549 1004; x_wconf 86' lang='lat' dir='ltr'><strong>Tum</strong></span> 
     </span>
    </p>
   </div>
   <div class='ocr_carea' id='block_1_50' title="bbox 1983 1044 3552 1132">
    <p class='ocr_par' dir='ltr' id='par_1_50' title="bbox 1983 1044 3552 1132">
     <span class='ocr_line' id='line_1_50' title="bbox 1983 1044 3552 1132; baseline -0.014 -16"><span class='ocrx_word' id='word_1_325' title='bbox 1983 1061 2269 1132; x_wconf 87' lang='lat' dir='ltr'><strong>Gregoras,</strong></span> <span class='ocrx_word' id='word_1_326' title='bbox 2300 1059 2392 1129; x_wconf 87' lang='lat' dir='ltr'><strong>qui</strong></span> <span class='ocrx_word' id='word_1_327' title='bbox 2428 1058 2497 1112; x_wconf 86' lang='lat' dir='ltr'><strong>de</strong></span> <span class='ocrx_word' id='word_1_328' title='bbox 2534 1055 2798 1113; x_wconf 84' lang='lat' dir='ltr'><strong>Pascbate</strong></span> <span class='ocrx_word' id='word_1_329' title='bbox 2830 1052 2897 1108; x_wconf 90' lang='lat' dir='ltr'><strong>ad</strong></span> <span class='ocrx_word' id='word_1_330' title='bbox 2933 1053 3313 1120; x_wconf 87' lang='lat' dir='ltr'><strong>imperatorem</strong></span> <span class='ocrx_word' id='word_1_331' title='bbox 3345 1044 3552 1099; x_wconf 83' lang='lat' dir='ltr'><strong>referre</strong></span> 
     </span>
    </p>
   </div>
   <div class='ocr_carea' id='block_1_51' title="bbox 1984 1136 3552 1223">
    <p class='ocr_par' dir='ltr' id='par_1_51' title="bbox 1984 1136 3552 1223">
     <span class='ocr_line' id='line_1_51' title="bbox 1984 1136 3552 1223; baseline -0.015 -14"><span class='ocrx_word' id='word_1_332' title='bbox 1984 1152 2244 1223; x_wconf 30' lang='lat' dir='ltr'><strong>cupiebat.</strong></span> <span class='ocrx_word' id='word_1_333' title='bbox 2263 1149 2610 1221; x_wconf 85' lang='lat' dir='ltr'><strong>jampridem,</strong></span> <span class='ocrx_word' id='word_1_334' title='bbox 2646 1142 3058 1201; x_wconf 75' lang='lat' dir='ltr'><strong>&quot;astronomiam</strong></span> <span class='ocrx_word' id='word_1_335' title='bbox 3117 1141 3287 1207; x_wconf 81' lang='lat' dir='ltr'><strong>ipsam</strong></span> <span class='ocrx_word' id='word_1_336' title='bbox 3319 1136 3552 1207; x_wconf 81' lang='lat' dir='ltr'><strong>primum</strong></span> 
     </span>
    </p>
   </div>
   <div class='ocr_carea' id='block_1_52' title="bbox 1984 1222 3551 1313">
    <p class='ocr_par' dir='ltr' id='par_1_52' title="bbox 1984 1222 3551 1313">
     <span class='ocr_line' id='line_1_52' title="bbox 1984 1222 3551 1313; baseline -0.015 -14"><span class='ocrx_word' id='word_1_337' title='bbox 1984 1222 2151 1313; x_wconf 66' lang='lat' dir='ltr'><strong>coepit</strong></span> <span class='ocrx_word' id='word_1_338' title='bbox 2188 1241 2450 1295; x_wconf 85' lang='lat' dir='ltr'><strong>laudare:</strong></span> <span class='ocrx_word' id='word_1_339' title='bbox 2516 1235 2712 1293; x_wconf 88' lang='lat' dir='ltr'><strong>deinde</strong></span> <span class='ocrx_word' id='word_1_340' title='bbox 2767 1248 2923 1288; x_wconf 90' lang='lat' dir='ltr'><strong>usum</strong></span> <span class='ocrx_word' id='word_1_341' title='bbox 2975 1232 3094 1299; x_wconf 82' lang='lat' dir='ltr'><strong>ejus</strong></span> <span class='ocrx_word' id='word_1_342' title='bbox 3142 1229 3304 1283; x_wconf 86' lang='lat' dir='ltr'><strong>etiam</strong></span> <span class='ocrx_word' id='word_1_343' title='bbox 3341 1226 3408 1279; x_wconf 91' lang='lat' dir='ltr'><strong>ad</strong></span> <span class='ocrx_word' id='word_1_344' title='bbox 3457 1222 3551 1276; x_wconf 87' lang='lat' dir='ltr'><strong>Pa-</strong></span> 
     </span>
    </p>
   </div>
   <div class='ocr_carea' id='block_1_53' title="bbox 1985 1317 3554 1397">
    <p class='ocr_par' dir='ltr' id='par_1_53' title="bbox 1985 1317 3554 1397">
     <span class='ocr_line' id='line_1_53' title="bbox 1985 1317 3554 1397; baseline -0.015 -8"><span class='ocrx_word' id='word_1_345' title='bbox 1985 1331 2189 1390; x_wconf 85' lang='lat' dir='ltr'><strong>schatis</strong></span> <span class='ocrx_word' id='word_1_346' title='bbox 2211 1330 2603 1387; x_wconf 76' lang='lat' dir='ltr'><strong>correctionem</strong></span> <span class='ocrx_word' id='word_1_347' title='bbox 2645 1326 2918 1397; x_wconf 89' lang='lat' dir='ltr'><strong>pertinere</strong></span> <span class='ocrx_word' id='word_1_348' title='bbox 2945 1321 3104 1377; x_wconf 81' lang='lat' dir='ltr'><strong>dixit.</strong></span> <span class='ocrx_word' id='word_1_349' title='bbox 3140 1319 3214 1374; x_wconf 87' lang='lat' dir='ltr'><strong>Ita</strong></span> <span class='ocrx_word' id='word_1_350' title='bbox 3263 1317 3465 1372; x_wconf 88' lang='lat' dir='ltr'><strong>sensim</strong></span> <span class='ocrx_word' id='word_1_351' title='bbox 3501 1324 3554 1369; x_wconf 89' lang='lat' dir='ltr'><strong>et</strong></span> 
     </span>
    </p>
   </div>
   <div class='ocr_carea' id='block_1_54' title="bbox 1986 1410 3555 1494">
    <p class='ocr_par' dir='ltr' id='par_1_54' title="bbox 1986 1410 3555 1494">
     <span class='ocr_line' id='line_1_54' title="bbox 1986 1410 3555 1494; baseline -0.015 -12"><span class='ocrx_word' id='word_1_352' title='bbox 1986 1425 2108 1482; x_wconf 80' lang='lat' dir='ltr'><strong>sine</strong></span> <span class='ocrx_word' id='word_1_353' title='bbox 2133 1439 2299 1479; x_wconf 90' lang='lat' dir='ltr'><strong>sensu</strong></span> <span class='ocrx_word' id='word_1_354' title='bbox 2329 1421 2591 1494; x_wconf 88' lang='lat' dir='ltr'><strong>producta</strong></span> <span class='ocrx_word' id='word_1_355' title='bbox 2621 1420 2676 1474; x_wconf 91' lang='lat' dir='ltr'><strong>in</strong></span> <span class='ocrx_word' id='word_1_356' title='bbox 2712 1416 2951 1472; x_wconf 88' lang='lat' dir='ltr'><strong>medium</strong></span> <span class='ocrx_word' id='word_1_357' title='bbox 2980 1429 3042 1469; x_wconf 89' lang='lat' dir='ltr'><strong>ea</strong></span> <span class='ocrx_word' id='word_1_358' title='bbox 3070 1410 3233 1481; x_wconf 84' lang='lat' dir='ltr'><strong>quam</strong></span> <span class='ocrx_word' id='word_1_359' title='bbox 3273 1418 3391 1463; x_wconf 89' lang='lat' dir='ltr'><strong>erat</strong></span> <span class='ocrx_word' id='word_1_360' title='bbox 3419 1422 3555 1478; x_wconf 69' lang='lat' dir='ltr'><strong>prae-</strong></span> 
     </span>
    </p>
   </div>
   <div class='ocr_carea' id='block_1_55' title="bbox 1986 1496 3554 1581">
    <p class='ocr_par' dir='ltr' id='par_1_55' title="bbox 1986 1496 3554 1581">
     <span class='ocr_line' id='line_1_55' title="bbox 1986 1496 3554 1581; baseline -0.013 -11"><span class='ocrx_word' id='word_1_361' title='bbox 1986 1512 2283 1571; x_wconf 86' lang='lat' dir='ltr'><strong>meditatus</strong></span> <span class='ocrx_word' id='word_1_362' title='bbox 2336 1509 2657 1581; x_wconf 69' lang='lat' dir='ltr'><strong>quaestione,</strong></span> <span class='ocrx_word' id='word_1_363' title='bbox 2711 1521 2865 1561; x_wconf 87' lang='lat' dir='ltr'><strong>suam</strong></span> <span class='ocrx_word' id='word_1_364' title='bbox 2919 1504 2989 1559; x_wconf 89' lang='lat' dir='ltr'><strong>de</strong></span> <span class='ocrx_word' id='word_1_365' title='bbox 3038 1502 3126 1559; x_wconf 86' lang='lat' dir='ltr'><strong>die.</strong></span> <span class='ocrx_word' id='word_1_366' title='bbox 3155 1496 3396 1570; x_wconf 78' lang='lat' dir='ltr'><strong>paschali</strong></span> <span class='ocrx_word' id='word_1_367' title='bbox 3427 1511 3554 1549; x_wconf 83' lang='lat' dir='ltr'><strong>con-</strong></span> 
     </span>
    </p>
   </div>
   <div class='ocr_carea' id='block_1_56' title="bbox 1986 1584 3556 1678">
    <p class='ocr_par' dir='ltr' id='par_1_56' title="bbox 1986 1584 3556 1678">
     <span class='ocr_line' id='line_1_56' title="bbox 1986 1584 3556 1678; baseline -0.014 -17"><span class='ocrx_word' id='word_1_368' title='bbox 1986 1605 2263 1678; x_wconf 72' lang='lat' dir='ltr'><strong>stituendo</strong></span> <span class='ocrx_word' id='word_1_369' title='bbox 2285 1601 2607 1659; x_wconf 85' lang='lat' dir='ltr'><strong>sententiam</strong></span> <span class='ocrx_word' id='word_1_370' title='bbox 2654 1598 2958 1654; x_wconf 86' lang='lat' dir='ltr'><strong>luculenter</strong></span> <span class='ocrx_word' id='word_1_371' title='bbox 2987 1594 3245 1663; x_wconf 73' lang='lat' dir='ltr'><strong>explicuit</strong></span> <span class='ocrx_word' id='word_1_372' title='bbox 3280 1609 3293 1644; x_wconf 91' lang='lat'>:</span> <span class='ocrx_word' id='word_1_373' title='bbox 3334 1584 3556 1642; x_wconf 79' lang='lat' dir='ltr'><strong>investi-</strong></span> 
     </span>
    </p>
   </div>
   <div class='ocr_carea' id='block_1_57' title="bbox 1987 1678 3553 1764">
    <p class='ocr_par' dir='ltr' id='par_1_57' title="bbox 1987 1678 3553 1764">
     <span class='ocr_line' id='line_1_57' title="bbox 1987 1678 3553 1764; baseline -0.013 -14"><span class='ocrx_word' id='word_1_374' title='bbox 1987 1696 2149 1763; x_wconf 84' lang='lat' dir='ltr'><strong>gandi</strong></span> <span class='ocrx_word' id='word_1_375' title='bbox 2179 1691 2487 1764; x_wconf 66' lang='lat' dir='ltr'><strong>aequinoctii</strong></span> <span class='ocrx_word' id='word_1_376' title='bbox 2516 1689 2693 1755; x_wconf 73' lang='lat' dir='ltr'><strong>verni,</strong></span> <span class='ocrx_word' id='word_1_377' title='bbox 2734 1689 2860 1744; x_wconf 84' lang='lat' dir='ltr'><strong>item</strong></span> <span class='ocrx_word' id='word_1_378' title='bbox 2894 1683 3177 1754; x_wconf 86' lang='lat' dir='ltr'><strong>plcnihmii</strong></span> <span class='ocrx_word' id='word_1_379' title='bbox 3228 1678 3553 1737; x_wconf 79' lang='lat' dir='ltr'><strong>observandi</strong></span> 
     </span>
    </p>
   </div>
   <div class='ocr_carea' id='block_1_58' title="bbox 1991 1772 3554 1847">
    <p class='ocr_par' dir='ltr' id='par_1_58' title="bbox 1991 1772 3554 1847">
     <span class='ocr_line' id='line_1_58' title="bbox 1991 1772 3554 1847; baseline -0.014 -6"><span class='ocrx_word' id='word_1_380' title='bbox 1991 1789 2252 1844; x_wconf 85' lang='lat' dir='ltr'><strong>rationem</strong></span> <span class='ocrx_word' id='word_1_381' title='bbox 2274 1772 2512 1841; x_wconf 75' lang='lat' dir='ltr'><strong>tradidit</strong></span> <span class='ocrx_word' id='word_1_382' title='bbox 2542 1801 2558 1838; x_wconf 90' lang='lat'><strong>:</strong></span> <span class='ocrx_word' id='word_1_383' title='bbox 2590 1784 2655 1837; x_wconf 81' lang='lat' dir='ltr'><strong>ad</strong></span> <span class='ocrx_word' id='word_1_384' title='bbox 2679 1781 2796 1837; x_wconf 89' lang='lat' dir='ltr'><strong>dies</strong></span> <span class='ocrx_word' id='word_1_385' title='bbox 2818 1779 2945 1843; x_wconf 72' lang='lat'><strong>365,</strong></span> <span class='ocrx_word' id='word_1_386' title='bbox 2969 1779 3060 1847; x_wconf 75' lang='lat' dir='ltr'><strong>qui</strong></span> <span class='ocrx_word' id='word_1_387' title='bbox 3089 1789 3290 1829; x_wconf 89' lang='lat' dir='ltr'><strong>annttm</strong></span> <span class='ocrx_word' id='word_1_388' title='bbox 3323 1772 3554 1827; x_wconf 86' lang='lat' dir='ltr'><strong>solaretn</strong></span> 
     </span>
    </p>
   </div>
   <div class='ocr_carea' id='block_1_59' title="bbox 1992 1866 3554 1944">
    <p class='ocr_par' dir='ltr' id='par_1_59' title="bbox 1992 1866 3554 1944">
     <span class='ocr_line' id='line_1_59' title="bbox 1992 1866 3554 1944; baseline -0.017 -7"><span class='ocrx_word' id='word_1_389' title='bbox 1992 1881 2417 1944; x_wconf 88' lang='lat' dir='ltr'><strong>constituerent,</strong></span> <span class='ocrx_word' id='word_1_390' title='bbox 2480 1876 2751 1944; x_wconf 86' lang='lat' dir='ltr'><strong>integrum</strong></span> <span class='ocrx_word' id='word_1_391' title='bbox 2811 1870 2977 1926; x_wconf 91' lang='lat' dir='ltr'><strong>unius</strong></span> <span class='ocrx_word' id='word_1_392' title='bbox 3033 1867 3139 1922; x_wconf 91' lang='lat' dir='ltr'><strong>diei</strong></span> <span class='ocrx_word' id='word_1_393' title='bbox 3202 1866 3554 1933; x_wconf 85' lang='lat' dir='ltr'><strong>quadrantem</strong></span> 
     </span>
    </p>
   </div>
   <div class='ocr_carea' id='block_1_60' title="bbox 1992 1954 3559 2025">
    <p class='ocr_par' dir='ltr' id='par_1_60' title="bbox 1992 1954 3559 2025">
     <span class='ocr_line' id='line_1_60' title="bbox 1992 1954 3559 2025; baseline -0.015 1"><span class='ocrx_word' id='word_1_394' title='bbox 1992 1986 2100 2025; x_wconf 91' lang='lat' dir='ltr'><strong>non</strong></span> <span class='ocrx_word' id='word_1_395' title='bbox 2158 1968 2358 2024; x_wconf 86' lang='lat' dir='ltr'><strong>debere</strong></span> <span class='ocrx_word' id='word_1_396' title='bbox 2410 1964 2535 2019; x_wconf 90' lang='lat' dir='ltr'><strong>addi</strong></span> <span class='ocrx_word' id='word_1_397' title='bbox 2582 1960 2840 2024; x_wconf 86' lang='lat' dir='ltr'><strong>ostendit,</strong></span> <span class='ocrx_word' id='word_1_398' title='bbox 2887 1960 2982 2014; x_wconf 89' lang='lat' dir='ltr'><strong>scd</strong></span> <span class='ocrx_word' id='word_1_399' title='bbox 3027 1956 3397 2013; x_wconf 85' lang='lat' dir='ltr'><strong>deducendam</strong></span> <span class='ocrx_word' id='word_1_400' title='bbox 3434 1954 3559 2007; x_wconf 78' lang='lat' dir='ltr'><strong>inde</strong></span> 
     </span>
    </p>
   </div>
   <div class='ocr_carea' id='block_1_61' title="bbox 1994 2043 3557 2133">
    <p class='ocr_par' dir='ltr' id='par_1_61' title="bbox 1994 2043 3557 2133">
     <span class='ocr_line' id='line_1_61' title="bbox 1994 2043 3557 2133; baseline -0.013 -17"><span class='ocrx_word' id='word_1_401' title='bbox 1994 2058 2334 2133; x_wconf 86' lang='lat' dir='ltr'><strong>partemdiei</strong></span> <span class='ocrx_word' id='word_1_402' title='bbox 2381 2053 2787 2116; x_wconf 84' lang='lat' dir='ltr'><strong>brevissimam,</strong></span> <span class='ocrx_word' id='word_1_403' title='bbox 2834 2065 2945 2105; x_wconf 91' lang='lat' dir='ltr'><strong>non</strong></span> <span class='ocrx_word' id='word_1_404' title='bbox 2999 2059 3178 2103; x_wconf 86' lang='lat' dir='ltr'><strong>tamen</strong></span> <span class='ocrx_word' id='word_1_405' title='bbox 3235 2043 3557 2100; x_wconf 83' lang='lat' dir='ltr'><strong>trecentesi-</strong></span> 
     </span>
    </p>
   </div>
   <div class='ocr_carea' id='block_1_62' title="bbox 1994 2139 3555 2220">
    <p class='ocr_par' dir='ltr' id='par_1_62' title="bbox 1994 2139 3555 2220">
     <span class='ocr_line' id='line_1_62' title="bbox 1994 2139 3555 2220; baseline -0.013 -13"><span class='ocrx_word' id='word_1_406' title='bbox 1994 2169 2135 2207; x_wconf 89' lang='lat' dir='ltr'><strong>mam</strong></span> <span class='ocrx_word' id='word_1_407' title='bbox 2191 2151 2362 2220; x_wconf 88' lang='lat' dir='ltr'><strong>ipsam</strong></span> <span class='ocrx_word' id='word_1_408' title='bbox 2410 2161 2655 2219; x_wconf 84' lang='lat' dir='ltr'><strong>prorsus,</strong></span> <span class='ocrx_word' id='word_1_409' title='bbox 2717 2153 2777 2199; x_wconf 92' lang='lat' dir='ltr'><strong>ut</strong></span> <span class='ocrx_word' id='word_1_410' title='bbox 2831 2139 3140 2199; x_wconf 88' lang='lat' dir='ltr'><strong>censuisset</strong></span> <span class='ocrx_word' id='word_1_411' title='bbox 3192 2140 3555 2194; x_wconf 84' lang='lat' dir='ltr'><strong>Ptolemaeus:</strong></span> 
     </span>
    </p>
   </div>
   <div class='ocr_carea' id='block_1_63' title="bbox 1991 2228 3556 2313">
    <p class='ocr_par' dir='ltr' id='par_1_63' title="bbox 1991 2228 3556 2313">
     <span class='ocr_line' id='line_1_63' title="bbox 1991 2228 3556 2313; baseline -0.013 -13"><span class='ocrx_word' id='word_1_412' title='bbox 1991 2245 2096 2300; x_wconf 87' lang='lat' dir='ltr'><strong>alia</strong></span> <span class='ocrx_word' id='word_1_413' title='bbox 2127 2243 2361 2313; x_wconf 85' lang='lat' dir='ltr'><strong>denique</strong></span> <span class='ocrx_word' id='word_1_414' title='bbox 2418 2240 2587 2294; x_wconf 89' lang='lat' dir='ltr'><strong>multa</strong></span> <span class='ocrx_word' id='word_1_415' title='bbox 2644 2237 2699 2290; x_wconf 90' lang='lat' dir='ltr'><strong>in</strong></span> <span class='ocrx_word' id='word_1_416' title='bbox 2765 2250 2882 2290; x_wconf 89' lang='lat' dir='ltr'><strong>eam</strong></span> <span class='ocrx_word' id='word_1_417' title='bbox 2950 2244 3064 2290; x_wconf 87' lang='lat' dir='ltr'><strong>rem</strong></span> <span class='ocrx_word' id='word_1_418' title='bbox 3138 2228 3433 2302; x_wconf 87' lang='lat' dir='ltr'><strong>congessit,</strong></span> <span class='ocrx_word' id='word_1_419' title='bbox 3492 2242 3556 2281; x_wconf 65' lang='lat' dir='ltr'><strong>ei:</strong></span> 
     </span>
    </p>
   </div>
   <div class='ocr_carea' id='block_1_64' title="bbox 1994 2318 3558 2407">
    <p class='ocr_par' dir='ltr' id='par_1_64' title="bbox 1994 2318 3558 2407">
     <span class='ocr_line' id='line_1_64' title="bbox 1994 2318 3558 2407; baseline -0.013 -14"><span class='ocrx_word' id='word_1_420' title='bbox 1994 2338 2194 2407; x_wconf 89' lang='lat' dir='ltr'><strong>quibus</strong></span> <span class='ocrx_word' id='word_1_421' title='bbox 2224 2335 2277 2390; x_wconf 90' lang='lat' dir='ltr'><strong>id</strong></span> <span class='ocrx_word' id='word_1_422' title='bbox 2307 2333 2665 2394; x_wconf 78' lang='lat' dir='ltr'><strong>ciliciebatur,</strong></span> <span class='ocrx_word' id='word_1_423' title='bbox 2716 2330 2784 2383; x_wconf 88' lang='lat' dir='ltr'><strong>ab</strong></span> <span class='ocrx_word' id='word_1_424' title='bbox 2813 2341 2960 2382; x_wconf 91' lang='lat' dir='ltr'><strong>anno</strong></span> <span class='ocrx_word' id='word_1_425' title='bbox 3007 2323 3192 2379; x_wconf 89' lang='lat' dir='ltr'><strong>mundi</strong></span> <span class='ocrx_word' id='word_1_426' title='bbox 3237 2323 3351 2376; x_wconf 86' lang='lat' dir='ltr'><strong>fere</strong></span> <span class='ocrx_word' id='word_1_427' title='bbox 3396 2318 3558 2401; x_wconf 62' lang='grc' dir='ltr'><strong>εξδοο,</strong></span> 
     </span>
    </p>
   </div>
   <div class='ocr_carea' id='block_1_65' title="bbox 1993 2415 3559 2502">
    <p class='ocr_par' dir='ltr' id='par_1_65' title="bbox 1993 2415 3559 2502">
     <span class='ocr_line' id='line_1_65' title="bbox 1993 2415 3559 2502; baseline -0.013 -15"><span class='ocrx_word' id='word_1_428' title='bbox 1993 2430 2087 2502; x_wconf 91' lang='lat' dir='ltr'><strong>qui</strong></span> <span class='ocrx_word' id='word_1_429' title='bbox 2116 2430 2215 2485; x_wconf 89' lang='lat' dir='ltr'><strong>fuit</strong></span> <span class='ocrx_word' id='word_1_430' title='bbox 2240 2427 2441 2485; x_wconf 84' lang='lat' dir='ltr'><strong>Christi</strong></span> <span class='ocrx_word' id='word_1_431' title='bbox 2474 2425 2597 2491; x_wconf 71' lang='grc'><strong>792,</strong></span> <span class='ocrx_word' id='word_1_432' title='bbox 2627 2435 2867 2480; x_wconf 88' lang='lat' dir='ltr'><strong>erratum</strong></span> <span class='ocrx_word' id='word_1_433' title='bbox 2899 2435 3019 2477; x_wconf 88' lang='lat' dir='ltr'><strong>esse</strong></span> <span class='ocrx_word' id='word_1_434' title='bbox 3062 2419 3116 2473; x_wconf 90' lang='lat' dir='ltr'><strong>in</strong></span> <span class='ocrx_word' id='word_1_435' title='bbox 3151 2415 3399 2487; x_wconf 87' lang='lat' dir='ltr'><strong>ponenda</strong></span> <span class='ocrx_word' id='word_1_436' title='bbox 3425 2422 3559 2468; x_wconf 88' lang='lat' dir='ltr'><strong>tem-</strong></span> 
     </span>
    </p>
   </div>
   <div class='ocr_carea' id='block_1_66' title="bbox 1993 2505 3560 2595">
    <p class='ocr_par' dir='ltr' id='par_1_66' title="bbox 1993 2505 3560 2595">
     <span class='ocr_line' id='line_1_66' title="bbox 1993 2505 3560 2595; baseline -0.013 -16"><span class='ocrx_word' id='word_1_437' title='bbox 1993 2539 2185 2595; x_wconf 89' lang='lat' dir='ltr'><strong>porum</strong></span> <span class='ocrx_word' id='word_1_438' title='bbox 2222 2521 2451 2586; x_wconf 84' lang='lat' dir='ltr'><strong>ratione,</strong></span> <span class='ocrx_word' id='word_1_439' title='bbox 2479 2525 2643 2588; x_wconf 89' lang='lat' dir='ltr'><strong>atque</strong></span> <span class='ocrx_word' id='word_1_440' title='bbox 2670 2517 2725 2570; x_wconf 92' lang='lat' dir='ltr'><strong>in</strong></span> <span class='ocrx_word' id='word_1_441' title='bbox 2754 2512 3033 2569; x_wconf 87' lang='lat' dir='ltr'><strong>Paschatis</strong></span> <span class='ocrx_word' id='word_1_442' title='bbox 3067 2510 3156 2564; x_wconf 86' lang='lat' dir='ltr'><strong>die</strong></span> <span class='ocrx_word' id='word_1_443' title='bbox 3186 2505 3560 2571; x_wconf 85' lang='lat' dir='ltr'><strong>observando;</strong></span> 
     </span>
    </p>
   </div>
   <div class='ocr_carea' id='block_1_67' title="bbox 1993 2595 3559 2683">
    <p class='ocr_par' dir='ltr' id='par_1_67' title="bbox 1993 2595 3559 2683">
     <span class='ocr_line' id='line_1_67' title="bbox 1993 2595 3559 2683; baseline -0.016 -12"><span class='ocrx_word' id='word_1_444' title='bbox 1993 2630 2118 2670; x_wconf 90' lang='lat' dir='ltr'><strong>eum</strong></span> <span class='ocrx_word' id='word_1_445' title='bbox 2162 2627 2291 2683; x_wconf 74' lang='lat' dir='ltr'><strong>vero</strong></span> <span class='ocrx_word' id='word_1_446' title='bbox 2322 2623 2563 2666; x_wconf 88' lang='lat' dir='ltr'><strong>errorem</strong></span> <span class='ocrx_word' id='word_1_447' title='bbox 2606 2608 2683 2662; x_wconf 90' lang='lat' dir='ltr'><strong>ita</strong></span> <span class='ocrx_word' id='word_1_448' title='bbox 2718 2618 2879 2676; x_wconf 91' lang='lat' dir='ltr'><strong>posse</strong></span> <span class='ocrx_word' id='word_1_449' title='bbox 2918 2600 3138 2673; x_wconf 76' lang='lat' dir='ltr'><strong>corrigi,</strong></span> <span class='ocrx_word' id='word_1_450' title='bbox 3173 2597 3218 2651; x_wconf 91' lang='lat' dir='ltr'><strong>si</strong></span> <span class='ocrx_word' id='word_1_451' title='bbox 3252 2597 3319 2651; x_wconf 87' lang='lat' dir='ltr'><strong>de</strong></span> <span class='ocrx_word' id='word_1_452' title='bbox 3349 2595 3559 2651; x_wconf 90' lang='lat' dir='ltr'><strong>dierum</strong></span> 
     </span>
    </p>
   </div>
   <div class='ocr_carea' id='block_1_68' title="bbox 1994 2687 3561 2776">
    <p class='ocr_par' dir='ltr' id='par_1_68' title="bbox 1994 2687 3561 2776">
     <span class='ocr_line' id='line_1_68' title="bbox 1994 2687 3561 2776; baseline -0.013 -17"><span class='ocrx_word' id='word_1_453' title='bbox 1994 2716 2206 2759; x_wconf 89' lang='lat' dir='ltr'><strong>summa</strong></span> <span class='ocrx_word' id='word_1_454' title='bbox 2236 2696 2397 2772; x_wconf 85' lang='lat' dir='ltr'><strong>paulo</strong></span> <span class='ocrx_word' id='word_1_455' title='bbox 2430 2698 2550 2776; x_wconf 80' lang='lat' dir='ltr'><strong>plus</strong></span> <span class='ocrx_word' id='word_1_456' title='bbox 2596 2695 2765 2751; x_wconf 85' lang='lat' dir='ltr'><strong>biduo</strong></span> <span class='ocrx_word' id='word_1_457' title='bbox 2816 2694 3027 2761; x_wconf 83' lang='lat' dir='ltr'><strong>integro</strong></span> <span class='ocrx_word' id='word_1_458' title='bbox 3072 2687 3475 2748; x_wconf 78' lang='lat' dir='ltr'><strong>detraheretur,</strong></span> <span class='ocrx_word' id='word_1_459' title='bbox 3508 2694 3561 2769; x_wconf 80' lang='lat' dir='ltr'><strong>et</strong></span> 
     </span>
    </p>
   </div>
   <div class='ocr_carea' id='block_1_69' title="bbox 1995 2773 3561 2857">
    <p class='ocr_par' dir='ltr' id='par_1_69' title="bbox 1995 2773 3561 2857">
     <span class='ocr_line' id='line_1_69' title="bbox 1995 2773 3561 2857; baseline -0.013 -7"><span class='ocrx_word' id='word_1_460' title='bbox 1995 2791 2275 2850; x_wconf 85' lang='lat' dir='ltr'><strong>Pascbatis</strong></span> <span class='ocrx_word' id='word_1_461' title='bbox 2334 2773 2643 2846; x_wconf 80' lang='lat' dir='ltr'><strong>observatio</strong></span> <span class='ocrx_word' id='word_1_462' title='bbox 2700 2784 2945 2857; x_wconf 80' lang='lat' dir='ltr'><strong>proxime</strong></span> <span class='ocrx_word' id='word_1_463' title='bbox 2993 2788 3121 2837; x_wconf 88' lang='lat' dir='ltr'><strong>ante</strong></span> <span class='ocrx_word' id='word_1_464' title='bbox 3168 2779 3310 2835; x_wconf 88' lang='lat' dir='ltr'><strong>diem</strong></span> <span class='ocrx_word' id='word_1_465' title='bbox 3384 2773 3561 2831; x_wconf 82' lang='lat' dir='ltr'><strong>Martii</strong></span> 
     </span>
    </p>
   </div>
   <div class='ocr_carea' id='block_1_70' title="bbox 1995 2869 3562 2948">
    <p class='ocr_par' dir='ltr' id='par_1_70' title="bbox 1995 2869 3562 2948">
     <span class='ocr_line' id='line_1_70' title="bbox 1995 2869 3562 2948; baseline -0.01 -8"><span class='ocrx_word' id='word_1_466' title='bbox 1995 2885 2312 2940; x_wconf 86' lang='lat' dir='ltr'><strong>vicesimum</strong></span> <span class='ocrx_word' id='word_1_467' title='bbox 2349 2883 2746 2944; x_wconf 89' lang='lat' dir='ltr'><strong>institueretur,</strong></span> <span class='ocrx_word' id='word_1_468' title='bbox 2780 2892 2899 2948; x_wconf 66' lang='lat' dir='ltr'><strong>quae</strong></span> <span class='ocrx_word' id='word_1_469' title='bbox 2949 2892 2997 2931; x_wconf 22' lang='lat' dir='ltr'><strong>ai</strong></span> <span class='ocrx_word' id='word_1_470' title='bbox 3034 2872 3291 2930; x_wconf 85' lang='lat' dir='ltr'><strong>vicesimo</strong></span> <span class='ocrx_word' id='word_1_471' title='bbox 3323 2869 3562 2926; x_wconf 86' lang='lat' dir='ltr'><strong>secundo</strong></span> 
     </span>
    </p>
   </div>
   <div class='ocr_carea' id='block_1_71' title="bbox 1996 2963 3562 3049">
    <p class='ocr_par' dir='ltr' id='par_1_71' title="bbox 1996 2963 3562 3049">
     <span class='ocr_line' id='line_1_71' title="bbox 1996 2963 3562 3049; baseline -0.009 -17"><span class='ocrx_word' id='word_1_472' title='bbox 1996 2992 2281 3049; x_wconf 83' lang='lat' dir='ltr'><strong>perperam</strong></span> <span class='ocrx_word' id='word_1_473' title='bbox 2314 2973 2526 3041; x_wconf 86' lang='lat' dir='ltr'><strong>institui</strong></span> <span class='ocrx_word' id='word_1_474' title='bbox 2578 2971 2803 3027; x_wconf 88' lang='lat' dir='ltr'><strong>soleret.</strong></span> <span class='ocrx_word' id='word_1_475' title='bbox 2842 2965 3460 3043; x_wconf 83' lang='lat' dir='ltr'><strong>lmperatorconsilium</strong></span> <span class='ocrx_word' id='word_1_476' title='bbox 3492 2963 3562 3019; x_wconf 86' lang='lat' dir='ltr'><strong>de</strong></span> 
     </span>
    </p>
   </div>
   <div class='ocr_carea' id='block_1_72' title="bbox 1998 3055 3562 3138">
    <p class='ocr_par' dir='ltr' id='par_1_72' title="bbox 1998 3055 3562 3138">
     <span class='ocr_line' id='line_1_72' title="bbox 1998 3055 3562 3138; baseline -0.01 -15"><span class='ocrx_word' id='word_1_477' title='bbox 1998 3068 2262 3125; x_wconf 86' lang='lat' dir='ltr'><strong>Paschate</strong></span> <span class='ocrx_word' id='word_1_478' title='bbox 2298 3064 2626 3138; x_wconf 83' lang='lat' dir='ltr'><strong>corrigendo</strong></span> <span class='ocrx_word' id='word_1_479' title='bbox 2665 3063 2944 3134; x_wconf 89' lang='lat' dir='ltr'><strong>probavit;</strong></span> <span class='ocrx_word' id='word_1_480' title='bbox 2985 3075 3098 3116; x_wconf 90' lang='lat' dir='ltr'><strong>rem</strong></span> <span class='ocrx_word' id='word_1_481' title='bbox 3138 3060 3307 3129; x_wconf 87' lang='lat' dir='ltr'><strong>ipsam</strong></span> <span class='ocrx_word' id='word_1_482' title='bbox 3343 3055 3562 3128; x_wconf 79' lang='lat' dir='ltr'><strong>aggredi</strong></span> 
     </span>
    </p>
   </div>
   <div class='ocr_carea' id='block_1_73' title="bbox 1920 3149 3560 3239">
    <p class='ocr_par' dir='ltr' id='par_1_73' title="bbox 1920 3149 3560 3239">
     <span class='ocr_line' id='line_1_73' title="bbox 1920 3149 3560 3239; baseline -0.01 -21"><span class='ocrx_word' id='word_1_483' title='bbox 1920 3179 1964 3239; x_wconf 72' lang='grc' dir='ltr'><em>ε</em></span> <span class='ocrx_word' id='word_1_484' title='bbox 1998 3160 2192 3228; x_wconf 89' lang='lat' dir='ltr'><strong>noluit,</strong></span> <span class='ocrx_word' id='word_1_485' title='bbox 2221 3159 2365 3230; x_wconf 89' lang='lat' dir='ltr'><strong>quod</strong></span> <span class='ocrx_word' id='word_1_486' title='bbox 2395 3164 2619 3230; x_wconf 76' lang='lat' dir='ltr'><strong>negaret</strong></span> <span class='ocrx_word' id='word_1_487' title='bbox 2650 3154 2806 3210; x_wconf 81' lang='lat' dir='ltr'><strong>facile</strong></span> <span class='ocrx_word' id='word_1_488' title='bbox 2843 3168 2964 3209; x_wconf 92' lang='lat' dir='ltr'><strong>esse</strong></span> <span class='ocrx_word' id='word_1_489' title='bbox 2996 3151 3240 3208; x_wconf 89' lang='lat' dir='ltr'><strong>omnium</strong></span> <span class='ocrx_word' id='word_1_490' title='bbox 3276 3149 3560 3204; x_wconf 82' lang='lat' dir='ltr'><strong>nationum</strong></span> 
     </span>
    </p>
   </div>
   <div class='ocr_carea' id='block_1_74' title="bbox 1995 3242 3560 3327">
    <p class='ocr_par' dir='ltr' id='par_1_74' title="bbox 1995 3242 3560 3327">
     <span class='ocr_line' id='line_1_74' title="bbox 1995 3242 3560 3327; baseline -0.014 -14"><span class='ocrx_word' id='word_1_491' title='bbox 1995 3255 2248 3327; x_wconf 72' lang='lat' dir='ltr'><strong>stiﬂragia</strong></span> <span class='ocrx_word' id='word_1_492' title='bbox 2305 3253 2585 3324; x_wconf 86' lang='lat' dir='ltr'><strong>colligere,</strong></span> <span class='ocrx_word' id='word_1_493' title='bbox 2640 3258 2693 3305; x_wconf 91' lang='lat' dir='ltr'><strong>et</strong></span> <span class='ocrx_word' id='word_1_494' title='bbox 2729 3256 3007 3318; x_wconf 87' lang='lat' dir='ltr'><strong>receptum</strong></span> <span class='ocrx_word' id='word_1_495' title='bbox 3063 3254 3177 3300; x_wconf 90' lang='lat' dir='ltr'><strong>toto</strong></span> <span class='ocrx_word' id='word_1_496' title='bbox 3229 3242 3362 3298; x_wconf 85' lang='lat' dir='ltr'><strong>orbe</strong></span> <span class='ocrx_word' id='word_1_497' title='bbox 3402 3255 3560 3295; x_wconf 91' lang='lat' dir='ltr'><strong>usum</strong></span> 
     </span>
    </p>
   </div>
   <div class='ocr_carea' id='block_1_75' title="bbox 1994 3331 3562 3415">
    <p class='ocr_par' dir='ltr' id='par_1_75' title="bbox 1994 3331 3562 3415">
     <span class='ocr_line' id='line_1_75' title="bbox 1994 3331 3562 3415; baseline -0.013 -11"><span class='ocrx_word' id='word_1_498' title='bbox 1994 3347 2233 3415; x_wconf 74' lang='lat' dir='ltr'><strong>abolere.</strong></span> <span class='ocrx_word' id='word_1_499' title='bbox 2265 3345 2518 3415; x_wconf 70' lang='lat' dir='ltr'><strong>Gregorte</strong></span> <span class='ocrx_word' id='word_1_500' title='bbox 2548 3339 2876 3397; x_wconf 88' lang='lat' dir='ltr'><strong>sententiam</strong></span> <span class='ocrx_word' id='word_1_501' title='bbox 2921 3338 3013 3394; x_wconf 89' lang='lat' dir='ltr'><strong>alii</strong></span> <span class='ocrx_word' id='word_1_502' title='bbox 3042 3346 3229 3409; x_wconf 88' lang='lat' dir='ltr'><strong>postea</strong></span> <span class='ocrx_word' id='word_1_503' title='bbox 3260 3331 3562 3390; x_wconf 89' lang='lat' dir='ltr'><strong>astronomi</strong></span> 
     </span>
    </p>
   </div>
   <div class='ocr_carea' id='block_1_76' title="bbox 1995 3424 3562 3508">
    <p class='ocr_par' dir='ltr' id='par_1_76' title="bbox 1995 3424 3562 3508">
     <span class='ocr_line' id='line_1_76' title="bbox 1995 3424 3562 3508; baseline -0.011 -13"><span class='ocrx_word' id='word_1_504' title='bbox 1995 3438 2414 3508; x_wconf 86' lang='lat' dir='ltr'><strong>chronologique</strong></span> <span class='ocrx_word' id='word_1_505' title='bbox 2451 3434 2837 3498; x_wconf 88' lang='lat' dir='ltr'><strong>defenderunt,</strong></span> <span class='ocrx_word' id='word_1_506' title='bbox 2882 3440 3044 3501; x_wconf 90' lang='lat' dir='ltr'><strong>atque</strong></span> <span class='ocrx_word' id='word_1_507' title='bbox 3074 3429 3128 3485; x_wconf 89' lang='lat' dir='ltr'><strong>in</strong></span> <span class='ocrx_word' id='word_1_508' title='bbox 3164 3426 3354 3497; x_wconf 87' lang='lat' dir='ltr'><strong>primis</strong></span> <span class='ocrx_word' id='word_1_509' title='bbox 3413 3424 3562 3479; x_wconf 86' lang='lat' dir='ltr'><strong>Isaac</strong></span> 
     </span>
    </p>
   </div>
   <div class='ocr_carea' id='block_1_77' title="bbox 1996 3510 3561 3602">
    <p class='ocr_par' dir='ltr' id='par_1_77' title="bbox 1996 3510 3561 3602">
     <span class='ocr_line' id='line_1_77' title="bbox 1996 3510 3561 3602; baseline -0.012 -18"><span class='ocrx_word' id='word_1_510' title='bbox 1996 3510 2250 3602; x_wconf 44' lang='lat' dir='ltr'><strong>Argyr&#39;us.</strong></span> <span class='ocrx_word' id='word_1_511' title='bbox 2277 3525 2481 3581; x_wconf 75' lang='lat' dir='ltr'><strong>Saecula</strong></span> <span class='ocrx_word' id='word_1_512' title='bbox 2507 3524 2726 3580; x_wconf 91' lang='lat' dir='ltr'><strong>demum</strong></span> <span class='ocrx_word' id='word_1_513' title='bbox 2748 3520 2959 3577; x_wconf 90' lang='lat' dir='ltr'><strong>decimo</strong></span> <span class='ocrx_word' id='word_1_514' title='bbox 2974 3527 3148 3584; x_wconf 80' lang='lat' dir='ltr'><strong>sexto,</strong></span> <span class='ocrx_word' id='word_1_515' title='bbox 3179 3532 3242 3572; x_wconf 85' lang='lat' dir='ltr'><strong>ca</strong></span> <span class='ocrx_word' id='word_1_516' title='bbox 3261 3514 3561 3586; x_wconf 67' lang='lat' dir='ltr'><strong>quaestione</strong></span> 
     </span>
    </p>
   </div>
   <div class='ocr_carea' id='block_1_78' title="bbox 1994 3606 3563 3692">
    <p class='ocr_par' dir='ltr' id='par_1_78' title="bbox 1994 3606 3563 3692">
     <span class='ocr_line' id='line_1_78' title="bbox 1994 3606 3563 3692; baseline -0.011 -15"><span class='ocrx_word' id='word_1_517' title='bbox 1994 3621 2137 3692; x_wconf 87' lang='lat' dir='ltr'><strong>apud</strong></span> <span class='ocrx_word' id='word_1_518' title='bbox 2192 3619 2417 3675; x_wconf 88' lang='lat' dir='ltr'><strong>Latinos</strong></span> <span class='ocrx_word' id='word_1_519' title='bbox 2475 3630 2691 3687; x_wconf 91' lang='lat' dir='ltr'><strong>quoque</strong></span> <span class='ocrx_word' id='word_1_520' title='bbox 2746 3613 2984 3685; x_wconf 85' lang='lat' dir='ltr'><strong>agitata,</strong></span> <span class='ocrx_word' id='word_1_521' title='bbox 3045 3606 3429 3667; x_wconf 82' lang='lat' dir='ltr'><strong>Kalcndarium</strong></span> <span class='ocrx_word' id='word_1_522' title='bbox 3493 3620 3563 3659; x_wconf 81' lang='lat' dir='ltr'><strong>ex</strong></span> 
     </span>
    </p>
   </div>
   <div class='ocr_carea' id='block_1_79' title="bbox 1993 3698 3561 3777">
    <p class='ocr_par' dir='ltr' id='par_1_79' title="bbox 1993 3698 3561 3777">
     <span class='ocr_line' id='line_1_79' title="bbox 1993 3698 3561 3777; baseline -0.011 -10"><span class='ocrx_word' id='word_1_523' title='bbox 1993 3710 2321 3767; x_wconf 70' lang='lat' dir='ltr'><strong>auctoritate</strong></span> <span class='ocrx_word' id='word_1_524' title='bbox 2379 3705 2625 3777; x_wconf 79' lang='lat' dir='ltr'><strong>Gregorii</strong></span> <span class='ocrx_word' id='word_1_525' title='bbox 2686 3703 2829 3770; x_wconf 84' lang='lat' dir='ltr'><strong>Xlll,</strong></span> <span class='ocrx_word' id='word_1_526' title='bbox 2888 3717 2956 3758; x_wconf 88' lang='lat' dir='ltr'><strong>eo</strong></span> <span class='ocrx_word' id='word_1_527' title='bbox 2992 3700 3107 3756; x_wconf 90' lang='lat' dir='ltr'><strong>fere</strong></span> <span class='ocrx_word' id='word_1_528' title='bbox 3159 3698 3343 3765; x_wconf 84' lang='lat' dir='ltr'><strong>modo,</strong></span> <span class='ocrx_word' id='word_1_529' title='bbox 3398 3710 3561 3766; x_wconf 86' lang='lat' dir='ltr'><strong>quem</strong></span> 
     </span>
    </p>
   </div>
   <div class='ocr_carea' id='block_1_80' title="bbox 1994 3790 3241 3873">
    <p class='ocr_par' dir='ltr' id='par_1_80' title="bbox 1994 3790 3241 3873">
     <span class='ocr_line' id='line_1_80' title="bbox 1994 3790 3241 3873; baseline -0.011 -14"><span class='ocrx_word' id='word_1_530' title='bbox 1994 3790 2260 3873; x_wconf 82' lang='lat' dir='ltr'><strong>Gregoras</strong></span> <span class='ocrx_word' id='word_1_531' title='bbox 2284 3800 2683 3870; x_wconf 84' lang='lat' dir='ltr'><strong>designaverat,</strong></span> <span class='ocrx_word' id='word_1_532' title='bbox 2724 3797 3075 3851; x_wconf 85' lang='lat' dir='ltr'><strong>reformatum</strong></span> <span class='ocrx_word' id='word_1_533' title='bbox 3122 3792 3241 3846; x_wconf 83' lang='lat' dir='ltr'><strong>fuit.</strong></span> 
     </span>
    </p>
   </div>
   <div class='ocr_carea' id='block_1_81' title="bbox 2064 3879 3562 3963">
    <p class='ocr_par' dir='ltr' id='par_1_81' title="bbox 2064 3879 3562 3963">
     <span class='ocr_line' id='line_1_81' title="bbox 2064 3879 3562 3963; baseline -0.011 -14"><span class='ocrx_word' id='word_1_534' title='bbox 2064 3893 2223 3950; x_wconf 86' lang='lat' dir='ltr'><strong>Anno</strong></span> <span class='ocrx_word' id='word_1_535' title='bbox 2251 3891 2407 3955; x_wconf 69' lang='lat' dir='ltr'><strong>i326,</strong></span> <span class='ocrx_word' id='word_1_536' title='bbox 2468 3890 2679 3963; x_wconf 83' lang='lat' dir='ltr'><strong>legatus</strong></span> <span class='ocrx_word' id='word_1_537' title='bbox 2712 3888 2807 3942; x_wconf 91' lang='lat' dir='ltr'><strong>ivit</strong></span> <span class='ocrx_word' id='word_1_538' title='bbox 2862 3886 2931 3943; x_wconf 86' lang='lat' dir='ltr'><strong>ad</strong></span> <span class='ocrx_word' id='word_1_539' title='bbox 2987 3885 3195 3939; x_wconf 84' lang='lat' dir='ltr'><strong>Cralem</strong></span> <span class='ocrx_word' id='word_1_540' title='bbox 3249 3882 3382 3952; x_wconf 76' lang='lat'><strong>(‘23).</strong></span> <span class='ocrx_word' id='word_1_541' title='bbox 3431 3879 3562 3951; x_wconf 85' lang='lat' dir='ltr'><strong>Ejus</strong></span> 
     </span>
    </p>
   </div>
   <div class='ocr_carea' id='block_1_82' title="bbox 1992 3971 3561 4057">
    <p class='ocr_par' dir='ltr' id='par_1_82' title="bbox 1992 3971 3561 4057">
     <span class='ocr_line' id='line_1_82' title="bbox 1992 3971 3561 4057; baseline -0.011 -17"><span class='ocrx_word' id='word_1_542' title='bbox 1992 3984 2282 4057; x_wconf 82' lang='lat' dir='ltr'><strong>legationis</strong></span> <span class='ocrx_word' id='word_1_543' title='bbox 2317 3997 2479 4039; x_wconf 90' lang='lat' dir='ltr'><strong>causa</strong></span> <span class='ocrx_word' id='word_1_544' title='bbox 2513 3982 2629 4036; x_wconf 67' lang='lat' dir='ltr'><strong>haec</strong></span> <span class='ocrx_word' id='word_1_545' title='bbox 2657 3978 2783 4035; x_wconf 87' lang='lat' dir='ltr'><strong>fuit.</strong></span> <span class='ocrx_word' id='word_1_546' title='bbox 2816 3976 3089 4033; x_wconf 77' lang='lat' dir='ltr'><strong>Theodori</strong></span> <span class='ocrx_word' id='word_1_547' title='bbox 3120 3972 3424 4031; x_wconf 62' lang='lat' dir='ltr'><strong>Metochitze</strong></span> <span class='ocrx_word' id='word_1_548' title='bbox 3453 3971 3561 4026; x_wconf 84' lang='lat' dir='ltr'><strong>(ilia</strong></span> 
     </span>
    </p>
   </div>
   <div class='ocr_carea' id='block_1_83' title="bbox 1994 4064 3560 4143">
    <p class='ocr_par' dir='ltr' id='par_1_83' title="bbox 1994 4064 3560 4143">
     <span class='ocr_line' id='line_1_83' title="bbox 1994 4064 3560 4143; baseline -0.01 -11"><span class='ocrx_word' id='word_1_549' title='bbox 1994 4078 2168 4141; x_wconf 89' lang='lat' dir='ltr'><strong>lrene,</strong></span> <span class='ocrx_word' id='word_1_550' title='bbox 2202 4080 2415 4129; x_wconf 89' lang='lat' dir='ltr'><strong>mortuo</strong></span> <span class='ocrx_word' id='word_1_551' title='bbox 2462 4071 2687 4143; x_wconf 81' lang='lat' dir='ltr'><strong>conjuge</strong></span> <span class='ocrx_word' id='word_1_552' title='bbox 2739 4071 2944 4125; x_wconf 83' lang='lat' dir='ltr'><strong>Joanne</strong></span> <span class='ocrx_word' id='word_1_553' title='bbox 2979 4066 3301 4138; x_wconf 70' lang='lat' dir='ltr'><strong>Palaeologo,</strong></span> <span class='ocrx_word' id='word_1_554' title='bbox 3355 4064 3445 4134; x_wconf 88' lang='lat' dir='ltr'><strong>qui</strong></span> <span class='ocrx_word' id='word_1_555' title='bbox 3494 4078 3560 4118; x_wconf 78' lang='lat' dir='ltr'><strong>ex</strong></span> 
     </span>
    </p>
   </div>
   <div class='ocr_carea' id='block_1_84' title="bbox 1992 4158 3556 4237">
    <p class='ocr_par' dir='ltr' id='par_1_84' title="bbox 1992 4158 3556 4237">
     <span class='ocr_line' id='line_1_84' title="bbox 1992 4158 3556 4237; baseline -0.008 -14"><span class='ocrx_word' id='word_1_556' title='bbox 1992 4165 2499 4237; x_wconf 81' lang='lat' dir='ltr'><strong>Panhypersebasto</strong></span> <span class='ocrx_word' id='word_1_557' title='bbox 2523 4164 2705 4219; x_wconf 68' lang='lat' dir='ltr'><strong>Caesar</strong></span> <span class='ocrx_word' id='word_1_558' title='bbox 2748 4170 2962 4218; x_wconf 87' lang='lat' dir='ltr'><strong>creatus</strong></span> <span class='ocrx_word' id='word_1_559' title='bbox 3011 4161 3309 4217; x_wconf 76' lang='lat' dir='ltr'><strong>novissime</strong></span> <span class='ocrx_word' id='word_1_560' title='bbox 3359 4158 3556 4220; x_wconf 88' lang='lat' dir='ltr'><strong>fuerat,</strong></span> 
     </span>
    </p>
   </div>
   <div class='ocr_carea' id='block_1_85' title="bbox 1993 4252 3564 4332">
    <p class='ocr_par' dir='ltr' id='par_1_85' title="bbox 1993 4252 3564 4332">
     <span class='ocr_line' id='line_1_85' title="bbox 1993 4252 3564 4332; baseline -0.01 -15"><span class='ocrx_word' id='word_1_561' title='bbox 1993 4261 2136 4332; x_wconf 88' lang='lat' dir='ltr'><strong>apud</strong></span> <span class='ocrx_word' id='word_1_562' title='bbox 2168 4259 2379 4316; x_wconf 85' lang='lat' dir='ltr'><strong>Cralem</strong></span> <span class='ocrx_word' id='word_1_563' title='bbox 2415 4271 2676 4328; x_wconf 88' lang='lat' dir='ltr'><strong>generum</strong></span> <span class='ocrx_word' id='word_1_564' title='bbox 2731 4253 3067 4317; x_wconf 89' lang='lat' dir='ltr'><strong>morabatur,</strong></span> <span class='ocrx_word' id='word_1_565' title='bbox 3123 4267 3189 4307; x_wconf 88' lang='lat' dir='ltr'><strong>ac</strong></span> <span class='ocrx_word' id='word_1_566' title='bbox 3223 4252 3443 4305; x_wconf 89' lang='lat' dir='ltr'><strong>domum</strong></span> <span class='ocrx_word' id='word_1_567' title='bbox 3478 4263 3564 4302; x_wconf 84' lang='lat' dir='ltr'><strong>re-</strong></span> 
     </span>
    </p>
   </div>
   <div class='ocr_carea' id='block_1_86' title="bbox 1993 4341 3563 4421">
    <p class='ocr_par' dir='ltr' id='par_1_86' title="bbox 1993 4341 3563 4421">
     <span class='ocr_line' id='line_1_86' title="bbox 1993 4341 3563 4421; baseline -0.011 -14"><span class='ocrx_word' id='word_1_568' title='bbox 1993 4353 2109 4407; x_wconf 85' lang='lat' dir='ltr'><strong>dire</strong></span> <span class='ocrx_word' id='word_1_569' title='bbox 2133 4351 2202 4406; x_wconf 89' lang='lat' dir='ltr'><strong>ad</strong></span> <span class='ocrx_word' id='word_1_570' title='bbox 2236 4358 2445 4421; x_wconf 89' lang='lat' dir='ltr'><strong>patrem</strong></span> <span class='ocrx_word' id='word_1_571' title='bbox 2471 4346 2776 4403; x_wconf 89' lang='lat' dir='ltr'><strong>recusabat.</strong></span> <span class='ocrx_word' id='word_1_572' title='bbox 2815 4343 3002 4414; x_wconf 87' lang='lat' dir='ltr'><strong>Itaque</strong></span> <span class='ocrx_word' id='word_1_573' title='bbox 3050 4341 3370 4397; x_wconf 65' lang='lat' dir='ltr'><strong>Metui-nites</strong></span> <span class='ocrx_word' id='word_1_574' title='bbox 3405 4348 3563 4410; x_wconf 91' lang='lat' dir='ltr'><strong>pater</strong></span> 
     </span>
    </p>
   </div>
   <div class='ocr_carea' id='block_1_87' title="bbox 1994 4428 3567 4509">
    <p class='ocr_par' dir='ltr' id='par_1_87' title="bbox 1994 4428 3567 4509">
     <span class='ocr_line' id='line_1_87' title="bbox 1994 4428 3567 4509; baseline -0.01 -12"><span class='ocrx_word' id='word_1_575' title='bbox 1994 4452 2184 4497; x_wconf 89' lang='lat' dir='ltr'><strong>auctor</strong></span> <span class='ocrx_word' id='word_1_576' title='bbox 2216 4439 2317 4495; x_wconf 92' lang='lat' dir='ltr'><strong>fuit</strong></span> <span class='ocrx_word' id='word_1_577' title='bbox 2346 4437 2680 4509; x_wconf 86' lang='lat' dir='ltr'><strong>imperatori,</strong></span> <span class='ocrx_word' id='word_1_578' title='bbox 2733 4445 2794 4491; x_wconf 89' lang='lat' dir='ltr'><strong>ut</strong></span> <span class='ocrx_word' id='word_1_579' title='bbox 2830 4450 2947 4490; x_wconf 87' lang='lat' dir='ltr'><strong>eam</strong></span> <span class='ocrx_word' id='word_1_580' title='bbox 2999 4433 3179 4489; x_wconf 83' lang='lat' dir='ltr'><strong>redire</strong></span> <span class='ocrx_word' id='word_1_581' title='bbox 3206 4437 3443 4502; x_wconf 85' lang='lat' dir='ltr'><strong>cogeret.</strong></span> <span class='ocrx_word' id='word_1_582' title='bbox 3484 4428 3567 4489; x_wconf 80' lang='lat' dir='ltr'><strong>De</strong></span> 
     </span>
    </p>
   </div>
   <div class='ocr_carea' id='block_1_88' title="bbox 331 4521 3564 4598">
    <p class='ocr_par' dir='ltr' id='par_1_88' title="bbox 331 4521 3564 4598">
     <span class='ocr_line' id='line_1_88' title="bbox 331 4521 3564 4598; baseline -0.005 -12"><span class='ocrx_word' id='word_1_583' title='bbox 331 4521 542 4589; x_wconf 67' lang='grc' dir='ltr'><strong>νῖςηιιε.</strong></span> <span class='ocrx_word' id='word_1_584' title='bbox 583 4524 767 4578; x_wconf 57' lang='lat' dir='ltr'><strong>suum</strong></span> <span class='ocrx_word' id='word_1_585' title='bbox 812 4522 1058 4580; x_wconf 64' lang='grc' dir='ltr'><strong>οῧῐυιίῑτ</strong></span> <span class='ocrx_word' id='word_1_586' title='bbox 1104 4541 1168 4581; x_wconf 65' lang='lat' dir='ltr'><strong>ac</strong></span> <span class='ocrx_word' id='word_1_587' title='bbox 1212 4526 1325 4597; x_wconf 65' lang='lat' dir='ltr'><strong>iam</strong></span> <span class='ocrx_word' id='word_1_588' title='bbox 1372 4526 1575 4589; x_wconf 70' lang='grc' dir='ltr'><strong>είάθπιο</strong></span> <span class='ocrx_word' id='word_1_589' title='bbox 1636 4536 1887 4597; x_wconf 60' lang='lat' dir='ltr'><strong>umquam</strong></span> <span class='ocrx_word' id='word_1_590' title='bbox 1926 4521 1967 4576; x_wconf 74' lang='grc' dir='ltr'>υ</span> <span class='ocrx_word' id='word_1_591' title='bbox 1996 4551 2058 4591; x_wconf 87' lang='lat' dir='ltr'><strong>ea</strong></span> <span class='ocrx_word' id='word_1_592' title='bbox 2099 4548 2156 4589; x_wconf 90' lang='lat' dir='ltr'><strong>re</strong></span> <span class='ocrx_word' id='word_1_593' title='bbox 2207 4532 2358 4588; x_wconf 88' lang='lat' dir='ltr'><strong>missi</strong></span> <span class='ocrx_word' id='word_1_594' title='bbox 2415 4530 2481 4585; x_wconf 90' lang='lat' dir='ltr'><strong>ad</strong></span> <span class='ocrx_word' id='word_1_595' title='bbox 2511 4528 2722 4585; x_wconf 88' lang='lat' dir='ltr'><strong>Cralem</strong></span> <span class='ocrx_word' id='word_1_596' title='bbox 2771 4526 2954 4598; x_wconf 85' lang='lat' dir='ltr'><strong>legati,</strong></span> <span class='ocrx_word' id='word_1_597' title='bbox 2989 4539 3221 4596; x_wconf 88' lang='lat' dir='ltr'><strong>quorum</strong></span> <span class='ocrx_word' id='word_1_598' title='bbox 3284 4537 3424 4575; x_wconf 90' lang='lat' dir='ltr'><strong>unus</strong></span> <span class='ocrx_word' id='word_1_599' title='bbox 3464 4521 3564 4575; x_wconf 88' lang='lat' dir='ltr'><strong>fuit</strong></span> 
     </span>
    </p>
   </div>
   <div class='ocr_carea' id='block_1_89' title="bbox 332 4608 1895 4693">
    <p class='ocr_par' dir='ltr' id='par_1_89' title="bbox 332 4608 1895 4693">
     <span class='ocr_line' id='line_1_89' title="bbox 332 4608 1895 4693; baseline 0.005 -29"><span class='ocrx_word' id='word_1_600' title='bbox 332 4608 463 4666; x_wconf 76' lang='lat' dir='ltr'><strong>haud</strong></span> <span class='ocrx_word' id='word_1_601' title='bbox 496 4613 658 4668; x_wconf 91' lang='lat' dir='ltr'><strong>dubie</strong></span> <span class='ocrx_word' id='word_1_602' title='bbox 684 4623 997 4693; x_wconf 85' lang='lat' dir='ltr'><strong>accepturo,</strong></span> <span class='ocrx_word' id='word_1_603' title='bbox 1026 4623 1203 4671; x_wconf 84' lang='lat' dir='ltr'><strong>vestes</strong></span> <span class='ocrx_word' id='word_1_604' title='bbox 1251 4626 1308 4671; x_wconf 94' lang='lat' dir='ltr'><strong>ct</strong></span> <span class='ocrx_word' id='word_1_605' title='bbox 1346 4615 1576 4687; x_wconf 89' lang='lat' dir='ltr'><strong>insignia</strong></span> <span class='ocrx_word' id='word_1_606' title='bbox 1614 4617 1895 4688; x_wconf 89' lang='lat' dir='ltr'><strong>dignitatis</strong></span> 
     </span>
    </p>
   </div>
   <div class='ocr_carea' id='block_1_90' title="bbox 333 4705 1891 4778">
    <p class='ocr_par' dir='ltr' id='par_1_90' title="bbox 333 4705 1891 4778">
     <span class='ocr_line' id='line_1_90' title="bbox 333 4705 1891 4778; baseline 0.004 -23"><span class='ocrx_word' id='word_1_607' title='bbox 333 4705 567 4772; x_wconf 52' lang='grc' dir='ltr'><strong>ραι-..δεμ</strong></span> <span class='ocrx_word' id='word_1_608' title='bbox 604 4707 892 4778; x_wconf 79' lang='lat' dir='ltr'><strong>Gregoras,</strong></span> <span class='ocrx_word' id='word_1_609' title='bbox 928 4707 1272 4762; x_wconf 84' lang='lat' dir='ltr'><strong>itnmaturam</strong></span> <span class='ocrx_word' id='word_1_610' title='bbox 1316 4715 1532 4764; x_wconf 68' lang='lat' dir='ltr'><strong>aetatem</strong></span> <span class='ocrx_word' id='word_1_611' title='bbox 1579 4720 1635 4763; x_wconf 88' lang='lat' dir='ltr'><strong>et</strong></span> <span class='ocrx_word' id='word_1_612' title='bbox 1675 4708 1891 4763; x_wconf 88' lang='lat' dir='ltr'><strong>studio-</strong></span> 
     </span>
    </p>
   </div>
   <div class='ocr_carea' id='block_1_91' title="bbox 333 4799 1891 4870">
    <p class='ocr_par' dir='ltr' id='par_1_91' title="bbox 333 4799 1891 4870">
     <span class='ocr_line' id='line_1_91' title="bbox 333 4799 1891 4870; baseline 0.004 -21"><span class='ocrx_word' id='word_1_613' title='bbox 333 4812 443 4851; x_wconf 88' lang='lat' dir='ltr'><strong>rum</strong></span> <span class='ocrx_word' id='word_1_614' title='bbox 466 4815 692 4854; x_wconf 85' lang='lat' dir='ltr'><strong>suorum</strong></span> <span class='ocrx_word' id='word_1_615' title='bbox 735 4801 999 4855; x_wconf 88' lang='lat' dir='ltr'><strong>rationem</strong></span> <span class='ocrx_word' id='word_1_616' title='bbox 1073 4810 1349 4865; x_wconf 87' lang='lat' dir='ltr'><strong>causatus,</strong></span> <span class='ocrx_word' id='word_1_617' title='bbox 1399 4799 1589 4870; x_wconf 88' lang='lat' dir='ltr'><strong>gratiis</strong></span> <span class='ocrx_word' id='word_1_618' title='bbox 1625 4800 1780 4865; x_wconf 87' lang='lat' dir='ltr'><strong>actis,</strong></span> <span class='ocrx_word' id='word_1_619' title='bbox 1835 4810 1891 4855; x_wconf 89' lang='lat' dir='ltr'><strong>et</strong></span> 
     </span>
    </p>
   </div>
   <div class='ocr_carea' id='block_1_92' title="bbox 334 4889 1888 4963">
    <p class='ocr_par' dir='ltr' id='par_1_92' title="bbox 334 4889 1888 4963">
     <span class='ocr_line' id='line_1_92' title="bbox 334 4889 1888 4963; baseline 0.005 -21"><span class='ocrx_word' id='word_1_620' title='bbox 334 4889 549 4946; x_wconf 84' lang='lat' dir='ltr'><strong>laudato</strong></span> <span class='ocrx_word' id='word_1_621' title='bbox 578 4892 925 4961; x_wconf 86' lang='lat' dir='ltr'><strong>imperatore,</strong></span> <span class='ocrx_word' id='word_1_622' title='bbox 966 4894 1207 4947; x_wconf 86' lang='lat' dir='ltr'><strong>oblatum</strong></span> <span class='ocrx_word' id='word_1_623' title='bbox 1256 4894 1517 4948; x_wconf 86' lang='lat' dir='ltr'><strong>honorem</strong></span> <span class='ocrx_word' id='word_1_624' title='bbox 1561 4891 1888 4963; x_wconf 84' lang='lat' dir='ltr'><strong>repudiavit.</strong></span> 
     </span>
    </p>
   </div>
   <div class='ocr_carea' id='block_1_93' title="bbox 337 4976 1262 5055">
    <p class='ocr_par' dir='ltr' id='par_1_93' title="bbox 337 4976 1262 5055">
     <span class='ocr_line' id='line_1_93' title="bbox 337 4976 1262 5055; baseline 0.009 -26"><span class='ocrx_word' id='word_1_625' title='bbox 337 4976 655 5050; x_wconf 70' lang='lat' dir='ltr'><strong>ltcpudianti</strong></span> <span class='ocrx_word' id='word_1_626' title='bbox 690 4983 770 5039; x_wconf 85' lang='lat' dir='ltr'><strong>vis</strong></span> <span class='ocrx_word' id='word_1_627' title='bbox 794 4999 933 5053; x_wconf 82' lang='lat' dir='ltr'><strong>pene</strong></span> <span class='ocrx_word' id='word_1_628' title='bbox 962 4983 1107 5039; x_wconf 87' lang='lat' dir='ltr'><strong>illata</strong></span> <span class='ocrx_word' id='word_1_629' title='bbox 1129 4983 1262 5055; x_wconf 84' lang='grc'><strong>(19).</strong></span> 
     </span>
    </p>
   </div>
   <div class='ocr_carea' id='block_1_94' title="bbox 401 5055 1899 5178">
    <p class='ocr_par' dir='ltr' id='par_1_94' title="bbox 401 5055 1899 5178">
     <span class='ocr_line' id='line_1_94' title="bbox 401 5055 1899 5178; baseline 0 -31"><span class='ocrx_word' id='word_1_630' title='bbox 401 5094 689 5178; x_wconf 57' lang='lat' dir='ltr'><strong>Aliquanto</strong></span> <span class='ocrx_word' id='word_1_631' title='bbox 734 5105 855 5166; x_wconf 88' lang='lat' dir='ltr'><strong>post</strong></span> <span class='ocrx_word' id='word_1_632' title='bbox 882 5097 994 5168; x_wconf 72' lang='lat'><strong>(20)</strong></span> <span class='ocrx_word' id='word_1_633' title='bbox 1045 5107 1162 5151; x_wconf 90' lang='lat' dir='ltr'><strong>orta</strong></span> <span class='ocrx_word' id='word_1_634' title='bbox 1211 5097 1353 5150; x_wconf 90' lang='lat' dir='ltr'><strong>inter</strong></span> <span class='ocrx_word' id='word_1_635' title='bbox 1401 5093 1642 5148; x_wconf 87' lang='lat' dir='ltr'><strong>eruditos</strong></span> <span class='ocrx_word' id='word_1_636' title='bbox 1691 5055 1899 5147; x_wconf 63' lang='lat' dir='ltr'><strong>nobilis</strong></span> 
     </span>
    </p>
   </div>
   <div class='ocr_carea' id='block_1_95' title="bbox 338 5186 1889 5259">
    <p class='ocr_par' dir='ltr' id='par_1_95' title="bbox 338 5186 1889 5259">
     <span class='ocr_line' id='line_1_95' title="bbox 338 5186 1889 5259; baseline 0.001 -21"><span class='ocrx_word' id='word_1_637' title='bbox 338 5191 715 5245; x_wconf 85' lang='lat' dir='ltr'><strong>controversia.</strong></span> <span class='ocrx_word' id='word_1_638' title='bbox 746 5190 1154 5246; x_wconf 80' lang='lat' dir='ltr'><strong>Conveniebant</strong></span> <span class='ocrx_word' id='word_1_639' title='bbox 1180 5189 1372 5246; x_wconf 88' lang='lat' dir='ltr'><strong>crebro</strong></span> <span class='ocrx_word' id='word_1_640' title='bbox 1412 5188 1464 5241; x_wconf 92' lang='lat' dir='ltr'><strong>in</strong></span> <span class='ocrx_word' id='word_1_641' title='bbox 1495 5186 1751 5259; x_wconf 88' lang='lat' dir='ltr'><strong>palatium</strong></span> <span class='ocrx_word' id='word_1_642' title='bbox 1787 5186 1889 5240; x_wconf 88' lang='lat' dir='ltr'><strong>viri</strong></span> 
     </span>
    </p>
   </div>
   <div class='ocr_carea' id='block_1_96' title="bbox 401 5335 985 5402">
    <p class='ocr_par' dir='ltr' id='par_1_96' title="bbox 401 5335 985 5402">
     <span class='ocr_line' id='line_1_96' title="bbox 401 5335 985 5402; baseline 0.007 -13"><span class='ocrx_word' id='word_1_643' title='bbox 401 5335 512 5402; x_wconf 88' lang='lat' dir='ltr'><strong>(l0)</strong></span> <span class='ocrx_word' id='word_1_644' title='bbox 555 5335 676 5394; x_wconf 91' lang='lat' dir='ltr'><strong>Lib.</strong></span> <span class='ocrx_word' id='word_1_645' title='bbox 708 5351 783 5398; x_wconf 67' lang='grc' dir='ltr'><strong>ιι,</strong></span> <span class='ocrx_word' id='word_1_646' title='bbox 816 5352 864 5392; x_wconf 92' lang='lat' dir='ltr'><strong>c.</strong></span> <span class='ocrx_word' id='word_1_647' title='bbox 896 5338 985 5393; x_wconf 77' lang='grc'><strong>15.</strong></span> 
     </span>
    </p>
   </div>
   <div class='ocr_carea' id='block_1_97' title="bbox 431 5406 1026 5473">
    <p class='ocr_par' dir='ltr' id='par_1_97' title="bbox 431 5406 1026 5473">
     <span class='ocr_line' id='line_1_97' title="bbox 431 5406 1026 5473; baseline 0.005 -13"><span class='ocrx_word' id='word_1_648' title='bbox 431 5408 513 5470; x_wconf 93' lang='grc'><strong>11)</strong></span> <span class='ocrx_word' id='word_1_649' title='bbox 557 5406 677 5464; x_wconf 87' lang='lat' dir='ltr'><strong>Lib.</strong></span> <span class='ocrx_word' id='word_1_650' title='bbox 706 5422 841 5473; x_wconf 79' lang='lat' dir='ltr'><strong>xxtt,</strong></span> <span class='ocrx_word' id='word_1_651' title='bbox 885 5423 934 5462; x_wconf 88' lang='lat' dir='ltr'><strong>c.</strong></span> <span class='ocrx_word' id='word_1_652' title='bbox 970 5409 1026 5464; x_wconf 75' lang='lat'><strong>‘2.</strong></span> 
     </span>
    </p>
   </div>
   <div class='ocr_carea' id='block_1_98' title="bbox 431 5476 996 5545">
    <p class='ocr_par' dir='ltr' id='par_1_98' title="bbox 431 5476 996 5545">
     <span class='ocr_line' id='line_1_98' title="bbox 431 5476 996 5545; baseline 0.005 -14"><span class='ocrx_word' id='word_1_653' title='bbox 431 5477 516 5545; x_wconf 77' lang='lat'><strong>1‘2)</strong></span> <span class='ocrx_word' id='word_1_654' title='bbox 561 5476 679 5534; x_wconf 85' lang='lat' dir='ltr'><strong>Lib.</strong></span> <span class='ocrx_word' id='word_1_655' title='bbox 714 5493 830 5542; x_wconf 71' lang='lat' dir='ltr'><strong>vnn,</strong></span> <span class='ocrx_word' id='word_1_656' title='bbox 860 5495 911 5532; x_wconf 93' lang='lat' dir='ltr'><strong>c.</strong></span> <span class='ocrx_word' id='word_1_657' title='bbox 941 5478 996 5534; x_wconf 84' lang='lat'><strong>5.</strong></span> 
     </span>
    </p>
   </div>
   <div class='ocr_carea' id='block_1_99' title="bbox 384 5546 981 5615">
    <p class='ocr_par' dir='ltr' id='par_1_99' title="bbox 384 5546 981 5615">
     <span class='ocr_line' id='line_1_99' title="bbox 384 5546 981 5615; baseline 0.005 -15"><span class='ocrx_word' id='word_1_658' title='bbox 384 5548 517 5615; x_wconf 75' lang='grc'><strong>⁵(125)</strong></span> <span class='ocrx_word' id='word_1_659' title='bbox 557 5546 678 5602; x_wconf 86' lang='lat' dir='ltr'><strong>Lib.</strong></span> <span class='ocrx_word' id='word_1_660' title='bbox 704 5564 819 5613; x_wconf 86' lang='lat' dir='ltr'><strong>vnt,</strong></span> <span class='ocrx_word' id='word_1_661' title='bbox 845 5564 895 5604; x_wconf 92' lang='lat' dir='ltr'><strong>c.</strong></span> <span class='ocrx_word' id='word_1_662' title='bbox 926 5549 981 5603; x_wconf 84' lang='lat'><strong>5.</strong></span> 
     </span>
    </p>
   </div>
   <div class='ocr_carea' id='block_1_100' title="bbox 411 5617 941 5685">
    <p class='ocr_par' dir='ltr' id='par_1_100' title="bbox 411 5617 941 5685">
     <span class='ocr_line' id='line_1_100' title="bbox 411 5617 941 5685; baseline -0.004 -15"><span class='ocrx_word' id='word_1_663' title='bbox 411 5617 523 5685; x_wconf 80' lang='lat' dir='ltr'><strong>(H)</strong></span> <span class='ocrx_word' id='word_1_664' title='bbox 565 5618 682 5672; x_wconf 85' lang='lat' dir='ltr'><strong>Lib.</strong></span> <span class='ocrx_word' id='word_1_665' title='bbox 716 5634 772 5682; x_wconf 71' lang='grc' dir='ltr'><strong>κ,</strong></span> <span class='ocrx_word' id='word_1_666' title='bbox 803 5634 850 5673; x_wconf 87' lang='lat' dir='ltr'><strong>c.</strong></span> <span class='ocrx_word' id='word_1_667' title='bbox 883 5620 941 5671; x_wconf 73' lang='lat'><strong>2.</strong></span> 
     </span>
    </p>
   </div>
   <div class='ocr_carea' id='block_1_101' title="bbox 436 5687 1351 5755">
    <p class='ocr_par' dir='ltr' id='par_1_101' title="bbox 436 5687 1351 5755">
     <span class='ocr_line' id='line_1_101' title="bbox 436 5687 1351 5755; baseline 0.002 -15"><span class='ocrx_word' id='word_1_668' title='bbox 436 5688 520 5749; x_wconf 81' lang='grc'><strong>15)</strong></span> <span class='ocrx_word' id='word_1_669' title='bbox 557 5687 780 5741; x_wconf 80' lang='lat' dir='ltr'><strong>Cantac.</strong></span> <span class='ocrx_word' id='word_1_670' title='bbox 824 5687 961 5743; x_wconf 70' lang='lat' dir='ltr'><strong>&quot;ist.</strong></span> <span class='ocrx_word' id='word_1_671' title='bbox 994 5688 1090 5744; x_wconf 86' lang='lat' dir='ltr'><strong>lib.</strong></span> <span class='ocrx_word' id='word_1_672' title='bbox 1117 5705 1155 5755; x_wconf 87' lang='grc' dir='ltr'><strong>ι,</strong></span> <span class='ocrx_word' id='word_1_673' title='bbox 1180 5706 1229 5744; x_wconf 86' lang='lat' dir='ltr'><strong>c.</strong></span> <span class='ocrx_word' id='word_1_674' title='bbox 1267 5688 1351 5744; x_wconf 89' lang='lat' dir='ltr'><strong>ll.</strong></span> 
     </span>
    </p>
   </div>
   <div class='ocr_carea' id='block_1_102' title="bbox 440 5757 997 5825">
    <p class='ocr_par' dir='ltr' id='par_1_102' title="bbox 440 5757 997 5825">
     <span class='ocr_line' id='line_1_102' title="bbox 440 5757 997 5825; baseline 0.007 -17"><span class='ocrx_word' id='word_1_675' title='bbox 440 5759 522 5825; x_wconf 80' lang='lat' dir='ltr'><strong>Hi)</strong></span> <span class='ocrx_word' id='word_1_676' title='bbox 553 5757 681 5820; x_wconf 83' lang='lat' dir='ltr'><strong>Lib.</strong></span> <span class='ocrx_word' id='word_1_677' title='bbox 717 5775 832 5816; x_wconf 83' lang='lat' dir='ltr'><strong>vm,</strong></span> <span class='ocrx_word' id='word_1_678' title='bbox 861 5778 909 5813; x_wconf 79' lang='lat' dir='ltr'><strong>t.</strong></span> <span class='ocrx_word' id='word_1_679' title='bbox 944 5762 997 5812; x_wconf 89' lang='lat'><strong>8.</strong></span> 
     </span>
    </p>
   </div>
   <div class='ocr_carea' id='block_1_103' title="bbox 419 5827 1140 5899">
    <p class='ocr_par' dir='ltr' id='par_1_103' title="bbox 419 5827 1140 5899">
     <span class='ocr_line' id='line_1_103' title="bbox 419 5827 1140 5899; baseline 0.003 -19"><span class='ocrx_word' id='word_1_680' title='bbox 419 5827 529 5899; x_wconf 84' lang='lat' dir='ltr'><strong>(l7)</strong></span> <span class='ocrx_word' id='word_1_681' title='bbox 569 5833 723 5882; x_wconf 78' lang='lat' dir='ltr'><strong>Anno</strong></span> <span class='ocrx_word' id='word_1_682' title='bbox 744 5828 945 5884; x_wconf 79' lang='lat' dir='ltr'><strong>Christi</strong></span> <span class='ocrx_word' id='word_1_683' title='bbox 982 5829 1140 5884; x_wconf 65' lang='grc'><strong>15⁸22.</strong></span> 
     </span>
    </p>
   </div>
   <div class='ocr_carea' id='block_1_104' title="bbox 1999 4612 3648 4698">
    <p class='ocr_par' dir='ltr' id='par_1_104' title="bbox 1999 4612 3648 4698">
     <span class='ocr_line' id='line_1_104' title="bbox 1999 4612 3648 4698; baseline -0.013 -13"><span class='ocrx_word' id='word_1_684' title='bbox 1999 4628 2286 4698; x_wconf 84' lang='lat' dir='ltr'><strong>Gregoras,</strong></span> <span class='ocrx_word' id='word_1_685' title='bbox 2320 4638 2504 4679; x_wconf 90' lang='lat' dir='ltr'><strong>comes</strong></span> <span class='ocrx_word' id='word_1_686' title='bbox 2533 4622 2691 4677; x_wconf 86' lang='lat' dir='ltr'><strong>datus</strong></span> <span class='ocrx_word' id='word_1_687' title='bbox 2742 4619 2894 4674; x_wconf 90' lang='lat' dir='ltr'><strong>fratri</strong></span> <span class='ocrx_word' id='word_1_688' title='bbox 2919 4617 3117 4688; x_wconf 59' lang='lat' dir='ltr'><strong>,ipsius</strong></span> <span class='ocrx_word' id='word_1_689' title='bbox 3166 4616 3368 4669; x_wconf 89' lang='lat' dir='ltr'><strong>lrencs.</strong></span> <span class='ocrx_word' id='word_1_690' title='bbox 3402 4612 3458 4667; x_wconf 91' lang='lat' dir='ltr'><strong>In</strong></span> <span class='ocrx_word' id='word_1_691' title='bbox 3499 4627 3561 4667; x_wconf 89' lang='lat' dir='ltr'><strong>ea</strong></span> <span class='ocrx_word' id='word_1_692' title='bbox 3645 4677 3648 4685; x_wconf 24' lang='grc' dir='ltr'><strong>ν</strong></span> 
     </span>
    </p>
   </div>
   <div class='ocr_carea' id='block_1_105' title="bbox 1999 4705 3564 4788">
    <p class='ocr_par' dir='ltr' id='par_1_105' title="bbox 1999 4705 3564 4788">
     <span class='ocr_line' id='line_1_105' title="bbox 1999 4705 3564 4788; baseline -0.01 -15"><span class='ocrx_word' id='word_1_693' title='bbox 1999 4718 2284 4788; x_wconf 84' lang='lat' dir='ltr'><strong>legatione,</strong></span> <span class='ocrx_word' id='word_1_694' title='bbox 2310 4730 2430 4786; x_wconf 67' lang='lat' dir='ltr'><strong>quae</strong></span> <span class='ocrx_word' id='word_1_695' title='bbox 2459 4712 2561 4769; x_wconf 90' lang='lat' dir='ltr'><strong>sibi</strong></span> <span class='ocrx_word' id='word_1_696' title='bbox 2588 4720 2643 4768; x_wconf 87' lang='lat' dir='ltr'><strong>et</strong></span> <span class='ocrx_word' id='word_1_697' title='bbox 2666 4710 2830 4767; x_wconf 89' lang='lat' dir='ltr'><strong>sociis</strong></span> <span class='ocrx_word' id='word_1_698' title='bbox 2863 4708 2978 4766; x_wconf 87' lang='lat' dir='ltr'><strong>suis</strong></span> <span class='ocrx_word' id='word_1_699' title='bbox 3020 4708 3075 4763; x_wconf 93' lang='lat' dir='ltr'><strong>in</strong></span> <span class='ocrx_word' id='word_1_700' title='bbox 3120 4706 3318 4762; x_wconf 86' lang='lat' dir='ltr'><strong>itinere</strong></span> <span class='ocrx_word' id='word_1_701' title='bbox 3351 4705 3564 4761; x_wconf 84' lang='lat' dir='ltr'><strong>accide-</strong></span> 
     </span>
    </p>
   </div>
   <div class='ocr_carea' id='block_1_106' title="bbox 2001 4798 3563 4877">
    <p class='ocr_par' dir='ltr' id='par_1_106' title="bbox 2001 4798 3563 4877">
     <span class='ocr_line' id='line_1_106' title="bbox 2001 4798 3563 4877; baseline -0.01 -11"><span class='ocrx_word' id='word_1_702' title='bbox 2001 4812 2128 4875; x_wconf 88' lang='lat' dir='ltr'><strong>rint,</strong></span> <span class='ocrx_word' id='word_1_703' title='bbox 2159 4824 2400 4872; x_wconf 88' lang='lat' dir='ltr'><strong>errores,</strong></span> <span class='ocrx_word' id='word_1_704' title='bbox 2435 4806 2697 4877; x_wconf 89' lang='lat' dir='ltr'><strong>pericula,</strong></span> <span class='ocrx_word' id='word_1_705' title='bbox 2745 4812 2802 4860; x_wconf 88' lang='lat' dir='ltr'><strong>et</strong></span> <span class='ocrx_word' id='word_1_706' title='bbox 2834 4803 2969 4858; x_wconf 88' lang='lat' dir='ltr'><strong>alios</strong></span> <span class='ocrx_word' id='word_1_707' title='bbox 2996 4815 3155 4857; x_wconf 85' lang='lat' dir='ltr'><strong>casus</strong></span> <span class='ocrx_word' id='word_1_708' title='bbox 3196 4799 3316 4855; x_wconf 84' lang='lat' dir='ltr'><strong>fuse</strong></span> <span class='ocrx_word' id='word_1_709' title='bbox 3354 4798 3563 4855; x_wconf 87' lang='lat' dir='ltr'><strong>descri-</strong></span> 
     </span>
    </p>
   </div>
   <div class='ocr_carea' id='block_1_107' title="bbox 1999 4892 3563 4965">
    <p class='ocr_par' dir='ltr' id='par_1_107' title="bbox 1999 4892 3563 4965">
     <span class='ocr_line' id='line_1_107' title="bbox 1999 4892 3563 4965; baseline -0.01 -6"><span class='ocrx_word' id='word_1_710' title='bbox 1999 4904 2078 4965; x_wconf 80' lang='lat' dir='ltr'><strong>bit</strong></span> <span class='ocrx_word' id='word_1_711' title='bbox 2124 4903 2180 4957; x_wconf 92' lang='lat' dir='ltr'><strong>in</strong></span> <span class='ocrx_word' id='word_1_712' title='bbox 2238 4900 2498 4956; x_wconf 79' lang='lat' dir='ltr'><strong>Historia.</strong></span> <span class='ocrx_word' id='word_1_713' title='bbox 2551 4897 2737 4953; x_wconf 83' lang='lat' dir='ltr'><strong>Crales</strong></span> <span class='ocrx_word' id='word_1_714' title='bbox 2784 4895 2972 4951; x_wconf 89' lang='lat' dir='ltr'><strong>audita</strong></span> <span class='ocrx_word' id='word_1_715' title='bbox 3023 4892 3294 4963; x_wconf 80' lang='lat' dir='ltr'><strong>legatione</strong></span> <span class='ocrx_word' id='word_1_716' title='bbox 3346 4905 3563 4945; x_wconf 91' lang='lat' dir='ltr'><strong>socrum</strong></span> 
     </span>
    </p>
   </div>
   <div class='ocr_carea' id='block_1_108' title="bbox 1997 4985 3564 5060">
    <p class='ocr_par' dir='ltr' id='par_1_108' title="bbox 1997 4985 3564 5060">
     <span class='ocr_line' id='line_1_108' title="bbox 1997 4985 3564 5060; baseline -0.01 -7"><span class='ocrx_word' id='word_1_717' title='bbox 1997 4998 2190 5060; x_wconf 82' lang='lat' dir='ltr'><strong>lreuen</strong></span> <span class='ocrx_word' id='word_1_718' title='bbox 2259 4993 2488 5049; x_wconf 86' lang='lat' dir='ltr'><strong>dimisit.</strong></span> <span class='ocrx_word' id='word_1_719' title='bbox 2539 4989 2689 5054; x_wconf 71' lang='lat' dir='ltr'><strong>llam,</strong></span> <span class='ocrx_word' id='word_1_720' title='bbox 2742 4998 2803 5045; x_wconf 88' lang='lat' dir='ltr'><strong>ut</strong></span> <span class='ocrx_word' id='word_1_721' title='bbox 2848 4988 2964 5043; x_wconf 86' lang='lat' dir='ltr'><strong>viro</strong></span> <span class='ocrx_word' id='word_1_722' title='bbox 3010 4986 3153 5058; x_wconf 73' lang='lat' dir='ltr'><strong>iusta</strong></span> <span class='ocrx_word' id='word_1_723' title='bbox 3207 4985 3564 5054; x_wconf 85' lang='lat' dir='ltr'><strong>persolveret,</strong></span> 
     </span>
    </p>
   </div>
   <div class='ocr_carea' id='block_1_109' title="bbox 1999 5077 3563 5154">
    <p class='ocr_par' dir='ltr' id='par_1_109' title="bbox 1999 5077 3563 5154">
     <span class='ocr_line' id='line_1_109' title="bbox 1999 5077 3563 5154; baseline -0.007 -10"><span class='ocrx_word' id='word_1_724' title='bbox 1999 5088 2440 5144; x_wconf 89' lang='lat' dir='ltr'><strong>Thessalonicam</strong></span> <span class='ocrx_word' id='word_1_725' title='bbox 2500 5084 2625 5138; x_wconf 91' lang='lat' dir='ltr'><strong>inde</strong></span> <span class='ocrx_word' id='word_1_726' title='bbox 2674 5081 2915 5154; x_wconf 89' lang='lat' dir='ltr'><strong>profecta</strong></span> <span class='ocrx_word' id='word_1_727' title='bbox 2939 5087 3045 5136; x_wconf 77' lang='lat' dir='ltr'><strong>est.</strong></span> <span class='ocrx_word' id='word_1_728' title='bbox 3095 5077 3361 5149; x_wconf 81' lang='lat' dir='ltr'><strong>Grego&#39;ras</strong></span> <span class='ocrx_word' id='word_1_729' title='bbox 3411 5092 3563 5143; x_wconf 89' lang='lat' dir='ltr'><strong>vero,</strong></span> 
     </span>
    </p>
   </div>
   <div class='ocr_carea' id='block_1_110' title="bbox 2003 5170 3354 5250">
    <p class='ocr_par' dir='ltr' id='par_1_110' title="bbox 2003 5170 3354 5250">
     <span class='ocr_line' id='line_1_110' title="bbox 2003 5170 3354 5250; baseline -0.008 -14"><span class='ocrx_word' id='word_1_730' title='bbox 2003 5180 2239 5250; x_wconf 89' lang='lat' dir='ltr'><strong>acceptis</strong></span> <span class='ocrx_word' id='word_1_731' title='bbox 2270 5178 2338 5232; x_wconf 91' lang='lat' dir='ltr'><strong>ab</strong></span> <span class='ocrx_word' id='word_1_732' title='bbox 2367 5192 2432 5232; x_wconf 88' lang='lat' dir='ltr'><strong>ea</strong></span> <span class='ocrx_word' id='word_1_733' title='bbox 2459 5173 2744 5240; x_wconf 88' lang='lat' dir='ltr'><strong>mandatis,</strong></span> <span class='ocrx_word' id='word_1_734' title='bbox 2810 5172 3125 5247; x_wconf 77' lang='lat' dir='ltr'><strong>Byzantium</strong></span> <span class='ocrx_word' id='word_1_735' title='bbox 3173 5170 3354 5226; x_wconf 86' lang='lat' dir='ltr'><strong>rediit.</strong></span> 
     </span>
    </p>
   </div>
   <div class='ocr_carea' id='block_1_111' title="bbox 2069 5331 2670 5404">
    <p class='ocr_par' dir='ltr' id='par_1_111' title="bbox 2069 5331 2670 5404">
     <span class='ocr_line' id='line_1_111' title="bbox 2069 5331 2670 5404; baseline -0.003 -18"><span class='ocrx_word' id='word_1_736' title='bbox 2069 5332 2183 5404; x_wconf 76' lang='lat'><strong>(18)</strong></span> <span class='ocrx_word' id='word_1_737' title='bbox 2223 5331 2340 5404; x_wconf 81' lang='lat' dir='ltr'><strong>Lib.</strong></span> <span class='ocrx_word' id='word_1_738' title='bbox 2376 5345 2495 5391; x_wconf 85' lang='lat' dir='ltr'><strong>vut.</strong></span> <span class='ocrx_word' id='word_1_739' title='bbox 2531 5345 2583 5387; x_wconf 89' lang='lat' dir='ltr'><strong>c.</strong></span> <span class='ocrx_word' id='word_1_740' title='bbox 2609 5331 2670 5404; x_wconf 59' lang='lat'><strong>:7.</strong></span> 
     </span>
    </p>
   </div>
   <div class='ocr_carea' id='block_1_112' title="bbox 2071 5401 2657 5470">
    <p class='ocr_par' dir='ltr' id='par_1_112' title="bbox 2071 5401 2657 5470">
     <span class='ocr_line' id='line_1_112' title="bbox 2071 5401 2657 5470; baseline -0.002 -14"><span class='ocrx_word' id='word_1_741' title='bbox 2071 5401 2181 5470; x_wconf 85' lang='grc'><strong>(19)</strong></span> <span class='ocrx_word' id='word_1_742' title='bbox 2223 5401 2341 5456; x_wconf 87' lang='lat' dir='ltr'><strong>Lib.</strong></span> <span class='ocrx_word' id='word_1_743' title='bbox 2373 5416 2493 5467; x_wconf 87' lang='lat' dir='ltr'><strong>vnt,</strong></span> <span class='ocrx_word' id='word_1_744' title='bbox 2526 5402 2657 5466; x_wconf 48' lang='lat' dir='ltr'><strong>c,.9.</strong></span> 
     </span>
    </p>
   </div>
   <div class='ocr_carea' id='block_1_113' title="bbox 2073 5469 2829 5546">
    <p class='ocr_par' dir='ltr' id='par_1_113' title="bbox 2073 5469 2829 5546">
     <span class='ocr_line' id='line_1_113' title="bbox 2073 5469 2829 5546; baseline -0.008 -19"><span class='ocrx_word' id='word_1_745' title='bbox 2073 5469 2187 5546; x_wconf 75' lang='lat' dir='ltr'><strong>(2Q)</strong></span> <span class='ocrx_word' id='word_1_746' title='bbox 2327 5471 2639 5546; x_wconf 85' lang='lat' dir='ltr'><strong>C._e_irciter</strong></span> <span class='ocrx_word' id='word_1_747' title='bbox 2669 5469 2829 5546; x_wconf 46' lang='lat' dir='ltr'><strong>i321:</strong></span> 
     </span>
    </p>
   </div>
   <div class='ocr_carea' id='block_1_114' title="bbox 2072 5539 2848 5610">
    <p class='ocr_par' dir='ltr' id='par_1_114' title="bbox 2072 5539 2848 5610">
     <span class='ocr_line' id='line_1_114' title="bbox 2072 5539 2848 5610; baseline -0.009 -11"><span class='ocrx_word' id='word_1_748' title='bbox 2072 5539 2185 5610; x_wconf 62' lang='grc'><strong>(⁸21)</strong></span> <span class='ocrx_word' id='word_1_749' title='bbox 2227 5542 2362 5595; x_wconf 76' lang='lat' dir='ltr'><strong>Hist.</strong></span> <span class='ocrx_word' id='word_1_750' title='bbox 2401 5542 2495 5596; x_wconf 84' lang='lat' dir='ltr'><strong>lib.</strong></span> <span class='ocrx_word' id='word_1_751' title='bbox 2533 5557 2646 5604; x_wconf 77' lang='lat' dir='ltr'><strong>vni,</strong></span> <span class='ocrx_word' id='word_1_752' title='bbox 2673 5554 2723 5594; x_wconf 93' lang='lat' dir='ltr'><strong>c.</strong></span> <span class='ocrx_word' id='word_1_753' title='bbox 2763 5539 2848 5594; x_wconf 81' lang='grc'><strong>15.</strong></span> 
     </span>
    </p>
   </div>
   <div class='ocr_carea' id='block_1_115' title="bbox 2068 5574 3564 5685">
    <p class='ocr_par' dir='ltr' id='par_1_115' title="bbox 2068 5574 3564 5685">
     <span class='ocr_line' id='line_1_115' title="bbox 2099 5574 2848 5610; baseline -0.007 -13"><span class='ocrx_word' id='word_1_754' title='bbox 2099 5574 2185 5610; x_wconf 64' lang='lat' dir='ltr'><strong>at;</strong></span> <span class='ocrx_word' id='word_1_755' title='bbox 2227 5574 2362 5595; x_wconf 63' lang='lat' dir='ltr'><strong>utor.</strong></span> <span class='ocrx_word' id='word_1_756' title='bbox 2404 5574 2495 5596; x_wconf 79' lang='lat' dir='ltr'><strong>uu.</strong></span> <span class='ocrx_word' id='word_1_757' title='bbox 2541 5574 2646 5604; x_wconf 77' lang='lat' dir='ltr'><strong>nu,</strong></span> <span class='ocrx_word' id='word_1_758' title='bbox 2673 5574 2723 5594; x_wconf 69' lang='grc' dir='ltr'><strong>ιι.</strong></span> <span class='ocrx_word' id='word_1_759' title='bbox 2769 5574 2848 5594; x_wconf 76' lang='lat' dir='ltr'><strong>nu.</strong></span> 
     </span>
     <span class='ocr_line' id='line_1_116' title="bbox 2068 5574 3564 5685; baseline -0.004 -18"><span class='ocrx_word' id='word_1_760' title='bbox 2068 5574 2187 5685; x_wconf 64' lang='grc'><strong>(22)</strong></span> <span class='ocrx_word' id='word_1_761' title='bbox 2223 5612 2573 5685; x_wconf 79' lang='lat' dir='ltr'><strong>Quantopere</strong></span> <span class='ocrx_word' id='word_1_762' title='bbox 2616 5611 2914 5685; x_wconf 76' lang='lat' dir='ltr'><strong>Gregoratn</strong></span> <span class='ocrx_word' id='word_1_763' title='bbox 2956 5604 3351 5685; x_wconf 55' lang='lat' dir='ltr'><strong>_dilexerit,_}&#39;el</strong></span> <span class='ocrx_word' id='word_1_764' title='bbox 3383 5622 3475 5685; x_wconf 42' lang='lat' dir='ltr'><strong>ex.</strong></span> <span class='ocrx_word' id='word_1_765' title='bbox 3497 5622 3564 5661; x_wconf 84' lang='lat' dir='ltr'><strong>eo</strong></span> 
     </span>
    </p>
   </div>
   <div class='ocr_carea' id='block_1_116' title="bbox 2000 5676 3563 5764">
    <p class='ocr_par' dir='ltr' id='par_1_116' title="bbox 2000 5676 3563 5764">
     <span class='ocr_line' id='line_1_117' title="bbox 2000 5676 3563 5764; baseline -0.001 -30"><span class='ocrx_word' id='word_1_766' title='bbox 2000 5676 2414 5764; x_wconf 60' lang='lat' dir='ltr'><strong>apparenquod</strong></span> <span class='ocrx_word' id='word_1_767' title='bbox 2445 5676 2824 5764; x_wconf 40' lang='lat' dir='ltr'><strong>&#39;ajgrotantem</strong></span> <span class='ocrx_word' id='word_1_768' title='bbox 2868 5678 3192 5734; x_wconf 88' lang='lat' dir='ltr'><strong>visitaverit.</strong></span> <span class='ocrx_word' id='word_1_769' title='bbox 3243 5676 3429 5764; x_wconf 62' lang='lat' dir='ltr'><strong>Exstat</strong></span> <span class='ocrx_word' id='word_1_770' title='bbox 3463 5676 3563 5732; x_wconf 89' lang='lat' dir='ltr'><strong>hac</strong></span> 
     </span>
    </p>
   </div>
   <div class='ocr_carea' id='block_1_117' title="bbox 2001 5746 3513 5894">
    <p class='ocr_par' dir='ltr' id='par_1_117' title="bbox 2001 5746 3513 5894">
     <span class='ocr_line' id='line_1_118' title="bbox 2001 5746 3513 5820; baseline -0.005 -14"><span class='ocrx_word' id='word_1_771' title='bbox 2001 5746 2153 5811; x_wconf 58' lang='lat' dir='ltr'><strong>d&#39;e&#39;re</strong></span> <span class='ocrx_word' id='word_1_772' title='bbox 2176 5753 2229 5806; x_wconf 90' lang='lat' dir='ltr'><strong>in</strong></span> <span class='ocrx_word' id='word_1_773' title='bbox 2266 5746 2451 5806; x_wconf 75' lang='lat' dir='ltr'><strong>codice</strong></span> <span class='ocrx_word' id='word_1_774' title='bbox 2478 5746 2739 5804; x_wconf 72' lang='lat' dir='ltr'><strong>vaticano</strong></span> <span class='ocrx_word' id='word_1_775' title='bbox 2771 5749 2925 5817; x_wconf 73' lang='grc' dir='ltr'><strong>λόγος</strong></span> <span class='ocrx_word' id='word_1_776' title='bbox 2959 5746 3432 5820; x_wconf 68' lang='grc' dir='ltr'><strong>προσφωνητικός.</strong></span> <span class='ocrx_word' id='word_1_777' title='bbox 3510 5770 3513 5771; x_wconf 52' lang='grc' dir='ltr'><em>ν</em></span> 
     </span>
     <span class='ocr_line' id='line_1_119' title="bbox 2074 5820 2833 5894; baseline -0.004 -17"><span class='ocrx_word' id='word_1_778' title='bbox 2074 5823 2187 5894; x_wconf 68' lang='lat'><strong>(‘23)</strong></span> <span class='ocrx_word' id='word_1_779' title='bbox 2221 5824 2357 5879; x_wconf 80' lang='lat' dir='ltr'><strong>Hist.</strong></span> <span class='ocrx_word' id='word_1_780' title='bbox 2392 5821 2486 5877; x_wconf 88' lang='lat' dir='ltr'><strong>lib.</strong></span> <span class='ocrx_word' id='word_1_781' title='bbox 2522 5837 2638 5887; x_wconf 80' lang='lat' dir='ltr'><strong>rm,</strong></span> <span class='ocrx_word' id='word_1_782' title='bbox 2665 5834 2712 5874; x_wconf 85' lang='lat' dir='ltr'><strong>c.</strong></span> <span class='ocrx_word' id='word_1_783' title='bbox 2746 5820 2833 5874; x_wconf 77' lang='lat' dir='ltr'><strong>H.</strong></span> 
     </span>
    </p>
   </div>
   <div class='ocr_carea' id='block_1_118' title="bbox 2274 5834 2833 5887">
    <p class='ocr_par' dir='ltr' id='par_1_118' title="bbox 2274 5834 2833 5887">
     <span class='ocr_line' id='line_1_120' title="bbox 2274 5834 2833 5887; baseline -0.005 -10"><span class='ocrx_word' id='word_1_784' title='bbox 2274 5834 2357 5879; x_wconf 63' lang='grc' dir='ltr'><strong>ηδε.</strong></span> <span class='ocrx_word' id='word_1_785' title='bbox 2394 5834 2486 5877; x_wconf 84' lang='grc' dir='ltr'><strong>ιιυ.</strong></span> <span class='ocrx_word' id='word_1_786' title='bbox 2522 5837 2638 5887; x_wconf 73' lang='grc' dir='ltr'><strong>νιιι,</strong></span> <span class='ocrx_word' id='word_1_787' title='bbox 2665 5834 2712 5874; x_wconf 86' lang='lat' dir='ltr'><strong>c.</strong></span> <span class='ocrx_word' id='word_1_788' title='bbox 2746 5834 2833 5874; x_wconf 76' lang='lat' dir='ltr'><strong>H.</strong></span> 
     </span>
    </p>
   </div>
   <div class='ocr_carea' id='block_1_119' title="bbox 2926 5446 2937 5475">
    <p class='ocr_par' dir='ltr' id='par_1_119' title="bbox 2926 5446 2937 5475">
     <span class='ocr_line' id='line_1_121' title="bbox 2926 5446 2937 5475; baseline 0 0"><span class='ocrx_word' id='word_1_789' title='bbox 2926 5446 2937 5475; x_wconf 70' lang='grc' dir='ltr'>ἱ</span> 
     </span>
    </p>
   </div>
  </div>
