4054 6670
353 369 418 434 3i

1439 374 1870 435 NICEPHORI
1908 370 2297 434 GHEGORxE
2334 375 2524 436 VlTA.
2600 368 2601 373 “

3546 380 3621 441 32⁷

350 479 584 547 lberius
626 469 769 544 ιἰιιιιρ
818 508 1047 561 arguere
1097 493 1353 557 imtitnit,
1390 504 1446 546 nt
1489 494 1568 545 vel
1617 493 1926 553 t'ottviclttttt
1964 509 2000 560 Α
2036 504 2241 564 partem
2278 493 2534 558 indoctis,
2567 491 2834 562 judicium
2886 493 3245 562 permitteret,
3278 494 3437 549 enixe
3486 509 3617 548 con-

354 583 560 651 pndore
590 583 845 649 .iﬁiceret,
869 586 952 640 vel
987 586 1101 656 ipse
1137 586 1393 657 Byzantio
1423 595 1647 640 exactus
1680 586 1929 639 Eccles'a‘.

352 688 627 740 oppr-essm
664 686 960 745 conspectu
1006 678 1195 732 saltem
1233 688 1467 734 careret.
1518 678 1581 731 At
1630 678 1720 731 ille
1773 687 1928 729 tenax

358 769 646 834 propositi.
687 783 789 822 nec
838 753 1075 825 hominis
1108 771 1226 823 irati
1270 769 1453 855 verbis
1502 768 1767 831 oll‘ensns,
1821 770 1932 838 pari

361 872 532 924 usque
572 857 692 941 jure
727 859 1027 929 imperator
1070 877 1192 915 cum
1229 863 1441 930 privato
1484 858 1830 930 disputabat;
1878 870 1935 914 ut

360 942 506 998 illius
532 945 899 1013 clementiam,
935 949 1106 1019 magis
1148 966 1308 1019 quinm
1352 949 1513 1019 hujus
1543 950 1738 1011 zelum,
1773 949 1937 1019 pleri-

359 1048 464 1100 que
493 1036 912 1094 admirarentur.
945 1037 1186 1093 Tandem
1221 1040 1505 1111 Gregoras.
1537 1042 1789 1109 quoniam
1839 1043 1937 1095 hac

360 1125 543 1179 minus
574 1128 918 1187 succedebat.
951 1130 1109 1182 aliam
1136 1131 1276 1185 viam
1315 1132 1639 1203 ingreditur.
1665 1132 1830 1186 Canta
1873 1148 1929 1186 u-

361 1232 497 1269 zeno
530 1215 961 1288 Didymotichum
994 1222 1238 1290 profecto
1267 1222 1400 1292 (72),
1430 1224 1617 1277 lrencn
1650 1225 1762 1278 ad't
1794 1224 1939 1277 illius

363 1322 607 1371 uxorem,
651 1312 856 1363 recenti
904 1311 997 1363 ﬁlii
1042 1321 1217 1366 morte
1248 1312 1520 1367 alllictam.
1556 1313 1686 1367 Eam
1730 1314 1938 1368 cladem
1998 1316 2001 1318 ’

361 1400 564 1453 erroris
604 1416 701 1471 per
729 1401 1170 1458 Cantacuzenum
1206 1406 1505 1472 grassantis
1546 1406 1784 1460 fructum
1820 1420 1941 1459 esse

362 1489 613 1556 afﬁrmat,
667 1504 721 1547 et
773 1494 931 1548 fidem
975 1494 1123 1549 facit.
1170 1495 1244 1549 lta
1293 1512 1420 1551 suas
1465 1508 1647 1565 partes
1687 1498 1943 1565 Angusta:

365 1582 673 1650 patrocinio
706 1584 950 1637 roborat.
987 1585 1061 1639 Ea
1103 1601 1162 1638 re
1207 1584 1389 1640 audita
1432 1585 1726 1653 Palamitac,
1770 1601 1834 1641 ac
1886 1586 1941 1639 in

366 1675 554 1741 primis
606 1676 849 1731 Isidorus
912 1679 1242 1748 patriarcha,
1293 1681 1359 1734 ad
1414 1681 1602 1734 lrencn
1654 1684 1947 1745 accedunt,

366 1766 548 1836 eique,
587 1777 646 1821 ut
674 1770 741 1822 ab
782 1769 932 1824 omni
967 1786 1088 1825 cum
1122 1769 1355 1844 Gregora
1398 1771 1791 1826 consuetudine
1817 1770 1944 1824 abs-

2037 587 2245 639 tvxnlit:
2289 597 2400 645 tum
2455 602 2521 639 nc
2553 584 2728 640 errori
2776 584 3186 654 sulfragaretur,
3223 588 3409 641 multis
3452 587 3619 641 ratio-

2036 680 2196 732 uihns
2242 680 2520 735 deterrere
2570 679 2747 747 ipsum
2794 691 3024 732 conatus
3073 678 3177 733 est.
3213 679 3317 734 Sed
3355 680 3511 750 longa
3563 682 3618 733 el

2037 787 2226 840 aspera
2259 770 2635 824 admonitione
2661 770 2773 839 (71)
2818 771 2952 824 nihil
2991 772 3258 840 profecit:
3294 771 3403 825 imo
3446 772 3619 826 homi-

2038 879 2161 915 nem
2214 863 2385 932 magis
2434 878 2462 915 a
2512 879 2570 916 se
2616 863 2893 917 alienavit.
2929 852 3196 917 Caeterum
3246 879 3315 916 ne
3369 863 3614 934 religioni

2040 956 2366 1022 periclitanti
2417 956 2470 1009 in
2521 956 2639 1024 ipso
2670 938 2898 1010 articulo
2937 957 3175 1017 deesset,
3225 958 3405 1010 statim
3445 973 3503 1010 se
3553 956 3616 1011 ad

2041 1061 2316 1100 (‘et‘tamt'n
2349 1048 2605 1111 aCtlIlX“,
2639 1058 2692 1101 et
2723 1048 2772 1102 ei
2810 1048 2901 1116 qui
2943 1065 3041 1117 pro
3074 1048 3199 1102 ﬁdei
3245 1049 3473 1102 veritate
3521 1063 3621 1115 pu-

2039 1149 2305 1209 gnaturus
2358 1139 2495 1193 foret
2558 1140 2974 1195 convenientem
3029 1149 3361 1204 armaturam
3418 1139 3618 1204 induit,

2044 1232 2284 1286 habitum
2316 1232 2569 1287 videlicet
2594 1233 2981 1287 monastieum.
3012 1232 3068 1288 ld
3096 1247 3223 1287 vero
3254 1232 3455 1286 factum
3483 1233 3626 1286 citra'

2043 1324 2206 1378 ullam
2252 1319 2669 1385 caeremoniam.’
2711 1325 2876 1378 unius
2909 1324 3207 1379 sacerdotis
3253 1323 3484 1393 religiosi
3535 1324 3621 1377 in-

2045 1422 2326 1480 terventu;
2355 1430 2385 1469 e
2415 1416 2571 1485 cujus
2596 1430 2756 1469 manu
2789 1425 2989 1470 vestem
3017 1431 3138 1469 eum
3167 1414 3460 1484 acciperet,
3492 1431 3616 1484 pro-

2044 1504 2223 1559 fessus
2257 1516 2360 1569 est,
2398 1521 2456 1559 se
2493 1514 2701 1560 mutato
2730 1507 2989 1576 deinceps
3020 1507 3234 1561 vivendi
3270 1521 3469 1579 genere
3496 1506 3621 1561 vita:

2045 1595 2236 1651 aulica;
2272 1610 2497 1666 prorsus
2530 1598 2967 1652 renuntiaturnm
2992 1598 3129 1667 (72).
3172 1586 3177 1591 ’

2118 1688 2226 1744 Ubi
2270 1688 2508 1743 indictus
2548 1689 2665 1744 dies
2716 1690 2955 1755 advenit,
2996 1705 3300 1745 convenere
3348 1692 3402 1746 in
3444 1690 3618 1745 aulam

2048 1794 2241 1835 omnes
2268 1780 2521 1836 factionis
2563 1780 2891 1838 Palamiticte
2933 1783 3180 1853 episcopi
3232 1784 3366 1853 (75).
3414 1783 3619 1839 Eodem

369 1857 561 1921 tiueat,
597 1861 943 1931 persuadere
988 1863 1345 1917 contendunt.
1393 1862 1612 1932 Repulsi
1672 1848 2021 1923 CanlacurB
2049 1886 2264 1941 quoque
2310 1869 2577 1943 Gregoras
2622 1889 2745 1928 cum
2774 1848 3042 1929 sociis—et
3093 1848 3376 1944 discipulis
3421 1875 3618 1931 adfuit.

370 1965 562 2004 zenum
602 1951 976 2024 Didymoticho
1004 1964 1255 2009 evocant.
1289 1953 1388 2010 llic
1418 1955 1709 2010 tumultum
1739 1953 1945 2032 veritus

373 2044 688 2115 Byzantium
720 2046 937 2100 advolat
984 2056 1040 2102 et
1087 2048 1364 2118 litigantes
1400 2048 1642 2110 arcessit,
1679 2045 1946 2101 lsidorum

374 2152 567 2206 nempe
596 2146 650 2190 et
692 2136 1009 2209 Gregoram.
1040 2139 1220 2194 Multis
1267 2141 1411 2195 ultro
1450 2140 1698 2210 citroque
1736 2154 1947 2195 sermo-

372 2229 533 2283 nibus
557 2229 770 2293 habitis,
794 2230 1016 2299 pervicit
1047 2230 1336 2301 Gregoras,
1367 2241 1426 2286 ut
1455 2231 1645 2287 lsidori
1670 2230 1944 2295 Canones,

375 2336 470 2375 seu
520 2320 855 2392 Hymaodiae.
907 2322 1028 2394 igne
1074 2324 1412 2389 delerentur,
1462 2340 1527 2378 ac
1579 2333 1637 2378 ut
1691 2321 1947 2393 loquendi

373 2413 390 2466 l
418 2414 678 2468 bertatem
716 2414 749 2468 ii
785 2414 1111 2486 reciperent,
1142 2416 1344 2483 quibus
1372 2419 1620 2486 adempta
1652 2400 1819 2471 esset.
1858 2415 1950 2470 llis

374 2507 779 2561 conditionibus
826 2508 878 2560 in
923 2507 1272 2562 concordiam
1306 2508 1539 2562 reditum
1572 2516 1675 2571 est,
1711 2516 1767 2561 et
1799 2523 1947 2562 sum-

379 2609 572 2666 ptuoso
602 2599 854 2655 convivio
876 2597 1082 2654 sancita
1118 2614 1239 2668 pax.
1275 2598 1380 2652 Sed
1404 2614 1482 2652 eae
1508 2598 1724 2667 quidem
1758 2598 1950 2655 breves

286 2700 287 2703 ‘
379 2691 605 2745 induciae
650 2691 888 2745 fuerunt.
921 2691 1052 2743 Nam
1082 2690 1351 2753 Palamas,
1392 2690 1537 2758 quod
1572 2690 1647 2743 illi
1679 2688 1950 2760 colloquio

379 2800 618 2853 praesens
646 2784 786 2838 haud
818 2783 1174 2846 interfuisset,
1205 2781 1579 2853 Didymoticho
1606 2782 1949 2849 postmodum

377 2879 605 2941 accitus,
653 2878 778 2932 lites
830 2876 1130 2931 renovavit.
1185 2876 1522 2945 Disputatum
1567 2889 1757 2928 rursus
1807 2874 1951 2945 apud

380 2973 765 3040 imperatorem
797 2972 908 3025 acri
932 2970 1305 3033 contentione,
1341 2968 1494 3022 nullo
1523 2977 1701 3020 autem
1732 2982 1954 3022 succes-

378 3080 465 3116 su.
498 3058 569 3117 ne
603 3074 715 3117 toto
748 3062 842 3118 illo
871 3063 1088 3133 negotio
1123 3063 1277 3132 plura
1309 3060 1449 3115 scire
1474 3060 1566 3130 qui
1602 3059 1889 3122 voluerint,
1916 3058 1950 3112 ii

377 3156 673 3223 Gregoram
708 3157 883 3225 ipsum
918 3156 1133 3218 adeant,
1165 3155 1418 3223 Historia:
1452 3154 1589 3207 libro
1624 3169 1712 3218 xv,
1742 3168 1860 3222 cap.
1895 3151 1959 3206 5.‘

452 3247 825 3303 Biennio'fcre
856 3258 1141 3318 postquam
1185 3248 1298 3299 luce
1331 3254 1481 3316 gesta
1514 3253 1659 3309 sunt,
1695 3243 1798 3297 sub
1830 3242 1949 3296 exi-

380 3352 495 3397 tum
528 3343 656 3397 auni
700 3341 849 3405 1549,
884 3340 1019 3395 obiit
1053 3339 1695 3409 Constantinopolitanus
1723 3337 1953 3407 patriar-

378 3440 482 3493 cha
543 3437 798 3490 lsidorus.
854 3435 1269 3491 Cantacuzenus
1335 3433 1630 3501 imperator
1685 3439 1741 3484 et
1802 3430 1955 3482 lrene

383 3533 620 3598 Augusta
679 3527 929 3598 Gregorze
995 3527 1237 3580 animum
1294 3525 1591 3584 blanditiis,
1644 3521 1951 3593 promissis,

382 3621 781 3692 largitionibus,
817 3621 1046 3689 aliisque
1096 3618 1305 3673 artibus
1345 3618 1452 3687 iam
1488 3631 1629 3682 saepe
1666 3623 1953 3678 tentatum,

382 3742 393 3764 ι
419 3718 545 3769 tiam
578 3688 924 3784 patriarchali
949 3711 1207 3781 dignitate
1236 3718 1502 3765 ostentata
1528 3709 1747 3764 ﬂectere
1776 3716 1830 3761 et
1852 3706 1955 3761 sibi

385 3807 699 3877 mancipare
755 3804 937 3860 conati
1004 3815 1150 3859 sunt.
1197 3801 1464 3872 Gregoras
1521 3809 1579 3856 ut
1631 3799 1956 3856 sentemiam

386 3911 621 3954 mutaret
646 3898 838 3953 adduci
865 3912 973 3953 non
1005 3895 1182 3967 potuit
1206 3912 1221 3950 :
1247 3895 1343 3949 sed
1371 3903 1424 3949 et
1447 3894 1569 3948 illos
1596 3893 1775 3948 verbis
1799 3891 1960 3946 casti-

384 4002 539 4065 gatos
568 3992 726 4048 ollicii
755 3989 1062 4055 admonuit,
1094 3998 1149 4042 et
1195 3988 1436 4042 oblatum
1480 3987 1744 4042 honorem
1794 3999 1960 4053 repu-

386 4088 573 4141 diavit.
606 4085 789 4154 itaque
817 4091 1033 4137 creatus
1075 4081 1384 4152 patriarcha
1423 4082 1725 4135 monachus
1759 4081 1963 4135 montis

389 4181 551 4242 Atho,
573 4177 791 4232 nomine
811 4174 1088 4237 Callistus,
1119 4174 1199 4228 vir
1222 4174 1530 4229 illitteratus
1548 4184 1602 4230 et
1628 4172 1964 4245 Acindyniao

393 4288 587 4329 norum
637 4269 810 4324 hostis
850 4270 1168 4322 acerrimus.
1207 4266 1366 4321 Anno
1396 4267 1614 4322 demum
1661 4266 1788 4320 1551
1827 4265 1967 4319 Can-

393 4377 710 4425 taeuzcnus,
739 4371 798 4416 ut
827 4359 1213 4431 Acindynianis
1248 4359 1596 4415 turbantibus
1618 4369 1675 4414 et
1702 4358 1969 4413 Constan-

395 4458 805 4528 tnopolitanam
868 4452 1165 4509 Ecclesiam
1221 4453 1636 4507 criminantibus
1687 4450 1965 4507 silentium

1979 3187 2021 3244 ϐ

2047 1963 2194 2027 Inter
2239 1965 2402 2034 hujus
2442 1966 2624 2020 socios
2664 1967 2976 2021 eminebant
3008 1978 3116 2023 tres
3162 1970 3477 2039 pontifices:
3514 1969 3623 2038 pri-

2046 2066 2170 2106 mus
2218 2050 2443 2123 Ephesi,
2487 2053 2628 2108 alter
2670 2053 2806 2109 Gani
2854 2055 3228 2126 metropolita;
3271 2058 3463 2113 tertius
3495 2057 3620 2129 Tyri

2045 2141 2359 2212 episcopus,
2408 2141 2661 2213 idemque
2700 2142 3024 2201 Antiocheni
3078 2148 3402 2216 patriarcha:
3452 2150 3622 2203 vicem

2047 2246 2269 2301 gerens;
2304 2249 2408 2288 nec
2455 2249 2563 2288 non
2613 2235 2711 2290 viri
2760 2236 2871 2291 duo
2922 2238 3232 2294 eruditione
3282 2250 3623 2309 praestantes,

2048 2325 2247 2380 Dexius
2284 2335 2339 2380 et
2371 2328 2703 2383 Athanasius
2737 2329 2870 2399 (74).
2902 2331 3038 2385 Cum
3076 2331 3160 2385 his
3192 2332 3480 2401 Gregoras,
3518 2334 3622 2388 cir-

2049 2417 2186 2472 citer
2234 2418 2421 2472 horam
2466 2418 2572 2473 diei
2627 2422 2948 2486 secundam,
3001 2422 3267 2493 palatium
3324 2426 3624 2496 ingressus,

2048 2520 2213 2581 atque
2236 2512 2304 2565 ab
2329 2511 2610 2567 interioris
2640 2513 2778 2568 aula:
2799 2516 2949 2570 aditu
2977 2531 3076 2586 per
3107 2502 3326 2574 lictores
3348 2522 3627 2587 exclusus,

2050 2601 2143 2655 diu
2187 2600 2387 2655 mansit
2428 2601 2479 2655 in
2509 2602 2802 2668 vestibulo,
2849 2604 3193 2673 epulantibus
3231 2608 3439 2664 interea
3484 2610 3627 2681 apud

2053 2686 2438 2756 imperatorem
2486 2689 2784 2745 Palamitis.
2830 2692 3039 2759 Quibus
3080 2705 3206 2764 post
3250 2699 3541 2766 prandium
3572 2701 3626 2754 in

2050 2779 2226 2834 Alexii
2271 2779 2593 2836 Triclinium
2629 2774 2742 2855 (75)
2780 2784 2913 2840 hora
2963 2787 3079 2857 ipsa
3111 2789 3412 2846 meridiana
3460 2791 3631 2847 intro-

2052 2872 2249 2936 ductis,
2298 2882 2351 2928 et
2391 2888 2518 2929 cum
2556 2874 2945 2932 Cantacuzeno
2990 2880 3118 2950 quid
3166 2881 3434 2952 agendum
3479 2894 3630 2939 cswt

2051 2956 2456 3035 praemeditans,
2497 2967 2711 3022 tandem
2734 2979 2791 3023 et
2824 2969 3182 3040 Acindyniani
3209 2971 3467 3040 impransi
3490 2973 3629 3044 iussi

2054 3066 2183 3111 sunt
2214 3056 2444 3111 intrare.
2476 3058 2696 3128 Singula
2734 3060 2896 3128 hujus
2942 3061 3348 3133 pseudosynodi
3381 3074 3502 3119 acta
3548 3080 3631 3120 re-

2054 3162 2279 3203 censere
2317 3149 2536 3219 longum
2574 3151 2767 3218 fuerit;
2802 3167 2903 3206 nec
2945 3168 3076 3207 vero
3115 3170 3346 3211 necesse
3376 3165 3479 3221 est,
3505 3172 3627 3212 cum

2053 3253 2117 3292 ea
2152 3240 2332 3308 quivis
2363 3241 2536 3308 possit
2565 3256 2629 3295 ex
2664 3241 2836 3310 ipsius
2869 3241 3122 3313 Gregora:
3151 3244 3305 3299 libris
3341 3245 3452 3316 (76)
3482 3256 3532 3301 et
3561 3262 3629 3302 ex

2054 3331 2226 3386 Tomo
2251 3332 2566 3387 Palamitico
2597 3334 2815 3389 abunde
2845 3350 3196 3405 cognoscere.
3223 3336 3414 3392 Totius
3443 3338 3631 3408 dispu-

2056 3428 2298 3493 tationis,
2331 3444 2454 3499 quae
2487 3430 2630 3484 intra
2663 3432 2971 3498 quindecim
3001 3434 3118 3488 dies
3140 3434 3475 3490 sessionihus
3506 3452 3632 3505 qua-

2058 3528 2181 3576 tuor
2239 3522 2485 3576 absolnta
2547 3531 2663 3589 est,
2716 3524 2899 3579 exitus
2972 3524 3059 3578 hic
3117 3524 3238 3579 fuit.
3302 3526 3632 3582 Conﬁrmata

2055 3611 2287 3667 Palamze
2340 3614 2606 3669 doctrina.
2660 3614 2718 3668 In
2786 3614 3127 3669 Barlaamum
3185 3624 3241 3671 et
3296 3619 3629 3689 Acindynum

2059 3716 2305 3761 mortuos
2334 3706 2590 3761 horrendi
2623 3707 2884 3761 carminis
2916 3709 3025 3778 (77)
3063 3709 3354 3765 anathema
3390 3728 3635 3781 pronun~

2061 3800 2250 3854 tiatum
2289 3799 2424 3869 (78).
2463 3798 2660 3868 Ephesi
2702 3808 2758 3854 et
2802 3799 2939 3854 Gani
2990 3799 3351 3870 metropolitis
3379 3803 3632 3872 adempta

2062 3905 2158 3960 per
2204 3889 2309 3944 vim
2367 3886 2597 3960 insignia
2645 3888 2961 3960 dignitatis;
3022 3906 3133 3945 non
3190 3892 3321 3947 item
3376 3894 3636 3964 episcopo

2060 3983 2208 4054 'l‘yri,
2253 3981 2344 4052 qui
2377 3981 2577 4037 ultima:
2612 3983 2842 4037 sessioni
2879 3983 3021 4037 haud
3074 3984 3342 4040 interfuit.
3386 3984 3638 4059 Gregora'.

2061 4075 2314 4146 discipuli
2350 4074 2439 4129 alii
2481 4075 2537 4129 in
2585 4075 2860 4130 custodias
2916 4076 3048 4139 dati,
3104 4077 3195 4133 alii
3242 4093 3459 4133 omnem
3514 4095 3634 4135 cum

2065 4169 2324 4239 magistro
2364 4166 2818 4223 consuetudinem
2877 4171 3050 4223 coacti
3101 4175 3340 4241 ejnrarc.
3370 4171 3638 4244 Gregoras

2068 4271 2247 4315 tamen
2280 4260 2396 4330 ipse
2423 4261 2571 4315 nullo
2599 4261 2746 4316 dicto
2775 4261 3042 4328 violatus;
3076 4264 3173 4318 sed
3210 4264 3259 4318 ei
3286 4273 3342 4320 et
3374 4266 3495 4319 aliis
3522 4266 3640 4336 qni-

2066 4354 2293 4409 busdam
2339 4353 2497 4408 facile
2534 4352 2863 4423 permissum
2897 4364 2999 4418 est,
3043 4355 3267 4411 domum
3295 4367 3355 4413 ut
3401 4359 3636 4413 abirent.

2069 4444 2273 4500 Tomus
2316 4444 2605 4516 synodicus
2653 4444 2765 4515 (79)
2802 4460 2912 4500 non
2961 4447 3167 4509 statim,
3198 4447 3292 4502 sed
3345 4458 3468 4518 post
3501 4448 3639 4503 duos

394 4551 721 4618 inponeret.
760 4546 1024 4616 synodum
1054 4558 1354 4599 convocare
1379 4541 1570 4597 statuit
1600 4542 1731 4614 (70).
1768 4551 1823 4596 at
1849 4555 1962 4595 non
1997 4530 2038 4583 ο
2069 4555 2285 4594 menses
2322 4539 2696 4610 promulgatus
2734 4539 2867 4610 (80).
2924 4540 3311 4611 Subscripsere
3343 4540 3641 4610 imperato—

396 4640 812 4702 wcnmenicam,
872 4644 933 4691 ut
979 4650 1123 4707 sape
1164 4645 1220 4690 et
1264 4634 1377 4705 jam
1428 4634 1642 4704 pridem
1690 4631 1965 4702 pollicitus

397 4738 593 4792 fuerat.
630 4733 919 4810 Gregoras,
953 4745 1017 4786 ea
1054 4746 1113 4785 re
1137 4728 1341 4795 audita,
1374 4726 1626 4798 privatim
1658 4727 1807 4779 illum
1829 4740 1962 4779 con-

397 4831 569 4895 venit,
589 4834 831 4897 atqueut
862 4840 930 4880 ne
960 4820 1232 4894 episcopis
1255 4819 1461 4892 paucis,
1480 4818 1655 4889 iisque
1674 4817 1965 4873 maximam

468 4969 581 5038 (79.)
629 4967 687 5020 Α.
717 4964 778 5021 C.
804 4963 961 5029 1547,
981 4971 1250 5038 Διιιιιιιιιιιιο
1285 4966 1540 5038 exeunte:

473 5026 584 5110 (70)
627 5038 919 5110 Cantacuz.
949 5026 1110 5086 vllist.
1158 5031 1253 5087 lib.
1300 5047 1373 5097 tv,
1411 5044 1459 5086 c.
1487 5029 1579 5084 23.
1629 5028 1786 5101 Greg.
1824 5026 1961 5083 "ist.

401 5107 497 5168 lib.
530 5124 683 5169 xvm,
713 5123 762 5162 e.
802 5107 855 5162 5.

384 5218 399 5227 κ
474 5181 586 5246 (71)
629 5180 815 5233 Exstat
847 5174 1022 5230 oratio
1053 5172 1145 5227 lib.
1181 5187 1334 5236 xvm,
1372 5186 1423 5227 c.
1454 5171 1510 5226 4.

495 5191 522 5233 7
539 5191 586 5246 ι)
631 5191 815 5233 Exstat
847 5191 1000 5229 Orallt

474 5191 586 5319 ita)
620 5250 753 5304 Ibid.
784 5247 1000 5319 εεριμ.

478 5312 589 5393 (73)
633 5324 694 5393 a.
724 5320 787 5375 c.
822 5316 981 5393 l_35l,
1001 5313 1250 5393 llaiidie
1274 5312 1371 5393 g7.

479 5383 590 5464 (74)
626 5390 784 5464 Joan.
820 5385 1216 5464 Cyparissiotes
1267 5383 1964 5464 Ralamicqransgression.

410 5454 550 5520 lib‘ro
578 5454 845 5525 secundo,
865 5454 992 5526 cap.
1023 5455 1119 5527 ull.
1144 5464 1256 5527 tres
1281 5454 1681 5527 Acindynianos
1711 5461 1973 5508 memorat

412 5548 464 5591 ut
501 5534 759 5594 illustres,
795 5524 1029 5590 Burdi‘n,
1069 5524 1468 5591 Pulcrianitam,
1493 5539 1544 5579 et
1574 5524 1867 5595 Lyhdiceu.

484 5606 598 5672 (75)
633 5603 786 5669 Quod
821 5607 937 5663 erat
972 5598 1026 5649 in
1066 5596 1444 5651 Blachcrncnsi
1483 5598 1698 5666 palatio.

482 5676 595 5745 (7d)
636 5690 789 5737 sun,
818 5688 929 5734 xu,
959 5683 1051 5745 xx,
1093 5682 1202 5721 sxa.

484 5736 591 5817 (77)
633 5736 931 5817 Maricam;
963 5736 1549 5817 ξᾳὶηφρκωδεστᾲτριις
1573 5737 1734 5817 apag,
1767 5736 1976 5817 ᾁποκη..

419 5807 742 5893 gemeam,
768 5812 942 5882 inquit
968 5807 1284 5863 l’hilozheus
1333 5808 1659 5878 patriarcha.
1684 5807 1817 5863 Cod.
1865 5822 1975 5878 reg.

2071 4648 2181 4696 res,
2213 4631 2450 4687 Joannes
2478 4632 2919 4697 Catttacuzcnus,
2963 4642 3017 4687 et
3046 4632 3166 4703 ejus
3196 4647 3359 4704 gener
3400 4634 3640 4688 Joannes

2071 4723 2436 4789 Palaeologus;
2466 4732 2580 4776 tum
2608 4722 2863 4777 Callistus
2894 4722 3227 4792 patriarcha,
3252 4730 3308 4776 et
3335 4720 3423 4777 alii
3456 4720 3640 4791 ponti-

2076 4816 2203 4869 ﬁces
2246 4814 2380 4883 (8i).
2415 4813 2585 4869 Paulo
2632 4824 2751 4884 post
2798 4813 2909 4884 (82)
2941 4812 3372 4876 Cantacuzenus,
3422 4821 3638 4883 sump'o

2079 4958 2230 5018 I996.
2274 4956 2365 5011 fol.
2398 4956 2519 5011 519.

2145 5030 2256 5097 (78)
2299 5028 2370 5083 Ut
2397 5027 2450 5081 in
2479 5041 2827 5097 eos_quorum
2860 5026 3005 5083 salus
3033 5037 3174 5081 esset
3202 5026 3510 5092 desperata.

2147 5095 2259 5168 (79)
2300 5098 2487 5169 Ethus
2516 5112 2545 5150 a
2569 5095 2895 5153 Combeﬁsio
2918 5097 3157 5154 Auctarii
3182 5097 3464 5152 novissuni
3490 5110 3644 5169 parte

2075 5171 2241 5226 altera
2278 5186 2399 5240 pag.
2439 5167 2560 5240 170.

2147 5243 2253 5310 (80)
2280 5236 2451 5293 Ἀἶα
2491 5238 2648 5304 1551,
2705 5253 2891 5295 mense
2944 5239 3208 5309 Augusto,
3256 5245 3384 5293 ante
3443 5236 3642 5295 festum

2074 5311 2495 5379 Assumptionis.

2147 5383 2257 5452 (8|)
2291 5379 2746 5452 Subscripscrunt
2764 5379 3163 5452 metropolitani
3188 5380 3402 5452 propria
3428 5381 3643 5452 quidem

2078 5450 2241 5507 mauu
2293 5452 2479 5520 viginti
2540 5450 2817 5519 quinque;
2864 5450 2973 5503 duo
3022 5458 3202 5502 autem
3256 5450 3342 5503 διὰ
3392 5450 3645 5518 γνωμῶν.

2084 5524 2392 5578 Adfuerunt
2422 5530 2681 5589 prteterea
2710 5520 2948 5590 episcopi
2982 5530 3212 5587 septem,
3246 5532 3303 5572 ut
3342 5527 3552 5574 constat
3585 5534 3648 5571 ex

2085 5589 3011 5663 subscriptionibuspseudognodi
3047 5590 3392 5663 Palamilicm,
3424 5606 3453 5642 a
3489 5589 3653 5643 Com-

2087 5661 2505 5721 beiisioieditze.
2564 5661 2768 5713 Tamen
2828 5661 3097 5730 Gregoras
3150 5662 3287 5715 duos
3342 5669 3550 5713 tantum
3598 5666 3651 5710 et

2087 5737 2273 5805 viginti
2305 5732 2594 5805 arcessitos
2624 5731 2872 5805 aﬁirmat.

2157 5807 2268 5876 (8‘2)
2308 5807 2363 5859 ιιι
2391 5805 2527 5858 fe5'o
2560 5800 2980 5871 Assumptionts.

3640 564 3649 589 l
