4002 6622
262 5885 290 5906 κ

322 459 414 522 39‘

1413 453 1838 527 NICEPHORI
1879 451 2268 514 esseom-tt
2306 407 2506 515 vin.

3507 455 3578 516 44)

321 587 439 626 nent
465 568 866 635 disputationis.
894 565 956 621 lli
981 576 1104 622 sunt
1129 565 1388 620 nimirum
1411 565 1507 630 illi,
1529 581 1668 635 quos
1695 563 1896 618 Canta-
1928 571 1968 626 Α
1999 581 2162 634 quam
2197 564 2446 621 refellere
2478 563 2780 620 videretur.
2814 563 2978 635 Atqui
3007 563 3302 634 Gregoras,
3328 579 3450 619 cum
3479 580 3580 620 ne-

317 678 560 719 cuzenus
577 661 1114 732 Gregoraeopposuit.
1145 641 1322 713 frivoli
1345 667 1493 713 certe
1511 656 1730 724 etparvi
1761 672 1890 726 pon-

319 757 469 810 deris
507 753 710 814 libelli;
746 763 934 806 utnon
959 748 1236 804 immerito
1263 765 1357 803 eos
1380 747 1650 818 Greguras
1667 747 1899 815 λογάρια

321 859 476 902 vocet
515 847 560 912 (1
581 847 656 910 1),
690 853 743 897 cl
769 841 1177 913 ἀμϐλωορίϐια,
1211 839 1346 908 ὁμοῦ
1373 839 1451 909 τῷ
1477 839 1744 909 πληγέντι
1773 839 1896 906 ἀέρι

319 941 455 1009 πρὸς
501 938 563 990 τὸ
593 937 798 1004 ἀφανὲς
842 933 1108 997 ἀπιόντα,
1153 930 1380 1001 fabellas
1424 930 1637 985 scilicet
1683 937 1732 982 et
1771 927 1897 984 vilia

316 1031 560 1098 qua’dam
619 1027 836 1098 eutbrya
863 1067 879 1093 ,
947 1040 1194 1097 percusso
1263 1039 1388 1078 aera
1451 1022 1632 1076 statim
1709 1037 1897 1076 evane-

317 1121 541 1175 scentia.

387 1211 754 1266 Nihilominus
806 1211 951 1266 idem
1011 1209 1108 1280 qui
1155 1223 1254 1264 eos
1307 1207 1525 1263 libellos
1573 1207 1896 1277 vulgaverat

315 1304 624 1374 .Ioasaphus
654 1303 1102 1366 Cantacuzenus,
1131 1302 1320 1372 elapso
1351 1301 1477 1354 inde
1511 1315 1654 1354 anno
1687 1300 1902 1370 integro

315 1407 372 1450 et
399 1397 656 1460 dimidio,
684 1396 773 1451 ubi
806 1411 933 1466 spes
967 1411 1096 1449 snas
1126 1395 1246 1464 ipso
1270 1404 1466 1446 eventu
1497 1392 1714 1446 dtlnsas
1744 1392 1900 1458 vidit,

317 1487 615 1556 Gregoram
653 1501 871 1540 rursum
909 1485 1149 1555 experiri
1197 1483 1410 1548 statuit,
1445 1495 1497 1536 et
1550 1498 1648 1551 per
1694 1483 1903 1537 amicos

315 1579 537 1632 domum
588 1577 840 1632 invitavit
871 1577 1005 1648 (12).
1035 1576 1333 1646 Gregoras,
1363 1574 1620 1636 amicitia:
1667 1575 1904 1628 redinte-

316 1671 536 1740 grandae
567 1683 662 1737 spe
688 1668 942 1729 allectus.
977 1676 1032 1722 et
1063 1669 1191 1737 quia
1225 1667 1376 1721 illum
1413 1666 1663 1737 putabat,
1699 1654 1902 1720 initiata

319 1765 460 1818 forte
491 1760 794 1820 sententia,
830 1761 968 1814 velle
1002 1769 1188 1816 errata
1227 1759 1475 1816 confiteri
1513 1768 1569 1812 et
1603 1759 1902 1830 corrigere,

317 1870 429 1909 non
459 1859 677 1926 gravate
708 1851 910 1923 paruit.
943 1861 998 1908 et
1029 1867 1248 1907 summo
1275 1867 1436 1906 mane
1463 1851 1530 1905 ad
1572 1866 1694 1905 eum
1735 1851 1902 1904 venit.

317 1947 396 2002 Ac
424 1963 608 2003 sermo
641 1947 886 2015 quidem,
915 1958 974 2000 ut
1010 1945 1154 1999 inter
1182 1944 1391 1999 amicos
1419 1957 1625 2013 eosque
1665 1953 1902 2008 veteres,

321 2039 552 2096 blandus
600 2038 838 2107 primum
883 2047 940 2092 et
975 2036 1164 2090 hilaris
1219 2035 1343 2090 fuit.
1399 2036 1628 2098 Deinde,
1676 2034 1907 2090 Palamze

320 2131 602 2184 mentione
629 2131 854 2198 injecta,
890 2145 1014 2184 cum
1044 2139 1100 2183 et
1127 2127 1546 2182 Cantacuzenus
1582 2135 1638 2180 ct
1662 2137 1909 2180 assenta-

323 2235 471 2278 tores
520 2221 775 2276 monachi
826 2221 978 2274 illum
1037 2220 1260 2274 laudare
1313 2227 1367 2273 et
1400 2217 1656 2272 admirari
1709 2219 1908 2288 carpis-

319 2325 466 2375 seut,
494 2315 570 2368 ita
599 2311 876 2383 Gregoras
911 2311 1224 2376 excanduit,
1254 2319 1314 2365 ut
1340 2327 1404 2364 ex
1439 2310 1695 2364 familiari
1729 2309 1904 2364 collo-

319 2408 452 2475 quio
501 2407 567 2458 ad
605 2405 784 2474 jurgia
847 2403 1096 2474 protinus
1153 2410 1208 2456 et
1259 2403 1325 2456 ad
1381 2401 1626 2456 convicia
1663 2412 1905 2455 .vcnlnm

322 2497 509 2553 fuerit.
555 2495 794 2551 Tantum
833 2497 998 2566 igitur
1027 2493 1221 2557 abfuit,
1265 2503 1323 2548 ιιι
1358 2509 1424 2548 co
1472 2493 1749 2562 cnlloquio
1785 2494 1909 2546 lites

320 2599 808 2658 compellerentur,
844 2598 903 2640 ut
931 2586 1089 2640 novis
1117 2585 1520 2641 oﬂ‘ensionibus
1548 2583 1752 2637 irritata
1785 2584 1908 2638 odia

322 2677 728 2734 recruduerint.
766 2679 839 2732 De
875 2679 975 2732 hac
1009 2687 1284 2748 postrema
1316 2675 1692 2744 disputatione
1716 2658 1910 2743 Grc'gw

324 2785 412 2826 ras
462 2770 709 2842 dialogos
755 2781 996 2841 quatuor
1041 2769 1300 2838 scripsit;
1356 2783 1451 2822 eos
1497 2767 1774 2828 videlicet,
1815 2765 1906 2835 qui

327 2858 577 2916 llismrite
629 2861 801 2917 libros
855 2860 1080 2916 totidem
1127 2861 1515 2923 constituunt;
1573 2856 1906 2910 tricesimum

321 2949 629 3008 secundum
671 2955 814 3018 dico,
845 2963 902 3008 et
955 2963 1065 3008 tres
1097 2951 1360 3020 deinceps
1399 2947 1718 3005 continuos.
1769 2948 1910 3000 Sunt

322 3054 508 3100 autem
567 3049 601 3100 ii
651 3063 804 3102 mere
861 3044 1178 3116 dogmatici,
1227 3045 1406 3114 primo
1454 3049 1707 3110 excepto,
1751 3042 1909 3110 cujus

323 3140 607 3196 exordium
639 3139 960 3194 historicum
991 3146 1096 3192 est.

2000 667 2150 728 garet
2178 674 2272 712 sua
2301 674 2424 713 esse
2455 675 2576 728 qua:
2600 657 3020 714 Cantacnzenus
3046 659 3262 728 publice
3293 657 3582 727 arguisset.

2001 751 2144 804 haud
2183 753 2594 818 mentiebatur;
2643 751 2748 806 nisi
2790 753 2929 806 forte
2983 751 3232 805 diversos
3277 749 3346 803 ab
3397 749 3462 803 iis
3493 751 3584 828 qui

2001 854 2299 912 supersunt
2345 845 2598 900 Historia:
2642 843 2957 915 Byzantina:
3015 844 3188 898 libros
3238 841 3584 896 condiderat.

2001 933 2133 988 Nam
2167 937 2220 990 in
2256 936 2340 992 his
2369 953 2508 1007 quos
2559 937 2827 992 habemus
2873 938 3023 1007 (sunt
3059 945 3240 990 autem
3273 934 3590 1003 duodequa-

2001 1031 2248 1100 draginta
2283 1030 2548 1097 continui)
2573 1029 2640 1083 de
2679 1029 2783 1083 illis
2810 1029 3082 1083 montanis
3123 1026 3360 1080 oraculis
3387 1041 3416 1077 ιι
3439 1023 3587 1078 Can-

2003 1137 2272 1182 tacuzeno
2299 1125 2563 1178 consultis
2598 1122 2733 1178 nihil
2763 1122 2992 1176 omnino
3017 1121 3281 1190 scriptum
3314 1119 3546 1173 occurrit
3574 1138 3588 1181 ;

2003 1219 2070 1273 de
2107 1219 2311 1273 montis
2360 1218 2500 1270 Atho
2531 1215 2814 1272 menachis
2851 1213 3020 1268 multa
3059 1211 3278 1282 quidem
3302 1253 3316 1276 ,
3349 1209 3445 1265 sed
3480 1226 3588 1262 non

2007 1311 2094 1366 illa
2125 1311 2268 1378 ipsa,
2297 1324 2418 1379 qua!
2449 1307 2870 1364 Cantacuzenus
2899 1307 3040 1374 apud
3069 1319 3128 1358 se
3159 1303 3293 1356 lecta
3329 1316 3450 1356 esse.
3478 1317 3591 1354 nte-

2007 1407 2212 1462 morat;
2245 1401 2351 1450 imo
2382 1413 2445 1451 ea
2478 1411 2597 1465 quae
2645 1399 2702 1450 et
2731 1405 2972 1449 montem
3005 1405 3061 1449 et
3105 1383 3410 1450 monachos
3457 1394 3592 1446 mire

2005 1490 2390 1544 ('otntnentlunt
2423 1489 2553 1558 (Η).

2079 1581 2214 1636 llinc
2245 1581 2382 1634 adeo
2413 1589 2660 1648 apparet,
2695 1578 2858 1636 lilros
2891 1577 3144 1645 Gregorm
3171 1577 3238 1631 ah
3266 1575 3592 1631 hominibus

2008 1671 2272 1742 improbis
2294 1673 2406 1740 jam
2440 1683 2551 1725 tum
2598 1672 2766 1724 fuisse
2796 1681 3086 1740 corruptos
3121 1684 3187 1723 ac
3219 1670 3546 1736 depravatos
3575 1687 3588 1729 ;

2008 1762 2235 1830 proinde
2271 1777 2394 1814 vera
2432 1776 2574 1823 esse,
2607 1777 2730 1830 quzr
2786 1759 2874 1812 hic
2906 1760 3100 1813 ultimo
3143 1757 3394 1813 Historia:
3451 1759 3592 1813 libro

2009 1857 2074 1908 dc
2103 1855 2536 1908 atlxers-tr‘orum
2563 1853 2808 1922 nequitia
2835 1860 2889 1906 et
2912 1852 3070 1906 malis
3087 1851 3297 1906 artibus
3317 1853 3590 1921 queritur,

2009 1947 2150 2016 quod
2191 1945 2226 2000 ii
2278 1945 2445 1999 multa
2497 1944 2806 1999 clanculum
2859 1959 2922 1996 ex
2978 1945 3094 1997 suis
3133 1944 3391 2010 operibus
3445 1942 3590 1996 ferro

2010 2052 2216 2093 resecta
2247 2037 2617 2102 sustulissent,
2654 2045 2708 2089 et
2735 2037 2918 2090 littera
2951 2051 3055 2088 una
3091 2035 3172 2087 vel
3220 2035 3382 2087 etiam
3423 2035 3590 2103 pluri-

2009 2131 2108 2184 lms
2159 2145 2256 2184 seu
2303 2129 2529 2192 additis.
2573 2143 2670 2182 seu
2731 2128 2967 2181 invicem
3021 2125 3364 2196 permutatis,
3404 2141 3586 2178 verum

2007 2238 2072 2278 ac
2131 2234 2342 2276 rectum
2397 2233 2620 2274 sensum
2677 2218 2901 2272 omnino
2963 2218 3339 2280 invenissent,
3377 2225 3434 2269 nt
3484 2215 3586 2282 φεῦ

2008 2331 2106 2386 pro
2137 2313 2223 2378 εὖ,
2255 2313 2425 2367 κακὸν
2456 2326 2556 2380 pro
2585 2311 2774 2384 ξαλὺν,
2803 2309 2944 2364 κατὰ
2975 2325 3072 2379 pro
3099 2311 3228 2379 περὶ
3251 2349 3266 2373 ,
3297 2309 3586 2380 legeretur.

2008 2407 2373 2472 Quamobrem
2393 2405 2574 2480 -etiam
2617 2403 2849 2458 lectores
2889 2403 3148 2456 admonet
3211 2403 3588 2468 hortaturque,

2009 2509 2070 2552 ut
2115 2499 2376 2553 librorum
2431 2512 2654 2552 suorum
2710 2495 3044 2560 exetnplaria
3094 2492 3420 2556 conferant;
3470 2507 3590 2560 qua:

2011 2592 2240 2662 plurima
2291 2591 2366 2644 ait
2407 2600 2660 2646 exstare:
2691 2589 2893 2658 quippe
2941 2603 3024 2649 se,
3055 2586 3322 2654 ejusmodi
3365 2583 3587 2638 Laudes

2011 2691 2487 2754 prtemctuentem,
2524 2695 2744 2750 operam
2785 2677 3024 2744 dedisse,
3060 2687 3117 2732 ut
3152 2671 3320 2730 multa
3357 2689 3588 2744 θροεῖς)-

2010 2776 2117 2846 pha
2151 2773 2548 2844 discipulorum
2597 2787 2764 2826 manu
2811 2785 2974 2840 quam
3021 2768 3435 2824 accuratissime
3489 2779 3590 2818 suo

2011 2869 2095 2922 vel
2131 2867 2432 2921 amicorum
2473 2873 2693 2930 sumptu
2729 2863 3199 2918 describerentur.

2089 2958 2345 3014 Fortasse
2393 2956 2595 3028 igitur,
2639 2965 2699 3008 ut
2765 2955 3044 3024 plerisque
3106 2953 3459 3016 auctoribus,
3517 2953 3589 3006 ita

2010 3053 2172 3106 etiam
2224 3051 2533 3122 Nicephoro
2569 3047 2821 3118 Gregozzc
2861 3047 3106 3116 qua-dam
3143 3047 3278 3100 falso
3308 3047 3594 3100 ascribun-

2011 3153 2120 3212 tur,
2144 3144 2330 3215 spuria
2355 3141 2606 3196 videlicet
2631 3148 2688 3193 et
2718 3139 3060 3207 supposititta
3088 3153 3102 3190 :
3128 3138 3430 3206 cuiusmodi
3469 3151 3592 3190 esse

398 3231 514 3286 Sub
545 3230 678 3286 illud
702 3230 870 3286 credo
899 3239 1114 3298 tempus
1133 3224 1442 3294 Joasaphus
1474 3224 1901 3285 Cantacuzenus,

2015 3237 2270 3294 existimo
2316 3235 2588 3289 somnium
2621 3230 2750 3284 illud
2789 3224 3189 3298 propheticum,
3223 3245 3250 3280 a
3301 3227 3592 3282 Philotlteo

325 3325 572 3398 pervolut
599 3339 626 3378 s
663 3321 918 3377 Historia:
952 3321 1263 3391 Byzantium
1293 3319 1464 3379 libris,
1491 3331 1724 3387 quorum
1759 3313 1902 3370 Grer

324 3434 486 3488 geras
516 3426 706 3470 auctor
735 3429 857 3470 esse
899 3414 1196 3477 ferebatur,
1225 3427 1350 3466 cum
1387 3411 1488 3464 alia
1531 3412 1714 3484 multa
1742 3411 1794 3463 iu
1841 3409 1908 3464 iis

329 3508 538 3563 notavit
573 3505 688 3576 (15)
715 3546 730 3570 ,
789 3516 901 3560 tum
951 3504 1080 3559 illud
1111 3503 1180 3558 de
1215 3518 1278 3558 se
1309 3503 1364 3556 in
1406 3501 1620 3572 primis,
1649 3503 1793 3572 quod
1835 3499 1909 3556 ibi

327 3601 604 3654 diceretur
634 3597 920 3668 superstite
959 3595 1261 3649 Andronico
1288 3594 1602 3661 imperatore
1625 3593 1908 3646 monac/tos

328 3699 520 3748 utentis
553 3695 684 3748 Atho
725 3693 976 3764 fatidicos
1013 3693 1229 3755 adiisse,
1254 3698 1302 3743 rt
1341 3706 1408 3742 an
1436 3693 1624 3744 rerum‘
1643 3689 1908 3759 potiturus

327 3797 480 3852 «sset,
504 3791 570 3840 ab
601 3788 667 3840 iis
690 3786 991 3840 sciscitatus
1019 3785 1202 3854 fuisse.
1225 3783 1370 3836 ldcm
1394 3781 1557 3835 etiam
1587 3781 1907 3852 gravissima

328 3883 589 3944 crimina,
627 3881 896 3950 religiosis
945 3895 1070 3933 cum
1141 3887 1378 3931 ntontetn
1427 3875 1796 3930 incolentibus
1841 3875 1910 3931 ab

333 3975 597 4028 historico
631 3973 870 4041 objecta,
907 3971 960 4025 in
1011 3969 1203 4024 iisdem
1235 3967 1390 4022 libris
1419 3967 1750 4022 observavit.
1779 3967 1910 4034 Quae

331 4077 392 4121 ιιι
421 4067 550 4121 falsa
577 4083 702 4122 esse
731 4071 1008 4136 argueret,
1046 4062 1283 4116 arl.itros
1307 4075 1612 4115 convocare
1641 4069 1697 4116 et
1717 4076 1910 4117 eorum

326 4160 534 4228 judicio
555 4172 852 4213 censuram
887 4156 1009 4210 libri
1043 4157 1362 4226 permittere
1393 4153 1702 4208 constituit.
1733 4154 1911 4210 Acciti

330 4253 498 4320 igitur
529 4250 628 4304 viri
665 4249 924 4313 illustres,
960 4255 1015 4300 et
1041 4247 1240 4299 civium
1275 4244 1700 4316 Byzantinorum
1731 4243 1914 4299 lectis-

331 4343 456 4397 simi
485 4361 498 4397 :
525 4342 618 4412 qui
669 4341 760 4396 ubi
797 4339 1124 4394 criminosas
1153 4337 1274 4391 illas
1310 4337 1656 4392 narrationes
1685 4352 1782 4406 per
1807 4336 1916 4392 lec-

333 4449 503 4488 torem
539 4433 796 4488 recitatas
828 4431 1181 4495 audiverunt,
1235 4443 1342 4482 una
1387 4444 1584 4488 omnes
1612 4445 1745 4484 voce
1780 4428 1915 4485 Gre-

331 4543 518 4598 goram
543 4525 694 4580 valde
731 4523 1034 4578 mendacem
1061 4531 1110 4576 et
1145 4522 1500 4591 impudentem
1540 4533 1590 4575 ct
1615 4523 1775 4576 levem
1807 4539 1918 4576 esse

2015 3329 2330 3403 patriarcha
2407 3325 2730 3396 productum
2789 3322 2900 3391 (15)
2955 3329 3010 3374 et
3059 3321 3387 3390 explosum:
3448 3321 3589 3389 quod

2013 3423 2272 3496 quoniam
2307 3419 2546 3474 nondum
2583 3417 2722 3488 typis
2773 3415 2981 3470 editum
3041 3423 3125 3468 est
3155 3413 3310 3484 juvat
3342 3413 3442 3466 hoc
3476 3412 3594 3466 loco

2015 3519 2284 3588 integrum
2331 3526 2630 3582 apponere.
2677 3509 2950 3579 Gregoras
2998 3507 3162 3561 domo
3195 3507 3444 3561 inclusus
3479 3505 3592 3575 (16)

2015 3610 2442 3686 Agatlzangt-lum
2487 3605 2674 3660 furtim
2723 3605 3028 3674 ingressum
3060 3612 3116 3658 ct
3142 3619 3264 3656 mox
3293 3601 3592 3659 abiturum.

2013 3713 2067 3766 in
2100 3710 2310 3779 epilogo
2353 3705 2546 3776 Operis
2575 3701 2944 3766 Autirrhctici,
2971 3700 3114 3770 quod
3147 3700 3470 3754 I‘hihtltctts
3509 3715 3598 3752 re-

2017 3801 2302 3858 futandum
2341 3795 2604 3866 suscepit,
2640 3795 2724 3848 his
2759 3795 3054 3864 alloquitur
3083 3809 3097 3848 :
3133 3793 3288 3846 Ἐπεὶ
3324 3793 3378 3845 δὲ
3407 3793 3596 3864 πόρῤω

2017 3893 2227 3947 νυκτῶν
2256 3890 2436 3956 τὰτῆς
2463 3887 2681 3958 ὁμιλίας
2725 3888 2882 3956 ἡμῖν,
2935 3887 3007 3948 ὡς
3067 3886 3222 3958 ὁρᾷς,
3282 3885 3595 3948 ἐκτέταται,

2018 3986 2114 4040 καί
2138 3985 2258 4036 δέον
2290 3982 2512 4035 ἀπιέναι
2540 3997 2623 4046 σε,
2655 3978 3030 4032 καθευδόντων
3059 3974 3140 4038 οἷς
3172 3977 3240 4030 τὰ
3268 3978 3368 4046 τῆς
3396 3977 3594 4047 ἡμετέ-

2021 4095 2120 4148 ρας
2173 4062 2572 4143 ἐπιτέτραπται
2633 4071 2906 4142 φυλακῆς,
2962 4073 3094 4140 φέρε
3173 4072 3268 4126 καὶ
3316 4076 3444 4142 περὶ
3487 4071 3598 4124 τῶν

2022 4167 2456 4237 συμϐησομένων
2481 4164 2686 4236 βραχέα
2733 4163 2827 4215 τὸν
2885 4163 3072 4216 ἐνόντα
3108 4161 3410 4231 διέλθωμεν
3471 4162 3600 4232 τρό-

2023 4279 2144 4315 πον.
2179 4261 2253 4314 Οὐ
2278 4259 2388 4330 γὰρ
2447 4258 2596 4322 ἄξιον
2651 4255 2777 4310 οὔτε
2829 4257 2886 4308 σὲ
2942 4272 3004 4322 γε
3056 4255 3295 4322 ἀγνοεῖν,
3356 4255 3470 4308 οὔθ’
3517 4251 3598 4318 οἷς

2027 4344 2245 4424 μέλλειᾲ
2276 4347 2454 4422 φῦσιᾴ
2483 4351 2641 4422 ἡμῶν
2683 4349 2894 4419 ὁμιλεῖν
2943 4351 3038 4404 καὶ
3089 4348 3467 4414 συνεπάθὶοις,
3509 4349 3598 4402 ἵνα

2029 4445 2102 4512 μὴ
2138 4442 2273 4510 πρὸς
2305 4441 2364 4493 τὸ
2411 4442 2508 4510 τῆς
2543 4440 2756 4504 ἐλπίδος
2819 4440 3223 4503 ἀποτὶέποντες
3276 4441 3470 4511 ἄδηλον
3501 4445 3600 4513 ἀχ-

2027 4533 2247 4586 Θωνται.
2313 4531 2596 4601 Ίέτύχςκε
2626 4525 2734 4600 γάκρ
2761 4549 2852 4601 μοι
2890 4533 3098 4603 picem
3147 4533 3284 4601 πρὸς
3315 4533 3598 4604 δεσμωτή-

333 4621 770 4687 pronuntiarunt.
831 4617 904 4671 Ita
960 4615 1234 4684 Gregoras
1289 4614 1491 4668 absens
1542 4623 1598 4668 et
1645 4615 1908 4669 inauditus

2027 4641 2144 4695 ριον
2169 4623 2270 4694 ἤδη
2297 4625 2447 4675 τουτὶ
2475 4622 2872 4694 περικεχύσθαι
2905 4624 3122 4694 μακρὰν
3160 4625 3424 4694 ἀθυμίαν,
3453 4629 3596 4680 πάνυ

334 4714 624 4766 damnatus
657 4717 762 4764 est.
805 4709 884 4762 Ac
917 4707 1026 4772 hic,
1066 4707 1156 4760 ubi
1209 4722 1322 4773 rctn
1366 4706 1607 4770 rescivit,
1635 4721 1776 4776 a'grc.
1820 4705 1914 4761 ad.

337 4802 556 4876 modum
591 4800 736 4866 tulit,
752 4807 809 4854 et.
833 4800 1216 4853 Cantacuzrno
1241 4808 1514 4852 convento
1546 4798 1692 4853 hunc
1725 4799 1916 4853 trium-

337 4897 502 4968 phum
539 4903 596 4945 ut
629 4893 876 4961 iniquum
921 4889 1274 4960 exprobravit
1310 4907 1324 4944 :
1373 4905 1550 4960 neque
1594 4891 1736 4944 enim
1767 4907 1918 4958 (μιειι-

335 4999 554 5054 cunque
588 4999 787 5037 nomen
832 4997 993 5036 suum
1025 4980 1358 5051 prazferreut,
1397 4999 1459 5036 ea
1510 4983 1692 5036 (ιιιιιιὶιι
1741 4987 1916 5053 scrip-

335 5078 472 5130 sisse
502 5091 562 5129 se
597 5089 612 5126 :
648 5090 768 5145 qua:
807 5082 991 5128 contra
1041 5072 1261 5127 Tomum
1291 5075 1486 5142 scripta
1517 5077 1922 5146 ciruunfrrt'en-

337 5179 446 5230 tur,
495 5182 594 5218 sua
637 5181 796 5232 esse;
838 5182 957 5236 qua:
998 5177 1184 5219 contra
1233 5165 1683 5227 Cantacuzrnum,
1726 5169 1925 5220 ncscire

333 5273 389 5309 se
410 5256 560 5325 cujus
593 5258 764 5328 [orent
787 5273 805 5311 :
826 5255 956 5312 velle
982 5266 1182 5322 autem,
1206 5257 1291 5310 ubi
1315 5268 1500 5310 nactus
1525 5268 1682 5320 esset,
1710 5274 1771 5311 ea
1795 5262 1922 5324 imp-

335 5351 564 5418 primcre
592 5365 610 5414 ;
647 5365 763 5422 quin
787 5349 836 5403 si
870 5351 1021 5420 prius
1053 5351 1357 5420 accepisset,
1397 5365 1556 5419 quam
1592 5350 1662 5402 ad
1691 5349 1920 5403 aliorum

335 5458 490 5494 aures
521 5425 774 5504 venirent,
799 5441 910 5512 igni
956 5441 1356 5495 mandaturum.
1394 5439 1517 5496 "th
1551 5442 1674 5507 ille;
1706 5443 1770 5495 ad
1804 5457 1923 5512 qum

333 5535 748 5590 Cantacuzcnus
782 5533 994 5589 ironice
1043 5535 1357 5606 respondit,
1405 5545 1463 5588 ut
1513 5535 1690 5590 ridere
1743 5540 1922 5606 potius

405 5696 520 5760 (tl)
550 5695 690 5752 Hist.
721 5695 875 5765 Byz.,
908 5695 1004 5752 lib.
1037 5711 1211 5763 χχχιι,
1255 5694 1478 5750 circiter
1508 5695 1746 5752 initium.

407 5767 516 5836 (ιε)
541 5768 606 5821 Α.
632 5769 694 5822 u.
730 5768 891 5822 1357.

403 5835 515 5906 (15)
553 5837 851 5908 Cantacuz.
875 5836 1014 5892 Hist.
1041 5836 1138 5891 lih.
1175 5852 1250 5903 tv,
1282 5852 1404 5908 cap.
1435 5837 1506 5894 24
1536 5845 1590 5893 et
1618 5835 1712 5892 25.

407 5911 452 5978 (ι
476 5915 516 5978 ι)
555 5907 680 5964 Vide
713 5908 859 5963 Hist.
886 5908 982 5963 lib.
1005 5923 1116 5975 xw,
1149 5922 1269 5978 cap.
1304 5909 1355 5962 7.
1772 5926 1778 5934 ·

2019 4716 2320 4769 κεντοῦσα-ι
2367 4719 2462 4770 καὶ
2510 4715 2786 4769 ὀδυνῶσὰν
2843 4734 2946 4786 μου
3003 4719 3064 4769 τὸ
3106 4717 3458 4788 λογιζκιμενον
3499 4722 3598 4790 τῆς

2018 4808 2219 4880 ψυχῆς,
2265 4809 2364 4877 οὐχ
2408 4809 2492 4860 ὅτι
2547 4808 2776 4877 πάσχων
2819 4810 3290 4872 αὐτδςδιετὲλουν
3339 4813 3597 4882 εἱργάμε·

2021 4917 2131 4960 νος,
2192 4898 2328 4951 ἀλλὰ
2371 4900 2498 4962 τοὺς
2529 4897 2630 4966 τῆς
2677 4897 3002 4966 Ἐκκλησξας
3063 4901 3206 4972 ὀρῶν
3260 4903 3598 4974 ὑψουμένους

2023 4994 2301 5072 χειμῷνας
2327 4991 2470 5042 κατὰ
2514 4987 2622 5043 τῶν
2651 4989 2812 5042 Θεὶων
2851 4990 3143 5060 δογμάτων
3182 4996 3276 5046 καὶ
3308 4997 3366 5046 τὺ
3393 4995 3598 5064 π).ἧοος

2023 5083 2114 5134 ἀεὶ
2167 5082 2525 5150 ἐλαυνόμενον
2551 5094 2567 5110 ⁹
2604 5082 2700 5134 καὶ
2735 5081 2794 5133 τὸ
2853 5081 2955 5151 μὲν
2993 5083 3386 5154 δεσμούμενον,
3439 5086 3500 5138 τὸ
3551 5083 3596 5138 δ’

2021 5173 2298 5244 ἐξόριστον
2323 5175 2615 5242 γενόμενον
2636 5190 2652 5204 ο
2687 5174 2780 5226 καὶ
2825 5174 2885 5226 ’τὸ
2911 5175 3010 5244 μὲν
3063 5179 3315 5246 κάμπτον
3345 5177 3472 5246 γόνυ
3519 5177 3595 5248 τῷ

2021 5267 2174 5320 Βαὰλ
2198 5267 2290 5320 διὰ
2317 5266 2380 5319 τὸ
2406 5264 2502 5319 ’τοῦ
2535 5265 2700 5337 λιμοῦ
2766 5267 2942 5336 βίαιον
2983 5271 3076 5320 καὶ
3110 5272 3207 5340 τὴν
3241 5270 3594 5340 τῶνμοὶκείων

1978 5401 1986 5403 μ.
2022 5359 2354 5430 ἀφαίρεσιν·
2393 5357 2506 5430 (17)
2553 5359 2650 5412 καὶ
2697 5359 2758 5412 τὸ
2805 5360 2980 5422 σῶζον
3047 5357 3112 5433 ἧν
3146 5363 3406 5431 ιὺδαμοῦ.
3433 5364 3595 5432 Ἰἠνι-

2021 5451 2198 5504 καῦτα
2255 5451 2452 5522 μεστὸς
2511 5454 2805 5522 γενόμενος
2868 5453 3146 5522 λογισμῶν
3207 5455 3473 5525 ἐνδακρύς
3532 5471 3592 5506 τε

2019 5543 2349 5614 γεγένημαι,
2378 5545 2474 5596 καὶ
2520 5544 2692 5598 πολλὰ
2735 5561 2812 5615 trp
2846 5544 2962 5615 Θεῷ
3014 5545 3452 5615 προσευξάμενος
3501 5548 3594 5600 καὶ

2092 5703 2204 5778 (15)
2251 5665 2544 5778 Antirrhct.
2571 5723 2664 5772 xu,
2694 5707 2814 5762 cod.
2853 5706 2985 5778 licg.
3017 5705 3174 5776 1996,
3206 5706 3298 5762 fol.
3327 5708 3450 5763 2297.

2091 5775 2203 5844 (lli)
2239 5776 2302 5829 Α.
2341 5774 2404 5830 C.
2448 5779 2605 5832 1555.

2092 5845 2204 5916 (17)
2239 5845 2400 5902 Deest
2427 5848 2486 5900 τὸ
2514 5847 2591 5917 δὲ,
2625 5858 2732 5905 ctc.
