4054 6638
249 438 271 485 \

285 546 340 613 ll
1326 585 1339 595 -
1385 543 1803 614 NlCEi‘llOlll
1844 548 2224 615 GliEGORAi
2265 551 2463 611 VlTA.
3457 532 3527 600 4:?

286 672 495 735 καθίσας
523 676 661 726 κάπὶ
697 674 789 742 τῆς
830 674 1011 740 δεξιᾶς
1041 673 1258 743 ἐρείσας
1293 675 1391 745 τὴν
1414 675 1658 743 κεφαλὴν
1694 674 1845 744 ὕπνῳ

1959 672 2159 725 habitur
2211 667 2512 749 patriarcha
2554 681 2572 719 :

279 760 447 830 λεπτῷ
470 761 842 832 συνεσχέθηνο
875 761 969 815 καί
1020 778 1110 829 μοι
1141 761 1318 829 ἔδοξεν
1349 763 1482 834 ὄναρ
1512 765 1622 817 τῶν
1673 765 1843 832 φίλων

275 874 352 920 τις
402 856 653 919 ἐπιστὰς,
691 875 709 906 ι
751 856 922 924 Χαῖρε
993 854 1267 924 (φάσκειν)
1321 857 1417 909 καὶ
1482 857 1557 927 μὴ
1618 857 1843 925 ἀθύμει.

274 954 419 1013 θεὶν,
454 950 600 1018 ὑπὲρ
637 944 700 1004 οὗ
752 953 865 1012 τοῖς
923 950 1107 1011 ἄθλοις
1169 950 1527 1020 ὲγκαρτερεῖς
1580 952 1841 1017 τουτοισὶ,

277 1043 562 1114 κράτιστον
588 1042 730 1111 ἔχων
761 1040 1076 1110 ἐπίκουρον.
1132 1041 1296 1111 Ὀψει
1326 1041 1438 1110 γὰρ
1493 1042 1595 1095 οὐκ
1625 1044 1703 1106 εἰς
1741 1061 1847 1111 μα..

277 1136 708 1204 κρὰνιτουτουσὶ
750 1134 882 1195 τοὺς
935 1134 1034 1203 τῆς
1083 1132 1367 1197 εὐσεϐείας
1427 1134 1680 1197 διώκτας,
1747 1136 1847 1205 οὐχ

276 1222 359 1279 οἷα
393 1225 557 1295 μόνον
614 1224 749 1293 ὑμῖν
802 1224 1121 1292 ἐπήνεγκαν
1175 1222 1484 1293 πάσχοντας
1537 1226 1605 1277 τὰ
1672 1223 1843 1285 δεινὰ,

277 1318 402 1371 ἀλλὰ
445 1316 542 1369 καὶ
571 1314 777 1388 μακρῇ)
819 1314 1211 1384 σχετλιώτερα.
1262 1314 1846 1384 Ἐκπολεμωθήσονται

277 1408 378 1475 γὰρ
397 1408 520 1459 κατ’
548 1406 823 1472 ἀλλήλων,
863 1404 1119 1474 βασιλεὺς
1150 1406 1295 1458 κατὰ
1350 1405 1697 1476 πατριάρχου
1754 1407 1848 1459 καὶ

278 1497 386 1551 κατ’
410 1478 744 1549 ’ἐπισκόπων
771 1512 787 1527 ο
815 1495 911 1548 καὶ
935 1490 1001 1548 αὖ
1054 1496 1178 1548 κατ’
1232 1495 1477 1563 ἀλλήλων
1520 1497 1808 1549 ἐπίσκοποι
1829 1510 1845 1528 ⁶

277 1592 499 1650 καὶτοῖς
524 1587 783 1658 ἀλλήλων
838 1586 1325 1656 ἀναθεματισμοῖς,
1360 1588 1587 1650 καὶτοῖς
1626 1590 1848 1652 οἰκείοις

279 1679 732 1750 τιτεριιτεσοπῧνιςαι⁹
768 1683 866 1734 καὶ
920 1677 1291 1747 ὲξωσΘήσεται
1346 1678 1446 1745 μὲν
1486 1677 1595 1730 τῶν
1641 1678 1849 1745 θρόνων

276 1775 302 1826 ὁ
331 1772 684 1843 πατριάρχης
708 1788 724 1802 ⁶
753 1770 1250 1841 ἁντεισαχθὴσεται
1280 1770 1325 1822 δ’
1358 1770 1569 1840 ἔτερος
1599 1771 1694 1823 καὶ
1731 1769 1849 1840 μετ’

275 1864 443 1933 ὀλίγον
476 1864 547 1916 τὰ
569 1866 742 1935 ὃμοια
767 1866 1014 1918 πείσεται
1055 1865 1150 1917 καὶ
1197 1862 1385 1925 αὑτός·
1418 1863 1514 1916 καὶ
1543 1865 1570 1914 ὁ
1597 1861 1850 1932 βασιλεὺς

279 1958 365 2027 τὴν
423 1956 713 2025 βασιλείαν
755 1957 872 2026 ἅμα
940 1956 1283 2026 ζημιώσεται
1344 1956 1442 2009 σὺν
1479 1956 1675 2026 ἀτιμία
1731 1973 1850 2008 ποι-

277 2049 391 2118 κίλῃ
416 2061 432 2075 ⁸
461 2049 560 2101 καὶ
598 2038 707 2118 πβό
736 2063 799 2115 γε
820 2042 1025 2100 τούτων
1053 2048 1081 2099 ὁ
1116 2046 1382 2118 Παλαμᾶς
1406 2050 1516 2110 τοῖς
1550 2046 1849 2117 βαρϐάροις

278 2140 560 2203 ἁλώσεται,
596 2141 692 2192 καὶ
721 2139 797 2210 μὴ
824 2140 908 2191 ὅτι
944 2139 1012 2191 τὰ
1064 2139 1312 2209 ἔχθιστα,
1374 2139 1456 2193 ὅτι
1515 2140 1592 2209 μὴ
1639 2139 1736 2191 καὶ
1784 2139 1853 2193 τὰ

277 2233 519 2301 αἴσχιστα
570 2233 850 2287 πείσεται.
887 2231 950 2284 Ol.
1004 2229 1059 2284 δὲ
1109 2230 1329 2294 πλείους
1368 2231 1477 2283 τῶν
1509 2230 1852 2293 ἐπισκόπων,

279 2319 478 2392 σεισμῷ
509 2319 878 2391 κλονηθείσης
914 2321 1015 2391 τῆς
1055 2321 1343 2392 Ῥωμαίων
1382 2321 1487 2391 γῆς
1545 2322 1725 2392 βιαίῳ,
1750 2321 1855 2375 αὐ-

277 2417 390 2477 ταῖς
423 2414 772 2476 ὲπισκοπαῖς
800 2414 895 2468 καὶ
926 2414 1132 2476 οἰκίαις
1190 2416 1702 2485 συγχωσοὴσονται,
1759 2419 1855 2469 καὶ

280 2507 601 2577 αὑτάνδροις
630 2508 800 2576 φάναι
838 2508 959 2570 ταῖς
1017 2506 1229 2562 πόλεσι.
1290 2507 1404 2561 Καὶ
1446 2506 1593 2561 τοῦτ’
1638 2507 1703 2562 ἂν
1765 2507 1856 2576 εἴη

277 2598 604 2668 καθαίρεσις
632 2602 696 2651 ἐκ
716 2598 855 2653 Θεοῦ
905 2616 1062 2669 σφισι
1117 2598 1330 2665 δικαία,
1390 2600 1508 2653 ἀνθ’
1566 2594 1641 2654 ὧν
1702 2602 1856 2654 αὐτοὶ

278 2688 521 2743 καθεῖλον
551 2688 763 2754 ἀδίκως
802 2689 946 2761 ὑπὲρ
975 2690 1263 2754 εὐσεϐείας
1313 2692 1743 2762 ἀγωνισαμένων
1762 2693 1855 2761 ὀρ-

279 2783 380 2846 θῶς
411 2782 743 2836 ἐπισκόπων
772 2783 869 2836 καὶ⁸
900 2783 1292 2854 πρεσϐυτέρων
1336 2782 1430 2836 καὶ
1500 2783 1700 2850 σοφῶν,
1764 2784 1855 2834 καὶ

278 2876 384 2927 ὅσοι
404 2876 715 2945 ὀμότροποι
733 2872 833 2944 τὴν
859 2873 1164 2927 εὐσέϐειαν.
1197 2893 1216 2927 ›
1248 2874 1315 2927 At
1345 2874 1594 2943 quoniam
1627 2873 1681 2926 in
1718 2872 1854 2924 mul—

284 2976 382 3020 'am
427 2977 664 3030 noctem,
693 2973 752 3019 ut
786 2964 954 3033 vides,
985 2964 1306 3034 colloquium
1340 2975 1577 3019 nostrum
1603 2964 1857 3032 produwi-

282 3073 411 3119 ntus,
456 3065 772 3127 oportetque
808 3066 857 3111 te
902 3056 1210 3111 custodibus
1256 3057 1446 3110 nostris
1481 3056 1855 3109 dormientibus

279 3149 484 3201 domum
514 3149 672 3202 abire
692 3166 712 3212 ;
732 3165 850 3219 aqe,
875 3151 1038 3203 etiam
1063 3149 1128 3203 de
1162 3149 1359 3219 futuris
1394 3165 1567 3217 pauca
1600 3156 1858 3217 utcunque

281 3241 620 3292 disseramus.
649 3238 731 3292 Ea
759 3239 948 3308 quippe
988 3254 1080 3293 nec
1111 3248 1179 3305 te,
1208 3254 1298 3291 nec
1341 3254 1427 3291 eos
1467 3253 1597 3307 quos
1617 3237 1858 3289 aditurus

281 3346 351 3393 es,
373 3332 576 3384 amicos
594 3340 799 3385 nostros
814 3343 859 3386 et
888 3331 1129 3387 laborum
1152 3332 1342 3394 socios,
1385 3331 1629 3402 ignorare
1651 3346 1857 3399 aquam

283 3427 371 3482 est,
403 3435 468 3472 ne
487 3420 543 3472 in
568 3420 834 3474 incertum
863 3422 1062 3475 exitum
1083 3422 1344 3475 intuentes
1379 3421 1599 3487 ancipiti
1626 3436 1715 3487 spe
1752 3431 1860 3474 tora

284 3506 567 3573 quamini.
605 3506 741 3562 Cum
761 3524 854 3578 ego
870 3508 985 3575 jam
1020 3510 1076 3563 in
1117 3513 1252 3567 hunc
1285 3525 1546 3566 carcerem
1584 3516 1861 3585 'CulleClllS

284 3599 460 3665 forem,
491 3601 660 3654 incidi
692 3604 746 3654 in
785 3592 1373 3673 magnatl’tristitiam,
1423 3625 1486 3661 ac
1534 3607 1713 3663 dolore
1756 3610 1863 3661 cir-

285 3692 548 3761 cumfusus
594 3709 716 3747 sum
761 3697 998 3748 animum
1037 3713 1207 3750 nteant
1242 3700 1565 3754 vehementer
1602 3711 1864 3772 pungente

285 3786 330 3833 et
362 3784 744 3850 excruciante;
788 3801 891 3839 non
931 3789 1052 3856 quia
1096 3796 1206 3857 ipse
1251 3791 1507 3859 injuriant
1535 3803 1763 3860 paterer,
1807 3795 1863 3845 in

284 3876 570 3927 custodiam
595 3876 868 3943 inclusus;
894 3880 983 3932 sed
1005 3882 1129 3949 quia
1159 3881 1409 3935 adversus
1431 3899 1585 3937 sacra
1617 3883 1711 3937 Dei
1740 3885 1865 3957 dog-

284 3979 424 4020 mata
465 3969 730 4037 procellas
766 3966 872 4024 alte
922 3988 1196 4044 assurgere
1253 3990 1315 4027 ac
1372 3975 1562 4029 mullos
1629 3978 1864 4047 quotidie

284 4061 459 4111 vexari
507 4061 762 4127 viderem,
802 4071 850 4115 et
891 4062 1022 4118 alios
1078 4065 1285 4134 quidem
1337 4066 1558 4120 vinculis
1613 4069 1859 4131 coerceri,

284 4148 415 4204 alios
455 4152 744 4219 exsulare;
774 4155 911 4208 alios
951 4157 1172 4227 denique
1192 4159 1337 4228 fame
1365 4159 1596 4214 violenta
1629 4172 1675 4214 et
1701 4163 1860 4216 bos-o-

285 4255 397 4292 rum
445 4243 788 4313 ademptione
837 4248 982 4316 adigi
1023 4249 1093 4302 ad
1137 4264 1272 4318 genu
1328 4252 1641 4320 ﬂectendum
1684 4270 1861 4306 coram

285 4330 417 4384 idolo
446 4334 623 4398 Batti;
673 4335 820 4389 salus
869 4346 1045 4390 autent
1087 4339 1233 4393 nulla
1277 4354 1574 4411 appareret.
1618 4344 1710 4397 llis
1753 4356 1863 4398 tum

286 4424 691 4492 coyitationibus
737 4426 921 4496 plenus
972 4430 1327 4500 illacrgmavi,
1372 4443 1419 4487 et
1465 4436 1642 4489 multis
1689 4439 1860 4506 preci-

286 4515 373 4570 bus
408 4515 579 4572 Deum
632 4523 799 4573 oravi.
851 4519 1050 4576 Deinde
1082 4540 1202 4577 cum
1248 4527 1569 4595 resedissem,
1604 4537 1653 4582 et
1699 4531 1864 4593 capiti

286 4610 524 4662 dextram
567 4612 973 4680 supposuissem,
1022 4615 1120 4669 levi
1166 4634 1351 4671 somno
1399 4630 1669 4690 correptus
1703 4639 1859 4687 sum;

286 4712 348 4750 ac
388 4700 518 4753 mihi
564 4703 620 4754 in
657 4708 853 4758 somnis
892 4708 1095 4761 anticus
1134 4711 1350 4778 quidam
1388 4713 1526 4768 visus
1570 4724 1769 4780 astare,
1810 4726 1860 4768 et

2628 665 2681 716 in
2735 680 2846 732 ejus
2881 663 3047 716 locum
3098 663 3331 716 intrusus
3390 661 3528 715 alius

1949 761 2188 818 succedet
2216 777 2233 815 :
2256 768 2410 829 atque
2436 757 2517 811 hic
2544 755 2652 826 ipse
2676 770 2798 809 mox
2816 752 3037 807 similem
3070 750 3341 821 fortunam
3369 756 3535 819 expe—'

1952 858 2130 909 rietur.
2164 853 2461 922 Imperator
2486 866 2604 904 vero
2649 859 2698 902 et
2749 863 2952 901 summa
2995 855 3253 913 potestate
3290 846 3525 909 excidet,

1951 956 2000 1001 et
2033 946 2285 1015 afﬁcietur
2328 944 2484 997 variis
2506 941 2824 1012 ignominiis.
2868 942 3003 991 Ante
3035 947 3209 990 autem
3237 952 3392 1006 quam
3421 936 3531 988 Ita'c

1952 1038 2109 1105 ﬁant,
2137 1036 2411 1098 Palumas,
2439 1045 2623 1101 captus
2665 1050 2696 1085 a
2735 1030 3012 1093 Barbaris,
3044 1046 3145 1082 non
3194 1017 3342 1081 modo
3382 1042 3532 1080 acer-

1953 1130 2190 1201 bissima,
2238 1130 2328 1182 sed
2374 1138 2422 1181 et
2465 1126 2775 1196 turpissima
2833 1139 3083 1190 passurus
3135 1131 3233 1176 est.
3288 1120 3532 1188 Plerique

1953 1225 2075 1276 item
2122 1222 2506 1291 episcoporum,
2553 1218 2800 1271 Romanis
2822 1213 3100 1286 provinciis
3125 1213 3350 1268 violento
3377 1221 3532 1266 terra:

1954 1324 2099 1369 motu
2133 1314 2418 1378 concussis,
2460 1328 2577 1365 cum
2613 1310 2739 1378 ipsis
2789 1307 3176 1379 episcopatibus
3208 1317 3255 1359 et
3290 1303 3531 1357 domibus

1952 1417 2000 1460 et
2034 1408 2223 1461 civium
2264 1406 2427 1476 plenis
2469 1404 2704 1467 urbibus,
2732 1402 2908 1457 obruti
2945 1400 3260 1470 sepelientur
3305 1414 3323 1452 :
3367 1413 3533 1466 eaque

1955 1500 2060 1553 illis
2098 1500 2238 1566 iusta
2276 1497 2556 1552 sacerdotii
2591 1494 2870 1566 abrogatio
2908 1492 3155 1547 divinitus
3203 1489 3532 1559 rependetur.

1955 1607 2012 1644 eo
2039 1592 2177 1660 quod
2215 1590 2315 1656 ipsi
2356 1588 2607 1656 episcopis
2645 1596 2692 1640 et
2727 1585 3062 1663 presbyteris,
3112 1582 3334 1652 aliisque
3373 1581 3536 1634 doetis

1957 1692 2005 1737 et
2032 1684 2150 1751 pari
2179 1684 2371 1752 pietate
2400 1680 2689 1750 insignibus
2716 1678 2860 1741 viris,
2886 1678 2975 1746 qui
3005 1692 3097 1743 puto
3138 1692 3256 1729 vera
3289 1673 3537 1744 religione

1957 1773 2145 1827 bonum
2182 1782 2443 1827 certamen
2485 1776 2837 1835 certaverant,
2875 1785 3000 1823 suas
3045 1767 3328 1838 dignitates
3378 1771 3536 1820 abro-

1956 1868 2210 1939 gaverint.
2254 1887 2272 1916 ι
2314 1863 2439 1920 llaec
2488 1864 2554 1931 si,
2608 1872 2666 1917 ut
2707 1862 2851 1933 apud
2901 1862 3249 1917 Philotheum
3296 1868 3530 1925 exstant,

1960 1960 2031 2011 ita
2062 1973 2089 2011 a
2121 1956 2360 2026 Gregora
2395 1966 2687 2022 antequam
2729 1970 2816 2010 res
2847 1953 3160 2008 evenissent
3182 1950 3537 2024 pronuntiata

1959 2058 2088 2105 sunt
2118 2049 2193 2121 (id
2225 2049 2369 2118 quod
2406 2048 2616 2104 creditis
2649 2045 2893 2112 dillicile,
2918 2046 3028 2101 imo
3056 2043 3536 2114 prorsusincredi-

1956 2143 2061 2198 bile
2110 2144 2238 2207 est),
2286 2154 2409 2197 eum
2472 2147 2688 2210 oportet
2745 2138 3012 2194 divinitus
3061 2136 3325 2197 afﬂatum,
3354 2134 3537 2189 futura

1956 2234 2299 2306 prtescivisse
2326 2232 2460 2304 (18).
2489 2230 2584 2286 Sin
2618 2231 2905 2286 eventibus
2934 2229 3265 2300 posteriora,
3295 2228 3538 2298 perfecto

1953 2327 2064 2395 jam
2099 2326 2251 2398 operi
2276 2325 2344 2381 ab
2376 2325 2496 2395 ipso
2521 2331 2748 2379 auctore
2784 2332 2968 2393 assuta
2990 2321 3234 2387 fuerunt,
3258 2336 3382 2376 cum
3419 2336 3538 2374 rur-

1956 2433 2050 2494 sus
2094 2431 2319 2473 necesse
2368 2425 2472 2481 est,
2522 2431 2645 2471 cum
2679 2416 2792 2469 hzec
2822 2414 3107 2479 scriberet,
3140 2412 3535 2483 simpliciorum

1959 2515 2241 2569 hominum
2291 2512 2603 2583 credulitati
2649 2511 2883 2567 voluisse
2927 2509 3173 2564 illudere.
3232 2509 3402 2563 Porro
3434 2507 3538 2561 hoc

1954 2608 2175 2662 Videtur
2204 2606 2272 2662 ab
2308 2604 2527 2676 ingenio
2557 2614 2612 2660 et
2643 2603 2890 2659 moribus
2939 2603 3060 2675 ejus
3118 2602 3221 2655 viri
3274 2595 3532 2655 alienum.

1961 2700 2151 2769 Itaque
2181 2698 2342 2769 istius
2367 2696 2576 2753 fraudis
2598 2699 2805 2751 crimen
2838 2694 2891 2748 in
2929 2695 3220 2751 Palamitas
3246 2693 3394 2764 rejici
3421 2693 3534 2747 for—

1963 2767 2106 2846 tasse
2144 2767 2354 2859 inquitis
2407 2788 2500 2843 sit.
2556 2787 2774 2843 Minime
2818 2796 2968 2842 certe
3010 2786 3290 2855 probabile
3342 2795 3425 2840 est
3482 2786 3536 2840 id

1960 2883 2257 2954 Gregoram
2303 2881 2519 2949 fecisse,
2563 2880 2708 2951 quod
2743 2880 2812 2935 ab
2846 2880 2966 2933 aliis
3007 2878 3208 2934 factum
3236 2880 3535 2949 reprehen~

1960 2977 2121 3030 derit.
2168 2973 2549 3045 Reprehendit
2599 2982 2780 3029 autem
2828 2972 2882 3027 in
2919 2972 3151 3027 Historia
3204 2972 3315 3043 (l9)
3363 2972 3539 3029 Isido-

1962 3085 2081 3123 rum
2113 3067 2476 3139 patriarcham
2514 3067 2750 3137 propriis
2800 3066 3031 3121 somniis
3072 3067 3353 3148 intentum
3375 3077 3541 3135 atque

1903 3209 1923 3240 t.
1960 3177 2026 3216 cx
2059 3161 2123 3216 iis
2150 3161 2330 3216 futura
2366 3169 2767 3232 angurantem:
2798 3167 3120 3214 caeterorum
3152 3157 3539 3214 Palamitarum

1963 3252 2200 3308 visiones
2228 3260 2529 3308 nocturnas
2552 3249 2768 3305 diabolo
2796 3259 2852 3305 et
2871 3250 3107 3320 crapulae
3130 3248 3354 3306 ascribit
3380 3250 3492 3322 (20)
3520 3256 3563 3305 ι’

1962 3345 2162 3414 passim
2192 3343 2429 3414 denique
2468 3343 2789 3414 astrologos,
2835 3341 3092 3406 hariolos,
3124 3349 3179 3397 et
3210 3358 3304 3398 eos
3332 3344 3425 3412 qui
3450 3345 3539 3400 di-

1962 3437 2179 3492 vinandi
2215 3446 2383 3492 artem
2414 3436 2712 3507 quamlibet
2758 3435 3142 3504 proﬁteantur,
3190 3437 3423 3507 exagitat
3474 3455 3541 3493 ac

1964 3530 2174 3585 deridet
2216 3530 2352 3599 (‘21).

2033 3621 2153 3687 Quo
2183 3631 2429 3691 tempore
2454 3633 2509 3677 et
2539 3623 2631 3678 ubi
2663 3631 2719 3678 et
2749 3639 2854 3693 qua
2890 3624 3107 3679 tandem
3141 3634 3315 3680 morte
3334 3623 3539 3695 Grego-

1965 3732 2059 3781 ras,
2087 3730 2397 3785 supremum
2426 3715 2569 3771 diem
2599 3716 2873 3781 clauserit,
2922 3718 3166 3772 nondum
3207 3717 3337 3772 mihi
3382 3732 3537 3771 com~

1965 3816 2175 3876 pertum
2206 3816 2309 3862 est.
2334 3807 2573 3863 llismria
2607 3809 2825 3879 quidem
2852 3810 2970 3880 ejus
3010 3810 3306 3881 Byzantina
3336 3810 3402 3867 ad
3436 3826 3537 3864 an-

1965 3901 2097 3950 num
2144 3895 2348 3951 Christi
2384 3896 2527 3951 1559
2585 3897 2862 3953 ineuntem
2937 3897 3310 3967 progreditur;
3374 3905 3538 3967 atque

1965 3984 2095 4042 hinc
2120 3997 2396 4043 auctorem
2429 4003 2495 4044 eo
2543 3988 2664 4059 ipso
2700 4005 2847 4044 anno
2884 3988 3189 4045 decessisse
3227 3990 3375 4045 credi
3409 4005 3536 4058 pos-

1964 4082 2075 4134 sit:
2111 4081 2203 4145 sed
2229 4097 2291 4134 ea
2326 4076 2535 4136 tantum
2570 4082 2885 4152 conjectura
2939 4092 3042 4150 est,
3091 4098 3198 4137 non
3244 4098 3536 4154 argumen-

1966 4183 2079 4228 tum
2111 4174 2336 4229 omnino
2380 4185 2613 4229 certum.
2656 4174 2843 4245 Neque
2891 4190 3022 4230 vero
3067 4175 3222 4230 deest
3273 4176 3533 4245 suspicio,

1965 4265 2170 4320 idcirco
2202 4263 2496 4333 Gregoram
2547 4265 2613 4319 ad
2647 4281 2849 4319 annum
2899 4264 3101 4321 Christi
3164 4266 3299 4323 1559
3343 4268 3537 4322 narra-

1967 4361 2168 4416 tionem
2210 4358 2549 4428 perduxisse,
2576 4374 2682 4428 quo
2709 4359 2949 4414 haeretici
2977 4359 3205 4415 Palama:
3225 4360 3537 4432 phrenesim

1965 4465 2021 4509 ct
2047 4454 2250 4509 exitum
2281 4469 2348 4507 ex
2378 4453 2481 4507 hac
2515 4454 2623 4506 vita
2673 4452 3036 4507 lmdissimum
3084 4452 3141 4505 in
3196 4452 3304 4507 line
3357 4453 3540 4523 «peris

1965 4545 2333 4609 describeret;
2394 4554 2452 4598 ut
2512 4559 2672 4613 quem
2728 4544 2906 4599 virum
2954 4543 3169 4614 capitali
3220 4545 3295 4598 ira
3351 4544 3533 4599 vivum

1966 4642 2288 4708 persecutus
2340 4636 2537 4702 fuerat,
2575 4638 2631 4692 in
2672 4638 2793 4708 ejus
2822 4646 2999 4694 morte
3026 4638 3176 4692 velut
3222 4637 3398 4693 stadio
3440 4637 3539 4692 de-

1967 4746 2130 4786 curso
2159 4730 2334 4785 victor
2371 4731 2805 4799 conquiesceret.

288 4807 377 4845 ave
412 4795 614 4856 dicere,
653 4806 811 4865 atque
850 4807 905 4851 ut
948 4815 1008 4852 ne
1056 4802 1292 4856 animum
1337 4806 1707 4871 desponderent
1743 4809 1856 4861 ltOt-

2041 4823 2114 4878 Ea
2148 4822 2253 4877 fuit
2295 4795 2706 4887 Palami—tarum,
2744 4822 2799 4877 in
2838 4822 3028 4893 primis
3055 4821 3264 4879 Callisti
3306 4823 3540 4891 patriar-

290 4887 408 4939 tari.
447 4907 465 4936 ι
499 4886 669 4939 Deum
719 4890 936 4972 quippe,
964 4892 1152 4962 inquit,
1194 4894 1345 4963 cujus
1389 4912 1551 4951 causa
1585 4906 1678 4953 nos
1719 4898 1865 4955 labo-

288 4994 367 5031 res
403 4981 618 5045 fortiter
661 4980 873 5042 toleras,
906 4985 1319 5048 potentissimum
1361 4989 1518 5044 habes
1544 4992 1863 5061 adjutorem.

232 5116 241 5129 ,
290 5067 473 5138 Itaque
512 5072 604 5124 Itos
653 5087 787 5125 vera?
831 5073 955 5141 ﬁdei
1002 5070 1377 5147 persecutores,
1438 5099 1540 5137 non
1591 5103 1654 5140 ea
1697 5089 1865 5142 soluat

290 5178 400 5230 quia
437 5164 579 5217 vobis
619 5165 928 5227 intulerunt.
964 5173 1054 5221 sed
1096 5170 1248 5240 longe
1283 5175 1527 5242 graviora
1571 5179 1715 5234 mala
1751 5200 1870 5249 per-

292 5254 512 5317 ferentes
549 5254 746 5307 ridebis
782 5271 883 5308 non
929 5256 1084 5327 longo
1123 5271 1261 5329 post.
1299 5264 1436 5315 Nam
1490 5276 1535 5318 et
1580 5268 1869 5333 imperator

292 5344 610 5405 patriarcha:
642 5353 688 5395 et
713 5345 979 5413 episcopis,
1023 5356 1069 5399 et
1102 5348 1324 5418 episcopi
1355 5352 1454 5403 sibi
1485 5354 1703 5407 invicem
1746 5374 1869 5411 eva-

290 5432 403 5483 dent
436 5435 673 5499 inimici;
707 5440 913 5507 utrique
939 5453 1278 5510 utrorumque
1300 5447 1774 5512 anathematismis,
1822 5462 1869 5506 et

289 5525 393 5578 suis
430 5526 682 5596 prapriis,
727 5514 935 5583 obitoxii
994 5531 1324 5589 tenebuntur.
1372 5534 1484 5591 Sua
1525 5542 1643 5594 sede
1694 5554 1871 5597 catur-

360 5643 475 5713 (I8)
515 5642 842 5725 ifmdixerat
869 5644 1455 5726 Ca'ntacuzenohunum
1498 5669 1563 5708 ex
1591 5658 1868 5726 ejuslibc-

291 5712 363 5790 ris
413 5716 774 5790 moriturum};
830 5714 1141 5790 conjectura
1196 5722 1426 5787 scilicet,
1486 5712 1864 5786 non'diviiia-

292 5783 461 5858 tione.
494 5782 627 5858 Vitde
660 5784 801 5858 (list.
828 5782 1107 5853 libfxvm,
1135 5806 1185 5844 c.
1212 5792 1265 5858 4,
1297 5782 1430 5849 sect.
1459 5794 1515 5849 2.

358 5856 472 5921 (te)
512 5852 648 5907 Hist.
684 5855 779 5910 lib.
814 5873 966 5921 xw”,
1007 5874 1057 5912 c.
1089 5852 1137 5911 l.

360 5925 472 5991 (‘20)
506 5924 626 5996 μί).
671 5941 782 5990 ut,
815 5943 866 5981 c.
906 5929 1037 5992 ull.;
1074 5929 1168 5984 lib.
1206 5947 1327 5995 xxv,
1355 5955 1403 5993 ο,
1443 5941 1542 5996 ull.

360 5996 475 6066 (21)
505 5992 618 6048 Lib.
645 6010 720 6061 ιχ,
757 6013 807 6050 c.
846 5998 936 6062 ll;
972 5999 1064 6052 lib.
1100 6016 1210 6066 xw,
1243 6018 1292 6058 c.
1316 5992 1507 6073 ‘8,’etc_.

578 6095 843 6157 PATROI.
876 6101 987 6157 Gn.
1039 6100 1337 6166 CXLVEII

1970 4914 2108 4981 chaa,
2156 4914 2552 4981 inhumanitas,
2590 4923 2649 4970 ut
2683 4914 2774 4983 qui
2806 4915 2874 4969 ab
2918 4930 3110 4970 eorum
3151 4915 3541 4970 communione

1970 5007 2208 5076 separati
2237 5007 2518 5073 vixissent,
2549 5022 2647 5062 eos
2680 5015 2800 5077 post
2827 5015 3057 5061 mortem
3091 5006 3394 5077 insepultos
3419 5022 3542 5077 pro-

1966 5094 2057 5164 jici
2085 5094 2362 5164 juberent,
2401 5097 2631 5152 canibus
2660 5106 2715 5152 et
2743 5096 2883 5167 lupis
2925 5097 3120 5166 prada;
3150 5097 3365 5152 futuros
3401 5098 3536 5169 (ἓξ).

1970 5184 2124 5253 Quod
2155 5186 2199 5241 si
2240 5188 2352 5256 qui,
2390 5187 2696 5243 communis
2730 5198 2934 5252 natura:
2970 5190 3299 5244 w-recundia
3335 5202 3387 5243 et
3432 5192 3538 5245 mi-

1970 5278 2246 5332 seratione
2304 5279 2559 5349 permoti,
2615 5278 2828 5332 illorum
2891 5294 3120 5349 corpora
3197 5280 3537 5341 humassent.

1976 5385 2173 5423 novum
2212 5374 2417 5424 crimen
2457 5371 2619 5426 simili
2649 5387 2809 5440 paena
2839 5372 3110 5426 luebatur.
3147 5372 3276 5426 Eam
3309 5372 3535 5442 ignomi-

1974 5461 2114 5515 niam
2143 5462 2419 5517 Palamitte
2448 5465 2558 5532 (25)
2580 5465 2905 5536 jampridem
2948 5464 3254 5535 Nicephoro
3286 5466 3541 5535 Gregorii:

1972 5555 2431 5613 denuntiaverant
2463 5559 2592 5629 (ει).
2640 5556 2777 5613 lluic
2820 5568 3000 5613 autem
3047 5556 3448 5627 Optatissimum
3485 5556 3537 5611 ia

2038 5672 2151 5740 (22)
2198 5672 2319 5728 Lib.
2350 5691 2500 5739 XVIII,
2534 5691 2584 5730 c.
2621 5675 2673 5728 l.

2039 5745 2153 5811 (Ξό)
2195 5742 2317 5797 Lib.
2351 5760 2499 5799 χειν.

2039 5813 2151 5885 (2i)
2192 5816 2269 5868 Ac
2292 5816 2397 5885 ipsi
2428 5817 2590 5871 etiam
2623 5816 2854 5884 lgnatio,
2892 5814 3214 5885 patriarchae
3244 5814 3541 5869 Antioche-

1964 5884 2057 5936 no.
2099 5885 2228 5957 Vide
2281 5884 2439 5942 .loan.
2469 5884 3309 5957 Cyparissiotaml’alamicarum
3366 5891 3542 5938 πριιιι-

1965 5956 2306 6022 ενοδδίοηιιηι
2341 5971 2507 6011 serui.
2548 5966 2595 6022 l,
2626 5974 2671 6011 c.
2709 5959 2810 6011 ult.

3177 6104 3209 6163 Ξ).
