4002 6622
413 439 483 504 43
1480 445 1528 505 Ν
1537 435 1896 507 ΙῧΕΡΗὈΡιΙ
1941 449 1984 506 G

2087 449 2326 512 eone
2366 450 2638 546 ornus.
3598 457 3664 521 tt

415 560 556 616 erat,
587 550 652 605 ad
681 551 924 624 martyrii
968 553 1200 623 palmam
1235 555 1520 625 aSpiranti.
1557 553 1744 624 Itaque
1786 564 1843 610 et
1888 555 1990 609 hoc
2019 563 2062 617 Α
2095 567 2294 625 sterus,
2327 565 2602 630 pertinax,
2641 561 2920 633 principes
2964 578 3115 634 aeque
3165 579 3226 619 ac
3271 565 3508 636 privatos
3558 567 3664 622 lin-

413 653 612 726 prteter
641 643 742 698 alia
797 645 1170 716 Agathangelo
1216 655 1555 718 praeceperat
1587 646 1724 719 (25),
1770 655 1830 700 ut
1862 661 1986 701 cum

413 748 538 788 sese
599 741 873 788 mortuum
927 733 1172 804 ferisque
1226 737 1535 806 expositum
1596 745 1989 805 conspecturus

413 833 591 890 esset,
621 827 770 878 omni
824 840 1050 894 prorsus
1107 827 1389 882 cadaveris
1445 826 1706 881 humandi
1757 843 1886 882 cura
1933 835 1989 883 et

412 917 561 973 inani
605 918 793 973 labore
840 920 1247 988 supersederet.
1301 919 1472 976 Porro
1513 931 1566 976 et
1607 919 1987 976 Palamitarum

416 1017 574 1071 mime
617 1026 674 1071 et
727 1017 980 1090 Gregora:
1027 1029 1154 1074 vota
1209 1020 1477 1075 hactenus
1530 1030 1649 1075 rata
1715 1021 1985 1075 fuerunt:

382 1155 386 1160 .
416 1110 773 1177 Spectandmn
804 1111 941 1165 illud
969 1127 1156 1180 corpus
1183 1113 1373 1183 magni
1401 1112 1526 1182 ﬁdei
1565 1128 1700 1166 verre
1732 1111 1986 1181 prwconis

415 1199 614 1272 [inquit
659 1203 1054 1274 Cyparissiotes
1080 1203 1218 1276 βω]
1267 1205 1358 1258 diu
1404 1204 1630 1257 ludibrio
1669 1202 1905 1256 habitum
1940 1212 1988 1256 et

413 1293 817 1361 circumlatum;
857 1297 976 1367 ejus
1007 1313 1189 1366 nempe
1221 1297 1340 1362 viri,
1373 1313 1472 1368 quo
1511 1313 1602 1351 nec
1630 1297 1772 1350 inter
1813 1297 1988 1365 philo—

411 1387 596 1446 sonhos
626 1387 900 1456 quisquam
923 1388 1280 1452 excellentior,
1315 1405 1406 1443 nec
1437 1389 1572 1442 inter
1599 1399 1800 1443 ascetas
1831 1389 1992 1444 disci.

410 1475 572 1543 plime
603 1479 993 1544 observantior;
1017 1496 1109 1533 nec
1140 1480 1193 1534 in
1219 1480 1464 1534 obeundis
1487 1498 1580 1550 pro
1603 1480 1852 1553 religione
1875 1498 1989 1536 cer-

413 1569 718 1637 taminibus,
750 1586 840 1624 nec
861 1571 913 1624 in
948 1573 1011 1626 iis
1039 1573 1224 1642 quibus
1266 1581 1548 1628 tentatores
1583 1590 1700 1627 eum
1731 1582 1988 1628 vexarunt

412 1661 878 1726 persecutionibus.
934 1663 1296 1729 contumeliis,
1353 1666 1681 1732 carcerisque
1731 1665 1988 1736 angustiis

415 1755 701 1810 tolerandis
733 1759 1062 1811 constantior
1086 1759 1220 1830 fuit;
1251 1759 1556 1813 admirandi
1597 1759 1814 1830 inquam
1843 1759 1987 1814 illius

415 1845 694 1916 Nicepltori
736 1847 998 1918 Gregora',
1041 1852 1104 1904 de
1145 1867 1246 1920 quo
1290 1866 1382 1920 per
1434 1861 1712 1921 utramque
1752 1850 1989 1922 appella—

413 1942 606 1996 tionem
643 1941 777 1995 m'hit
805 1941 940 1996 Deus
969 1941 1118 1996 aliud
1143 1921 1482 2014 signiﬁcavit,
1528 1944 1631 1997 nisi
1659 1959 1776 1997 eum
1808 1944 1984 1997 animo

409 2037 554 2106 vigili
585 2047 633 2092 et
665 2049 966 2108 experrecto
995 2039 1242 2093 victorias
1274 2039 1338 2092 ab
1371 2038 1601 2093 hostibus
1634 2036 1868 2091 veritatis
1899 2051 1984 2090 re-

411 2139 763 2194 portaturum.
787 2130 900 2186 lloc
923 2132 1100 2203 elogio
1124 2139 1398 2187 mortuum
1427 2129 1725 2200 Gregoram
1754 2128 1986 2183 ornabat

411 2217 652 2274 Joannes
679 2219 1104 2292 Cyparissiotes;
1148 2235 1211 2275 ex
1263 2219 1418 2290 cujus
1465 2218 1658 2290 grandi
1709 2218 1985 2273 volumine

411 2309 748 2380 Παλαμικῶν
774 2310 1143 2382 παραόάσεων
1170 2311 1336 2366 libros
1361 2311 1500 2366 duos
1532 2295 1766 2366 sclectos
1795 2310 1986 2364 Latine

411 2403 596 2463 vertit,
629 2413 684 2457 et
711 2403 764 2456 in
791 2403 968 2458 lucem
995 2403 1209 2474 primus
1235 2403 1428 2468 edidit,
1468 2403 1532 2458 Β.
1564 2401 1626 2458 Ρ.
1664 2401 1988 2459 Franciscus

410 2493 792 2550 Combetisins.

483 2587 736 2658 Gregorae
770 2587 898 2642 vitia
948 2587 1149 2658 (neque
1193 2586 1341 2640 enim
1397 2587 1513 2658 ejrts
1565 2588 1842 2658 scriptoris
1877 2597 1984 2644 tam

413 2681 598 2750 inepte
628 2695 748 2735 sum
789 2679 988 2744 fautor,
1025 2679 1270 2769 ut\nulla
1301 2679 1561 2735 habuisse
1598 2696 1721 2734 eum
1759 2690 1985 2736 conten-

415 2761 574 2844 dam)
599 2773 834 2828 maxime
881 2761 1176 2841 conspicua
1207 2771 1323 2826 haec
1367 2771 1606 2827 fuerunt.
1655 2773 1845 2842 Asper,
1895 2789 1989 2827 au.-

485 2909 599 2980 (25)
643 2907 780 2963 Hist.
793 2948 806 2974 ,
834 2907 928 2964 lib.
961 2923 1126 2963 xxvu.

2091 667 2208 721 sua:
2240 653 2536 726 petulantia
2569 653 2801 709 oll’endit
2832 672 2844 708 :
2883 655 3264 726 philosophus,
3298 657 3481 712 animo
3520 659 3659 714 haud

2090 743 2380 814 imperarit
2407 763 2421 800 :
2451 746 2763 808 historicus,
2793 747 3031 817 partium
3057 748 3312 804 aﬂcctum
3337 765 3444 803 non
3473 750 3622 805 exuit
3647 770 3661 806 :

2091 836 2276 908 gloria:
2305 837 2542 908 denique
2571 839 2865 906 cupiditate
2903 849 2960 893 et
3009 855 3195 894 amore
3231 840 3313 894 sui
3364 840 3534 911 ipsius
3579 841 3662 895 nio

2090 926 2201 980 mio
2245 927 2532 985 laboravit.
2581 929 2740 983 Plura
2789 930 2844 984 in
2893 930 3032 1001 stylo
3077 929 3561 999 reprehendenda;
3607 935 3661 985 in

2091 1013 2281 1083 primis
2311 1017 2633 1087 κακοζηλία,
2673 1034 2767 1073 seu
2809 1019 3096 1074 ambitiosa
3129 1021 3411 1092 elegantiae
3437 1021 3664 1077 allecta-

2091 1107 2200 1172 tio;
2236 1110 2444 1178 poetica
2473 1111 2763 1164 verborum
2800 1110 3078 1178 luxuries;
3113 1112 3295 1184 ﬁgurae
3325 1113 3660 1178 insolentes;

2091 1199 2418 1270 hyperbata;
2449 1203 2651 1256 crebrae
2678 1218 2785 1256 non
2813 1205 2974 1258 modo
2993 1203 3305 1270 verborum,
3328 1205 3421 1260 sed
3445 1214 3500 1260 et
3532 1222 3661 1260 sen-

2052 1297 2059 1303 '
2091 1291 2382 1345 tentiarum
2403 1289 2780 1362 repetitiones.
2809 1291 2964 1356 Quod
2988 1291 3032 1346 si
3059 1291 3454 1346 conferendum
3473 1306 3662 1346 exem-

2091 1383 2240 1452 plum
2281 1393 2384 1446 est,
2423 1385 2476 1438 in
2526 1384 2682 1438 libris
2723 1383 2968 1454 ejusdem
3027 1387 3332 1456 argumenti
3383 1383 3662 1438 historicis

2090 1475 2506 1532 Cantacuzcnus
2539 1476 2695 1546 longe
2731 1484 2976 1546 prastat.
3009 1475 3066 1529 ln
3098 1475 3444 1545 chronologia
3480 1485 3660 1529 tamen

2089 1565 2356 1640 Grc-geras
2381 1568 2690 1639 diligentior
2719 1585 2732 1622 :
2768 1567 2878 1622 imo
2901 1571 3046 1638 apud
3071 1567 3512 1623 Cantacuzcuum
3549 1567 3661 1621 fere

2091 1661 2262 1714 nulla.
2293 1659 2710 1716 Cantacuzenus
2735 1660 2980 1730 quaedam
3009 1659 3223 1714 videtur
3249 1659 3498 1712 consulto
3527 1659 3663 1712 omi-

2091 1756 2248 1820 sisse,
2300 1771 2420 1825 qua:
2453 1755 2720 1827 Gregoras
2772 1756 2918 1810 haud
2968 1755 3336 1826 praetermisit.
3385 1753 3660 1823 Ejusmodi

2092 1857 2221 1902 sunt
2250 1862 2314 1901 ea
2339 1862 2460 1917 qua:
2491 1846 2580 1902 hic
2605 1855 2794 1900 narrat
2821 1845 2888 1900 de
2918 1843 3188 1916 Synadeni
3223 1857 3348 1912 erga
3381 1831 3660 1896 Andronil

2021 1910 2062 1966 Β
2094 1953 2218 1993 cum
2246 1910 2522 1992 seniorem
2559 1910 2982 1998 inhumanitate,
3024 1935 3092 1990 de
3122 1910 3348 1987 Joannis
3379 1929 3662 2001 Palaaologi

2089 2031 2391 2106 natalibus,
2422 2031 2490 2086 de
2523 2030 2715 2102 legatis
2753 2045 2783 2085 a
2817 2029 2960 2100 Papa
2991 2025 3498 2094 Constantinopolin
3532 2023 3664 2076 mis-

2091 2125 2187 2190 sis,
2216 2131 2271 2178 et
2302 2123 2403 2178 alia
2439 2123 2749 2178 innumera.
2778 2121 2924 2189 Haec,
2967 2121 3214 2190 inquam,
3243 2117 3425 2172 omnia
3457 2115 3663 2186 Grego-

2092 2233 2200 2284 ras,
2231 2216 2324 2286 qui
2357 2231 2460 2272 nec
2495 2217 2671 2271 illatas
2715 2231 2743 2270 a
2793 2215 3046 2269 Barbaris
3095 2211 3281 2268 clades
3329 2208 3658 2266 dissimulat.

2101 2311 2518 2366 Cantacuzenus
2551 2325 2680 2364 vero
2710 2324 2811 2363 nec
2845 2307 2912 2363 de
2945 2305 3256 2362 Nicomedia
3289 2302 3508 2372 quidem
3565 2308 3658 2354 aut

2091 2403 2159 2458 de
2193 2403 2372 2458 Nicaza
2416 2403 2534 2474 ipsa
2584 2404 2782 2457 amissa
2831 2400 3164 2455 mentionem
3200 2395 3346 2452 fecit.
3387 2394 3484 2448 llic
3513 2393 3658 2448 solas

2089 2495 2492 2564 quodammodo
2530 2510 2617 2550 res
2647 2492 2994 2566 Byzantinas,
3033 2501 3222 2545 noster
3269 2487 3432 2542 etiam
3479 2494 3658 2538 exter-

2090 2603 2188 2643 nas
2222 2587 2458 2642 Historia
2497 2603 2596 2642 sua
2630 2587 2950 2657 complexus
2975 2593 3074 2642 est.
3117 2583 3356 2654 Uterque
3391 2579 3551 2651 igitur
3579 2575 3659 2632 ιο-

2090 2681 2297 2752 gendus
2331 2691 2383 2735 et
2415 2681 2552 2736 alter
2578 2695 2644 2734 cx
2677 2681 2849 2735 altero
2873 2679 3226 2750 supplendos.

2148 2908 2272 2978 (26)
2313 2907 2518 2962 Palam.
2551 2915 2879 2978 transgress.
2907 2919 3074 2961 serm.
3107 2906 3166 2969 4,
3198 2919 3320 2975 cap.
3357 2903 3410 2958 l.

1729 3183 1732 3186 λ
1812 3115 2245 3255 OPERA.

485 3318 719 3389 Scripsit
783 3316 1054 3388 Grcgoras
1119 3315 1386 3388 permulta
1447 3313 1610 3368 varias
1661 3305 2054 3373 eruditionisc
2094 3313 2329 3382 theolog.
2383 3312 2504 3366 174.
2536 3311 2670 3367 Vide
2715 3321 2768 3368 et
2815 3311 3050 3369 indicem
3110 3311 3457 3384 prologorum
3517 3313 3662 3372 inter

413 3412 696 3483 opuscula,
732 3425 966 3482 quorum
997 3424 1168 3480 pauca
1199 3407 1341 3481 typis
1383 3406 1681 3470 mandata;
1717 3403 1975 3474 pleraque

415 3511 598 3557 autem
637 3508 860 3556 exstant
899 3500 1269 3570 manuscripta
1290 3500 1346 3552 in
1368 3496 1648 3552 codicibus
1685 3492 1980 3557 Vaticanis,

412 3593 696 3657 tlmsareis,
727 3591 1194 3656 Scorialensibus,
1221 3589 1590 3653 Baroccianis,
1620 3595 1674 3641 et
1697 3585 1818 3639 aliis
1848 3586 1986 3639 mul-

415 3688 504 3752 tis,
535 3695 594 3741 ut
618 3683 819 3756 Regios
853 3685 1044 3740 sileam
1079 3699 1094 3737 :
1126 3683 1373 3751 quaedam
1405 3682 1536 3736 item
1573 3679 1827 3733 videntur
1850 3689 1984 3734 tem-

413 3767 560 3850 po‘ris
584 3777 731 3849 longi
763 3777 964 3848 injuria
992 3775 1349 3852 intercidisse.
1384 3773 1582 3828 Eorum
1605 3771 1716 3826 fere
1738 3771 1981 3826 omnium

412 3872 658 3927 notitiam
697 3869 850 3924 dabit
881 3869 1045 3924 index
1081 3866 1413 3928 uberrimus,
1450 3880 1517 3920 ex
1553 3864 1618 3917 Β.
1657 3861 1718 3918 Ρ.
1753 3863 1814 3917 D.
1860 3861 1988 3915 Ber-

412 3962 568 4018 uardi
599 3961 710 4033 (27)
743 3961 982 4026 schedis,
1013 3961 1186 4015 Roma
1214 3958 1282 4014 ad
1312 3971 1414 4012 nos
1444 3953 1802 4019 transmissis,
1837 3962 1891 4008 et
1915 3969 1982 4008 ex

410 4057 578 4111 variis
622 4055 875 4110 codicum
911 4051 1416 4121 manuscriptorum
1457 4046 1717 4117 catalogis
1764 4044 1986 4100 concin-

413 4156 596 4201 natus.
629 4145 788 4198 Hunc
823 4151 881 4197 tu
913 4155 1098 4210 quaeso
1132 4139 1392 4204 indicem,
1419 4135 1600 4190 Abbas
1625 4135 1981 4194 nobilissime,

410 4235 764 4308 quantumvis
787 4235 1028 4305 longum,
1056 4239 1228 4287 totum
1251 4228 1424 4284 oculis
1444 4240 1726 4298 percurre.
1752 4225 1811 4279 In
1834 4233 1983 4279 tanta

411 4330 674 4385 librorum
705 4326 882 4396 copia,
909 4333 1046 4394 quot
1093 4323 1180 4377 hic
1211 4319 1420 4376 videbis
1463 4327 1838 4383 enumeratos,
1877 4317 1985 4370 erit

413 4423 578 4476 credo
628 4419 830 4488 aliquid
877 4416 1022 4486 quod
1057 4415 1176 4484 ipso
1207 4421 1529 4484 argumento
1561 4408 1806 4479 placeat;
1837 4406 1979 4477 quod

411 4513 672 4567 amissum
711 4509 930 4571 doleas;
972 4507 1120 4577 quod
1149 4520 1214 4561 ex
1259 4501 1712 4559 bibliothecarum
1757 4497 1981 4568 pulvere

410 4606 530 4660 erui
558 4603 766 4672 cupias.
805 4601 986 4656 Erunt
1025 4599 1186 4653 etiam
1239 4597 1418 4666 aliqua
1457 4593 1710 4657 fortasse,
1746 4606 1978 4660 quorum

2088 3403 2346 3473 upuscula
2381 3403 2668 3458 rhetorica.

2157 3493 2378 3563 Ἀρίστη
2433 3493 2656 3562 ἐπιλογὴ
2692 3493 2850 3546 θείων
2887 3494 3052 3547 τινῶν
3109 3493 3321 3564 ῥήσεων
3351 3495 3444 3550 τοῦ
3477 3513 3684 3566 μακατ

2091 3583 2206 3653 ρίου
2237 3585 2326 3636 καὶ
2364 3585 2614 3652 γενναίου
2657 3582 2804 3650 Ἰὼϐ,
2851 3584 3263 3657 συμϐαλλομένη
3326 3589 3488 3650 παντὶ
3518 3588 3654 3658 Χρι-

2086 3675 2288 3744 cev.an
2345 3679 2426 3740 εἰς
2477 3677 2766 3744 ὠφέλειαν.
2819 3677 3058 3744 Optimus
3107 3678 3336 3733 delectus
3378 3697 3655 3734 sacrarum

2083 3769 2418 3838 quarundam
2453 3771 2832 3824 sententiarum
2875 3770 3015 3824 beati
3045 3779 3092 3824 et
3123 3769 3276 3839 fortis
3309 3771 3446 3834 Jobi,
3491 3773 3654 3826 cuiuis

2084 3863 2386 3917 Christiano
2429 3862 2760 3940 utilissimus.
2815 3862 3060 3929 Initium,
3117 3865 3226 3918 Kal.
3275 3866 3488 3932 ἐγένετο
3516 3865 3650 3938 ὼςή

2084 3957 2271 4026 ἡμέρα
2297 3955 2461 4024 αὕτη,
2496 3957 2589 4009 καὶ
2621 3956 2732 4008 ἰδοὺ
2763 3951 2924 4026 ἦλθον
2951 3959 2998 4008 oi
3025 3955 3244 4023 ἄγγελοι
3274 3955 3367 4008 τοῦ
3387 3955 3520 4009 Θεοῦ
3549 3973 3654 4009 ποι-

2085 4051 2360 4120 ραστῆναι
2391 4048 2620 4101 ἐνώπιον
2646 4048 2738 4102 τοῦ
2778 4048 3006 4118 Κυρίου.
3041 4049 3176 4104 Cod.
3213 4048 3410 4104 Caesar.
3443 4047 3651 4103 Vindo-

2088 4141 2216 4195 bon.
2257 4142 2492 4213 theolog.
2532 4143 2650 4196 174.

2097 4241 2105 4279 7
2697 4230 3024 4302 Dogmatica.

2153 4321 2499 4376 Antirrhetici
2527 4332 2574 4377 et
2591 4321 2901 4378 Steliteutici
2929 4323 3148 4392 priores.
3177 4321 3485 4392 Scripserat
3516 4321 3650 4378 Gre-

2085 4431 2243 4484 goras
2291 4415 2459 4470 libros
2510 4415 2562 4469 in
2593 4415 2824 4470 Palama:
2887 4414 3292 4478 Antirrlteticos,
3358 4427 3648 4485 antequam

2081 4502 2494 4559 Cantacuzenus
2550 4504 2777 4573 imperio
2820 4505 3026 4574 potitus
3071 4517 3216 4558 esset
3259 4505 3396 4575 (‘28),
3439 4516 3500 4560 ut
3531 4507 3648 4573 ipse

2085 4603 2334 4661 testatur,
2363 4595 2614 4650 Historia:
2644 4596 2784 4650 libro
2825 4611 2927 4650 xxv
2960 4597 3094 4664 (‘29,.
3125 4596 3228 4650 Eos
3257 4597 3442 4651 decem
3477 4599 3648 4653 fuisse

406 4669 675 4766 iacturam
708 4694 863 4748 facile
893 4693 1056 4747 feras.
1089 4689 1222 4745 Mihi
1269 4688 1491 4758 quidem
1536 4687 1798 4742 librorum
1833 4694 1979 4740 cata~
2012 4669 2057 4724 θ
2082 4687 2287 4741 indicat
2315 4686 2415 4742 hoc
2439 4702 2805 4756 programma,
2827 4673 3002 4741 codici
3037 4687 3296 4742 Vaticano
3325 4690 3600 4758 pradixum
3631 4707 3644 4742 :

406 4790 562 4859 logos
604 4784 898 4856 perlegisse
931 4785 1034 4839 hoc
1063 4797 1208 4852 saepe
1231 4779 1534 4854 jucundum
1571 4779 1694 4843 fuit,
1723 4769 1869 4848 quod
1909 4791 1973 4832 ex

410 4879 478 4934 iis
509 4875 874 4932 intellexerim
907 4875 1096 4929 deesse
1119 4873 1253 4928 mihi
1286 4871 1481 4937 multa,
1509 4869 1595 4925 vel
1629 4869 1865 4936 inutilia,
1892 4865 1977 4922 vel

407 4969 572 5022 etiam
610 4963 771 5018 mala.

991 5052 1166 5123 Opera
1195 5051 1403 5106 biblica.

481 5145 558 5198 De
589 5161 834 5199 mensura
867 5152 1020 5198 Arce
1054 5133 1192 5206 N‘oe',
1224 5159 1286 5198 ea:
1319 5142 1564 5213 Origene.
1599 5141 1733 5198 Cod.
1762 5141 1986 5197 Barocc.

409 5237 500 5292 48.
537 5237 622 5292 19.

479 5329 564 5383 Ea:
589 5329 850 5398 praplwtis
875 5329 1160 5397 majoribus
1181 5337 1230 5382 et
1245 5327 1534 5384 minoribus
1559 5328 1702 5381 dicta
1720 5335 1984 5394 excerpta,

411 5439 528 5476 cum
548 5422 762 5492 prologo
785 5433 835 5475 et
852 5423 1267 5478 commentariis.
1287 5421 1420 5477 Cod.
1439 5419 1636 5476 Caesar.
1665 5418 1976 5475 Viudobon.

503 5603 595 5670 27)
637 5604 710 5658 De
738 5603 1106 5663 Montiaucon.

503 5607 595 5670 27)
637 5607 710 5658 De
738 5607 1106 5663 Montfaucon.

484 5607 596 5746 E28)
630 5673 742 5746 H_oc
772 5683 882 5746 est,
910 5686 1036 5729 ante
1059 5689 1259 5730 annum
1296 5674 1453 5746 1:147.

484 5741 596 5812 (29)
650 5743 980 5800 Eorumdem
1011 5746 1262 5801 meminit
1317 5743 1458 5799 Hist.
1491 5743 1586 5798 lib.
1645 5759 1795 5808 mu,
1839 5758 1886 5796 c.
1920 5741 1971 5806 '7,

411 5832 457 5873 δ.
496 5811 565 5887 2;
606 5813 700 5887 lib.
734 5831 891 5882 xxiii,
925 5832 1047 5887 pag.
1079 5816 1217 5882 697;
1255 5815 1346 5887 lib.
1371 5829 1602 5887 xxrv,p.
1629 5814 1731 5887 798
1761 5823 1816 5887 et
1845 5811 1968 5865 7l5.

485 5885 600 5957 (50)
629 5884 705 5939 Ita
734 5887 855 5942 cod.
897 5883 1138 5942 Vaticani
1171 5885 1380 5943 titulus.
1421 5888 1490 5939 At
1527 5884 1602 5939 illi
1629 5885 1752 5939 libri
1784 5883 1839 5939 in
1875 5899 1968 5938 c0-

2093 4777 2260 4841 Πίναξ
2287 4777 2395 4829 τῶν
2411 4777 2747 4844 ἐκλεγέντων
2770 4780 2832 4831 ἐκ
2857 4777 2956 4846 τῆς
2979 4778 3208 4832 καθόλου
3243 4780 3480 4848 ἱστορίας
3517 4781 3650 4832 Ῥω-

2091 4867 2306 4938 μαῖκῆς
2362 4867 2534 4935 λόγων
2571 4867 2664 4920 τοῦ
2705 4869 2981 4939 Γρηγορᾶ,
3033 4869 3126 4921 καὶ
3176 4870 3530 4923 συντεθέντων
3565 4875 3649 4922 ἐν·

2085 4959 2258 5012 ταὺοα
2303 4960 2414 5021 τοῖς
2439 4957 2820 5012 ΠΡΟΤΕΡΟΙΣ
2847 4957 3010 5010 αὑτοῦ
3041 4959 3220 5010 ΔΕΚΑ
3268 4959 3380 5029 (50)
3411 4961 3650 5014 ANTIP-

2087 5046 2437 5101 ΡΗΤΙΚΟΙΣ.
2492 5049 2572 5112 Μ,
2603 5058 2685 5104 est
2721 5066 2734 5101 :
2772 5046 2940 5101 Index
2981 5045 3236 5102 librorum
3285 5049 3528 5120 Gregorn'
3586 5067 3650 5104 es

2086 5138 2322 5210 generali
2371 5139 2602 5192 Historia
2653 5139 2890 5192 Romana
2931 5136 3260 5203 selectorum,
3293 5149 3341 5193 et
3373 5158 3487 5194 cum
3529 5144 3648 5195 1).":-

2085 5229 2234 5284 CEdl
2271 5231 2383 5299 ejus
2412 5230 2790 5288 PRIORIBUS
2819 5232 3380 5288 ANTIRRHETICIS
3421 5236 3503 5288 hic
3527 5252 3648 5288 cun-

2077 5322 2407 5390 junctorum.
2434 5321 2504 5376 At
2535 5322 2589 5375 in
2622 5322 2938 5377 Colvilliano
2985 5325 3342 5380 Scorialensis
3363 5327 3648 5382 bibliothe-

2079 5431 2156 5470 ca:
2179 5417 2425 5488 catalogo
2451 5417 2560 5488 («51)
2617 5414 2731 5486 (qui
2760 5413 2812 5469 in
2845 5415 3230 5473 Mediolanensi
3280 5433 3377 5474 seu
3409 5420 3646 5474 Ambro-

2086 5599 2203 5654 dice
2227 5601 2345 5669 ipso
2368 5599 2769 5661 desiderantur.

2155 5671 2265 5740 (5t)
2306 5671 2478 5738 Cujus
2521 5684 2752 5741 partem,
2785 5687 2850 5728 ex
2881 5687 2981 5728 ms.
3025 5673 3370 5728 bibliotheca
3415 5673 3651 5728 Ambro-

2083 5740 2249 5812 siana:
2271 5741 2457 5812 codice
2477 5741 2825 5812 descriptam,
2843 5745 3264 5800 communicavit
3287 5761 3497 5800 mecum
3523 5743 3643 5799 Fri-

2081 5811 2296 5866 dericus
2327 5810 2696 5882 Rostgardius.
3366 5811 3378 5826 “
