4002 6628
431 435 503 490 5)
951 487 985 496 _
1459 433 1875 496 NICEFHORI
1920 434 2074 494 GR}:

951 487 990 512 ἢ

2081 434 2306 494 CORE
2350 436 2458 495 12L!
2477 435 2651 492 iam.
3051 465 3059 475 -
3617 437 3722 495 co‘

431 550 528 602 τοῦ
563 550 741 620 ψυχὴν
777 552 1159 620 εἰργασμένος,
1189 552 1530 619 εὐδαιμονεῖν
1557 551 1703 618 ἔχεις
1732 553 1796 619 τῇ
1837 567 2016 618 μακα-

2123 549 2275 602 nibus
2329 561 2375 603 et
2401 551 2627 618 argutiis
2681 546 3015 616 (arti/iiiosas
3052 550 3163 602 dico
3192 551 3692 615 (ttt;ttn:0nlutiutu’s,

436 641 647 708 ριὸτητι
683 641 790 693 τῶν
841 642 1100 710 νοήσεων.
1147 643 1304 696 Ἐπεὶ
1359 642 1415 694 δὲ
1461 642 1640 711 ψυχὴν
1691 644 1804 703 τοῖς
1851 642 2014 703 θείοις

440 731 608 782 εἴδεσι
644 732 1030 799 μορφωοεῖσαν
1079 732 1260 800 (τοῦτο
1310 732 1418 804 γὰρ
1468 734 1501 802 ὴ
1533 733 1838 802 ἐπιστήμη)
1881 733 2015 785 πολὺ

436 824 710 894 πρότερον
749 825 897 886 είκδς
941 825 1032 876 καὶ
1081 825 1179 894 τὴν
1237 825 1425 892 ἔφεσιν
1479 825 1790 894 ὴγαούνθαι
1858 825 2018 878 τοῦτο

435 915 544 982 γὰρ
607 913 823 976 πάντως
853 914 947 966 τοῦ
1001 916 1359 984 πρωτοτύπιυ
1405 916 1737 985 ἐκμάττεται
1763 957 1776 978 ,
1813 915 2016 986 ἣκιστα

442 1005 836 1072 πιστευομένου
883 1005 1092 1071 ἀγαίιοῦ
1143 1024 1288 1070 τινος
1343 1009 1637 1078 μετασχεῖν
1672 1005 1766 1060 τοῦ
1810 1007 2019 1070 βασκα-

440 1095 561 1148 νίαν
613 1093 918 1164 νοσοῦντος)
981 1085 1201 1164 ὁμοίους
1261 1097 1492 1167 σεαυτῷ,
1556 1099 1718 1159 ὅσους
1788 1092 1902 1150 οἷον
1959 1115 2018 1150 τε

439 1191 613 1240 ποιεῖν
647 1189 934 1252 ἑκάστοτε,
980 1191 1037 1242 ὲν
1073 1192 1313 1264 μεγίστῃ
1359 1209 1446 1244 σοι
1497 1191 1752 1259 γενέσθαι
1789 1193 2016 1262 σπουδῇ,

437 1282 471 1350 ἢ
502 1280 676 1360 ταύτα
734 1281 833 1346 μὲν
864 1280 1076 1350 βέλτιος
1107 1281 1221 1353 (79)
1253 1284 1416 1346 αὐτὸς
1445 1285 1660 1346 πάντως
1681 1283 2016 1354 φιλοσοφεῖς,

436 1372 531 1424 τοῦ
559 1371 618 1425 εὖ
653 1373 881 1442 πάσχειν
913 1373 975 1426 τὸ
1008 1377 1180 1428 ποιεῖν
1227 1375 1398 1437 τιθεὶς
1441 1375 1668 1444 ἄμεινον
1696 1375 1790 1428 κα)¹
1816 1376 2022 1429 θειότε-

441 1482 557 1535 ρον.
602 1464 757 1534 Ἐμοὶ
783 1467 839 1518 δέ.
866 1481 930 1532 γε
963 1465 1062 1535 τῆς
1122 1467 1221 1534 σῆς
1253 1465 1327 1528 ὡς
1357 1459 1470 1519 οἷόν
1501 1483 1561 1519 τε
1593 1467 1876 1540 ὲφιγμένῳ
1909 1467 2020 1538 (80)

440 1558 806 1628 πληρότητος,
831 1557 1020 1629 ὥσπερ
1054 1559 1151 1630 τὴν
1197 1557 1332 1629 ὓλην
1360 1559 1494 1629 φασὶ
1520 1559 1613 1614 τοῦ
1635 1561 1832 1624 εἴδους,
1859 1561 2021 1625 ἀξίω-

439 1666 532 1702 σον
556 1650 957 1720 ἀποκρίνασθαι
989 1651 1198 1722 βραχέα
1225 1651 1424 1705 ταυτί·
1459 1653 1546 1706 διὰ
1575 1652 1744 1706 ποίων
1776 1653 2020 1707 κανόνων

438 1743 537 1805 τὰς
586 1743 945 1813 ψηφηφορίας
988 1729 1272 1814 περαίνεις
1300 1761 1316 1778 ο
1363 1744 1514 1808 τίνας
1568 1763 1630 1798 τε
1692 1747 1788 1801 καὶ
1815 1747 2022 1816 πηνίκα

442 1833 783 1902 εἰλημμένας
813 1833 1115 1904 λαμὸἀνεις
1149 1835 1373 1906 ἐποχὰς,
1416 1838 1510 1894 καὶ
1565 1835 1729 1899 πόσος
1762 1837 1790 1888 ὁ
1821 1837 1886 1889 ὲκ
1913 1837 2020 1889 τῶν

443 1926 658 1994 ὲποχῶν
690 1926 769 1989 είς
804 1927 863 1979 τὸ
891 1927 1066 1997 παρὸν
1098 1929 1308 1997 χρόνος.
1342 1929 1415 1981 Οὐ
1475 1927 1584 1999 γὰρ
1615 1923 1770 1999 οἶμαί
1803 1946 1860 1982 σε
1887 1929 2018 2000 χρῆ·-

445 2017 570 2071 σοαι
601 2021 710 2081 τοῖς
740 2019 907 2072 Πτολε
921 2021 1156 2088 μαῖκοῖς,
1185 2019 1263 2090 τῷ
1297 2019 1390 2072 τοῦ
1458 2023 1652 2093 γρενου
1695 2024 1890 2094 πλήθει
1921 2024 2018 2093 τῆς

441 2110 730 2180 ἀκριόείας
788 2113 1144 2164 ἐκπίπτουσιν
1204 2130 1217 2142 -
1270 2112 1350 2166 ἔτι
1387 2112 1443 2165 δὲ
1476 2117 1574 2176 τὰς
1619 2115 1724 2168 τῶν
1763 2115 2020 2169 ἀποτελε-

457 2202 684 2272 σμάτων
711 2201 920 2272 κρίσεις
945 2203 1050 2256 τίνι
1089 2203 1362 2257 πιστεύων
1395 2206 1644 2278 ἐκτίθησι
1678 2207 1790 2269 (81)
1823 2209 2018 2278 πρότε-

448 2310 539 2364 ρον
577 2295 900 2366 Πτολεμαίῳ
941 2297 1107 2366 μόνῳ,
1137 2296 1170 2366 ἢ
1205 2298 1298 2352 ita!
1329 2317 1406 2369 τῳ
1427 2299 1535 2352 τῶν
1573 2300 1773 2354 ἄλλων.
1823 2299 2020 2352 Ἰταλοὶ

443 2387 575 2457 γὰρ,
609 2381 688 2450 οἷς
740 2389 1008 2458 ἐλάχομεν
1063 2395 1360 2456 συνοικεῖν,
1416 2395 1511 2444 καὶ
1559 2391 1680 2444 κατ’
1732 2393 1898 2460 ἄμφω
1953 2391 2022 2444 τὰ

447 2480 609 2547 μέρη,
654 2481 708 2532 τὸ
737 2481 1084 2550 Θεωρητικᾶν
1119 2504 1259 2554 φημι
1287 2484 1380 2535 καὶ
1426 2483 1485 2534 τὸ
1540 2484 1870 2554 πρακτικδν,
1900 2483 2022 2536 ἐλά-

442 2588 605 2640 χιστα
630 2571 708 2648 τῷ
742 2573 1066 2648 Πτολεμαίῳ
1096 2579 1370 2650 χρώμενοι
1421 2574 1498 2643 τῷ
1529 2575 1641 2645 (82)
1685 2575 1854 2627 πλείω
1907 2577 2019 2638 τοῖς

447 2669 737 2739 ’,ζωτέροις
796 2670 1146 2721 πιστεύουσιν
1175 2685 1191 2700 ⁸
1243 2670 1304 2722 οὐ
1353 2667 1463 2738 γὰρ
1514 2671 1623 2728 τοῖς
1665 2667 2022 2739 Ἀρραὸικοῖς

449 2762 632 2830 μῦνοις
679 2761 972 2830 ἁρκοῦντες
1022 2761 1132 2832 (83)
1185 2763 1436 2828 κανόσιν,
1492 2763 1556 2815 ὲκ
1613 2761 1706 2813 τοῦ
1773 2759 2019 2828 Μωαμὲο

450 2855 772 2924 ἱλργμένοις.
820 2855 957 2908 ἀλλὰ
1011 2855 1222 2912 πολλοῖς
1259 2857 1354 2908 καὶ
1389 2855 1570 2918 ἄλλοις
1605 2854 2020 2924 προσχρῶνται.

449 2947 638 3000 ἰἀὖτὰ
673 2965 734 3000 τε
767 2944 860 3000 οὖν
896 2947 1082 3016 σαφῶς
1132 2946 1428 3014 ὲκδίδαξον,
1457 2948 1550 3002 καὶ
1603 2948 1762 3015 εἴπερ
1792 2939 1904 2998 οἷόν
1959 2963 2016 2997 τε

445 3042 572 3105 τοὺς
599 3041 698 3112 τῆς
725 3041 1074 3112 ψηφοφορίας
1107 3043 1338 3102 κανόνας
1361 3040 1525 3106 (οὕτω
1543 3042 1596 3093 δὲ
1619 3041 1686 3094 τὰ
1706 3039 2016 3111 παραγγέλο

450 3151 598 3204 ματα
645 3133 739 3187 τοῦ
791 3133 1142 3205 ψηφηφορεῖν
1178 3133 1408 3186 καλοῦσι
1465 3136 1703 3196 Δατῖνοι)
1762 3132 2019 3186 κέλευσον

2119 656 2253 707 quas
2307 639 2606 708 ingeniosus
2637 638 2949 693 Aristoteles
2987 639 3158 692 rectai
3213 649 3262 693 et
3327 641 3406 691 his
3462 641 3693 692 diversas

2120 739 2274 783 acute
2322 731 2658 798 excogitavit,
2717 740 2830 787 aut.
2868 739 2924 782 ut
2983 731 3152 784 verius
3207 731 3404 794 dicam,
3439 731 3694 800 profundo

2121 830 2327 873 natura:
2364 821 2482 873 sinu
2519 821 2727 874 abditas
2763 822 3086 890 inrestigavit
3145 833 3193 875 et
3233 824 3287 876 in
3311 832 3549 892 apertum
3577 839 3697 891 pro-

2121 909 2284 976 tulit),
2312 911 2366 964 in
2396 912 2484 973 iis,
2516 911 2754 982 inquam.
2783 913 2929 983 fama
2979 923 3028 966 te
3079 930 3182 966 non
3213 915 3526 968 mediocrem
3556 932 3693 984 prcc-

2120 1003 2286 1055 dicat.
2319 1001 2520 1056 Eadem
2554 1004 2607 1056 in
2633 1005 2999 1074 cognoscendis
3033 1005 3184 1059 rebus
3239 1006 3595 1068 naturalibus.
3645 1017 3692 1058 et

2120 1098 2259 1166 quod
2319 1097 2494 1166 majus
2532 1098 2584 1150 in
2617 1080 2674 1152 eo
2707 1099 2848 1164 quod
2899 1108 2995 1160 est.
3049 1110 3305 1169 quatenus
3338 1109 3432 1157 est.
3463 1112 3694 1154 coutcm~

2119 1188 2316 1256 plaudo
2343 1201 2391 1244 et
2421 1192 2896 1255 comprehendendo
2925 1209 3167 1263 sagacem
3193 1192 3419 1247 clamat:
3451 1193 3692 1259 denique.

2121 1283 2257 1338 velut
2285 1285 2661 1353 pretiosissima
2704 1301 2918 1346 corona,
2945 1286 3176 1340 scientiis
3215 1297 3370 1339 ornat
3399 1293 3694 1339 mathema-

2123 1376 2262 1438 ticis;
2293 1393 2352 1428 ea
2386 1377 2700 1444 pra'sertim,
2739 1393 2856 1448 qua:
2905 1390 2982 1430 est
3021 1379 3254 1450 omnium
3307 1395 3460 1445 apex.
3494 1379 3692 1430 intenta

2124 1486 2308 1537 nempe
2343 1469 2674 1539 explicandis
2728 1471 2951 1524 motibus
3001 1483 3048 1524 et
3107 1451 3380 1525 virtutibus
3416 1489 3692 1542 corporum

2122 1572 2372 1632 perpetuo
2397 1573 2540 1616 motu
2565 1565 2906 1634 agitatorum.
2941 1562 3071 1618 Ilcec
3102 1571 3165 1619 de
3199 1575 3250 1618 te
3293 1565 3499 1636 quidem
3527 1567 3692 1636 fama,

2123 1655 2206 1708 cui
2235 1657 2316 1726 [as
2351 1656 2560 1710 credere
2591 1665 2686 1710 est.
2745 1656 2814 1709 At
2860 1665 2940 1720 tu,
2992 1658 3074 1710 vir
3101 1657 3436 1721 admiraude,
3486 1659 3694 1720 quando

2122 1747 2334 1816 effecisti
2366 1757 2422 1800 ut
2456 1765 2598 1802 mens
2626 1755 2715 1802 tua
2752 1751 2845 1802 toti
2895 1747 3176 1803 Musarum
3206 1749 3362 1802 choro
3393 1748 3527 1802 velut
3562 1759 3693 1802 tem-

2114 1837 2266 1915 plum
2301 1845 2526 1908 pateret,
2555 1839 2960 1909 cogitationibus
2988 1839 3091 1892 tuis
3141 1838 3346 1900 beatus,
3377 1838 3534 1892 habes
3561 1838 3696 1891 unde

2121 1928 2194 1983 sis
2231 1923 2384 1998 fetis:
2409 1927 2673 1994 Quoniam
2709 1937 2882 1984 tamen
2949 1930 3150 1988 animo.
3211 1928 3400 1982 divinis
3431 1920 3694 1998 speciebus

2122 2022 2428 2090 informato,
2458 2024 2512 2077 id
2537 2023 2676 2093 quod
2699 2023 2915 2078 scientia
2945 2031 3040 2088 est,
3092 2021 3255 2076 multo
3285 2023 3426 2089 prius
3451 2021 3694 2075 volunta-

2123 2124 2225 2168 tem
2264 2125 2462 2169 rectam
2493 2117 2778 2170 accessisse
2800 2133 2901 2184 par
2934 2126 3008 2169 est
3039 2115 3298 2169 arbitrari
3331 2115 3474 2186 (nam
3506 2131 3567 2169 ea
3620 2125 3692 2168 est

2121 2207 2280 2276 plane
2319 2223 2565 2276 expressa
2591 2209 2858 2278 prototypi
2881 2209 3072 2268 virtus.
3103 2224 3194 2261 nec
3224 2208 3348 2260 boni
3377 2205 3538 2260 ullius
3565 2223 3691 2276 par-

2122 2302 2282 2370 ticeps
2315 2302 2597 2372 quisquam
2635 2317 2746 2355 esse
2772 2301 3026 2365 creditur,
3084 2301 3174 2368 qui
3214 2300 3412 2353 invidia
3445 2298 3690 2367 laboret),

2123 2395 2174 2447 in
2210 2394 2262 2447 id
2289 2403 2338 2446 te
2361 2409 2565 2447 summo
2593 2395 2793 2460 studio)
2827 2402 3027 2462 oportet
3084 2393 3401 2458 incumbere,
3455 2404 3509 2445 ut
3543 2393 3694 2446 simi-

2125 2487 2195 2540 lus
2223 2488 2297 2540 tui
2327 2503 2480 2556 quam
2539 2487 2793 2556 plurimos
2822 2486 3058 2556 quotidie
3094 2487 3310 2554 efﬁcias.
3375 2485 3545 2556 Atque
3601 2486 3695 2538 hoc

2125 2591 2180 2631 tu
2223 2580 2408 2630 melius
2461 2579 2570 2645 ipse
2599 2594 2758 2647 quam
2791 2577 2930 2630 alius
2962 2578 3239 2646 quisquam
3293 2576 3626 2645 philosophar
3647 2593 3692 2635 s.

2124 2687 2240 2724 cum
2278 2671 2583 2740 benefacere
2612 2687 2768 2740 quam
2793 2669 2926 2738 a/ﬁci
2959 2669 3205 2737 beneﬁcio
3234 2668 3575 2734 pra'stantius
3608 2668 3693 2719 di-

2123 2765 2398 2832 viniusque
2425 2779 2534 2816 esse
2560 2762 2774 2816 statuis.
2807 2760 2935 2814 Mihi
2965 2770 3171 2822 autem,
3202 2761 3294 2827 qui
3316 2775 3496 2812 earum
3521 2775 3694 2812 rerum

2123 2857 2307 2923 quibus
2336 2853 2578 2907 abundas
2599 2854 2674 2906 ita
2693 2869 2808 2906 sum
2839 2859 3108 2922 appetens,
3139 2861 3194 2905 ut
3221 2853 3404 2920 forma:
3432 2853 3691 2912 materia,

2125 2961 2186 2997 ne
2210 2961 2472 3015 gravirts,
2524 2959 2718 3015 qua'so,
2753 2943 3063 3012 respondere
3095 2958 3264 3012 pauca
3323 2941 3432 2996 hcec
3465 2941 3691 2994 interro-

2122 3038 2308 3108 ganti:
2341 3053 2566 3104 quarum
2599 3035 2900 3089 tabularum
2950 3049 3043 3100 ope
3081 3050 3325 3088 numeros
3373 3034 3696 3086 astronomi-

2122 3146 2206 3184 eos
2235 3138 2540 3196 computare
2562 3127 2730 3180 soleas
2752 3142 2771 3189 ;
2795 3142 3042 3197 quantum,
3058 3143 3089 3180 a
3109 3136 3157 3180 te
3178 3134 3446 3196 ponantur
3465 3127 3692 3193 epocha',

449 3227 928 3296 μετεγγραφὲντας
967 3227 1231 3296 σταλῆναί
1269 3243 1382 3297 μοι,
1439 3226 1516 3290 ὡς
1553 3225 1620 3277 ἂν
1646 3224 1753 3294 ἔχω
1797 3223 2019 3286 τούτους

2123 3233 2170 3277 et
2215 3221 2426 3292 quando
2474 3235 2546 3273 ea!
2577 3221 2807 3290 primum
2838 3221 3022 3288 positae
3079 3220 3273 3290 fuerint
3295 3258 3310 3281 ,
3340 3229 3593 3290 quantum
3627 3219 3692 3270 ab

440 3320 561 3381 τοῖς
589 3318 819 3372 ἐκείνων
855 3317 1216 3388 παραὸαλεῖν.
1256 3318 1449 3388 Ἡμεῖς
1481 3317 1588 3388 γὰρ
1611 3315 1786 3388 ἄκρῳ,
1829 3315 1889 3367 τὸ
1920 3315 2012 3367 τοῦ

445 3409 990 3480 λόγου,“γεγευμὲνοι
1023 3409 1270 3480 δακτύλῳ
1303 3409 1403 3478 τῆς
1429 3479 1434 3487 ἢ
1456 3407 1670 3476 κλεινῆς
1705 3407 2017 3476 ἐπιστήμης

439 3503 762 3573 φλεγόμεοα
804 3503 902 3574 μὲν
936 3503 1178 3564 πλείονος
1203 3502 1513 3571 ἐφιέμενον
1543 3499 1623 3569 τῷ
1647 3516 1710 3567 γε
1749 3498 1854 3569 μὴν
1882 3501 2018 3554 ἁπο-

453 3597 566 3664 ρεῖν
598 3595 840 3667 βιὸλίων,
893 3595 1273 3665 ἐκκρουόμεοα
1333 3591 1429 3645 τοῦ
1463 3590 1690 3645 σκοποῦ.
1735 3591 1887 3643 Ἐπεὶ
1923 3589 2018 3642 οὖν

441 3689 642 3755 ἑγνως,
679 3683 724 3739 ὧ
750 3687 1048 3755 θαυμάσιε,
1073 3687 1139 3740 τὰ
1172 3685 1293 3738 κατ’
1349 3684 1468 3753 ἐμὲ,
1499 3682 1593 3735 ita).
1638 3683 1760 3736 ὅτου
1792 3681 2017 3752 δεοίμην

449 3780 697 3850 ἀκριϐῶς
727 3775 883 3834 οἶσθα
913 3779 1180 3852 δήπουθεν
1207 3795 1222 3810 ⁶
1253 3779 1344 3832 σον
1379 3779 1559 3831 τοίνυν
1592 3778 1750 3847 ἔργον
1779 3777 1917 3847 15511;
1935 3777 2019 3829 ὅτι

449 3875 540 3926 καὶ
569 3875 754 3928 δύναιο
789 3873 1007 3944 βοηθεῖν
1037 3873 1180 3926 οὕτω
1228 3873 1414 3944 πὸρῤω
1445 3887 1507 3938 γε
1543 3869 1834 3938 ἱδρυμένῳ,
1896 3869 2020 3922 ἐπεὶ

447 3971 560 4031 τοῖς
591 3984 649 4020 τε
673 3967 785 4033 (84)
813 3965 1175 4036 συμπολίταις
1207 3965 1342 4035 πρὸς
1377 3964 1523 4018 ἆπαν
1557 3965 1768 4034 ἀρκεῖς.
1810 3963 2018 4034 Ἐρῤω-

453 4065 614 4128 μένος
671 4058 956 4130 διαϐιῴης,
1027 4061 1056 4111 b
1103 4059 1200 4128 τῆς
1259 4056 1505 4119 Ἑλλάδος
1546 4057 1840 4124 ὁξυδορκὴς
1907 4053 2018 4126 (85)

441 4148 748 4217 ὀφθαλμὸς.
797 4147 1068 4218 ὁσημέραι
1103 4148 1215 4210 τοῖς
1276 4144 1630 4215 ὑψηλοτέροις
1686 4143 2017 4213 προϐαίνων,

450 4243 547 4294 καὶ
576 4241 702 4303 τοὺς
748 4240 900 4294 κάτω
948 4238 1240 4310 κειμένους
1277 4238 1411 4308 πρὸς
1451 4235 1677 4290 σεαυτὸν
1719 4235 2022 4306 ἐφελκόμε-

449 4351 562 4394 νος.

481 4423 734 4492 Georgius
766 4409 1013 4490 Lapithes
1043 4419 1334 4489 Nicephoro
1368 4419 1654 4490 Gregorce;
1697 4436 1760 4474 ex
1787 4417 1980 4490 Cypro.

516 4517 685 4576 Aiunt
739 4516 938 4587 physici
983 4528 1265 4582 corporum
1305 4515 1670 4578 impressiones
1713 4529 1771 4566 eo
1801 4513 2020 4567 ulterius

2121 3315 2228 3369 illis
2279 3316 2483 3384 epoctiis
2535 3313 2603 3368 ad
2633 3313 2767 3367 hunc
2820 3312 2958 3364 diem
3003 3315 3170 3382 usque
3204 3321 3407 3380 tempus
3457 3311 3690 3380 ﬂuxerit.

2125 3405 2308 3475 Neque
2363 3405 2502 3458 cnim
2555 3413 2682 3472 puto
2713 3411 2762 3455 te
2791 3403 2870 3454 uti
2910 3398 3272 3461 l’tolemaicis,
3307 3413 3424 3468 qua:
3453 3407 3694 3451 exactam

2121 3500 2396 3553 veritatem
2429 3498 2578 3567 longo
2613 3505 2842 3566 tempore
2865 3497 3177 3548 amiserunt.
3211 3491 3347 3548 Item
3375 3493 3461 3548 cui
3490 3493 3694 3549 auctori

2119 3592 2302 3645 credas
2331 3591 2385 3643 in
2411 3589 2628 3658 judiciis
2661 3587 3011 3657 astrologicis,
3061 3586 3412 3640 Ptolema’one
3461 3585 3589 3662 soli.
3621 3601 3690 3637 an

2123 3693 2170 3738 et
2203 3683 2301 3736 alii
2355 3682 2610 3752 cuipiam.
2649 3679 2789 3734 Nam
2823 3678 2974 3744 Itali,
3017 3679 3322 3749 quibuscum
3374 3677 3523 3731 nobis
3549 3678 3693 3730 sedes

2126 3775 2417 3829 communis
2447 3773 2654 3844 obtigit,
2683 3781 2867 3826 neutra
2919 3773 2973 3825 in
3024 3781 3198 3840 parte,
3229 3787 3322 3824 nec
3373 3771 3427 3824 iu
3459 3769 3696 3839 specula-

2122 3869 2282 3930 tione,
2316 3883 2408 3919 nec
2437 3868 2492 3920 in
2537 3866 2714 3934 praxi,
2748 3865 3088 3919 Ptolematum
3134 3866 3316 3918 ducem
3362 3872 3694 3934 sequuntur;

2123 3961 2213 4013 sed
2277 3959 2648 4013 recentioribus
2695 3966 2752 4012 ut
2808 3958 3096 4026 plurimum
3149 3957 3552 4011 adha'rescuut:
3603 3972 3694 4009 nec

2124 4053 2353 4107 contenti
2377 4053 2598 4116 tabulis,
2621 4069 2739 4124 qua:
2765 4070 2798 4106 a
2833 4051 3202 4107 Moltammede
3225 4051 3436 4105 initium
3473 4051 3692 4114 ducunt,
3716 4079 3730 4092 ~

2123 4145 2305 4198 multis
2340 4153 2598 4214 praeterea
2661 4143 2778 4198 aliis
2833 4153 3077 4198 utuntur.
3138 4143 3264 4198 Haec
3299 4153 3356 4197 tu
3412 4141 3502 4212 [ac
3555 4151 3694 4196 certo

2121 4239 2319 4293 sciant:
2353 4254 2416 4291 ac
2438 4238 2482 4290 si
2502 4237 2620 4307 ﬁeri
2639 4246 2825 4300 potest,
2851 4237 3010 4290 etiam
3034 4233 3331 4304 Psephoria:
3349 4233 3558 4304 regulas
3581 4233 3692 4304 (86)

2125 4329 2221 4400 (ita
2254 4329 2437 4383 Latini
2466 4337 2651 4383 vocant
2680 4337 2940 4399 prcecepta
2974 4326 3337 4398 computandi)
3363 4326 3490 4392 jube
3517 4326 3587 4378 ad
3616 4340 3695 4378 me

2125 4426 2473 4507 tramcripitas
2526 4423 2686 4485 mitti,
2755 4431 2812 4474 ut
2866 4423 2999 4475 istas
3063 4421 3255 4491 possim
3309 4417 3692 4473 eum‘illorum

2124 4515 2314 4586 regulis
2330 4515 2584 4585 conferre.
2601 4512 2809 4582 Sgilicet
2829 4530 2941 4578 nos,
2965 4513 3056 4584 qui
3085 4513 3399 4582 prwclaram
3420 4510 3694 4564 scientiam

441 4607 714 4679 progredi,
751 4625 852 4676 quo
883 4624 967 4664 ea.
1000 4623 1117 4677 quae
1144 4607 1246 4660 vim
1285 4607 1612 4674 imprimunt,
1665 4605 1922 4672 majorem
1969 4607 2022 4658 in
2055 4617 2099 4674 ί)
2125 4621 2378 4670 extremo,
2414 4619 2468 4659 ut
2496 4607 2671 4670 aiunt,
2701 4606 2866 4676 digito
2915 4605 3201 4658 delibatam
3233 4602 3578 4675 gustauimus,
3609 4600 3694 4652 iu-

449 4719 506 4756 se
529 4703 771 4754 virtutem
810 4699 1023 4754 habent.
1056 4699 1243 4766 Itaque
1281 4697 1355 4748 nil
1391 4698 1585 4750 mirum
1615 4699 1665 4766 (ο
1692 4697 1838 4760 mihi,
1863 4699 2024 4751 etiam

440 4798 609 4855 i~tiuc
655 4795 856 4861 procul,
912 4793 1161 4848 dlectum
1207 4793 1408 4861 caput),
1480 4789 1617 4860 quod
1666 4806 1784 4842 cum
1844 4799 2024 4842 tantus

441 4887 560 4956 ipse
613 4885 706 4948 sis,
767 4883 885 4935 inde
939 4897 1101 4950 usque
1163 4896 1254 4934 uos
1311 4880 1554 4934 irradies.
1597 4879 1803 4933 Etenim
1853 4880 2022 4950 fama,

439 4993 605 5046 gnam
640 4984 806 5046 poeta'
834 4973 986 5027 deam
1028 4971 1250 5042 ﬁngunt,
1282 4969 1426 5026 ultra
1458 4987 1550 5024 nos
1579 4985 1780 5040 quoque
1803 4978 2027 5022 conatur

445 5079 497 5123 te
532 5067 848 5138 provehere;
881 5081 942 5118 ac
970 5065 1024 5118 in
1073 5066 1240 5132 ipsam
1294 5064 1504 5118 Indiam
1558 5070 1873 5132 penetraret.
1913 5061 2018 5114 nisi

445 5179 570 5234 gens
607 5161 833 5215 barbara
866 5159 1262 5227 importunitate
1287 5174 1384 5212 sua
1425 5155 1566 5210 illius
1589 5172 1732 5210 voces
1753 5154 2018 5225 frangeret

440 5272 513 5318 ,uc
548 5255 870 5308 retunderet.
899 5253 1065 5306 I'orro
1097 5261 1146 5305 te
1177 5252 1348 5320 fama,
1381 5251 1460 5304 rir
1489 5250 1703 5320 optime,
1763 5257 2018 5302 accurata

443 5345 917 5416 grammaticorum
981 5353 1099 5397 arte
1150 5351 1508 5414 pru'stantem,
1559 5340 1763 5395 dicendi
1793 5341 1941 5408 copia
1969 5347 2018 5394 et

444 5435 715 5507 elegantia
749 5436 1169 5504 prastantiorem
1199 5435 1383 5490 cauit:
1417 5435 1473 5487 in
1501 5432 1789 5488 dialecticis
1819 5433 2018 5504 captio-

517 5616 632 5687 (79)
671 5616 752 5670 An
781 5614 990 5684 βέλτιον
1024 5614 1189 5678 αὐτὸς
1219 5615 1419 5679 παντός
1446 5615 1467 5667 ?

519 5688 636 5757 (80)
669 5689 748 5741 An
781 5688 1095 5757 ὲφιεμένῳῖ

518 5759 634 5830 (81)
665 5757 808 5830 Lego
839 5759 1082 5828 ἑκτίθης,
1113 5757 1360 5827 πότερον.

519 5832 633 5899 (82)
661 5833 748 5899 τε.

518 5898 630 5963 (85;
668 5898 814 5956 Fort.
848 5899 1162 5955 ἀρκοῦνται.

2121 4698 2400 4752 cendimur
2435 4699 2646 4769 quidem
2674 4697 2930 4753 desiderio
2957 4697 3112 4768 plura
3149 4697 3426 4762 discendi;
3457 4705 3514 4750 at
3567 4695 3695 4766 quia

2125 4791 2270 4846 libris
2293 4807 2558 4854 caremus,
2586 4792 2703 4846 ideo
2730 4792 2852 4846 inde
2881 4791 3203 4860 repellimur,
3231 4805 3332 4861 quo
3367 4789 3691 4858 aspiramus.

2126 4883 2338 4954 Itaque,
2367 4885 2448 4938 vir
2472 4885 2924 4955 prazstantissime,
2955 4898 3072 4955 qua:
3097 4883 3204 4936 sint
3243 4897 3357 4936 mea
3401 4880 3580 4935 studia
3613 4879 3693 4931 in-

2125 4976 2342 5046 telligis,
2382 4986 2538 5047 atque
2565 4978 2695 5030 adeo
2728 4976 2855 5046 quid
2879 4976 2946 5030 sit
2979 4990 3083 5045 quo
3112 4974 3373 5042 indigeam
3431 4970 3697 5038 explorate

2124 5069 2411 5141 cognoscis.
2469 5070 2636 5124 Tuum
2659 5078 2737 5122 est
2766 5068 2952 5140 igitur,
3007 5067 3234 5138 quodin
3279 5074 3325 5119 te
3369 5065 3489 5128 erit,
3543 5063 3694 5122 mihi,

2127 5164 2216 5233 qui
2244 5164 2624 5218 remotissimus
2653 5164 2803 5234 dego,
2861 5179 3009 5231 opem
3038 5163 3220 5233 ferre;
3273 5157 3696 5228 quandoquiduu

2126 5251 2400 5304 adomnia
2449 5251 2646 5306 civibus
2692 5253 2796 5306 tuis
2847 5268 2987 5306 unus
3030 5252 3238 5321 sufﬁcis.
3299 5247 3420 5303 Vive
3466 5257 3512 5300 et
3557 5244 3692 5306 vale.

2125 5343 2340 5416 (Irwcia:
2363 5343 2536 5398 lumen
2567 5344 3149 5404 clarissimum;altius
3198 5341 3436 5414 quotidie
3477 5355 3692 5410 progre-

2125 5437 2264 5502 dere,
2298 5446 2346 5490 et
2392 5453 2480 5492 eos
2509 5439 2598 5508 qui
2627 5439 2767 5508 infra
2794 5438 2973 5507 jaceat
3004 5435 3074 5490 ad
3101 5444 3148 5491 te
3171 5437 3341 5506 ipsum
3367 5434 3591 5490 attrahe.

2201 5616 2312 5684 (ει)
2345 5633 2430 5684 τε.

2199 5689 2310 5755 (85)
2345 5688 2658 5758 ὀξυδερκής.

2201 5753 2310 5839 (86)
2348 5759 2423 5813 Ex
2443 5753 2632 5839 ϐίαιοι)
2659 5757 2998 5830 ψηφοφορία.
3054 5757 3231 5829 Atque
3281 5753 3408 5839 Ιιὶιιϐ
3465 5755 3694 5839 fortasse

2133 5829 2330 5898 Siphra
2359 5845 2454 5884 seu
2487 5828 2680 5899 Cipra.
2890 5828 2898 5830 “
3155 5828 3158 5829 ⁷
3339 5828 3358 5839 '
3553 5828 3570 5862 I
