4002 6608
1242 199 1267 226 κ

240 428 300 492 fl
1263 435 1674 497 NICEPIIORI
1721 437 1764 496 ϐ

312 542 379 597 ll.
422 545 590 598 Κατὰ
624 544 744 598 τῶν
763 545 869 599 τοῦ
896 546 1171 616 Γρηγορᾶ
1202 552 1564 619 ,ῖηρημάτων
1600 552 1736 617 (87).

1833 439 2103 499 EG'SNLE
2152 445 2452 506 ELOGIA.
3415 448 3489 511 (ἒὲ

1844 555 1881 606 Λ
1913 562 2143 623 gratiam
2197 560 2569 632 aucupandam
2600 578 2692 616 seu
2727 561 2901 615 dicere
2943 579 3032 617 seu
3074 565 3253 635 facere
3285 565 3489 619 didice-

238 664 257 673 κ
323 633 382 687 ’0
414 636 474 688 δὲ
504 636 814 703 σοφώτατος
833 636 871 689 Γ
877 640 1136 707 ρηγορᾶς,
1162 638 1351 712 ὥσπερ
1377 644 1476 695 οὐκ
1506 644 1815 713 ἀρκούντων

251 720 400 792 αὖτῷ
426 725 538 778 τῶν
568 726 874 790 Βυζαντίων
908 728 986 790 είς
1019 726 1225 798 θαῦμα,
1261 731 1355 783 καὶ
1384 731 1816 796 Θεσσαλονικὲας

248 816 432 883 ἐνάγει
462 818 602 887 πρός
646 818 775 880 τοὺς
832 818 1033 887 ὕμνους
1071 822 1195 883 τοὺς
1247 821 1463 885 ἑαυτοῦ,
1518 824 1818 892 γράμματα

249 910 488 975 πέμπων
512 911 607 961 καὶ
654 914 985 979 προσκυνεῖν
1048 914 1269 977 μονονοὺ
1304 915 1563 980 κελεύων,
1616 917 1817 986 ἄνδρας

246 1001 563 1071 ἐλευθέρους
590 1003 687 1054 καὶ
728 1003 891 1071 μηδὲν
940 1003 1145 1066 εἰδότας
1207 1004 1239 1067 ἢ
1271 1006 1450 1071 λέγειν
1489 1007 1521 1074 ἦ
1554 1008 1817 1076 πράττειν

248 1093 386 1162 πρὸς
444 1094 641 1164 ἡδονὴν
671 1094 848 1147 οὐδενί
880 1135 895 1149 .
924 1135 940 1149 .
974 1134 988 1149 .
1021 1133 1037 1147 .
1067 1135 1081 1149 .
1118 1135 1133 1149 .
1168 1094 1451 1166 Θαυμάζω
1480 1098 1537 1152 δὲ
1576 1098 1815 1168 πρῶτον,

248 1187 298 1237 εἰ
326 1184 423 1255 τὴν
459 1186 710 1252 γλῶτταν
736 1187 969 1256 ἠγνόησε
1008 1186 1103 1239 τοῦ
1146 1186 1460 1259 θαυμαστοῦ
1491 1190 1819 1244 Θεσσαλονί⁶

251 1294 373 1344 κης,
406 1270 503 1331 καὶ
537 1277 769 1348 τὺ.παρ’
804 1281 1017 1346 ἐκείνης
1050 1280 1168 1333 κατ’
1215 1281 1378 1334 αὑτοῦ
1438 1282 1551 1352 πῦρ
1577 1297 1591 1312 ⁶
1625 1283 1818 1337 ἔπειτα

248 1373 295 1423 εί
332 1370 701 1441 προσεδόκησε
758 1373 907 1442 παρᾶ
950 1372 1390 1427 θεσσαλονικέων
1440 1374 1614 1438 καλῶς
1653 1376 1817 1429 ἀκοῦ-

252 1479 342 1515 σαι
364 1480 380 1493 ’
411 1464 465 1516 οἶ
500 1464 843 1534 φαυλότατόν
869 1482 928 1518 τε
966 1466 1153 1528 αὐτὸν.
1186 1466 1288 1520 οὐκ
1309 1462 1410 1521 οἷδ’
1435 1468 1607 1534 ὅπως,
1649 1469 1817 1523 πάλαι

250 1554 484 1623 ἡγοῦντο
522 1558 621 1622 τὴν
656 1560 733 1619 είς
766 1556 960 1625 λόγους
1011 1558 1265 1625 δύναμιν,
1319 1559 1387 1631 ἢν
1421 1561 1816 1629 ἐπαγγέλλεται

249 1646 503 1701 τοσοῦτον
548 1649 649 1719 ἥδη
682 1650 873 1721 χρόνον
900 1667 915 1682 ·
970 1652 1059 1703 καὶ
1094 1650 1189 1704 νῦν
1218 1652 1343 1719 περὶ
1390 1652 1480 1705 τὸν
1504 1651 1658 1713 Θεὸν,
1690 1654 1825 1715 ἁσεη

245 1739 319 1809 ϐῆ
341 1780 358 1794 .
388 1780 405 1795 .
437 1780 452 1792 .
481 1779 497 1794 .
528 1777 546 1792 .
580 1741 691 1794 Καὶ
732 1742 792 1794 τὸ
826 1740 1112 1812 σύνταγμα
1147 1742 1350 1813 πολλήν
1387 1762 1507 1798 τινα
1564 1745 1816 1816 καταψη-

1921 664 2064 716 runt,
2118 666 2220 709 etc.
2268 654 2508 710 Primum
2564 656 2696 711 illud
2748 658 2930 716 miror.
2993 657 3129 726 quod
3183 655 3492 712 admirandi

1922 745 2457 802 Thessalonicensium
2489 749 2740 802 antistitis
2771 749 3011 818 linguam
3049 759 3098 802 et
3135 750 3301 820 ignem
3332 751 3388 803 in
3434 765 3492 804 se

1920 839 2039 892 inde
2067 849 2425 905 erumpentem
2450 840 2769 909 ignoraverit
2793 858 2810 894 :
2835 851 2944 893 tum
2978 842 3158 903 etiam,
3195 839 3332 910 quod
3370 857 3426 894 se
3454 856 3489 893 a

1920 928 2463 984 Thessalonicensibus
2511 930 2639 985 bene
2676 934 2985 986 auditurum
3035 934 3286 1000 sperarit.
3319 931 3409 999 qui
3440 941 3491 985 et

1920 1022 2043 1076 olim
2084 1025 2260 1076 nescio
2315 1041 2415 1093 quo
2472 1026 2583 1094 fato
2636 1024 2942 1079 vilissimum
2995 1041 3111 1078 eum
3171 1025 3488 1091 habuerunt,

1931 1114 2068 1182 quod
2094 1115 2163 1166 ad
2207 1114 2414 1166 dicendi
2465 1113 2775 1184 facultatem
2816 1108 3082 1177 attinei'et,
3119 1129 3280 1182 quam
3342 1123 3490 1166 tanto

1912 1206 2031 1274 jam
2081 1215 2310 1271 tempore
2357 1205 2674 1274 profitetur:
2709 1216 2758 1258 et
2811 1207 3056 1259 eumdem
3087 1221 3225 1258 nunc
3278 1207 3342 1258 de
3381 1204 3490 1259 Deo

1920 1297 2058 1349 male
2079 1305 2127 1349 et
2161 1296 2317 1361 impie
2348 1297 2540 1349 sentire
2593 1294 2836 1361 credunt,
2863 1305 2962 1349 etc.
2993 1294 3067 1348 Ac
3118 1294 3248 1347 liber
3281 1293 3490 1362 quidem

1918 1388 2029 1454 ipse
2056 1389 2288 1456 parentis
2335 1389 2419 1441 sui
2449 1396 2607 1455 caput
2658 1404 2849 1458 magna
2890 1386 3120 1456 quadam
3148 1396 3197 1439 et
3234 1386 3490 1439 turbidis-

1916 1483 2050 1535 sima
2081 1482 2310 1551 procella
2348 1482 2607 1551 agitatum
2655 1482 2854 1551 arguit,
2886 1479 3018 1532 adeo
3050 1487 3106 1531 ut
3149 1478 3300 1531 illum
3336 1476 3490 1545 cujus

1917 1574 2051 1643 [etus
2070 1584 2140 1625 est
2199 1574 2335 1645 satis
2360 1571 2612 1635 declaret,
2631 1582 2678 1625 et
2708 1573 2865 1625 risum
2887 1571 3232 1625 vehementem
3262 1579 3486 1622 moveat.

1915 1664 2051 1719 Nam
2083 1666 2254 1734 primo
2282 1665 2457 1733 ejusce
2506 1666 2678 1732 operis
2740 1679 2923 1717 nomen
2957 1665 3216 1716 incertum
3267 1672 3364 1725 est,
3398 1679 3490 1716 nec

1917 1756 2083 1810 ullum
2136 1759 2364 1826 suppetit
2399 1757 2538 1828 quod
2598 1757 2643 1810 ei
2677 1755 2980 1821 conveniat,
3024 1763 3077 1808 ut
3131 1770 3223 1809 nec
3274 1756 3339 1809 iis
3372 1769 3490 1824 quas

246 1833 464 1901 φίζεται
524 1833 701 1905 ζάλην
729 1836 830 1905 τῆς
858 1833 1124 1905 τεκούσης
1159 1837 1422 1907 κεφαλῆς,
1449 1840 1546 1892 καὶ
1567 1834 1681 1890 οἷον
1711 1838 1817 1892 δεῖ·

252 1927 276 1944 ,
367 1927 380 1940 .
505 1927 531 1940 -
639 1928 654 1944 .
860 1937 869 1944 .
1005 1929 1029 1944 Α
1152 1929 1166 1944 .
1240 1929 1280 1944 ..
1414 1931 1432 1942 .
1632 1931 1663 1944 ..

1921 1859 2109 1919 preter
2142 1860 2386 1903 naturam
2413 1852 2720 1921 gignuntur.
2746 1859 2847 1904 etc.
2880 1847 3080 1901 Deinde
3104 1848 3340 1917 singulas
3370 1847 3489 1901 libri

249 1927 334 1991 ξαι
367 1927 575 1991 ἱκανῶς
602 1928 696 1982 τὸν
731 1937 970 1997 πατέρα,
1004 1929 1209 1999 θερμὸν
1235 1929 1290 1981 δὲ
1320 1931 1539 1999 κινῆσαι
1579 1931 1810 1998 γέλωτα.

248 2018 472 2094 Πρῶτον
514 2018 620 2089 μὲν
653 2020 760 2091 γὰρ
783 2021 874 2073 καὶ
898 2019 1025 2073 αὐτὸ
1055 2019 1291 2089 τοῦνομα
1326 2021 1420 2073 τοῦ
1450 2025 1817 2094 συγγράμμα-

242 2128 334 2172 τος
369 2090 675 2177 ἀγνοεῖται,
726 2115 822 2165 καὶ
873 2113 900 2165 ὅ
956 2130 1008 2164 τι
1043 2112 1124 2165 δεῖ
1185 2112 1376 2167 καλεῖν
1431 2114 1529 2166 οὐκ
1596 2115 1814 2183 ἔχομεν,

244 2200 430 2272 ὥσπερ
460 2203 755 2274 τῶνιπαρά
777 2203 938 2274 φύσιν
971 2205 1329 2275 γεννωμένων
1358 2247 1371 2261 .
1400 2248 1414 2261 .
1443 2246 1456 2261 .
1485 2246 1499 2260 .
1535 2249 1546 2261 .
1582 2194 1814 2262 Ἔπειτα

243 2298 333 2348 καὶ
367 2299 421 2349 εἰ
438 2314 528 2361 τις
551 2297 842 2366 ἀνάσχοιτο
892 2299 1030 2350 κατὰ
1063 2297 1225 2367 μέρος
1248 2300 1517 2363 ἐπελθεῖν,
1570 2301 1632 2353 τὸ
1669 2301 1817 2370 Ἀρι-

244 2386 547 2454 ποφᾶνους
601 2386 778 2439 ἐκεῖνο
833 2385 1052 2454 βοήσει’
1104 2388 1233 2441 Δότε
1292 2406 1381 2458 μοι
1436 2388 1688 2456 λεκάνην,
1748 2391 1815 2441 ἵν’

244 2479 450 2547 ἑμέσω.
481 2478 768 2551 Τοσαύτης
793 2481 953 2549 γέμει
988 2480 1086 2550 τῆς
1114 2482 1305 2552 ἀηδίας
1331 2498 1345 2514 ·
1378 2485 1474 2536 καὶ
1508 2480 1648 2534 οὕτω
1683 2498 1815 2534 πανο

243 2573 453 2641 τοδαπὴ
503 2573 590 2635 τίς
635 2575 752 2626 ἐστι
805 2575 899 2627 καὶ
965 2573 1184 2644 ποικίλη
1231 2575 1416 2627 κακῶν
1448 2575 1589 2644 scopi
1621 2613 1634 2626 .
1663 2612 1678 2626 .
1713 2616 1725 2629 .
1760 2612 1776 2628 .
1798 2613 1812 2628 .

248 2665 466 2735 Ἐρωτᾷ
489 2666 549 2719 δὲ
579 2667 720 2719 πάνυ
756 2666 1049 2735 ἀγροίκως,
1070 2667 1345 2734 ἀφανίζων
1373 2665 1462 2718 τὸν
1492 2668 1620 2737 περὶ
1645 2666 1815 2719 ταῦτα

241 2760 474 2828 κ”σμον,
511 2760 610 2812 καὶ
637 2760 736 2810 οὐκ
765 2758 961 2829 ᾐδέσθη
989 2760 1086 2827 τὴν
1118 2757 1454 2829 ἐπωνυμίαν,
1474 2753 1538 2828 ἧς
1571 2762 1818 2811 κοινωνεῖ

240 2853 353 2913 τοῖς
414 2852 734 2919 φιὶοσόςροες
972 2853 1133 2904 Ἀλλὰ
1200 2852 1366 2906 τᾶλλα
1432 2853 1817 2922 μιμησάμενος

247 2941 540 3003 Πλάτωνα,
575 2943 659 2996 ὅτι
698 2962 756 2996 τε
787 2944 1069 3013 διαλόγους
1100 2946 1165 2997 τὰ
1194 2946 1606 3015 συγγράμματα
1639 2945 1812 3008 καλεῖ,

244 3035 339 3087 καὶ
363 3037 450 3086 ὅτι
487 3035 572 3097 τὸ,
605 3030 649 3089 ὦ
697 3037 903 3105 ἑταῖρε.
940 3037 1141 3098 καὶτὸ,
1174 3037 1319 3106 μάλα
1377 3036 1551 3106 μόλις,
1606 3041 1696 3089 καὶ
1733 3039 1815 3103 τὸ,

241 3127 337 3195 οὐχ
364 3125 503 3195 ἕπῃ,
536 3119 582 3178 ὧ
620 3127 844 3196 ἑταῖρε,
892 3128 1069 3182 καὶτὰ
1110 3128 1335 3181 τοιαῦτα
1369 3129 1624 3199 συνείρει,
1660 3128 1816 3182 τοῦτο

1922 1953 2097 2012 partes
2127 1942 2291 2013 legere
2328 1944 2374 1996 si
2396 1942 2510 2012 quis
2539 1951 2613 1995 est
2657 1941 2747 2010 qui
2778 1940 3056 2004 sustineat,
3094 1939 3139 1992 is
3203 1938 3337 1992 illud
3367 1939 3492 1992 Ari-

1922 2039 2200 2107 stophanis
2217 2037 2551 2102 exclamabit,
2581 2035 2712 2090 Date
2744 2034 2940 2104 pelvim
2967 2044 3022 2087 ut
3045 2048 3257 2086 vomam
3289 2048 3304 2085 :
3336 2040 3488 2086 tanta

1922 2130 2152 2183 abundat
2192 2128 2501 2193 insulsitas;
2556 2128 2687 2180 adeo
2719 2125 2995 2193 multiplex
3044 2133 3093 2178 et
3148 2124 3297 2178 varia
3358 2124 3491 2176 inest

1922 2222 2190 2275 malarum
2223 2236 2397 2275 rerum
2425 2220 2667 2284 colluvio,
2699 2229 2797 2274 etc.
2846 2219 2942 2274 Est
2983 2227 3159 2271 autem
3193 2208 3495 2270 in'interro—

1921 2314 2095 2384 gando
2135 2315 2346 2367 omnino
2372 2314 2615 2384 agrestis,
2654 2322 2701 2366 et
2746 2312 3028 2382 probatum
3068 2314 3167 2364 hac
3192 2311 3245 2363 in
3281 2325 3336 2363 re
3369 2310 3494 2379 legi-

1923 2410 2207 2476 timumque
2234 2422 2427 2461 morem
2467 2405 2711 2470 sustulit;
2753 2421 2844 2458 nec
2871 2421 2987 2458 eum
3015 2404 3172 2457 subiit
3197 2403 3491 2456 reverentia

1922 2501 2036 2569 ejus
2070 2500 2318 2564 nominis,
2350 2498 2484 2568 quod
2516 2515 2633 2552 cum
2665 2498 2984 2568 philosophis
3011 2512 3282 2550 commune
3315 2495 3491 2559 habet,

1922 2605 2020 2649 etc.
2054 2594 2329 2648 Enimvero
2356 2604 2543 2647 caetera
2578 2591 2851 2645 Platonem
2881 2592 3142 2652 imitatus,
3168 2605 3227 2641 eo
3254 2588 3494 2641 videlicet

1921 2689 2058 2757 quod
2086 2687 2319 2756 dialogos
2348 2695 2482 2739 vocet
2523 2701 2584 2737 ea
2605 2699 2721 2752 qua:
2747 2683 2945 2741 scribit.
2967 2692 3014 2735 et
3037 2682 3175 2751 quod
3205 2679 3299 2733 illa
3333 2678 3494 2750 [l’la-

1922 2783 2029 2831 toni
2064 2775 2373 2849 familiaria]
2406 2770 2453 2830 ὦ
2474 2774 2687 2842 ἑταῖρε,
2714 2772 2883 2842 μάλα
2903 2773 3103 2840 μόλις.
3137 2772 3251 2838 οὑν
3273 2769 3415 2833 ἔπῃ,
3445 2761 3498 2821 ὦ
3602 2768 3615 2790 ⁸

1922 2869 2133 2938 ἐταῇῖε,
2160 2869 2371 2935 aliaque
2403 2870 2515 2938 ejus
2555 2867 2757 2937 generis
2787 2865 3002 2918 subinde
3040 2872 3220 2916 assuta
3269 2870 3492 2929 repetat,

1922 2965 2015 3017 hoc
2044 2963 2158 3017 solo
2188 2961 2329 3014 haud
2391 2961 2629 3012 imitatus
2681 2967 2777 3021 est,
2803 2967 2905 3011 etc.
2935 2956 3059 3009 lam
3085 2971 3203 3008 vero
3237 2954 3491 3008 lemmata

1925 3057 2132 3127 egregia
2157 3064 2312 3122 atque
2339 3052 2597 3122 ejusmodi
2613 3060 2751 3112 sunt,
2774 3060 2830 3104 ut
2849 3048 3493 3103 Palamwsilentiumim.

1926 3159 2140 3221 ponant.
2173 3147 2267 3202 Est
2296 3149 2430 3201 enim
2453 3148 2856 3216 unumquodque
2892 3146 3081 3199 lemma
3106 3153 3328 3198 atroxet
3350 3143 3488 3197 mul-

246 3220 407 3287 μόνον
428 3219 532 3271 οὐκ
563 3219 877 3290 ἐμιμήσατο
898 3256 916 3274 .
934 3259 949 3274 .
974 3256 993 3275 .
1022 3258 1038 3275 .
1059 3260 1075 3279 .
1107 3222 1187 3273 Τὰ
1212 3220 1475 3291 λήμματα
1496 3222 1550 3274 δὲ
1572 3224 1815 3290 γενναῖα.

1926 3219 2088 3313 tiplex
2117 3242 2401 3295 convitium
2423 3282 2437 3306 ,
2464 3241 2677 3310 dignum
2724 3237 2921 3293 scilicet
2958 3238 3165 3307 ingenio
3218 3246 3267 3288 et
3320 3245 3495 3289 mente

242 3314 338 3366 καὶ
367 3307 459 3363 οἷα
511 3312 727 3383 σιωπὴν
782 3313 1080 3381 ἐπενέγκαι
1113 3312 1193 3383 τῷ
1248 3313 1506 3383 Παλαμᾷ.
1568 3313 1819 3380 Δοιδορία

242 3408 352 3477 γὰρ
374 3409 616 3462 ἕκαστον
648 3410 835 3480 μακρὰ
862 3426 946 3471 τις
971 3410 1066 3462 καὶ
1092 3408 1412 3479 παντόδαπὴ
1445 3412 1536 3464 καὶ
1564 3409 1664 3480 τῆς
1703 3410 1820 3463 δια-

246 3504 397 3565 νοίας
431 3502 560 3566 ἀξία
596 3501 692 3555 τοῦ
720 3502 1013 3571 φιλοσόφου
1042 3518 1057 3534 ο
1095 3502 1153 3566 ὃς
1188 3501 1389 3555 ειδέναι
1419 3504 1518 3571 μὲν
1550 3502 1822 3571 ἐπαγγέλ-

247 3596 402 3647 λεται
433 3596 500 3648 τά
526 3595 574 3645 τ’
597 3595 751 3658 ὅντα,
786 3596 856 3648 τά
896 3594 945 3647 τ’
973 3595 1226 3665 ἐσόμενα,
1260 3597 1368 3667 πρό
1420 3596 1466 3649 τ’
1492 3596 1668 3649 ἰόντα.
1713 3597 1821 3649 Καὶ

248 3690 358 3757 γὰρ
413 3689 512 3740 καὶ
574 3688 950 3757 χρησμολόγος
1007 3705 1091 3751 τις
1146 3683 1286 3741 εἶναι
1343 3688 1591 3757 βούλεται
1619 3688 1816 3753 δοκεῖν,

246 3785 340 3837 καὶ
366 3780 656 3834 Χαλδαϊκὰ
677 3796 800 3834 τινα
837 3779 1094 3849 συνείρει,
1126 3781 1220 3833 καὶ
1249 3779 1450 3848 μύθους
1489 3781 1582 3833 καὶ
1604 3781 1820 3851 ιπῳδὰς

249 3873 536 3944 πανταχοῦ
565 3878 799 3943 καταχεῖ
819 3872 932 3926 τῶν
958 3873 1154 3939 λόγων.
1201 3873 1259 3927 ὐ
1291 3874 1466 3926 τοίνυν
1492 3876 1600 3927 πᾶν
1653 3873 1818 3940 μέρος

245 3967 407 4034 λόγου
437 3965 764 4033 συναγαγὼν
781 3966 1047 4034 ἠγνόησεν
1081 3965 1109 4018 ὅ
1138 3980 1189 4017 τι
1210 3962 1470 4018 καλοῦσιν
1491 3966 1540 4018 οί
1568 3954 1822 4018 ἀποδείκ-

246 4058 465 4119 νὺσντες
497 4057 716 4126 λῆμμα,
751 4056 818 4111 ἄν
855 4072 914 4110 τε
964 4040 1193 4125 λογικῶς
1229 4056 1295 4111 ἂν
1326 4072 1386 4108 τε
1419 4054 1820 4126 μαθηματικῶς

248 4145 534 4210 ἀποδεῖξαι
577 4146 672 4215 δέη
700 4162 715 4175 ο
753 4144 887 4198 ἀλλὰ
934 4145 1031 4215 τὴν
1083 4146 1352 4218 λοιδορίαν
1384 4147 1575 4216 λῆμμα
1632 4146 1825 4199 ἐκάλε-

252 4257 415 4292 σεν..
443 4280 458 4293 .
490 4279 505 4294 .
543 4241 651 4291 Καὶ
700 4238 1073 4308 ἀστρονομῶν,
1119 4241 1178 4291 ὲν
1234 4237 1458 4309 γλώσσῃ
1509 4240 1605 4307 μὲν
1667 4240 1820 4292 οὐδὲν

254 4338 410 4405 φέρει
446 4334 549 4401 τῆς
596 4334 934 4403 ἐπιστήμης,
978 4332 1228 4404 σφαιρῶν
1277 4334 1333 4386 δὲ
1366 4333 1672 4406 ἐμπίπλησι
1719 4336 1819 4404 τὴν

250 4433 462 4484 οἰκίαν·
496 4430 593 4484 καὶ
636 4431 812 4483 πάντα
870 4427 1089 4498 βιϐλίων
1129 4429 1288 4496 γέμει
1321 4429 1414 4481 καὶ
1461 4428 1819 4499 διαγραμμά-

253 4538 382 4575 των’
417 4523 515 4576 καὶ
566 4522 871 4590 σκίμποδας
927 4522 1020 4573 καὶ
1058 4520 1288 4590 ὀρόφους
1338 4522 1567 4590 μεστοὺς
1614 4520 1820 4573 ἐπιδεί-

1924 3334 2234 3404 philosophi,
2266 3334 2430 3403 quise
2458 3341 2504 3385 et
2542 3331 2845 3399 pra’sentia.
2879 3338 2925 3382 et
2960 3330 3162 3398 futura,
3205 3336 3253 3380 et
3296 3338 3493 3395 pra'te-

1923 3428 2028 3481 rita
2067 3428 2197 3480 scire
2253 3425 2533 3495 gloriatur.
2578 3421 2778 3490 Quippe
2831 3431 2881 3473 et
2960 3420 3282 3473 vaticinator
3329 3417 3493 3471 videri

1921 3520 2030 3574 vult
2060 3529 2145 3583 ;et
2172 3516 2456 3573 Chaldaica
2509 3515 2751 3584 quadam
2803 3509 3055 3574 annectit,
3089 3521 3136 3564 et
3173 3510 3418 3581 fabellas,
3442 3519 3492 3563 et

1923 3611 2164 3664 carmina
2204 3610 2410 3677 magica
2466 3605 2797 3659 orationibus
2855 3604 2964 3657 suis
2989 3603 3185 3672 passim
3239 3602 3489 3670 aspergit.

1922 3701 2111 3765 Itaque
2161 3699 2244 3751 hic
2303 3697 2395 3767 qui
2428 3696 2636 3766 singula
2681 3695 2893 3748 dicendi
2926 3709 3115 3762 genera
3177 3691 3412 3760 collegit,
3441 3691 3499 3743 id

1922 3792 2058 3861 quod
2082 3790 2146 3843 ab
2170 3788 2660 3860 argumentantibus
2701 3787 2833 3855 (sive
2876 3785 3043 3854 logica
3067 3784 3174 3837 sive
3198 3782 3491 3835 mathema-
3511 3760 3532 3780 ’

1923 3886 2027 3937 ticu
2051 3882 2492 3936 demonstratione
2512 3895 2639 3946 opus
2658 3879 2747 3946 sit)
2772 3876 2964 3930 lemma
2988 3876 3203 3940 dicilur,
3228 3874 3497 3944 quodnam

1923 3982 2050 4028 esset
2080 3973 2318 4037 nescivit,
2351 3978 2401 4025 'et
2425 3971 2562 4041 quod
2587 3970 2869 4023 conuitium
2903 3975 3040 4031 erat,
3090 3966 3279 4018 lemma
3303 3966 3357 4018 id
3405 3980 3494 4017 vo-

1923 4068 2080 4130 cavit,
2115 4078 2218 4119 etc.
2249 4062 2400 4116 ldem
2439 4078 2555 4115 cum
2598 4077 2678 4115 res
2711 4058 3097 4113 astronomicas
3133 4063 3353 4118 tractat,
3389 4070 3492 4106 non

1923 4176 2013 4214 ore
2043 4169 2091 4210 et
2124 4157 2309 4227 lingua
2338 4155 2615 4209 scientiam
2660 4154 2875 4222 pra’fert
2897 4191 2911 4216 ,
2952 4158 3007 4203 at
3037 4147 3256 4218 sphaeris
3276 4147 3495 4199 domum

1921 4253 2133 4321 implet:
2169 4250 2345 4302 omnia
2376 4248 2432 4301 vi
2458 4249 2603 4301 libris
2636 4256 2683 4301 et
2734 4246 2918 4315 ﬁguris
2966 4244 3242 4297 delineatis
3303 4242 3496 4310 referta

1921 4342 2335 4411 sunt:grabata
2400 4340 2510 4407 ipsa
2569 4349 2616 4392 et
2680 4349 2935 4391 tectorum
2975 4335 3193 4406 fastigia
3247 4333 3523 4403 doctrinm

1922 4435 2075 4504 plena
2104 4439 2348 4491 ostentat.
2393 4430 2595 4499 quidvis
2640 4428 2862 4494 denique
2915 4429 3089 4496 potius
3127 4442 3287 4493 quam
3350 4425 3500 4489 inge-

1923 4520 2088 4590 niun,
2155 4536 2253 4579 etc.
2312 4523 2587 4577 llominen
2647 4522 2822 4590 itaque
2855 4537 2954 4573 non
3018 4537 3079 4573 ea
3108 4536 3163 4572 re
3214 4518 3496 4578 admiror;

180 4664 189 4671 .
252 4631 416 4669 κνυσι
438 4617 540 4680 τῆς
560 4596 781 4683 σοφίας,
794 4619 886 4667 καὶ
914 4615 1085 4668 πάντα
1112 4613 1311 4684 μᾶλλον
1338 4612 1481 4684 ἢτὴν
1502 4613 1700 4683 ψυχήν.
1725 4653 1739 4668 .
1765 4654 1779 4669 .
1807 4653 1817 4668 .

1930 4623 2018 4673 sed
2039 4616 2177 4688 quod
2206 4616 2452 4684 potuerit,
2518 4630 2633 4666 cum
2662 4614 2912 4678 docendo,
2985 4620 3095 4663 tum
3135 4606 3403 4670 discendo,
3439 4606 3499 4658 in

257 4710 330 4760 Οὐ
361 4707 525 4761 τοῦτο
553 4706 735 4760 τοίνυν
788 4705 1051 4775 θαυμάζω
1075 4708 1165 4759 τὸν
1194 4707 1480 4776 ἄνθρωπον
1504 4723 1516 4738 ο
1543 4706 1657 4758 ἀλλ’
1696 4706 1817 4760 ἀνθ’

251 4792 326 4850 ὦν
355 4798 612 4868 ἐδυνήθη,
645 4800 713 4851 τὰ
771 4799 869 4869 μξν
896 4798 1181 4862 διδάσκων,
1209 4800 1276 4852 τὰ
1336 4799 1391 4851 δὲ
1425 4798 1734 4868 μανθάνων,
1765 4797 1823 4849 ἐν

255 4893 497 4961 τοσούτῳ
530 4892 758 4959 πελάγει
788 4891 884 4945 καὶ
912 4892 1105 4962 χρόνου
1147 4894 1245 4948 καὶ
1276 4892 1471 4961 λόγων,
1520 4892 1618 4965 τὴν
1649 4892 1826 4963 ψυχὴν

257 4986 437 5055 ἅμαθῆ
490 4985 861 5055 διατηρῆσαι·
901 4988 1153 5055 καθάπερ
1193 4986 1322 5050 τοὺς
1382 4988 1824 5054 θαυματοποιοὺς

259 5076 640 5146 θαυμάζομεν,
707 5078 940 5142 ἀπαθεῖς
997 5079 1184 5132 κακῶν
1237 5081 1334 5133 καὶ
1393 5079 1506 5149 πῦρ
1544 5082 1636 5132 καὶ
1682 5081 1823 5150 ὕδωρ

260 5170 349 5220 καὶ
389 5168 524 5238 ξίφη
554 5168 633 5221 διε
642 5168 960 5237 ρχομένους.

636 5259 699 5313 In
741 5259 983 5328 Cregoraz
1039 5260 1410 5315 deliramenta.

330 5353 395 5405 At
423 5352 709 5423 Gregoras,
754 5354 835 5405 vir
875 5352 1070 5406 scilicet
1098 5353 1542 5421 sapientissimus,
1578 5368 1641 5404 ac
1688 5351 1736 5405 si
1780 5351 1827 5402 ei

264 5448 387 5498 satis
415 5462 521 5497 non
538 5446 607 5498 sit
646 5442 934 5513 Byzantios
961 5445 1014 5497 in
1046 5445 1129 5496 sui
1162 5444 1570 5497 admirationem
1611 5459 1826 5495 conver-

267 5537 400 5600 tisse,
448 5540 588 5602 ipsos
640 5552 846 5605 quoque
904 5534 1411 5593 Thessalonicenses.
1440 5535 1822 5595 dalislilleris,

264 5627 312 5679 in
333 5644 453 5681 snas
489 5627 677 5682 laudes
705 5629 859 5697 cogit.
892 5636 939 5679 et
959 5628 1175 5680 adorari
1199 5643 1254 5680 se
1275 5635 1485 5678 tantum
1516 5642 1615 5678 non
1640 5626 1823 5694 jubet;

265 5733 438 5787 nempe
466 5720 532 5772 ab
570 5719 867 5772 hominibus
898 5719 1092 5781 liberis,
1128 5718 1218 5787 qui
1251 5717 1387 5771 nihil
1414 5717 1483 5770 ad
1510 5718 1823 5787 cujusquam

333 5836 612 5909 (87)_Vide
640 5836 903 5903 opuscula
957 5836 1158 5894 Nicolni
1192 5838 1472 5905 Cabasilse,
1525 5839 1650 5894 cod.
1685 5837 1816 5909 Reg.

268 5907 417 5970 2965i,
451 5907 543 5961 fol.
580 5906 685 5962 '28":

1933 4721 2079 4765 tanto
2105 4710 2353 4776 temporis
2395 4718 2441 4761 et
2466 4703 2890 4777 [perpetuarum]
2921 4703 3125 4757 dicendi
3158 4701 3498 4756 exercitatio-

1933 4821 2057 4858 num
2082 4800 2363 4860 rurriculo,
2387 4802 2567 4853 rudem
2597 4808 2645 4851 et
2677 4798 2975 4866 imperitum
2997 4795 3230 4846 animum
3253 4808 3495 4855 servare;

1932 4897 2109 4949 itidem
2155 4902 2210 4947 ut
2236 4893 2641 4962 prestigiatores
2677 4890 3032 4952 admiramur,
3082 4889 3274 4959 ignem,
3307 4888 3503 4955 undas,

1922 4988 2147 5060 gladios,
2181 4987 2393 5052 impune
2427 4993 2876 5054 pertranseuntes.

1924 5103 2018 5159 111.
2066 5100 2176 5155 Τοῦ
2219 5096 3037 5176 ΛαμπηνοῦὟιξρχίικιίιιιώτου
3079 5097 3167 5163 εἱς
3202 5096 3306 5149 τὸν
3342 5097 3499 5163 Epir-

2531 5186 2627 5236 τοι
2639 5170 2716 5223 ἄν
2749 5170 2883 5237 (88).
3534 5177 3547 5185 ‘

2002 5282 2020 5315 ι
2067 5259 2179 5316 Εἶτ’
2203 5265 2260 5325 ἐς
2298 5262 2520 5331 ἄγαλμα
2563 5263 2661 5327 μὲν
2694 5264 2758 5315 ἄν
2794 5279 2876 5323 τις
2918 5261 3118 5332 βλέψας
3157 5259 3368 5327 εὐφυῶς
3402 5261 3507 5328 τῆς

1930 5358 2123 5426 τέχνης
2157 5356 2295 5425 ἔχων
2326 5357 2426 5409 οὐκ
2459 5354 2524 5409 ἂν
2554 5356 2723 5425 δήπου
2763 5355 2960 5425 ῥᾳδίως
2996 5354 3268 5421 ἀποσταίη
3307 5354 3387 5405 ὅτι
3426 5352 3503 5421 μὴ

1931 5449 2027 5502 σὺν
2057 5448 2241 5518 ἀηδίᾳ,
2274 5446 2388 5500 ἀλλ’
2414 5448 2724 5519 ἀκορέστως
2755 5448 2867 5512 ἕξει
2894 5449 2991 5513 τῆς
3022 5446 3129 5499 ἀπὸ
3158 5445 3250 5498 τοῦ
3283 5445 3507 5514 βλέπειν

1930 5541 2122 5610 ἡδονῆς
2142 5556 2157 5569 ·
2187 5540 2312 5602 τοὺς
2335 5539 2391 5592 δὲ
2415 5542 2525 5600 τοῖς
2552 5542 2661 5601 σοῖς
2692 5540 2874 5605 λόγοις
2901 5534 3015 5591 οἷον
3043 5537 3310 5607 ἐμψύχοις
3338 5536 3503 5602 ἀγάλ.

1932 5630 2095 5697 μασιν
2122 5630 2523 5694 ὲνατενίςοντας
2554 5630 2667 5684 ἔστι
2700 5630 2860 5700 κόριν
2891 5628 2984 5683 τοῦ
3017 5629 3249 5692 κάλλους
3279 5627 3463 5681 λαῦεῖν
3482 5665 3505 5693 ,

1928 5723 1960 5793 ἢ
1990 5723 2180 5775 θᾶττον
2206 5722 2315 5776 ἀπὸ
2343 5722 2544 5776 τούτων
2572 5723 2901 5792 ἀναχωρεῖν,
2928 5720 2963 5774 ἃ
2986 5721 3111 5783 τοὺς
3137 5720 3231 5787 τῆς
3260 5720 3504 5781 διανοῗαί

1931 5836 2424 5962 ῃρὲἓῗᾶλῃῇρεθτὶριιι
2449 5858 2512 5897 ex
2552 5842 2675 5896 cod.
2724 5840 3008 5903 Vaticano,
3043 5852 3205 5892 manu
3239 5834 3301 5889 Β.
3340 5834 3400 5896 P.
3438 5835 3499 5889 D.
