4002 6600
222 423 282 485 65
1221 428 1643 490 ΝῘΟΕΡΗΟΒΙ
1680 429 2069 492 ϐἰῖΕϐΟΙῖίΕ
2114 432 2427 494 ELOGIA.
3379 439 3452 500 δι)

222 547 426 595 νεγκας,
469 531 601 601 μετᾶ
641 532 847 600 ταύτης
889 532 1063 604 δήπου
1110 539 1207 592 καὶ
1251 544 1365 606 τοῖς
1410 546 1539 614 περὶ
1581 547 1802 615 αὐτῶν⁴

1872 542 2023 607 Quod
2044 552 2217 613 autem
2253 562 2355 597 non
2387 554 2577 600 temere
2611 547 2663 599 id
2696 564 2726 599 α
2760 563 2836 601 tne
2864 548 2955 602 nec
2979 550 3050 603 ad
3082 552 3311 619 gratiam
3343 552 3450 604 ullo

222 624 435 685 ἐπαίνοις
462 625 798 694 ἐγχειρῆσαι.
825 627 897 681 Σὺ
923 629 967 682 δ’
991 630 1137 699 ἡμᾶς
1166 631 1357 704 ὥσπερ
1383 634 1595 706 παρὼν,
1623 638 1764 692 οὕτω

1872 635 2024 688 modo
2058 637 2286 697 dicatur.
2308 654 2423 690 cum
2454 640 2562 692 alia
2593 640 2755 693 multa
2782 622 2998 695 abunde.
3018 643 3315 707 declarant,
3340 655 3450 697 tum

221 715 299 766 καὶ
328 713 475 767 ἀπὼν
506 714 842 784 εὐφραίνεις.
875 721 1134 791 Ἔχοντες
1172 725 1271 793 μὲν
1302 727 1409 796 γὰρ
1440 729 1677 794 «arma»;
1708 732 1765 782 ἐν

1869 745 1949 789 ea,
1981 745 2098 798 qua:
2139 731 2321 783 statim
2355 733 2592 784 dicturus
2634 750 2771 788 sum.
2803 735 2907 787 Alii
2931 735 3143 804 quidem
3190 737 3327 790 alias
3365 739 3449 788 di-

222 806 397 876 χεροῖν,
438 804 622 877 ὥσπερ
662 809 832 875 εἰκὸς,
875 814 1306 884 ἐκαρπούμεθα·
1349 820 1411 872 τὸ
1448 818 1491 873 δ’
1519 818 1658 875 εἶναι
1700 825 1766 894 τῇ

1874 820 2122 889 sciplinas
2155 822 2342 875 et'alia
2372 824 2547 877 studia
2578 826 2799 895 professi
2838 839 2982 884 sunt,
3015 838 3169 895 prout
3207 829 3454 895 cujusque

222 897 427 968 βασιλίδι
453 898 562 950 τῶν
591 899 800 954 πόλεων
835 906 930 956 καὶ
961 906 1208 979 ἡμετέρᾳ
1239 911 1463 978 πατρίδι
1495 914 1767 983 τοσαύτην

1873 912 2109 967 voluntas
2139 923 2187 968 et
2215 916 2512 970 institutum
2541 917 2663 986 fuit,
2691 928 2783 971 aut
2818 928 2895 977 (ut
2932 922 3101 974 verius
3129 920 3326 987 dicant)
3359 937 3453 973 na-

222 990 522 1059 φιλοτιμίαν,
556 992 736 1062 πάσης
764 995 958 1066 ἡδονῆς
986 1000 1316 1073 ἐμπίπλησι.
1347 1004 1457 1057 Καὶ
1484 1006 1635 1077 τόπῳ
1668 1009 1766 1076 μὲν

1871 1014 1990 1059 tura
2029 1022 2046 1059 :
2086 1007 2138 1059 in
2177 1007 2363 1077 quibus
2402 1025 2518 1062 cum
2558 1010 2920 1064 exet-(luissem
2973 1023 3020 1063 et
3072 1012 3141 1064 ad
3188 1028 3451 1065 summum

220 1082 536 1151 διεστηκότες
570 1083 834 1157 φιλοῦμεν
862 1089 960 1158 οὐχ
995 1085 1155 1161 ἦττον
1189 1093 1223 1164 ἢ
1259 1095 1529 1165 παρόντες
1553 1113 1568 1128 ⁸
1603 1100 1764 1153 αὐτοι

1865 1099 2237 1163 pervenissent,
2273 1111 2380 1152 tum
2428 1102 2636 1154 demum
2675 1104 2888 1156 a’mulcs
2930 1112 2979 1155 et
3011 1106 3268 1157 similibus
3296 1105 3445 1158 labo-

223 1172 502 1243 προσώπως
545 1176 600 1228 δὲ
644 1179 743 1229 οὐκ
785 1180 928 1247 ἐξὸν,
973 1183 1216 1247 διανοέας
1262 1187 1344 1240 σοι
1386 1205 1453 1257 γε
1500 1191 1767 1260 κινήμασι

1872 1189 2010 1243 ribus
2040 1192 2350 1246 exercitatos
2399 1192 2490 1246 risi
2514 1205 2631 1246 sunt
2679 1210 2978 1261 superasse.
3015 1197 3081 1247 At
3122 1206 3176 1247 tu
3220 1196 3354 1249 nihil
3379 1204 3452 1250 cst

225 1266 481 1335 σύνεσμεν.
512 1267 625 1339 Τὴν
656 1272 842 1338 μέντοι
884 1274 1046 1341 φύσιν
1076 1276 1171 1345 τὴν
1205 1278 1304 1349 σὴν
1333 1282 1445 1343 τοῖς
1484 1282 1767 1355 ὑμετέροις

1874 1280 1940 1334 ad
1976 1291 2112 1351 quod
2158 1294 2316 1339 natus
2360 1301 2458 1337 non
2495 1286 2599 1350 sis;
2631 1287 2782 1347 nihil,
2816 1303 2915 1352 quo
2951 1304 3051 1340 non
3088 1298 3136 1339 te
3164 1289 3333 1354 ipsum
3360 1305 3454 1357 ag-

224 1360 376 1427 ὶόγοις
412 1362 713 1432 ἐνορῶμεν,
752 1368 850 1417 καὶ
882 1367 980 1436 τῆς
1024 1371 1123 1440 σῆς
1162 1372 1239 1434 si;
1284 1377 1507 1443 μνήμην
1542 1376 1766 1446 ἥκοντες

1871 1376 2203 1442 gregaveris;
2238 1362 2395 1435 nihil.
2424 1377 2476 1430 in
2506 1394 2607 1445 quo
2639 1377 2781 1430 haud
2814 1378 3114 1448 felicissime
3142 1379 3451 1435 eTaboruris.

222 1450 491 1522 διατριϐῆς,
522 1455 619 1507 καὶ
646 1455 756 1507 τῶν
780 1458 1049 1528 ὁσημέραι
1077 1461 1391 1528 φοιτώντων
1415 1465 1514 1534 τὴν
1542 1466 1767 1537 ’Δκαδη-

1871 1466 1976 1521 Sed
2010 1466 2063 1518 in
2112 1468 2348 1521 omnibus
2391 1470 2468 1521 sic
2520 1480 2782 1529 versatus.
2837 1482 2893 1524 ut
2939 1489 3087 1526 nemo
3127 1473 3179 1524 in
3208 1473 3451 1542 singulis,

226 1544 333 1610 μίαν
362 1545 450 1595 καὶ
479 1545 544 1597 τδ
579 1545 818 1601 Λύκειον
851 1552 1257 1621 φανταζόμεοα.
1295 1555 1404 1609 Καὶ
1446 1559 1530 1611 σοι
1568 1557 1666 1627 μὲν
1699 1559 1769 1611 τὰ

1873 1556 1949 1633 tui
1976 1565 2024 1609 et
2059 1566 2366 1611 cteterorum
2402 1560 2681 1615 discrimen
2730 1563 2937 1616 evidens
2983 1563 3171 1626 fecisti.
3221 1563 3357 1617 Nam
3399 1568 3453 1616 in

225 1636 452 1689 κάλλιστα
482 1639 659 1692 ταῦτα
696 1643 1067 1714 συγχαίρομεν
1089 1658 1104 1671 ’
1140 1648 1522 1721 μακαρίζομεν
1549 1652 1593 1705 δ’
1617 1654 1767 1722 ἡμᾶς

1872 1650 2054 1719 quibus
2080 1650 2446 1719 particulatim
2475 1654 2692 1722 quisque
2713 1656 3036 1725 prtecipuam
3059 1667 3107 1709 et
3130 1652 3452 1722 sirigularem

225 1728 395 1789 αὐτοὺς
427 1730 523 1798 τῆς
569 1732 676 1801 σῆς
719 1736 860 1787 κατὰ
895 1735 988 1789 τὸν
1022 1736 1139 1807 βίον
1179 1742 1350 1809 φορᾶς
1390 1742 1484 1796 καὶ
1527 1745 1763 1799 συνόδου.

1872 1757 2081 1811 operam
2127 1753 2431 1811 posuerunt,
2476 1745 2531 1799 in
2561 1746 2626 1800 iis
2668 1748 2922 1816 quosdam
2971 1765 3335 1817 supergressus
3378 1767 3452 1812 es,

227 1820 307 1887 liii;
349 1820 399 1871 δέ
447 1836 507 1872 σε
560 1824 702 1877 κάπὶ
755 1826 1009 1882 πλεῖστον
1056 1830 1345 1902 προελθιτν
1392 1834 1488 1888 τοῦ
1536 1837 1763 1907 χρόνου,
1803 1906 1807 1913 Α

1873 1849 1987 1887 cum
2018 1834 2139 1888 aliis
2171 1836 2235 1889 de
2264 1835 2445 1902 palma
2476 1839 2820 1901 contendisti;
2851 1856 3109 1912 nusquam
3154 1843 3294 1906 infra
3339 1847 3453 1913 pri-

224 1910 347 1971 am;
374 1911 463 1963 καὶ
492 1914 740 1969 πλεῖστοι
768 1917 873 1971 τῶν
906 1920 1037 1990 (95)
1064 1923 1287 1991 ἀγαθῶν
1319 1905 1646 1998 μετάσχοιεν
1673 1928 1768 1983 ἄν·
1800 1910 1804 1959 ί

1873 1940 1982 1977 mos
2014 1924 2292 1978 substitiin
2316 1942 2335 1980 :
2372 1927 2498 1989 imo,
2529 1939 2582 1980 ut
2613 1932 2921 1985 summatim
2960 1934 3154 1996 dicam,
3194 1952 3327 1987 unus
3361 1936 3453 1989 hos

225 2003 417 2072 θρωπςι.
1871 2029 2047 2069 ontnes
2080 2033 2136 2070 re
2177 2018 2291 2087 ipsa
2329 2021 2611 2087 superasti,
2647 2037 2708 2075 eo
2749 2025 2890 2089 quod
2937 2027 3001 2077 ab
3050 2025 3155 2080 illis
3207 2027 3454 2096 pleraque

486 2098 795 2172 Lampenus
819 2104 1195 2165 Τανειιαηξοιεε
1219 2109 1480 2184 angoris,
1872 2107 2180 2175 multiplicis
2225 2111 2480 2165 doctrina:
2531 2128 2720 2181 genera
2771 2114 2999 2184 neglecta
3038 2128 3192 2180 sunt;
3228 2129 3282 2171 tu
3333 2135 3453 2172 vero

282 2187 460 2260 Nempe
489 2194 730 2263 quilibet,
777 2199 939 2253 habili
971 2202 1042 2254 ad
1069 2204 1459 2273 percipiendam
1495 2213 1662 2261 artem
1688 2208 1774 2261 in-
1871 2203 2114 2257 uniuersa
2136 2202 2296 2256 simul
2319 2214 2680 2273 perscrutatus
2709 2222 2785 2271 es,
2819 2216 2868 2260 et
2890 2222 2955 2261 ea:
2979 2210 3121 2263 omni
3145 2210 3453 2264 eruditionis

224 2283 348 2349 genio
385 2284 668 2353 praeditus,
705 2289 752 2342 si
782 2291 1126 2347 simulacrum
1163 2297 1453 2365 aspexerit,
1487 2313 1589 2351 non
1616 2299 1773 2370 [αείιε
1870 2303 2024 2361 parte
2065 2294 2266 2364 [ructus
2304 2295 2525 2347 eximios
2573 2297 2895 2364 produxisti,
2933 2298 3187 2369 habesque
3216 2301 3280 2354 ab
3310 2303 3454 2355 omni

224 2372 277 2425 ab
302 2387 353 2427 eo
380 2390 467 2427 nec
493 2377 603 2431 nisi
632 2380 843 2435 moleste
858 2384 1101 2450 discedet,
1130 2403 1194 2440 ac
1220 2388 1490 2455 spectandi
1507 2389 1773 2462 uoluptate
1870 2387 2089 2442 scientia
2133 2387 2333 2455 [uittam
2365 2396 2413 2440 ει
2465 2403 2687 2452 ποτηεηί
2719 2389 2796 2442 δίε
2825 2402 2880 2443 IN
2916 2400 3119 2459 Ροειαηι
3161 2402 3229 2451 ιε.
3275 2400 3455 2446 0'0‘0'

223 2467 393 2535 expleri
436 2486 538 2524 non
601 2475 842 2539 poterit:
880 2477 999 2531 illos
1051 2490 1226 2535 autem
1277 2484 1366 2552 qui
1403 2484 1456 2537 in
1506 2488 1772 2543 οναιξοηεε
1873 2494 2004 2541 rem,
2037 2478 2344 2545 saphistam,
2380 2477 2711 2543 historicum,
2748 2489 2796 2532 et
2823 2480 2946 2534 aliis
2979 2481 3196 2549 singulis
3223 2482 3452 2534 nomini-

223 2573 341 2626 tuas,
366 2565 513 2632 quasi
541 2565 603 2618 in
633 2567 920 2623 simulacra
948 2572 1213 2637 animata,
1255 2574 1417 2629 oculis
1459 2577 1646 2645 deﬁxis
1665 2580 1771 2633 hee-
1875 2571 1968 2625 bus
1998 2571 2043 2624 si
2075 2571 2192 2640 quis
2233 2568 2524 2637 compellet,
2564 2572 2607 2625 is
2630 2587 2661 2624 a
2697 2588 2813 2625 vero
2855 2571 3199 2625 aberraturus
3234 2589 3333 2625 non
3362 2575 3449 2627 sit.

220 2665 333 2721 ἐπεν
365 2656 498 2719 lu“.
531 2658 781 2728 inquam.
804 2662 1008 2729 pulchri
1023 2666 1247 2727 satietas
1272 2669 1464 2736 capiet,
1487 2678 1582 2723 aut
1615 2670 1770 2727 citing
1872 2662 1998 2717 1am
2043 2663 2109 2716 ab
2155 2661 2502 2731 philosophia,
2542 2663 2883 2716 scientiarum
2919 2666 3310 2733 augustissima,
3338 2664 3455 2730 quis

218 2748 249 2801 ίὶ
272 2749 513 2803 discedent
551 2751 626 2804 ab
652 2751 759 2806 illis
788 2755 954 2817 rebus,
986 2773 1103 2826 qua:
1130 2760 1400 2814 oculorum
1432 2763 1617 2816 mentis
1642 2779 1771 2833 ερα-
1875 2771 1994 2811 uere
2038 2764 2110 2809 est
2142 2754 2555 2809 denominatus?
2587 2752 2776 2808 Nonne
2812 2754 2876 2818 is,
2916 2755 3007 2823 qui
3045 2771 3147 2808 nan
3186 2754 3353 2808 solum
3399 2771 3456 2807 re

220 2839 272 2892 lie
297 2850 339 2894 et
365 2840 565 2897 delicia-
596 2829 716 2897 sunt
737 2846 764 2899 .9
804 2844 872 2900 ld
899 2850 1104 2917 quidem
1143 2868 1313 2915 nemo,
1350 2864 1405 2907 ut
1436 2856 1644 2924 opinor,
1670 2829 1773 2910 vdi.
1873 2847 1954 2918 (ut
1981 2848 2057 2901 ita
2088 2847 2282 2914 dicam)
2313 2846 2647 2914 philosophus
2673 2853 2769 2910 est,
2790 2844 2879 2898 sed
2905 2845 2991 2898 cui
3014 2846 3108 2898 hoc
3125 2861 3308 2899 nomen
3340 2844 3454 2913 (94)

221 2942 370 2988 cturus
399 2945 494 2999 est,
529 2939 628 3007 qui
667 2939 888 2995 rationi;
925 2958 1023 2995 usu
1071 2944 1360 3000 instructu;
1389 2949 1476 3002 εει,
1508 2948 1640 3019 Ego,
1670 2965 1771 3019 quo
1871 2939 1938 2993 ab
1971 2939 2211 2993 omnibus
2264 2955 2356 3006 pro
2403 2938 2510 2991 alia
2561 2938 2749 3007 quavis
2782 2937 3136 3007 appellatione
3169 2936 3457 2991 tribuitur?

220 3035 414 3091 tempore
444 3046 703 3098 magnam
737 3032 914 3086 urbem
940 3034 1269 3102 habitabant,
1313 3039 1599 3109 ρηιιειαναε
1652 3050 1772 3096 tua;
1878 3030 2032 3085 Multi
2064 3029 2402 3097 philosophia
2435 3031 2748 3084 studuerunt
2776 3044 2794 3082 :
2823 3046 2959 3084 unus
2996 3039 3051 3083 tu
3090 3045 3278 3084 nomen
3303 3045 3368 3083 ea:
3389 3045 3453 3083 ea

219 3118 572 3187 disputationes
628 3123 814 3177 mirari
862 3125 1003 3180 haud
1052 3126 1349 3184 desinebant
1408 3145 1428 3182 ε
1465 3147 1614 3186 nemo
1658 3141 1770 3187 erat
1873 3124 2088 3179 sortitus
2129 3138 2183 3176 es
2214 3125 2485 3193 eximium.
2526 3120 2732 3176 Etenim
2762 3137 2938 3176 rerum
2967 3123 3312 3193 cognitionem
3345 3139 3458 3176 cer-

219 3213 438 3278 ersditus,
471 3214 567 3284 qui
606 3231 711 3269 non
740 3219 971 3274 conscius
1002 3220 1128 3275 mihi
1158 3231 1289 3276 esset
1316 3223 1661 3293 applaudenti
1686 3225 1799 3281 ina

1875 3224 1985 3267 tam
2026 3212 2117 3266 tibi
2158 3212 2428 3281 providere
2464 3221 2511 3265 et
2540 3214 2730 3266 harum
2767 3228 2961 3266 causas
2999 3214 3227 3283 perfecte
3273 3213 3453 3278 explo-

219 3304 333 3372 genii
366 3306 440 3358 tui
501 3308 719 3377 fetibus,
764 3320 813 3363 et
853 3312 1149 3380 honoriﬁcis
1193 3316 1469 3382 prteconiis
1514 3332 1599 3371 eos
1636 3333 1774 3371 com-

1877 3325 1997 3362 rare
2025 3327 2143 3364 cum
2176 3310 2350 3377 velles,
2383 3309 2762 3382 physiologiam
2795 3312 3002 3380 quidem
3049 3311 3368 3375 universam,
3403 3318 3452 3365 et

222 3400 480 3453 mendanti.
512 3399 581 3453 At
618 3416 755 3453 nunc
795 3418 881 3457 eos
914 3404 1092 3471 libros,
1128 3421 1255 3471 quos
1284 3407 1377 3461 hoc
1410 3423 1552 3465 anno
1594 3409 1649 3462 in
1697 3409 1776 3463 tu-
1877 3401 2217 3473 theologiam,
2264 3414 2311 3458 et
2364 3404 2561 3474 logicas
2616 3404 3100 3474 argumentationes
3148 3404 3452 3471 diligentius

224 3505 311 3541 mn
353 3491 600 3557 ειηῇεδειῑ,
641 3493 807 3563 magis
854 3495 1121 3561 admiror;
1171 3514 1475 3569 quanquam
1539 3502 1775 3572 egregias
1830 3562 1839 3569 _
1874 3496 2258 3565 pervestigasti,
2288 3514 2447 3567 quam
2471 3515 2533 3551 ea
2559 3513 2673 3565 qua:
2701 3496 2953 3550 dicuntur
2974 3496 3268 3548 rudimenta
3294 3492 3454 3558 primi

224 3585 455 3639 orationes
496 3602 663 3656 quam
703 3587 958 3653 plurimas
978 3588 1096 3659 jam
1123 3600 1245 3645 ante
1278 3593 1537 3658 edideras,
1571 3612 1773 3650 ηιοηιηι
1876 3602 2155 3656 puerorum
2199 3589 2456 3641 doctores.
2512 3588 2642 3642 Tum
2694 3588 3031 3643 scientiarum
3071 3587 3452 3656 primariarum

220 3676 468 3743 grai-itote,
495 3678 883 3731 sententiarum
910 3679 1181 3750 dignitate,
1207 3683 1476 3736 uerborum
1497 3685 1775 3754 majestate
1875 3696 1966 3733 seu
2003 3680 2383 3734 mathematum
2436 3681 2607 3735 studio
2656 3681 2708 3734 id
2772 3691 3039 3735 assumus
3083 3695 3158 3739 εδ.
3207 3690 3262 3730 κε
3325 3677 3452 3731 εοιίε
3515 3746 3524 3753 ,

221 3768 357 3819 ιιιΙιὶιο
398 3769 681 3837 inferiores
727 3768 962 3823 Platonis
1002 3772 1347 3827 orationibus.
1392 3774 1595 3844 Quippe
1621 3785 1669 3828 et
1709 3776 1772 3844 ᾗ·
1876 3781 2075 3827 motum
2105 3782 2153 3827 et
2195 3790 2429 3835 cursum,
2489 3770 2807 3843 reliquorum
2866 3775 3098 3827 siderum
3152 3782 3450 3841 potestates,

218 3861 339 3926 guris
368 3870 411 3913 et
443 3862 822 3931 compositione
854 3871 902 3915 et
956 3865 1225 3918 verborum
1270 3875 1395 3935 apta
1435 3867 1775 3922 collocatione
1879 3868 2038 3921 totius
2082 3869 2266 3922 mundi
2314 3876 2364 3922 et
2410 3869 2642 3937 partium
2676 3867 2788 3936 ejus
2832 3869 2967 3922 inter
3012 3884 3067 3920 se
3104 3882 3453 3920 connuarum

220 3954 543 4019 stronjuncta
594 3969 713 4007 cum
748 3956 1005 4009 suavitate
1051 3958 1201 4026 copia
1243 3968 1291 4012 et
1333 3960 1687 4027 persuadendi
1725 3963 1775 4015 oi
1878 3972 2219 4027 concentum,
2291 3962 2721 4031 dispositionem,
2783 3960 3207 4029 proportionem.
3285 3962 3452 4026 magis

223 4044 447 4097 rhetorica
504 4046 636 4098 illas
685 4047 1038 4117 tequiparant,
1085 4065 1201 4119 qua:
1243 4049 1309 4103 ab
1344 4054 1594 4106 oratoria:
1641 4054 1775 4108 artis
1877 4070 2035 4125 quam
2062 4053 2203 4106 alius
2241 4054 2516 4123 quisquam
2552 4052 2885 4121 intelligens.
2932 4050 3063 4116 Qua:
3116 4060 3171 4103 tu
3220 4050 3452 4102 docendo

220 4132 423 4208 principe
441 4139 768 4193 elucubratte
803 4141 1143 4211 fuerunt.Ad
1167 4143 1484 4212 ejuscemodi
1513 4144 1777 4200 orationes
1878 4165 1996 4201 cum
2047 4162 2257 4199 enarres
2309 4155 2356 4199 et
2413 4145 2657 4212 plurimis
2713 4142 2983 4212 discipulis
3021 4143 3225 4208 tradas,
3273 4146 3454 4210 singu-

223 4245 317 4282 ctnn
349 4241 393 4283 et
426 4233 763 4301 magnanimi
804 4233 1075 4296 Demetrii,
1108 4244 1156 4287 et
1192 4236 1306 4305 ejus
1331 4253 1446 4307 quc
1488 4236 1650 4292 Deum
1682 4255 1777 4292 ar-
1880 4241 1942 4295 lis
1966 4256 2061 4309 pro
2088 4256 2182 4293 suo
2226 4249 2386 4308 captu
2433 4238 2832 4308 accipientibus,
2877 4252 2979 4289 non
3031 4238 3167 4288 sines
3223 4236 3454 4303 philoso-

224 4326 346 4377 conis
375 4326 673 4379 rationibus
705 4327 924 4395 peperit,
957 4326 1140 4380 laudes
1181 4327 1513 4397 adjunxeris.
1548 4345 1777 4401 quonam
1877 4334 2077 4404 phiam,
2113 4332 2263 4396 cuius
2311 4331 2388 4385 rei
2429 4330 2682 4398 possessio
2713 4328 2910 4382 homini
2958 4326 3310 4406 pulcherrima
3354 4338 3452 4389 est,

228 4420 399 4487 (putas)
439 4436 569 4489 erga
609 4429 659 4472 te
697 4436 851 4473 sensu
904 4420 1119 4490 affecisti
1162 4421 1420 4489 politioris
1463 4422 1778 4477 litteratura:
1879 4427 2081 4496 penitus
2110 4440 2173 4477 ea:
2198 4421 2494 4476 hominibus
2527 4420 2788 4475 sublatam
2826 4420 3099 4473 obscurari
3131 4432 3149 4470 :
3185 4418 3273 4471 sed
3303 4418 3454 4471 libris

223 4512 495 4566 studiosos?
529 4506 791 4581 liquide/ni
832 4522 1080 4583 quotquot
1121 4515 1202 4568 hic
1233 4515 1446 4584 degunt,
1472 4529 1557 4567 eos
1576 4514 1778 4583 prim'us
1880 4518 2074 4585 majori
2116 4513 2489 4584 perspicuitate
2520 4512 2824 4579 cimpositis
2861 4509 3206 4579 quorumdam
3244 4512 3456 4562 ol‘scurc

226 4617 275 4653 ac
309 4604 439 4657 solus
477 4620 685 4657 mecum
724 4604 777 4656 in
816 4606 1221 4658 admirationem
1271 4605 1444 4674 rapui.
1471 4603 1621 4669 Quod
1659 4605 1705 4658 si
1736 4612 1783 4657 cl
1814 4595 1859 4653 D
1885 4611 2022 4663 dicta
2046 4604 2377 4675 reformabis,
2421 4600 3043 4673 interpretationibusque
3083 4610 3132 4655 et
3187 4602 3456 4667 prleceptis

226 4695 338 4749 illud
362 4700 463 4751 dici
493 4697 666 4760 debet,
713 4698 880 4767 magis
918 4698 1149 4766 profecto
1177 4714 1333 4765 quam
1379 4710 1535 4751 antea
1584 4697 1783 4766 ingenii
1884 4702 2147 4754 auditores
2188 4702 2262 4753 ita
2309 4698 2533 4763 erudies,
2584 4707 2638 4749 ut
2684 4711 2798 4748 eam
2846 4694 3119 4747 scientiam
3164 4694 3454 4761 pos.'eritati

227 4786 288 4836 lui
314 4787 614 4856 magnitudo
643 4803 781 4840 nunc
824 4787 1030 4840 demum
1060 4787 1247 4840 eluxit.
1284 4785 1553 4839 Nimirum
1585 4787 1781 4839 doctri-
1882 4794 2152 4861 ﬂorentem
2212 4790 2619 4845 transmissurus
2678 4789 2769 4841 sis.
2825 4790 2895 4841 Ac
2956 4785 3193 4839 nonnulli
3249 4785 3456 4853 quidem

229 4894 331 4929 nam
356 4880 406 4929 in
436 4882 540 4931 tuis
580 4878 822 4946 operibus
856 4878 1198 4941 reconditam,
1235 4878 1430 4946 partim
1461 4894 1492 4930 a
1523 4876 1782 4947 plerisque

1883 4894 2136 4949 oratores,
2172 4899 2288 4935 cum
2322 4884 2528 4951 ingenio
2570 4882 2739 4934 minus
2776 4879 3030 4942 valerent,
3066 4878 3282 4930 dicendo
3311 4876 3457 4941 (erige

227 4970 527 5045 ignoratum,
558 4970 753 5039 partim
777 4986 977 5031 eorum,
1009 4970 1097 5039 qui
1125 4979 1383 5035 utcunque
1414 4968 1779 5038 intelligerent,

1882 4980 2258 5048 praastiterunt.
2294 4976 2400 5028 Alii
2430 4988 2610 5028 contra
2644 4974 2967 5042 intelligendi
2993 4972 3301 5042 facultatep:
3324 4970 3456 5021 (fen—

230 5068 583 5133 prnmeditatte
620 5066 832 5119 invidia:
878 5065 1178 5127 obnoxiam,
1228 5072 1485 5133 quantum
1536 5064 1588 5115 in
1632 5063 1778 5115 nobis
1886 5080 1960 5124 tes
1995 5072 2115 5123 rudi
2140 5078 2190 5123 et
2230 5069 2575 5135 incomposito
2608 5082 2842 5120 sermone
2898 5066 2977 5117 usi
3012 5075 3152 5116 sunt.
3190 5062 3457 5126 Qtvmlum

230 5160 310 5225 [nit
339 5161 405 5211 ita
438 5161 808 5228 explicuimus,
845 5169 900 5210 ut
930 5167 977 5210 et
1018 5156 1179 5210 invidi
1205 5155 1461 5225 prwcluso
1485 5172 1572 5208 ore
1598 5156 1780 5208 obmu-
1880 5166 2079 5223 rideas,
2126 5164 2287 5215 etiam
2332 5160 2469 5230 quod
2502 5162 2568 5212 ad
2603 5158 3003 5226 grttmmttlit'mn
3040 5165 3205 5207 artem
3252 5154 3455 5211 attinet,

229 5261 268 5302 te
294 5265 485 5315 carent,
520 5262 569 5306 et
610 5263 800 5305 nostra:
845 5249 1208 5320 approbationi
1244 5248 1473 5301 aliorum
1522 5258 1777 5314 pt'a'len‘a
1880 5255 2009 5309 nihil
2041 5254 2232 5308 abillis
2269 5253 2503 5321 differre,
2537 5253 2625 5320 qui
2662 5250 2869 5301 minime
2905 5248 3043 5315 loqui
3073 5246 3267 5304 sciunt,
3314 5255 3364 5295 ιιι
3396 5245 3458 5295 iis

227 5345 553 5411 complurium
583 5344 843 5413 suffragia
894 5344 1218 5396 accederent.
1275 5341 1505 5410 Jamque
1551 5342 1681 5394 adeo
1734 5350 1780 5393 te

1880 5350 2045 5416 magi.
2088 5347 2334 5414 expediat
2381 5343 2555 5409 silere,
2608 5357 2765 5411 quant
2810 5344 2947 5405 turpi
2998 5338 3312 5409 ignorantitv
3356 5339 3459 5386 cii-

229 5453 312 5489 tton
353 5441 506 5507 hujus
559 5450 767 5491 tantum
815 5447 1027 5501 nostrae,
1080 5445 1172 5490 aut
1219 5436 1332 5506 ejus
1384 5451 1499 5505 qutt'
1545 5436 1785 5503 proxime
1880 5441 2016 5492 mine
2042 5440 2214 5509 argui.
2254 5436 2330 5490 Tu
2372 5436 2608 5488 doctrina
2647 5446 2693 5486 et
2727 5433 2931 5501 ingenio
2969 5448 3054 5485 e.s
3087 5429 3187 5493 qui
3206 5428 3283 5480 his
3312 5431 3460 5477 rebus

229 5534 464 5593 praeessit
487 5532 682 5595 a'tutis,
711 5530 802 5583 sed
821 5539 867 5583 et
890 5528 1217 5598 superiorum
1244 5536 1526 5593 temporum
1560 5526 1782 5577 eruditis
1881 5531 2274 5583 inslrttt‘lissiini
2319 5531 2553 5600 fuerunt,
2591 5526 2840 5595 [untudia
2876 5534 2924 5577 et
2958 5524 3227 5576 verborum
3256 5517 3458 5569 (lelectu

228 5622 465 5684 omnibus,
514 5638 735 5691 quorum
782 5620 906 5675 libri
948 5629 1287 5674 monumenta
1320 5627 1441 5671 sunt
1474 5633 1782 5685 magnorum
1883 5640 1964 5674 eo.~
2002 5624 2090 5688 qui
2118 5623 2168 5674 in
2191 5622 2285 5674 huc
2318 5632 2465 5690 parte
2492 5621 2847 5674 excelluerunt
2873 5616 3149 5669 u'mrlatns
3171 5628 3243 5666 es.
3276 5611 3461 5678 Itaque

230 5713 556 5783 ingeniorum,
602 5717 861 5785 majorem
905 5725 1060 5785 atque
1110 5710 1521 5768 excellentiorem
1586 5718 1781 5764 statuo.
1886 5725 2031 5764 tuum
2069 5713 2417 5782 eloquentiam
2445 5727 2508 5766 ex
2545 5712 2669 5777 ipsis
2712 5708 2863 5777 quasi
2916 5705 3077 5756 Λωιιὶι
3123 5704 3304 5761 Atticis
3337 5715 3457 5770 P’O'

287 5832 386 5900 (93)
448 5832 592 5886 Fort.
634 5833 765 5885 σῶν.

292 5898 392 5972 (ιι-ι)
422 5904 689 5974 Gregoras
742 5901 1086 5972 Philosophus
1114 5916 1213 5970 per
1249 5901 1687 5955 antonomasiam
1721 5898 1920 5954 dictus.
