4054 6658
523 457 591 522 67
1121 452 1128 458 ’
1555 451 1979 515 NICEPIIORI
2020 455 2414 515 GREGORE
2453 454 2759 516 ELOGIA.
3685 453 3762 516 ’οξ

521 572 762 627 deuntem
795 570 849 626 in
875 586 966 624 nos
997 568 1244 626 invadere
1269 567 1544 631 sentimus,
1568 567 1769 638 quoties
1795 566 1952 620 libros
1975 574 2088 620 tuos

2195 567 2286 636 τῆς
2322 567 2548 640 γνώμης
2573 567 2633 621 τδ
2665 565 2941 639 βάρϐαρον
2968 565 3026 620 οὗ
3061 564 3224 636 μόνον
3251 563 3348 620 οὐκ
3380 563 3536 636 ἔσχεν
3562 558 3756 620 ἀποϐα-

520 667 576 720 in
607 681 796 719 manus
831 665 1088 727 sumimus
1120 679 1138 718 :
1170 678 1231 718 ac
1257 677 1555 718 sermonum
1598 669 1805 714 tuorum
1841 659 2098 714 illecebris

525 759 665 812 uelut
683 757 956 826 ‘machinis
985 756 1296 827 quibusdam
1324 755 1466 825 capti
1502 769 1678 808 omnes
1703 761 2096 823 expugnantur,

520 861 797 918 propterea
844 849 982 917 quod
1027 849 1339 919 eﬂiorescens
1377 862 1441 902 ex
1469 847 1535 901 iis
1575 845 1715 914 lepos
1745 854 1792 899 et
1823 843 2096 899 verborum

523 953 815 1014 apparatus
839 943 1248 1013 speciosissima:
1277 941 1567 996 auditorem
1612 940 1874 994 alliciunt.
1915 937 2098 1009 Neque

523 1049 644 1088 vero
668 1033 834 1087 multa
880 1043 929 1088 te
971 1034 1194 1088 eruditio
1237 1031 1521 1102 prohibuit,
1554 1048 1617 1086 ne
1645 1032 1908 1085 orationes
1936 1045 2096 1099 quam

525 1127 717 1198 optime
775 1126 1096 1192 elaborares,
1129 1142 1222 1180 nec
1269 1140 1562 1180 sermonem
1610 1133 1756 1178 tuum
1810 1122 1920 1177 ulla
1984 1122 2097 1176 labe

522 1220 776 1290 corrupit,
809 1219 980 1287 ejusve
1003 1218 1304 1290 eapolitioni
1332 1218 1513 1290 obfuit.
1545 1217 1652 1272 Sed
1670 1232 1875 1270 summa
1897 1215 2094 1279 labore,

521 1321 569 1366 et
597 1328 689 1381 per
711 1312 1114 1365 exercitationes
1156 1311 1434 1377 plurimas,
1479 1309 1646 1363 omnis
1681 1309 1885 1380 generis
1928 1307 2096 1361 omnis

523 1413 664 1458 nota:
705 1405 1050 1460 eruditionem
1080 1403 1348 1457 collectam
1377 1403 1434 1455 in
1465 1402 1726 1457 thesauris
1756 1401 2019 1455 memoria!
2047 1409 2094 1454 et

522 1497 720 1567 ingenii
759 1497 1066 1566 reposuisti;
1116 1505 1274 1564 atque
1325 1497 1437 1563 eius
1481 1475 1870 1563 velitt‘pronms
1901 1493 2095 1548 candus

523 1590 762 1656 exsistis;
805 1606 1046 1661 quaenam
1071 1589 1287 1644 meliora
1319 1591 1442 1654 sint,
1477 1605 1541 1644 ea:
1567 1605 1664 1653 usu
1697 1589 1929 1644 wstimas
1959 1587 2092 1655 (95).

521 1692 572 1735 et
614 1696 679 1736 ex
711 1683 986 1752 omnigena
1021 1681 1259 1736 doctrina
1299 1679 1454 1750 facile
1499 1697 1563 1734 ac
1607 1679 1744 1734 velut
1797 1695 1860 1735 ea:
1907 1689 2095 1746 parato

522 1773 718 1841 optima
761 1788 975 1843 quisque
1013 1773 1261 1840 decerpis,
1302 1780 1352 1826 et
1380 1772 1626 1825 studiosis
1651 1771 1869 1826 subinde
1898 1764 2115 1826 centri?

521 1864 656 1917 bnis.
686 1861 1030 1928 Quinetiam
1061 1863 1296 1932 effecisti,
1332 1872 1389 1916 ut
1428 1872 1477 1918 et
1516 1863 1806 1934 philosophi
1839 1862 2090 1934 elingues.

2198 657 2311 711 λεϊν
2332 699 2347 725 ,
2379 658 2515 710 ἀλλὰ
2548 657 2640 712 καὶ
2671 656 3175 727 προσεξειργάσατο
3205 657 3297 712 καὶ
3330 655 3671 728 προσέθηκεν
3701 661 3764 710 ἐκ

2199 747 2357 830 πάνυ,
2373 765 2454 802 τοι
2489 747 2686 800 πολλοῦ
2715 747 2808 801 τοῦ
2847 746 3126 818 περιόντος
3148 789 3162 814 ,
3195 747 3303 801 τῶν
3333 747 3618 818 ὁμοφύλων
3647 749 3764 819 χεί-

2202 856 2310 912 ρων
2338 841 2406 894 τὰ
2439 839 2664 895 τοιαῦτα
2696 840 2916 910 φανεὶς,
2946 839 3023 904 ὡς
3055 840 3190 910 μηδὲ
3222 839 3594 912 τιαραὸάλλειν
3625 841 3766 907 ἐξετέ-

2197 947 2306 987 ναι.
2353 931 2572 986 Μᾶλλον
2617 931 2888 985 δ’ὲκεῖνοι
2937 932 3056 1002 μὲν,
3107 931 3157 985 ει
3205 933 3299 986 καὶ
3347 930 3617 1004 βάρϐαροι
3667 934 3767 1002 τὴν

2195 1023 2445 1088 γλῶτταν
2481 1023 2654 1086 ἄλλως
2695 1025 2791 1078 καὶ
2824 1024 2884 1076 τὸ
2922 1019 3052 1095 ἦθος
3093 1022 3243 1087 ὄντες
3276 1023 3627 1094 τυγχάνουσι,
3668 1024 3768 1092 τῆς

2196 1115 2420 1184 ἀγωγῆς
2450 1131 2510 1167 τε
2553 1115 2646 1168 καὶ
2676 1115 2786 1167 τῶν
2819 1115 3066 1188 πατρίων
3096 1115 3238 1170 οὕτω
3271 1116 3428 1170 ταυτὶ
3465 1114 3767 1186 χορηγούν-

2195 1223 2333 1274 των,
2367 1207 2502 1262 ma
2527 1207 2627 1271 ua)
2657 1209 2876 1279 τρόπων
2905 1210 3012 1262 εἰσὶ
3043 1209 3299 1280 χρηστῶν
3329 1211 3422 1262 καὶ
3453 1209 3767 1279 καλοκάγα-

2197 1297 2318 1363 θίας
2350 1301 2442 1353 καὶ
2471 1301 2669 1370 ἀρετῆς
2701 1301 3046 1372 φροντισταὶ,
3079 1301 3314 1355 καθόσον
3343 1294 3455 1354 οἷόν
3481 1319 3538 1356 τε
3559 1315 3572 1330 ⁸
3606 1303 3767 1355 εὐσε-

2196 1393 2347 1456 ϐείας
2373 1411 2430 1446 τε
2461 1393 2568 1462 πρὸ
2594 1393 2702 1448 τῶν
2726 1393 2903 1448 ἄλλων
2929 1396 3021 1448 καὶ
3047 1396 3156 1448 τῶν
3183 1395 3559 1449 ἀποστολικῶν
3584 1414 3643 1450 τε
3672 1398 3769 1450 καὶ

2197 1488 2480 1560 πατρικῶν
2505 1487 2792 1558 δογμάτων
2821 1489 3156 1543 σπουδασταί
3181 1507 3242 1548 τε
3273 1490 3368 1544 καὶ
3396 1488 3657 1559 φύλακες,
3688 1488 3768 1552 ὡς

2196 1583 2290 1636 καὶ
2321 1581 2494 1649 αὐτῆς
2526 1581 2666 1654 ὑπὲρ
2693 1581 2898 1635 τούτων
2932 1583 3068 1651 μετὰ
3101 1581 3360 1653 πλείστης
3388 1598 3452 1651 γε
3477 1582 3578 1652 τῆς
3611 1581 3767 1651 φιλο-

2195 1674 2382 1744 τιμίας
2413 1677 2469 1728 ὲν
2499 1677 2577 1746 τῷ
2605 1675 2698 1728 τοῦ
2731 1673 2926 1746 καιροῦ
2959 1675 3315 1746 παρασχόντι,
3345 1675 3464 1736 πῶς
3491 1675 3558 1730 ἂν
3591 1674 3768 1739 εἴποις

2195 1767 2400 1835 ἡδέως,
2433 1766 2898 1838 ἀφίστασθαι¹τῆς
2932 1766 3130 1838 ψυχῆς.
3167 1767 3227 1822 '0
3260 1767 3316 1820 δὲ
3351 1770 3446 1824 καὶ
3477 1767 3768 1833 κατεξανέ-

2197 1873 2297 1928 στη
2336 1859 2432 1929 τῆς
2473 1858 2570 1912 καὶ
2607 1857 2957 1930 θρεψαμένης
2993 1859 3090 1912 καὶ
3127 1859 3629 1930 παιδαγωγησάσης
3667 1861 3766 1914 καὶ

502 1966 568 2036 _et
600 1965 834 2009 oratores
879 1957 1091 2010 minime
1144 1955 1434 2024 philosophi
1468 1971 1578 2009 esse
1623 1955 1939 2010 uiderentur.
1981 1953 2092 2008 Hoc

2195 1926 2365 2018 λόγων
2391 1926 2489 2003 οιαὶ
2515 1926 3167 2021 όνόμνατος-μεταδούσης,
3199 1950 3274 2015 ὡς
3307 1926 3638 2022 μὴῶφελείν,
3667 1952 3766 2006 ἐκ·-

520 2049 630 2113 ipso
664 2047 823 2112 enim,
865 2047 1002 2116 quod
1048 2045 1388 2115 philosophia:
1431 2047 1748 2101 rhetoricam
1799 2047 2088 2111 miscueris,

519 2149 568 2192 et
593 2153 656 2193 ex
685 2139 939 2194 ambabus
969 2147 1042 2192 tot
1075 2139 1230 2194 libros
1262 2140 1591 2210 conﬂaveris,
1620 2139 1676 2193 in
1703 2139 1890 2210 quibus
1921 2140 2094 2194 obser-

519 2244 645 2282 uare
673 2237 749 2282 est
788 2228 1094 2297 conjunctas
1123 2229 1391 2290 utriusque
1423 2228 1668 2294 virtutes,
1703 2245 1872 2282 nonne
1912 2228 2095 2298 palam

519 2323 725 2376 exsistit
781 2322 838 2376 id
865 2323 1011 2390 quod
1052 2321 1205 2375 dico?
1241 2320 1496 2392 Equidem
1547 2321 1624 2375 sic
1667 2320 1732 2376 de
1772 2321 2094 2380 orationibus

517 2414 624 2467 tuis
657 2415 820 2468 sentio
845 2424 891 2467 et
927 2414 1232 2482 pronuntio.
1262 2413 1423 2483 Atqui
1453 2413 1562 2467 htec
1599 2413 1821 2466 strictim
1859 2420 1908 2466 et
1954 2411 2094 2466 velut

495 2505 682 2558 obiter
714 2522 746 2558 a
790 2521 870 2559 me
918 2503 1058 2558 dicta
1105 2513 1246 2558 sunt.
1272 2503 1560 2577 Oportebat
1592 2513 1766 2558 autem
1794 2504 1848 2557 in
1881 2513 2094 2558 tuarum

517 2594 740 2649 laudum
771 2597 1092 2650 curriculum
1143 2598 1536 2650 descendentem
1571 2609 1752 2650 cavere
1773 2597 2003 2662 omnino,
2037 2605 2093 2648 ut

515 2698 612 2740 tua
645 2688 738 2740 tibi
773 2689 1002 2756 dignitas
1045 2687 1193 2742 salva
1231 2697 1520 2752 constaret,
1575 2697 1623 2742 et
1675 2665 1928 2757 quantum
1987 2687 2094 2756 ipse

517 2779 778 2850 facundia:
811 2781 968 2834 robur
1015 2779 1065 2833 in
1122 2777 1448 2833 orationibus
1506 2777 1608 2832 tuis
1663 2779 2090 2848 exprompsisses,

516 2878 664 2923 tanto
693 2871 854 2924 etiam
901 2872 971 2924 ad
1018 2886 1108 2924 eas
1161 2869 1326 2924 verbis
1370 2869 1740 2941 prtedicandas
1781 2871 2094 2924 instructum

515 2959 761 3018 accedere
793 2963 1026 3017 decebat.
1070 2967 1142 3017 Tu
1194 2980 1304 3026 nos,
1340 2969 1394 3017 ut
1433 2979 1680 3033 prwsens,
1726 2965 1805 3016 ita
1833 2972 1896 3017 et'
1912 2962 2094 3017 absens

515 3055 766 3108 delectas.
806 3053 1008 3108 Bonum
1035 3057 1191 3116 enim,
1235 3071 1352 3108 cum
1380 3065 1508 3108 esset
1535 3055 1589 3106 in
1610 3053 1877 3120 inanibus,
1914 3069 1973 3107 eo
1995 3070 2094 3123 quo

517 3163 618 3218 par
649 3156 763 3200 erat
790 3163 942 3200 sensu
981 3147 1416 3218 percipiebamus.
1449 3148 1513 3200 At
1539 3147 1676 3217 quod
1705 3146 1916 3199 urbium
1943 3147 2094 3216 prin-

2197 2041 2426 2112 κλησίας
2450 2059 2466 2076 ο
2516 2043 2611 2097 καὶ
2654 2043 2725 2098 τὰ
2772 2043 3052 2098 δεινότατα
3101 2045 3194 2098 καὶ
3242 2045 3620 2098 άπευκτότατα
3667 2043 3764 2098 καὶ

2195 2133 2386 2204 πόρρω
2432 2133 2635 2198 παντὸς
2683 2135 3122 2206 παραδείγματος
3169 2135 3453 2207 ἀκολάστῳ
3501 2137 3597 2190 καὶ
3645 2136 3766 2190 τολ-

2199 2225 2350 2297 μηρᾷ
2390 2225 2604 2298 γλώττῃ
2647 2229 2792 2281 κατὰ
2834 2227 2938 2298 τῆς
2974 2225 3214 2298 Χριστοῦ
3254 2227 3472 2300 νύμφης
3515 2227 3759 2299 ὐὸρέζει,

2196 2317 2292 2370 καὶ
2323 2316 2588 2390 Βαρλαὰμ
2620 2319 2738 2372 κατ’
2764 2319 2896 2373 αὑτό
2927 2337 3071 2390 φημι
3097 2317 3254 2374 τοῦτο
3281 2319 3370 2373 τὸν
3403 2319 3764 2391 μυσταγωγὸν

2194 2408 2304 2463 τῶν
2331 2410 2588 2465 τοιούτων
2619 2411 2999 2484 παρενεγκών.

2268 2499 2530 2574 Gregoras
2574 2519 2694 2558 vero
2731 2504 2850 2568 iste,
2891 2505 2948 2557 in
2978 2507 3112 2562 hanc
3138 2503 3344 2559 urbium
3371 2503 3680 2576 principem,
3714 2515 3765 2559 et

2195 2593 2266 2646 ad
2295 2609 2542 2664 magnam
2574 2593 2996 2667 Christianarum
3033 2596 3389 2651 Ecclesiarum
3417 2606 3661 2665 matrem,
3703 2615 3768 2654 ea:

2195 2685 2449 2740 Barbaris
2487 2703 2603 2742 cum
2635 2690 2923 2742 advenisset
2958 2687 3341 2762 (Paphlagonia
3373 2690 3563 2762 quippe
3585 2691 3768 2744 oriun-

2195 2779 2339 2849 dus),
2377 2787 2652 2850 postquam
2689 2781 3015 2845 educatione,
3067 2779 3365 2850 disciplina,
3411 2791 3460 2836 et
3503 2781 3766 2848 politiori-

2195 2873 2288 2926 bus
2323 2870 2622 2926 Grcecorum
2662 2871 2860 2926 litteris
2893 2873 2946 2926 in
2989 2873 3088 2926 hac
3125 2873 3334 2928 civitate
3374 2873 3450 2926 sic
3495 2873 3766 2928 institutus

2193 2974 2290 3032 est,
2319 2975 2375 3019 ut
2410 2965 2466 3018 in
2497 2964 2771 3018 altioribus
2802 2965 3032 3019 scientiis
3061 2964 3302 3018 nonnihil
3326 2973 3557 3024 versatus
3587 2973 3634 3018 et
3660 2965 3767 3020 ali-

2193 3060 2330 3130 quod
2351 3074 2537 3112 nomen
2565 3056 2802 3111 lucratus
2832 3073 2938 3111 esse
2972 3057 3254 3118 videretur,
3288 3057 3394 3112 imo
3424 3057 3678 3112 illustrius
3703 3074 3767 3111 ac

2194 3149 2369 3218 majus
2396 3165 2556 3220 quant
2591 3152 2728 3219 quod
2765 3164 2821 3203 re
2869 3149 2984 3219 ipsa
3027 3159 3322 3214 meruerat;
3363 3151 3522 3205 ritum
3558 3150 3767 3220 quidem

515 3255 652 3310 ceps,
689 3240 970 3310 eademque
1005 3241 1180 3307 patria
1210 3249 1408 3304 nostra,
1468 3247 1676 3292 tantum
1703 3238 1802 3293 sibi
1846 3240 2091 3292 honorem
2120 3265 2166 3324 Ο
2195 3252 2245 3298 ει
2292 3258 2581 3297 sermonem
2612 3241 2897 3295 barbarum
2937 3243 3320 3313 quodammodo
3349 3243 3524 3309 exuit;
3561 3259 3766 3298 morum

514 3331 792 3386 ambitiose
839 3332 1084 3396 uindicet,
1129 3332 1183 3385 id
1221 3332 1440 3402 quidem
1468 3347 1548 3385 me
1586 3345 1794 3386 summa
1826 3329 2094 3400 voluptate

515 3427 670 3494 afficit
711 3440 732 3478 :
766 3441 829 3479 ac
875 3441 1176 3496 quanquam
1222 3424 1454 3478 locorum
1499 3423 1775 3478 intervallo
1818 3423 2095 3494 disjunga-

517 3535 656 3584 mur,
704 3517 864 3572 nihilo
897 3527 1070 3571 tamen
1113 3519 1282 3570 minus
1325 3527 1373 3570 te
1403 3517 1672 3584 diligimus
1697 3531 1854 3586 quam
1880 3517 1926 3569 si
1957 3530 2096 3584 pra:-

518 3624 688 3666 sentes
716 3611 1046 3674 adessemus;
1075 3619 1122 3662 et
1166 3611 1290 3680 quia
1319 3625 1496 3662 eorum
1533 3624 1634 3660 non
1669 3607 1809 3671 licet,
1845 3607 1958 3659 ideo
2004 3621 2092 3660 co-

510 3704 786 3774 gitationis
828 3713 970 3756 motu
1014 3711 1182 3756 tecum
1234 3717 1525 3756 versamur.
1568 3699 1824 3754 Catterurn
1863 3698 2095 3752 indolem

509 3805 666 3850 tuam
713 3798 770 3848 in
819 3793 1144 3848 orationibus
1183 3797 1284 3846 tuis
1321 3807 1617 3862 expressam
1653 3791 1933 3844 cernimus.
1985 3789 2092 3844 ble-

511 3889 687 3942 moria
739 3895 916 3942 autem
959 3886 1351 3940 consuetudinis
1403 3897 1528 3951 tutu,
1565 3893 1613 3938 et
1649 3900 1828 3938 eorum
1875 3883 1964 3954 qui
2011 3884 2094 3937 di-

506 3979 887 4037 scendi'causa
915 3979 1146 4048 quotidie
1176 3979 1244 4032 ad
1295 3988 1344 4032 te
1381 3978 1660 4042 ventitant,
1699 3977 1939 4030 animum
1976 3975 2097 4029 sub-

505 4081 686 4135 eunte,
719 4071 1021 4124 Academiu:
1049 4078 1099 4122 et
1130 4067 1283 4138 Lycei
1307 4056 1588 4138 imaginem
1617 4065 1762 4120 nobis
1782 4066 2090 4136 effingimus.

511 4166 590 4220 Ac
619 4166 712 4219 tibi
739 4163 969 4234 quidem,
1011 4163 1150 4234 quod
1195 4161 1458 4232 pra'clara
1492 4162 1594 4214 ista
1633 4160 1934 4228 obtigerint,
1963 4175 2092 4232 gra-

505 4258 794 4320 tulamur;
838 4271 932 4310 nos
967 4270 1084 4308 vero
1112 4255 1271 4324 ipsos,
1304 4251 1440 4322 quod
1473 4263 1520 4306 te
1543 4254 1652 4306 ha'c
1677 4261 1807 4306 trtas
1838 4253 2016 4306 tulerit
2043 4263 2092 4306 et

514 4351 634 4404 uitta
663 4357 768 4402 tua:
807 4358 1010 4416 tempus
1056 4336 1112 4399 iri
1135 4346 1230 4398 hoc
1263 4354 1500 4398 nostrum
1547 4343 1798 4397 steculum
1831 4345 2092 4407 inciderit,

509 4441 690 4510 [elices
743 4441 1116 4510 praedicamus.
1172 4437 1304 4508 Ejus
1361 4439 1456 4491 tibi
1513 4453 1674 4508 quam
1729 4436 2092 4508 longissimum

505 4535 746 4602 spatium
765 4533 969 4586 utinam
997 4544 1328 4602 prorogetur,
1365 4541 1418 4584 ut
1444 4546 1628 4584 earum
1661 4545 1858 4592 rerum,
1893 4543 2010 4600 quae
2037 4529 2093 4581 in

2197 3343 2374 3388 autem
2399 3343 2446 3388 et
2473 3333 2640 3392 animi
2662 3333 2960 3388 barbariem
2986 3349 3088 3388 non
3132 3335 3287 3388 modo
3312 3350 3414 3388 non
3452 3335 3646 3397 amisit,
3673 3335 3768 3390 sed

2195 3435 2253 3480 ut
2303 3425 2478 3496 major
2521 3437 2647 3480 esset
2681 3441 2893 3495 operam
2933 3425 3096 3492 dedit,
3141 3435 3191 3480 et
3228 3425 3534 3495 plenissima
3569 3425 3636 3480 de
3671 3443 3767 3481 suo

2195 3517 2487 3570 accessione
2519 3517 2826 3580 cumulavit,
2857 3517 3196 3586 popularibus
3234 3519 3341 3572 suis
3373 3519 3502 3572 adeo
3550 3518 3640 3574 ille
3677 3535 3768 3588 pe-

2189 3605 2280 3674 jor
2315 3609 2413 3659 hac
2441 3607 2494 3658 in
2525 3616 2698 3674 parte,
2725 3617 2782 3660 ut
2812 3623 2928 3661 cum
2963 3623 3022 3660 eo
3067 3623 3128 3661 ne
3152 3609 3376 3678 conferri
3411 3609 3618 3678 quidem
3643 3625 3767 3679 pos-

2195 3699 2322 3751 sint.
2372 3697 2652 3753 Enimrero
2687 3682 2761 3763 hi,
2811 3715 3112 3770 quanquam
3155 3701 3334 3771 lingua
3383 3713 3432 3756 et
3486 3703 3592 3756 ritu
3631 3703 3768 3758 Bar-

2197 3787 2334 3854 bari,
2365 3789 2418 3843 id
2454 3791 2590 3860 quod
2625 3796 2694 3844 ab
2728 3793 3038 3852 educatione
3070 3803 3119 3846 et
3171 3794 3236 3848 ab
3278 3795 3532 3848 institutis
3577 3797 3766 3865 patriis

2195 3881 2406 3946 habent,
2437 3892 2613 3936 tamen
2643 3883 2871 3939 moribus
2901 3886 3048 3952 probi
3075 3895 3216 3949 sunt,
3257 3887 3678 3958 honestatemque
3715 3899 3766 3943 et

2195 3976 2458 4040 uirtutem,
2485 3989 2740 4046 quantum
2785 3977 2838 4030 in
2878 3994 2932 4032 se
2961 3989 3056 4043 est,
3109 3973 3304 4034 colunt’.
3368 3978 3538 4033 iidem
3589 3997 3766 4034 veram

2195 4068 2502 4137 religionem
2551 4071 3004 4142 apostolorumque
3041 4086 3088 4128 et
3129 4075 3347 4128 Patrum
3375 4075 3625 4145 dogmata
3650 4089 3767 4132 stu~

2194 4160 2338 4214 diose
2377 4177 2486 4230 pra:
2521 4164 2721 4216 cieteris
2755 4164 3141 4232 amplectuntur
3181 4176 3230 4220 et
3278 4169 3597 4232 custodiunt,
3645 4171 3767 4222 ani-

2195 4247 2338 4306 ma'm
2383 4253 2548 4321 ipsam
2579 4271 2674 4322 pro
2716 4256 2802 4320 iis,
2853 4257 2898 4310 si
2934 4271 3134 4326 tempus
3177 4260 3334 4328 ferat.
3379 4277 3584 4313 summa
3637 4277 3766 4314 cono

2197 4349 2424 4401 tentione
2457 4357 2505 4402 et
2563 4350 2796 4402 maximo
2855 4365 2971 4402 eum
3029 4351 3226 4419 gaudio
3257 4351 3516 4421 eﬂ'undere
3546 4354 3764 4420 ,parati.

2197 4439 2302 4515 Iste
2357 4451 2541 4494 contra
2586 4441 2639 4494 in
2703 4457 2818 4494 eam
2861 4441 3152 4495 Ecclesiam
3208 4443 3512 4510 insurrexit,
3555 4460 3669 4515 que
3715 4454 3764 4498 et

2195 4511 2404 4587 aluerat
2442 4542 2490 4586 et
2537 4535 2806 4600 pt'teceptis
2859 4529 3210 4604 formaverizt;
3259 4553 3374 4606 qua:
3411 4511 3675 4606 eloquium
3713 4548 3762 4592 et

505 4635 566 4678 se
607 4625 814 4680 eximite
858 4635 1002 4690 sunt,
1055 4624 1286 4679 homines
1348 4639 1508 4706 quam
1549 4621 1765 4692 plurimi
1814 4624 2092 4692 partic'pes
2123 4617 2166 4672 D
2195 4639 2382 4678 nomen
2427 4626 2651 4694 (utinam
2691 4641 2752 4677 ne
2796 4626 2871 4678 ita
2914 4641 2993 4680 res
3023 4627 3216 4693 esset!)
3247 4628 3513 4698 impertita
3551 4630 3764 4703 fuerat;

501 4717 584 4785 [in
595 4727 668 4773 nt.

575 4827 675 4880 Μ’.
714 4825 1018 4882 Philotheus
1043 4827 1370 4898 patriarcha,
1412 4825 1700 4880 Antirrhet.
1732 4823 1784 4880 Χ
1792 4825 1820 4880 Ι
1828 4825 1848 4879 Ι
1879 4825 2010 4897 (96).

585 4945 868 5016 Γρηγορᾶς
899 4945 940 4997 δ’
965 4945 1180 4996 οὑτοσὶν
1204 4983 1218 5004 ,
1253 4945 1315 4996 ὲκ
1347 4943 1636 5014 βαρϐάρων
1667 4943 1818 5012 παρὰ
1849 4944 1948 5016 τὴν
1982 4943 2090 4996 τῶν

512 5031 724 5084 ιπόλεων
751 5031 994 5100 βασιλίδα
1021 5035 1244 5096 ταυτηνὶ
1271 5034 1363 5084 καὶ
1388 5037 1488 5103 τὴν
1517 5033 1758 5104 μεγάλην
1785 5033 1953 5086 ελῦὼν
1979 5033 2088 5087 τῶν

511 5123 824 5194 ἐκκλησιῶν
855 5125 946 5177 τοῦ
975 5125 1210 5196 Χριστοῦ
1247 5127 1460 5196 μητέρα
1491 5123 1623 5194 (τῆς
1655 5125 1762 5194 γὰρ
1798 5125 2085 5193 Παφλαγό-

510 5234 620 5269 νων
648 5217 873 5286 ὥρμητο
894 5221 1039 5287 γῆς),
1061 5223 1163 5274 ,καὶ
1193 5217 1419 5286 ἀγωγῆς
1451 5217 1544 5270 καὶ
1574 5217 1820 5279 παιδεὶας
1852 5217 2083 5269 ἐνταῦθα

512 5314 609 5360 sui.
643 5308 847 5378 μούσης
877 5308 1195 5378 Ἑλληνικῆς
1229 5309 1532 5379 μετασχὼν,
1563 5309 1636 5372 ὡς
1671 5313 1762 5361 καὶ
1797 5309 2087 5379 μετεώρων

510 5401 752 5470 ἀσκῆσαί
785 5417 904 5454 τινα
939 5399 1087 5468 δόξαι
1123 5402 1214 5454 καὶ
1247 5402 1508 5472 ὀνόματος
1541 5401 1869 5471 εὐμοιρῆσαί
1903 5419 2044 5464 τινος
2067 5442 2080 5467 ,

519 5493 722 5562 μᾶλλον
745 5492 802 5546 δὲ
829 5493 922 5546 καὶ
947 5493 1040 5546 τοῦ
1062 5493 1187 5547 κατ’
1209 5493 1370 5547 αὑτὸν
1395 5498 1721 5566 πράγματος
1750 5491 2083 5564 ὑψηλοτέρου

514 5586 614 5638 καὶ
655 5585 919 5655 μείζονος,
958 5585 1018 5637 τὸ
1062 5586 1160 5654 μὲν
1203 5585 1478 5657 βάρϐαρον
1519 5581 1649 5654 ἦθος
1688 5584 1949 5654 ἁμηγέπη
1990 5583 2084 5636 καὶ

514 5678 612 5748 την
650 5679 830 5748 φωνὴν
871 5677 1164 5732 ἀποϐαλεῖν
1201 5678 1360 5748 ἔσχε·
1401 5678 1505 5732 τῶν
1542 5678 1613 5731 δὲ’
1636 5679 1849 5747 τρόπων
1887 5692 1945 5728 τε
1991 5677 2081 5728 καὶ

587 5839 699 5908 (95)
741 5839 824 5894 Vel
853 5841 1074 5896 meliora
1107 5855 1204 5895 usu
1234 5843 1452 5909 probas.

588 5913 699 5980 (96)
727 5911 808 5966 Ex
839 5914 962 5966 cod.
991 5915 1122 5984 Reg.
1165 5913 1316 5978 IQ‘J'o',
1350 5914 1443 5969 fol.
1472 5913 1597 5966 ⁸285.

2193 4725 2348 4783 atque
2377 4716 2430 4768 in
2460 4712 2658 4769 Christi
2697 4733 2942 4781 sponsam
2990 4719 3369 4786 atrocissimas,
3393 4715 3762 4785 horrendas.“

2191 4807 2256 4859 ab
2303 4806 2536 4876 exemplo
2589 4809 2731 4861 omni
2793 4811 3166 4865 remotissimus
3227 4813 3572 4867 contumelias
3607 4814 3760 4883 jecit,

2189 4895 2538 4953 Barlaamum
2582 4901 2776 4969 ipsum,
2811 4904 2907 4954 hac
2954 4903 3006 4955 in
3035 4919 3088 4956 re
3130 4904 3386 4971 videlicet,
3422 4905 3608 4960 horum
3637 4905 3747 4980 [ma

2185 4992 2406 5061 gistrum
2435 4991 2504 5063 et]
2535 4994 2824 5047 antistitem
2859 5004 3276 5065 pra'tergressus.

2191 5099 2254 5155 V.
2307 5102 2418 5155 Τοῦ
2457 5102 2830 5169 Ἀκινὸὐνου,
2857 5105 2925 5157 ἐκ
2959 5107 3416 5174 Θεσσαλονίκης
3459 5109 3605 5176 πρὸς
3658 5107 3761 5162 τὸν

2704 5199 3016 5268 Γρηγοράν
3039 5199 3176 5268 (97).

2260 5309 2561 5380 Βαλσαμὼν
2593 5311 2620 5364 ὁ
2650 5317 2920 5379 γενναῖος,
2962 5313 3111 5380 φίλος
3143 5313 3219 5364 ὢν
3257 5315 3380 5381 ἐμοὶ
3420 5301 3513 5366 παὶ
3569 5314 3758 5381 φίλους

2192 5403 2396 5464 πάντας
2429 5403 2860 5474 ὑπερΰαλόμενος
2893 5407 2960 5458 τὰ
2986 5409 3118 5475 πρὸς
3143 5408 3264 5477 ἐμὲ,
3309 5407 3422 5460 ἀντ’
3457 5407 3622 5474 ἄλλης
3678 5426 3755 5460 τι·

2190 5490 2277 5552 νὸς
2309 5490 2566 5560 λαμπρᾶς
2589 5493 2680 5544 καὶ
2713 5493 2958 5564 μεγάλης
2979 5497 3299 5565 εὐεργεσίας
3335 5497 3476 5569 (ᾔδει
3527 5498 3633 5565 γὰρ
3687 5513 3754 5566 με

2194 5582 2282 5634 πσῦ
2310 5599 2366 5633 τε
2395 5584 2487 5634 καὶ
2517 5587 2626 5634 τῶν
2661 5584 2766 5638 σῶν
2792 5591 3236 5664 συγγραμμάτων
3263 5591 3465 5660 σφόδρα
3502 5591 3760 5660 περικαό-

2192 5674 2372 5745 μενον)
2403 5675 2582 5744 φέρων
2615 5677 2908 5748 ἐνεχείρισε
2935 5698 3025 5750 μοι
3056 5683 3158 5752 τὴν.
3185 5684 3280 5753 σὴν
3308 5681 3616 5746 ἐπιστολὴν,
3656 5681 3758 5749 τὴν

2265 5821 2374 5906 (97)
2415 5838 2692 5908 Descripta
2732 5856 2795 5894 ex
2826 5841 2944 5896 cod.
2989 5841 3106 5897 Vat.
3139 5842 3294 5910 1080',
3325 5857 3486 5896 manu
3513 5842 3655 5899 Clar.
3695 5845 3753 5898 ν.

2160 5969 2172 5974 _
2197 5909 2255 5960 υ.
2299 5912 2596 5974 ιιιειιηιὲιιιιι,
2626 5913 2806 5966 Succn.
