4054 6626
467 438 542 501 95
1562 448 1610 506 Ι]
1625 449 1882 510 ΙΕῙὶΟΝ.
1925 451 2200 514 ΨΟΞἚΙΙ
2253 453 2418 512 ΡΠ.¹Ε
2430 455 2587 512 FATI
2602 453 2664 515 0.
3665 453 3732 516 96

467 552 524 606 in
557 552 714 624 cujus
743 563 920 610 morte
951 555 1205 612 desinere
1231 573 1354 612 eum
1387 555 1646 622 diximus,
1682 561 1864 615 minus
1893 563 2050 616 fidem
2085 574 2127 625 Α
2166 564 2391 620 ΤΙιωηαε
2451 565 2808 638 Dempsterus,
2835 567 2987 638 initio
3023 566 3262 638 ductarii
3291 561 3514 618 Bonum.
3550 565 3732 632 Antig.

429 685 432 688 .
467 653 732 698 meretur.
769 645 914 700 Sane
961 645 1378 704 Cautacuzcnus
1430 651 1673 706 historiae
1717 669 1827 708 sua}
1857 655 1950 709 lib.
1973 671 2046 720 ιν,

465 748 588 806 cap.
610 735 680 790 Ἠ
707 745 761 792 et
789 737 859 792 23
883 739 1038 796 valde
1059 757 1180 794 cum
1212 742 1470 812 exagitat,
1499 751 1754 813 tanquam
1793 745 1968 801 levem
1997 757 2051 802 et

467 829 880 892 mendaciorum
934 832 1304 887 manifestum.
1355 833 1562 907 Nempe
1603 836 1948 907 Nicephorus
1994 838 2048 892 in

464 918 586 973 aula
643 921 774 974 vixit
824 921 1122 978 Andronici
1185 925 1307 988 avi;
1365 940 1467 980 nec
1519 942 1607 980 res
1668 927 1885 994 nepotis
1939 939 2046 983 tam

465 1021 656 1064 exacte
713 1013 889 1080 potuit
942 1027 1126 1079 nosse,
1177 1030 1336 1084 quam
1381 1015 1819 1072 Cantacuzenus.
1876 1019 2050 1075 Simul

465 1091 630 1159 etiam
677 1105 877 1161 aﬁ‘c‘ctu
926 1107 1340 1179 abripiebatur,
1399 1125 1508 1180 quo
1566 1112 1752 1168 minus
1799 1127 2046 1171 cerneret

465 1211 676 1250 verum.
703 1195 956 1268 Impense
1007 1201 1150 1254 enim
1195 1201 1404 1256 favebat
1435 1219 1538 1257 avo
1577 1203 1847 1259 adversus
1877 1221 2050 1275 nepo-

465 1295 597 1347 tem,
624 1289 767 1344 inter
799 1305 937 1359 quos
985 1291 1054 1345 de
1101 1291 1332 1361 imperio
1380 1289 1719 1351 certabatur.
1757 1297 1946 1366 Neque
1978 1297 2047 1351 de

461 1379 774 1434 Andronico
803 1381 1016 1446 solum,
1049 1382 1144 1436 sed
1181 1383 1248 1436 de
1289 1383 1674 1439 Cantacuzeuo
1702 1387 1867 1441 etiam
1896 1401 2048 1439 men-

470 1470 635 1542 titur.
657 1471 765 1524 Sed
799 1454 908 1536 illa,
951 1485 1072 1540 quae
1099 1471 1166 1525 de
1201 1471 1366 1542 hujus
1395 1473 1562 1542 gestis
1591 1473 1852 1543 prodidit,
1881 1471 1963 1526 vel
1991 1471 2046 1526 in

467 1559 799 1616 bibliotheca
830 1563 1064 1632 quiadam
1094 1578 1216 1618 cum
1249 1563 1430 1618 blattis
1459 1564 1731 1636 lineisque
1763 1565 2043 1633 rixantur,

462 1653 550 1705 vel
579 1653 797 1722 penitus
823 1653 1252 1722 interciderunt,
1281 1656 1425 1723 quod
1459 1657 1646 1711 verius
1682 1666 1840 1726 puto,
1865 1667 1976 1712 etc.

465 1767 570 1822 Leo
596 1768 847 1835 Allatius,
879 1771 1260 1825 exercitatione
1280 1771 1335 1852 ξ,
1361 1771 1416 1824 in
1454 1769 1782 1841 Prwfatione
1819 1767 2049 1840 Creyglt-

941 1875 960 1889 κ
1191 1852 1326 1894 ιοηι.

1214 1857 1326 1896 οηι.

2858 636 3064 694 Ιίυδῖηἰ.

2227 767 2572 838 Nicephorus
2617 767 2926 841 Gregoras,
2976 766 3371 822 llistoricorum
3438 764 3581 819 illius
3631 763 3731 817 :m-i

2152 861 2494 917 utilissimus.
2639 850 2644 854 ’

2327 993 2474 1051 Citii.
2503 993 2664 1062 Cave,
2699 995 2900 1050 Hister.
2928 995 3155 1048 litterar.
3181 997 3330 1064 parte
3363 989 3555 1043 altera.

2221 1129 2568 1199 Nicephorns
2624 1129 2916 1201 Gregoras,
2967 1128 3318 1201 Byzantinus,
3368 1123 3731 1195 philosophus

2151 1235 2201 1279 et
2234 1225 2525 1279 historicus
2576 1224 2826 1296 insignis,
2853 1223 2986 1277 artis
3035 1221 3200 1277 etiam
3229 1219 3484 1273 oratoriae
3512 1217 3731 1287 peritis—

2150 1317 2341 1378 simus,
2367 1313 2680 1368 Andronico
2725 1328 2826 1368 avo
2863 1309 3178 1382 imperatori
3210 1309 3356 1363 inter
3377 1322 3579 1378 paucos
3602 1306 3732 1361 cha-

2151 1423 2262 1470 rus,
2287 1407 2486 1461 claruit
2509 1423 2658 1461 anno
2677 1405 2835 1470 i545,
2854 1414 2964 1460 etc.

2223 1519 2318 1574 llis
2363 1522 2632 1575 addantur
2673 1519 2880 1574 cardin.
2920 1517 3094 1581 Bona,
3120 1517 3174 1570 in
3211 1514 3414 1570 Notitia
3451 1520 3732 1568 auctorum

2151 1611 2372 1678 pra'ﬁxa
2428 1609 2560 1662 libro
2607 1609 2672 1662 de
2711 1607 2886 1662 Dicin.
2917 1604 3190 1661 Psalmod.
3227 1603 3472 1667 Bzovius,
3504 1611 3552 1656 et
3583 1601 3732 1670 Ray-

2151 1697 2366 1759 naidas,
2399 1697 2451 1750 in
2486 1697 2683 1750 Annal.
2715 1691 3009 1748 Eccles.ad
3043 1696 3109 1746 Α.
3133 1691 3193 1746 C.
3221 1691 3397 1757 1554;
3431 1689 3628 1744 Franc.
3669 1688 3735 1742 de

2153 1786 2437 1850 lloncadu,
2493 1785 2882 1842 Catalanorum
2933 1794 2981 1838 et
3032 1783 3336 1853 Aragonum
3370 1779 3733 1850 Expeditionis

2151 1896 2276 1950 cap.
2307 1879 2357 1938 7.
2395 1880 2480 1943 10,
2504 1881 2594 1944 22,
2619 1880 2710 1944 64,
2737 1889 2845 1933 etc.
2895 1875 3280 1948 Crey’ghtonus,
3320 1875 3376 1928 in
3411 1873 3735 1943 Prwfatione

536 1952 593 2007 In
627 1953 734 2010 illis
788 1952 999 2026 [Niceta
1049 1965 1104 2011 et
1158 1955 1421 2028 Gregora]
1475 1965 1601 2012 sunt
1632 1967 1686 2014 et
1715 1955 2044 2024 eloquentiae

2151 1938 2399 2026 Historiae
2436 1938 2644 2028 concilii
2672 1938 2980 2028 Florentini.
3002 1938 3120 2026 vico
3151 1969 3407 2033 Alfatius,
3438 1968 3512 2022 De
3533 1938 3718 2022 Ἑστιε-

463 2044 692 2112 lumina,
717 2057 769 2102 et
814 2047 1070 2103 dictionis
1103 2049 1324 2119 antiqua
1379 2050 1628 2106 facundia
1651 2091 1666 2116 ,
1701 2059 1755 2104 et
1783 2045 1942 2119 χνίιῦς
1967 2044 2052 2118 (ιιι

462 2154 579 2194 rem
607 2141 772 2194 verbo
797 2141 1102 2208 expediam)
1136 2143 1384 2212 ἀρχαῖος.

461 2251 608 2308 Idem
636 2255 844 2318 ibidem,
869 2263 985 2324 post
1027 2255 1249 2338 allatum
1300 2257 1467 2311 νοιςὶὶ
1500 2262 1563 2311 de
1602 2254 1788 2310 Niceti:
1813 2257 2046 2308 trstimo-

1167 2343 1334 2382 nium.

531 2436 645 2494 Nec
695 2439 802 2496 alia
854 2441 960 2498 dici
1015 2453 1250 2512 possunt
1307 2445 1375 2498 de
1423 2443 1686 2515 Gregora,
1722 2442 1811 2512 qui
1862 2452 2042 2494 tamen

375 2545 382 2552 ·
461 2527 703 2590 dictione
734 2551 830 2591 sua
861 2536 1122 2607 placidior
1154 2537 1290 2594 fluit.

2155 2063 2248 2116 sim
2285 2062 2556 2119 Occident.
2583 2073 2635 2118 et
2677 2061 2881 2118 Orient.
2911 2078 3060 2132 perp.
3104 2077 3246 2115 cons.
3275 2077 3329 2130 ρ.
3361 2058 3466 2113 800
3486 2101 3500 2122 ,
3544 2057 3737 2113 Patrue

2157 2153 2426 2218 Possinus,
2475 2156 2532 2208 in
2569 2153 2780 2210 Litteris
2822 2153 2892 2208 ad
2940 2153 3230 2217 Lectorem,
3259 2151 3496 2223 prwﬁxis
3549 2153 3733 2206 Histo-

2155 2249 2248 2302 rire
2278 2245 2710 2319 Pachymeriana:
2729 2246 3019 2301 Andronici
3033 2243 3156 2300 Sen.
3179 2243 3514 2306 Posscvinus,
3539 2240 3756 2298 Gesner

2155 2355 2264 2398 rus.
2299 2337 2542 2407 Miratus,
2590 2337 2857 2403 Hankius,
2917 2336 3264 2394 Whartonus.
3311 2335 3446 2391 Lud.
3500 2337 3588 2390 El.
3648 2333 3730 2387 Du

2153 2431 2301 2493 Pin.,
2323 2441 2436 2488 etc.

1275 2883 1381 2942 AD
1435 2882 1947 2946 MAGNIFICUM
2002 2883 2101 2944 ET
2139 2879 2618 2945 GENEROSUM
2667 2882 2941 2952 VIRU“,

1560 3036 1635 3096 D.
1695 3032 2126 3095 ANTONIUM
2160 3031 2636 3108 ‘FUGGERUM,

701 3197 1122 3244 KlRClll‘EltGR
1161 3199 1237 3242 ET
1285 3197 1778 3245 WEiSSENHORNI
1828 3198 2157 3256 DOHINUM,
2195 3195 2510 3242 CESABEE
2536 3195 2871 3241 MAJESTATI
2913 3199 2948 3238 Α
2989 3194 3309 3250 CONSILIIS,
3349 3195 3486 3239 ETC.

2047 3366 2124 3378 _

533 3501 648 3558 Non
683 3504 933 3572 equidem
969 3502 1086 3557 sine
1121 3511 1328 3568 mente,
1356 3517 1500 3571 reor,
1531 3502 1650 3558 sine
1687 3506 1913 3561 numine
1942 3504 2028 3561 di-
2059 3513 2104 3575 α
2137 3509 2360 3567 Latinos
2404 3511 2787 3576 nominarunt,
2823 3523 2852 3562 a
2907 3508 3110 3578 quibus
3152 3503 3257 3578 ipsi
3315 3513 3504 3560 contra
3549 3501 3725 3559 Graeci

462 3611 590 3651 vum
625 3594 706 3668 (ut
729 3593 938 3665 Virgilii
972 3595 1152 3649 verbis
1173 3596 1320 3660 utar)
1339 3596 1420 3650 sic
1447 3597 1667 3663 accidit,
1694 3597 1784 3652 Vir
1809 3599 2044 3669 Amplis-

460 3688 618 3752 sime,
677 3697 736 3742 ut
799 3700 888 3742 ttta
947 3687 1226 3758 pra-stanti
1285 3689 1631 3756 liberalitate,
1684 3699 1738 3746 et
1785 3691 2042 3763 singulari

358 3820 368 3827 -
458 3779 686 3836 Joannis
712 3783 1148 3848 Dorenscltwutni
1179 3781 1467 3851 induSIria,
1489 3783 1842 3854 Byzantiuam
1869 3784 2042 3838 histo-

461 3874 598 3928 riam
633 3891 662 3926 a
693 3873 1054 3928 Constantino
1089 3871 1276 3944 Magno
1311 3891 1481 3945 usque
1512 3880 1578 3930 ad
1618 3875 2040 3932 Cotistantinum

461 3975 819 4036 postremum,
862 3981 893 4018 a
923 3965 1128 4020 Gra:cis
1166 3965 1496 4036 descriptam
1532 3965 1866 4032 hominibus,
1907 3967 2045 4023 inte-

463 4072 612 4128 grant
645 4067 701 4111 et
724 4057 1019 4126 perfectam
1051 4057 1402 4114 haberemus.
1445 4058 1557 4113 Etsi
1583 4059 1726 4113 enim
1755 4061 1901 4116 illius
1925 4060 2044 4130 epi-

466 4158 624 4202 tomaa
661 4151 904 4216 quantam
950 4157 1189 4216 exstant,
1225 4153 1420 4220 partim
1455 4166 1484 4204 a
1519 4149 1729 4206 Latinis
1769 4151 2044 4222 scriptori:

464 4245 566 4296 laus
591 4241 769 4312 editaa,
794 4237 990 4312 partim
1018 4259 1082 4296 ex
1117 4243 1200 4298 his
1249 4243 1450 4298 nostris
1504 4244 1820 4298 auctoribus
1855 4245 2044 4300 dicer-

468 4343 570 4402 ptze
601 4351 614 4386 :
646 4341 823 4386 tamen
871 4333 1043 4388 Grarci
1095 4333 1301 4388 certius
1347 4344 1402 4390 et
1451 4333 1628 4390 fusius
1679 4335 1936 4406 pleraque
1987 4335 2040 4390 iu

467 4424 689 4480 Oriente
723 4434 868 4496 gesta
901 4425 1330 4495 descripserunt.
1355 4443 1476 4496 quae
1503 4428 1574 4482 illi
1605 4409 2041 4500 rixattigerunt:

467 4515 742 4586 multaque
773 4515 1037 4582 referunt,
1071 4515 1284 4573 Latinis
1309 4515 1416 4572 illis
1459 4518 1544 4573 vel
1573 4519 1730 4587 plane
1769 4517 2043 4590 incognita

469 4611 550 4665 vel
582 4610 647 4664 de
699 4610 962 4665 industria
1019 4611 1286 4683 neglecta,
1336 4612 1482 4683 quod
1527 4628 1592 4667 ea
1633 4614 1812 4666 minus
1862 4615 1927 4668 ad
1984 4631 2043 4668 se

468 4703 740 4772 pertinere
772 4715 1028 4774 putarent
1079 4720 1093 4758 :
1151 4704 1295 4758 sicut
1332 4713 1386 4758 et
1437 4703 1612 4760 Gnaei
1665 4704 1903 4759 vicissim
1957 4720 2044 4761 res

468 4793 524 4847 in
576 4791 868 4848 Occidente
915 4805 1094 4866 gestas
1141 4811 1335 4864 parum
1393 4805 1680 4850 curarunt.
1737 4797 1871 4850 Nam
1917 4813 2038 4852 cum

2145 3601 2494 3658 dicebantur.
2525 3601 2600 3657 Ut
2629 3601 2791 3670 igitur
2823 3615 2909 3652 res
2949 3599 3002 3651 in
3036 3597 3330 3659 Occidente
3356 3587 3542 3668 gesue.
3569 3609 3598 3649 e
3627 3592 3730 3647 La-

2147 3685 2278 3742 tinis
2325 3703 2341 3742 :
2397 3687 2477 3742 sic
2529 3702 2651 3757 qua:
2684 3687 2740 3740 in
2791 3686 3018 3741 Oriente
3051 3687 3414 3757 contigerunt,
3455 3701 3484 3740 c
3523 3683 3726 3739 Graecis

2147 3779 2349 3834 rectius
2393 3787 2672 3849 petuntur.

2215 3866 2412 3926 Fateor
2439 3869 2712 3940 equidem,
2740 3871 2808 3926 ad
2841 3868 3106 3924 Zonaram
3133 3868 3563 3924 convcrteudum
3589 3883 3727 3938 pra:-

2148 3960 2294 4027 miis,
2324 3979 2354 4016 a
2388 3972 2441 4016 te
2474 3963 2797 4034 propositis,
2841 3977 3017 4033 eoque
3051 3971 3296 4030 tempore
3345 3959 3477 4014 mihi
3523 3975 3722 4030 perop-

2148 4054 2421 4122 portunis,
2461 4055 2619 4109 initio
2649 4055 2944 4110 excitatum
2995 4069 3080 4108 me
3112 4053 3280 4108 fuisse
3323 4053 3523 4122 potius,
3559 4069 3721 4122 quam

2145 4156 2362 4216 meapte
2397 4142 2674 4202 voluntate
2715 4147 3014 4201 accessisse
3045 4164 3058 4200 :
3096 4161 3204 4200 non
3250 4154 3356 4200 tam
3390 4145 3632 4198 laborum
3670 4156 3726 4199 et

2146 4239 2520 4294 molestiarum
2556 4237 2699 4310 fuga,
2725 4238 2922 4309 quibus
2958 4238 3029 4292 ita
3075 4247 3187 4290 tum
3225 4252 3442 4306 quoque
3468 4251 3724 4290 assueve-

2147 4349 2282 4394 ram.
2337 4343 2392 4387 ut
2439 4333 2632 4405 ignavo
2683 4335 2794 4388 otio
2849 4331 2984 4386 nihil
3039 4331 3170 4387 mihi
3226 4339 3373 4386 esset
3413 4331 3720 4397 molestius,

2145 4443 2304 4498 quam
2341 4427 2564 4498 privatis
2619 4427 2753 4480 meis
2806 4425 3022 4487 studiis,
3070 4425 3112 4478 si
3161 4423 3286 4496 quid
3335 4424 3557 4478 daretur
3599 4424 3720 4488 otii,

2149 4520 2363 4576 fruendi
2397 4531 2452 4574 et
2498 4519 2812 4574 diuturnam
2849 4522 3004 4589 quasi
3057 4517 3202 4572 sitim
3256 4517 3420 4570 varia:
3470 4515 3722 4571 lectionis

2146 4612 2516 4684 n-stinguendi
2567 4611 2885 4680 cupiditate.
2920 4608 3027 4664 Sed
3057 4625 3179 4663 cum
3217 4625 3247 4663 e
3292 4607 3520 4664 Zonaraa
3573 4610 3722 4663 velut

2145 4704 2374 4758 salebris
2425 4705 2718 4766 eluetatus,
2768 4704 2820 4755 in
2855 4702 3052 4757 Niccla:
3096 4702 3403 4758 Acomiuati
3443 4702 3724 4757 Choniatm

2148 4789 2426 4858 planitiem
2477 4801 2532 4845 et
2561 4792 2712 4860 quasi
2750 4791 2916 4845 variis
2956 4790 3196 4846 flosculis
3246 4792 3527 4846 vernantia
3568 4802 3720 4860 prata

469 4881 726 4952 princeps
754 4883 964 4952 imperii
989 4883 1147 4938 sedes
1177 4883 1510 4955 Byzantium,
1541 4901 1659 4954 qua:
1696 4903 1722 4939 a
1755 4887 2040 4940 conditore
2072 4887 2116 4941 lt
2144 4885 2510 4952 pervenissent
2550 4901 2562 4937 :
2604 4882 2882 4952 jucnndus
2929 4885 3059 4938 mihi
3108 4884 3292 4954 potius
3333 4901 3494 4953 quam
3537 4885 3718 4955 gravis

467 4969 648 5038 potius
696 4985 854 5039 quam
911 4971 1299 5038 iustam-atare,
1338 4990 1444 5028 non
1489 4985 1698 5030 tantum
1735 4977 2045 5032 Constanti-

469 5062 702 5130 nopolis.
763 5065 857 5118 sed
897 5074 950 5118 ct
991 5081 1128 5118 nova
1192 5067 1364 5120 Bonna
1405 5068 1547 5122 dicta
1603 5067 1724 5133 fuit,
1786 5070 2042 5124 translata

467 5167 610 5210 c-set
641 5173 656 5207 :
694 5157 951 5224 paulatim
986 5169 1142 5214 vetus
1170 5159 1340 5214 liotiia
1373 5176 1496 5214 cum
1533 5162 1781 5217 finitimis
1817 5163 2040 5230 tros-iu.

468 5247 567 5301 ciis
597 5264 624 5301 a
660 5249 824 5302 tmius
875 5249 1082 5320 imperii
1118 5252 1274 5320 quasi
1321 5268 1552 5322 corpore
1581 5254 1791 5315 avulsa.
1845 5255 2038 5324 partim

469 5340 842 5408 pontificibu-t,
883 5345 1077 5411 partim
1120 5343 1326 5400 exteris
1360 5347 1672 5401 nationibus
1706 5351 1902 5417 paruit.
1942 5350 2042 5401 55c-

467 5445 592 5486 cuta
626 5447 754 5488 sunt
795 5435 992 5490 deinde
1023 5435 1186 5491 cliam
1221 5437 1504 5510 religionis
1534 5439 1780 5502 dissidia,
1813 5451 2044 5494 conten-

470 5526 667 5594 tinncs,
704 5529 934 5596 insidiae,
962 5523 1146 5600 aperta
1176 5530 1336 5594 bella,
1368 5542 1419 5584 t-l
1443 5532 1672 5588 diversa?
1692 5533 1854 5588 etiam
1888 5550 2040 5588 tt-I'0«

469 5634 698 5688 rumque
739 5620 1059 5688 populorum
1114 5622 1524 5691 appellationis.
1579 5623 1708 5678 Nan
1761 5623 2036 5696 Byzantini

467 5725 524 5764 se
563 5708 857 5772 Romanus,
913 5721 966 5766 et
1021 5728 1147 5768 suos
1202 5716 1478 5785 principes
1549 5716 1834 5787 Ῥωμαίων
1886 5720 2038 5788 βαι-ιο

467 5803 613 5865 ὶέας,
649 5811 874 5857 cancros
920 5813 1098 5860 autem
1135 5805 1482 5862 Christianos
1513 5811 1745 5879 populos
1769 5819 1824 5864 et
1859 5827 2038 5881 reges;

467 5898 560 5966 qui
610 5896 912 5952 liuniauuxu
960 5900 1265 5970 ptuitilicem
1305 5903 1688 5975 agnoscebant,
1729 5905 2036 5976 prouisum

1685 5987 1710 6006 κ

2143 4993 2265 5032 esse
2291 4977 2440 5032 Iahor
2463 4977 2928 5048 interpretationis
2949 4978 3036 5032 iile
3063 4979 3248 5049 coepit,
3275 4994 3398 5033 cum
3425 4978 3494 5034 ob
3525 4978 3722 5032 dictio-

2143 5084 2267 5123 nem
2302 5068 2562 5133 fusiore‘m
2594 5079 2646 5124 et
2677 5071 3002 5141 planiorem,
3038 5081 3092 5127 et
3124 5088 3267 5144 saepe
3296 5077 3403 5126 non
3429 5072 3722 5128 infeliciter

2143 5161 2512 5216 luxuriantem
2547 5181 2561 5216 :
2591 5172 2704 5216 tum
2736 5179 2866 5218 vero
2891 5174 3114 5234 propter
3143 5179 3328 5218 earum
3365 5164 3719 5238 historiarum

2144 5253 2537 5324 cognitionem,
2567 5270 2702 5323 quas
2738 5254 2934 5324 partim
2987 5269 3090 5310 non
3121 5257 3258 5312 satis
3297 5267 3562 5322 tenerent,
3594 5273 3722 5328 paro

2143 5345 2238 5399 tim
2269 5345 2422 5414 plane
2451 5345 2780 5415 ignomrem.

2217 5438 2334 5504 Quo
2364 5455 2532 5509 opere
2555 5440 2831 5501 absoluto,
2861 5455 2983 5494 cum
3018 5457 3126 5494 nun
3165 5450 3270 5497 tam
3307 5443 3602 5514 gauderem
3637 5461 3723 5500 me

2147 5530 2296 5602 gravi
2333 5548 2500 5586 onere
2542 5533 2800 5594 levatum,
2835 5549 2994 5601 quam
3039 5534 3092 5588 in
3133 5554 3161 5586 ιι
3187 5539 3307 5589 ciio
3352 5535 3520 5590 veluti
3557 5551 3718 5592 cursu

2147 5626 2468 5680 destitutum
2518 5625 2786 5685 dolerem.
2835 5643 2942 5696 quo
2995 5628 3175 5681 minus
3207 5638 3503 5684 extremam
3557 5631 3724 5685 totius

2148 5717 2394 5772 historiae
2438 5728 2639 5772 metam
2693 5719 3018 5788 attingerem
3063 5736 3078 5773 :
3114 5733 3241 5773 ecce
3274 5731 3472 5788 praner
3505 5737 3720 5774 irit-ltum

2147 5809 2610 5878 cxsiicctationcm
2648 5826 2676 5862 a
2706 5820 2757 5863 te
2805 5809 3030 5864 ulicrlur
3065 5809 3405 5882 Nicephorus
3430 5811 3720 5882 Gregoras,

2146 5906 2235 5978 qui
2273 5905 2336 5960 ab
2371 5905 2502 5960 nrbc
2547 5922 2573 5958 a
2628 5903 2846 5960 Venetis
2901 5914 2950 5961 cl
2985 5904 3260 5967 Balduino,
3289 5903 3520 5960 Flaudro
3566 5919 3726 5977 capta
