4054 6598
297 393 355 447 9]
1394 395 1477 453 Ill
1492 393 1713 456 EllON.
1760 396 1877 455 W0

1993 395 2047 454 lI
2092 394 2511 457 PREFATIO.
3501 395 3572 457 98

297 513 523 550 exorsus
554 497 841 553 historiam
872 516 1139 556 annorum
1167 504 1397 576 “5(83)
1426 507 1492 561 ad
1527 525 1678 562 suam
1709 527 1880 580 usque
1910 515 1953 568 A
1984 522 2084 561 nec
2139 508 2299 564 citius
2355 522 2672 577 oppressam
2708 520 2853 574 esse,
2907 506 3140 561 mirarer
3180 508 3359 577 potius
3404 524 3570 577 quam

295 602 533 652 :ctatem,
567 602 620 645 et
678 592 971 649 Andronici
1030 594 1318 669 Palaeologi
1354 601 1593 667 junioris
1644 605 1874 667 0b.l.ttm,

296 681 529 749 eleganti
565 683 703 754 stylo
742 685 1071 757 descriptam
1111 689 1265 743 nobis
1295 689 1448 745 dedit
1485 709 1497 745 :
1537 692 1716 761 itaque
1749 710 1879 762 sup-

297 775 461 848 plevit
487 790 551 830 ea
580 792 702 844 qua:
738 777 1037 848 reliquerat
1067 778 1390 849 Chouiates,
1439 794 1497 838 ut
1532 784 1621 840 hic
1653 784 1889 847 Zonara:

295 882 447 923 suam
480 869 855 923 narrationem
884 879 1211 927 attexuerat.

360 961 632 1015 Craterum
664 970 718 1015 et
778 961 864 1016 hic
918 962 1059 1018 idem
1114 965 1260 1036 quod
1317 967 1389 1021 in-
1424 966 1691 1024 Choniate
1737 970 1872 1025 mihi

296 1072 414 1107 eum
452 1054 764 1118 accidisset,
803 1069 906 1109 nec
935 1055 1117 1111 vicina
1156 1060 1498 1130 temporibus
1532 1062 1744 1116 nostris
1774 1061 1879 1133 By-

298 1146 602 1201 zantiorum
654 1156 773 1200 acta
817 1157 1012 1201 auctor
1059 1148 1152 1203 ille
1204 1151 1522 1222 attigisset:
1556 1147 1881 1225 nullumque

296 1241 542 1293 Graecum
577 1239 900 1315 scriptorem
950 1250 1195 1306 exstare,
1246 1252 1340 1296 aut
1394 1254 1543 1299 certe
1593 1246 1727 1301 mihi
1757 1264 1880 1304 esse

297 1332 572 1401 cognitum
610 1332 876 1397 dolerem,
911 1332 1003 1403 qui
1036 1340 1239 1387 caetera
1273 1352 1445 1405 usque
1498 1338 1565 1393 ad
1612 1338 1883 1395 Constan-

298 1426 563 1493 tinopolirj
597 1442 625 1480 a
663 1425 858 1480 Turcis
905 1436 1252 1499 occupatam,
1303 1440 1358 1485 et
1405 1431 1698 1503 imperium
1734 1436 1883 1491 Cra:-

297 1535 479 1573 coruin
517 1537 545 1573 a
591 1520 897 1576 Mabomete
953 1537 1178 1590 prorsus
1219 1538 1472 1580 eversum
1522 1543 1880 1599 persequere-

298 1620 379 1662 tur
415 1625 430 1663 :
463 1612 754 1665 commode
798 1626 828 1664 a
859 1611 1163 1668 clarissimo
1199 1613 1317 1671 viro
1354 1615 1421 1670 D.
1452 1614 1703 1689 Philippo
1728 1619 1883 1675 Gun-

297 1700 455 1766 delio,
491 1698 791 1756 Viennensi
834 1702 1256 1772 jurisconsnlto,
1304 1707 1371 1761 ad
1424 1723 1510 1763 me
1550 1711 1750 1765 missus
1797 1721 1884 1767 est

299 1792 566 1849 Laonieus
595 1793 1082 1867 Chalcocondyles,
1111 1814 1245 1868 quo,
1275 1808 1383 1854 uta
1406 1800 1723 1873 fatigatione
1752 1820 1882 1859 con-

295 1885 564 1940 versionis
593 1886 847 1940 nonnihil
897 1888 1331 1957 acquiescerent,
1384 1893 1541 1948 avide
1592 1910 1874 1964 percurso,

297 1980 451 2050 plane
474 1980 607 2034 mihi
636 1979 980 2036 satisfactum
1005 1997 1128 2038 esse
1157 1984 1389 2053 cognovi
1426 2002 1440 2038 :
1474 1994 1636 2055 atque
1663 1987 1714 2041 iu
1750 2003 1872 2044 eam

298 2070 630 2125 sententiam
661 2085 782 2125 sum
830 2071 1125 2137 adductus,
1172 2083 1231 2129 ut
1280 2074 1396 2129 fato
1428 2077 1687 2146 quodam,
1727 2081 1874 2147 quod

298 2162 448 2215 initio
487 2161 628 2227 dixi,
662 2161 863 2216 factum
897 2177 1020 2217 esse
1050 2164 1444 2227 existimarem.
1486 2178 1547 2223 ut
1580 2179 1635 2225 et
1672 2171 1873 2227 libera-

295 2253 444 2308 litate
487 2262 602 2318 tua,
662 2263 717 2308 et
762 2252 1200 2310 Dorensclnvami
1238 2257 1532 2329 Byzantina
1570 2271 1624 2316 et
1674 2262 1873 2318 Asiana

297 2344 765 2416 peregrinatione,
821 2356 878 2401 et
917 2361 1040 2401 meo
1085 2348 1456 2420 qualicunque
1489 2350 1695 2418 labore,
1731 2354 1875 2409 inte~

297 2452 448 2507 grum
478 2436 648 2491 totius
670 2436 975 2508 Byzantina;
1005 2439 1258 2497 Historia:
1287 2457 1507 2513 corpus,
1533 2453 1587 2500 et
1619 2448 1875 2504 omnibus

296 2543 462 2599 ’πορθ
504 2530 752 2586 numeris
790 2532 906 2587 suis
944 2532 1276 2602 absolutum,
1315 2537 1521 2592 nostris
1559 2539 1873 2596 hominibus

296 2631 696 2689 proponeretur
725 2639 741 2677 :
774 2623 931 2692 cujus
961 2624 1123 2679 lectio
1151 2641 1259 2680 non
1287 2634 1398 2702 tam
1426 2629 1689 2699 jucunda,
1712 2646 1873 2701 quam

294 2710 550 2767 salutaris
574 2722 740 2781 esset,
785 2716 829 2770 si
858 2716 895 2769 ii
925 2717 1018 2786 qui
1050 2733 1235 2773 rerum
1278 2722 1589 2790 potiuntur,
1643 2738 1711 2779 ex
1745 2723 1878 2779 alie-

297 2803 380 2858 nis
412 2807 659 2873 peccatis
695 2822 795 2863 sua
834 2811 1129 2867 emendare
1158 2823 1511 2870 conarentur.
1550 2813 1695 2870 Idem
1726 2816 1874 2871 enim

298 2897 489 2963 hostis,
526 2899 620 2968 qui
654 2899 844 2959 beatas
876 2902 1004 2956 olim
1040 2904 1183 2959 Asia:
1222 2913 1277 2959 et
1307 2904 1529 2961 Grieciie
1560 2907 1875 2977 provincias

296 2992 586 3058 oppressit,
621 2992 874 3053 vastavit.
908 2997 1126 3061 evertit,
1152 2999 1353 3052 nostris
1382 2996 1544 3053 etiam
1570 3000 1876 3055 cervicibus
1914 3012 1917 3015 '

300 3081 586 3136 imminet:
632 3093 690 3137 et
734 3093 977 3139 extrema
1031 3101 1262 3157 quaeque
1312 3089 1426 3143 orbi
1459 3089 1791 3156 Christiano,
1822 3100 1878 3146 et

300 3168 731 3229 internerionem
764 3176 1037 3248 religioni,
1070 3177 1273 3235 frustra
1308 3180 1383 3234 illi
1409 3181 1629 3251 quidem
1676 3190 1876 3254 (neque

299 3267 442 3321 enim
491 3266 700 3323 Christi
754 3268 1061 3326 Servatoris
1110 3271 1284 3326 nostri
1341 3274 1589 3343 potentia
1622 3275 1879 3331 humanis

299 3358 460 3412 armis
489 3360 633 3414 vinci
669 3371 891 3432 potest),
919 3362 1014 3417 sed
1049 3364 1209 3420 nobis
1239 3379 1349 3419 nou
1378 3365 1499 3420 sine
1524 3367 1746 3435 capitali
1778 3382 1879 3437 pe-

302 3449 471 3505 riculo
506 3453 745 3508 minatur
780 3470 794 3507 :
825 3463 882 3509 et
921 3454 996 3509 ita
1026 3455 1287 3520 minatur,
1324 3465 1383 3511 ut
1419 3456 1526 3512 hoc
1553 3456 1881 3513 Christianae

302 3548 618 3618 reipublicae
664 3540 805 3601 statu
833 3548 1018 3617 (quem
1045 3547 1132 3603 vel
1180 3547 1307 3602 mali
1341 3549 1541 3605 ominis
1588 3564 1751 3604 causa
1798 3551 1879 3604 vi-

303 3640 473 3703 tandi,
500 3641 587 3695 vel
616 3656 686 3694 ne
710 3640 805 3710 qui
836 3654 896 3696 se
932 3640 1226 3711 perstringi
1257 3649 1472 3711 putent,
1508 3657 1633 3697 cum
1667 3642 1879 3714 Byzan-

303 3735 416 3788 tino
465 3735 608 3787 haud
656 3733 904 3803 confero)
941 3732 1103 3787 mina:
1156 3733 1278 3803 ejus
1321 3749 1350 3784 a
1404 3736 1625 3789 nemine
1653 3738 1878 3791 cordato

303 3825 576 3879 contemni
625 3836 849 3893 queant.
899 3823 995 3879 Sin
1045 3825 1211 3895 aliqui
1261 3826 1334 3880 ita
1366 3833 1611 3896 stupent,
1656 3836 1711 3880 ut
1764 3828 1883 3882 haec

302 3925 393 3967 aut
424 3930 531 3969 nun
562 3914 868 3984 intelligant
896 3923 1047 3977 :aut,
1075 3914 1119 3969 si
1145 3916 1477 3987 intelligunt,
1509 3932 1618 3971 non
1643 3926 1837 3971 curent
1861 3935 1874 3971 :

303 4017 412 4071 aut,
434 4008 480 4062 si
508 4017 724 4068 curant,
748 4023 856 4061 non
888 4007 943 4061 in
973 4022 1041 4064 eo
1073 4023 1171 4077 pro
1198 4010 1339 4064 virili
1369 4010 1673 4076 elaborent,
1698 4012 1880 4065 omni-

302 4098 402 4154 bus
433 4101 665 4170 privatis
703 4101 1151 4155 contentionibus
1184 4102 1426 4165 omissis,
1477 4111 1536 4157 ut
1584 4103 1878 4157 incolumi-

304 4193 394 4246 tati
450 4202 648 4246 nostra:
695 4192 1063 4246 consulatur:
1101 4192 1326 4247 evidens
1378 4194 1770 4266 indignationis
1800 4196 1881 4249 iii-

302 4283 440 4337 vinae
468 4293 657 4337 contra
676 4298 795 4347 nos,
826 4293 882 4338 et
904 4269 1146 4354 urgentis
1175 4286 1381 4339 scelera
1398 4297 1581 4341 nostra
1602 4288 1876 4353 vindictae,

302 4374 439 4442 quod
472 4384 665 4428 auctor
702 4375 788 4428 hic
817 4382 1005 4428 noster
1037 4375 1230 4430 crebro
1264 4377 1536 4446 queritur,
1583 4393 1879 4448 argumen-

304 4476 410 4518 tum
440 4464 491 4520 id
525 4479 648 4520 esse
680 4465 951 4520 videatur.

1986 599 2303 655 miscrarcr.
2358 599 2469 655 Etsi
2525 600 2592 653 ad
2653 599 3190 653 commiserationem
3239 599 3422 654 clades
3466 598 3572 655 illa:

1982 699 2037 744 et
2084 691 2457 746 ﬂorentissimi
2497 691 2977 760 potentissimique
3030 690 3302 759 quondam
3360 692 3607 759 imperii'

1983 784 2161 847 ruina,
2209 793 2265 837 et
2314 783 2645 837 Christianae
2694 782 2971 851 religionis
3020 797 3050 837 e
3090 789 3171 835 tot
3221 782 3572 846 amplissimis

1979 874 2278 944 provinciis
2311 872 2637 943 protligatio,
2667 873 2748 926 vel
2772 888 2898 926 saxa
2925 887 3275 927 commovere
3305 873 3521 940 possint
3552 889 3566 925 :

1982 974 2202 1020 nostros
2248 974 2432 1019 autem
2477 965 2749 1025 homines,
2803 964 2966 1018 simili
3011 972 3157 1019 statu
3207 979 3411 1027 rerum,
3469 978 3571 1018 nec

1984 1057 2199 1111 illorum
2249 1056 2653 1119 misericordia,
2688 1073 2790 1110 nec
2823 1056 3016 1110 similis
3052 1055 3204 1110 exitii
3240 1064 3387 1110 metu
3419 1072 3571 1110 rom-

1983 1149 2188 1205 moveri
2236 1149 2307 1204 sit
2358 1148 2665 1203 mirandum
2700 1166 2712 1202 :
2749 1163 2851 1202 nec
2904 1147 3305 1216 desperandum
3355 1156 3567 1212 tamen,

1982 1241 2101 1297 fore
2134 1241 2353 1302 multos,
2384 1238 2477 1308 qui
2508 1238 2594 1292 bis
2630 1254 2739 1291 non
2771 1238 2934 1291 modo
2965 1239 3030 1292 ad
3065 1238 3421 1308 voluptatem,
3469 1239 3569 1294 sed

1983 1334 2150 1387 etiam
2171 1332 2239 1387 ad
2267 1332 2538 1401 publicam
2573 1331 2859 1385 utilitatem
2894 1332 3160 1400 legendis,
3201 1342 3353 1386 tuum
3386 1335 3569 1388 consi-

1986 1426 2116 1478 lium
2141 1424 2436 1483 laudaturi,
2455 1432 2510 1477 et
2532 1425 2676 1477 inter
2695 1434 2885 1478 Caetera
2912 1432 3235 1477 ornamenta
3259 1439 3419 1493 quam
3449 1424 3569 1492 plu-

1983 1514 2121 1568 rima
2137 1514 2477 1569 numeraturi
2498 1514 2628 1578 sint,
2654 1513 2744 1581 qui
2762 1513 2958 1567 illustri
2977 1524 3329 1567 monumento
3342 1515 3571 1581 posteris

1983 1607 2149 1663 etiam
2182 1606 2491 1661 consultum
2524 1606 2760 1659 volueris
2781 1621 2794 1658 :
2816 1616 2872 1659 et
2903 1606 3196 1659 multorum
3226 1609 3462 1672 animos,
3482 1607 3570 1661 his

1982 1696 2248 1766 cperibus
2295 1694 2351 1749 in
2397 1695 2679 1765 publicum
2711 1694 2890 1758 editis,
2946 1694 3009 1747 ad
3060 1695 3246 1762 patria:
3296 1693 3571 1747 defensio-

1985 1805 2109 1844 nem
2156 1789 2365 1859 majore
2404 1788 2585 1842 studio
2620 1787 3016 1854 suscipiendam
3049 1787 3327 1840 excitaris.

1912 1885 1953 1940 Β
2012 1926 2013 1931 η
2051 1882 2232 1950 Atque
2268 1881 2380 1934 haec
2419 1881 2488 1936 de
2538 1880 2792 1934 historia.
2850 1877 2926 1934 De
2971 1888 3197 1933 auctore
3240 1894 3349 1932 non
3383 1878 3569 1933 mult's

1982 1983 2068 2027 est
2110 1988 2270 2042 opus.
2327 1971 2462 2026 Nam
2509 1988 2617 2042 quo
2670 1972 2907 2043 ingenio,
2957 1972 3224 2028 doctrina.
3291 1971 3567 2034 lacundia,

1984 2066 2314 2119 auctoritate
2342 2065 2485 2135 apud
2515 2080 2644 2119 suos
2673 2064 2856 2126 fuerit,
2894 2064 3010 2135 ipse
3050 2064 3263 2117 abunde
3305 2065 3567 2118 declarat.

1985 2154 2157 2221 Quem
2208 2172 2334 2211 cum
2387 2164 2604 2227 ca'qua:
2639 2156 2706 2211 dc
2739 2156 3004 2211 Michaelc
3043 2155 3347 2226 Palzcolngo
3396 2171 3570 2224 usque

1984 2250 2049 2300 ad
2084 2248 2470 2304 Catelanorum
2506 2250 2575 2304 ab
2607 2250 2922 2303 Andronico
2953 2250 3168 2304 seniore
3204 2247 3570 2302 defectionem

1983 2340 2194 2402 Scribit,
2252 2355 2279 2393 a
2339 2341 2575 2411 Georgio
2627 2338 2987 2410 Pacliymerio
3043 2324 3348 2392 mutuatum
3404 2354 3569 2405 esse,

1984 2442 2149 2501 atque
2180 2432 2233 2485 in
2272 2432 2658 2500 compendium
2707 2431 2986 2498 redegisse
3033 2431 3412 2501 cognovissent
3455 2444 3570 2484 εει

1985 2522 2303 2594 Augustana
2357 2524 2685 2578 bibliotheca
2746 2522 2878 2577 illud
2928 2538 3068 2593 opus
3113 2532 3396 2593 acartptum
3445 2537 3572 2592 per-

1980 2612 2088 2684 legi
2139 2633 2178 2671 :-
2215 2623 2268 2670 et
2316 2631 2437 2685 quae
2487 2630 2596 2670 non
2653 2614 2867 2668 inutilia
2914 2614 3260 2678 videbantur,
3311 2625 3570 2683 excerpta

1989 2708 2246 2779 Grcgorze
2292 2708 2470 2779 adjeci
2504 2726 2517 2764 :
2552 2724 2644 2770 nc,
2678 2708 2854 2779 quoad
2896 2719 3112 2778 pessem
3142 2717 3196 2762 et
3228 2708 3437 2771 liceret,
3475 2722 3570 2762 vo-

1986 2799 2183 2855 luntati
2244 2812 2349 2854 tuae
2382 2810 2547 2869 atque
2598 2799 2782 2856 ofﬁcio
2811 2815 2934 2855 meo
2977 2801 3249 2856 deessem.
3295 2801 3372 2854 Ac
3413 2787 3580 2869 plura'

1991 2910 2124 2950 sane
2151 2893 2517 2964 collegissem,
2558 2893 2661 2948 nisi
2694 2894 2743 2949 is
2775 2894 2945 2948 codex
2988 2905 3042 2947 et
3071 2892 3339 2962 principio
3368 2904 3424 2948 ct
3465 2895 3572 2949 line

1990 2986 2235 3048 mutilus,
2274 2986 2329 3039 in
2361 2985 2544 3040 medio
2579 2986 2741 3040 etiam
2789 2984 2996 3057 aliquot
3028 2985 3182 3039 foliis
3229 2986 3423 3055 partim
3475 3001 3574 3040 ex-

1988 3080 2173 3140 sectis,
2207 3079 2403 3148 partim
2441 3078 2668 3132 marinis
2699 3076 2955 3133 ﬂuctibus
3002 3078 3084 3149 (ut
3114 3077 3332 3147 opinor)
3381 3081 3567 3130 made-

1987 3173 2168 3237 factis,
2217 3181 2273 3227 et
2325 3172 2522 3226 litteris
2573 3180 2842 3226 vetustate
2895 3171 3354 3234 evalesceutibus,
3388 3172 3575 3225 studio
3628 3182 3634 3189 '

1904 3243 1950 3305 (ἶ
1984 3282 2106 3320 meo
2136 3265 2386 3320 etoculis
2416 3264 2674 3319 diuturna
2709 3263 2824 3319 fere
2856 3273 2911 3318 et
2941 3271 3205 3334 perpetua
3229 3263 3466 3320 lectione
3504 3280 3569 3319 ac

1980 3358 2279 3427 scriptione
2310 3356 2469 3411 fessis
2502 3366 2559 3411 et
2604 3355 2878 3410 hebetatis
2927 3358 3283 3410 vehementer
3318 3356 3574 3410 adversa-

1984 3458 2070 3501 tus
2115 3456 2283 3509 esset,
2327 3455 2492 3517 atque
2543 3446 3033 3502 incommodassct.
3066 3446 3563 3516 Chalcoi-ondylem

1980 3552 2161 3596 autem
2189 3556 2321 3596 suus
2357 3541 2650 3609 interpres,
2686 3556 2791 3611 qua
2821 3550 2904 3596 est
2939 3540 3188 3594 doctrina
3216 3547 3271 3593 et
3295 3538 3563 3609 eloquen-

1982 3632 2076 3695 tia,
2119 3631 2189 3685 ita
2220 3631 2646 3693 commendabit,
2680 3641 2741 3686 ut
2794 3630 2925 3685 mihi
2962 3630 3094 3684 satis
3121 3643 3269 3683 nunc
3311 3644 3433 3684 esse
3463 3628 3564 3684 de-

1980 3726 2129 3792 beat,
2161 3726 2207 3780 si
2243 3726 2459 3781 labores
2503 3725 2559 3781 lii
2607 3727 2715 3781 mei
2747 3726 2992 3796 azquitati
3028 3735 3081 3778 et
3115 3724 3425 3779 liberalitati
3459 3735 3566 3779 tua

1981 3818 2353 3873 cotttmendati
2383 3817 2611 3883 fuerint,
2649 3827 2703 3873 ct
2745 3818 2983 3889 probati.
3034 3818 3288 3888 Augustte
3320 3816 3566 3871 Vindeli—

1981 3926 2195 3975 rorum,
2228 3912 2491 3981 postridie
2522 3910 2641 3966 Kal.
2677 3908 2944 3976 Januarii,
2983 3908 3114 3965 anni
3146 3927 3175 3962 a
3204 3907 3410 3963 Christi
3437 3908 3570 3962 Ser-

1966 4011 2183 4066 'vatoris
2230 4009 2569 4063 humanitate
2602 4007 2762 4071 l559,
2790 4021 2952 4077 quem
2996 4007 3091 4061 tibi
3125 4009 3341 4076 tuisque
3373 4015 3428 4059 et
3461 4005 3565 4061 toti

1985 4114 2254 4158 terrarum
2297 4109 2576 4171 pacatum,
2613 4100 2826 4153 felicem
2868 4114 2932 4153 ac
2952 4094 3240 4157 "faustuui,
3280 4113 3342 4151 ex
3379 4096 3563 4150 animo

1983 4214 2201 4268 precor.
2222 4196 2380 4251 Faxit
2413 4196 2556 4250 Deus
2584 4194 2709 4266 Opt.
2734 4193 2913 4260 illam,
2941 4206 3000 4249 ut
3026 4192 3356 4248 Ferdinanili
3396 4181 3562 4261 primi

1982 4291 2231 4360 Augusti,
2262 4289 2606 4360 imperatoris
2650 4303 2713 4341 ac
2764 4287 2972 4343 domini
3024 4286 3202 4340 nostri
3249 4284 3564 4340 clementis-

1983 4380 2131 4445 simi,
2182 4381 2238 4433 in
2293 4380 2484 4433 urbem
2526 4379 2689 4441 hanc,
2726 4379 2797 4433 ob
2841 4378 3191 4449 gravissimas
3241 4376 3307 4430 de
3348 4374 3564 4444 imperii

1984 4473 2148 4526 rebus
2174 4471 2623 4549 deliberationes,
2659 4470 2940 4542 ingressus
2971 4471 3097 4538 (sub
3125 4468 3176 4522 id
3207 4478 3423 4539 tempus
3451 4484 3562 4537 quo

370 4562 632 4631 Equidem
657 4561 800 4615 inter
828 4562 1255 4616 eonverteudum
1284 4564 1381 4616 lius
1407 4564 1727 4633 scriptores,
1749 4579 1872 4618 cum
1908 4595 1951 4648 υ
1986 4564 2153 4634 pacis,
2197 4562 2504 4617 concordia:
2531 4572 2586 4617 ct
2622 4563 2793 4617 mutui
2827 4561 3031 4615 amoris
3063 4562 3255 4615 doctor
3284 4569 3341 4614 et
3376 4575 3565 4614 exi-m-

302 4655 363 4706 ad
390 4654 786 4722 imperatorum
824 4654 876 4706 in
913 4653 1189 4723 fungendo
1230 4671 1460 4710 munere
1509 4656 1872 4717 oscitantiam,

305 4747 647 4799 trnac'tatcm
680 4746 733 4798 in
763 4747 1109 4807 necessariis,
1143 4747 1490 4815 profusiones
1517 4747 1570 4801 in
1614 4764 1874 4818 superruo

303 4839 437 4900 ruis,
470 4849 524 4894 et
559 4838 814 4892 intestina
847 4839 1045 4907 bella;
1081 4855 1362 4907 procerum
1403 4855 1536 4894 vero
1580 4850 1634 4893 et
1676 4841 1876 4896 ducunt

303 4932 581 5000 perﬁdiam
614 4947 677 4985 ac
732 4931 1116 4995 temeritatem,
1155 4931 1533 4996 religiosorum
1578 4933 1876 4998 inscitiam,

301 5035 351 5076 et
385 5024 452 5077 ile
500 5024 622 5077 lana
653 5024 870 5092 caprina
906 5023 1066 5085 rixas,
1095 5024 1393 5092 populique
1433 5024 1786 5092 petulantiam
1820 5036 1873 5080 et

302 5117 593 5186 ignaviam,
612 5117 855 5169 omnium
876 5115 1111 5184 denique
1128 5115 1382 5170 ordinum
1402 5126 1645 5171 extrema
1681 5119 1879 5186 probra

305 5208 671 5267 pervenissent
701 5226 714 5261 :
746 5218 1044 5275 contraque
1065 5205 1371 5262 Tureorum
1404 5190 1665 5276 majbrem
1691 5210 1873 5275 tidem,

303 5296 561 5363 majorem
602 5298 992 5367 integritatem,
1050 5296 1451 5360 fortitudinem,
1506 5298 1874 5366 clementiam,

305 5392 531 5445 virtutes
547 5390 789 5460 ipsorum
811 5391 1043 5447 hostium
1060 5392 1247 5462 elogiis
1260 5393 1359 5447 eeli
1380 5393 1581 5458 bratas,
1596 5394 1875 5462 legissem:

305 5484 372 5535 ita
401 5499 522 5536 sum
554 5484 739 5536 animo
779 5493 1105 5549 commotus,
1142 5493 1200 5538 ut
1220 5484 1429 5539 ’l‘urcos
1455 5486 1684 5553 imperio
1718 5487 1877 5557 longe

303 5573 575 5641 d'gniores
600 5572 899 5641 judicarcm
937 5591 950 5627 :
984 5586 1037 5629 et
1068 5575 1253 5629 faccem
1298 5590 1360 5629 ac
1407 5578 1678 5629 sentinam
1730 5576 1873 5630 illam

304 5663 632 5717 notariorum
692 5664 972 5719 hominum
1017 5652 1122 5720 tam
1172 5666 1263 5721 diu
1312 5665 1477 5722 fu'sse
1516 5666 1868 5735 incolumem,

372 5849 482 5917 (ss)
522 5848 634 5901 Mi
677 5848 795 5912 iis,
829 5849 921 5903 sed
954 5849 1070 5904 157.

1979 4658 2129 4726 plum
2160 4655 2412 4711 Christus
2437 4654 2619 4721 Jesus,
2643 4666 2865 4726 propter
2894 4655 3124 4709 salutem
3150 4653 3371 4708 humani
3399 4668 3566 4724 gene—

1978 4749 2074 4813 ris,
2109 4747 2453 4803 dissimulata
2500 4747 2787 4803 divinitate
2817 4762 2936 4813 sua,
2968 4748 3129 4801 homo
3163 4745 3314 4800 nasci
3343 4745 3563 4812 voluit),

1978 4840 2220 4895 omnium
2271 4841 2601 4911 principum,
2640 4842 2884 4894 omnium
2936 4841 3228 4894 hominum
3280 4838 3496 4892 animos
3529 4853 3560 4893 a

1981 4931 2205 4999 privatis
2238 4932 2635 5002 cupiditatibus
2671 4932 2736 4985 ad
2767 4948 2953 4987 curam
2994 4931 3224 5001 publica:
3274 4931 3492 4990 salutis,
3531 4945 3561 4983 ιι

1981 5021 2110 5074 luxu
2147 5032 2200 5076 et
2232 5023 2540 5092 corruptela
2576 5037 2785 5076 morum
2841 5025 2907 5076 ad
2955 5021 3310 5076 sobrietatem
3346 5031 3401 5074 et
3436 5019 3560 5074 vitae

1980 5114 2372 5183 integritatem,
2407 5115 2474 5168 ab
2508 5114 2647 5167 odiis
2696 5123 2752 5167 et
2801 5112 3173 5166 simultatibus
3218 5111 3281 5165 ad
3334 5126 3565 5165 concor-

1979 5204 2122 5258 diam
2158 5215 2212 5259 et
2243 5220 2508 5268 amorem,
2555 5221 2583 5258 a
2628 5206 2764 5259 rixis
2799 5216 2852 5259 et
2885 5205 3344 5273 diSputatimiilnis
3375 5207 3441 5256 a:l
3472 5219 3563 5257 ve-

1982 5314 2102 5351 rum
2134 5300 2340 5353 cultum
2374 5299 2669 5370 religionis,
2705 5314 2734 5352 a
2772 5299 2927 5353 bellis
2961 5309 3011 5353 et
3044 5298 3211 5352 armis
3241 5296 3308 5350 ad
3347 5298 3555 5348 lirmam

1979 5397 2032 5445 ct
2066 5401 2406 5445 constantem
2450 5407 2635 5461 pacem
2677 5400 2983 5445 convertat.

2052 5486 2224 5556 Cujus
2251 5487 2359 5540 voti
2392 5485 2439 5539 si
2469 5499 2570 5540 nos
2597 5485 2779 5540 divina
2813 5484 3110 5538 liberalitas
3148 5480 3360 5558 (merita
3407 5478 3554 5532 enim

1979 5591 2163 5633 nostra
2191 5578 2338 5631 nulla
2378 5579 2622 5649 profecto
2657 5580 2855 5649 jactare
2881 5590 3197 5646 possumus,
3238 5588 3339 5626 nec
3374 5572 3558 5626 minus

1980 5670 2185 5741 indigni
2215 5687 2402 5725 sumus
2424 5672 2610 5725 divino
2631 5671 2833 5725 auxdio
2866 5686 3028 5739 quam
3062 5667 3252 5737 indigi)
3277 5678 3562 5737 compotes
