4054 6602
322 403 420 470 illi

1488 408 1797 470 NOTITIA
1840 411 1959 471 EX‘
1986 413 2074 472 ΕΛ
2086 413 2370 480 BRICIO.

3474 428 3578 493 102

329 522 455 585 rint,
514 529 567 572 ut
612 520 935 576 narrationis
975 530 1247 578 cantatus
1271 523 1416 578 nullo
1455 525 1608 579 hiatu
1642 529 1897 595 abruptus
1929 537 1971 592 Α
2000 530 2427 597 Disputationem
2458 535 2706 610 Gregoraz
2740 508 2864 617 ‘cpm
2905 540 3028 598 Nic.
3064 541 3312 601 Cabasila
3366 557 3417 602 et
3448 567 3579 607 ano—
3616 580 3623 590 ί

325 610 414 672 sit,
443 609 537 663 sed
565 610 810 664 erunibus
845 612 1085 681 partibus
1130 624 1248 681 apte
1282 618 1661 669 cohwrentibus
1700 619 1900 687 integer

326 710 373 755 et
397 703 678 755 continuus
695 703 971 771 procedat.
999 703 1065 758 Id
1083 704 1331 793 Gregory:
1352 707 1521 777 ipsius
1540 708 1747 778 judicio
1779 714 1900 779 [ac-

326 804 435 845 tum
463 793 619 846 uelint
651 807 671 846 :
702 810 866 865 neque
901 812 933 849 a
965 812 1086 849 vero
1117 796 1391 860 abhorret,
1419 815 1538 851 eum
1569 802 1740 868 primo
1791 802 1901 855 edi-

325 885 485 938 tionis
519 900 703 939 arnore
728 886 1043 957 refrigerato
1075 904 1231 942 suum
1256 893 1792 960 opusrecognovisse,
1837 910 1901 947 ac

325 991 407 1038 ea,
435 992 554 1045 qua:
578 978 881 1030 ostentandi
904 979 1099 1048 ingenii
1127 996 1288 1032 causa
1312 990 1588 1046 assuerat,
1605 984 1898 1053 monodias,

324 1069 611 1132 orationes,
633 1068 848 1139 aliaque
882 1070 936 1123 id
957 1087 1118 1140 genus
1151 1074 1450 1126 resecuisse.
1490 1072 1896 1143 Vcreortamen,

325 1171 389 1208 nc
437 1169 484 1210 et
538 1159 723 1227 gloria'
770 1161 931 1228 paulo
969 1162 1174 1215 avidior
1218 1179 1305 1217 eos
1353 1181 1580 1234 pannos,
1615 1167 1671 1220 in
1724 1170 1901 1238 prima

320 1246 607 1314 scriptione
633 1249 874 1311 omissos,
904 1250 1120 1319 repetito
1137 1252 1320 1306 deinde
1337 1271 1489 1323 opere.
1513 1256 1897 1317 intertexuerit.

321 1338 467 1392 Idem
496 1348 760 1409 prmterea
793 1357 924 1396 usus
953 1326 1333 1413 codice‘kegio
1363 1345 1523 1410 2078,
1552 1363 1712 1418 quem
1734 1349 1902 1405 libros

319 1430 530 1500 primos
556 1439 791 1501 quatuor
814 1434 1165 1504 complexum
1190 1434 1266 1489 ait
1297 1452 1489 1506 parum
1515 1440 1582 1494 ab
1610 1442 1774 1497 editis
1798 1442 1901 1497 dil‘o

317 1519 481 1586 ferre,
524 1523 633 1577 nisi
683 1524 911 1592 quodin
947 1526 1214 1581 librorum
1274 1537 1328 1582 et
1368 1529 1603 1598 capitqu
1634 1532 1901 1591 divisione

315 1613 617 1683 discrepet.
656 1614 940 1671 Monodias
976 1617 1102 1672 libri
1154 1620 1356 1675 decimi
1388 1622 1564 1688 initio,
1619 1625 1902 1697 Castigavit

317 1719 385 1759 ex
418 1706 608 1760 codice
642 1705 958 1765 Culbertino
992 1710 1154 1775 4950,
1188 1713 1362 1781 cujus,
1395 1714 1589 1785 inquit.
1635 1720 1781 1771 nobis
1813 1735 1901 1773 co-

315 1801 463 1869 piam
497 1801 625 1866 fecit
651 1803 731 1855 vir
760 1819 921 1871 quam
944 1803 1129 1858 doctus
1161 1814 1272 1858 tam
1295 1807 1567 1871 amabilis,
1594 1807 1896 1878 Stephanus

2002 636 2158 690 nymo
2204 626 2267 677 de
2298 624 2539 683 Palainw
2580 632 2878 699 erroribus,
2926 650 3045 702 qua:
3073 650 3126 690 a.
3154 637 3231 711 ἧς.
3267 638 3428 705 1551,
3456 648 3581 708 post

2002 715 2268 786 synodum
2305 716 2674 776 Palamiticam
2711 724 2891 779 habita
2928 735 3038 789 est,
3089 736 3145 782 et
3184 728 3239 781 in
3273 729 3376 783 hoc
3412 746 3578 799 apere

2002 806 2072 875 ab
2098 807 2255 863 initio
2286 810 2407 865 libri
2444 811 2591 868 XXII
2646 831 2816 885 usque
2871 818 2935 871 ad
2967 818 3132 874 XXIV
3168 820 3284 876 fere
3334 823 3575 877 medium

2000 903 2199 961 exstat,
2225 899 2444 954 exhibet
2470 918 2594 957 cum
2622 906 2877 962 versione
2906 907 3094 963 Latina
3119 918 3175 967 et
3196 911 3341 968 notis
3364 910 3577 970 Claudii

2001 984 2417 1058 Cappcronerii,
2472 994 2737 1052 licentiati
2775 999 3007 1070 theologi
3051 1001 3398 1059 Parisiensis.
3436 1006 3580 1062 Prae-

2003 1089 2083 1134 ter
2111 1082 2496 1142 aduotationes
2526 1103 2693 1158 porro
2715 1107 2864 1155 suas,
2885 1092 2937 1147 in
2962 1093 3154 1163 quibus
3176 1097 3379 1153 inedita
3403 1100 3581 1166 varia,

2002 1165 2264 1227 Buiviuus
2297 1174 2463 1229 etiam
2494 1176 2684 1249 Cangii
2716 1193 2873 1235 notas
2914 1168 3243 1253 posth’umas
3272 1188 3477 1243 addidit
3507 1165 3577 1244 ad

2006 1259 2176 1316 libros
2198 1258 2451 1336 Gregorae
2490 1271 2906 1338 septemdecim.

2075 1349 2303 1406 Librum
2331 1351 2427 1408 XII
2466 1363 2523 1409 et
2560 1357 2804 1428 quinque
2832 1361 3094 1431 deinceps
3123 1367 3439 1431 continuos,
3471 1386 3574 1424 sae-

2001 1437 2186 1493 viente
2215 1439 2270 1493 in
2297 1443 2704 1515 Acindynianos
2731 1448 3141 1517 persecutione,
3179 1454 3403 1523 scripsit
3438 1456 3576 1509 Gue-

2001 1544 2183 1600 goras,
2213 1534 2453 1588 nondum
2490 1548 2665 1591 tamen
2703 1540 2866 1593 domu
2896 1540 3161 1610 inclusus,
3194 1544 3327 1610 imo,
3381 1555 3439 1601 ut
3463 1548 3579 1601 cdio

2005 1619 2110 1673 tori
2201 1621 2460 1688 videtur,
2555 1636 2682 1681 ante
2758 1627 2998 1686 habitam
3039 1651 3089 1688 a.
3146 1635 3272 1690 1551
3313 1639 3577 1706 synodum

2003 1711 2396 1769 Palamiticam.
2461 1715 2686 1773 Librum
2746 1721 2909 1777 XVIII
2970 1735 3025 1778 et
3081 1744 3277 1782 novem
3314 1730 3578 1800 deinceps

2004 1812 2297 1860 continuos
2327 1809 2438 1875 jam
2486 1810 2632 1863 domi
2681 1828 2904 1868 manere
2948 1816 3137 1885 jussus
3190 1828 3245 1872 ct
3298 1823 3579 1876 monachis

312 1888 602 1945 Baiuzius.
646 1892 1024 1968 Lectionesue
1054 1895 1243 1950 codice
1284 1896 1542 1953 Vaticano
1571 1874 1895 1971 descriptas,

2002 1874 2335 1950 custodibus
2386 1901 2646 1958 obswsus
2678 1874 2986 1975 composuit
3036 1905 3181 1963 Julio
3231 1921 3284 1964 et
3331 1915 3578 1983 Augusto

313 1984 529 2051 accepit
562 1996 595 2035 a
628 1979 782 2036 Frid.
809 1983 1170 2055 Rostgaardo.
1231 1986 1458 2046 Exstant
1507 2004 1723 2059 quoque
1758 1993 1900 2048 inter

315 2087 455 2128 mss.
518 2071 740 2129 Graecos
784 2076 1002 2129 codices
1052 2077 1184 2132 bibl.
1232 2076 1595 2150 Seguieriauae
1661 2080 1776 2136 libri
1830 2082 1901 2139 XI

316 2164 593 2233 primores
625 2180 690 2220 ex
718 2166 1013 2237 Nicephori
1047 2166 1272 2239 Syntaxi
1336 2170 1581 2228 historiae
1614 2174 1894 2230 Romanae.

316 2253 425 2312 Sed
460 2267 627 2327 negat
675 2255 970 2325 Boiv’mus,
1009 2259 1113 2315 sibi
1145 2270 1276 2318 tunc
1318 2263 1524 2319 aditum
1561 2265 1804 2335 patuisse
1831 2268 1896 2323 ad

315 2347 466 2402 illam
500 2348 914 2415 bibliothecam,
971 2368 1093 2423 quae
1127 2362 1315 2424 postea
1366 2364 1486 2411 erat
1539 2357 1897 2435 illustrissimi

313 2436 746 2508 ducis-Coislini,
774 2441 1017 2515 episcopi
1050 2444 1330 2512 Metcnsis,
1361 2456 1416 2503 et
1440 2448 1670 2510 liberius
1715 2452 1897 2507 aditur

314 2546 501 2601 neque
553 2534 791 2603 amplius
836 2550 938 2606 pro
981 2536 1241 2593 thesauro
1289 2542 1611 2597 abscondito
1641 2543 1785 2613 jacet
1814 2560 1902 2601 oc-

314 2623 468 2679 clusa
530 2624 724 2683 usibus
777 2637 831 2683 et
884 2628 1173 2686 desideriis
1233 2632 1595 2689 eruditorum.
1651 2635 1896 2693 Latinam

314 2710 504 2771 Wolﬁi
534 2718 840 2776 versionem
869 2722 1073 2792 passim
1132 2724 1444 2781 emendavit
1487 2734 1542 2783 et
1590 2729 1658 2784 ad
1711 2728 1896 2788 Graeca

262 2852 265 2861 .
314 2809 641 2883 diligentius
671 2812 742 2884 (e)
778 2815 981 2887 exegit,
1013 2815 1184 2872 libros
1214 2818 1484 2888 capitibus
1514 2828 1569 2875 et
1597 2822 1900 2882 minoribus

314 2904 660 2963 sectionibus
691 2905 900 2973 divisit,
945 2908 1218 2979 capitibus
1269 2909 1504 2980 pradixit
1557 2928 1896 2995 argumenta,

315 3000 545 3054 nomina
587 3000 986 3068 imperatorum
1017 3001 1086 3058 de
1114 3018 1348 3073 quorum
1381 3005 1542 3061 rebus
1569 3022 1752 3063 sermo
1787 3018 1895 3075 est,

312 3098 368 3145 et
407 3092 820 3157 annos,Christi
883 3094 939 3148 iu
988 3109 1085 3150 ora
1132 3095 1252 3152 libri
1301 3097 1383 3152 vel
1426 3099 1658 3155 summis
1683 3102 1898 3172 paginis

311 3181 623 3250 adnotavit,
652 3194 915 3284 notasque
951 3187 1167 3254 breves,
1210 3188 1303 3244 ubi
1336 3204 1474 3284 opus
1510 3189 1634 3284 iuit,
1662 3193 1890 3284 adjecit,
1920 3220 1966 3284 C

313 3272 667 3329 uberioribus
696 3273 763 3329 ad
796 3275 1001 3330 calcem
1028 3278 1155 3331 tomi
1190 3278 1413 3334 secundi
1444 3280 1778 3350 subjunctis.

383 3363 567 3419 Libris
596 3366 710 3420 sive
738 3366 917 3435 λόγοις
947 3366 1049 3422 illis
1089 3369 1342 3424 undecim
1382 3371 1684 3428 absolvitur
1717 3375 1890 3445 prima

313 3471 464 3526 pars,
499 3457 636 3522 sive,
697 3470 756 3515 ut
794 3457 847 3513 in
881 3460 1071 3515 Codice
1113 3474 1216 3517 ms.
1252 3462 1512 3519 Vaticano
1551 3468 1889 3535 appellatur,

311 3550 535 3619 πρῶτον
566 3550 805 3620 β.6).ξον;
844 3567 966 3606 nam
1000 3553 1053 3607 in
1078 3553 1170 3609 illo
1195 3554 1601 3612 habenturlibri
1619 3558 1688 3614 ab
1707 3557 1890 3627 XVIII,

316 3659 491 3714 usque
525 3644 593 3699 ad
620 3643 907 3714 XXXVIII,
960 3658 1015 3702 rt
1038 3647 1178 3703 liber
1200 3648 1365 3704 XVIII
1415 3650 1737 3707 inscribitur
1765 3658 1886 3707 Δευ-

308 3735 477 3806 τέρςευ
510 3735 716 3806 βιϐλίου
758 3738 916 3808 λόγος
949 3739 1013 3803 ζ’.
1074 3738 1256 3796 Libros
1293 3758 1412 3797 vero
1460 3745 1729 3810 tredecim,
1785 3746 1890 3804 hoc

312 3838 420 3889 εει,
454 3827 505 3881 Χ
513 3827 575 3882 Il
610 3847 773 3901 usque
802 3833 870 3886 ad
902 3831 1039 3886 XXI
1056 3831 1116 3897 ν,
1143 3835 1209 3889 de
1244 3834 1409 3891 rebus
1440 3853 1538 3907 per
1571 3839 1761 3895 decem
1787 3858 1891 3896 an-

313 3934 421 3974 nos
454 3938 481 3970 a
518 3920 651 3975 I341
696 3922 765 3977 ad
805 3924 961 3989 1531,
1001 3927 1100 3979 sub
1134 3925 1364 3995 imperio
1397 3926 1631 4005 duorum
1684 3930 1891 4001 princi-

314 4027 447 4082 pum
479 4011 764 4086 Paluaologi
798 4024 854 4071 et
874 4014 1258 4080 Cautacuzeni,
1292 4019 1484 4087 gestis,
1516 4020 1723 4090 primus
1746 4023 1889 4081 idem

310 4105 666 4163 doctissimus
688 4107 874 4163 Boivin
903 4106 1088 4175 Grece
1120 4125 1242 4164 cum
1277 4113 1528 4168 versione
1558 4130 1655 4168 sua
1707 4114 1892 4186 vulga-

312 4196 399 4250 vit
427 4212 457 4253 e
486 4198 691 4270 duplici
721 4200 1034 4270 apographo
1064 4201 1314 4255 codicum
1349 4201 1754 4272 Vaticanorum,
1780 4221 1890 4259 uno

312 4289 452 4344 bibl.
512 4290 695 4359 Regia!
750 4289 891 4344 2097
949 4291 1294 4346 emendatius
1349 4293 1571 4364 scripto,
1647 4295 1741 4365 qui
1796 4313 1889 4353 sex

312 4381 488 4435 libros
519 4381 638 4453 (XII
671 4398 867 4453 nempe
897 4398 1068 4453 usque
1102 4384 1168 4439 ad
1201 4382 1390 4455 XVIII)
1424 4387 1758 4453 continebat,
1810 4389 1889 4443 al-

314 4485 438 4529 tero
492 4484 700 4544 Septem
755 4484 1077 4530 Cil‘lt’l'Ol’lllﬂ
1137 4476 1406 4549 librorum
1460 4478 1603 4534 aio.
1637 4479 1889 4558 Vivantio

2001 1988 2285 2044 mensibus
2313 1992 2782 2050 anni1552tauta
2846 1998 3145 2065 celeritate,
3199 2014 3258 2059 ut
3314 2007 3397 2057 vix
3459 2006 3578 2061 dies

1999 2080 2356 2151 quadraginta
2412 2085 2462 2139 ei
2494 2086 2780 2156 scriptioni
2826 2090 3174 2161 impenderit,
3219 2097 3577 2164 quemadmo-

2000 2168 2129 2224 dum
2164 2171 2216 2225 in
2245 2174 2388 2229 illius
2421 2179 2528 2232 vita
2564 2178 2824 2236 Boivinus
2852 2184 3130 2251 observat,
3181 2188 3273 2256 qui
3306 2199 3523 2257 printer.
3545 2207 3576 2245 a

2001 2261 2273 2330 pollicitus
2330 2276 2446 2321 erat
2504 2273 2657 2325 tertio
2691 2284 2830 2325 tomo
2863 2274 2929 2344 (f)
2966 2277 3130 2333 edere
3178 2276 3349 2335 libros
3394 2284 3578 2351 cperis

2002 2353 2239 2423 reliquos
2261 2361 2671 2425 quatuordecim
2704 2380 2730 2417 a
2766 2363 2909 2420 XXV
2948 2383 3121 2438 usque
3150 2370 3218 2425 ad
3250 2368 3517 2426 XXXVIII
3549 2390 3564 2436 ;

2000 2444 2296 2505 historicos
2335 2452 2556 2521 quidem
2594 2464 2737 2519 octo.
2793 2456 2846 2511 in
2878 2474 3025 2515 anno
3059 2461 3198 2518 1557
3230 2464 3453 2519 ineunte
3484 2469 3580 2521 dc-

2000 2541 2268 2608 sinentes,
2311 2552 2367 2598 et
2399 2546 2733 2625 dOgmaticos
2764 2565 2880 2616 sex,
2933 2568 2999 2607 ex
3025 2555 3341 2625 apographo
3368 2559 3579 2615 codicis

2002 2631 2271 2701 Vaticani,
2303 2653 2463 2707 quos,
2506 2623 2724 2711 recepta
2771 2643 2881 2714 jam
2923 2623 3196 2713 libertate,
3235 2623 3408 2705 variis
3444 2662 3579 2706 tem-

2004 2722 2229 2796 poribus
2261 2725 2477 2781 videtur
2497 2729 2830 2799 condidisse,
2868 2742 2925 2788 ut
2963 2733 3138 2790 eidem
3173 2733 3398 2791 Boivino
3462 2754 3581 2794 mo-

2002 2816 2180 2872 nitum
2213 2818 2267 2872 in
2291 2819 2456 2888 notis,
2487 2836 2540 2891 p.
2571 2822 2695 2879 785.

2074 2906 2245 2964 Fuere
2276 2920 2332 2965 et
2361 2913 2622 2968 n0nnulla
2655 2915 2794 2972 falso
2834 2919 3065 2989 ascripta
3100 2919 3405 2992 Nicephoro
3436 2923 3579 2979 Gre-

2000 3016 2166 3073 goraz,
2203 3012 2263 3057 nt
2299 3007 2566 3060 somnium
2593 3010 2977 3078 propheticum.
3009 3013 3301 3080 Philothei,
3350 3019 3579 3086 patriar-

2000 3093 2138 3159 chae,
2164 3094 2534 3152 Antirrhetico
2556 3115 2652 3164 xu,
2677 3100 2800 3156 cod.
2823 3102 2956 3173 Reg.
2984 3104 3140 3170 1996,
3164 3105 3256 3161 fol.
3280 3107 3407 3172 279,
3431 3113 3577 3178 quod

2000 3182 2187 3240 Graece
2234 3197 2291 3240 et
2330 3186 2522 3243 Latine
2549 3190 2809 3248 Boivinus
2843 3196 2964 3249 \ita:
2991 3195 3286 3271 Nicephori
3323 3200 3576 3256 inseruit.

2074 3274 2321 3346 Gregorii:
2345 3280 2491 3345 vitia,
2513 3281 2689 3350 inquit
2714 3284 2855 3337 idem
2890 3286 2972 3339 vir
2988 3286 3359 3354 doctissimus,
3392 3293 3579 3362 (neque

2001 3372 2140 3424 enim
2175 3373 2287 3440 ejus
2307 3373 2578 3444 scriptoris
2606 3384 2716 3429 tam
2757 3377 2928 3443 inepte
2952 3397 3069 3435 sum
3102 3382 3304 3450 fautor,
3338 3394 3391 3435 ut
3426 3388 3601 3439 nullac

2000 3461 2245 3515 habuisse
2293 3479 2410 3516 eum
2444 3466 2821 3536 contendam),
2859 3472 3088 3525 maxime
3134 3479 3414 3543 conspicua
3469 3479 3579 3531 ha'c

1999 3553 2210 3624 fuerunt
2239 3572 2251 3609 :
2280 3555 2470 3624 Asper,
2500 3567 2767 3621 austerus,
2815 3564 3059 3630 pertinax
3084 3606 3098 3628 ,
3127 3569 3387 3639 principes
3433 3588 3579 3641 a'que

1998 3660 2062 3698 ac
2091 3648 2326 3715 privatos
2358 3648 2551 3719 linguae
2582 3651 2876 3720 petulantia
2924 3655 3166 3725 offendit.
3202 3659 3575 3732 Philosophus,
3666 3687 3679 3697 ο

1999 3739 2177 3791 animo
2211 3739 2351 3793 haud
2384 3742 2684 3809 imperavit.
2728 3743 3019 3801 Historians
3072 3753 3299 3818 partium
3335 3756 3577 3823 alfectum

1999 3846 2101 3884 non
2128 3833 2317 3885 exuit:
2351 3831 2534 3903 gloria:
2568 3833 2794 3903 denique
2842 3838 3128 3907 cupiditate
3174 3852 3222 3894 et
3269 3860 3451 3898 arnore
3493 3849 3580 3899 sui

1997 3925 2163 3995 ipsius
2196 3925 2356 3978 nimio
2374 3922 2653 3981 laboravit.
2679 3926 2845 3982 Plura
2872 3925 2928 3983 in
2955 3933 3093 4003 stle
3127 3937 3578 4002 reprehendenda:

1995 4018 2050 4071 in
2090 4018 2271 4088 primis
2289 4018 2611 4087 κακοζηλία,
2642 4035 2733 4074 seu
2757 4021 3030 4079 ambitiosa
3055 4026 3327 4097 elegantitc
3359 4032 3577 4099 alfecta-

1999 4110 2111 4175 tio;
2171 4109 2373 4179 poetica
2423 4111 2695 4165 verborum
2729 4112 2996 4183 luxuries,
3050 4119 3235 4188 ﬁgura:
3270 4123 3576 4190 insolentes,

1998 4201 2324 4272 hyperbato;
2383 4201 2579 4257 crebra:
2610 4220 2713 4257 non
2750 4207 2902 4259 modo
2936 4208 3226 4283 verborum,
3250 4213 3341 4263 sed
3369 4222 3417 4265 et
3455 4231 3577 4266 sen-

1996 4294 2281 4347 tentiarum
2318 4296 2666 4364 repetitiones.
2706 4292 2856 4361 Quod
2886 4298 2933 4351 si
2979 4301 3351 4368 conferendum
3397 4322 3575 4358 exem-

1995 4389 2143 4457 plum
2175 4397 2269 4452 est,
2299 4388 2352 4439 in
2381 4386 2526 4441 libris
2550 4389 2779 4457 ejusdem
2812 4395 3108 4459 argumenti
3136 4396 3397 4450 historicis
3432 4396 3580 4449 (Imi-

1999 4487 2285 4532 tacuzcnus
2321 4477 2472 4549 longe
2502 4489 2745 4553 pra’stat.
2772 4478 2836 4534 In
2878 4486 3221 4556 chronologia
3251 4498 3423 4540 tamen
3452 4489 3581 4545 Cre-

313 4562 492 4621 Roma
523 4565 798 4622 Lutetiam
832 4567 1018 4623 adlato
1045 4569 1308 4639 valdeque
1337 4571 1621 4636 mendoso,
1675 4574 1768 4628 sed
1820 4573 1888 4629 de
1916 4580 1969 4641 Ι)
1994 4591 2153 4644 goras
2174 4574 2498 4644 diligentior,
2518 4576 2623 4628 imo
2656 4577 2797 4643 apud
2817 4575 3242 4633 Cantacuzcnum
3264 4584 3427 4648 ferme
3448 4584 3572 4637 nul-

310 4659 477 4730 cujus
509 4658 643 4715 locis
700 4659 975 4732 plerisque
1028 4661 1212 4717 dubiis
1269 4662 1487 4719 codices
1538 4662 1829 4721 Vaticanos
1861 4682 1892 4721 a

312 4749 454 4805 viris
484 4750 679 4818 doctis,
713 4751 1013 4822 Zaccagnio
1039 4762 1094 4807 et
1120 4753 1374 4818 Delmiro,
1424 4758 1635 4811 consuli
1661 4758 1890 4814 curaxit.

392 4934 464 5003 lc)
496 4934 769 5007 Boivinus
795 4934 863 5007 in
888 4935 1099 5004 pra-fat.
1152 4930 1413 5005 Cregoras
1454 4934 1749 5007 ntttltijltgd'
1776 4954 1891 4991 eru-

312 5005 536 5061 ditionis
567 5015 617 5058 et
648 5006 784 5059 artis
815 5005 1095 5059 rhetorica:
1138 5016 1455 5068 Ostentator,
1509 5022 1645 5074 saepe
1673 5005 1895 5062 aberrat

314 5096 349 5130 a
385 5076 680 5145 proposito,
711 5087 761 5129 et
800 5076 869 5128 ad
897 5091 959 5128 ea
992 5092 1109 5145 qua:
1143 5092 1334 5143 parum
1368 5089 1459 5128 aut
1515 5076 1646 5130 nihil
1675 5080 1745 5129 ad
1786 5094 1893 5132 rem

316 5148 609 5217 pertinent,
657 5144 1020 5217 digreditur;
1049 5144 1562 5217 In__iis_1:apépy0t;
1598 5148 1791 5200 mirum
1817 5160 1894 5201 est

317 5232 483 5288 quam
533 5215 604 5288 sit
655 5218 920 5288 verbosus.
974 5214 1054 5269 Ea
1088 5214 1316 5288 Wolﬁus
1352 5214 1506 5269 rebus
1533 5217 1707 5288 magis
1733 5234 1892 5286 quam

319 5286 491 5341 uerbis
542 5286 773 5338 intentus
823 5286 1061 5339 breviora
1119 5286 1294 5355 facere
1324 5288 1570 5341 instituit.
1625 5286 1814 5355 Itaque
1842 5301 1890 5342 et

322 5356 664 5410 luxuriantia
695 5357 1036 5425 compescuit,
1052 5365 1100 5409 et
1125 5372 1243 5425 quae
1261 5360 1475 5410 omnino
1499 5357 1890 5422 redundabant,

322 5427 646 5494 suppressit.
712 5423 825 5492 Ego
860 5441 979 5478 vero
1023 5423 1289 5495 facturum
1322 5442 1404 5480 me
1458 5441 1627 5494 operte
1664 5430 1893 5495 pretium

323 5496 528 5567 putari,
552 5497 598 5568 si
632 5496 868 5568 auctoris
902 5495 1071 5550 (ἔνθα
1100 5499 1324 5567 restigiis
1360 5498 1688 5560 inhaererent,
1736 5510 1894 5568 atque

325 5563 442 5637 ejus
472 5563 627 5619 verba
660 5564 937 5637 lectoribus
962 5568 1006 5619 si
1038 5568 1210 5620 minus
1227 5563 1677 5637 vaduumerarem,
1695 5563 1888 5622 saltem

326 5635 572 5706 religiose
625 5645 676 5690 et
719 5635 945 5708 ﬁdeliter
977 5637 1343 5708 adpenderem,
1398 5635 1538 5705 quia,
1572 5645 1628 5708 ut
1681 5640 1887 5708 opinor,

326 5704 526 5775 optima
559 5716 635 5759 est
671 5704 809 5759 ratio
835 5704 1240 5773 interpretandi.
1290 5704 1354 5759 In
1385 5704 1888 5775 quibusdatn'etiant

328 5795 361 5831 ι
394 5793 516 5832 vero
537 5792 693 5830 sensu
733 5777 1012 5845 deﬂexisse
1040 5778 1168 5830 mihi
1198 5779 1337 5831 risus
1366 5786 1441 5830 est
1482 5779 1733 5846 interpres
1763 5780 1887 5832 doc-

332 5850 703 5913 tissimus,aut
734 5848 1048 5901 sententiam
1073 5850 1304 5903 auctoris
1335 5848 1551 5901 obscure
1575 5860 1622 5901 ct
1651 5860 1885 5903 rontorte

2001 4668 2077 4721 la.
2107 4666 2509 4721 Cantaruzenus
2541 4671 2784 4738 qua'dam
2816 4671 3024 4724 videtur
3052 4674 3292 4726 consulto
3318 4676 3574 4738 umis-sse,

2000 4775 2121 4831 qua:
2174 4758 2433 4829 Gregoras
2487 4760 2630 4815 haud
2684 4765 3039 4830 prwtermisit.
3072 4794 3141 4804 -σ
3174 4765 3578 4823 Cantor-uacuus

1997 4942 2331 5019 expressisse.
2376 4938 2532 4993 Nihil
2570 4943 2685 4997 dico
2714 4943 2780 5019 de
2814 4943 3134 5019 utinoribtts_
3160 4948 3318 5013 vitiis,
3385 4951 3581 5019 quibus

1998 5010 2201 5063 nullum
2240 5026 2387 5081 opus,
2423 5014 2756 5081 quantumvis
2790 5024 2986 5069 tersum
3020 5029 3071 5069 et
3095 5010 3359 5083 limatum,
3396 5010 3584 5076 carere

1998 5083 2469 5157 omnino_potest_{
2495 5098 2611 5153 qua:
2647 5085 3027 5157 quidemjvitia
3062 5097 3119 5140 ut
3152 5091 3583 5157 plerumqnenos-

1996 5151 2051 5201 in
2092 5150 2764 5226 lucubrationibus‘nostris
2803 5155 3020 5226 fallunt,
3052 5159 3125 5210 ita
3152 5150 3220 5210 ’δη
3257 5150 3445 5213 alienis
3488 5166 3584 5217 ria;

1999 5222 2488 5301 unquant_]'uginnt.
2523 5222 2780 5301 Equidem
2804 5222 2891 5279 eos
2922 5232 3311 5301 navoscorpori
3334 5231 3578 5301 alioquin

1998 5292 2206 5360 egregio
2229 5293 2511 5368 inspersos,
2538 5304 2593 5368 ut
2622 5295 2933 5368 eximerent,
2953 5298 3131 5351 sedulo
3171 5292 3382 5368 operam
3411 5292 3531 5355 dedi
3553 5320 3581 5358 :

2003 5376 2197 5434 necme
2229 5379 2291 5414 ea
2325 5379 2379 5415 re
2397 5363 2661 5434 injuriam
2685 5363 2877 5434 Wolﬁo
2906 5366 3083 5433 fecisse
3112 5363 3365 5432 arbitror.
3396 5374 3487 5425 sed
3509 5374 3584 5428 de

2001 5445 2061 5510 eo
2090 5432 2215 5510 bene
2237 5433 2487 5510 meruisse
2509 5434 2596 5487 aio
2631 5445 2681 5488 et
2707 5432 2980 5490 contendo.
3022 5437 3129 5492 Nec
3160 5442 3318 5504 enim,
3357 5444 3481 5510 quia
3507 5445 3574 5498 δι.

2003 5499 2114 5553 lum
2143 5502 2426 5556 identidem
2444 5504 2650 5575 lapsum
2689 5509 2913 5575 corrigo,
2943 5510 3138 5562 idcirco
3166 5526 3244 5562 me
3260 5499 3343 5564 vel
3369 5499 3577 5568 doctio-

2002 5586 2115 5651 rem
2150 5583 2352 5651 statuo,
2387 5573 2464 5651 vel
2508 5574 2782 5651 diligentia
2815 5573 2963 5644 rem;
3008 5595 3168 5651 neque
3210 5581 3259 5634 ei
3279 5594 3567 5651 propterea

1997 5640 2292 5697 detrahere
2325 5644 2498 5699 ausim
2528 5640 2833 5703 llam-enters:
2870 5640 3031 5719 capiti
3062 5640 3227 5708 multa
3249 5640 3580 5712 cum'laude

1995 5725 2279 5766 coronam.

1995 5782 2273 5913 αυερᾶεά
2329 5794 2436 5841 ῑοιιι
2508 5785 2573 5841 ΙΙΙ
2625 5797 2679 5843 et
2712 5787 2778 5843 IV
2820 5788 2994 5846 lucem
3045 5806 3157 5872 non
3213 5805 3576 5864 aspexeruut.

3195 6034 3235 6056 κ
