4054 6616
307 407 403 472 ῙΞῙ

1358 406 1809 470 ΒΥΖᾹΝΤΙΝΒ
1848 405 2240 467 ΗΙΞΤΟΒΗΈ
2283 407 2431 467 LIB.

3460 404 3569 469 122

304 518 602 580 λαύκεσαν,
627 516 725 572 καὶ
748 514 946 581 πόσαις
985 514 1114 569 ποτέ
1138 515 1257 578 ταῖς
1286 514 1714 586 ἀπροσδοκήτοις
1739 514 1883 566 ἐκεῖ.
1912 557 1919 571 .

2018 515 2106 578 lio,
2158 515 2422 571 ccelorum
2452 522 2508 569 et
2558 523 2716 570 terra:
2763 515 2931 587 gloria
2978 513 3083 570 hoc
3131 513 3318 585 scripti
3371 530 3573 587 genere

304 608 401 662 θεν
431 607 783 679 εὐεργεσίαις
808 609 1081 678 ἐνέτυχον.
1110 608 1268 661 Δοκεῖ
1291 607 1347 660 δέ
1379 625 1469 678 μοι
1497 611 1590 661 καὶ
1610 608 1710 678 τὴν
1725 609 1894 680 ούρα-

306 700 397 754 νοῦ
452 702 550 753 καὶ
596 704 700 769 γῆς
744 701 907 767 δόξαν
945 699 1296 770 ἐνδοξοτέραν
1354 700 1444 753 διὰ
1494 700 1593 770 τῆς
1646 701 1894 770 ἱστορίας

303 792 694 859 καθίστασθαι,
719 792 837 857 καὶ,
873 793 939 845 ἵν’
969 792 1131 857 είπω,
1161 792 1556 863 λαμπροτέραν
1581 792 1765 862 πολλῷ
1794 792 1896 864 τὴν

305 882 691 951 λαμπρότητα.
717 884 826 935 Ποῦ
847 883 955 952 γὰρ
988 883 1055 938 ἂν
1080 884 1280 955 ⁴ᾔδεσαν
1313 884 1611 955 ἄνθρωποι,
1629 886 1726 955 τῆς
1749 887 1895 940 ἱστο-

309 972 434 1041 ρίας
461 972 562 1024 οὐκ
592 970 786 1040 οὔσης,
821 973 896 1034 ὡς
926 974 956 1025 ὁ
981 972 1082 1042 μὲν
1102 973 1332 1043 οὐρανὸς
1365 972 1464 1044 τὴν
1490 974 1661 1042 αὐτὴν
1692 973 1897 1045 ταύτην

306 1063 551 1133 ἀρχῆθεν
591 1065 682 1118 ἀεὶ
712 1066 810 1119 καὶ
835 1064 1095 1135 ἀκίνητον
1134 1065 1452 1134 κινούμενος
1473 1067 1709 1137 κίνησιν,
1747 1066 1899 1138 ἥλιον

313 1157 403 1208 καὶ
456 1156 689 1228 σελήνην
758 1160 852 1212 καὶ
911 1159 1119 1223 πάντας
1182 1146 1419 1230 ἀστέρας
1475 1158 1739 1229 διηνεκῶς
1778 1158 1898 1223 ἐξετ

309 1248 476 1300 λίῖτει
506 1249 641 1317 πρὸς
666 1248 935 1303 ποικιλίαν
961 1248 1165 1319 ὁμοίως
1201 1246 1465 1303 εὔτακτόν
1491 1266 1554 1304 τε
1577 1251 1675 1305 καὶ
1701 1248 1900 1321 εὔρυθ-

312 1332 437 1407 μον,
464 1342 559 1394 καὶ
586 1342 787 1410 ὁμοίως
824 1341 924 1412 τὴν
958 1339 1054 1394 τοῦ
1086 1339 1223 1394 Θεοῦ
1286 1341 1553 1413 διηγεῖται
1602 1340 1760 1407 δόξαν
1811 1339 1899 1409 ἐφ’

311 1429 504 1500 ἡμέρα
558 1448 620 1483 τε
701 1432 798 1485 καὶ
832 1433 993 1502 νυκτὶ
1066 1431 1136 1486 δι’
1195 1431 1419 1494 αἰῶνος·
1493 1433 1529 1502 ἡ
1578 1431 1637 1486 δέ
1695 1432 1766 1504 γῆ
1800 1432 1901 1503 τὴν

308 1523 586 1592 ἄτρεπτον
638 1523 842 1594 ταύτην
890 1524 1093 1596 ὁμοίως
1138 1525 1382 1596 ἀρχῆθεν
1442 1526 1534 1580 ἀεὶ
1591 1525 1902 1597 τρεπομένη

309 1613 525 1685 τροπὴν
584 1614 660 1685 (1)
689 1653 707 1678 ,
754 1614 855 1684 τὴν
912 1614 1086 1686 αὐτὴν
1135 1619 1249 1679 τοῖς
1317 1616 1409 1670 ἀεὶ
1465 1615 1905 1687 ἐπιγιγνομένοις

240 1774 253 1781 .
312 1703 627 1776 ἀνθρώποις
651 1705 871 1774 γένεσιν
898 1711 996 1761 καὶ
1029 1706 1237 1778 φθορὰν
1255 1706 1324 1760 δι’
1351 1706 1549 1769 αἰῶνος
1578 1706 1906 1778 προδείκνυ-

316 1812 443 1862 σιν;
469 1796 598 1850 ὥστ’
630 1799 680 1851 ei
706 1799 782 1869 μή
810 1815 864 1851 τι
893 1798 1079 1864 πλέον,
1106 1798 1224 1854 ἀλλ’
1242 1795 1338 1854 οὖν
1374 1793 1665 1871 οὐδ’ἦττον
1707 1799 1774 1852 ἂν
1812 1798 1908 1852 καὶ

312 1888 525 1958 ταύτην
552 1889 855 1958 θαυμάσειε
899 1893 1008 1956 πᾶς
1048 1908 1153 1958 τις,
1214 1891 1322 1962 ὅτῳ
1346 1890 1557 1947 διάνοια
1611 1889 1907 1962 πρόσεστιν

317 1982 664 2050 ὑγιαίνουσα.
694 1979 768 2036 Ἦ
796 1979 901 2054 γὰρ
960 1984 1027 2038 ἂν
1093 1970 1313 2049 ἐλλιπές
1365 1984 1654 2055 ἐδόκει
1706 1982 1770 2037 τδ
1808 1982 1908 2053 δη-

319 2073 668 2145 μιούργημα,
707 2077 779 2145 μή
826 2092 971 2140 τινος
1026 2074 1402 2149 ἰσχυρίζεσθαι
1455 2075 1763 2147 δυναμένου
1806 2058 1913 2129 καὶ

319 2166 560 2231 πείθειν,
617 2165 693 2231 ὡς
749 2168 845 2222 καὶ
912 2167 1073 2222 ἄλλαι
1124 2167 1271 2232 τινές
1310 2170 1498 2236 γενεαὶ
1543 2166 1912 2239 προϋπῆρξαν

320 2256 528 2326 ὁμοίως
588 2257 921 2327 ἀνθρώπων,
967 2260 1062 2313 καὶ
1118 2260 1284 2314 πόσαι
1319 2260 1467 2324 τινὲς
1515 2260 1788 2332 ὑπῆρξαν,
1818 2261 1916 2315 καὶ

326 2347 498 2418 μέχρι
530 2347 724 2410 πόσου,
773 2349 869 2402 καὶ
905 2348 960 2403 τί
1010 2367 1140 2404 ποτε
1172 2351 1282 2423 ἄρα
1325 2350 1686 2423 πεπράχεσαν
1726 2352 1785 2406 ἐν
1836 2349 1915 2420 τῷ

323 2437 447 2507 βίῳ,
473 2437 571 2492 καὶ
621 2433 851 2495 οἷστισιν
888 2440 997 2511 ἄρα
1035 2442 1149 2505 τοῖς
1190 2442 1253 2495 ἐκ
1305 2441 1442 2496 Θεοῦ
1471 2461 1530 2497 τε
1559 2444 1652 2499 καὶ⁸
1681 2440 1914 2514 ούρανοῦ

321 2532 424 2583 καὶ
472 2531 576 2599 γῆς
622 2531 849 2599 ἀγαθοῖς
898 2532 1039 2587 κατὰ
1108 2533 1403 2606 διαφόρους
1460 2535 1655 2603 γενεάς
1710 2539 1917 2593 τεκαὶ

321 2621 556 2692 χρόνους
593 2622 870 2693 ἐνέτυχον.
903 2624 1069 2678 Ἀλλὰ
1113 2625 1211 2679 νῦν
1260 2643 1322 2696 γε
1384 2628 1519 2698 πρὸς
1555 2626 1770 2692 τούτοις
1824 2631 1920 2684 καί

324 2717 619 2783 προφήτας
660 2716 849 2787 ἓτερον
879 2718 1080 2788 τρόπον
1103 2719 1182 2788 ('5)
1230 2719 1358 2785 τοὺς
1415 2719 1705 2791 μετιόντας
1752 2723 1917 2787 ποιεῖ,

324 2804 397 2856 ἐκ
434 2804 546 2858 τῶν
597 2808 922 2873 φθασάντων
956 2811 1390 2882 στοχαζομένους
1420 2811 1491 2865 τὰ
1519 2812 1808 2880 μέλλοντα.
1844 2815 1919 2871 Τό

325 2913 401 2963 γε
429 2898 538 2969 μὴν
579 2897 773 2969 βραχεῖ
813 2917 921 2954 τινι
964 2901 1119 2973 τόπῳ
1156 2903 1252 2957 καὶ
1284 2904 1578 2975 ὡρισμένῳ
1599 2903 1700 2974 τῆς
1733 2905 1918 2957 οίκου·

330 2989 504 3059 μένης
564 2991 820 3046 οίκοῦντά
875 3009 997 3046 τινα
1047 2995 1261 3065 πέρατα
1307 2997 1637 3064 γιγνώσκειν
1666 2997 1792 3067 γῆς,
1825 2999 1923 3052 καὶ

2014 607 2338 672 illustratur,
2386 617 2444 663 et
2488 606 2659 677 magis
2707 608 3126 678 exsplendescit.
3175 607 3330 673 Nam,
3360 609 3572 664 sublata

1999 701 2248 766 historia,
2282 701 2427 756 unde
2472 702 2677 756 scirent
2720 700 2999 765 mortales,
3035 700 3233 755 caelum
3275 699 3451 769 primo
3482 700 3576 754 illo

1997 804 2053 850 et
2081 793 2402 848 immutabili
2440 802 2589 848 motu
2623 793 2909 863 agitatum,
2950 793 3121 848 solem
3164 801 3219 847 et
3251 793 3435 847 lunam
3468 808 3574 847 cm-

2001 896 2252 953 terasque
2304 884 2489 942 Stellas
2528 884 2878 941 continenter
2923 884 3178 939 evolvere
3209 884 3480 938 constanti
3523 894 3579 939 et

1999 988 2125 1050 apta
2159 977 2210 1049 5
2242 978 2536 1043 varietate,
2587 977 2792 1046 Deique
2837 976 3064 1046 gloriam
3116 984 3308 1030 noctes
3354 975 3579 1043 ditisque

1998 1079 2267 1142 perpetuo
2289 1084 2547 1125 enarrare
2578 1087 2592 1125 :
2621 1081 2822 1123 terram
2846 1083 2978 1122 vero
3005 1066 3397 1121 immutabilem
3433 1066 3576 1120 illam

1999 1162 2389 1224 mutationem.
2412 1177 2521 1233 qua
2545 1162 2615 1217 ab
2646 1160 2806 1216 initio
2832 1160 3059 1231 praedita
3101 1157 3227 1225 fuit,
3264 1166 3579 1212 constanter

2001 1257 2265 1323 retinere,
2299 1272 2363 1313 ac
2393 1257 2647 1312 eumdem
2675 1264 2857 1322 ortum
2887 1262 3052 1322 atque
3086 1252 3368 1307 interitum
3401 1261 3581 1320 poste-

2003 1347 2082 1405 ris
2106 1347 2364 1403 omnibus
2393 1346 2752 1401 denuntiare?
2787 1344 3151 1412 Quamobrem
3183 1341 3228 1395 si
3273 1356 3379 1394 non
3413 1342 3580 1407 majo-

2002 1438 2073 1503 ri,
2101 1439 2217 1510 pari
2246 1447 2394 1496 certe
2433 1436 2795 1493 admiratione
2832 1433 3080 1505 cujusvis
3104 1431 3310 1488 cordati
3343 1430 3581 1485 hominis

2003 1533 2167 1603 digna
2196 1540 2301 1587 est.
2328 1531 2542 1601 Alioqui
2563 1529 2710 1586 enim
2736 1529 2901 1599 hujus
2931 1525 3120 1581 tnundi
3150 1523 3436 1594 opiﬁcium
3467 1520 3579 1575 vcl-

2005 1626 2083 1682 uti
2121 1640 2379 1680 mancum
2410 1632 2546 1688 erat,
2600 1621 2747 1692 quod
2774 1636 2805 1677 e
2836 1620 2959 1676 caeli
3009 1617 3264 1672 machina
3315 1615 3582 1668 allii-mare

2005 1729 2070 1770 ac
2105 1713 2434 1783 persuadere
2466 1726 2630 1765 nemo
2660 1710 2853 1780 possit.
2888 1709 3017 1763 olim
3052 1722 3207 1776 atque
3241 1720 3438 1777 genera
3486 1704 3585 1756 ho-

2006 1805 2213 1861 minum
2242 1804 2539 1866 exstitisse,
2567 1812 2812 1872 quotque
2859 1801 2950 1856 illa
2997 1799 3224 1861 fuerint,
3259 1808 3313 1851 et
3340 1796 3579 1866 quandiu

2010 1894 2349 1958 duraverint,
2384 1903 2439 1948 et
2472 1893 2605 1964 quid
2634 1894 2687 1947 in
2715 1894 2825 1948 vita
2862 1891 3093 1964 egerint,
3124 1906 3349 1960 quaeque
3380 1887 3586 1944 beneﬁ-

2016 1989 2099 2044 cia
2128 1996 2241 2042 tum
2270 2002 2299 2040 a
2328 1987 2460 2051 Deo,
2492 1996 2603 2039 tum
2632 2002 2660 2040 a
2688 1985 2846 2049 caelo,
2874 1993 2989 2039 tum
3014 1999 3045 2037 a
3078 1992 3244 2045 terra,
3273 1981 3395 2035 aliis
3420 1988 3584 2050 atque

2016 2080 2135 2135 aliis
2170 2079 2503 2149 temporibus
2531 2089 2697 2148 atque
2727 2078 2981 2137 aetatibus
3023 2076 3353 2145 acceperint.
3403 2073 3585 2128 Histo-

2015 2175 2094 2229 ria
2123 2180 2304 2227 autem
2334 2187 2442 2227 non
2469 2171 2537 2227 'id
2566 2170 2730 2227 modo
2762 2179 3006 2241 praesmt,
3040 2170 3134 2223 sed
3164 2168 3327 2223 etiam
3353 2166 3587 2223 lectores

2015 2279 2146 2321 suos
2177 2264 2284 2319 alio
2322 2264 2555 2333 quodam
2603 2261 2764 2318 modo
2805 2272 2957 2315 vates
3004 2260 3206 2324 reddit,
3240 2274 3361 2327 qure
3406 2258 3586 2311 futura

2015 2358 2150 2424 sint,
2184 2372 2252 2412 ex
2281 2355 2349 2410 iis
2374 2371 2495 2425 qua:
2525 2355 2914 2427 praeterierunt
2945 2352 3318 2424 conjicientes.
3359 2348 3498 2413 Jam,
3532 2359 3589 2403 ut

2015 2451 2062 2504 is
2091 2450 2182 2519 qui
2211 2449 2265 2504 iu
2295 2449 2489 2521 exigua
2518 2455 2576 2502 et
2607 2447 2831 2502 deﬁnita
2860 2455 3017 2500 terra:
3048 2453 3201 2514 parte
3243 2442 3468 2498 habitat.
3501 2455 3592 2495 ον-

2016 2541 2101 2596 bis
2144 2550 2414 2596 terrarum
2462 2540 2598 2594 ﬁnes
2644 2548 2698 2593 et
2745 2538 3141 2594 extremitates.
3192 2543 3244 2590 et
3291 2533 3593 2604 peculiares

2018 2634 2260 2705 gentium
2291 2646 2344 2688 et
2371 2633 2614 2687 locorum
2664 2640 2908 2691 naturas.
2954 2642 3335 2697 annorumque
3368 2634 3424 2680 et
3458 2633 3596 2679 tem-

2019 2740 2217 2796 porum
2281 2723 2620 2787 discrimina,
2674 2737 2796 2791 quze
2863 2720 3094 2776 diversis
3141 2728 3296 2773 terra;
3348 2715 3595 2786 partibus

2017 2816 2308 2880 exsistunt,
2336 2814 2551 2884 aliaque
2603 2815 2742 2870 bona
2777 2813 2987 2867 inlinita
3035 2811 3181 2865 norit
3218 2825 3234 2864 :
3281 2811 3401 2878 quis
3436 2806 3596 2876 largi-

2018 2919 2110 2966 tur
2160 2909 2497 2974 homiuihus,
2539 2909 2645 2962 nisi
2697 2921 2802 2960 una
2846 2904 3091 2960 historiae
3136 2900 3465 2971 explicatio?
3500 2897 3595 2951 llis

2020 3001 2187 3073 igitur
2220 3006 2288 3056 de
2317 2999 2498 3055 causis
2534 2998 2638 3052 hoc
2659 3011 2835 3068 genus
2864 2993 3110 3050 eruditos
3146 3005 3247 3046 uec
3270 3000 3597 3060 magnopere

328 3083 480 3153 ἄκρα
505 3085 858 3156 οἰκουμένης,
887 3088 1038 3158 μήκη
1074 3105 1134 3140 τε
1162 3090 1259 3142 καὶ
1289 3088 1469 3160 πλάτη
1502 3089 1804 3157 θαλαττῶν,
1826 3093 1919 3147 καὶ

2021 3092 2210 3165 diligo,
2248 3106 2352 3147 nec
2396 3088 2741 3161 magnifacio,
2780 3087 2875 3158 qui
2910 3084 3136 3142 comicis
3165 3095 3215 3135 ct
3252 3080 3469 3152 tragicis
3513 3079 3595 3132 ia-

330 3180 449 3233 ὃσοι
480 3180 719 3249 ποταμοὶ
752 3181 847 3233 καὶ
870 3180 1058 3250 λίμναι
1091 3182 1220 3250 εἰσὶ,
1249 3184 1344 3237 καὶ
1393 3184 1724 3255 ίδιοτροπίας
1746 3187 1919 3241 ἐθνῶν

2025 3181 2168 3239 bulis
2202 3189 2257 3235 et
2289 3179 2663 3234 laudationum
2701 3174 3092 3232 blandimentis
3122 3171 3331 3241 linguas
3359 3183 3597 3237 occupa-

333 3270 432 3321 καὶ
466 3271 675 3335 τόπων,
728 3270 823 3325 καὶ
884 3270 1151 3342 διαφορᾶς
1199 3272 1359 3344 ὡρῶν
1391 3256 1454 3328 τε
1494 3276 1559 3346 δὴ
1590 3280 1687 3333 καὶ
1712 3279 1919 3348 χρόνων

2024 3281 2154 3328 runt
2184 3290 2199 3327 :
2232 3272 2329 3326 sed
2358 3272 2413 3342 6
2441 3286 2537 3325 eos
2569 3269 2773 3338 potius,
2819 3268 2910 3337 qui
2962 3274 3060 3321 aut
3108 3273 3360 3318 naturam
3410 3275 3596 3318 rerum

334 3364 445 3415 τῶν
479 3364 538 3417 ὲν
566 3364 843 3435 διαφόροις
878 3367 1180 3437 γινομένων
1211 3367 1406 3438 μέρεσι
1441 3370 1540 3438 τῆς
1558 3368 1797 3437 γῆς,καὶ
1825 3373 1919 3427 ὅσα

2024 3379 2124 3435 pro
2153 3362 2300 3418 virili
2334 3377 2431 3416 sua
2465 3360 2794 3432 indagarunt
2822 3375 2838 3415 :
2878 3365 2974 3412 aut
3008 3356 3266 3412 historias
3298 3353 3595 3421 dispersas,

336 3455 504 3526 ἔτερα
553 3457 665 3511 τῶν
695 3458 919 3527 ἀγαθῶν
968 3460 1159 3532 μυρία,
1216 3460 1300 3524 τίς
1346 3460 1631 3532 χαρίζεται
1663 3464 1774 3526 τοῖς
1833 3466 1919 3518 ἀν-

2024 3467 2081 3510 et
2110 3455 2342 3510 aliorum
2385 3454 2531 3508 dicta
2580 3452 2946 3520 factaque,ad
2995 3446 3164 3502 animi
3217 3442 3595 3523 fortitudinem

339 3549 606 3617 θρώποις,
669 3549 704 3621 ἢ
755 3550 890 3621 μόνη
949 3569 1010 3620 γε
1048 3555 1081 3621 ἡ
1138 3553 1237 3622 τῆς
1287 3551 1529 3622 ἱστορίας
1578 3551 1919 3617 ἐξάπὶωσιςς

2022 3562 2089 3602 ac
2114 3546 2455 3617 prudentiam
2496 3544 2823 3614 spectantia,
2867 3555 2967 3595 suo
2998 3538 3189 3593 labore
3231 3535 3482 3597 collecta,
3524 3532 3593 3586 ad

339 3638 443 3689 Διά
463 3652 545 3689 τοι
584 3637 743 3691 τοῦτο
780 3640 874 3693 καὶ
928 3641 991 3693 ού
1028 3638 1253 3704 τούτους
1285 3641 1489 3711 μᾶλλον
1523 3642 1788 3712 ἠγάπησα
1818 3643 1919 3696 τῶν

2025 3635 2312 3691 maximam
2340 3633 2676 3706 posteritatis
2700 3631 2992 3686 utilitatem
3017 3628 3328 3683 ediderunt.
3352 3624 3600 3691 Quorum

344 3725 552 3794 σοφῶν,
608 3726 731 3781 οὐδὲ
788 3725 1016 3792 τούτους
1072 3728 1363 3799 ἐζήλωκα,
1409 3728 1459 3783 οἳ
1496 3734 1769 3800 κωμικοῖς
1816 3748 1919 3785 τισι

2026 3727 2316 3785 admiratio
2346 3736 2404 3781 et
2432 3726 2707 3781 aemulatio
2739 3737 2843 3778 nos
2878 3722 2945 3776 ad
2975 3721 3334 3776 imitationem
3363 3717 3598 3786 impulit,

345 3817 589 3885 δράμασι
623 3818 720 3872 καὶ
755 3823 982 3890 σκηναῖς
1040 3825 1335 3892 τραγικαῖς
1379 3823 1474 3875 καὶ
1520 3821 1782 3884 θωπείαις
1813 3824 1935 3876 ἐπι-

345 3908 649 3973 δεικτικαῖς
675 3911 775 3982 τὴν
805 3911 1017 3967 έαυτῶν
1070 3914 1471 3982 κατηνάλωσαν
1504 3910 1782 3983 γλῶσσαν,
1817 3899 1935 3970 όιλλ⁹

347 3999 463 4051 ὅσοι
516 4000 627 4054 τῶν
663 4000 833 4055 ὄντων
890 4003 988 4073 τὴν
1043 4003 1231 4072 φύσιν,
1279 4005 1510 4058 καθόσον
1552 4006 1739 4074 σφίσιν
1775 3987 1928 4076 ἐξῆν,

348 4087 785 4158 ἀκριϐώσαντες,
819 4092 915 4143 καὶ
970 4091 1086 4145 ὅσοι
1142 4092 1244 4152 τὰς
1304 4093 1548 4163 ἱστορίας
1579 4096 1643 4147 ἐκ
1670 4093 1781 4147 τῶν
1807 4096 1930 4149 καθ’

350 4182 557 4237 ἕκαστα
591 4185 686 4238 καὶ
713 4184 888 4239 ἄλλοτ’
918 4185 1101 4249 ἄλλοις
1127 4185 1436 4256 εἰρημένων
1457 4204 1515 4242 τε
1551 4187 1648 4249 καὶ
1680 4203 1933 4260 πεπραγ-

359 4277 533 4345 μένων
562 4277 621 4341 ἐς
648 4294 707 4330 τε
734 4278 963 4350 ἀνδρίαν
993 4279 1175 4350 ψυχῆς
1209 4279 1522 4350 βλεπόντων
1568 4281 1663 4334 καὶ
1690 4279 1928 4346 σύνεσιν,

357 4368 442 4440 [Ρ.
494 4370 550 4442 5]
610 4371 806 4434 κόποις
866 4372 1020 4436 ίδίοις
1073 4371 1465 4442 ξυνειλοχότες,
1524 4372 1605 4436 είς
1666 4373 1930 4442 μεγίστην

357 4462 628 4532 ὠφέλειαν
679 4465 794 4528 τοῖς
830 4463 960 4534 ἑξῆς
1015 4462 1373 4518 ἐκδεδὼκασι.
1425 4463 1536 4518 Καὶ
1598 4465 1784 4536 μέντοι
1838 4463 1934 4518 καὶ

2031 3822 2304 3891 huiusque
2347 3828 2578 3874 conatus
2627 3817 2761 3872 mihi
2793 3830 2956 3870 causa
2992 3813 3113 3868 fuit.
3156 3811 3292 3866 Cum
3336 3820 3515 3863 autent
3548 3807 3602 3860 id

2032 3916 2101 3969 sit
2132 3912 2374 3970 historia:
2402 3912 2630 3976 veritas,
2660 3910 2804 3979 quod
2831 3906 3201 3963 animantibus
3222 3904 3435 3966 oculus,
3462 3903 3603 3955 hanc

2034 4019 2137 4058 nos
2173 4012 2431 4072 tauquam
2469 4003 2665 4057 ducem
2700 4000 2758 4054 in
2790 3999 2893 4053 hoc
2924 4013 3088 4068 opere
3118 3995 3271 4065 sequi
3318 4009 3440 4048 cum
3493 3991 3599 4061 pri-

2037 4097 2141 4149 mis
2172 4095 2351 4159 decet,
2405 4093 2619 4149 duabus
2667 4092 2736 4147 do
2788 4090 3017 4146 causis:
3072 4097 3210 4153 tum,
3262 4101 3333 4141 ne
3381 4100 3444 4140 ea
3491 4097 3604 4148 res,

2035 4201 2197 4256 quam
2245 4183 2412 4239 veluti
2462 4185 2703 4256 regulam
2739 4190 2795 4238 et
2842 4181 3103 4236 amussim
3143 4177 3378 4249 posteris
3405 4187 3606 4246 propo-

1976 4286 1983 4291 ‘
2037 4291 2168 4333 uere
2197 4277 2511 4341 statuimus,
2538 4274 2766 4330 distorta
2800 4281 2856 4328 et
2900 4271 3208 4343 pernicioso
3240 4267 3429 4333 morbo
3469 4264 3609 4318 allii-

2035 4381 2123 4426 cta
2155 4370 2447 4425 videatur:
2483 4378 2618 4431 tum,
2653 4381 2726 4421 ne
2757 4380 2944 4419 ansam
2998 4363 3066 4417 iis
3112 4362 3469 4433 praebeamus,
3511 4355 3604 4427 qui

2042 4479 2111 4519 ex
2150 4461 2345 4534 paucis
2379 4469 2550 4515 totum
2600 4459 2867 4530 scriptum
2920 4465 3176 4511 nostrum
3227 4451 3499 4516 cavillari,
3548 4457 3608 4503 et

1730 4653 2063 4718 l'ariorum
2097 4659 2285 4717 nota.

363 4782 1315 4888 MuignAdaxaptfupéouﬁaoatbprio:
1331 4808 1495 4888 μέχρι
1508 4810 1616 4888 ’τῇ-ς
1644 4806 1919 4888 βασιλείας

2029 4821 2213 4878 peram
2233 4804 2375 4888 ἀεαηί
2410 4804 2599 4888 viginti
2635 4804 2702 4860 ab
2749 4803 2898 4860 Urbe
2937 4807 3093 4882 capta
3148 4794 3605 4888 numeraban‘tur,

364 4877 454 4930 τοῦ
482 4876 964 4950 Καντακουζηνρῦ.
1002 4876 1056 4933 Id
1099 4876 1212 4940 est,
1238 4876 1521 4950 Niceplibri
1549 4876 1794 4950 Gregorw
1821 4876 1927 4931 Ro-

367 4963 535 5003 mana:
566 4949 804 5003 bium-ia:
855 4946 1002 5009 liber,
1044 4951 1314 5003 continens
1359 4946 1619 5003 annorum
1650 4946 1752 5004 l50
1798 4965 1930 5001 nar-

367 5019 648 5082 rationem,
687 5033 868 5089 nentpe
898 5018 961 5072 ab
990 5018 1309 5089 imperatore
1338 5019 1488 5073 Dom.
1526 5016 1931 5089 Theodoroqu-

367 5091 503 5142 scari
532 5106 697 5158 usque
727 5088 795 5140 ad
837 5087 1117 5156 imperium
1152 5090 1530 5143 Cantabuaeui.
1564 5088 1743 5143 Editio
1781 5087 1934 5158 Wol-

370 5160 507 5212 liana
554 5157 969 5226 illSCl’ipllmlelll
1027 5159 1165 5215 hanc
1194 5160 1431 5228 praefert,
1480 5158 1764 5227 Nicephori
1797 5157 1932 5214 Gre-

370 5245 529 5298 gorar,
551 5229 827 5290 Romanae,
855 5229 950 5282 hoc
971 5238 1043 5298 est
1064 5229 1615 5295 Byzantinwhistoriw
1633 5229 1752 5282 libri
1769 5228 1934 5283 unde-

375 5296 491 5371 cim,
550 5298 843 5371 quibus”:
883 5314 917 5371 (ξ
965 5296 1159 5371 ereis
1192 5300 1598 5366 imperatoribus
1628 5314 1722 5371 per
1762 5314 1937 5371 annos

375 5369 496 5429 “5,
519 5366 573 5423 α’
594 5369 856 5423 Theodoro
883 5366 1107 5422 Loacari
1140 5372 1313 5434 priore
1344 5385 1505 5438 usque
1537 5372 1608 5423 ad
1631 5366 1937 5438 Andronici

373 5440 673 5505 posterioris
700 5438 907 5509 iobitum
935 5450 1090 5509 gesta:
1124 5437 1510 5499 describuntur,
1535 5451 1641 5493 etc.
1674 5437 1935 5493 Neutrum

378 5514 590 5563 tztulum
610 5507 956 5567 retinuimus,
985 5523 1270 5579 propterea
1290 5510 1435 5580 quod
1457 5511 1507 5562 in
1538 5520 1769 5577 utroque
1795 5510 1936 5563 male

377 5580 640 5634 Subducta
679 5585 796 5632 erat
829 5592 1095 5633 annorum
1150 5579 1470 5634 ratio.’Natn
1521 5580 1772 5634 undecim
1814 5579 1935 5632 libri

377 5651 583 5718 priores
616 5648 899 5702 historiam
938 5650 1249 5715 continent,
1282 5666 1388 5705 non
1421 5649 1520 5702 l50
1553 5659 1647 5704 aut
1681 5649 1805 5709 145,
1839 5648 1937 5718 sed

380 5717 583 5790 tantum
618 5718 715 5772 157
747 5732 1036 5790 annorum,
1092 5720 1196 5774 155
1248 5719 1732 5790 ῡιινίόίϐιιγιιίεο.
1786 5717 1939 5773 Wol-

384 5787 506 5841 ﬁutn
543 5794 598 5860 in
629 5802 874 5860 errorem
914 5788 1127 5860 induxit
1169 5790 1339 5844 codex
1373 5787 1617 5853 suusfin
1654 5804 1762 5860 quo
1790 5790 1939 5844 scili-

386 5869 466 5917 tet
511 5858 740 5932 hujusce
772 5856 1014 5915 historiae
1040 5859 1136 5919 lib.
1165 5876 1243 5930 χι,
1290 5876 1408 5932 cap.
1439 5861 1527 5928 lt,
1556 5856 1689 5917 secti
1734 5861 1785 5932 l,
1816 5875 1940 5934 pcr-

2039 4863 2165 4933 cum
2233 4863 2506 4932 tredecim
2554 4884 2761 4929 tantum
2808 4863 3086 4928 numerari
3140 4874 3435 4939 Oporteret.
3473 4863 3610 4921 Vide

2040 4955 2198 5002 notas
2228 4946 2372 5009 infra
2404 4945 2471 5000 ad
2509 4960 2632 4999 eum
2668 4944 2872 4999 locum.
2914 4943 3125 4995 Botvm.
3534 5000 3535 5003 η

2112 5017 2189 5085 (1)
2222 5015 2317 5070 Vel
2338 5016 2436 5085 τὴν
2460 5015 2750 5081 ἀκινησίαν
2780 5011 3070 5079 intelligit:
3108 5019 3249 5085 terra
3282 5009 3426 5085 enim
3472 5021 3608 5085 cen-

2043 5080 2184 5141 trum
2215 5080 2495 5142 immobile
2529 5080 2899 5139 universitatis
2923 5097 3103 5153 rerum
3136 5096 3164 5134 a
3198 5080 3471 5150 plerisque
3499 5084 3611 5153 sta-

2044 5160 2248 5211 tuitur:
2298 5155 2383 5209 vel
2420 5155 2568 5209 vices
2604 5163 2932 5222 temporum,
2978 5147 3360 5222 quibtrs'nttnc
3383 5147 3610 5222 vsterilis

2043 5229 2275 5296 squalet,
2321 5239 2474 5296 nunc
2496 5218 2730 5279 fecunda
2758 5224 2931 5296 lloret,
2956 5218 3099 5277 sicut
3124 5220 3360 5296 F9_rtun;i
3385 5229 3436 5273 et
3456 5218 3609 5272 Luna

2043 5290 2359 5352 constantes
2385 5295 2437 5347 in
2466 5295 2685 5349 levitate
2720 5309 2816 5348 sua
2854 5294 3127 5348 dicuntur.
3164 5290 3441 5345 WOLPIUS.

2117 5367 2193 5434 (2)
2212 5368 2299 5438 Alta
2325 5365 2642 5438 legendum,
2669 5379 2778 5417 non
2870 5364 2979 5438 γάρ
3006 5364 3096 5425 ἂν,
3131 5370 3190 5438 ut
3219 5362 3429 5438 legebat
3458 5357 3611 5438 _Wo_l-

2046 5428 2168 5491 ﬁus.
2204 5436 2293 5491 Sic
2324 5428 2461 5489 inira
2495 5435 2589 5490 lib.
2618 5450 2711 5497 xv,
2742 5428 2858 5504 cap.
2883 5428 2958 5494 ’ϐξ
2987 5443 3123 5489 sect.
3163 5434 3214 5504 1,
3242 5428 3285 5501 ἦ
3312 5431 3420 5504 γαρ
3454 5430 3521 5483 ἂν
3551 5432 3609 5504 ὲς

2044 5509 2105 5558 τὺ
2131 5506 2514 5576 δαψιλέστερον
2535 5498 2962 5576 ἐσκομισάμενοι
2981 5498 3331 5576 τικὶττιτ-’ἕιδειοιζ
3355 5498 3446 5576 Si_c
3462 5498 3609 5567 apud

2046 5568 2269 5633 Homer.
2309 5568 2472 5634 ,lliad.
2526 5593 2560 5627 α
2611 5568 2910 5644 ἦγὰρᾶν,
2949 5568 3221 5643 Ἀτρείδη,
3272 5569 3369 5622 νῦν
3401 5568 3611 5624 ὕστατα

2045 5645 2192 5715 λωόή
2202 5664 2341 5700 σαιο.
2370 5646 2582 5715 BOIVIN.

2117 5710 2192 5784 (ὅ)
2243 5714 2471 5770 Basilius
2502 5716 2633 5785 imp.
2685 5714 2737 5771 in
2770 5715 3087 5785 l’araauettg.
3124 5726 3244 5785 cap.
3281 5710 3370 5785 _66,
3404 5711 3609 5785 παρελο

2046 5781 2249 5858 eam.”
2293 5786 2361 5858 τά
2394 5786 2541 5856 πάθη
2582 5781 2699 5852 τοῖς
2744 5784 2841 5840 νῦν
2883 5782 3154 5856 παροῦσιν
3184 5783 3420 5858 ὑπάρχει
3459 5781 3613 5837 διδα-

2044 5856 2259 5913 σκαλία..
2299 5857 2532 5916 υυωιαε.
