4054 6592
251 403 335 468 ,εδ
1109 412 1112 421 ·
1245 405 1689 468 ΒΥΖΑΝΤίΝκε
1731 407 2121 471 ΗΙΞΤΟΒΗΕ
2163 413 2312 474 LIB.
2355 415 2404 478 Ι.

3391 421 3491 488 126

250 519 578 594 βλασφημίας
607 519 789 574 αὐτῶν
814 520 912 574 ούκ
969 519 1212 575 ὀκνοῦσι.
1239 524 1350 587 Τὰς
1373 525 1482 595 γὰρ
1505 525 1612 578 ἀπὸ
1645 526 1802 598 μόνης

1918 527 2122 583 buntur
2164 541 2220 585 et
2264 529 2416 587 libris
2461 529 2873 602 imprimuntur,
2921 531 3129 590 diutius
3172 542 3228 589 et
3270 536 3488 606 gravius

246 618 329 683 τῆς
348 614 596 684 γλώττης
623 614 922 686 προῖούσας
950 614 1219 686 λοιδορίας
1247 617 1413 688 αὖραι
1459 619 1725 673 λαϐοῦσαι
1753 620 1809 682 ὲς

246 707 441 775 αἰθέρος
472 704 743 769 ἀϐύσσους
763 705 1226 772 διασκεδάζουσιν.
1262 709 1328 762 ΔΞ
1362 709 1416 762 δὲ
1452 712 1691 780 γραφαῖς
1718 712 1810 764 καὶ

245 798 426 868 βίϐλοις
464 797 694 850 ἑντυπυύ
705 815 865 866 μεναι
891 799 1264 872 μονιμώτερον
1291 803 1385 855 καὶ
1414 803 1810 873 τυραννικώτε-

247 908 322 957 ρον
351 889 491 940 κατὰ
519 888 630 940 τῶν
661 889 1036 961 ύϐριζομᾶνων
1064 891 1125 944 τὸ
1151 893 1352 963 κράτος
1382 895 1674 965 ἐσχήκασι,
1710 896 1810 965 τὴν

243 982 522 1050 ἠγεμονίαν
555 983 655 1052 τῆς
687 983 909 1052 γραφῆς
937 982 1321 1056 λαμδανούσης
1349 987 1444 1040 καὶ
1469 987 1558 1041 διὰ
1591 987 1807 1057 μακροῦ

241 1072 617 1143 πομπευούσης
649 1073 743 1127 τοῦ
777 1074 992 1145 χρόνου.
1039 1075 1152 1131 Οὐκ
1182 1073 1298 1129 οἴδα
1332 1076 1376 1130 δ’
1399 1077 1659 1148 ὁπότερον
1687 1079 1806 1132 οὐδ’

240 1165 333 1232 ἔχω
346 1163 544 1234 ῥαδίως
571 1165 991 1233 ἐπιγιγνώσκειν
1017 1159 1077 1220 οὗ
1107 1168 1268 1238 χάριν
1303 1168 1474 1222 ταῦτα
1499 1170 1808 1239 ἐπείγονται

240 1255 373 1325 δρᾷν,
405 1257 501 1307 καὶ
549 1255 697 1320 τίνος
742 1257 910 1312 ἕνεκα
955 1259 1183 1328 κέρδους
1223 1262 1281 1323 ἐς
1311 1262 1588 1325 τοιούτους
1629 1279 1809 1331 κρημ-

241 1346 348 1404 νοὺς
390 1345 624 1409 ἑαυτοὺς
665 1346 1020 1403 συνωθοῦσιν.
1050 1349 1118 1402 Εἴ
1159 1368 1218 1403 τε
1258 1353 1366 1422 γάρ
1397 1352 1635 1422 ἰδιότητά
1685 1370 1807 1406 τινα

240 1439 417 1501 κακίας
462 1440 922 1509 ἀποπιμπλάντες
951 1443 1160 1496 ἑαυτῶν
1176 1444 1270 1498 ἐπὶ
1297 1445 1397 1507 τὰς
1427 1445 1568 1498 οὕτω
1588 1445 1806 1514 ψευδεῖς

239 1528 574 1597 βλασφημίας
615 1530 878 1599 χωροῦσι,
936 1533 1118 1596 κακῶς
1149 1533 1306 1586 τοῦτο
1345 1533 1516 1604 δρῶσι
1557 1533 1652 1587 καὶ
1683 1534 1806 1587 λίαν

237 1618 458 1687 αίσχρῶς
483 1619 584 1672 καὶ
618 1621 758 1673 κατὰ
790 1619 886 1689 τῆς
923 1621 1156 1688 ἑαυτῶν,
1211 1622 1286 1686 ὡς
1313 1625 1506 1688 είπείν,
1539 1625 1803 1694 κεφαλῆς.

237 1707 426 1777 Στήλην
457 1723 524 1761 τε
567 1709 675 1778 γὰρ
705 1710 807 1781 τῆς
855 1712 1005 1780 σφῶν
1047 1712 1247 1776 κακίας
1291 1713 1372 1783 τῷ
1403 1714 1589 1784 χρόνῳ
1629 1715 1804 1784 παρέ-

236 1817 424 1866 χουσιν,
463 1799 557 1872 [Ρ.
611 1801 670 1874 ι]
718 1803 801 1856 δτι
849 1803 970 1869 ἐξὸν
999 1804 1062 1856 ἐκ
1097 1803 1192 1858 τοῦ
1242 1805 1424 1874 λέγειν
1457 1804 1681 1876 εὔφημα
1708 1806 1804 1860 καὶ

241 1891 560 1960 πρεσϐεύειν
610 1894 891 1964 ἀλήθειαν,
923 1896 1292 1965 γνωρίζεσθαι
1323 1899 1438 1960 τοῖς
1464 1897 1758 1951 ἀκούουσιν
1785 1914 1799 1930 ο

233 1985 275 2036 ol
299 1985 342 2036 δ’
370 1988 434 2038 ἐκ
485 1985 584 2039 τοῦ
618 1986 842 2041 πλύνειν
903 1986 1143 2056 ἀμάξαις
1191 1987 1402 2056 ὕϐρεων
1455 1989 1582 2053 τοὺς
1635 1990 1804 2061 μηδὲν

231 2077 610 2146 ἀδικήσαντας,
660 2077 1010 2148 δημοσιεύειν
1066 2079 1272 2134 εἴλοντο
1319 2080 1565 2148 ἑαυτοὺς,
1625 2097 1806 2150 παρα-

234 2167 461 2236 πλησίως
497 2170 692 2236 ῶσπερ
742 2169 809 2222 ἀν
846 2168 900 2221 εί
948 2185 1052 2236 τις,
1105 2167 1230 2234 ἰξὸν
1265 2169 1579 2242 ἠπειρώτης
1634 2171 1800 2236 εἶναι,

231 2261 314 2310 καὶ
346 2259 459 2328 βίον
496 2260 950 2330 ὲπικερδὲστερον
1004 2261 1098 2314 καὶ
1128 2261 1415 2316 ἀκίνδυνον
1446 2264 1570 2334 ζῇν,
1599 2266 1628 2320 ό
1675 2265 1723 2320 δ’
1745 2269 1803 2330 ἐς

239 2353 585 2407 Ἀτλαντικοῦ
622 2355 892 2422 πελάγους
940 2356 1218 2426 χειμῶνας
1272 2357 1368 2412 καὶ
1397 2357 1674 2422 κλύδωνας
1703 2361 1800 2429 φέ-

232 2459 330 2514 ρων
371 2445 720 2517 ἐμϐέϐληκεν
775 2447 989 2503 ἑαυτόν.
1053 2446 1128 2500 Τὸ
1173 2447 1230 2501 δὲ
1263 2449 1356 2501 καὶ
1384 2450 1576 2504 κακῶν
1634 2452 1801 2523 ἀρχιε-

229 2548 360 2586 sum
387 2534 508 2604 (t0)
544 2536 659 2598 τοῖς
704 2535 903 2604 ἐφεξῆς
955 2535 1040 2598 είς
1110 2535 1342 2607 μίμησιν
1377 2539 1693 2608 προτιθέναι
1729 2540 1802 2594 τὰ

227 2624 555 2693 γράμματα,
593 2627 687 2678 καὶ
712 2626 839 2696 είκῆ
889 2627 1155 2698 καθιστᾷν
1191 2628 1422 2705 ἑαυτοὺς
1451 2629 1659 2693 αίτίους
1692 2633 1796 2700 τῆς

227 2717 449 2768 ἑκεινων
501 2716 801 2781 ἀπωλείας,
855 2716 1018 2771 τοῦτο
1071 2718 1128 2772 δὲ
1193 2718 1363 2772 ποίων
1389 2722 1656 2790 κρημνῶν
1698 2722 1799 2776 οὐκ

228 2806 472 2873 ἐπάξιον,
504 2808 701 2878 δίδυμα
733 2811 826 2862 καὶ
854 2812 1059 2882 τριπλᾶ
1085 2813 1370 2880 προτεῖνον
1395 2813 1758 2883 τάγκλήματα
1781 2831 1796 2880 ;

233 2900 293 2954 ’Δ
331 2901 444 2969 γάρ
479 2899 556 2960 ὡς
590 2901 734 2971 ἀήθη
765 2903 884 2964 ταῖς
909 2902 1205 2968 πολιτείαις
1247 2905 1342 2958 καὶ
1373 2905 1500 2957 νόοα
1556 2905 1801 2964 ἐλαύνειν

224 2994 294 3056 ὡς
322 2993 669 3065 πορρωτάτω
707 2997 808 3048 καὶ
838 2995 1250 3066 ἀποτρέπεσθαι
1284 2996 1531 3068 ἔμελλον,
1564 2997 1796 3062 δεδιότες

224 3079 298 3145 οἷς
329 3086 400 3137 τά
427 3085 656 3139 τοιαῦτα
687 3087 982 3157 πρόχειρον
1012 3087 1298 3153 λοιδορεῖν,
1322 3089 1419 3144 καὶ
1449 3091 1558 3144 τῶν
1581 3091 1793 3144 πόλεων

1916 635 2016 676 eos
2047 636 2184 690 quos
2209 622 2400 678 laesere
2429 623 2625 693 injuria
2669 633 2924 695 premunt
2953 643 2967 680 :
3005 625 3270 695 scriptura
3297 635 3486 681 aucto-

1915 713 2128 768 ritatem
2160 723 2337 780 nacta,
2379 724 2436 771 et
2470 715 2632 787 longo
2663 726 2904 784 tempore
2948 725 3238 770 ostentata.
3288 717 3484 788 Ignoro

1913 814 2094 859 autem
2125 821 2234 876 quo
2258 805 2509 870 consilio,
2536 821 2637 862 nec
2666 807 2780 863 scio
2814 822 2917 875 qua
2946 807 3117 877 gratia
3152 808 3268 865 haec
3301 808 3482 864 facere

1911 896 2188 962 studeant,
2214 906 2309 952 aut
2338 898 2494 968 cujus
2526 897 2662 952 lucri
2698 913 2794 967 spe
2829 898 2884 952 in
2918 899 3043 953 talia
3077 899 3373 968 praecipitia
3399 901 3486 954 in-

1909 997 2152 1044 currant.
2184 988 2309 1045 Sive
2337 991 2507 1055 enim,
2539 1000 2600 1046 ut
2649 990 2974 1062 singularem
3027 1006 3179 1045 suam
3212 992 3479 1062 improbi-

1908 1089 2074 1136 tatem
2122 1083 2395 1152 expleant,
2439 1084 2576 1139 adeo
2625 1083 2758 1138 falsa
2819 1083 3104 1140 maledicta
3151 1092 3476 1154 congerunt,

1910 1173 2051 1228 male
2089 1171 2298 1229 faciunt
2345 1190 2409 1230 ac
2453 1175 2684 1245 turpiter
2727 1175 3040 1238 admodum,
3075 1190 3301 1244 suoque,
3327 1176 3474 1244 quod

1909 1263 2082 1332 aiunt,
2114 1266 2275 1335 capiti
2305 1276 2527 1322 nocent.
2570 1266 2702 1322 Nam
2733 1267 3098 1338 improbitatis
3135 1281 3248 1321 suae
3279 1282 3474 1322 monu-

1908 1366 2152 1413 mentum
2203 1360 2440 1438 produnt
2490 1360 2746 1428 posteris,
2785 1359 2929 1428 quod
2959 1360 3164 1429 acum
3211 1359 3349 1415 bene
3399 1357 3479 1412 di-

1907 1449 2084 1504 cendo
2120 1459 2174 1504 et
2215 1449 2540 1505 celebranda
2578 1450 2808 1505 veritate
2837 1451 3179 1505 innotescere
3205 1449 3476 1504 auditori-

1905 1539 2011 1598 bus
2042 1539 2311 1608 licuisset,
2356 1541 2614 1611 plaustris
2657 1541 3020 1597 convitiorum
3068 1541 3123 1595 in
3159 1543 3479 1596 innocentes

1907 1631 2256 1688 eﬁ‘undendis
2303 1632 2629 1702 semetipsos
2680 1632 2963 1688 traducere
3008 1632 3228 1703 publice
3271 1631 3478 1686 malue-

1907 1733 2034 1780 runt
2064 1741 2078 1778 :
2112 1723 2256 1778 haud
2284 1738 2444 1779 secus
2469 1737 2533 1778 ac
2559 1723 2605 1777 si
2637 1723 2704 1789 is,
2741 1724 2830 1779 cui
2863 1723 3058 1779 liceret
3098 1723 3151 1777 in
3182 1734 3321 1777 terra
3346 1737 3476 1777 con-

1861 1816 2117 1884 rtinente
2151 1813 2310 1869 beate
2344 1829 2644 1884 secureque
2678 1815 2882 1880 vivere,
2918 1814 2973 1870 in
3018 1813 3272 1869 Atlantici
3305 1813 3502 1866 maris

1905 1911 2260 1972 tempestates
2285 1917 2348 1958 ac
2374 1901 2572 1958 ﬂuctus
2603 1902 2746 1958 ultro
2765 1918 2826 1959 se
2846 1904 3165 1973 conjiceret.
3192 1903 3472 1958 Scelerum

1904 2005 2069 2060 porro
2095 1992 2344 2062 exempla
2374 1993 2595 2064 scriptis
2631 1993 2746 2048 suis
2783 2007 3093 2062 proponere
3129 1993 3381 2062 posteris,
3418 2001 3476 2046 et

1904 2079 2162 2136 interitus
2195 2096 2385 2136 eorum
2441 2089 2637 2150 sponte
2683 2094 2835 2134 reum
2883 2078 3019 2142 ﬁeri,
3075 2079 3130 2134 id
3181 2093 3305 2132 vero
3353 2093 3476 2148 quae

1905 2171 2204 2241 praecipitia
2231 2188 2341 2227 non
2375 2183 2636 2238 meretur,
2665 2188 2793 2228 cum
2831 2170 3138 2242 duplicibus
3168 2179 3263 2224 aut
3305 2170 3478 2238 tripli-

1905 2261 2061 2318 cibus
2089 2263 2411 2319 criminibus
2451 2278 2572 2319 sese
2617 2263 2989 2334 obstringam?
3023 2262 3170 2329 Quas
3205 2261 3352 2317 enim
3384 2275 3474 2315 res

1903 2363 1966 2409 ut
1997 2356 2249 2411 insolitas
2279 2355 2593 2412 civitatibus
2625 2363 2681 2411 et
2707 2356 3042 2425 improbatus
3074 2369 3235 2424 quam
3269 2352 3475 2422 longis-

1902 2447 2042 2503 sime
2081 2447 2493 2504 exterminaturi
2541 2456 2598 2503 et
2644 2446 3011 2502 abominaturi
3057 2455 3234 2508 erant,
3277 2459 3468 2498 eorum

1901 2547 2051 2593 metu
2089 2539 2288 2608 quibus
2333 2548 2387 2594 et
2433 2539 2692 2594 insectari
2740 2548 2797 2594 et
2845 2539 3071 2594 urbibus
3116 2552 3210 2592 cas
3253 2536 3472 2607 exigere

1901 2639 2211 2699 promptum
2251 2637 2418 2693 esset.
2451 2629 2907 2698 quemadmodum
2949 2629 3078 2684 olim
3123 2629 3353 2682 Athenis
3399 2641 3466 2681 ex

1901 2715 2025 2774 albo
2048 2719 2290 2788 iudicum
2311 2719 2570 2775 delebant
2597 2736 2693 2790 per
2720 2721 2965 2775 fraudem
2992 2719 3284 2789 inscriptos
3308 2727 3362 2772 et
3386 2735 3471 2772 re-

1900 2810 2116 2880 publica
2145 2809 2398 2880 iudignos
2427 2831 2440 2866 :
2474 2811 2574 2866 has
2596 2813 2706 2880 jam
2741 2811 2936 2882 cupide
2965 2811 3383 2881 amplectentur,
3415 2819 3475 2864 ιιι

1901 2911 1957 2955 et
1985 2901 2053 2956 ab
2087 2901 2206 2955 aliis
2237 2913 2362 2956 ante
2403 2901 2571 2958 factas
2603 2917 2668 2958 ac
2708 2904 2985 2972 probatas,
3021 2909 3077 2956 et
3108 2916 3136 2954 a
3168 2910 3469 2955 consuetu-

1899 2993 2028 3048 dine
2059 3009 2169 3048 non
2201 2993 2579 3049 abhorrentes.
2627 2993 2818 3050 Solent
2867 2995 3012 3047 enim
3048 2993 3298 3047 homines
3339 3008 3472 3062 quo-

1899 3082 2106 3136 rumvis
2139 3082 2433 3138 criminum
2465 3082 2566 3150 rei,
2595 3097 2748 3138 suam
2792 3082 3150 3137 imitationem
3181 3082 3248 3136 ad
3290 3097 3474 3135 exem-

223 3175 464 3242 ἐξωθεῖν,
493 3177 570 3238 ῶς
598 3178 726 3249 πρὶν
778 3177 886 3230 τῶν
947 3177 1282 3233 δικαστικῶν
1325 3179 1599 3250 Ἀθηναῖοι
1637 3181 1798 3235 πινά-

1906 3172 1992 3241 pla
2015 3181 2261 3228 veterum
2288 3173 2515 3240 rot‘erre,
2554 3183 2615 3228 ut
2647 3189 2869 3230 causam
2902 3173 3138 3228 habeant
3175 3173 3470 3227 invehendi

226 3286 330 3321 κων
348 3272 480 3334 τοὺς
507 3271 622 3324 ὅσοι
646 3271 1063 3342 παρέγγραπτοι
1088 3272 1181 3326 καὶ
1204 3273 1304 3343 τῆς
1337 3273 1489 3342 σφῶν
1513 3273 1794 3337 πολιτείας

225 3360 468 3425 ἀνάξιον
513 3361 686 3414 ταῦτα
725 3362 980 3432 ἀσμένως
1027 3363 1129 3434 ἤδη
1175 3363 1405 3431 δέξαιντ’
1433 3364 1500 3418 ἂν
1531 3366 1794 3436 πράττειν

226 3452 396 3513 αὐτοὶ,
428 3452 505 3514 ὡς
527 3454 624 3506 καὶ
645 3452 825 3515 ἀλλοις
847 3453 947 3524 ἤδη
970 3456 1336 3526 πεπραγμένα
1364 3456 1457 3509 καί⁷
1475 3456 1793 3526 δεδογμένα,

225 3542 313 3594 καὶ
345 3542 461 3595 τῶν
491 3543 632 3613 ὅρων
653 3543 782 3597 ὄντα
803 3545 903 3615 τῆς
930 3545 1219 3616 συνηθείας
1253 3545 1423 3608 ἐντός.
1450 3544 1665 3599 Φιλοῦσι
1689 3546 1796 3618 γάρ

223 3634 294 3695 ὡς
346 3635 418 3686 τὰ
469 3633 640 3686 πολλά
689 3637 797 3687 τῶν
826 3635 1129 3706 ἀνθρώπιον
1171 3637 1221 3690 oi
1251 3639 1366 3700 τοῖς
1394 3637 1798 3708 οίοισδηποτοῦν

226 3727 576 3796 ἀτοπήμασιν
629 3727 996 3797 ἁλισκόμενοι,
1054 3729 1114 3790 ἐς
1172 3729 1534 3801 ἀρχαιοτέρας
1581 3731 1796 3796 εἰκόνας

226 3816 450 3884 ἀνάγειν
481 3817 581 3887 τὴν
633 3817 884 3888 μίμησιν,
924 3819 990 3872 ἵν’
1017 3819 1225 3873 ἐκεῖθεν
1254 3819 1329 3883 ὡς
1361 3820 1422 3886 ἐξ
1452 3823 1793 3896 ὁρμητηρίομ

227 3908 652 3978 κατατρέχωσιν,
686 3909 740 3961 εί
783 3908 925 3972 τινές
960 3909 1076 3962 ποτ’
1126 3909 1216 3979 ἄρ’
1240 3905 1350 3964 εἷεν
1396 3911 1446 3962 oi
1483 3911 1620 3982 πρὸς
1651 3913 1802 3980 ἐλέγ-

224 4017 348 4069 χους
396 4001 778 4068 ἀποδυόμενοι.
825 4001 934 4053 Εἶτ’
973 3999 1067 4054 οὖν
1151 4001 1241 4054 διὰ
1285 3999 1446 4056 τοῦτο
1496 4001 1800 4073 λοιδοροῦσι

227 4089 321 4140 καὶ
374 4087 686 4156 ψεύδονται,
715 4089 913 4143 οὑτωσί
940 4105 1054 4152 πως
1088 4089 1424 4160 ἑκατέρωθεν
1457 4091 1803 4161 ἁμαρτάνου-

231 4198 312 4233 σιν
333 4195 347 4208 ⁸
385 4181 482 4234 εἶτ’
505 4180 573 4236 αὖ
615 4181 876 4251 διαμονῆς
909 4182 1072 4235 ἕνεκα
1100 4184 1198 4252 τῆς
1245 4183 1426 4237 αὐτῶν
1450 4185 1800 4255 συγγραφῆς.

231 4274 322 4324 καὶ
366 4271 510 4325 οὕτω
551 4271 744 4344 πόρρω
777 4271 964 4326 θέουσι
1001 4273 1094 4326 τοῦ
1147 4274 1374 4338 σκοποῦ,
1410 4275 1508 4338 τὰς
1533 4278 1801 4347 κρηπῖδας

227 4366 335 4416 τῶν
356 4363 548 4417 αίτιῶν
593 4357 654 4416 οῖ)
693 4363 835 4418 πάνυ
881 4381 962 4417 τοι
987 4365 1193 4434 σφόδρα
1210 4349 1598 4435 ύποτιθέμενοι
1624 4369 1806 4438 ἀσφα-

228 4455 356 4518 λεῖς.
398 4457 562 4511 Αὐτοὶ
618 4456 718 4527 μὲν
769 4457 877 4527 γὰρ
913 4457 1044 4520 ίσως
1092 4457 1290 4520 εἰδότες
1331 4459 1430 4521 τὰς
1457 4458 1566 4511 τῶν
1592 4455 1836 4512 πολλῶνί

1906 3261 1963 3315 in
1994 3275 2088 3317 eos
2113 3263 2205 3330 qui
2247 3262 2336 3318 illa
2369 3278 2598 3334 arguere
2626 3263 2985 3319 instituerint.
3013 3261 3140 3318 Sive
3173 3261 3340 3334 igitur
3370 3263 3472 3316 hac

1903 3354 1972 3408 de
2009 3369 2172 3410 causa
2204 3355 2277 3409 ita
2321 3356 2692 3411 convitiantur
2737 3365 2793 3409 et
2835 3355 3194 3419 mentiuntur,
3246 3364 3475 3422 utroque

1904 3455 2130 3514 peccant
2154 3464 2168 3500 :
2189 3446 2306 3501 sive
2334 3447 2404 3501 ob
2422 3446 2846 3501 diuturnitatem
2873 3445 3202 3515 scriptorum
3228 3460 3477 3509 suorum,

1903 3537 2068 3594 etiam
2097 3537 2177 3592 sic
2209 3537 2402 3608 procul
2435 3551 2463 3590 a
2493 3551 2662 3607 scepo
2707 3537 2981 3598 aberrant,
3031 3534 3260 3589 infirmis
3297 3534 3470 3588 crimi-

1903 3631 2186 3683 nationum
2251 3643 2472 3683 suarum
2517 3627 2681 3697 jactis
2732 3626 3122 3683 fundamentis.
3169 3626 3362 3680 Sciunt
3399 3625 3476 3679 illi

1905 3721 2123 3790 quidem
2169 3720 2418 3782 forsitan,
2453 3720 2596 3790 vulgi
2649 3735 2809 3775 aures
2844 3719 3208 3774 insectatione
3241 3718 3476 3772 aliorum

1905 3829 2069 3883 quant
2101 3813 2499 3869 collaudatione
2526 3812 2583 3882 9
2616 3813 2785 3882 magis
2815 3813 3096 3878 delectari,
3138 3826 3202 3866 ac
3249 3811 3478 3880 injurias

1905 3919 2068 3973 quam
2102 3914 2249 3960 recte
2287 3904 2428 3958 facta
2471 3904 2733 3958 libentius
2771 3903 2900 3973 legi,
2931 3902 3176 3972 quamvis
3207 3901 3330 3956 illas
3357 3917 3480 3970 pro-

1906 3995 2011 4050 lixa
2043 3995 2320 4049 mendacia
2360 3995 2664 4058 vcnditent,
2701 3994 2817 4050 haec
2857 4009 2988 4048 vero
3027 3993 3202 4047 lucem
3235 3992 3480 4047 veritatis

1907 4085 2160 4157 praevium
2191 4085 2426 4140 habeant
2455 4103 2468 4140 :
2501 4100 2676 4154 eoque
2709 4085 2788 4139 sic
2816 4085 3075 4141 historias
3101 4101 3230 4141 suas
3259 4100 3482 4156 compo-

1909 4185 2067 4244 nunt,
2099 4189 2157 4232 ut
2185 4176 2223 4230 ii
2255 4178 2344 4246 qui
2391 4177 2579 4231 multis
2606 4176 2819 4232 saeculis
2849 4187 2970 4246 post
3000 4176 3165 4232 futuri
3212 4185 3362 4241 sunt,
3389 4192 3482 4230 eas

1909 4266 2228 4338 longissimo
2258 4275 2507 4336 tempore
2541 4281 2664 4320 cum
2699 4265 2973 4334 voluptate
3013 4266 3214 4336 legant.
3263 4267 3378 4320 Nec
3427 4265 3480 4318 in

1910 4359 2015 4413 hoe
2045 4357 2131 4413 vel
2174 4357 2406 4427 justitize
2449 4357 2741 4428 praesidem
2786 4358 2987 4411 animis
3041 4357 3348 4420 intuentur,
3398 4356 3484 4409 vel

1909 4467 2062 4520 requa
2089 4462 2144 4506 et
2168 4459 2314 4506 recta
2337 4448 2543 4521 judicia
2568 4452 2842 4504 bonorum
2864 4452 3102 4504 virorum
3134 4457 3482 4504 reverentur.

230 4547 416 4610 ἀκοὰς,
451 4550 572 4611 ταῖς
619 4547 728 4600 τῶν
770 4548 948 4601 ἄλλων
993 4548 1186 4618 ’ύὸρεσι
1214 4548 1416 4616 μᾶλλον
1435 4550 1796 4622 χαιρούσαςῆ

1904 4544 2035 4611 Quae
2060 4559 2148 4599 res
2174 4559 2283 4599 non
2315 4543 2452 4598 adeo
2484 4541 2591 4597 illis
2611 4543 2764 4596 obest
2792 4555 2929 4610 quos
2958 4539 3296 4608 vituperant,
3321 4553 3485 4608 quam

228 4639 336 4698 τοῖς
369 4637 638 4699 ἐπαίνοις,
665 4638 760 4688 καὶ
787 4635 863 4699 ὡς
898 4635 1076 4707 πολλῷ
1099 4653 1161 4704 γε
1193 4637 1341 4705 ἥδιον
1389 4639 1436 4687 οἱ
1480 4637 1666 4689 πολλοὶ
1693 4639 1794 4701 τᾶς

231 4729 566 4791 ὡντινωνοῦν
603 4728 922 4793 διεξέλθοιεν
975 4729 1163 4798 ὕϐρεις
1212 4729 1244 4799 ἢ
1295 4729 1530 4798 τάγαθὰ,
1565 4729 1669 4783 κᾶν
1701 4731 1800 4793 τὰς

239 4824 330 4890 μὲν
356 4822 528 4892 ψεύδη
576 4823 762 4892 μακρὰ
815 4821 1190 4892 καπηλεύωσι,
1224 4821 1294 4874 τὰ
1314 4821 1372 4874 δὲ
1402 4821 1519 4890 φῶς
1542 4821 1802 4892 ἀληθείας

234 4917 326 4986 ἔχῃ
358 4915 863 4986 προπορευόμενον,
897 4913 1040 4967 οὕτω
1072 4913 1169 4982 τὴν
1210 4913 1452 4984 ἱστορίαν
1481 4913 1662 4966 αὐτῶν
1688 4914 1804 4967 δια-

233 5007 495 5070 τίθενται,
531 5007 596 5058 ἶν’
620 5009 678 5067 ἐς
725 5007 970 5075 μακροὺς
997 5004 1158 5074 δῆθεν
1183 5006 1310 5066 τοὺς
1334 5007 1559 5074 χρόνους
1581 5007 1802 5076 χαίρον-

235 5114 321 5158 τες
343 5097 598 5160 διεξίοιεν
633 5095 801 5168 αὐτὴν
830 5097 878 5147 oi
901 5097 994 5146 τὸν
1025 5094 1195 5147 αίῶνα
1213 5097 1354 5148 κατὰ
1374 5095 1622 5165 διαδοχὴν
1646 5098 1804 5164 ἀμείο

238 5187 418 5250 εοντες
452 5186 736 5255 ἄνθρωποι
757 5201 771 5216 ·
809 5185 905 5237 καὶ
932 5181 1055 5236 οὔτε
1084 5183 1238 5252 δίκης
1286 5185 1529 5257 ἐπόπτην
1561 5185 1666 5254 πρὸ
1707 5186 1805 5252 όμ-

240 5279 417 5345 εαάτων
440 5278 686 5339 διανοίας
722 5275 1116 5344 λαμϐάνουσιν,
1147 5272 1259 5327 οὔτ’
1285 5276 1418 5329 αίδῶ
1465 5275 1573 5328 τῶν
1623 5276 1804 5338 καλῶς

238 5370 323 5420 καὶ
353 5349 578 5430 δικαίως
611 5366 818 5435 κρίνειν
850 5365 1068 5417 εἰδότων
1095 5364 1323 5433 ἀνδρῶν.
1353 5363 1524 5416 Τοῦτο
1551 5364 1596 5418 δ’
1614 5367 1676 5419 ού
1709 5383 1801 5420 το-

239 5456 420 5512 σοῦτον
469 5455 562 5519 οὓς
612 5455 913 5526 λοιδοροῦσι
947 5454 1292 5525 λυμαίνεται,
1341 5455 1373 5526 ἢ
1422 5456 1619 5519 αύτούς
1647 5474 1709 5525 γε
1735 5457 1804 5527 δὴ

1904 4637 2046 4708 ipsis
2100 4636 2587 4698 obtrectatoribus,
2641 4634 2786 4704 quod
2850 4646 2904 4688 et
2964 4631 3219 4687 homines
3275 4633 3487 4686 cordati

1905 4729 2065 4784 malis
2110 4728 2514 4798 suspicionibus
2555 4725 2818 4782 adversus
2849 4725 2978 4780 illos
3020 4721 3329 4794 conceptis,
3367 4737 3491 4791 quae

1906 4823 2052 4877 mille
2094 4819 2316 4892 probris
2347 4831 2582 4887 scatent,
2618 4835 2713 4875 eos
2743 4822 2886 4875 inter
2913 4819 3192 4889 improbos
3216 4829 3488 4891 perpetuo

1909 4914 2280 4967 numer-abnnt
2335 4932 2348 4970 :
2419 4923 2476 4969 et
2536 4913 2677 4968 Dens
2731 4911 2956 4981 justitiat
3018 4927 3220 4983 przeses
3271 4912 3491 4982 linguas

1903 4999 2094 5059 eorum
2117 5005 2462 5074 gravioribus
2495 5005 2670 5074 pinnis
2694 5013 3080 5074 persequetur.
3112 5004 3288 5074 Atque
3319 5004 3485 5060 etiant

1904 5093 2180 5148 interdum
2218 5110 2285 5148 ex
2313 5095 2655 5166 ignoratione
2692 5095 2828 5159 veri,
2856 5103 2913 5150 et
2958 5093 3230 5164 imperitia
3272 5107 3482 5158 rerum,

1903 5201 2024 5254 qua:
2041 5202 2070 5240 a
2091 5187 2286 5254 quovis
2309 5184 2600 5260 audierint,
2615 5184 2928 5254 priusquam
2949 5185 3280 5254 expendunt,
3300 5187 3484 5239 sintne
3589 5222 3600 5228 κ

1903 5277 2204 5346 probabilia
2228 5286 2285 5332 et
2312 5276 2528 5332 veritati
2551 5285 2944 5340 consentanea,
2974 5291 3043 5330 an
3074 5291 3201 5330 vero
3227 5277 3486 5340 absurda,

1905 5378 1954 5423 et
1986 5369 2055 5423 ab
2084 5385 2146 5424 ea
2182 5383 2404 5440 prorsus
2441 5369 2792 5434 abhorreant,
2835 5370 2916 5424 sic
2949 5365 3042 5422 illa
3119 5367 3326 5422 chartis
3373 5367 3480 5420 illi-

1902 5469 2062 5527 nunt,
2104 5475 2169 5516 ac
2196 5461 2471 5517 memoriae
2522 5461 2802 5526 mandant,
2855 5473 3031 5531 eaque
3064 5460 3293 5516 crimina
3345 5457 3488 5530 obii.

1563 5574 1911 5637 Variorum'
1934 5586 2125 5640 nota).

307 5681 415 5752 (l0)
449 5679 714 5752 Maximus
737 5677 951 5752 Tyrius,
985 5693 1153 5752 serm.
1189 5667 1275 5752 ιε,
1310 5677 1498 5752 tibide
1519 5675 1753 5752 historia
1771 5697 1790 5752 _:

242 5746 347 5804 Νῦν
379 5752 436 5804 δὲ
464 5749 671 5819 ἀναμὶξ
703 5746 1022 5819 είσῷύρεται
1046 5749 1222 5802 πάντα
1253 5748 1312 5819 ὲν
1336 5749 1443 5819 τοῖς
1473 5746 1794 5819 λόγοις.)ιώ⁵

241 5819 545 5884 niam-adiit
577 5817 647 5874 τὰ
681 5817 992 5891 χείρωίκαὶ
1028 5821 1221 5892 κρατεῖ
1255 5817 1324 5874 τὰ
1357 5818 1585 5890 αἰσχρὰ,
1614 5817 1703 5873 καὶ
1734 5818 1794 5874 τὸ

1901 5679 2037 5732 πολὺ
2067 5679 2165 5749 τῆς
2211 5679 2455 5750 ἱστορίας
2486 5678 2832 5746 πλεονέκται,
2865 5679 3142 5748 τύραννοι,
3182 5674 3274 5729 καὶ
3302 5672 3477 5735 MM‘

1903 5766 2014 5821 μιοι
2041 5750 2241 5818 ἄδικοι,
2265 5749 2372 5807 etc.
2407 5749 2638 5810 Ducum.
