4054 6648
522 426 633 496 127
1715 428 2143 491 NICEPHORI
2185 431 2571 493 GliEGOR/E
3353 409 3357 412 ’
3670 429 3774 494 123

518 542 674 596 ciunt
696 556 816 608 quae
847 540 996 597 nulla
1022 549 1173 608 sunt,
1200 549 1255 597 et
1280 555 1343 597 ca
1370 541 1580 611 dicunt,
1612 558 1734 614 quae
1755 560 1935 614 neque
1962 542 2100 598 facta

2203 550 2329 612 τοὺς
2360 549 2703 619 ὑϐρίζοντας,
2737 549 2894 618 εῖπερ
2922 545 3200 619 ἄνθρωποι
3230 546 3327 616 μὲν
3361 544 3779 616 σωφρονοῦντες

500 642 670 696 ’sunt,
700 648 880 703 neque
905 635 1134 689 omnino
1164 636 1278 689 ﬁeri
1307 643 1538 705 possunt
1573 653 1587 690 :
1623 637 1786 706 quale
1817 651 1940 691 esse
1969 637 2095 691 Pla-

2198 642 2430 703 ἀτόπους
2481 640 2734 704 ὑπονοίας
2780 639 2900 694 κατ’
2934 639 3156 693 ἐκείνων
3202 640 3325 701 ταῖς
3357 638 3567 708 ψυχαῖς
3602 639 3784 707 ἐμφυ-

519 724 663 781 tonis
706 724 855 780 ideas
901 726 1237 796 accepimus,
1287 736 1344 782 et
1390 728 1736 798 tragelaphos
1781 744 1847 782 ex
1899 728 2097 785 Indicis

2198 733 2514 796 τεὺσαντες.
2552 733 2767 802 μυρίοις
2817 728 3108 801 βριθοὺσας
3160 729 3444 793 ὀνείδεσιν,
3489 730 3547 781 ἐν
3590 729 3784 788 κακοῖς

521 818 783 870 monstris
812 818 865 870 iu
894 818 1018 871 Asia
1045 818 1256 871 narrari
1287 818 1356 873 ab
1385 819 1452 875 iis
1474 820 1562 889 qui
1595 819 1845 893 ﬁgmenta
1873 820 2098 889 ﬁgmen-

2199 823 2379 876 αὑτῶν
2401 824 2550 876 ἐσαεὶ
2580 822 2981 892 μεμνήσονταιο
3020 819 3158 882 Θεὸς
3191 818 3239 872 δ’
3272 820 3299 871 ὁ
3331 818 3428 887 τῆς
3461 817 3615 887 δίκης
3649 833 3786 885 προ-

525 908 594 961 tis
623 908 926 971 cumulant,
958 918 1019 962 ut
1053 910 1315 980 majorem
1347 912 1400 963 in
1434 911 1631 965 animis
1659 911 1967 967 auditorum
1999 913 2097 966 ad-

2202 914 2403 984 στάτης
2439 912 2834 982 δαψιλεστέραν
2880 912 3063 974 αὐτοῖς
3094 913 3382 981 ταμιεύσει
3414 913 3511 979 τῆς
3535 909 3789 977 γλώττης

526 998 871 1054 mirationem
913 1001 1175 1055 excitent.
1227 1000 1572 1073 Quapmpter
1616 1003 1930 1071 ltujusmodi
1963 1002 2097 1057 vitia

2199 1007 2299 1078 τὴν
2327 1002 2572 1061 κόλασιν.
2622 1006 2695 1059 Οὑ
2734 1006 2840 1077 μὴν
2887 1005 3005 1059 ἁλλ’
3035 1003 3149 1059 ἐσθ’
3169 1005 3257 1057 ὅτε
3316 1004 3417 1056 καὶ
3441 1002 3510 1054 δι’
3538 1001 3788 1071 ἀμαθίαν

525 1092 848 1160 scriptorum
882 1102 1079 1148 nostra:
1117 1094 1219 1164 ιο
1246 1094 1445 1157 relatis,
1481 1095 1658 1164 quoad
1698 1103 1906 1163 potero,
1939 1109 2099 1150 coar-

2198 1100 2293 1154 τοῦ
2319 1098 2589 1168 βελτίονος
2622 1098 2718 1152 καὶ
2738 1098 2999 1169 ἀπειρίαν
3024 1096 3365 1168 πραγμάτων
3398 1095 3540 1165 άπερ
3567 1091 3789 1147 ὁτουοῦν

526 1197 683 1249 gnam
720 1201 733 1236 :
766 1182 856 1252 qui
888 1198 991 1237 nec
1020 1184 1237 1239 acribus
1271 1185 1504 1256 ingeniis
1537 1185 1767 1255 prtediti,
1796 1201 1898 1241 nec
1929 1187 1980 1240 in
2010 1201 2101 1241 re-

2200 1193 2534 1262 ἠκηκόεισαν
2566 1191 2703 1261 (Η),
2767 1190 2900 1260 πρὶν
2962 1187 3276 1259 βασανίσαι,
3327 1185 3377 1240 εί
3431 1184 3500 1239 τὰ
3532 1184 3630 1253 μὲν
3674 1182 3791 1236 τῶν

526 1274 744 1342 publica
798 1274 993 1328 versati
1044 1283 1192 1340 sunt,
1236 1277 1380 1331 unde
1424 1275 1689 1346 judicium
1736 1278 2096 1348 gerendarum

2199 1282 2425 1335 εἰκότων
2456 1280 2571 1335 τάδ’
2598 1281 2823 1350 ἥκιστα,
2872 1275 2969 1331 καὶ
3020 1277 3088 1329 τὰ
3145 1275 3243 1346 μὲν
3301 1273 3477 1327 ἔοικεν
3522 1270 3791 1338 ἀληθείας

526 1377 709 1417 rerum
746 1372 1016 1433 peterent,
1065 1378 1164 1418 usu
1212 1374 1269 1419 et
1316 1367 1652 1434 experientia
1701 1376 1915 1436 partum
1947 1385 1961 1421 :
1991 1385 2098 1437 qua

2200 1372 2369 1436 οἴκοις
2392 1370 2786 1433 ἐνδιαιτᾶσθαι,
2817 1367 2933 1424 τάδ’
2959 1365 3247 1435 ὑπερόριον
3271 1363 3530 1433 ἀληθείας
3550 1361 3794 1414 τείνουσι

527 1454 726 1508 multas
755 1455 919 1508 etiam
946 1468 1138 1525 segnes
1156 1464 1379 1509 naturas
1409 1457 1559 1510 velut
1584 1471 1614 1510 e
1639 1442 1831 1512 somno
1875 1458 2094 1513 tandem

2196 1458 2472 1531 γλῶσσαν,
2504 1460 2649 1516 οὑτω
2695 1459 2849 1515 ταῦτ’
2880 1456 3182 1527 ἐφαπλοῦσι
3239 1456 3357 1517 ταῖς
3410 1452 3622 1507 ἑαυτῶν
3657 1466 3792 1517 συγ·-

528 1546 753 1599 excitari
790 1546 1036 1600 videmus
1066 1555 1121 1600 et
1160 1546 1480 1625 urbaniores
1524 1549 1698 1613 reddi,
1731 1558 1788 1601 ut
1822 1549 1968 1604 inter
2006 1566 2101 1606 eos

2202 1553 2440 1620 γραφαῖς
2471 1551 2567 1603 καὶ
2623 1549 2703 1619 τῷ
2758 1548 2959 1619 χρόνῳ,
2993 1544 3309 1616 αἰτιώμενοί
3349 1560 3407 1597 τε
3441 1543 3511 1597 τὰ
3541 1540 3787 1603 ἀναίτια,

528 1642 889 1687 numerentur
916 1633 1009 1701 qui
1046 1635 1331 1704 prudentia
1361 1637 1582 1705 pollent,
1621 1646 1675 1691 et
1711 1638 1938 1693 aliorum
1970 1655 2104 1695 con-

2200 1642 2296 1696 καὶ
2325 1642 2630 1710 φάσκοντες
2662 1637 2698 1695 ἃ
2727 1638 2856 1711 μήτ’
2891 1640 3156 1707 ἐγένοντο,
3197 1636 3336 1707 μήτε
3384 1633 3638 1701 γενέσθαι
3663 1631 3779 1685 τῶν

527 1722 816 1777 suetudine
846 1723 1058 1792 linguas
1084 1724 1467 1790 excoluernnt,
1498 1726 1550 1781 id
1585 1728 1729 1796 quod
1763 1728 1821 1784 fit
1850 1731 2102 1786 civilibus

2200 1728 2443 1784 δυνατῶν
2471 1726 2539 1798 ἦν
2558 1746 2573 1762 ·
2611 1728 2735 1792 οῖας
2756 1726 2853 1781 τοῦ
2878 1726 3165 1788 Πλάτωνος
3194 1724 3296 1788 τάς
3318 1722 3463 1785 ιδίας
3490 1719 3791 1790 ἀκούομεν,

512 1803 924 1879 quaestionibus
948 1829 1046 1884 pro
1074 1824 1315 1886 tempore
1344 1818 1661 1887 propositis.
1695 1818 1801 1874 Sed
1825 1821 1950 1887 quia
1981 1832 2100 1875 stn-

2182 1822 2294 1876 ,καὶ
2314 1821 2427 1873 ὅσοι
2447 1808 2576 1882 τοὺς
2603 1818 2979 1891 τραγελάφους
3010 1819 3074 1871 ἐκ
3102 1816 3211 1871 τῶν
3242 1815 3345 1882 τῆς
3387 1812 3575 1876 Ἰνδίας
3604 1811 3781 1882 τερά-

527 1903 636 1958 diis
670 1905 995 1968 litterarum,
1035 1916 1090 1960 et
1136 1884 1201 1959 iis
1247 1884 1465 1975 quidem
1502 1921 1783 1977 perperam
1815 1884 1925 1979 jam
1973 1909 2103 1964 inde

2204 1931 2313 1967 των
2343 1911 2429 1984 [Ρ.
2463 1909 2522 1983 5]
2578 1884 2652 1974 ἐς,
2687 1884 2789 1975 τάς
2809 1884 2910 1980 τῆς
2941 1908 3129 1972 Ἀσίας
3154 1904 3563 1972 διαδιδάξουσιν
3592 1902 3786 1965 ἀκοὰς.

529 1995 600 2049 ab
625 1994 986 2049 adolescentia
1015 2010 1137 2049 sese
1161 1996 1359 2051 dedere
1387 2006 1442 2051 et
1472 1997 1527 2051 in
1558 2010 1745 2051 earum
1773 1999 1884 2053 otio
1915 2000 2105 2055 unico-

2202 2005 2267 2057 ἐκ
2306 2005 2381 2074 μὴ
2409 2003 2581 2057 δντων
2603 1997 2763 2064 αὖθις
2795 2001 2870 2073 μὴ
2894 2001 3027 2054 δντα
3060 2001 3447 2064 καθιστῶντες,
3468 1998 3554 2050 ἵνα
3587 1995 3791 2066 μᾶλλον

530 2103 639 2157 que
671 2101 771 2141 usu
804 2087 995 2158 longos
1020 2086 1138 2142 dies
1172 2102 1587 2159 consumpsere,
1622 2089 1743 2144 ideo
1783 2090 1961 2144 surdis
1990 2104 2103 2143 au-

2201 2096 2548 2163 ἐκπ).ήττωτι
2579 2093 2705 2155 τοὺς
2738 2093 3054 2153 ἀκούοντας.
3089 2088 3190 2142 Διά
3213 2087 3389 2143 ταῦτα
3428 2087 3611 2141 τοίνυν
3637 2084 3793 2149 ἐλέγ-

532 2181 682 2234 ribus
712 2194 799 2235 res
824 2181 1072 2250 quolibet
1097 2190 1340 2251 tempore
1369 2191 1549 2252 gestas
1588 2183 1951 2251 praetervecti,
1981 2199 2098 2237 om-

2203 2188 2309 2254 ξων
2362 2188 2592 2257 ἔρχομαι
2635 2187 2705 2240 τὰ
2734 2185 2978 2248 τοιαῦτα,
3023 2184 3257 2237 καθόσον
3310 2177 3423 2235 οἶόν
3454 2196 3537 2245 τε,
3568 2179 3678 2233 τῶν
3706 2177 3795 2257 ἐφῖ

531 2288 660 2327 nem
710 2281 926 2328 aetatem
977 2281 1299 2341 exegerunt.
1338 2251 1537 2328 verum
1586 2273 1691 2329 etsi
1729 2274 1925 2329 litteris
1962 2283 2104 2329 totos

2201 2251 2359 2349 ημῶν
2385 2251 2771 2350 συγγραφέων.
2810 2278 3124 2345 ’Ἄνθρωποι
3158 2274 3265 2348 γὰρ
3316 2271 3439 2326 οὔτε
3470 2251 3796 2342 δραστήριοί

531 2377 653 2418 sese
685 2364 738 2417 in
770 2363 916 2418 hunc
945 2364 1165 2421 modum
1199 2378 1309 2418 non
1340 2364 1641 2428 dedissent,
1672 2381 1743 2420 ne
1774 2366 1853 2420 sic
1884 2364 2102 2435 quidem

2202 2387 2350 2434 τινες
2403 2372 2501 2439 τὴν
2552 2369 2736 2439 φύσιν,
2792 2368 2915 2423 οὔτε
2975 2368 3275 2429 πολιτικοῖς
3325 2380 3438 2417 τισι
3493 2361 3792 2433 πράγμασι

532 2452 610 2506 illi
662 2468 859 2524 magno
903 2455 1154 2508 azstimati
1191 2452 1444 2509 fuissent.
1477 2453 1662 2525 Usque
1692 2455 1827 2511 adeo
1868 2453 2105 2509 tenebris

2206 2462 2594 2533 συμμίξαντες,
2661 2463 2748 2515 ῖνα
2802 2461 2943 2515 τινά,
2998 2461 3107 2517 καὶ,
3149 2457 3452 2529 πρακτικὸν
3505 2452 3793 2523 ὀφθαλμὸν

421 2553 424 2556 ’
533 2553 589 2599 et
629 2544 841 2614 angulis
882 2545 1026 2613 digni
1077 2545 1153 2600 illi
1198 2545 1468 2608 homines.
1510 2546 1658 2600 nullo
1686 2545 1924 2617 ingenio,
1958 2560 2022 2597 nu

2206 2555 2417 2608 ἐκεῖθεν
2467 2555 2690 2615 ἑαυτοῖς
2737 2553 3092 2623 παράσχοιεν,
3146 2551 3244 2604 καὶ
3296 2548 3480 2618 κρίσιν
3527 2543 3796 2616 ἐμπειρίᾳ

499 2698 513 2705 _
532 2633 879 2698 dexteritate.
906 2635 971 2689 ad
1000 2635 1324 2706 eloquentiae
1348 2636 1795 2692 exercitationem
1827 2650 1946 2690 sese
1968 2650 2100 2690 con-

2207 2643 2640 2714 πεπορισμὲνην,
2674 2642 2766 2712 ὑφ’
2798 2635 2865 2713 ἧς
2887 2640 3103 2712 δρῶμεν
3130 2638 3357 2701 πολλοὺς
3388 2640 3483 2691 καὶ
3503 2635 3614 2689 τῶν
3645 2635 3796 2687 πάνυ

534 2730 798 2783 tulerunt.
829 2727 1021 2785 Omnis
1065 2731 1211 2785 enim
1256 2732 1496 2786 scientia:
1537 2738 1594 2785 et
1637 2730 1771 2791 artis
1816 2728 2104 2799 perfectio,

2207 2735 2560 2807 νωθροτάτην
2606 2732 2896 2805 εἰλοχότων
2947 2730 3046 2803 τὴν
3088 2731 3253 2800 φύσιν
3288 2726 3794 2798 ἀφνπνιζομένουε,

535 2827 788 2889 tanquam
825 2820 1180 2876 fundamento
1209 2831 1264 2878 et
1288 2823 1429 2887 basi,
1461 2832 1651 2878 natura
1675 2812 1947 2878 innititur.
1976 2820 2108 2888 Quae

2212 2827 2287 2889 ὡς
2320 2827 2515 2891 είπεῖν,
2568 2826 2665 2878 καὶ
2731 2822 3186 2894 ἀνεγειρομένους
3248 2819 3347 2890 ὀψέ
3401 2835 3556 2880 ποτε,
3590 2818 3688 2870 καὶ
3737 2816 3798 2876 ἐς

534 2925 671 2965 sana
707 2911 752 2965 si
776 2912 964 2991 fuerit,
998 2914 1251 2984 magnum
1282 2922 1366 2970 est
1395 2915 1461 2969 ad
1486 2915 1769 2970 scientiam
1802 2913 2109 2985 percipien-

2208 2920 2539 2985 ἀστειότητα
2569 2915 3094 2988 μετενηνεγμένους,
3130 2912 3408 2975 κάκείνοις
3445 2911 3546 2981 ἤδη
3604 2909 3801 2977 ἐγκρι-

534 3001 659 3056 dam
688 3003 1062 3075 adjumentum
1095 3023 1109 3060 :
1140 3005 1308 3062 veluti
1340 3005 1544 3061 ferrum
1574 3015 1629 3061 et
1658 3020 1754 3071 aes,
1786 3006 1929 3076 quod
1958 3005 2110 3059 fabro

2210 3011 2488 3082 νομένους,
2510 3004 2592 3074 οἷς
2624 3007 2787 3079 βουλὴ
2816 3006 2915 3061 καὶ
2945 3007 3126 3078 κρίσις
3151 3006 3390 3076 ἀνῆπται
3423 3001 3796 3072 πραγμάτων,

535 3090 696 3148 facile
740 3094 905 3149 cedit.
952 3095 1023 3150 At
1068 3095 1209 3150 idem
1260 3095 1695 3161 l'uttdamentum,
1735 3095 1783 3150 si
1834 3096 2109 3150 infirmum

2210 3102 2305 3155 καὶ
2336 3100 2388 3153 οῖ
2429 3100 2683 3167 γλῶσσαν
2736 3096 3051 3169 ἐξήσκησαν
3100 3098 3167 3151 ἐκ
3192 3096 3294 3166 τῆς
3323 3095 3432 3149 τῶν
3461 3091 3638 3149 ἄλλων
3666 3107 3799 3144 συν-

533 3184 721 3252 fuerit,
754 3187 1025 3256 pessimus
1071 3196 1156 3242 est
1202 3189 1466 3244 doctrina:
1514 3188 1751 3259 adjutor,
1795 3188 2111 3256 sociusque,

2211 3192 2556 3262 διαιτήσεως,
2581 3193 2694 3256 τοῖς
2730 3190 3164 3262 προτιθεμένοις.
3191 3188 3491 3249 πολιτικοῖς
3539 3185 3799 3254 ζητήμα-

535 3288 599 3331 ιιι
640 3279 713 3332 ita
741 3279 940 3346 dicam,
975 3281 1175 3338 noxius
1201 3292 1258 3337 et
1290 3281 1509 3337 inﬁdus.
1536 3281 1591 3336 ld
1621 3280 1766 3352 quod
1796 3278 1957 3333 bonis
1991 3278 2110 3333 istis

2215 3300 2302 3337 σιν
2347 3285 2406 3337 ἐν
2455 3282 2633 3354 καιρῷ
2687 3284 3016 3353 γινομένην·
3055 3282 3193 3336 ἀλλά
3213 3281 3420 3349 λόγοις,
3454 3278 3551 3332 καὶ
3585 3275 3803 3337 τούτοις

532 3369 671 3427 viris
697 3370 916 3437 accidit,
952 3371 1050 3441 ιι
1084 3371 1175 3442 qui
1207 3370 1321 3426 fere
1350 3372 1612 3442 segnibus
1635 3382 1692 3427 et
1727 3370 1995 3426 inertibus
2027 3371 2112 3425 in-

2212 3365 2579 3447 πλημμελῶς,
2611 3374 2753 3439 ἐξέτι
2787 3374 2908 3427 νέου
2941 3372 3236 3435 δεδωκότες
3269 3373 3381 3440 (ii)
3417 3371 3510 3424 καὶ
3564 3369 3706 3440 μόνῃ
3733 3370 3802 3437 τῇ

534 3465 712 3535 geniis
737 3465 972 3535 praediti,
1004 3466 1050 3521 si
1080 3466 1211 3536 quid
1237 3481 1305 3521 ex
1325 3465 1669 3522 institutione
1692 3466 1958 3521 doctrina:
1982 3482 2112 3522 con-

2210 3470 2419 3540 τούτων
2447 3469 2608 3540 σχολῇ
2636 3467 2732 3521 καὶ
2759 3466 2925 3539 τριϐῇ
2956 3465 3084 3529 τοὺς
3118 3467 3364 3536 μακροὺς
3409 3460 3802 3533 παραλλάξαν-

537 3558 709 3611 secuti
739 3564 889 3625 sunt,
926 3558 1190 3612 caducum
1224 3567 1404 3612 tamen
1440 3558 1570 3612 illud
1598 3567 1653 3612 et
1682 3558 1937 3614 maximis
1964 3558 2112 3613 vitiis

2295 3578 2304 3622 τ
2355 3562 2562 3631 ἡλίους,
2617 3559 2760 3613 οὕτω
2797 3558 2974 3627 κωφοὶ
3033 3556 3144 3615 τῶν
3175 3558 3266 3610 ἀεὶ
3313 3556 3678 3624 γιγνομένων,
3708 3556 3807 3605 τὶν

538 3647 884 3718 inquinatum
918 3650 1288 3718 protulerunt.
1338 3650 1452 3717 Ego
1486 3664 1616 3705 vero
1646 3650 1911 3720 quosdam
1960 3658 2115 3703 vete-

2214 3653 2432 3706 ἆπαντα
2469 3651 2830 3723 διεμέτρησαν
2868 3649 3005 3720 βίον.
3038 3649 3101 3701 Ei
3125 3648 3181 3701 δὲ
3213 3646 3347 3717 μηδέ
3374 3647 3588 3708 τούτοις
3621 3647 3804 3698 οὑτω-

539 3753 662 3793 rum
695 3740 1001 3810 sapientum
1035 3740 1239 3796 dixisse
1278 3742 1463 3807 audio,
1509 3741 1575 3796 iis
1618 3740 1711 3811 qui
1759 3742 1825 3796 ad
1874 3740 2116 3796 scriben-

2216 3743 2269 3796 σί
2290 3761 2406 3808 πως
2441 3743 2662 3804 ἐδίδουν,
2687 3742 2837 3795 οὐδὲν
2867 3742 3012 3812 μέγα
3039 3741 3100 3794 τὸ
3127 3740 3352 3793 ἐκείνων
3384 3741 3635 3809 ὑπῆρχεν
3667 3739 3804 3790 ἀντ-

541 3830 1005 3899 dum’adiecerint
1037 3833 1303 3895 animum,
1336 3833 1507 3887 bonos
1550 3833 1789 3902 pictores
1832 3847 1952 3887 esse
1988 3833 2114 3887 imi-

2216 3836 2466 3906 ἁλλαγμα
2504 3836 2653 3907 (15)⁶
2703 3834 2844 3888 οὑτω
2875 3833 3055 3886 σκότει
3089 3833 3180 3886 καὶ
3210 3833 3383 3904 γωνίᾳ
3433 3832 3579 3901 μάλα
3623 3847 3806 3900 προσ-

543 3925 743 3979 tandos
788 3924 930 3995 :qui
982 3926 1028 3980 si
1079 3925 1435 3996 archetypum
1489 3925 1672 3995 aliquo
1718 3935 1928 3982 natura:
1981 3927 2115 3982 vitio

2214 3929 2437 3999 ήκοντες
2485 3928 2537 3980 οἱ
2605 3926 2882 3996 ἅνθρωποι
2934 3926 3035 3979 οὑκ
3088 3923 3304 3993 εὐφυῶς
3356 3922 3462 3976 οὐδ’
3511 3921 3807 3993 εὐρύθμως

542 4016 774 4082 laboret,
807 4017 922 4074 sive
953 4033 1181 4074 excessu
1229 4019 1343 4073 sive
1382 4018 1595 4073 defectu
1637 4020 1873 4089 partium
1920 4035 2117 4090 corpo-

2216 4020 2275 4083 ις
2300 4018 2525 4088 τὴντῶν
2556 4018 2730 4089 λόγων
2757 4017 3011 4072 ἐὸάδισαν
3050 4016 3309 4086 ἄσκησιν.
3349 4015 3506 4068 Πᾶσα
3541 4012 3807 4083 γὰρέπι-

541 4114 639 4176 ris,
674 4128 780 4167 non
813 4112 865 4168 id
905 4122 1076 4167 totum
1113 4113 1168 4166 in
1220 4113 1429 4184 pictura
1481 4112 1734 4184 imaginis
1782 4113 2113 4183 exprimunt,

2219 4113 2401 4181 στήμη
2446 4110 2542 4163 καὶ
2586 4110 2752 4181 τέχνη
2798 4108 3053 4179 καθάπερ
3101 4106 3338 4178 θεμελίῳ
3383 4109 3478 4158 καὶ
3530 4105 3690 4173 βάσει
3739 4108 3810 4176 τῇ

540 4203 634 4260 sed
664 4204 858 4273 partim
894 4205 1113 4275 quidem
1154 4204 1220 4259 ad
1267 4204 1682 4260 similitudinem
1717 4208 2114 4263 ostendendam

2217 4203 2377 4273 φύσει
2409 4205 2507 4275 τὴν
2543 4204 2748 4274 ἑαυτῆς
2776 4201 3086 4256 συντέλειαν
3134 4199 3505 4268 ἐποικοδομεῖ.
3542 4199 3645 4251 ’Ἂν
3673 4196 3814 4266 γοῦν

540 4294 817 4363 inserunt,
844 4295 1041 4367 partim
1083 4310 1212 4351 vero
1243 4303 1600 4366 prmtereunt,
1633 4310 1705 4351 ne
1734 4296 1818 4352 vel
1855 4308 2116 4368 perpetua

2217 4298 2251 4367 ἡ
2275 4296 2437 4365 φύσις
2462 4297 2783 4365 ὑγιαίνουσα
2800 4291 2858 4368 ᾗ,
2890 4296 3030 4364 μέγα
3061 4292 3198 4362 πρὸς
3226 4291 3568 4361 κατόρθωσιν
3591 4290 3816 4358 γίνεται

542 4387 611 4441 sit
638 4386 891 4459 imaginis
914 4386 1254 4452 deformitas,
1290 4387 1372 4441 vel
1402 4396 1614 4443 natura:
1649 4390 1909 4458 probrum
1944 4392 2119 4461 quod-

2218 4392 2317 4456 τῆς
2363 4392 2675 4461 ἐπιστήμης
2725 4388 2973 4457 ἐφόδιον·
3004 4384 3256 4454 καθάπερ
3315 4370 3411 4436 καὶ
3442 4382 3665 4451 σίδηρος
3713 4384 3816 4435 καὶ

543 4478 666 4533 dum
698 4479 875 4534 oculis
901 4493 1120 4550 semper
1148 4479 1493 4544 obversetur,
1528 4493 1592 4533 ac
1626 4479 1964 4534 derisoribus
2006 4481 2114 4550 joci

2220 4483 2419 4554 χαλκὸς
2445 4481 2644 4553 ῥᾳδίως
2680 4478 2925 4532 ὑπείκων
2952 4475 3030 4547 τῷ
3062 4474 3410 4545 χαλκοτὺπῳ.
3444 4474 3545 4527 ’Ἂν
3569 4474 3615 4526 δ’
3642 4476 3673 4527 ὁ
3708 4475 3818 4543 τῆς

541 4579 597 4624 et
639 4581 837 4643 satyraa
870 4569 1155 4625 materiam
1197 4568 1458 4640 prmbeat.
1503 4569 1576 4622 At
1617 4570 1863 4639 praeclari
1896 4570 1986 4625 isti
2030 4572 2117 4627 vel

2222 4573 2438 4657 φύσεως
2475 4569 2722 4631 ἀσθενῶς
2763 4568 2862 4641 ἔχῃ
2892 4567 3161 4638 θεμέλιος,
3209 4569 3472 4629 κάκιστος
3510 4564 3817 4637 ἐπίκουρος

1878 4682 2213 4746 Variorum
2248 4693 2438 4748 ιιυιω.

611 4806 1162 4881 (ll)_Quo_spectant
1188 4822 1309 4881 qua:
1358 4805 1523 4881 liabet
1551 4806 1648 4863 Dio
1678 4808 1735 4863 in
1766 4809 2034 4881 Augusto,
2064 4820 2121 4866 et

2228 4828 2352 4871 esse
2380 4825 2683 4881 pronomen
2718 4808 2966 4872 ἑαυτούς.
2999 4807 3309 4881 Certepost
3342 4808 3568 4863 verbum
3601 4809 3819 4865 διδόναι

541 4895 607 4934 ex
622 4876 703 4951 eo
733 4876 1083 4951 Xiphilinusz
1114 4878 1226 4930 Καὶ
1250 4877 1583 4951 κλατᾲᾴτοῦτο
1611 4880 1781 4951 πολλά
1816 4876 1917 4950 μὲν
1948 4880 2007 4932 οὑ
2039 4897 2122 4948 γι-

2229 4876 2434 4951 passiin
2472 4879 2942 4951 apud.Grcgoram
2972 4876 3297 4951 subauditur
3333 4894 3667 4951 pronomen.
3706 4881 3821 4936 Ex-

544 4950 788 5019 γνόμενα
816 4947 1151 5021 θρυλλεῖται,
1178 4946 1349 5021 πολλὰ.
1372 4946 1428 5021 δὲ
1456 4950 1551 5021 καὶ
1579 4950 1719 5021 πάνυ
1750 4946 2118 5021 συμϐαίνοντα

2226 4946 2423 5021 empla
2456 4946 2645 5014 habes,
2695 4946 2788 5004 lib'.
2840 4965 2916 5013 v1,
2967 4947 3179 5021 cap.A6,
3222 4946 3474 5021 sect._}_;
3536 4948 3634 5021 lib.
3687 4966 3816 5019 vm,

545 5017 863 5088 ἀγνοεῖται,
883 5018 1062 5089 πάντα
1107 5017 1186 5081 δὲ,
1358 5018 1558 5074 εἰπεῖν.
1606 5019 1779 5080 ἄλλως
1817 5017 1933 5081 πως
1973 5019 2005 5088 ἢ
2044 5019 2120 5089 ὡς

2225 5017 2347 5089 cap.
2396 5020 2449 5086 5,
2504 5029 2639 5075 sect.
2672 5021 2737 5085 l;
2786 5027 2843 5074 et
2900 5027 3036 5074 sect.
3088 5017 3142 5082 8,
3191 5033 3312 5088 pag.
3369 5017 3519 5083 19!;
3577 5018 3681 5075 lib.
3732 5017 3819 5088 ιι,

541 5087 848 5159 πράττεται
880 5087 1232 5159 διαθροεῖται.
1256 5088 1573 5159 Ducum-3
1595 5091 1663 5159 Ἃ
1684 5089 1831 5159 ,παρ’
1859 5087 2119 5159 ὁτουοῦν

1480 5117 1573 5159 ,ξε
1595 5091 1663 5159 Ἃ
1684 5089 1831 5159 ,παρ’
1859 5087 2119 5159 ὁτουοῦν
2223 5087 2348 5159 cap.
2382 5090 2436 5154 1,
2468 5099 2604 5146 sect.
2640 5088 2696 5152 4.
2729 5097 2837 5143 etc.
2874 5089 3081 5159 Βοινιιι.

542 5156 940 5228 ἠκηκόεισαν.
988 5156 1065 5213 Ita
1115 5159 1237 5213 cod.
1293 5157 1426 5227 Reg.
1474 5157 1638 5228 2078.
1682 5156 1915 5228 Wolﬁus
1963 5158 2115 5227 legit,
2295 5156 2410 5228 (15)
2440 5160 2617 5213 Davus
2638 5174 2776 5224 sum,
2803 5158 3093 5228 inquitjlle
3116 5158 3171 5212 in
3198 5158 3485 5228 comoedia,
3508 5174 3616 5212 non
3638 5158 3825 5216 (Edi-

544 5226 687 5299 ἆπερ
716 5236 807 5301 υτἒ
839 5230 932 5298 ἡκ.
966 5237 1025 5284 ut
1054 5228 1266 5301 legitur
1296 5229 1350 5301 in
1378 5226 1501 5283 eod.
1534 5227 1669 5299 Reg.
1701 5228 1864 5283 2558.
1901 5227 2116 5283 Botvnv.
2219 5226 2340 5301 pus.
2377 5229 2461 5284 Me
2496 5243 2652 5292 vero,
2682 5243 2806 5301 cum
2838 5227 2893 5280 in
2929 5226 3226 5297 Sphingem
3258 5227 3594 5301 incidissem,
3640 5230 3822 5286 (Edi-

618 5297 727 5370 (12)
765 5297 1182 5370 νοτίδι-τιμηταὶ
1199 5298 1302 5370 illa
1329 5297 1809 5354 immatura—aetate
1838 5315 2120 5370 perperam
2219 5297 2348 5370 pum
2373 5314 2496 5355 esse
2518 5298 2786 5370 Oportuit,
2812 5311 3140 5370 quocunque
3164 5307 3386 5370 eventu.
3412 5297 3646 5370 Gratum
3676 5302 3825 5355 mihi

543 5366 954 5440 descripserunt.
981 5368 1090 5424 Sed
1124 5368 1338 5423 videtur
1365 5366 2121 5440 ιυεειιιιιιιιι,ἑαυτοὺςδεδω-
2217 5366 2450 5440 facient,
2508 5366 2604 5438 qui
2644 5370 2917 5440 gnigtna
2952 5366 3058 5440 hoc
3107 5366 3387 5440 dexterius
3449 5368 3821 5440 explicarint.

544 5435 739 5505 κότεςὶ
771 5454 1007 5506 cultique
1032 5435 1549 5508 sensum'expréssi.
1574 5438 1849 5508 WOLrtus.
1877 5467 1948 5479 -—
1975 5437 2125 5494 Wul—
2215 5438 2499 5495 Woutus.
2528 5435 2605 5478 ἰ·-
2644 5435 2876 5508 Wolﬁus
2905 5436 3009 5490 hoc
3039 5435 3158 5508 loco
3192 5435 3395 5508 Davum
3433 5452 3495 5491 se
3523 5438 3644 5506 ipse
3679 5456 3825 5508 pro-

549 5514 650 5567 [ius
682 5500 838 5581 putat
882 5500 1169 5581 legendum
1201 5524 1329 5581 esse
1354 5500 1603 5581 ’ἑαυτοὺς
1654 5507 1972 5581 δεὸῶκότες.
2016 5509 2123 5563 Sed

2220 5511 2428 5564 litetur.
2478 5508 2590 5581 Ego
2624 5506 2783 5568 verti,
2807 5500 3017 5581 .Verum
3062 5505 3158 5558 etsi
3191 5500 3399 5581 tuteris
3432 5500 3567 5581 totos
3601 5500 3720 5581 ςιὶἐε
3758 5512 3821 5564 in

547 5583 624 5639 nit
662 5574 889 5635 necesse
914 5574 1016 5634 est.
1059 5579 1193 5633 Nam
1224 5579 1446 5634 verbum
1476 5578 1773 5643 δεδωκότες
1803 5579 1994 5634 referri
2023 5584 2122 5648 po-

2224 5581 2354 5633 intnc
2399 5574 2612 5631 modum
2644 5590 2751 5629 non
2782 5574 3096 5648 dedissent,_
3120 5575 3508 5648 subaudiendo
3539 5578 3672 5641 τοὺς
3709 5598 3825 5648 μα-

547 5598 624 5639 ιιιι
662 5598 889 5635 necesse
914 5598 1016 5634 εει.
1059 5598 1193 5633 nam
1224 5598 1446 5634 νει-υυιιι
1476 5598 1773 5643 οεοωκοτες
1803 5598 1994 5634 ΙῚῗΙΘΙΊἸ
2023 5598 2122 5648 ΡΟ*

547 5663 655 5724 test
701 5650 768 5705 ad
801 5651 1051 5720 μακροὺς
1103 5651 1323 5724 ﬁlictis;
1364 5660 1422 5703 ut
1452 5650 1791 5724 constructio
1827 5650 1917 5724 sit.
1951 5650 2118 5724 δεδως-

2220 5598 2354 5633 nunc
2399 5598 2612 5631 ιποαιιιιι
2644 5598 2751 5629 nou
2782 5598 3071 5637 αειιισδειιι,
3120 5598 3508 5630 δυυῖιιιωωιυυ
3539 5598 3672 5641 τους
3754 5598 3821 5633 α·

2220 5650 2387 5724 κροὺς
2419 5648 2628 5724 ῄλίους,
2670 5644 2817 5724 quod
2849 5643 3146 5724 praecessit.
3194 5643 3577 5724 Nuncuautent
3618 5598 3821 5724 malim

547 5723 707 5784 κότες
736 5714 862 5785 τοὺς
914 5714 1159 5791 μακροὶἱς
1205 5721 1395 5791 ἡλίους
1428 5723 1491 5790 τῇ
1518 5722 1724 5791 τοὺτων
1759 5719 1945 5790 σχολῇ,
2002 5719 2122 5773 totis

2227 5714 2526 5791 subaudire
2571 5717 2821 5791 ἑαυτοὺς,
2860 5724 2916 5767 et
2958 5714 3049 5791 sic
3084 5724 3325 5791 vertere._
3359 5714 3549 5791 Verum
3582 5720 3690 5772 etsi
3728 5720 3828 5773 lit-

546 5795 582 5849 ιι
606 5794 728 5846 cbua
756 5792 811 5845 in
840 5784 1161 5845 earum'otio
1189 5784 1529 5859 οόιιειιιιῳιῖζς.
1566 5790 1747 5845 Facile
1781 5784 1961 5843 tanien
1996 5804 2119 5844 cre-
2224 5789 2352 5843 teris
2388 5796 2522 5840 totos
2541 5784 2731 5859 δεθείη
2762 5785 2900 5837 hunc
2931 5784 3141 5838 modum
3163 5800 3267 5839 non
3291 5784 3584 5856 dedissent,
3613 5790 3826 5846 eodem

548 5864 800 5928 dider'un,
827 5878 936 5918 non
968 5863 1256 5932 legendum
1288 5854 1528 5931 quidem,
1558 5862 1652 5917 sed
1685 5860 2121 5916 subaudiendum
2172 5868 2183 5873 ‘
2224 5860 2381 5922 plane
2415 5872 2605 5913 sensu.
2641 5854 2856 5911 Bomtv.
