4054 6608
263 406 364 470 133

505 401 580 472 [Δ.
617 416 665 458 c.
691 402 830 458 ιεοι
867 419 932 459 ιι)
968 401 1134 476 me}
1184 375 1190 382 ’
1279 409 1724 472 BYZANTlN/E
1763 411 1850 471 Hl

1952 409 2154 471 0R”!
2191 411 2333 473 LIB.

2647 403 2784 477 (me.
2815 418 3012 460 rnson.
3041 403 3215 474 use]

3400 408 3497 470 13l

258 517 350 586 τὴν
381 513 775 585 βασιλεύουσαν
821 515 1214 586 ἐξεπόρθησαν.
1248 517 1423 589 Τριχῆ
1453 517 1499 572 δ’
1542 517 1712 588 αὐτὴν
1749 517 1828 571 δι-

1952 529 2354 590 :xpugnassent,
2390 519 2678 589 imperium
2716 518 2994 586 tripartito
3033 521 3176 572 inter
3205 533 3262 574 se
3294 518 3503 574 divise-r

259 607 520 676 ελόμενοι,
555 605 892 676 διενείμαντο
917 607 1058 661 κατὰ
1096 609 1256 677 σφᾶς,
1279 609 1308 660 ὃ
1342 625 1401 662 τε
1431 609 1606 680 κόμης
1659 609 1828 664 Φλάυ-

259 701 385 768 δρας
417 698 754 764 Βαλδουῖνος,
782 702 878 755 καὶ
915 703 943 754 ό
975 699 1154 771 κόμης
1184 701 1359 771 Πλέης
1411 701 1658 764 Δολόῖκος
1689 703 1827 774 (Sir

265 793 422 861 μόνος
445 791 502 843 δὲ
525 791 1025 862 Μοντησφεράντας
1079 795 1376 864 μαρκέσιος
1422 794 1523 864 ρὴξ
1559 796 1830 849 ἀποδέδε-

262 899 383 935 κται
407 882 809 952 Θεσσαλονίκης
836 885 930 936 καὶ
981 885 1090 938 τῶν
1153 886 1411 942 ἐπέκεινα
1433 903 1447 920 ο
1485 887 1734 957 βασιλεὺς
1785 889 1828 940 δ’

261 974 317 1040 ἐξ
351 975 532 1027 αὐτῶν
567 976 904 1045 ἁνηγόρευτο
967 977 1285 1044 Βυξαντίδος
1316 981 1345 1031 ό
1392 969 1739 1045 Βαλδουῖνοςο
1771 979 1827 1043 ὃς

265 1065 420 1128 εὐθὺς
444 1070 540 1120 καὶ
592 1069 733 1122 κατὰ
767 1069 874 1123 τῶν
925 1069 1199 1140 ἐσπερίων
1246 1071 1535 1142 ἐξώρμησε
1599 1072 1826 1135 πόλεων,

264 1159 378 1210 ὅσαι
411 1159 538 1226 περὶ
564 1160 788 1230 Θρᾴκην
841 1162 1106 1231 σποράδες
1151 1161 1278 1222 εἰσί.
1317 1162 1425 1216 Καὶ
1473 1163 1674 1226 ταύτας
1733 1163 1833 1230 μὲν

262 1248 357 1317 τὴν
397 1249 667 1319 ταχίστην
727 1249 943 1312 ἁπάσας
1004 1249 1165 1312 αὐτὸς
1226 1252 1627 1319 παρεστήσατο.
1674 1250 1733 1303 '0
1776 1252 1834 1305 δὲ

266 1342 762 1412 ιιοντησφεράντης
837 1338 1134 1410 μαρκέσιος
1215 1343 1375 1411 μέχρι
1440 1340 1836 1412 Θεσσαλονίκης

265 1436 353 1502 τὴν
387 1434 578 1502 ἔφοδον
621 1431 1006 1501 ποιησάμενος,
1044 1433 1135 1486 καὶ
1183 1433 1385 1504 ταύτης
1416 1433 1701 1503 γενόμενος
1743 1436 1837 1503 ἐγ-

265 1526 490 1598 κρατὴς,
555 1527 730 1596 ῥᾷστα
800 1525 1052 1595 καθάπερ
1121 1526 1252 1595 me
1295 1527 1502 1580 ἐκεῖθεν
1545 1528 1840 1597 ἐπενέμετο

268 1621 440 1682 πάσας
467 1621 566 1681 τὰς
598 1617 782 1688 πρόσω
805 1616 996 1688 κώμας
1021 1618 1118 1670 καὶ
1167 1619 1371 1685 πόλεις,
1397 1619 1501 1682 ἔως
1549 1623 1640 1673 καί
1674 1620 1840 1687 αὐτῆς

265 1713 433 1786 ἐπέϐη
455 1713 555 1782 τῆς
585 1713 752 1782 νήσου
785 1709 878 1764 τοῦ
918 1711 1171 1786 Πέλοπος.
1218 1712 1322 1765 Τὸν
1357 1712 1454 1780 μὲν
1502 1711 1567 1782 δὴ
1598 1711 1842 1766 ἐνιαυτὸν

267 1806 470 1858 ἐκεῖνον
507 1803 743 1873 εὖδρομα
773 1804 843 1854 τά
885 1801 1132 1858 Λατίνων
1186 1802 1400 1871 ἐχώρει.
1444 1802 1842 1871 Ὠνειροπόλουν

1927 620 2056 666 runt
2088 612 2382 666 Balduinus
2419 626 2602 667 comes
2649 605 2933 676 Flandriaa,
2974 609 3284 665 Ludovicus
3317 627 3507 668 comes

1929 702 2219 764 Blesensis,
2251 713 2304 756 et
2328 701 2714 756 Montisferrati
2747 703 3010 758 tnarchio.
3039 702 3216 772 Atque
3244 703 3331 757 hic
3354 705 3504 759 solus

1931 795 2334 850 Thessalonica
2366 803 2422 849 et
2448 794 2810 864 aijacentium
2855 795 3095 849 locorum
3137 811 3231 849 rex
3273 804 3354 851 est
3406 795 3504 850 de-

1931 887 2185 943 claratus.
2233 888 2532 957 Imperator
2557 897 2737 942 autem
2792 887 3034 957 Byzantii
3069 903 3132 941 ex
3181 888 3246 942 iis
3286 896 3502 944 creatus

1931 979 2232 1036 Balduinus
2262 979 2444 1033 statim
2498 988 2686 1033 contra
2728 977 3104 1033 Occidentales
3152 979 3335 1042 urbes,
3380 995 3504 1049 quae

1932 1086 2136 1125 circum
2171 1069 2456 1124 Thraciam
2491 1071 2720 1138 sparsim
2754 1080 3071 1132 occurrunt,
3094 1071 3280 1133 movit,
3304 1085 3504 1140 easque

1933 1176 2122 1217 omnes
2145 1161 2430 1216 celerrime
2469 1160 2743 1216 deditione
2777 1161 2940 1230 cepit.
2982 1161 3370 1216 Montisferrati
3405 1179 3506 1216 au-

1937 1261 2043 1306 tem
2076 1249 2314 1306 Marcliio
2342 1250 2780 1306 Thessalonicam
2811 1265 2981 1320 usque
3023 1266 3360 1321 progressus,
3404 1267 3502 1307 ea-

1935 1357 2042 1412 que
2092 1342 2318 1412 potitus,
2367 1341 2617 1397 facillime
2653 1344 2822 1397 instar
2866 1341 3102 1396 incendii
3156 1342 3281 1397 inde
3313 1358 3510 1398 omnes

1940 1435 2224 1490 ulteriores
2269 1451 2433 1505 pagos
2487 1445 2541 1490 et
2587 1435 2750 1489 urbes
2806 1426 2892 1488 est
2939 1443 3289 1504 pervagatus,
3333 1436 3509 1490 donec

1939 1526 2110 1596 ipsam
2136 1525 2568 1596 Peloponnesum
2615 1526 3010 1596 ingrederetur.
3047 1529 3125 1580 Ac
3155 1529 3247 1581 illo
3288 1528 3506 1596 quidem

1940 1633 2084 1672 anno
2116 1633 2203 1672 res
2244 1616 2562 1671 Latinorum
2595 1619 2835 1672 secundo
2889 1632 3054 1673 cursu
3102 1629 3510 1686 processerunt.

1942 1711 2011 1763 At
2037 1724 2168 1763 vero
2197 1707 2252 1762 in
2280 1724 2481 1762 annmn
2515 1718 2828 1778 sequentem
2860 1708 3202 1762 somniabant
3231 1724 3289 1764 se
3313 1707 3510 1764 Orien-

1945 1808 2051 1854 tem
2085 1800 2261 1870 ipsum
2297 1799 2601 1864 invasuros,
2631 1809 2686 1854 et
2725 1801 2906 1854 omnia
2941 1800 3049 1854 illic
3082 1801 3137 1854 in
3183 1807 3502 1868 potestate-tn

265 1912 322 1964 γε
355 1896 466 1966 μὴν
487 1896 546 1958 ἐς
577 1871 797 1948 τούπιὸν
826 1893 943 1956 ἔτος
971 1893 1066 1946 καὶ
1128 1894 1298 1962 αὐτῆς
1337 1893 1591 1962 ἐπιϐῆναι
1619 1893 1716 1962 τῆς
1741 1893 1836 1959 ἔω,

1952 1909 2098 1948 suam
2133 1893 2470 1960 redacturos,
2517 1893 2660 1947 adeo.
2693 1902 2751 1946 ut
2799 1893 2943 1948 nulla
2995 1892 3252 1946 Romanis
3295 1891 3510 1961 imperii

266 1989 360 2039 καὶ
414 1985 702 2056 ὑποχείρια
761 1986 936 2038 πάντα
999 1984 1328 2051 ποιήσασθαι
1377 1983 1444 2036 τὰ
1499 1985 1698 2048 ἐκεῖσε,
1759 1983 1836 2046 ώς

272 2078 434 2148 μηδὲν
487 2077 568 2130 ἔτι
601 2075 890 2146 Ῥωμαίοις
925 2076 1098 2146 ἀρχῆς
1152 2076 1483 2143 ὑπέκκαυμα
1534 2074 1833 2129 λείπεσθαι.

269 2171 374 2225 Καὶ
405 2171 508 2240 μὲν
523 2171 587 2238 δὴ
619 2165 748 2240 ἦρος
774 2169 1114 2233 ἐπιστάντος,
1151 2168 1236 2241 [Ρ.
1273 2168 1329 2240 8]
1361 2168 1623 2222 Λατινικὰ
1679 2185 1839 2238 στρα-

267 2263 513 2332 τεύματα
539 2260 985 2330 διαπεραιοῦσθαι
1013 2261 1146 2332 πρὸς
1180 2261 1257 2316 ἔω
1302 2261 1389 2315 διὰ
1426 2261 1651 2332 μελέτης
1701 2256 1847 2328 εἶχον

270 2355 379 2422 ἅμα
417 2353 573 2421 αὐτῷ
602 2353 927 2420 Βαλδουίνῳ.
945 2353 1094 2422 Τάχα
1112 2351 1226 2406 δ’ἂν
1245 2353 1336 2405 καὶ
1353 2352 1501 2407 διεπε
1511 2351 1714 2422 ραιώθη
1724 2367 1842 2415 σαν,

270 2445 365 2499 καὶ
419 2445 492 2499 τὰ
538 2445 740 2514 ἔσχατα
785 2446 882 2514 τῆς
927 2444 1199 2508 ἀπωλείας
1235 2446 1347 2507 τοῖς
1379 2444 1678 2508 ἐπιλοίποις
1715 2443 1851 2496 Ῥω-

275 2534 452 2606 μαίοις
511 2535 839 2603 ἐπήνεγκαν,
887 2537 934 2588 εί
989 2537 1064 2606 μὴ
1109 2537 1358 2605 καθάπερ
1412 2531 1547 2606 ἦχος
1604 2534 1850 2604 μεγάλης

1945 1983 2299 2053 recuperandi
2331 1999 2455 2054 spes
2499 1985 2919 2053 relinqueretur.
2965 1984 3152 2054 Itaque
3177 2000 3306 2038 vere
3347 1999 3514 2053 appe-

1949 2084 2096 2130 tente
2150 2073 2463 2131 Latinorum
2501 2082 2673 2146 copia:
2715 2077 2772 2131 in
2813 2075 3086 2133 Orientem
3131 2077 3374 2147 trajicere
3404 2091 3514 2130 una

1944 2184 2068 2224 cum
2103 2169 2220 2237 ipso
2270 2167 2531 2222 Balduino
2564 2169 2846 2238 parabant.
2888 2169 2962 2220 Ac
3012 2167 3236 2221 forsitan
3271 2166 3516 2236 trajecis-

1945 2269 2068 2315 scut
2095 2271 2146 2314 et
2180 2258 2548 2312 Romanorum
2597 2259 2850 2327 reliquias
2881 2259 3255 2313 internecione
3283 2257 3515 2312 delevis-

1947 2364 2088 2416 sent,
2119 2351 2222 2406 nisi
2261 2351 2574 2421 derepente,
2619 2352 2785 2406 veluti
2823 2352 2998 2420 magni
3041 2351 3273 2404 tonitrus
3312 2349 3517 2418 fragor,

1951 2443 2221 2515 Bulgarici
2268 2453 2447 2498 motus
2491 2453 2662 2498 terror
2694 2444 2955 2514 impetum
3005 2442 3218 2498 illorum
3253 2441 3518 2496 retardas-

1951 2544 2054 2590 set.

273 2629 503 2700 βροντῆς
528 2629 783 2701 ἐξαίφνης
803 2631 837 2701 ἠ
862 2631 1203 2701 Βουλγαρικὴ
1244 2631 1404 2703 φήμη
1423 2631 1850 2702 καταρραγεῖσα,
1884 2629 2105 2694 τούτους
2135 2628 2394 2702 ἐξέπληξέ
2460 2620 2518 2683 τε
2583 2630 2677 2684 καὶ⁵
2717 2630 2814 2701 τὴν
2846 2629 3047 2684 τούτων
3098 2629 3274 2700 ὁρμὴν
3303 2628 3522 2698 ἀνεχαί-

271 2741 442 2780 τισεν.

343 2829 419 2877 Δ’.
467 2823 528 2877 ’0
577 2823 686 2894 γάρ
733 2841 816 2878 τοι
869 2821 964 2878 τοῦ
1013 2824 1232 2896 πρώτου
1291 2825 1455 2880 Ἀσέιν
1507 2826 1729 2896 ἀδελφὸς
1765 2828 1862 2881 καὶ

272 2913 517 2984 διάδοχος
553 2916 804 2980 Ἰωάννης
822 2919 1028 2980 πάντας
1052 2919 1173 2982 τοὺς
1209 2917 1312 2972 ὑπὸ
1348 2922 1502 2990 χεῖρα
1519 2919 1860 2991 Βουλγάρους

278 3009 738 3078 στρατολογήσας,
771 3010 1107 3080 ἐπαγόμενος
1138 3009 1192 3063 δὲ
1224 3010 1318 3065 καὶ
1350 3011 1733 3083 μισθοφορικὸν
1760 3012 1858 3066 οὐκ

275 3095 461 3163 ὀλίγον
495 3097 559 3149 ἐκ
592 3097 715 3168 τῶν,
753 3098 902 3164 παρὰ
955 3097 1023 3151 τὰ
1073 3097 1258 3172 βόρεια
1305 3101 1446 3172 μέρη
1504 3101 1597 3155 τοῦ
1642 3100 1854 3173 Ἰστρου

278 3187 530 3252 Σκυθῶν,
565 3191 757 3258 καιρὸν
786 3188 932 3258 ἔχειν
956 3189 1170 3260 ἔκρινεν
1229 3191 1512 3247 ἐπιθέσθαι
1541 3194 1660 3256 ταῖς
1705 3192 1852 3264 Θρᾳ-

279 3281 467 3343 κικαῖς
499 3280 716 3349 κώμαις
781 3284 877 3336 καὶ
937 3283 1174 3350 πόλεσιν,
1204 3285 1262 3337 ἐν
1317 3284 1456 3357 ζάλῃ
1511 3286 1600 3339 καὶ
1643 3285 1854 3358 θορύϐῳ

283 3373 484 3445 μακρῷ
508 3373 616 3426 τῶν
646 3375 968 3443 Ῥωμαϊκῶν
992 3377 1290 3446 τηνικαῦτα
1309 3377 1649 3448 πραγμάτων
1669 3378 1855 3442 ὄντων,

281 3465 375 3515 καὶ
402 3463 515 3516 τῶν
545 3464 785 3517 Λατίνων
819 3468 876 3518 ἐν
913 3465 1089 3530 ἄλλοις
1121 3467 1551 3539 σπουδαιοτέροις
1581 3485 1862 3537 περισπω-

285 3555 489 3623 μένων.
528 3555 692 3608 Ὅθεν
750 3556 964 3629 ἀνάγκη
1020 3547 1459 3628 συνειλημμένοί
1485 3561 1730 3632 τοιαύτῃ,
1758 3560 1860 3630 τὴν

283 3643 451 3700 οὖσαν
478 3649 773 3720 Λατινικὴν
801 3651 1088 3704 ἀναλαϐεῖν
1119 3651 1362 3719 ἔγνωσαν
1389 3652 1616 3724 δύναμιν
1641 3653 1860 3708 ἅπασαν

286 3735 605 3800 Βαλδουῖνὸς
633 3755 690 3792 τε
721 3739 814 3792 καὶ
869 3741 920 3792 οί
981 3743 1076 3796 σύν
1114 3759 1178 3810 γε
1211 3744 1358 3815 αὐτῴ
1410 3745 1509 3815 τὴν
1568 3747 1860 3817 ἡγεμονίαν

283 3829 654 3900 διαλαχόντες,
685 3833 972 3903 καὶμέχρι
1013 3837 1108 3886 καὶ
1135 3836 1191 3898 ἐς
1240 3837 1308 3890 τὰ
1360 3835 1460 3906 τῆς
1526 3829 1861 3908 Ὀρεστιάδος

289 3919 571 3990 ίππήλατα
599 3923 1148 4001 κατεσπουδασμένην
1185 3926 1306 3980 τινὰ
1354 3926 1454 3997 τὴν
1506 3927 1862 3998 ἐκστρατείαν

285 4012 642 4083 ποιήσασθαι.
675 4006 752 4066 Οὔ
777 4016 1088 4087 γενομένου,
1117 4018 1254 4088 πρὸς
1290 4019 1468 4089 μάχην
1524 4021 1862 4092 ἑκατέρωθεν

286 4107 405 4158 ἐκεῖ
466 4111 738 4178 περιφανῆ
797 4108 867 4161 τὰ
933 4111 1316 4184 στρατεύματα
1375 4115 1702 4186 συνερῤάγη,
1767 4114 1862 4168 καὶ

286 4197 462 4260 πολὺς
492 4197 877 4267 ἀμφοτέρωθεν
936 4200 1142 4267 ἐγίνετο
1173 4201 1352 4270 φόνος,
1393 4203 1683 4274 εὐρώστως
1715 4206 1861 4273 ἁ-γω-

286 4285 586 4355 νιζομένων
623 4287 878 4341 ἁπάντων
912 4289 1074 4358 μέχρι
1103 4289 1196 4343 καὶ
1217 4291 1274 4353 ἐς
1291 4290 1455 4344 πολύν
1481 4308 1601 4344 τινα
1648 4292 1859 4362 χρόνονο

286 4375 384 4444 ὀψὲ
417 4375 466 4430 δ’
495 4377 736 4444 ἐγκλῖναι
775 4379 885 4440 τοῖς
918 4377 1246 4452 Βουλγάροις
1299 4381 1734 4449 συνεπεπτώκει,
1765 4384 1862 4435 οὐκ

287 4464 562 4521 οἷδ’όπότε
573 4485 681 4538 ρον,
702 4469 808 4522 εἴτε
839 4468 936 4539 τὴν
959 4469 1065 4522 τῶν
1089 4471 1330 4524 Λατίνων
1350 4472 1409 4525 οὐ
1437 4473 1580 4542 μάλα
1605 4475 1862 4541 γενναίως

2030 2821 2122 2880 ιν.
2154 2820 2289 2877 Nam
2327 2821 2487 2894 primi
2532 2822 2728 2878 Asanis
2758 2822 2921 2877 frater
2958 2830 3013 2877 et
3054 2837 3336 2878 successor
3361 2821 3524 2878 Joan-

1956 2930 2076 2982 nes,
2108 2915 2210 2985 15
2264 2916 2484 2971 delectu
2519 2931 2582 2971 ex
2623 2916 2877 2970 omnibus
2917 2915 3158 2985 Bulgaris
3219 2913 3422 2976 habito,
3474 2922 3527 2968 ct

1958 3022 2068 3064 non
2115 3008 2299 3079 parvis
2345 3007 2669 3080 Scytharum
2719 3007 2910 3076 copiis,
2951 3007 3043 3076 qui
3096 3005 3347 3061 Boreales
3402 3004 3526 3060 lstri

1955 3107 2138 3167 partes
2171 3098 2445 3162 accolunt,
2491 3095 2796 3161 conductis,
2853 3095 3198 3150 occasionem
3245 3095 3346 3149 sibi
3379 3095 3529 3149 obla-

1879 3227 1921 3284 ο
1955 3201 2064 3246 tam
2097 3198 2246 3244 ratus
2274 3199 2360 3245 est
2389 3187 2656 3246 Thracios
2680 3206 2844 3263 pagos
2869 3199 2926 3245 et
2958 3191 3120 3244 urbes
3156 3189 3524 3259 opprimendi,

1962 3297 2019 3336 re
2053 3280 2297 3337 Romana
2329 3283 2679 3337 vehementer
2708 3283 2920 3337 turbata
2955 3291 3008 3336 et
3044 3281 3237 3336 afﬂicta
3269 3320 3285 3345 ,
3322 3281 3529 3335 Latinis

1961 3382 2150 3430 aut-ent
2179 3377 2340 3429 rebus
2371 3375 2709 3444 gravioribus
2751 3373 3044 3428 distractis.
3100 3373 3256 3429 Unde
3302 3371 3532 3425 necessi-

1963 3477 2071 3520 tate
2099 3467 2292 3529 coacti,
2323 3481 2449 3520 suas
2475 3481 2668 3520 omnes
2685 3466 2866 3536 capias
2889 3479 3148 3520 revocare
3173 3464 3530 3518 decreverunt

1963 3557 2260 3612 Balduinus
2294 3565 2350 3612 et
2385 3557 2476 3626 qui
2528 3572 2652 3611 cum
2697 3572 2762 3611 eo
2806 3557 2985 3626 partiti
3033 3557 3528 3624 erantimperium,

1961 3664 2025 3704 ac
2050 3663 2222 3718 usque
2249 3648 2315 3702 ad
2342 3647 2644 3702 Oresﬁadis
2679 3647 2952 3717 planitiem
2982 3648 3227 3702 celeriter
3255 3647 3531 3716 progredi.

1968 3741 2086 3806 Quo
2117 3739 2262 3794 facto
2293 3739 2567 3794 exercitus
2601 3739 2794 3793 illustri
2833 3755 3006 3809 pugna
3046 3738 3427 3802 conflixerunt,
3480 3746 3533 3792 ιι

1963 3831 2132 3887 multa
2164 3821 2421 3900 utrinque
2460 3839 2668 3901 strages
2705 3830 2848 3885 edita
2881 3839 2981 3894 est,
3021 3831 3273 3884 omnibus
3320 3829 3534 3883 fortiter

1967 3923 2128 3993 longo
2166 3921 2436 3992 temporis
2471 3922 2648 3991 spatio
2681 3921 3096 3986 dimicantibus,
3123 3921 3294 3975 donec
3317 3919 3533 3974 tandem

1963 4014 2175 4086 Bulgari
2209 4021 2513 4076 cesserunt,
2560 4014 2703 4068 haud
2756 4013 2870 4067 scio
2899 4030 2965 4068 an
3019 4014 3161 4083 quod
3217 4012 3530 4068 Latinorum

1962 4121 2180 4176 gravem
2210 4113 2540 4160 armaturam
2582 4105 2855 4159 sustinere
2888 4120 2996 4158 non
3031 4112 3271 4172 possent,
3307 4119 3373 4156 an
3405 4118 3536 4156 νει-ο

1963 4199 2109 4269 quod
2141 4201 2209 4253 de
2245 4197 2510 4253 industria
2551 4197 2671 4252 illos
2717 4197 2770 4251 in
2822 4197 3046 4252 insidias
3081 4197 3393 4266 pertrahere
3422 4196 3537 4249 vel-

1963 4294 2078 4348 lent
2107 4310 2119 4345 :
2153 4292 2205 4346 id
2229 4292 2370 4360 quod
2410 4289 2741 4356 probabilius
2762 4298 2864 4344 est.
2895 4289 3026 4343 Nam
3066 4304 3188 4342 cum
3222 4303 3315 4342 eos
3361 4286 3536 4341 Latini

1963 4384 2276 4455 longissime
2340 4381 2612 4452 persecuti
2669 4389 2872 4444 essent,
2933 4379 3148 4449 Scythae
3201 4394 3265 4433 ex
3324 4380 3536 4434 insidiis

1965 4485 2301 4544 consurgunt
2337 4491 2350 4527 :
2386 4485 2439 4528 et
2465 4472 2674 4542 Bulgari
2705 4472 2849 4526 velut
2882 4487 2945 4524 ex
2975 4471 3276 4540 composito
3310 4486 3538 4546 opm-cr-

290 4561 539 4625 ἐνεγκεῖν
572 4559 846 4629 δυνηθεῖσι
879 4560 1098 4632 βαρεῖαν
1151 4562 1363 4615 ὅπλισιν
1396 4564 1534 4635 (ἳῖ),
1566 4566 1664 4618 εἴτ’
1687 4565 1851 4631 ἐξεπί·

1971 4567 2037 4627 si.
2077 4567 2263 4622 hostes
2314 4573 2508 4635 pra'ter
2555 4578 2768 4618 omnem
2809 4563 3268 4630 exspectationem
3305 4561 3540 4614 circurn-

289 4652 452 4721 τηδες
484 4653 816 4722 παρεξάγειν
853 4656 992 4722 σφᾶς
1052 4653 1360 4724 βουληθεῖσι
1389 4649 1518 4725 περὶ
1567 4660 1634 4711 τὰ
1667 4657 1866 4725 ,ἔνεδρα

291 4746 388 4797 καὶ
462 4747 584 4808 τοὺς
639 4743 862 4815 λόχους*
911 4739 956 4814 ᾧ
1004 4747 1098 4798 καὶ
1146 4748 1346 4816 μᾶλλον
1400 4749 1645 4804 τίθεσθαι
1696 4752 1864 4819 ἀξιον.

295 4836 438 4906 Ἤδη
464 4837 568 4912 γὰρ
589 4835 664 4898 ὡς
689 4838 1026 4908 πορρωτάτω
1052 4855 1150 4890 που
1181 4839 1276 4912 τῆς
1296 4840 1528 4904 διώξεως
1556 4844 1866 4915 γινομένης,

291 4927 609 4982 ἀνίστανται
638 4929 746 4982 τῶν
807 4928 979 4999 λόχων
1018 4929 1142 4999 (25),
1164 4931 1212 4984 oi
1249 4930 1457 4986 Σκύθαι
1482 4949 1498 4966 ο
1530 4933 1870 5004 ἐπαναστρέ-

1963 4667 2157 4713 ventos
2208 4657 2415 4728 sagittis
2455 4665 2511 4710 ct
2559 4654 2758 4727 iaculis
2795 4663 3017 4708 strenue
3055 4652 3428 4716 confixerunt,
3481 4662 3541 4706 et

1967 4761 2118 4806 terra
2143 4749 2411 4820 sanguine
2456 4758 2512 4802 et
2565 4746 2922 4802 cadaveribus
2977 4746 3202 4812 repleta,
3263 4745 3549 4815 ingentem

1967 4841 2282 4897 Latinorum
2329 4851 2562 4910 stragem
2595 4840 2884 4893 ediderunt
2919 4856 2932 4892 :
2970 4837 3062 4908 qui
3103 4837 3172 4892 ob
3206 4839 3418 4908 pondus
3452 4844 3558 4891 ar-'

1968 4951 2184 4990 morum
2232 4933 2579 4990 continentes
2627 4930 2953 5004 Scytharum
2985 4931 3326 4986 incursiones
3349 4940 3401 4985 et
3427 4931 3546 4986 cir-

1645 5031 1976 5092 Variorum
2018 5038 2202 5092 notua.

366 5124 484 5203 _(_2|)
513 5125 717 5203 Postea
742 5127 992 5187 Λοδόῖκος
1021 5145 1035 5184 :
1067 5130 1266 5203 eadem.
1289 5131 1597 5203 μεταθέσει.
1636 5148 1740 5203 qua
1772 5135 1868 5188 Νι-

295 5197 577 5273 κόλαος-,ει
609 5197 892 5273 Λερνικος,
929 5207 984 5253 et
1014 5201 1172 5273 apud
1188 5197 1458 5273 nostrates
1478 5197 1781 5273 Belgangus
1809 5213 1864 5259 et

294 5266 614 5342 ﬁangolfus.
645 5264 1124 5342 \Vqutus.-_Kai.
1151 5270 1379 5342 bedpsq;
1397 5264 1864 5342 ίίλέηςᾌολόῖκος.

295 5334 528 5390 Wolfius
565 5339 866 5413 interpres,
905 5349 952 5391 et
983 5337 1133 5413 Plew_
1163 5334 1352 5413 gemes
1391 5334 1657 5413 Dqloicus,
1699 5334 1862 5413 quem

294 5421 539 5477 errorem
568 5400 780 5477 erravit
796 5400 959 5461 etiam
993 5408 1133 5477 apud
1163 5408 1406 5464 Nicetam
1441 5400 1770 5477 Cboniaten,
1806 5415 1866 5476 in

299 5475 587 5550 Ιξιιιόυὶηρ,
615 5474 679 5529 Ν.
713 5473 828 5550 Π..
861 5477 949 5532 ubi
988 5473 1191 5548 pariter
1222 5480 1538 5550 indignatur
1569 5473 1868 5544 Ludovicus

295 5544 481 5599 Comes
524 5544 806 5619 βίεεειιξὶε.
863 5544 1091 5616 utroque
1143 5544 1409 5619 scriptore
1463 5566 1651 5608 vocem
1693 5552 1856 5616 Blois.

298 5629 394 5668 seu
434 5615 615 5694 potius
645 5615 810 5694 ιίίέιι
815 5615 1085 5694 quomodo
1111 5633 1175 5694 ea
1209 5615 1527 5694 tempestate
1555 5623 1706 5694 u_rbis
1737 5623 1860 5678 Ble—

299 5686 479 5760 sen'sis
506 5701 704 5740 nomen
735 5686 1194 5760 efl‘erebatur,ita
1225 5686 1531 5760 eiiingente.
1575 5691 1649 5746 De
1686 5694 1868 5747 Ludu-

299 5754 643 5829 vicqporro,
687 5766 762 5829 u_t_
777 5766 828 5811 et
865 5761 932 5810 de
980 5757 1244 5829 Balduino
1277 5754 1487 5817 Comite
1519 5761 1867 5829 Flandrensi,

301 5831 358 5878 et
404 5822 684 5880 Boaifaciu
720 5827 1160 5883 Montferratcnsi
1204 5831 1538 5898 marchione,
1566 5833 1773 5902 egimus
1803 5822 1860 5886 in

1967 5135 2112 5189 notis
2163 5133 2231 5189 ad
2283 5133 2578 5190 Historiam
2639 5130 2896 5188 Gaufredi
2947 5133 3015 5188 de
3071 5128 3540 5186 Villa-llarduini.

1969 5205 2575 5360 fmégcécropolitam:
2599 5272 2668 5326 i2
2687 5244 2938 5360 ιςίῖαλοές
2969 5272 3068 5342 μὲν
3092 5270 3185 5360 οὖν
3211 5271 3270 5324 τὸ
3301 5271 3424 5335 ἔθος
3448 5273 3548 5360 ὲφί
3579 5246 3583 5250 ’

1962 5341 2164 5414 ἵπποιςᾷ
2191 5341 2493 5414 ὑψαῦχεσιν
2545 5343 2888 5414 ἐποχεῖσθαι,
2931 5341 3341 5414 καταφράκτοις
3371 5359 3431 5414 τε
3468 5341 3542 5394 δι’

1960 5416 2086 5468 ὅλου
2117 5411 2253 5468 εἶναι
2287 5411 2400 5476 τοῖς
2428 5415 2614 5476 ὅπλοις
2639 5411 2734 5465 τοῦ
2775 5411 3373 5484 σώματος,γκᾶντ-εὖθεν
3411 5411 3537 5484 δυσέ-

1961 5488 2195 5554 κινήτως
2245 5487 2392 5536 κατὰ
2449 5485 2560 5554 τών
2607 5482 2870 5536 ἐναντίων
2921 5483 3153 5554 όρμῷσι.
3201 5482 3257 5536 Id
3325 5483 3544 5554 nutavit

1968 5551 2668 5634 idem-Gregoras,._lib-23v,
2697 5568 2815 5634 cap.
2848 5554 2904 5619 7,
2935 5551 3307 5634 été'aliihquos
3343 5551 3548 5634 laudm»
3639 5591 3644 5594 -

1967 5626 2172 5679 musin
2201 5621 2346 5678 notis
2382 5625 2447 5677 ad
2482 5621 2951 5688 Villharduinum,
2983 5621 3047 5676 N.
3093 5621 3300 5680 CCXII.
3339 5621 3548 5689 quibus

1968 5695 2200 5750 addendi
2233 5694 2512 5764 lngulfus,
2539 5710 2594 5764 p.
2625 5694 2728 5748 899
2779 5695 2977 5764 prioris
3002 5693 3145 5747 ﬁdit.
3178 5701 3233 5748 et
3261 5690 3550 5762 Walsing-

1969 5765 2164 5838 hamus
2180 5778 2275 5838 gn.
2309 5764 3014 5838 l30gl_,_pag._‘78.gl)ucartc.
3151 5831 3168 5838 _
3253 5832 3264 5838 _
3491 5831 3518 5838 η

2040 5835 2152 5902 ('25)
2179 5832 2453 5902 Ejusmodi
2481 5831 2694 5889 insidiis
2717 5836 3124 5890 circumventos
3150 5831 3373 5888 Latinos
3401 5831 3546 5887 scri-
