4054 6594
602 450 680 526 [Α.
722 471 774 510 c.
819 455 957 509 120.;
997 471 1063 508 AD
1109 453 1245 508 12:29.

313 461 422 523 1H

1429 454 1869 515 BYZANTINE
1909 451 2294 512 lllSTORLE
2339 451 2460 508 LIB
2503 450 2543 508 Ι.

2700 443 2839 515 [tum
2883 458 3074 496 't'llEob.
3119 439 3293 513 use]

3474 446 3576 511 138

314 571 416 623 καὶ
471 567 878 638 ςιλάνθρωπον,
933 567 991 631 ὃς
1057 569 1153 637 τῆς
1216 567 1549 636 πολυαρχίας
1601 569 1690 619 τὸν
1745 565 1903 619 σὰλον

2008 562 2400 629 Spectationcm
2449 560 2792 632 perduxisset
2831 577 2924 614 cos
2972 558 3360 624 Romanorum,
3407 561 3497 630 qui
3547 577 3580 618 θ

304 661 648 723 διεσκέδασε,
677 660 873 728 λιμένα
889 677 946 712 τε
981 661 1247 729 σωτήριον
1271 661 1416 728 παρὰ
1441 661 1618 711 πᾶσαν
1648 655 1896 710 ἐδεδώκει

305 732 641 822 προσδοκίαν
671 753 783 813 τοῖς
807 753 920 802 ὅσοι
960 750 1247 818 Ῥωμαίων
1272 749 1513 813 ἐξᾶντεις
1541 748 1634 799 τού
1666 748 1887 798 Λατινι-

312 840 412 895 κοῦ
446 843 719 911 χειμῶνος
752 842 960 894 ἐκείνου
1003 844 1095 893 καὶ
1134 841 1400 902 κλύδωνος
1431 841 1771 907 ἐγεγένηντο,
1799 840 1892 890 καὶ

311 934 856 1002 αύτῴιπαραμυθίας
890 933 1154 1001 μεγίστης
1182 932 1390 995 ἐλπίδα,
1421 933 1512 982 καί
1537 933 1639 998 βῆς
1679 933 1896 1000 μακρᾶς

316 1026 528 1095 πλάνης
569 1025 796 1077 καὶτῶν
843 1025 1047 1076 πολλῶν
1105 1023 1281 1075 πόνων
1325 1025 1659 1075 ιὶινόιτιαυσιν⁶
1705 1021 1817 1074 ἀλλ’
1843 1023 1898 1072 ἐν

311 1117 472 1185 δεινῷ
530 1119 590 1168 τὺ
657 1119 894 1187 πρᾶγμα
947 1115 1175 1179 ἐτίθετο,
1235 1114 1328 1166 καὶ
1381 1114 1516 1182 πρὸς
1556 1113 1750 1180 φθόνου
1811 1116 1903 1168 καὶ

2006 654 2326 729 Latino:qu
2386 653 2640 708 fluctibus
2695 663 3026 730 enatassent,
3093 652 3302 722 ipsique
3363 655 3578 708 maximi

1995 748 2174 803 solatii
2210 764 2362 816 spem
2394 763 2456 801 ac
2485 746 2724 800 diuturni
2749 748 2949 800 erroris
2985 746 3382 814 multormnque
3431 747 3581 799 labo:

1999 857 2118 894 rmn
2167 839 2408 908 requiem
2453 839 2824 892 ostendisset:
2855 839 2949 892 sed
2989 856 3099 892 rem
3153 841 3389 908 graviter
3438 837 3579 893 fere-

2001 933 2112 993 bat,
2144 932 2328 983 animo
2377 930 2574 983 invidia
2603 941 2656 984 et
2691 931 3043 984 :emulatiune
3077 941 3379 984 testuante:
3413 941 3484 988 et.
3519 943 3576 984 ut

2004 1024 2191 1092 paucis
2233 1023 2582 1092 complectar,
2632 1025 2696 1076 ad
2751 1007 2983 1093 pugnam
3027 1033 3078 1076 et
3110 1025 3322 1094 cognati
3354 1025 3582 1092 saligna--

2007 1117 2091 1170 nis
2125 1117 2443 1171 effusionem
2486 1133 2606 1170 sese
2658 1115 2998 1170 obfirmabat.

310 1209 644 1277 ζηλοτυπίας
668 1208 1031 1279 όδοῦςέτρεπε
1061 1209 1150 1259 τόν
1178 1207 1352 1276 θυμόν
1375 1221 1390 1239 ·
1413 1205 1505 1258 καὶ
1534 1203 1671 1267 ὅλως
1701 1206 1897 1269 είπείν,
1939 1208 1993 1267 ἐς
2025 1209 2202 1278 μάχας
2234 1211 2328 1262 καὶ
2396 1208 2588 1277 φόνους
2643 1207 2889 1277 αἱμάτων
2946 1208 3284 1276 συγγενικῶν
3335 1208 3587 1279 ἐπέρρω-

313 1321 401 1358 σιν
435 1305 650 1356 ἑαυτόν.

382 1399 460 1450 Β’.
497 1399 607 1450 Καὶ
639 1398 703 1464 δὴ
736 1394 1056 1464 περαιοῦται
1088 1394 1174 1448 διὰ
1203 1393 1295 1448 τοῦ
1343 1394 1567 1462 Αἰγαίου
1619 1395 1754 1466 πρὸς
1804 1394 1901 1464 τὴν

319 1490 541 1552 Ἀσίαν,
602 1491 697 1542 καὶ
752 1491 938 1542 ἄπεισι
993 1488 1174 1540 λαθὼν
1232 1489 1290 1550 ἐς
1349 1488 1440 1540 τὸν
1507 1489 1742 1556 ἄρχοντα
1793 1490 1901 1539 τῶν

311 1579 582 1652 Τούρκων
633 1581 940 1651 Ἰαθατίνην
981 1581 1095 1650 (29)
1125 1580 1253 1648 περὶ
1289 1581 1387 1650 τὴν
1442 1580 1701 1633 Ἀττάλου
1748 1598 1902 1650 τηνι-

309 1675 490 1729 καῦτα
526 1675 804 1742 διάγοντα,
858 1675 954 1728 καὶ
999 1673 1187 1739 ἱκέτην
1218 1674 1409 1727 ἐαυτὸν
1441 1674 1634 1744 ἐκείνῳ
1693 1673 1903 1737 καθίζει

307 1767 554 1835 οἰκτρὸν,
606 1765 1068 1822 ἐπανασῶσασθαί
1105 1769 1154 1820 οἱ
1190 1767 1286 1836 τὴν
1317 1765 1589 1835 βασιλείαν
1625 1766 1901 1834 δεόμενος,

313 1855 562 1918 παλαιάς
583 1873 642 1907 τε
672 1858 1079 1926 ἀναμιμνήσκει
1113 1856 1315 1924 φιλίας,
1335 1855 1526 1918 ,ὁποῖαί
1572 1870 1702 1907 ποτε
1731 1855 1899 1907 πάλαι

310 1948 499 2015 σφίσιν
522 1947 788 2014 ἐγένοντο,
817 1949 910 1998 καὶ
931 1947 997 1999 τὰ
1014 1947 1107 1999 νέα
1133 1946 1269 2015 μετά
1292 1945 1500 2014 συχνῶν
1524 1943 1631 1998 τῶν
1647 1925 1900 2016 δακρύων

310 2039 709 2111 δυστυχήματα
741 2041 1078 2110 ἐκτραγῳδεί
1125 2039 1438 2110 προδεικνύς
1461 2053 1477 2070 ·
1510 2039 1605 2092 καὶ
1654 2040 1745 2092 ἐπὶ
1777 2039 1905 2091 τού-

311 2149 432 2195 τοις
465 2133 776 2203 χρημάτων
805 2132 1144 2201 ὑπισχνεῖται
1169 2131 1396 2201 σωρούς.
1435 2129 1494 2185 '0
1533 2130 1590 2184 δέ
1638 2125 1908 2201 βάρδίρος

317 2224 512 2287 ἐνδοὺς
538 2223 639 2292 μέν
671 2224 766 2277 καὶ
793 2224 928 2293 πρὸς
951 2227 1048 2286 τὰς
1071 2223 1178 2276 τῶν
1235 2223 1536 2293 χρημάτων
1563 2224 1905 2293 ὑποσχέσεις,

313 2316 750 2387 ὀνειροπολήσας
774 2317 828 2369 δέ
859 2316 928 2368 τά
957 2331 1017 2367 τε
1043 2315 1199 2379 ἄλλα,
1234 2317 1328 2369 καὶ
1351 2317 1451 2368 ὅσα
1489 2318 1555 2368 ἐκ
1609 2315 1708 2386 τῆς
1756 2315 1904 2378 λείας

315 2407 671 2478 περιγίνεται
718 2406 882 2478 κέρδη
941 2408 1055 2469 τοῖς
1105 2405 1560 2476 ἐπιστρατεύουσι
1605 2405 1744 2459 κατὰ
1797 2405 1906 2457 τῶν

313 2497 649 2565 ἀλλογενῶν,
672 2497 806 2567 δμοῦ
839 2498 936 2560 τάς
961 2514 1020 2550 τε
1043 2495 1239 2550 ἐαυτοῦ
1259 2495 1598 2566 συναθροίζει
1623 2494 1904 2564 δυνάμεις,

313 2594 410 2643 καὶ
443 2593 574 2651 τοὺς
600 2593 695 2654 τὰς
735 2589 994 2660 μεγίστας
1019 2588 1250 2652 ἀπειλὰς
1299 2589 1625 2656 κομίσοντας
1654 2587 1731 2658 τῷ
1750 2587 1905 2658 βασι-
1931 2621 1937 2630 ι

313 2685 397 2737 λεῑ
427 2683 987 2754 Θεοδώρῳ,πρέσ6εις
1038 2681 1449 2747 ἐξαποστέλλει,
1497 2681 1547 2733 εί
1603 2679 1678 2751 μὴ
1711 2681 1908 2734 αὐτίκα

319 2779 402 2847 τῷ
462 2776 714 2846 πενθερῷ
791 2774 1014 2846 Ἀλεξίῳ
1081 2776 1190 2829 τῶν
1250 2773 1554 2846 βασιλικῶν
1595 2774 1907 2844 ὑπεκσταίη

313 2869 551 2939 θρόνων.
594 2868 651 2922 '0
668 2867 726 2919 δέ
753 2866 948 2938 πρῶτα
978 2866 1078 2936 μὲν
1107 2864 1242 2934 πρὸς
1273 2863 1374 2935 τὴν
1407 2863 1578 2934 ἀκοὴν
1637 2863 1905 2933 διαταραο

310 2963 498 3037 χθεὶς,
535 2960 618 3035 [Ρ.
653 2957 744 3034 10]
767 2960 1001 3029 τάχιστα
1027 2959 1079 3012 δ’
1104 2957 1297 3010 ἐαυτὸν
1352 2953 1511 3020 αὖθις
1567 2954 1901 3025 ἀνειληφὼς,

317 3056 468 3127 πρὸς
495 3054 585 3106 τὸν
616 3056 685 3106 τὰ
711 3053 887 3107 πάντα
918 3049 1216 3120 δυνάμενον
1265 3047 1364 3112 τὰς
1419 3047 1641 3112 ἐλπίδας
1674 3047 1902 3118 ἀναρτᾷ,

318 3148 417 3201 καὶ
468 3147 593 3207 τοὺς
627 3143 728 3215 μὲν
748 3142 1005 3212 πρέσϐεις
1028 3142 1339 3214 ἀπράκτους
1357 3139 1633 3194 ἐπανιέναι
1657 3139 1900 3210 ἀφίησιν·

313 3240 345 3294 ὁ
374 3240 435 3292 δέ
463 3239 628 3310 ἔργου
657 3236 854 3305 εἴχετο,
883 3236 976 3287 καὶ
997 3233 1056 3285 τὸ
1095 3230 1290 3286 ἐαυτοῦ
1323 3233 1614 3302 συγκροτεῖ
1648 3231 1912 3302 στράτευ-

321 3355 423 3406 μα,
468 3332 760 3388 πολλοστὸν
792 3330 890 3400 μὲν
924 3329 976 3382 εί
1001 3346 1083 3393 τις
1144 3326 1280 3397 πρὸς
1317 3327 1385 3380 τὰ
1433 3327 1682 3396 Περσικὰ
1740 3343 1908 3395 στρα-

2083 1397 2150 1451 ll.
2201 1397 2387 1467 Itaque
2433 1413 2530 1466 per
2575 1413 2721 1451 mare
2772 1397 3011 1466 Aigmum
3068 1400 3250 1452 Asiam
3289 1401 3586 1469 ingressus,

2009 1492 2149 1545 clam
2197 1490 2500 1544 Turcarum
2561 1490 2862 1560 principem
2923 1491 3270 1556 latbatinem,
3331 1491 3420 1560 qui
3473 1504 3586 1545 tum

2007 1581 2146 1650 apud
2196 1580 2364 1634 Attali
2397 1582 2583 1634 urbem
2626 1582 2874 1649 degebat,
2907 1580 3132 1650 supplex
3166 1581 3460 1634 miserabili
3495 1583 3589 1635 ba-

2011 1669 2125 1723 bitu
2154 1669 2299 1734 adit;
2336 1677 2474 1733 orat,
2506 1678 2562 1721 ut
2590 1668 2878 1737 imperium
2907 1668 3009 1721 sibi
3045 1673 3332 1736 restituat;
3375 1683 3588 1725 veteres

2011 1759 2299 1819 amicitias,
2335 1773 2678 1828 quaecunque
2710 1757 2835 1810 olim
2871 1758 3014 1811 inter
3052 1758 3196 1826 ipsos
3241 1758 3477 1825 fuerant,
3534 1761 3588 1812 in

2012 1853 2329 1904 memoriam
2391 1862 2648 1917 revocat;
2709 1865 2849 1905 nova
2910 1851 3209 1906 inforttmia
3249 1852 3435 1906 multis
3465 1869 3590 1906 cum

2009 1941 2263 2014 lacrymis
2307 1945 2532 2013 exponit
2581 1959 2644 1998 ac
2693 1945 2896 2012 tragice
2944 1944 3308 2009 lamentatur;
3363 1961 3591 2000 acervos

2011 2035 2250 2104 denique
2284 2036 2638 2105 pecuniarum
2683 2033 2970 2105 promittit.
3020 2036 3089 2088 At
3142 2034 3430 2099 Barbarus,
3464 2052 3588 2090 cum

2009 2136 2066 2183 et
2118 2127 2238 2182 istis
2295 2128 2540 2197 pecunia:
2614 2117 3100 2196 pollicitationibus
3163 2129 3320 2184 facile
3388 2130 3591 2200 alioqui

2008 2218 2340 2286 ﬂecteretur,
2378 2229 2432 2275 ‘et
2471 2219 2835 2274 emolumenta
2888 2229 3001 2274 tum
3043 2221 3145 2275 alia
3188 2222 3290 2276 sibi
3341 2222 3586 2292 fingeret,

2010 2318 2124 2364 tum
2173 2326 2237 2365 ea
2295 2326 2416 2380 quae
2474 2320 2731 2366 externos
2795 2311 2980 2367 hostes
3031 2316 3471 2384 Oppugnantibus
3521 2333 3588 2368 ex

2005 2402 2190 2472 praeda
2237 2403 2556 2467 obveniunt,
2599 2404 2760 2457 simul
2809 2415 2862 2458 et
2898 2405 3084 2473 copias
3131 2421 3257 2461 sitas
3303 2419 3586 2468 convocat.

2011 2507 2067 2550 ct
2099 2494 2306 2564 legatos
2346 2495 2438 2564 qui
2489 2495 2828 2550 atrocissima
2859 2512 3087 2568 quicque
3137 2500 3478 2554 minarentur
3519 2504 3588 2555 ad

2009 2585 2358 2641 Theodounm
2395 2587 2778 2657 imperatorem
2822 2589 3007 2656 mittit,
3052 2590 3156 2646 nisi
3185 2592 3376 2647 Alexio
3400 2607 3592 2648 socero

2009 2681 2192 2738 statim
2231 2680 2367 2734 solio
2411 2681 2762 2751 imperatorio
2807 2683 3046 2738 cederet.
3105 2682 3156 2738 Is
3202 2694 3386 2739 autem
3434 2688 3590 2755 prin-

2007 2773 2153 2842 cipio
2201 2787 2268 2826 eo
2323 2773 2511 2827 nuntio
2569 2773 2917 2841 perturbatus
2967 2784 3070 2840 est,
3117 2776 3212 2830 sed
3276 2779 3458 2836 statim
3505 2793 3594 2835 re-

2006 2874 2222 2934 sumpta
2277 2862 2494 2931 fiducia,
2532 2871 2588 2919 et
2627 2880 2726 2935 spe
2773 2881 2871 2921 sua
2937 2867 2992 2922 in
3051 2867 3162 2922 Deo
3215 2869 3615 2939 omnipotente
3691 2872 3699 2880 '

2010 2960 2300 3023 collocata,
2340 2959 2546 3030 legatos
2588 2959 2786 3016 infecta
2821 2977 2880 3016 re
2932 2963 3160 3018 dimittit
3194 2980 3209 3018 :
3239 2979 3304 3019 ac
3345 2967 3497 3038 aperi
3531 2983 3591 3035 se

2013 3053 2325 3125 accingens,
2393 3052 2500 3126 18
2556 3053 2857 3108 exercitum
2906 3056 3202 3122 contrahit,
3252 3057 3410 3130 longe
3459 3075 3592 3114 sane

1932 3167 1978 3230 ο
2012 3141 2234 3230 Persico
2266 3142 2556 3207 minorem,
2610 3143 2654 3198 si
2687 3159 2978 3201 numerum
3011 3161 3246 3217 spectes,
3289 3163 3344 3208 et
3369 3153 3434 3207 ad
3461 3171 3592 3210 con-

2013 3211 2308 3303 ﬂige'nd'um
2353 3233 2617 3304 imparem
2673 3254 2687 3291 :
2743 3236 2926 3292 divina
2983 3211 3112 3298 vero
3154 3211 3256 3314 ope
3307 3247 3586 3320 adjuncta,

2010 3327 2248 3381 maximo
2283 3327 2572 3381 intervallo
2609 3330 2897 3400 majorem.

316 3429 572 3501 τεύματα
638 3426 880 3499 βούλοιτο
934 3424 1315 3493 παρατιθέναι,
1383 3422 1479 3475 καὶ
1527 3422 1626 3474 οὐκ
1681 3422 1827 3488 ἀξιον
1881 3423 1938 3485 ἐς
1976 3421 2271 3475 ἀντίπαλον
2305 3421 2535 3486 ἐκείνοις
2585 3425 2783 3496 μοῖραν
2837 3427 3156 3498 κεκρίσθαιο
3223 3433 3587 3507 προστιθεμέ-

316 3543 417 3596 νης
440 3523 500 3576 δέ
526 3523 622 3575 καὶ
652 3521 751 3590 τῆς
777 3519 985 3575 ἄνωθεν
1008 3518 1156 3581 θείας
1210 3515 1554 3588 ἐπικουρίας,
1576 3515 1755 3585 πολλῷ
1785 3514 1894 3568 τῶν
1935 3515 2222 3583 Περσικῶν
2253 3514 2313 3569 δν
2337 3515 2760 3573 πολλαπλάσιον.

420 3615 504 3673 Γ.
545 3615 604 3668 ὐ
663 3615 760 3685 μὲν
814 3611 908 3666 οὖν
965 3610 1238 3683 βάρδαρος
1297 3609 1436 3680 ἄρας
1506 3608 1606 3673 τὰς
1678 3608 1908 3674 πεζικὰς

319 3709 608 3779 δυνάμεις,
643 3710 740 3762 καὶ
754 3707 878 3760 ὅσαι
907 3704 1014 3758 τῶν
1084 3703 1318 3768 ἱππέων,
1346 3701 1480 3777 ἧκεν
1505 3705 1586 3768 είς
1625 3703 1725 3775 τὴν
1756 3703 1908 3774 παρὰ

321 3801 635 3872 Μαίανδρον
677 3799 1009 3870 Ἀντιόχειαν
1042 3796 1183 3868 (50),
1219 3797 1315 3849 καὶ
1370 3796 1732 3866 περικαθίσας
1778 3795 1911 3849 ταύ-

319 3913 425 3963 την
450 3892 779 3962 ἐπολιόρκει,
815 3888 1192 3960 λογισάμενος,
1228 3888 1304 3952 ὡς
1331 3889 1378 3941 εί
1398 3888 1602 3959 ταύτης
1631 3888 1906 3960 ἐγκρατὴς

320 3988 558 4054 γένοιτο,
591 3985 765 4056 ῥᾷστα
794 3983 860 4037 ἂν
889 3982 1098 4036 ἐκεῖθεν
1152 3981 1365 4044 καὶτὰς
1412 3981 1579 4045 ἄλλας
1627 3983 1909 4052 παραστή-

323 4094 486 4130 σαιτο
511 4077 718 4144 πόλεις,
757 4075 953 4129 ὁπόσαι
1009 4075 1110 4144 τὴν
1159 4073 1450 4143 Ῥωμαίων
1516 4072 1907 4144 διαμετροῦσιν

320 4169 526 4238 ἀρχήν.
560 4161 704 4233 Ἧγε
739 4164 920 4234 μέντοι
945 4163 1062 4234 μεθ’
1092 4163 1286 4217 ἑαυτοῦ
1321 4165 1414 4216 καὶ
1439 4163 1534 4218 καὶ
1565 4163 1656 4216 τὸν
1685 4163 1907 4233 βασιλέα

332 4260 600 4325 Ἀλέξιον,
622 4257 834 4326 ἐφόδιον
859 4259 939 4319 είς
959 4256 1148 4327 ῥᾳδίαν
1174 4255 1509 4328 κατόρθωσιν
1537 4248 1612 4310 ὧν
1631 4256 1900 4311 ἐϐούλετο.

334 4353 397 4405 Ὃ
427 4353 483 4405 δὲ
520 4351 774 4421 βασιλεὺς
794 4349 891 4402 οὐκ
918 4349 1099 4419 ἐκρινε
1131 4348 1241 4402 δεῖν
1283 4349 1424 4401 κατὰ
1479 4349 1662 4420 χώραν
1725 4349 1902 4419 μένων

321 4445 648 4515 περιμένειν
676 4441 775 4511 τὴν
823 4438 932 4492 τῶν
987 4438 1283 4510 βαρϐάρων
1339 4439 1548 4507 ἔφοδον,
1585 4441 1677 4492 καὶ
1724 4443 1781 4503 ἐς
1813 4442 1903 4493 τὸν

319 4538 553 4592 ἐκείνων
601 4535 791 4607 καιρὸν
828 4532 1176 4606 μετεωρίζειν
1211 4533 1304 4586 τὸν
1333 4532 1557 4586 ἑαυτοῦο
1595 4532 1898 4603 θρασυνθῆ-

321 4646 416 4681 ναι
475 4629 584 4696 γὰρ
643 4625 708 4678 ἂν
772 4621 974 4692 μᾶλλον
1029 4621 1250 4688 αὐτοὺς,
1313 4623 1361 4674 εί
1412 4621 1512 4690 τὴν
1577 4619 1905 4691 Ἀντιόχειαν

323 4716 842 4787 καταστρεψάμενοι
866 4714 976 4766 τῶν
1018 4714 1226 4766 ἐκεῖθεν
1277 4713 1534 4784 λαφύρων
1564 4714 1906 4784 ἐμπλήσαιεν

321 4812 575 4872 ἑαυτοὺς,
632 4809 724 4861 καὶ
773 4807 889 4876 ἅμα
949 4805 1216 4876 ἀμηχάνῳ
1269 4808 1410 4859 κατὰ
1468 4805 1568 4875 τῆς
1619 4805 1907 4876 ἶνωμαίων

322 4904 660 4976 ὁρμητηρίῳ
694 4905 760 4972 τῇ
801 4899 1024 4970 τοιαύτῃ
1082 4899 1386 4970 χρήσασθαι
1415 4899 1586 4953 πόλειο
1622 4899 1773 4953 ταῦτ’
1798 4899 1906 4970 ἄρα

323 5002 424 5052 καὶ
455 4998 602 5068 πάσῃ
624 4994 855 5065 ταχύνας
875 4995 1101 5063 σπουδῇ,
1134 4993 1251 5044 κατ’
1279 4992 1501 5045 ἐκείνων
1519 4995 1695 5044 ἐκεῖσε
1717 4993 1905 5062 χωρεῖ,

328 5092 502 5162 μηδὲν
550 5089 713 5144 πλέον
771 5086 1110 5156 ἐπαγόμενος
1183 5084 1559 5155 στράτευμαῆ
1617 5084 1909 5154 δισχιλίους

327 5185 553 5251 ἱππέας,
611 5181 686 5239 ὧν
735 5182 861 5242 τοὺς
927 5178 1280 5239 ὀκτακοσίους
1346 5178 1704 5246 μισθοφόρους
1771 5171 1909 5229 εἶναι

326 5279 597 5339 Λατίνους
637 5273 750 5344 (5|)
777 5273 963 5341 φασὶν,
995 5270 1192 5342 magar;
1219 5269 1449 5338 λογάδας
1475 5272 1568 5320 καὶ
1603 5269 1783 5338 μάχην
1835 5268 1908 5330 ῶς

2086 3609 2184 3664 ιιι.
2215 3609 2488 3666 Barbarus
2518 3611 2686 3679 igitur
2718 3626 2840 3666 cum
2879 3614 3134 3671 omnibbs
3164 3627 3218 3672 et
3244 3620 3590 3687 pedestribus

2012 3712 2068 3757 et
2107 3704 2456 3773 equestribus
2507 3704 2681 3774 copiis
2726 3702 3068 3762 Antiochiam
3128 3710 3195 3765 ad
3254 3711 3588 3772 Maeandrum

2009 3795 2166 3852 sitam
2200 3797 2357 3866 petit,
2391 3805 2447 3851 et
2470 3811 2589 3854 eam
2617 3799 3032 3854 circumsessam
3058 3816 3352 3875 oppugnat,
3383 3821 3444 3860 ea
3468 3823 3584 3878 spe,

2013 3887 2102 3940 illa
2134 3895 2292 3957 capta
2339 3886 2556 3942 caeteris
2609 3887 2779 3943 totius
2825 3888 3040 3959 imperii
3077 3891 3308 3948 Romani
3362 3898 3588 3954 urbibus

2011 3977 2170 4032 facile
2196 3993 2255 4033 se
2293 3980 2592 4048 potiturum
2630 3995 2751 4035 esse
2782 3999 2795 4036 :
2828 3980 3063 4038 adducto
3117 3998 3302 4040 secum
3347 3989 3586 4058 impera-

2009 4084 2127 4129 tore
2170 4072 2385 4141 Afexio,
2422 4088 2530 4142 quo
2560 4074 2774 4130 facilius
2809 4090 2875 4130 ea
2916 4092 3037 4146 quae
3077 4079 3239 4134 vellet
3286 4096 3585 4154 conseque-

2008 4175 2179 4220 retur.
2239 4165 2539 4235 lmperator
2575 4180 2704 4220 vero
2747 4165 2849 4221 sibi
2891 4180 3002 4222 non
3047 4172 3368 4226 cessandum
3409 4185 3582 4240 ratus,

2011 4273 2116 4313 nec
2147 4258 2511 4313 Barbarorum
2555 4258 2966 4328 impressionem
3024 4264 3460 4330 exspectandam,
3515 4269 3587 4323 il-

2009 4353 2256 4408 lorumve
2284 4351 2466 4422 potius
2493 4367 2656 4420 quam
2698 4367 2812 4406 suae
2837 4354 3205 4410 commoditati
3237 4359 3580 4418 serviendum

2013 4439 2353 4512 (audaciores
2393 4439 2538 4493 enim
2566 4439 2703 4504 fore,
2733 4441 2779 4495 si
2815 4441 2904 4495 illa
2932 4445 3154 4498 subacta
3215 4448 3404 4516 spoliis
3442 4453 3582 4508 dita-

1936 4567 1980 4621 Β
2011 4541 2224 4598 rentur,
2252 4533 2524 4603 simulque
2563 4532 2764 4588 invicta
2808 4549 2934 4588 arce
2963 4545 3151 4590 contra
3191 4538 3463 4596 Romanos
3489 4544 3582 4601 illa

2015 4625 2149 4680 urbe
2181 4623 2424 4694 usuros),
2453 4639 2666 4678 summa
2703 4624 3282 4683 celeritate'adversus
3321 4631 3440 4687 illos
3479 4636 3582 4688 duo

2012 4719 2107 4785 cit,
2133 4735 2255 4773 cum
2282 4718 2366 4773 bis
2394 4717 2542 4773 mille
2575 4718 2852 4788 equitibus
2884 4719 3020 4774 nihil
3060 4722 3291 4792 amplius
3331 4725 3579 4794 haberet,

2012 4827 2246 4884 quorum
2294 4811 2636 4881 octingentos
2679 4810 2844 4865 fuisse
2887 4811 3109 4866 Latinos
3170 4815 3371 4883 ferunt,
3430 4821 3580 4876 viros

2011 4901 2334 4954 lectissimos
2388 4910 2445 4954 et
2507 4899 2968 4956 bellicosissimos.
3049 4902 3332 4974 Superatis
3396 4907 3584 4965 autan

2005 4993 2165 5047 tertio
2207 4992 2293 5048 die
2329 4993 2532 5047 montis
2587 4991 2794 5063 Olympi
2845 4995 3128 5064 angustiis,
3162 5012 3282 5068 qua:
3313 4999 3367 5052 in
3401 5004 3576 5057 maxi-

2006 5101 2148 5138 mam
2202 5097 2468 5155 porrecue
2515 5084 2912 5152 longitudinem
2963 5085 3271 5159 Bithyniam
3313 5102 3368 5146 et
3408 5092 3580 5159 Phry-

2005 5177 2147 5248 giam
2181 5187 2466 5243 utramque
2507 5175 2911 5242 disterminant,
2939 5156 3104 5232 illamv
3135 5196 3324 5237 versus
3359 5156 3578 5255 septen~

2009 5268 2240 5322 trionetn
2283 5268 2534 5337 positam,
2585 5268 2682 5322 has
2711 5284 2901 5324 versus
2936 5272 3213 5328 meridiem
3245 5283 3301 5330 ct
3331 5286 3577 5335 austrum

1685 5417 2017 5477 Variorum
2065 5428 2248 5477 noue.

407 5549 520 5618 (‘29)
569 5544 910 5618 lcorliensem
950 5542 1257 5618 sulta‘num,
1313 5541 1382 5618 de
1427 5555 1538 5618 quo
1575 5552 1658 5594 sat
1713 5540 1902 5595 multis

332 5612 547 5693 egimus
569 5619 634 5693 in
665 5612 911 5693 αηιιίιίσ
949 5612 1204 5693 Tu‘rcicis,
1235 5627 1301 5693 τι..
1324 5614 1410 5693 l0.
1454 5614 1686 5693 θύρη-ο,

411 5692 520 5760 (50)
560 5686 737 5760 (Zariae
765 5688 975 5749 urbem,
1009 5685 1076 5739 de
1102 5698 1209 5752 qua
1245 5682 1482 5754 Phlegon
1517 5684 1825 5736 Trallianus
1845 5692 1902 5736 et

337 5755 652 5833 geographi.
669 5755 921 5833 Ducam.

413 5823 961 5900 (Sl)'l’acltyttterts,_
994 5825 1088 5878 lib.
1109 5841 1163 5900 _t,
1209 5843 1332 5895 cap.
1379 5826 1412 5880 5
1442 5823 1523 5900 de
1551 5823 1755 5900 Cra-cis
1781 5833 1906 5900 post

338 5896 549 5970 captain
587 5917 618 5952 a
649 5896 850 5952 nostris
885 5897 1072 5951 urbem
1108 5897 1162 5950 in
1193 5909 1402 5952 arctum
1436 5896 1686 5960 redactis,
1721 5905 1777 5948 ut
1810 5896 1902 5964 qui

585 5996 858 6054 l’a‘t‘aoL.
891 5995 1007 6054 tia.
1044 5991 1332 6056 CXLVlll

2007 5549 2118 5594 tres
2157 5539 2498 5594 solummodo
2545 5539 2709 5594 urbes
2753 5539 3088 5607 obtinerent,
3131 5538 3386 5610 Nicaeam,
3436 5542 3574 5600 Pru-

2007 5626 2122 5663 sam
2153 5623 2207 5665 et
2239 5611 2692 5680 Philadelphiam,
2722 5625 2847 5670 cum
2878 5615 2948 5666 ab
2983 5612 3194 5666 oriente
3221 5627 3254 5666 ιι
3276 5612 3456 5669 Persis
3479 5633 3579 5673 seu

2008 5682 2200 5735 't'urcis
2230 5681 2627 5754 Iconiensibus,
2649 5685 2722 5754 ab
2743 5697 2939 5736 occasu
2965 5698 2995 5735 a
3023 5683 3226 5737 nostris
3251 5683 3582 5754 intpetcren-

2009 5759 2118 5827 tur.
2161 5753 2228 5821 τῇ
2265 5752 2364 5827 μὲν
2409 5753 2670 5827 ’ίταλικξν
2702 5753 2915 5822 ἔχοντες
2944 5756 3297 5827 Δσυμμαχικδν
3329 5752 3582 5827 ἐπῄεσαν

2012 5822 2271 5894 Πέρσαις,
2307 5824 2371 5892 τῇ
2410 5822 2474 5894 δὲ
2504 5821 2768 5894 Σκυθικὴν
2801 5821 3237 5894 προσλαϐόμενοι
3267 5825 3396 5894 ἄρτι
3416 5821 3579 5882 ’ποτὶ

2010 5891 2177 5960 φανέν
2206 5909 2286 5958 τε,
2336 5891 2431 5946 καὶ
2463 5891 2836 5964 προσλ.η;ρθέν,
2871 5891 3114 5948 ἀνώθουν
3149 5897 3276 5959 τοὺς
3310 5891 3577 5962 Ἰταλούς.

3147 5992 3184 6052 5
