4054 6592
365 473 471 540 149
514 441 523 449 ’
651 475 729 546 [Α.
768 494 819 533 ο.
865 478 1005 533 me
1040 496 1106 535 At)
1146 481 1307 553 last]

1460 484 1897 545 ΒΥΖΑΝΤΙΝίΕ
1940 484 2323 546 ΠΙΞΤΟΒΙίΕ
2361 486 2503 547 LIB.
2548 485 2626 547 II.

3516 471 3619 536 150

2762 478 2897 548 [ων.
2937 492 3085 532 πολιν.
3124 472 3317 544 υιιολε]

356 595 421 646 ἐν
450 596 514 662 τῇ
556 595 711 665 παρᾶ
740 597 832 650 τὸν
859 600 1072 669 Ἵστρον
1109 600 1259 654 κάτω
1300 602 1521 673 Μυσίαι
1555 602 1618 656 τὸ
1655 601 1703 656 δ’
1737 601 1935 671 ὄνομα,
1967 600 2224 672 καθάπερ
2281 600 2411 657 ἄλλο
2482 619 2534 655 τι
2575 600 2839 671 μνημεῖον
2884 596 3134 662 ἐκείνων,
3168 591 3615 649 ἐναπολὲλειπτ;ἰ

355 696 430 763 τῇ
477 692 915 764 ἀρχιεπισκοπῇ.
961 695 1103 749 Ἀλλ’
1150 698 1208 761 ἐς
1247 700 1308 750 τὸ
1355 698 1620 769 πρότερον
1654 700 1798 769 ἴχνος
1833 696 1928 752 τοῦ
1966 697 2126 767 λόγου
2157 698 2289 769 φέρε
2321 696 2826 767 ἐπανακάμψωμεν.

435 787 509 841 I".
545 787 606 840 Ὀ
634 787 1041 858 γὰρ,”Αγγελος
1072 789 1348 861 Θεόδωρος
1382 792 1483 863 ήδη
1522 794 1619 846 καὶ
1650 791 1931 860 βασιλεὺς,

2106 791 2197 847 Ill.
2224 792 2463 862 Angelus
2484 789 2824 856 Theodorus,
2850 787 3166 858 imperator,
3193 794 3254 840 ιιι
3281 784 3486 839 dictum
3509 790 3614 846 eat,

353 880 437 947 ὡς
466 880 709 952 εἴρηται,
747 883 1051 947 καταστὰς,
1108 883 1264 955 ἐδῄου
1316 885 1417 955 τήν
1452 885 1576 955 γῆν,
1608 884 1813 955 προῖὼν
1842 885 1938 939 καὶ

352 973 787 1045 παρεξελαύνων
835 977 931 1027 καὶ
990 975 1339 1047 ύπερδαίνων
1405 978 1566 1048 ὅρους
1622 977 1819 1049 ἄλλους
1877 979 1937 1044 ἐξ

357 1065 539 1118 ἄλλων
565 1067 680 1131 ἀεὶ,
711 1064 818 1128 ἓως
850 1064 1021 1135 ἡλασε
1057 1065 1223 1138 μέχρι
1258 1068 1356 1121 καὶ
1383 1068 1563 1122 αὐτῶν
1595 1068 1706 1122 τῶν
1738 1070 1937 1133 Βυζαν-

354 1159 491 1211 τίων
520 1157 715 1210 πυλῶν
746 1158 890 1212 κατὰ
940 1158 1143 1230 πολλὴν
1169 1160 1264 1213 τοῦ
1292 1159 1633 1224 κωλύσοντος
1672 1161 1936 1231 ἐρημίαν.

352 1250 428 1302 Δί
459 1250 569 1318 γὰρ
608 1248 984 1304 Μακεδονικαί
1030 1268 1091 1305 τε
1146 1252 1242 1305 καὶ
1294 1251 1572 1322 Θρᾳκικαὶ
1636 1252 1821 1315 πόλεις
1877 1252 1939 1316 ἐς

351 1342 509 1404 τέλος
538 1341 835 1412 ἐξέκαμον,
889 1343 1096 1412 συχνὰς
1137 1345 1197 1396 ἐν
1227 1342 1393 1415 ὀλίγῳ
1423 1344 1601 1415 χρόνῳ
1635 1347 1729 1398 καὶ
1758 1344 1939 1408 δεινὰς

353 1433 730 1502 ὑπομείνασαι
767 1436 868 1497 τάς
915 1435 1314 1505 αἰχμαλωσίας,
1346 1435 1442 1487 νῦν
1474 1436 1573 1505 μὲν
1616 1435 1725 1490 τῶν
1768 1435 1940 1489 Λατί-

359 1544 487 1591 νων,
538 1526 639 1579 νῦν
688 1527 748 1580 δὲ
778 1527 889 1580 τῶν
917 1528 1267 1599 Βουλγάρων,
1314 1530 1411 1581 καὶ
1440 1530 1548 1583 τῶν
1581 1529 1832 1583 Σκυθῶν.
1866 1529 1935 1582 Τί

350 1625 466 1688 γαρ
490 1618 593 1670 οὐκ
618 1620 685 1672 ἂν
719 1618 953 1689 ἔδρασαν
980 1620 1134 1682 έθνος
1163 1619 1461 1691 αἱμοὸόρον
1488 1621 1539 1674 οἱ
1573 1619 1778 1673 Σκύθαι
1805 1622 1941 1691 Χριο

351 1708 596 1769 στιανοίς
632 1708 1020 1778 ἐπιϐρίσαντες
1058 1709 1322 1779 ἀπηνῶςς
1357 1711 1407 1763 οἱ
1436 1709 1494 1763 δὲ
1528 1712 1753 1764 Λατῖνοι
1784 1710 1938 1765 οὐδὲν

351 1799 723 1869 ἡμερώτερον
749 1800 856 1853 τῶν
907 1801 1130 1854 Σκυθῶν
1193 1802 1540 1872 διετέθησαν,
1590 1804 1674 1857 ὄτι
1717 1803 1793 1875 μὴ
1842 1806 1940 1859 καὶ

348 1891 538 1962 πολλῷ
568 1892 647 1960 τῷ
696 1893 886 1962 μέτρῳ
916 1894 1012 1965 τὴν
1038 1894 1313 1965 Σκυθικὴν
1341 1895 1617 1965 ἀπήνειαν
1656 1894 1937 1965 ὑπερέϐη-

351 2000 475 2036 σαν.
513 1983 629 2035 Καὶ
654 1982 753 2052 οὐχ
797 1982 945 2048 ἅπαξ
991 1987 1105 2047 τοῖς
1149 1984 1520 2055 ταλαιπώροις
1556 1984 1617 2049 ἐξ
1649 1985 1937 2057 ἑκατέρων

306 2128 319 2148 χ
349 2075 459 2128 τῶν
492 2075 665 2137 ἐθνῶν
693 2076 762 2128 τά
788 2077 885 2147 τῆς
924 2076 1105 2145 δεινῆς
1134 2076 1338 2147 ταύτης
1365 2078 1749 2148 αἰχμαλωσίας
1780 2079 1938 2143 ξυνε-

2040 884 2396 949 constitutus,
2434 883 2671 940 ulterius
2704 880 3103 953 pmgrcdiemlo
3151 885 3207 932 et
3239 874 3518 948 evagarido
3562 881 3616 927 et

2039 978 2180 1034 alios
2210 988 2376 1046 atque
2406 976 2544 1031 alios
2568 975 2774 1030 limites
2798 972 3132 1042 superando,
3164 985 3323 1042 agros
3345 968 3614 1027 vastabat,

2038 1071 2216 1125 donec
2246 1070 2315 1124 ad
2342 1069 2489 1139 ipsas
2520 1083 2693 1138 usque
2721 1066 2964 1138 Byzantii
2997 1073 3183 1133 portas
3199 1062 3422 1131 nemine
3456 1074 3615 1129 pror-

2039 1176 2136 1217 sus
2167 1160 2464 1216 resistente
2499 1158 2771 1230 pervenit.
2807 1158 2943 1213 Nam
2991 1154 3322 1210 Macedonia:
3356 1160 3417 1205 et
3443 1150 3615 1203 'l‘bra-

2039 1254 2140 1309 ciae
2190 1254 2353 1309 urbes
2389 1268 2615 1324 prorsus
2663 1251 2943 1306 exhaustae
2991 1256 3169 1312 erant,
3213 1245 3423 1299 crebris
3453 1250 3615 1310 atque

2039 1345 2315 1401 atrocibus
2366 1346 2562 1415 exiguo
2620 1354 2865 1412 tempore
2923 1335 3324 1407 direptionibus
3383 1340 3610 1390 vexatae.

2037 1453 2186 1493 nunc
2220 1454 2251 1491 a
2296 1436 2524 1500 Latinis,
2561 1450 2709 1489 nunc
2756 1449 2787 1488 a
2824 1431 3071 1503 Bulgaria
3118 1437 3173 1484 et
3199 1428 3436 1499 Scythis.
3472 1424 3610 1490 Quid

2038 1530 2187 1587 enim
2206 1544 2319 1584 non
2346 1528 2624 1591 fecissent,
2650 1542 2786 1597 gens
2815 1523 3182 1595 sanguinaria,
3208 1520 3424 1590 Scytha:
3454 1517 3615 1572 Chri-

2038 1620 2232 1676 stianis
2284 1619 2585 1676 crudeliter
2615 1616 2942 1688 Oppressis?
2988 1614 3165 1668 Latini
3221 1626 3348 1667 vero
3396 1608 3614 1681 Scythis

2038 1712 2175 1767 adeo
2204 1710 2591 1767 clementiores
2620 1710 2733 1780 28
2764 1724 2872 1764 non
2903 1706 3148 1767 fuerunt,
3179 1712 3239 1758 ut
3266 1702 3479 1756 illorum
3507 1699 3613 1752 im-

2039 1804 2355 1861 mauitatem
2377 1803 2536 1873 longo
2557 1801 2845 1857 intervallo
2868 1795 3199 1868 superarint.
3235 1794 3419 1864 Neque
3443 1792 3609 1847 semel

2039 1896 2224 1950 miseri
2260 1896 2335 1950 illi
2371 1898 2439 1950 ab
2468 1905 2696 1963 utraque
2728 1904 2890 1965 gente
2918 1891 3050 1947 dirae
3075 1890 3236 1959 hujus
3259 1883 3611 1957 [transitionis

2039 1988 2383 2044 incommoda
2419 1989 2561 2057 passi
2598 1996 2750 2049 sunt,
2803 1985 2898 2041 sed
2948 1984 3031 2039 bis
3075 1989 3132 2038 et
3179 1990 3264 2036 ter
3293 1988 3349 2034 et
3388 1977 3609 2047 sumius.

2040 2077 2178 2133 Tum
2208 2078 2482 2138 verohaec
2508 2076 2698 2148 Angeli
2730 2076 3016 2152 grassatio,
3039 2075 3083 2128 si
3109 2072 3241 2142 quid
3272 2070 3462 2139 reliqui
3487 2066 3610 2132 fuit,

349 2165 641 2219 πεπτὼκει
673 2167 892 2235 παθεῖν,
924 2168 1062 2221 ἀλλὰ
1091 2170 1185 2221 καὶ
1220 2170 1300 2232 δὶς
1328 2156 1429 2223 καί
1459 2171 1580 2242 τρὶς
1603 2172 1702 2226 καὶ
1731 2170 1931 2225 πολλά.-

2035 2175 2089 2230 id
2120 2175 2232 2228 lere
2249 2181 2417 2227 totum
2439 2151 2772 2239 absumpsit.
2792 2168 2979 2237 Itaque
3001 2167 3192 2222 domos
3219 2177 3460 2231 eversas.
3481 2176 3614 2216 ιιιωο

352 2277 467 2319 κις.
509 2261 585 2313 Τὸ
624 2260 681 2312 δέ
722 2259 818 2313 νῦν
863 2262 1021 2316 τοῦτο
1068 2264 1162 2315 τοῦ
1230 2263 1490 2332 Ἀγγέλου
1557 2263 1670 2332 (54)
1730 2264 1933 2334 μικροῦ

344 2352 484 2415 πᾶν,
526 2351 661 2404 εἴτι
705 2352 1068 2420 ἐλλέλειπται,
1099 2354 1512 2425 προσανάλωσε.
1543 2356 1652 2408 Καὶ
1696 2350 1765 2425 ἦν
1800 2356 1931 2410 ἰδεῖν

2040 2266 2129 2320 nia
2160 2265 2361 2328 diruta,
2395 2262 2621 2317 Lemnia
2667 2262 2831 2323 mala,
2864 2260 3131 2329 'l'rojanas
3162 2258 3391 2320 manias,
3430 2255 3613 2313 omnis

2039 2360 2276 2427 denique
2304 2356 2522 2428 generis
2550 2353 2813 2409 malorum
2841 2352 3219 2424 spectaculum
3252 2350 3489 2405 videres.

344 2444 528 2496 οἰκία.
562 2446 1046 2517 κατεσκαμμένας,
1075 2448 1229 2519 τείχη
1267 2449 1675 2523 περιῃρημένα,
1706 2451 1927 2521 Λήμνια
1964 2454 2113 2507 κακά
2141 2452 2279 2521 (55),
2330 2451 2564 2524 θρήνους
2634 2449 2940 2521 Τρωῖκοὺς,
2970 2445 3220 2510 θπολλῶν
3270 2447 3369 2499 κα¹ι
3416 2457 3613 2498 παντο·

344 2535 541 2589 δαπῶν
584 2536 777 2590 κακῶν
829 2540 1164 2614 πανήγυριν.

1813 2661 2051 2718 CAPUT
2075 2662 2163 2717 lll.

341 2747 586 2805 Joannes
615 2750 762 2806 Asan
801 2752 1076 2878 ﬂuxurus,
1095 2754 1418 2811 Theodorum
1447 2756 1705 2828 Angelum
1739 2759 1850 2810 acie
1880 2757 2066 2819 uincit,
2115 2754 2278 2825 capit,
2331 2754 2581 2810 exerceat.
2613 2752 2848 2809 Joannes
2891 2753 3061 2808 Ducas
3110 2752 3335 2808 classem
3366 2755 3609 2810 instruit.
3714 2748 3717 2751 ⁷

422 2820 641 2894 (mulas
679 2825 843 2878 maris
931 2823 1043 2894 'gati
1073 2836 1122 2880 et
1150 2826 1386 2882 Rhodum
1414 2836 1654 2894 occupat.
1691 2827 1754 2881 In
1800 2828 2077 2892 Eumpam
2108 2828 2322 2880 transit.
2357 2825 2546 2880 Multis
2594 2826 2811 2878 urbibus
2845 2827 3065 2894 potitur.
3123 2824 3313 2878 Pacem
3364 2826 3464 2879 iuit
3490 2842 3608 2879 cum
3629 2889 3642 2894 _

422 2820 641 2876 Insulas
679 2825 843 2878 maris

978 2826 1043 2879 uti
1073 2836 1122 2880 et
1150 2826 1386 2882 Rhodum
1414 2824 1654 2894 occupat.
1691 2827 1754 2881 In
1800 2828 2077 2892 Eumpam
2108 2828 2322 2880 transit.
2357 2825 2546 2880 Multis
2594 2826 2811 2878 urbibus
2845 2827 3065 2894 potitur.
3123 2824 3313 2878 Pacem
3364 2826 3464 2879 iuit
3490 2842 3608 2879 cum

423 2891 701 2968 ῌιιίθᾳνὶεἔ
757 2889 1150 2963 Αεαηίἐρίὶαιτι
1179 2896 1289 2961 ﬁlio
1330 2915 1426 2953 suo
1460 2889 1679 2952 uxorem
1706 2898 1907 2968 jungit.
1946 2889 2170 2950 Ternobi
2210 2899 2484 2968 episwpus
2543 2889 2940 2968 metropolitani
2982 2895 3351 2965 jurisdictioni
3400 2889 3644 2951 subeue'

421 2961 633 3019 desinit.
670 2961 994 3035 Imperator,
1023 2969 1261 3022 omnibus
1300 2986 1331 3023 α
1365 2968 1624 3041 Byzantio
1658 2961 1726 3023 ad
1760 2961 2097 3039 Strymonem
2130 2961 2341 3020 urbibus
2381 2961 2617 3035 receptis,

422 3078 506 3133 A'.
555 3081 643 3135 Ἐν
687 3080 898 3148 τούτοις
952 3084 1064 3157 (56)
1114 3102 1180 3154 γε
1239 3084 1347 3156 μὴν
1387 3088 1501 3148 τοῖς
1540 3089 1753 3155 καιροῖς
1793 3080 1933 3157 ἦρχε

342 3171 461 3226 τῶν
505 3173 831 3243 Βουλγάρων
879 3178 909 3229 ό
958 3177 1055 3231 τοῦ
1109 3176 1330 3249 πρώτου
1371 3177 1539 3231 Ἀσὰν
1589 3179 1704 3243 υίὸς
1756 3178 1933 3235 ὄνομα

359 3263 645 3334 Ἰωάννης.
678 3260 847 3332 Οὗτος
872 3269 1016 3342 όρῶν
1064 3271 1157 3323 τὸν
1203 3271 1502 3340 εἰρημένον
1529 3270 1808 3341 Θεόδωρον
1838 3270 1932 3323 τὸν

347 3355 626 3423 ’Δγγελον
655 3357 777 3411 οὐδὲ
803 3360 913 3412 τῶν
940 3360 1328 3431 Βουλγαρικῶν
1376 3361 1716 3432 ἀφίστασθαι
1749 3376 1931 3431 πραγ-

350 3450 550 3518 μάτων
595 3449 939 3521 βουλόμενον,
981 3453 1096 3508 ἀλλ’
1129 3455 1232 3526 ήδη
1261 3456 1540 3515 κάκείνοις
1572 3455 1799 3528 βαρεῖαν
1832 3456 1928 3509 καὶ

347 3539 706 3610 βλάπτουσαν
760 3547 1034 3614 ἐπάγοντα
1091 3550 1272 3618 χεῖρα,
1324 3552 1660 3618 ,συμμάχους
1703 3551 1768 3604 ἐκ
1815 3547 1927 3601 τῶν

344 3630 579 3686 Σκυθῶν
607 3633 868 3703 είληφὼς,
916 3639 1286 3709 συρρήγνυσιν
1310 3641 1457 3713 αύτῷ
1487 3641 1726 3710 πόλεμον
1775 3642 1930 3713 ισχυ-

2730 2966 2913 3021 icwam
2942 2968 3245 3019 revertitur.

2104 3083 2147 3138 1.
2178 3084 2273 3138 liis
2302 3084 2639 3154 temporibus
2674 3083 2981 3153 imperabat
3011 3082 3255 3154 Bulgaris
3285 3082 3444 3152 primi
3476 3084 3611 3138 Asa-

2031 3175 2117 3229 nis
2145 3175 2286 3230 illius
2317 3172 2580 3234 Joannes.
2624 3174 2674 3230 ls
2705 3189 2830 3230 cum
2858 3175 3125 3244 Angelum
3159 3175 3507 3230 Theodorum
3538 3191 3607 3229 no

2030 3267 2333 3338 Bulgaricis
2379 3267 2599 3337 quidem
2638 3268 2801 3322 rebus
2833 3267 3137 3323 abstinere,
3162 3267 3301 3323 velle
3331 3278 3607 3331 cerneret,

2030 3362 2128 3417 sed
2155 3360 2267 3429 jam
2300 3360 2405 3414 illis
2440 3374 2662 3429 quoque
2689 3359 2973 3414 .inl‘estam
3005 3367 3062 3414 et
3094 3359 3349 3415 hostilem
3383 3374 3604 3415 manum

2034 3450 2328 3516 intentare,
2361 3451 2631 3523 Scythicis
2655 3450 2875 3506 auxiliis
2901 3442 3187 3506 accersitis
3209 3466 3334 3506 acre
3355 3466 3480 3507 cum
3507 3450 3603 3507 illo

2035 3543 2284 3610 praelium
2333 3544 2648 3612 committit,
2685 3543 2871 3613 illique
2910 3543 3056 3599 victo
3103 3552 3160 3598 et
3206 3551 3364 3613 capto
3411 3543 3605 3601 oculos

2038 3636 2263 3690 ell'odit:
2311 3636 2554 3693 vindicta
2603 3637 2821 3693 tandem
2859 3637 3011 3693 illum
3045 3647 3323 3697 assecuta,
3374 3645 3486 3691 tum
3536 3638 3607 3689 ob

353 3724 471 3790 ρον,
505 3725 605 3777 καὶ
635 3729 762 3798 νικᾷ
790 3729 887 3781 καὶ
912 3730 1189 3800 χειροῦται
1219 3732 1410 3785 τοῦτον
1441 3734 1536 3786 καὶ
1566 3736 1697 3796 τοὺς
1724 3733 1929 3799 ὀφθαλσο

2039 3725 2279 3781 ludibrio
2309 3727 2546 3782 habitam
2567 3726 2797 3782 Bottiani
2819 3725 3029 3795 imperii
3048 3725 3340 3795 legitimam
3365 3725 3607 3779 auctori-

353 3818 493 3880 μοὺς
531 3816 808 3885 ἐξορύττει
838 3819 923 3888 (Ρ.
967 3822 1052 3893 l6)
1084 3824 1182 3889 τῆς
1209 3823 1365 3893 δίκης
1390 3823 1489 3893 όψέ
1527 3824 1927 3896 περιελθούσης

2038 3831 2225 3885 tatem,
2258 3821 2415 3891 cujus
2450 3820 2554 3876 sibi
2586 3835 2785 3875 nomen
2815 3829 3105 3889 usurparat
3131 3835 3148 3885 ;
3178 3827 3290 3875 tum
3325 3818 3470 3888 quod
3502 3833 3604 3887 po-

349 3906 540 3973 αὑτὸν,
581 3904 655 3962 ὧν
681 3928 742 3963 τε
766 3912 863 3982 τὴν
893 3914 1125 3983 νόμιμον
1173 3918 1738 3988 περιεφρόνησε.τῶν
1787 3918 1929 3972 Ῥω-

282 4046 319 4062 ,
352 3996 533 4064 μαίων
570 3996 875 4068 βασιλείαν,
913 4002 1191 4071 βασιλείας
1223 4006 1403 4075 ἐαυτῷ
1451 4005 1702 4077 περιθεὶς
1729 4007 1924 4078 ὄνομα*

348 4088 453 4143 καὶ
485 4081 562 4144 ὧν
604 4092 740 4157 τοὺς
767 4093 1078 4163 ὁμοφύλους
1106 4092 1604 4168 κακοπραγοῦντας
1659 4099 1765 4151 ὑπ’)
1810 4099 1918 4155 τῶν

370 4177 655 4235 Ἰταλικῶν
704 4188 798 4236 καὶ
837 4186 1221 4259 Βουλγαρικῶν
1276 4187 1480 4256 ἐφόδων
1526 4186 1623 4240 καὶ
1673 4188 1927 4260 δακρύων

348 4270 483 4335 ἄξια
531 4274 861 4345 πάσχοντας,
916 4279 1015 4331 οὐκ
1064 4279 1319 4349 ἠλέησεν,
1377 4277 1513 4336 ἀλλὰ
1546 4278 1931 4352 δυστυχήμασι

345 4362 747 4437 δυστυχήματα
772 4370 1090 4439 προσετίθει
1130 4376 1225 4426 καὶ
1252 4373 1432 4441 φόνοις
1460 4375 1678 4444 φόνους.

425 4455 505 4513 B’.
539 4459 679 4529 Ἤδη
732 4460 791 4512 δέ
846 4463 941 4515 καὶ
996 4465 1024 4516 ὁ
1070 4463 1321 4533 βασιλεὺς
1351 4466 1607 4540 Ἰωάννης
1655 4470 1747 4523 ἐπὶ
1782 4471 1929 4541 μέγα

343 4548 637 4619 δυνάμεως
678 4552 887 4626 ηὔξησε
937 4555 1008 4610 τά
1052 4555 1339 4628 Ῥωμαίων
1381 4563 1705 4633 πράγματα,
1754 4563 1928 4631 δεξιὸς

346 4644 639 4708 οἰκονόμος
672 4651 865 4714 φανεὶς
911 4650 1008 4702 καὶ
1040 4650 1384 4723 κυϐερνήτης
1418 4654 1641 4722 ἄριστος
1666 4656 1768 4725 τῆς
1797 4658 1930 4726 ἠγε-

350 4738 587 4805 μονικῆς
627 4740 737 4790 τῶν
780 4739 1071 4809 Ῥωμαίων
1120 4742 1369 4808 ὁλκάδος.
1402 4745 1553 4809 Ναῦς
1590 4764 1649 4801 τε
1680 4750 1788 4820 γὰρ
1824 4768 1929 4820 μα-

355 4830 500 4898 κρὰς
563 4835 996 4898 κατεσκευακὼς
1047 4836 1149 4889 οὐκ
1195 4837 1404 4905 ὀλίγας,
1448 4842 1734 4893 ναυστολεῑ
1787 4843 1927 4911 πρὸς

343 4920 450 4981 τὰς
486 4924 630 4974 κατα
676 4926 770 4978 τὸν
798 4926 1028 4993 Αἰγαῖον
1059 4928 1278 4997 νήσους,
1314 4929 1414 4981 καὶ
1452 4930 1640 4993 πάσας
1673 4932 1731 4985 ἐν
1760 4932 1926 5004 ὀλίγῳ

346 5013 527 5082 χρόνῳ
559 5016 851 5085 λαμσάνετ,
906 5018 1119 5071 Λέσϐον
1176 5020 1277 5072 καῖ
1316 5020 1467 5086 Χίον,
1503 5022 1686 5091 Σάμον
1730 5040 1789 5075 τε
1829 5026 1926 5077 καί.

2037 3916 2258 3985 pulares
2307 3929 2438 3970 suos
2470 3912 2671 3967 Italicis
2718 3921 2776 3969 et
2821 3912 3116 3982 Bulgaricis
3151 3910 3623 3981 impressionibus,

2034 4005 2261 4061 alnictos
2287 4014 2346 4059 et
2373 4004 2724 4074 deploraudis
2756 4004 2913 4059 malis
2944 4004 3168 4058 allectos
3195 4003 3333 4058 adeo
3362 4018 3470 4056 non
3504 4009 3605 4077 mi-_

2035 4108 2249 4153 seratus
2274 4096 2470 4160 luerat,
2509 4106 2567 4151 ut
2609 4096 2772 4151 etiam
2807 4096 3147 4151 calamitates
3179 4095 3597 4160 calamitatibus,

2035 4188 2217 4244 caedes
2244 4186 2489 4243 caedibus
2518 4185 2842 4242 cumularet.

2101 4475 2171 4534 11.
2218 4475 2337 4532 Jam
2367 4491 2498 4532 vero
2537 4484 2592 4532 et
2629 4476 2929 4547 imperator
2959 4476 3201 4533 Joannes
3246 4476 3457 4548 imperii
3494 4476 3602 4530 Ro-

2029 4573 2174 4625 mani
2201 4572 2347 4627 vires
2380 4570 2609 4625 multum
2639 4576 2893 4637 auxerat,
2917 4570 3097 4625 callidi
3127 4568 3339 4625 scilicet
3378 4568 3599 4637 dispen-

2027 4664 2248 4727 satoris,
2298 4674 2355 4719 et
2396 4662 2590 4733 Optimi
2642 4661 2951 4732 reipublica
2999 4660 3382 4735 gubernatoris
3422 4660 3605 4731 oﬂlciq

2026 4756 2265 4812 functus.
2324 4757 2453 4811 Nam
2491 4757 2635 4812 haud
2691 4754 2879 4827 paucis
2936 4754 3111 4824 longis
3163 4753 3411 4815 navibus,
3463 4768 3598 4822 quas

2026 4848 2341 4913 reditu-arat,
2377 4850 2443 4903 ad
2493 4848 2664 4919 ίΕᾳεεί
2723 4848 2889 4903 maris
2920 4847 3127 4903 insulas
3180 4845 3453 4916 appulsis,
3491 4844 3600 4914 29

2025 4956 2121 4997 eas
2165 4956 2358 4996 omnes
2405 4942 2555 4996 brevi
2599 4952 2845 5011 tempore
2877 4940 3043 5011 capit,
3089 4939 3345 5004 Lesbum,
3376 4937 3597 4999 Chium,

2028 5034 2273 5099 Samum,
2320 5033 2569 5096 lcariam,
2600 5032 2739 5098 Con,
2789 5048 3017 5103 quaeque
3048 5032 3134 5113 his
3165 5031 3412 5087 ﬁnitima:
3442 5036 3590 5085 sunt.

357 5104 603 5179 Ἰκαρίαν
632 5111 730 5161 καὶ
762 5111 856 5162 Κὼ
896 5112 992 5164 καὶ
1026 5111 1151 5164 ὅσαι
1183 5112 1409 5175 ταύταις
1448 5114 1560 5167 εἰσὶ
1607 5120 1917 5184 προσεχείςο

2032 5126 2136 5180 Nec
2182 5126 2271 5180 bis
2299 5134 2591 5180 contentus
2634 5123 2883 5180 Rhodum
2932 5104 3314 5195 proﬁciscitur.
3364 5131 3419 5177 et
3471 5136 3590 5175 eam

340 5198 408 5249 οὐ
445 5198 608 5266 μόνον
655 5201 731 5266 δὲ,
762 5201 899 5254 ἀλλὰ
935 5203 1130 5267 διαϐὰς
1160 5205 1257 5257 καὶ¹
1309 5205 1367 5265 ἐς
1406 5204 1608 5271 Ῥόδον,
1643 5206 1918 5277 ἐγκρατὴς

345 5294 445 5345 καὶ
486 5292 659 5361 αὐτῆς
699 5294 1107 5353 ἀναδείκνυται.
1152 5298 1308 5352 Ἐπεὶ
1349 5298 1395 5353 δ’
1441 5300 1471 5353 ό
1509 5300 1610 5369 μὲν
1642 5300 1923 5370 βασιλικὸς

347 5386 536 5448 στόλος
589 5386 735 5441 οὕτω
794 5390 1251 5463 θαλαττοκρατῶν
1306 5387 1395 5464 ἦν,
1448 5394 1508 5446 ἐν
1563 5393 1607 5446 δ’
1653 5394 1805 5467 Ἀσίᾳ
1855 5400 1925 5449 τά

346 5479 593 5547 Περσικὰ
643 5483 1034 5553 στρατεύματα
1081 5484 1276 5555 ἔμενεν
1315 5480 1681 5556 ἀτρεμίζοντα
1708 5526 1724 5554 ,
1764 5487 1833 5542 τὰ
1865 5488 1923 5542 δὲ

340 5570 598 5627 Λατίνων
630 5575 956 5650 καταϐραχύ
994 5594 1056 5631 τε
1089 5579 1320 5652 ὑπέρρει
1348 5581 1446 5636 καὶ
1483 5582 1728 5647 ἀσθενῶς
1753 5579 1917 5655 εἶχεν,

2022 5232 2238 5287 quoque
2271 5217 2526 5287 potestati
2572 5233 2684 5272 suae
2723 5217 2963 5283 subiicit.
2998 5216 3136 5270 Cum
3188 5230 3318 5270 vero
3364 5215 3594 5291 impera-

2024 5312 2162 5364 toria
2196 5309 2388 5364 classis
2420 5309 2492 5363 ita
2542 5325 2692 5364 mare
2721 5311 3017 5374 obtineret,
3055 5307 3191 5363 etin
3227 5307 3351 5361 Asia
3385 5304 3589 5359 Persici

2022 5388 2299 5459 exercitus
2327 5403 2696 5474 quiescerent,
2721 5402 3039 5460 Latinorum
3061 5408 3242 5457 autem
3271 5401 3411 5454 vires
3435 5398 3592 5452 ﬂuxu:

2022 5507 2077 5551 et
2129 5497 2349 5552 cadncze
2379 5498 2637 5566 paulatim
2687 5496 3088 5558 minuerentur,
3136 5496 3243 5565 iam
3295 5493 3591 5560 imperator

2021 5601 2173 5641 arma
2203 5601 2269 5640 ex
2298 5586 2424 5640 Asia
2454 5586 2618 5640 etiam
2666 5585 2723 5640 iu
2758 5584 3024 5655 Eumpam
3058 5581 3352 5638 transferre
3383 5579 3588 5636 consti-

1694 5696 2022 5760 Variorum
2054 5706 2240 5761 notis.

417 5789 532 5863 (54)
557 5791 844 5873 ξιίειιαθιίε
881 5794 1071 5866 Nothi,
1103 5799 1258 5873 cujus
1309 5814 1471 5872 supra
1502 5799 1777 5869 meminit,
1824 5802 1919 5859 lib.

339 5877 383 5927 ι,
403 5877 527 5929 cap.
557 5864 611 5917 3.
636 5865 869 5921 Ducauc.

414 5932 531 6004 (55)
562 5932 797 6006 leuet»,
821 5937 1111 6015 Diogeniau
1143 5983 1158 6011 ,
1192 5942 1343 6001 Suid.
1380 5951 1485 6000 ctc.
1522 5942 1753 6000 Ducaa'c.

2097 5803 2211 5873 (58)
2236 5802 2491 5875 Acropol.
2520 5802 2835 5875 aestas.
2872 5800 3325 5875 Pachymer._l_ib.
3357 5816 3418 5875 _r,
3466 5812 3590 5865 cap.

2024 5870 2133 5943 50';
2163 5870 2470 5932 lticltardus
2498 5874 2569 5932 de
2596 5872 2656 5932 S.
2698 5872 2973 5931 Germano
3009 5870 3100 5928 an.
3153 5870 3314 5928 1230.
3354 5871 3590 5927 Ducam.
