4054 6592
261 426 366 496 tot
555 423 634 497 tt.
675 439 725 479 ο.
772 388 1219 498 1223;512:541

1365 426 1806 491 BYZANTIN/E
1847 430 2234 493 l-llSTORIJE
2278 434 2419 499 LIB.
2469 433 2552 495 Il.

2681 425 2815 500 (tur.
2857 441 3004 485 toan.
3047 424 3241 502 Ducas}

3375 467 3382 476 κ
3417 431 3525 498 163

258 546 430 610 ἄλλας
460 546 884 617 διανειμάμενος
913 548 992 611 εἰς
1025 549 1365 618 κατοίκησιν,
1439 549 1554 612 τοῖς
1602 548 1704 619 μέν
1771 553 1914 604 κατά
1953 547 2180 621 Θρᾴκην
2241 551 2336 604 καί
2389 547 2753 616 Μακεδονίαν,
2809 551 2924 615 τοῖς
2981 550 3029 603 δ’
3068 552 3132 605 ἐν
3169 550 3325 622 ’Δσέᾳ
3379 548 3524 603 κατᾶ

260 639 575 708 Μαίανδρον
605 641 698 692 καὶ
724 641 986 711 Φρυγίαν.

331 732 409 788 Γ’.
459 731 603 785 Ἀλλ’
641 732 734 786 ἐπὶ
769 732 868 804 τὴν
896 734 971 787 ἐω
1017 733 1177 790 πάλιν
1206 735 1356 806 ἡμᾶς
1396 735 1424 788 ὁ
1455 734 1613 804 λόγος
1660 734 1837 790 διαϐι-

2015 729 2106 786 Ill.
2148 732 2348 788 Verum
2387 733 2497 800 jam
2531 732 2585 788 in
2633 731 2913 788 Orientem
2966 741 3048 788 est
3096 735 3522 800 transeundum,

259 821 450 884 ϐάζειν
480 824 787 892 ἐπείγεται,
821 827 917 881 καί
952 827 1080 889 τοὺς
1120 825 1541 898 ’Υπερϐορείους
1597 828 1840 891 ἐκείνους

261 913 478 976 Σκύθας
510 915 649 982 (75),
682 915 733 970 οἳ
769 915 911 970 κατά
940 917 1038 986 τῆς
1085 916 1275 980 Ἀσίας
1312 919 1470 985 δίκην
1495 917 1716 986 ἀκρίδος
1747 917 1842 988 βα-

264 1005 417 1074 ρείας
449 1007 711 1076 χυθέντες
765 1009 913 1078 μάλα
950 1009 1193 1080 σφοδρῶς
1227 1009 1424 1080 μικροῦ
1460 1011 1646 1063 πᾶσαν
1683 1026 1842 1062 συνε-

262 1098 514 1168 κύκησάν
557 1117 618 1152 τε
651 1101 746 1153 καὶ
781 1099 1170 1157 ἐδουλώσαντο.
1224 1097 1380 1158 Οὗτοι
1411 1103 1520 1174 γὰρ
1556 1103 1741 1172 ἐπειδὴ
1775 1101 1844 1156 τὰ

265 1191 394 1258 περὶ
451 1190 554 1260 τὴν
616 1191 874 1245 Κασπίαν
921 1191 1084 1244 στενὰ
1143 1191 1420 1264 διέϐησαν,
1477 1195 1620 1247 κατὰ
1670 1192 1842 1247 νῶτον

263 1281 500 1347 ἀφέντες
545 1283 869 1350 Σογδιανούς
901 1293 958 1337 τε
997 1285 1092 1338 καὶ
1135 1273 1507 1355 Βακτριανοὺς
1559 1286 1656 1341 καὶ
1681 1282 1844 1352 Ὦξον

265 1373 360 1425 τὸν
397 1374 600 1441 Σόγδον
631 1375 744 1446 (76)
802 1377 1068 1447 ποταμὸν,
1101 1375 1160 1430 δν
1192 1376 1426 1447 μεγάλαι
1463 1393 1523 1430 τε
1550 1378 1646 1430 καὶ
1691 1378 1845 1434 πλεῖ-

265 1483 390 1518 σται
441 1475 706 1538 τρέφουσι
766 1471 962 1538 πηγαὶ,
1029 1469 1182 1542 παρὰ
1226 1469 1352 1533 τοὺς
1405 1471 1682 1541 πρόποδας
1735 1471 1847 1524 τῶν

265 1559 460 1629 πρόσω
513 1561 770 1629 μεγάλων
820 1561 962 1632 ὀρῶν
994 1561 1370 1633 διεχείμασαν,
1405 1562 1512 1616 τῶν
1543 1564 1721 1615 ἐκεῖσε
1748 1562 1847 1628 τῆς

267 1653 450 1723 χώρας
480 1654 701 1722 ἐκείνης
742 1654 966 1721 ἀγαθῶν
999 1652 1393 1719 ἀπολαύοντες,
1425 1654 1526 1706 δσα
1572 1652 1673 1723 τῆς
1707 1653 1850 1706 ἀνω-

266 1745 358 1798 οεν
392 1746 546 1807 λείας
579 1743 809 1802 ὤναντο.
847 1743 991 1817 Ὅρη
1023 1746 1080 1800 δὲ
1125 1747 1298 1800 ταύτὰ
1346 1747 1454 1800 είσι
1491 1746 1722 1799 πλεῖστα
1753 1743 1848 1798 καὶ⁸

268 1838 528 1904 μέγιστα,
564 1834 601 1889 ἃ.
629 1835 807 1888 πάντα
854 1827 1011 1891 κατῖ
1026 1835 1316 1906 συνέχειαν
1339 1833 1583 1907 ἀλλήλων
1616 1835 1848 1905 ἐχόμενα

263 1928 460 1997 ῶσπερ
501 1925 560 1980 ἐν
594 1927 810 1981 ἅπαντα
863 1927 1110 1997 γίνονται
1159 1929 1306 1999 ὅρος,
1352 1927 1567 1999 Ταῦρος
1621 1927 1847 1998 ὀνόματι

265 2019 611 2088 καλούμενον
650 2019 878 2090 γενικῷ,
914 2008 958 2088 ᾧ
992 2020 1134 2074 κατὰ
1166 2022 1330 2090 μέσον
1375 2018 1638 2090 ἀκριϐῶς¹
1660 2003 1850 2083 διέζω-

1938 833 2000 892 et
2031 825 2098 879 ad
2132 824 2252 879 illos
2282 824 2661 896 ilyberboreos
2693 824 2926 896 Scythas
2963 828 3316 894 veniendum,
3347 829 3439 898 qui
3468 831 3526 885 in

1943 916 2128 971 Asiam
2161 916 2306 971 velut
2355 932 2548 988 magna
2587 915 2671 971 vis
2706 917 3273 986 locustarumrcﬂ‘usi,
3322 937 3530 991 prope-

1945 1010 2166 1064 modum
2200 1011 2508 1065 universam
2549 999 2946 1064 eonturbarunt
2998 1019 3055 1065 et
3107 1023 3524 1080 oppresserunt.

1947 1100 2080 1154 Nam
2127 1100 2345 1172 Caspiis
2373 1101 2638 1172 angustiis
2669 1103 2966 1172 superatis,
3001 1101 3274 1174 Sogdiaua
3315 1120 3345 1158 a
3375 1116 3529 1177 tergo

1950 1193 2156 1258 relicta,
2193 1202 2248 1248 et
2293 1193 2604 1248 Bactrianis
2633 1201 2690 1248 et
2742 1192 2862 1248 Oxo
2909 1193 3090 1262 Sogdo
3129 1193 3375 1260 ﬂumine,
3431 1195 3528 1265 qui

1947 1286 2199 1355 plurimis
2231 1286 2409 1357 iisque
2437 1287 2650 1356 magnis
2699 1285 2945 1340 fontibus
2979 1292 3228 1352 augetur,
3265 1286 3332 1340 ad
3386 1286 3531 1339 radi-

1947 1392 2040 1433 ees
2097 1393 2424 1450 magnorum
2486 1372 2757 1433 montium
2815 1377 3093 1448 progressi
3145 1377 3526 1441 hibernarunt,

1949 1470 2198 1526 ubertate
2222 1471 2366 1526 illius
2387 1471 2622 1541 regionis
2645 1479 2701 1524 et
2723 1469 2900 1540 praeda
2923 1477 3052 1523 ante
3074 1477 3229 1540 parta
3259 1468 3528 1525 fruentes.

1948 1559 2166 1618 Montes
2197 1571 2379 1618 autem
2409 1563 2485 1617 illi
2517 1573 2572 1618 et
2607 1563 2832 1633 plurimi
2867 1571 2998 1618 sunt
3029 1569 3086 1617 et
3125 1561 3351 1616 maximi
3383 1578 3398 1614 :
3433 1560 3530 1629 qui

1949 1655 2095 1726 quod
2148 1671 2255 1709 una
2305 1653 2536 1724 quadam
2594 1653 2904 1708 continenti
2953 1652 3097 1708 serie
3141 1651 3437 1716 cohaerent,
3467 1651 3527 1705 in
3615 1646 3618 1649 ’

1950 1759 2118 1800 unum
2151 1745 2313 1799 veluti
2348 1753 2586 1798 montem
2613 1745 2947 1810 conﬂantur,
2981 1746 3076 1814 qui
3107 1743 3334 1798 nomine
3371 1758 3530 1798 como

1951 1837 2100 1890 muni
2154 1832 2368 1890 Taurus
2421 1835 2621 1899 dictus,
2679 1835 2862 1890 Asiam
2918 1835 3234 1889 universam
3286 1833 3534 1903 perfecte

1950 1930 2187 1985 mediam
2236 1928 2402 1999 cingit
2429 1944 2491 1983 ac
2526 1926 2739 1983 dividit.
2774 1925 3048 1997 incipiunt
3086 1925 3164 1980 illi
3189 1909 3273 1979 ἐι)
3301 1938 3525 1988 occasu,

1952 2019 2200 2092 proxime
2247 2017 2492 2090 [Egomet
2534 2033 2720 2084 mare;
2758 2017 2889 2073 inde
2941 2032 3071 2073 vero
3116 2015 3296 2072 exorsi
3361 2021 3532 2070 totam

271 2127 395 2164 αται
424 2113 578 2194 πᾶσα
624 2109 802 2167 Ἀσία.
846 2111 1012 2184 Ἀρχὴ
1046 2113 1146 2180 μὲν
1171 2114 1281 2182 γὰρ
1308 2111 1493 2167 αὐτῶν
1517 2113 1654 2183 πρὸς
1684 2111 1850 2182 ζέφυ-

1955 2113 2134 2168 Asiam
2162 2113 2220 2166 in
2248 2111 2597 2198 duas‘partes
2629 2119 2838 2175 secant,
2872 2110 3046 2165 donec
3066 2110 3135 2164 ad
3166 2107 3532 2165 Subsolanum

271 2221 366 2272 ρον
396 2203 602 2275 ἀνεμον
627 2205 700 2257 τὰ
737 2204 968 2273 ἐγγιστα
995 2202 1090 2259 τοῦ
1129 2205 1356 2275 Αἰγαίου
1383 2205 1654 2274 πελάγους
1683 2220 1702 2238 ο
1727 2203 1848 2275 σχί-

267 2300 425 2362 ζουσι
452 2298 510 2350 δὲ
552 2295 766 2351 ἐκεῖθεν
799 2299 1011 2366 ἐξιόντα
1051 2301 1110 2364 ἐς
1144 2301 1409 2373 τμήματα
1455 2298 1549 2353 δύο
1577 2299 1679 2371 τὴν
1724 2298 1854 2370 ὅλην

266 2391 646 2461 τελευτήσωσι
679 2391 772 2444 τδν
809 2390 1086 2448 Ὠκεανόν.
1395 2419 1434 2428 -π

344 2485 420 2536 Δ’.
467 2483 633 2536 Ἀλλᾶ
689 2481 800 2554 γὰρ
852 2477 989 2556 ἦρος
1047 2483 1465 2558 ἐπιγενομένου,
1504 2487 1594 2542 δτε
1645 2487 1757 2542 πᾶν
1791 2485 1854 2540 τὸ

268 2577 574 2646 πρόσωπον
598 2576 697 2645 τῆς
726 2578 830 2648 γῆς
855 2578 954 2650 τὴν
981 2578 1145 2651 χλόην
1184 2577 1284 2651 τῆς
1308 2579 1443 2645 πόας
1482 2580 1748 2647 ἐνδύεται,
1783 2581 1854 2634 τά

271 2666 432 2739 παρά
460 2669 589 2731 τοὺς
619 2669 894 2739 πρόποδας
923 2668 1032 2724 τῶν
1056 2670 1198 2741 όρῶν
1237 2671 1500 2742 χειμάδια
1529 2671 1854 2727 καταλιπόν-

267 2778 366 2822 τες
398 2761 450 2813 οί
484 2760 710 2825 Σκύθαι,
751 2761 1004 2833 καθάπερ
1031 2761 1255 2816 αίπόλια
1282 2763 1377 2818 καὶ
1409 2763 1685 2835 βουκόλια,
1709 2765 1854 2818 κατά

268 2853 485 2922 πλῆθος
510 2854 607 2916 τάς
639 2856 886 2925 κορυφάς
915 2855 1024 2908 τῶν
1048 2853 1191 2926 ὀρῶν
1217 2855 1642 2928 ὑπερϐάλλουσι,
1670 2858 1854 2929 ρέουσί

265 2961 331 2996 τε
389 2943 536 2996 κατὰ
593 2945 702 2996 τῶν
737 2945 1116 3015 ὑποκειμένων
1170 2945 1340 3000 ἐθνῶν
1395 2951 1491 3002 καλ⁵
1539 2949 1746 3010 πάντας
1797 2949 1854 3001 ἐν

265 3033 420 3105 λόγῳ
449 3034 599 3097 λείας
636 3035 976 3104 ποιούμενοι,
1022 3034 1110 3108 [Ρ.
1145 3035 1238 3110 τε]
1275 3039 1616 3093 καταντῶσιν
1649 3043 1705 3104 ἐς
1751 3038 1853 3092 Ίν-

267 3124 454 3196 δικὴν,
495 3125 668 3197 ὁπόση
706 3126 791 3194 ἐφ’
824 3123 1062 3198 ἑκάτερα
1094 3130 1274 3182 κεῖται
1317 3128 1411 3183 τοῦ
1454 3129 1714 3200 μεγίστου
1741 3131 1850 3184 τῶν

273 3215 546 3282 ποταμῶν
611 3215 800 3272 Ἰνδοῦ.
845 3218 958 3271 Καὶ
1004 3217 1179 3290 ταύτῃ
1219 3217 1383 3287 ζυγὸν
1423 3220 1703 3284 ἐπιθέντες
1735 3221 1854 3275 δου-

269 3308 454 3370 λυζας,
488 3307 671 3360 ούκὲτι
711 3307 850 3377 πρὸς
882 3308 957 3362 ἐω
988 3309 1190 3378 ταύτης
1237 3309 1498 3364 ἐπέκεινα
1537 3309 1736 3365 ὥδευον
1765 3312 1853 3366 διά

1956 2216 2179 2261 ventum
2203 2206 2354 2276 juxta
2382 2206 2494 2276 38
2528 2206 2705 2276 ipsum
2732 2203 3010 2260 Oceanum
3045 2205 3426 2260 terminentur.
3543 2269 3562 2300 ἱ

1906 2299 2120 2366 Ἀσίαν,
2189 2300 2348 2371 ἄχρις
2379 2300 2447 2354 ἂν
2484 2301 2543 2364 ἐς
2609 2297 2930 2369 ἀπηλιώτην
2977 2297 3179 2368 ἄνεμον
3208 2296 3338 2366 παρ’
3367 2294 3532 2350 αύτδν

2027 2481 2117 2538 IV.
2161 2479 2304 2538 Vere
2334 2481 2518 2553 igitur,
2545 2495 2668 2536 cum
2709 2478 2888 2534 omnis
2921 2470 3079 2533 terra’
3100 2478 3367 2549 graminis
3400 2477 3534 2534 viri-

1955 2575 2128 2631 ditate
2155 2575 2408 2637 vestitur,
2442 2571 2652 2628 relicﬁs
2677 2571 2743 2625 ad
2786 2571 3056 2625 montium
3095 2571 3310 2627 radices
3352 2571 3534 2627 hiber-

1955 2667 2063 2730 nis,
2121 2664 2337 2737 Seytba:
2388 2663 2538 2719 velut
2588 2662 2864 2717 bellorum
2913 2676 3106 2731 greges
3156 2663 3388 2717 boumve
3444 2680 3534 2718 ar-

1956 2767 2164 2823 menta,
2197 2756 2460 2813 montium
2493 2754 2780 2810 cacumina
2810 2763 3095 2824 superant,
3133 2763 3186 2809 et
3214 2756 3268 2809 in
3304 2755 3538 2826 populos

1956 2853 2234 2920 subjectos
2285 2852 2540 2915 irruunt;
2577 2864 2784 2918 eosque
2811 2864 3003 2902 omnes
3042 2847 3289 2918 prredati,
3340 2849 3393 2902 in
3440 2850 3532 2902 in-

1957 2946 2098 3000 diam
2128 2953 2433 3014 penetrant,
2471 2953 2674 3013 quanta
2708 2942 2762 2996 in
2785 2951 3076 3011 utramque
3103 2941 3277 3010 ripam
3309 2939 3533 2996 maximi

1957 3038 2245 3092 ﬂuviorum
2278 3035 2394 3091 lndi
2426 3044 2592 3105 patet.
2631 3034 2749 3100 Qua
2777 3033 2879 3088 sub
2907 3033 3095 3104 iugum
3128 3033 3318 3095 missa,
3342 3045 3542 3086 versus

1960 3140 2142 3185 ortum
2195 3129 2332 3183 ultra
2387 3127 2640 3198 progredi
2693 3125 3044 3191 destiterunt,
3084 3125 3155 3178 ob
3183 3124 3539 3194 asperitatem

1957 3231 2012 3275 et
2043 3230 2236 3275 uastum
2265 3218 2366 3273 loci
2401 3233 2417 3272 :
2451 3218 2546 3272 sed
2574 3217 2773 3271 itinere
2821 3215 2874 3269 in
2921 3215 3276 3269 Arachosiam
3308 3223 3362 3267 et
3403 3213 3538 3268 Car-

1963 3313 2195 3366 maniam
2227 3325 2514 3373 converso,
2543 3309 2795 3380 gentibus
2828 3307 2933 3362 illis
2984 3307 3141 3361 facile
3171 3305 3433 3368 subactis,
3467 3305 3540 3359 ad

271 3398 340 3449 τὸ
376 3397 548 3467 τραχύ
598 3414 656 3450 τε
687 3397 785 3451 καὶ
835 3398 1194 3469 καυματῶδες
1241 3397 1335 3450 τοῦ
1385 3400 1585 3451 τόπου·
1622 3397 1737 3452 ἀλλ’
1767 3399 1853 3451 ἐπ’

1959 3401 2240 3458 Chaldaeos
2289 3410 2342 3455 et
2388 3401 2601 3455 Arabes
2649 3407 3036 3470 pervenerunt.
3077 3397 3281 3451 Deinde
3331 3397 3397 3451 ad
3437 3395 3540 3448 Ba-

285 3489 636 3561 Ἀραχωσίαν
691 3509 752 3544 τε
799 3494 893 3546 καὶ
941 3487 1268 3562 Καρμανίαν
1311 3492 1410 3562 τὴν
1441 3493 1616 3563 ὁρμὴν
1665 3493 1853 3563 ἐποιή-

1962 3495 2210 3564 bylonius
2279 3504 2334 3548 et
2402 3495 2654 3564 Assyrios
2731 3490 3098 3562 transgressi,
3165 3499 3539 3558 oceupataque

273 3599 446 3634 σαντο
467 3599 480 3611 °
507 3583 599 3636 καὶ
632 3584 1079 3660 «tamquam»;
1108 3584 1554 3652 ύποκυπτόντων,
1586 3586 1677 3638 ἐπὶ
1709 3586 1853 3638 Χαλ-

1967 3587 2373 3657 Mesopotamia,
2404 3585 2718 3640 amoenitate
2751 3583 2859 3639 loci
2887 3583 3064 3638 allecti
3106 3583 3299 3652 longos
3337 3581 3408 3635 ibi
3445 3595 3543 3635 er-

271 3675 468 3736 δαξους
500 3675 762 3743 ἀφίκοντό
809 3693 870 3728 τε
901 3681 994 3730 καὶ
1045 3677 1318 3750 Ἀραϐας.
1355 3679 1592 3731 Ἔπειτα
1646 3679 1702 3740 ἐς
1754 3679 1853 3729 Βα-

1964 3693 2118 3734 roies
2149 3677 2366 3740 liniunt,
2428 3677 2589 3730 tertio
2647 3690 2792 3729 anno
2823 3683 3110 3744 postquam
3141 3670 3400 3726 laxarten
3435 3669 3542 3724 ﬂu-

275 3767 585 3834 ϐυλωνίους
615 3769 712 3823 καὶ
763 3769 1087 3844 Ἀσσυρίους
1120 3771 1430 3840 διαϐάντες,
1469 3773 1566 3827 καὶ
1606 3773 1853 3827 Μεσοπο-

1966 3775 2110 3827 vium
2185 3773 2514 3841 trajecerant
2574 3781 2631 3825 et
2682 3782 2711 3824 a
2765 3769 3121 3840 popularibus
3185 3767 3300 3823 suis
3365 3765 3540 3822 avulsi

273 3860 490 3926 ταμίαν
543 3853 955 3929 κατείληφότες,
1002 3862 1097 3914 καὶ
1143 3864 1267 3925 ταῖς
1295 3862 1388 3916 τοῦ
1429 3864 1598 3917 τόπου
1643 3863 1853 3934 χάρισιν

1969 3866 2152 3921 Asiam
2181 3863 2493 3919 inferiorem
2521 3863 2623 3917 sibi
2661 3861 3023 3916 vindiearant.
3347 3849 3354 3852 ”

276 3955 636 4024 ἁρεσθέντες,
682 3957 800 4008 ἐκεῖ
842 3955 942 4026 τὴν
977 3956 1193 4026 μακρὰν
1241 3958 1575 4013 καταλύουσι
1625 3963 1856 4031 πλάνην,
1899 3960 2020 4026 ἐτος
2085 3980 2188 4016 που
2224 3964 2326 4032 ήδη
2386 3961 2570 4030 τρίτον
2605 3961 2883 4024 ἀνύοντες,
2913 3959 3006 4029 ἀφ’
3034 3952 3094 4012 οὔ
3119 3959 3209 4012 τόν
3234 3974 3292 4010 τε
3335 3955 3554 4025 Ἰαξάρο-

275 4066 391 4115 ςην
444 4047 919 4118 διεπεραιώθησαν
967 4053 1218 4122 ποταμδν
1293 4054 1389 4107 καὶ
1461 4051 1569 4106 τῶν
1644 4053 1819 4108 ἀλλων
1867 4054 2161 4125 διέστησαν
2222 4053 2532 4124 ὁμοφύλων,
2585 4053 2681 4123 τῆς
2745 4053 2897 4106 κάτω
2963 4053 3151 4115 Ἀσίας
3208 4052 3550 4122 κληρούχους

281 4145 556 4205 τάξαντες
588 4142 839 4206 ἑαυτούς.

365 4237 443 4295 E'.
482 4241 692 4309 Ὠσπερ
722 4239 779 4293 δὲ
811 4241 923 4313 πῦρ
949 4243 1002 4305 ἐς
1031 4241 1164 4312 ὕλην
1207 4237 1431 4314 βαθεῖαν
1478 4241 1777 4318 ἐνσκῆψαν,
1802 4245 1853 4297 οξ

2040 4241 2106 4295 ν.
2150 4238 2255 4295 Sed
2294 4237 2755 4309 quemadmodum
2795 4236 2936 4308 ignis
2988 4237 3042 4292 in
3088 4238 3309 4292 densam
3347 4240 3539 4295 silvam

285 4334 460 4404 μόνον
513 4327 577 4406 ἧς
605 4328 667 4386 τδ
698 4329 916 4405 πρῶτον
951 4333 1235 4405 ἐδράξατο,
1285 4336 1492 4407 ταύτην
1543 4337 1853 4408 λυμαίνεται

1968 4335 2184 4391 delatus
2233 4349 2340 4389 non
2377 4349 2498 4388 eam
2532 4333 2733 4396 solum,
2767 4347 2926 4401 quam
2974 4333 3207 4402 primam
3257 4335 3542 4403 corripuit,

285 4427 486 4495 μόνην,
520 4425 636 4478 ἁλλ’
693 4428 740 4478 εί
771 4427 936 4498 ὁμοίᾳ
985 4430 1081 4483 καὶ
1110 4428 1262 4500 πάσῃ
1299 4431 1366 4500 τῇ
1423 4428 1584 4500 πέριξ
1627 4429 1853 4500 ἐντύχοι,

1969 4427 2264 4494 consumit,
2293 4424 2387 4480 sed
2419 4433 2472 4480 et
2502 4425 2908 4493 circumjeclam
2941 4439 3180 4490 omnem,
3219 4426 3264 4480 si
3305 4426 3354 4481 ei
3404 4429 3546 4496 pari-

280 4518 392 4588 ἢδη
445 4519 537 4571 καὶ
568 4519 751 4570 πᾶσαν
797 4520 1016 4588 ἐκείνην
1067 4521 1242 4591 ῥᾷστα
1286 4522 1674 4574 ἐπιϐόσκεταιο
1723 4523 1853 4574 οὖτα

1970 4531 2054 4578 ter
2088 4521 2244 4577 obvia
2272 4519 2456 4585 fuerit,
2491 4515 2746 4573 facillime
2777 4517 3089 4590 depascitur
3130 4537 3145 4577 ;
3183 4517 3262 4574 sic
3292 4521 3397 4574 dux
3428 4521 3546 4577 illo-

282 4613 386 4664 καὶ
415 4613 442 4662 ὁ
476 4611 580 4663 τῶν
640 4611 866 4664 Σκυθῶν
893 4612 1140 4682 ἀρχηγὸς
1186 4614 1417 4667 τουτωνὶ
1471 4617 1571 4686 τὴν
1596 4615 1696 4685 τῆς
1738 4613 1853 4685 ὅλης

1973 4632 2089 4669 rum
2122 4614 2466 4684 Scytharum,
2517 4612 2683 4666 totius
2716 4611 2857 4666 Asia?
2889 4610 2954 4664 ad
2986 4626 3202 4665 onmem
3246 4612 3543 4670 lmmanam

297 4703 492 4764 Ἀτίας
521 4701 796 4773 ἐξαίρετον
840 4704 974 4773 πρὸς
1009 4705 1224 4757 ἃπασαν
1257 4705 1602 4777 ἀνθρωπίνην
1634 4708 1869 4762 ἀπόλαυ-

288 4815 383 4848 σιν
422 4798 478 4860 ἐς
532 4799 748 4866 οἴκησιν
795 4795 1063 4861 ἀπολέξας
1096 4797 1296 4868 ἐαυτῷ,
1338 4799 1436 4852 οὑκ
1482 4799 1729 4869 ἠρέμησε
1773 4799 1865 4853 τοῦ

281 4889 504 4950 λοιποῦ,
561 4889 685 4942 οὐδὲ
729 4890 839 4942 τῶν
874 4892 1035 4961 πέριξ
1085 4892 1387 4960 ἀπέσχετοο
1426 4891 1558 4944 ἀλλά
1613 4894 1737 4954 τοὺς
1777 4893 1865 4944 ὑπ’

286 4984 444 5052 αὐτῷ
503 4985 790 5054 σατράπας
853 4986 949 5036 καὶ
1007 4985 1328 5055 χιλιάρχους
1393 4984 1862 5054 διαπεμπόμενος,

288 5077 509 5143 Πέρσας
546 5078 644 5147 μὲν
678 5075 896 5148 πρῶτον
942 5079 1032 5129 καὶ
1069 5077 1320 5147 Πάρθους
1366 5077 1460 5129 καὶ
1496 5077 1712 5147 Μήδους
1761 5096 1863 5128 πα-

289 5169 586 5235 ρεστήσαοο
623 5167 816 5219 ἔπειτα
837 5168 924 5220 διὰ
954 5171 1052 5238 τῆς
1087 5171 1331 5238 μεγάλης
1352 5168 1518 5222 ἀνιὼν
1551 5169 1863 5239 ’Λρμενίας,

288 5259 461 5326 ἣλασε
492 5259 623 5327 πρὸς
649 5259 749 5329 μὲν
773 5260 977 5331 ἄρκτον
1001 5262 1130 5331 ἄχρι
1157 5260 1412 5331 Κολχίδος
1439 5260 1534 5313 καὶ
1569 5261 1663 5329 τῆς
1689 5261 1867 5311 ἐκεῖσε

1971 4707 2415 4763 commoditatem
2476 4702 2933 4775 Opportunissima
2983 4703 3113 4759 sede
3173 4705 3275 4760 sibi
3314 4706 3544 4772 delecta.
3637 4741 3642 4745 -

1971 4809 2156 4870 postea
2197 4814 2304 4851 non
2337 4797 2570 4867 quierit.
2614 4812 2791 4866 neque
2823 4795 3066 4850 ﬁnitimis
3088 4796 3351 4851 abstinuit
3400 4817 3412 4853 :
3449 4802 3544 4855 sed

1970 4889 2203 4973 tribunis
2233 4891 2347 4945 suis
2372 4899 2426 4944 et
2457 4889 2692 4959 satrapis
2718 4888 2824 4941 alio
2849 4899 3012 4958 atque
3045 4889 3151 4944 alio
3182 4891 3385 4956 missis,
3418 4890 3546 4948 Per-

1970 4997 2058 5036 sas
2079 4985 2314 5051 primum
2346 4989 2400 5032 et
2422 4979 2653 5033 Parthos
2681 4989 2730 5032 et
2761 4977 2945 5033 Medos
2966 4980 3160 5051 subigit
3186 4999 3198 5045 ;
3222 4981 3331 5051 39
3353 4982 3547 5038 deinde

1970 5090 2062 5144 per
2103 5071 2419 5126 Armeniam
2473 5070 2731 5140 majorem
2792 5071 3138 5126 ascendendo
3177 5089 3376 5127 mersus
3425 5069 3550 5144 Sep-

1978 5153 2303 5219 tentrion'em
2336 5163 2402 5217 ad
2443 5162 2758 5218 Coit-bidem
2795 5171 2851 5217 et
2884 5163 3170 5218 finitimam
3209 5165 3283 5219 illi
3316 5165 3547 5222 lberiam

1977 5262 2239 5313 excurrit.
2276 5255 2522 5311 Habebat
2551 5272 2716 5326 porro
2747 5255 2802 5310 in
2835 5256 3038 5322 animo,
3068 5259 3424 5327 sequentibus
3453 5277 3550 5316 an-

1629 5417 1968 5479 Variorum
2011 5426 2199 5480 noue.

287 5584 350 5621 se
372 5565 718 5628 dediderunt,
745 5563 1864 5634 meminitCautaeuzenus.Iib.t,eap.‘2.
1950 5565 2119 5635 ‘bium
2148 5563 2468 5618 habitabant
2515 5562 2808 5635 Europtros
2858 5574 3036 5631 vocat,
3077 5565 3167 5621 lib.
3209 5577 3284 5629 ιν,
3339 5579 3462 5635 cap.
3493 5567 3549 5622 7.

445 5651 524 5688 NG.

445 5653 471 5687 Ν
491 5651 524 5688 “.

291 5639 635 5775 Daiei-5me
663 5706 927 5760 vocabulo
956 5702 1214 5759 Tartaros
1245 5704 1517 5758 Asiaticos
1552 5699 1757 5772 pariter
1789 5706 1872 5760 in-

1979 5634 2266 5778 ptggfbe
2298 5704 2413 5759 Oxo
2444 5706 2611 5760 ﬂuvio
2641 5707 2849 5777 egimus
2889 5703 2954 5759 ad
2986 5707 3078 5760 lib.
3116 5722 3129 5760 I
3178 5705 3459 5779 Bryennii,
3489 5723 3543 5766 η.

295 5778 510 5843 telligit.
551 5777 644 5844 qui
671 5779 901 5830 duribus
938 5775 1340 5843 Chiugischami
1379 5776 1503 5830 filiis
1540 5777 1724 5831 Asiam
1756 5777 1874 5832 fere
1981 5779 2035 5840 7,
2061 5775 2120 5847 ἰ).
2147 5779 2274 5834 20f.
2301 5779 2530 5832 Ilucmc.

295 5854 603 5904 univcrsam
669 5857 1038 5917 pervaserant,
1087 5861 1210 5900 cum
1293 5846 1386 5916 qui
1440 5862 1631 5904 versus
1694 5849 1875 5903 Danu-

2587 5883 2635 5902 κ
