4002 6614
534 382 638 473 163
817 394 896 476 [Α.
939 419 997 460 ιι.
1040 399 1182 458 6750
1218 416 1289 456 AD
1329 399 1498 474 6765]

1784 399 2205 464 N‘lCEi’IIOBI
2242 402 2631 462 GiiEGOR/E

2930 397 3068 470 [ιιιρ.
3111 414 3260 454 ιολκ.
3277 423 3284 432 ·
3304 395 3490 468 necas]
3689 397 3788 460 15.;

538 522 627 585 nis
655 519 978 576 interiorem
1009 534 1230 590 quoque
1257 517 1436 572 Asiam
1485 517 1770 588 pervagari
1804 526 1860 570 et
1902 514 2113 585 imperii

2235 515 2472 585 Ίδηρίας
2505 531 2518 546 ⁸
2551 514 2744 582 ἔμελλε
2775 513 2833 568 δὲ
2862 515 2964 586 ἤδη
2988 516 3048 579 ἐς
3077 517 3202 578 τοῖς
3232 513 3485 576 ἐπιόντας
3515 513 3789 573 ἐνιαυόὺς

527 613 613 668 sui
667 611 866 667 limites
924 612 1112 668 arenis
1165 610 1436 672 littorum,
1491 625 1598 680 qua
1653 624 1802 663 mare
1857 619 1912 662 et
1967 606 2112 662 terra

527 713 748 766 coeunt,
782 703 1077 758 terminare
1123 719 1137 756 :
1168 717 1346 772 neque
1381 701 1526 757 enim
1565 700 1845 759 ferendum
1879 715 2021 763 esse,
2057 705 2114 752 ut

530 797 639 851 ulla
669 811 804 866 gens
825 797 948 866 ejus
973 795 1166 854 ditioni
1203 811 1310 850 non
1359 795 1632 858 subesset,
1669 810 1789 864 quae
1813 809 1912 864 per
1943 801 2110 846 tutam

528 865 1074 942 Asiaticontinentem
1102 888 1171 942 ad
1203 884 1634 956 marina’ilsque
1677 886 1968 940 habitaret.
2001 865 2133 939 Sed.

529 986 642 1034 tum
670 978 854 1048 quiete
885 977 962 1032 ibi
1013 979 1302 1034 considere
1353 978 1735 1042 decreverunt,
1785 975 2105 1046 provinciis,

531 1068 784 1134 urbibus,
816 1069 1276 1132 habitationibus,
1308 1069 1650 1137 aliarumque
1681 1084 1861 1123 rerum
1888 1083 2110 1138 pnsses-

532 1158 794 1228 sionibus,
837 1159 1162 1230 prmdiisque
1216 1159 1534 1228 voluptariis
1593 1169 1650 1212 et
1718 1158 2110 1213 amoenissimis

527 1249 672 1306 inter
705 1267 762 1307 se
791 1251 1119 1308 distributis.

2222 609 2316 662 καὶ
2343 607 2433 660 διὰ
2474 607 2576 676 τῆς
2607 607 2890 678 ένδοτέρας
2938 609 3129 662 ἐλάσαι
3174 608 3358 667 Ἀσίας
3389 608 3484 658 καὶ
3509 605 3669 674 ὅμως
3696 604 3792 672 τῆς

2220 701 2431 764 οἰκείας
2459 702 2636 771 ἀρχῆς
2667 698 3006 770 ποιήσασθαι
3036 699 3134 764 τὰς
3181 698 3478 766 παραλίους
3505 697 3791 764 ψάμμους,

2219 796 2354 848 ὅπου
2390 793 2636 848 θάλασσά
2662 811 2718 846 τε
2748 794 2844 846 καὶ
2875 793 3102 864 ἧπειρος
3137 789 3455 854 σπένδονται
3475 804 3490 820 ⁸
3523 787 3658 856 μηδὲ
3683 787 3794 854 γὰρ

2218 879 2364 936 εἶναι
2397 885 2506 936 τῶν
2551 880 2816 945 ἀνεκτῶν,
2857 880 2964 945 ἔξω
2999 897 3055 933 τι
3093 879 3193 947 τῆς
3226 876 3410 932 αὐτῶν
3443 873 3793 943 ἐλλελεῖφθαι

2217 975 2425 1044 χειρὸς,
2462 974 2634 1026 ὁπόσα
2656 972 2755 1042 τὴν
2791 972 2892 1040 τῆς
2929 970 3116 1033 Ἀσίας
3149 969 3378 1040 ἤπειρον
3411 965 3632 1022 ἅπασαν
3661 966 3794 1036 ἄχρι

2217 1061 2504 1116 belua-56w
2529 1059 2774 1113 οἰκοῦσιν
2819 1058 3020 1112 αὐτῶν.
3051 1057 3203 1121 Τέως
3245 1051 3290 1108 δ’
3329 1054 3520 1108 αὐτόθι
3551 1053 3796 1122 καταμέ-

2217 1171 2330 1208 νειν
2363 1151 2701 1223 ἠρεμοῦντες
2750 1151 3114 1218 ὲγνώκεισαν,
3145 1149 3380 1218 κλήρους
3430 1145 3646 1208 ἑαυτοῖς
3676 1143 3794 1197 δια·-

2217 1245 2509 1314 νείμαντες
2555 1240 2749 1312 χωρῶν
2778 1242 2874 1294 καὶ
2921 1239 3151 1305 πόλεων,
3187 1237 3463 1308 διαφόρων
3505 1253 3565 1287 τε
3605 1234 3797 1287 οἰκιῶν

473 1314 495 1418 ξ
535 1348 632 1400 καὶ
685 1348 984 1416 κτημάτων
1040 1348 1263 1417 κτήσεις
1317 1345 1414 1400 καὶ
1474 1341 1848 1412 καταγωγὰς,
1905 1340 2106 1412 πολλὴν
2145 1335 2604 1410 ἐμπαρεχομένας
2621 1331 2700 1402 τῷ
2734 1331 2952 1400 σώματι
2981 1329 3252 1401 θυμηδίαν
3281 1330 3374 1382 καὶ
3403 1329 3640 1397 τρυφήν.

488 1433 498 1513 l
607 1435 696 1492 Vl.
737 1439 944 1490 Aurum
975 1451 1132 1500 vero,
1159 1445 1470 1506 argentum,
1505 1434 1686 1489 varias
1713 1433 1960 1503 pecuniae
1987 1449 2113 1504 Spe.

527 1529 662 1594 cies,
689 1537 1144 1598 sumptuosasque
1169 1527 1410 1594 divitias,
1437 1526 1637 1597 quibus
1671 1526 1786 1580 loca
1819 1526 1906 1578 illa
1937 1527 2110 1580 abun-

527 1623 681 1686 dant,
719 1622 807 1676 cui
849 1620 973 1676 usui
1006 1628 1192 1674 essent
1227 1634 1356 1674 cum
1406 1620 1588 1674 adhuc
1627 1612 1966 1688 ignorarent,
2001 1633 2108 1674 non

526 1727 688 1769 secus
727 1728 791 1768 ac
835 1713 1009 1767 lutum
1056 1727 1122 1766 ac
1170 1711 1340 1767 veluti
1381 1727 1466 1765 res
1501 1710 1745 1780 abiectas
1783 1719 1838 1765 et
1891 1709 2111 1764 inutiles

2289 1427 2384 1499 (τ’.
2415 1427 2628 1501 Χρυσδς
2663 1427 2844 1480 δὲκαὶ
2889 1424 3130 1494 ἄργυρος
3180 1423 3274 1476 καὶ
3329 1424 3631 1494 χρημάτων
3678 1438 3799 1475 ποε-

2217 1525 2366 1579 κιλία
2397 1527 2494 1576 καὶ
2529 1521 2851 1576 πολυτέλεια
2903 1518 3100 1590 (πολλὰ
3123 1519 3181 1572 δὲ
3209 1519 3386 1572 ταῦτα
3429 1520 3796 1589 ἐπιχωριάζει

2217 1615 2340 1672 κατ’
2392 1615 2639 1676 ἐκείνους
2681 1614 2809 1676 τοὺς
2852 1611 3086 1683 χώρους)
3126 1609 3279 1664 οὔπω
3315 1609 3647 1680 ἐγινώσκετο
3675 1611 3800 1664 τού-

2219 1727 2335 1773 τοις
2366 1710 2445 1771 είς
2473 1709 2501 1762 ὃ
2526 1725 2578 1762 τι
2609 1706 2858 1778 χρήσιμα
2885 1706 2972 1775 εἴη
3003 1706 3117 1766 τοῖς
3139 1703 3323 1775 έχουσι
3347 1721 3359 1734 ·
3393 1702 3476 1756 διδ
3504 1704 3601 1757 καὶ
3635 1704 3801 1770 παρέ-

524 1801 890 1874 negligebaut.
925 1799 1128 1856 Natura
1157 1799 1304 1854 enim
1335 1815 1422 1854 res
1456 1801 1798 1856 necessarias
1832 1800 1888 1853 in
1919 1799 2113 1869 primis

2221 1819 2412 1874 τρεχον
2442 1802 2581 1853 αὐτὰ
2631 1799 2723 1852 ἶσα
2754 1798 2852 1852 καὶ
2883 1797 3054 1860 κόνιν,
3081 1798 3178 1853 καὶ
3207 1795 3310 1850 ὃσα
3352 1794 3409 1858 ἐς
3439 1793 3574 1866 ὓλην
3605 1795 3803 1862 ἀνόνη-

524 1902 813 1956 monstrat,
849 1889 972 1962 qua:
1001 1891 1046 1947 si
1096 1901 1320 1962 propter
1367 1893 1655 1962 penuriam
1705 1901 1954 1960 angustae
2005 1905 2114 1944 non

523 1989 653 2044 sint.
682 1987 777 2040 sed
807 1985 1142 2054 benignitate
1168 1984 1398 2040 fortuna:
1421 1984 1718 2056 supersint,
1743 1993 1858 2038 tum
1911 1993 2118 2037 natura:

525 2077 863 2150 providentia
897 2077 1064 2136 veluti
1098 2092 1196 2148 per
1221 2078 1622 2134 :emulatiouem
1689 2091 1882 2131 rursus
1913 2077 2116 2132 excita-

529 2181 916 2242 turquatenus
957 2180 1135 2242 potest
1163 2171 1232 2226 ad
1265 2185 1328 2226 ea
1361 2169 1660 2240 diligenda,
1697 2184 1820 2239 qua:
1848 2167 2110 2224 sensibus

529 2265 704 2334 magis
731 2262 1098 2318 blandiantur.
1132 2261 1374 2328 Quorum
1396 2261 1624 2316 satietas
1650 2261 1693 2313 si
1727 2259 2114 2328 subsequatur,

526 2357 714 2409 statim
742 2371 804 2408 ea
836 2353 1214 2423 patrocinatur
1240 2353 1404 2408 rebus
1429 2355 1759 2422 superlluis;
1795 2361 1850 2408 et
1881 2354 2115 2423 primum

480 2498 483 2501 .
523 2447 828 2516 quamdam
853 2447 1018 2500 veluti
1054 2445 1299 2500 fraudem
1333 2447 1699 2514 machinatur,
1747 2461 1815 2500 ac
1857 2455 2114 2516 tanquam

465 2575 478 2588 κ
525 2551 716 2592 escam
759 2539 1074 2592 varietatem
1104 2551 1288 2592 earum
1341 2551 1526 2590 rerum
1565 2545 1621 2590 et
1655 2536 2115 2606 compositionem

525 2628 880 2698 multiplicem
933 2628 1156 2697 objicit;
1199 2613 1402 2684 deinde
1449 2643 1702 2684 areanam
1784 2627 2113 2700 voluptatem

527 2721 680 2792 quasi
729 2735 828 2790 per
873 2721 1110 2791 magicas
1154 2721 1460 2790 praestigias
1506 2719 1770 2786 insinuat,
1823 2734 1894 2788 ne
1947 2719 2116 2776 nimia

527 2826 710 2866 rerum
763 2809 1162 2880 superﬂuarum
1197 2812 1356 2883 copia
1389 2811 1571 2884 gravis
1609 2821 1666 2866 et
1711 2810 1941 2866 molesta
1997 2811 2110 2866 ﬁat.

526 2903 606 2958 Ita
639 2903 690 2958 bi
721 2903 832 2976 40
853 2918 1071 2973 quoque
1099 2905 1371 2974 principio
1401 2903 1535 2958 solis
1555 2903 1904 2966 necessariis,
1938 2903 2116 2972 iisque

527 2995 779 3064 angustis
827 2995 1034 3049 assueti
1069 3012 1083 3048 :
1113 2993 1310 3048 deinde
1361 2993 1418 3047 in
1458 3000 1538 3046 tot
1593 3007 1780 3046 carum
1833 2991 2114 3060 regionum

529 3082 941 3138 ammnitatibus
975 3085 1198 3150 versati,
1231 3095 1365 3154 quot
1403 3081 1825 3153 Babyloniorum
1859 3065 1915 3136 et
1943 3081 2110 3153 Assy-

2217 1911 2310 1946 τον
2334 1893 2617 1964 ἔρριπται.
2664 1892 2731 1946 Ἦ
2757 1891 2864 1961 γάρ
2891 1889 3054 1958 φύσις
3090 1889 3200 1943 τῶν
3238 1889 3556 1958 ἀναγκαίων
3587 1888 3800 1956 γίνεται

2220 1985 2439 2056 πρῶτον
2463 1984 2786 2046 διδάσκαλος
2807 1999 2820 2014 ⁸
2861 1983 2928 2036 ἂν
2957 1980 3089 2050 γοῦν
3115 1979 3292 2034 ταῦτα
3344 1979 3419 2051 μὴ
3449 1979 3648 2042 σπάνις
3677 1996 3802 2030 στε-

2219 2079 2434 2150 νοχωρῇ
2467 2095 2574 2141 τις,
2603 2076 2719 2129 ἀλλ’
2751 2077 2807 2138 ἐς
2859 2075 3064 2144 πλῆθος
3088 2077 3122 2144 ὴ
3154 2073 3294 2144 τύχη
3329 2073 3547 2144 παρέχῃ
3578 2075 3805 2142 προκεῖ-

2221 2169 2371 2234 σθαι,
2401 2168 2708 2238 τηνικαῦτα
2747 2167 2822 2230 ὡς
2848 2169 2914 2221 ἐκ
2949 2165 3290 2238 συγκρίσεως
3319 2165 3608 2236 προμηθὴς
3639 2160 3801 2226 αὖθις

2219 2259 2441 2331 ἡφύσις
2476 2260 2826 2324 καθίσταται,
2862 2259 2984 2317 κατ’
3032 2255 3285 2323 ἐξουσίαν
3319 2257 3380 2310 τὸ
3419 2255 3801 2326 προσηνέστε-

2222 2352 2343 2423 ρονί
2380 2351 2722 2420 ὲκλεγομένη
2780 2349 2968 2418 σαφῶς
3017 2351 3138 2412 ταῖς
3191 2347 3536 2418 αἰσθήσεσιν.
3580 2347 3685 2402 ’Ἂν
3741 2345 3802 2400 δὲ

2218 2444 2381 2512 κόρος
2415 2443 2511 2495 ἐπὶ
2545 2442 2760 2505 τούτοις
2790 2443 3041 2513 γένηται,
3077 2428 3379 2512 συνήγορος
3407 2433 3566 2504 οὗτος
3599 2441 3802 2494 αὐτίκα

2217 2535 2434 2601 καθίζει
2478 2538 2592 2598 rei;
2627 2537 2928 2606 περιττοῖς,
2981 2533 3241 2606 καθάπερ
3285 2535 3412 2588 τινὰ
3453 2533 3666 2604 πλάνην
3701 2534 3802 2586 καὶ

2215 2625 2409 2695 δέλεαρ
2441 2625 2838 2698 μηχανώμενος
2873 2625 3092 2696 πρῶτον
3122 2625 3221 2696 τὴν
3257 2623 3440 2679 αὐτῶν
3473 2626 3532 2688 ἐς
3567 2625 3805 2694 διάφορα

2216 2717 2334 2788 εῖδη
2367 2717 2645 2774 ποικιλίαν
2682 2719 2778 2771 καὶ
2825 2717 3117 2771 σύνθεσιν·
3163 2717 3401 2772 κᾶπειτα
3447 2717 3802 2788 ὲγγοητεύων

2215 2805 2422 2860 οὑτωσί
2469 2823 2587 2870 πως
2616 2806 2933 2878 ἀπόρρητον
2965 2807 3184 2878 ἡδονὴν,
3217 2806 3308 2860 ἵνα
3344 2805 3422 2877 μὴ
3453 2805 3516 2859 τὸ
3562 2807 3662 2875 τῆς
3695 2823 3802 2858 πε-

2219 2896 2538 2966 ριττότητος
2567 2895 2828 2967 ἐμϐριθὲς
2861 2895 3099 2968 ἐπαχθὲς
3127 2895 3384 2965 φαίνηται
3418 2893 3536 2966 ἅμα
3567 2913 3661 2947 και
3707 2895 3805 2947 λυ-

2215 2983 2416 3054 πηρόν.
2448 2981 2534 3056 [Ρ.
2575 2982 2669 3055 25]
2711 2983 2798 3048 Ὠς
2857 2985 2953 3037 νῦν
2998 3001 3062 3053 γε
3114 2986 3206 3038 καὶ
3259 2977 3406 3038 οὗτοι
3442 2985 3626 3054 μόνοις
3684 2990 3802 3050 τοῖς

2217 3074 2543 3141 ἀναγκαίοις
2581 3074 2735 3140 ὄντες
2769 3074 2981 3142 ἐθάδες,
3009 3075 3105 3129 καὶ
3129 3074 3344 3139 τούτοις
3376 3071 3798 3144 ἐστενωμένοις,

525 3177 733 3232 riorum
764 3175 998 3232 conﬁnia
1027 3177 1398 3248 suppeditant.
1426 3191 1524 3232 eas
1548 3191 1656 3230 non
1685 3190 1808 3230 esse
1832 3173 2097 3229 deseren-

2221 3165 2406 3220 ἒπειτα
2439 3165 2736 3230 τοσαύταις
2767 3167 2877 3221 τῶν
2905 3169 3090 3222 τόπων
3125 3169 3352 3221 ἐκείνων
3383 3167 3602 3240 χάρισιν
3643 3169 3806 3220 ἐντυ-

527 3267 627 3320 das
673 3266 989 3338 iudicarunt
1040 3285 1054 3321 :
1092 3267 1189 3321 sed
1243 3267 1514 3322 diuturnis
1571 3266 1679 3320 illis
1727 3265 2010 3336 laboribus
2053 3273 2110 3320 et

529 3358 677 3429 vagis
741 3360 992 3417 cursibus
1050 3359 1381 3428 repudiatis,
1444 3359 1516 3415 ibi
1579 3359 1976 3414 considendum
2054 3367 2108 3412 et

526 3450 788 3520 deinceps
823 3453 1120 3505 vivendum
1154 3466 1296 3506 esse.
1331 3451 1488 3506 Unde
1541 3451 1609 3507 iis
1655 3453 1936 3522 gentibus,
1972 3467 2108 3524 quas

530 3539 872 3605 invaserunt,
901 3556 1084 3596 annua
1122 3541 1324 3596 tributa
1363 3542 1769 3611 imposuerunt,
1801 3557 1903 3596 nec
1942 3557 2006 3594 ex
2043 3556 2110 3595 eo

531 3632 807 3688 desistunt
831 3647 926 3687 eas
957 3633 1336 3688 exactionibus
1367 3643 1422 3686 et
1454 3632 1650 3688 edictis
1699 3647 1796 3701 pro
1829 3632 2111 3702 mancipiis

530 3729 828 3798 quotannis
877 3727 1174 3798 exagitare,
1225 3736 1280 3782 et
1316 3729 1469 3784 velut
1518 3742 1586 3781 ex
1647 3741 1844 3798 magno
1899 3725 2110 3796 tripode

529 3819 748 3874 oracula
809 3819 1058 3886 reddere,
1097 3833 1161 3874 ac
1207 3834 1309 3890 pro
1358 3835 1457 3874 sua
1504 3819 1732 3874 libidine
1793 3819 2010 3890 quidvis
2053 3817 2110 3872 in

532 3911 654 3966 illas
675 3909 996 3967 decernere.
1167 3950 1192 3975 κ

601 4181 715 4238 VII.
757 4181 1000 4236 Tandem
1039 4177 1364 4234 cultioribus
1407 4175 1778 4248 Assyriorum,
1825 4175 2110 4232 Persarum

532 4287 590 4332 et
639 4275 1015 4331 Chaldaeorum
1067 4271 1316 4328 moribus
1376 4269 1756 4338 mansuefacti,
1805 4269 1872 4325 ad
1923 4285 2112 4324 eorum

535 4369 855 4439 religionem
889 4367 1248 4434 inclinarunt,
1293 4365 1473 4437 patrio
1520 4363 1764 4420 numinis
1799 4372 2116 4434 contemptu

539 4465 754 4528 relicto,
783 4462 1106 4530 illorumque
1155 4473 1336 4514 mores
1376 4468 1433 4513 ct
1466 4455 1717 4513 instituta
1751 4457 1807 4511 in
1842 4455 2110 4521 vestibus,

534 4555 592 4610 in
625 4561 948 4624 sumptuoso
980 4552 1150 4616 victu,
1183 4549 1509 4620 ueterisque
1541 4549 1668 4602 vita:
1719 4546 1934 4602 deliciis
1961 4562 2117 4602 rece-

532 4657 756 4720 perunt,
791 4653 940 4701 tanta
971 4641 1278 4698 mutatione
1315 4641 1478 4705 facta,
1514 4649 1575 4696 ut
1611 4656 1734 4695 eum
1765 4640 1916 4710 prius
1948 4649 2116 4710 caput

537 4755 726 4796 crasso
755 4749 810 4793 et
841 4735 1111 4808 promisso
1149 4733 1290 4804 pileo
1333 4740 1600 4802 tegerent,
1635 4740 1691 4786 et
1725 4731 1921 4802 reliqui
1949 4732 2118 4787 vesti-

535 4843 624 4889 tus
673 4832 856 4888 omnis
887 4829 1114 4884 felicitas
1150 4823 1470 4898 in..pellibns
1505 4825 1822 4906 animalium
1853 4833 1910 4882 et
1952 4825 2117 4884 coriis

505 4908 842 4980 .illaboratis
900 4921 1039 4992 apud
1088 4935 1184 4976 eos
1233 4917 1582 4984 consisteret,
1648 4933 1798 4972 arma
1855 4935 1984 4974 vero
2038 4919 2118 4974 eis

533 5029 722 5078 essent
751 5017 938 5082 clavae,
972 5016 1174 5081 fundae,
1225 5014 1418 5074 bas-tte,
1454 5013 1664 5078 sagittae
1695 5023 1750 5066 et
1778 5027 1960 5074 arcus,
1997 5027 2114 5065 0m-

535 5113 626 5167 nia
679 5127 746 5166 ex
805 5118 1050 5179 tempore
1099 5109 1324 5178 quernis
1361 5116 1419 5163 et
1463 5106 1585 5160 aliis
1633 5103 1908 5160 similibus
1957 5103 2114 5175 lignis

535 5203 823 5267 fabricata,
857 5197 1040 5270 qualia
1073 5206 1288 5254 montes
1333 5207 1388 5252 et
1423 5199 1592 5268 sylvae
1630 5195 1796 5251 certis
1824 5207 2115 5266 tempesta-

539 5295 681 5349 tibus
733 5301 931 5362 sponte
978 5289 1259 5344 nascentia
1316 5290 1652 5360 producuut,
1710 5289 1875 5345 iidem
1931 5299 2114 5358 postea

534 5395 718 5442 vestes
745 5384 985 5454 integras
1013 5381 1215 5438 sericas
1239 5392 1296 5436 et
1325 5396 1460 5436 auro
1509 5383 1834 5438 intertextas
1888 5397 2114 5451 usurpa-

438 5519 444 5528 .
541 5484 694 5538 rent;
750 5487 927 5541 usque
974 5469 1112 5525 adeo
1160 5471 1288 5524 luxu
1339 5469 1636 5524 immodico
1667 5469 1910 5525 dilﬂucrc
1935 5485 2120 5540 coepe-

537 5576 688 5633 runt,
720 5564 955 5637 pristina
995 5563 1124 5617 vita:
1172 5563 1384 5619 ratione
1414 5576 1640 5632 prorsus
1679 5561 1732 5615 in
1781 5565 2117 5618 contrarium

538 5669 770 5718 minata.

2215 3259 2423 3330 χόντες,
2465 3261 2670 3324 ὁπόσας
2705 3260 2736 3329 ἡ
2772 3257 3131 3313 Βαϐυλωνίων
3164 3261 3262 3313 καὶ
3297 3257 3605 3330 Ἀσσυρίων
3633 3261 3800 3328 φέρει

2215 3355 2544 3423 περίχωρος,
2598 3353 2787 3406 οὐκέτι
2837 3351 3044 3404 τούτων
3093 3347 3535 3404 ἀπαλλάττεσθαι
3571 3353 3804 3420 ἔκριναν

2213 3441 2350 3508 δεῖν,
2389 3441 2526 3495 ἀλλὰ
2559 3441 2773 3512 χαίρειν
2805 3441 3056 3503 εἰπόντες
3085 3439 3213 3502 τοὺς
3260 3439 3507 3508 μακροὺς
3546 3437 3803 3501 ἐκείνους

2216 3540 2415 3598 πόνους
2461 3537 2555 3587 καὶ
2592 3534 2979 3605 περιδρόμους,
3023 3534 3206 3586 ἐκεῖσε
3249 3529 3344 3586 τοῦ
3377 3531 3564 3586 λοιποῦ
3614 3534 3803 3582 ποιεῖ-

2217 3627 2340 3680 σθαι
2372 3625 2719 3696 καθημένους
2769 3627 2868 3694 τὴν
2905 3625 3139 3680 δίαιταν.
3189 3625 3433 3678 Ἐκεῖθεν
3480 3621 3540 3678 δ”
3572 3627 3802 3683 ὁπόσος

2216 3719 2452 3790 ἐπῆλθον
2505 3717 2706 3783 ἔθνεσι,
2755 3719 2954 3790 φόρους
3007 3719 3370 3786 συντάξαντες
3415 3713 3645 3782 ἅπασιν,
3694 3720 3803 3771 ινὰ

2218 3815 2327 3866 πᾶν
2355 3813 2415 3866 οὐ
2457 3811 2832 3866 διαλείπουσιν
2872 3811 2990 3874 ἔτος
3034 3809 3496 3880 δασμολογοῦντες
3526 3812 3622 3866 καὶ
3677 3814 3748 3862 ἐπ
3773 3839 3801 3850 -

2213 3907 2504 3968 τάττοντες
2528 3906 2630 3958 ὃσα
2667 3906 2764 3957 καὶ
2795 3905 2890 3956 καὶ
2905 3893 3132 3967 δούλοές,
3169 3903 3600 3974 χρηματίζοντες
3634 3903 3707 3964 ὡς
3734 3905 3802 3954 ἐκ

2219 3999 2458 4071 μεγάλου
2511 3997 2782 4070 τρίποδος,
2813 3997 2909 4051 καὶ
2959 3995 3372 4067 θεμιστεύοντες
3419 3997 3591 4050 ὁπόσα
3641 3999 3802 4064 σφίσι

2214 4091 2398 4162 δοκοίη
2427 4095 2486 4155 ές
2515 4091 2758 4154 ἐκείνους
2792 4079 3079 4164 καθήκειν.

2289 4184 2366 4239 Z'.
2401 4185 2492 4252 Τῷ
2545 4183 2603 4237 δὲ
2639 4186 2816 4258 χρόνῳ
2854 4187 2970 4249 τοῖς
3021 4183 3132 4238 τῶν
3177 4183 3483 4257 Ἀσσυρίων
3529 4183 3626 4238 καὶ
3658 4182 3806 4256 Περ-

2221 4275 2332 4328 σῶν
2358 4275 2454 4328 καὶ
2482 4273 2768 4330 Χαλδαίων
2798 4275 3160 4346 ὁμιλήσαντες
3185 4276 3645 4348 πεπαιδευμένοις
3673 4277 3810 4346 ἢθε-

2221 4382 2326 4430 σιν,
2369 4365 2428 4428 ἐς
2474 4381 2533 4418 τε
2583 4364 2646 4418 τὸ
2681 4365 2862 4443 αίιτῶν
2907 4365 3128 4419 ἔκλιναν
3175 4365 3362 4430 σέϐας,
3411 4366 3512 4435 τὴν
3565 4365 3804 4434 πάτριον

2221 4457 2412 4512 ἀθεῖαν
2470 4456 2726 4528 ἀφέντες,
2773 4457 2870 4510 καὶ
2927 4459 3042 4521 τοῖς
3111 4457 3294 4511 αὐτῶν
3359 4457 3805 4528 κεκοινωνήκασι

2223 4552 2414 4620 νόμοις
2452 4552 2549 4602 καὶ
2575 4549 2776 4617 ἔθεσιν,
2819 4549 2994 4604 ὁπόσα
3017 4567 3077 4602 τε
3117 4550 3174 4612 ἒς
3206 4547 3412 4618 ἐσθῆτα
3456 4550 3550 4602 καὶ
3588 4549 3810 4620 τράπε·
3875 4573 3886 4583 -

2221 4643 2324 4708 ζαν
2357 4643 2483 4710 ἄγει
2515 4641 2810 4712 πολυτελῆ,
2843 4643 2940 4694 καὶ
2972 4641 3146 4696 ὁπόσα
3189 4642 3290 4713 τὴν
3326 4641 3426 4712 τῆς
3462 4641 3628 4712 ἄλλης
3655 4643 3805 4697 διαί-

2218 4751 2316 4806 της
2371 4735 2704 4805 ὑπαγοοεύει
2765 4737 3002 4809 τρυφήν.
3063 4735 3154 4798 Ἐς
3215 4735 3487 4804 τοσαύτην
3537 4740 3646 4808 γὰρ
3698 4739 3806 4810 τὴν

2223 4829 2638 4898 μεταδιαίιησιν
2664 4828 2766 4898 ἤδη
2797 4828 3173 4902 παρήλλαξαν,
3206 4827 3348 4881 ὥστε
3397 4829 3666 4900 πρότερον
3700 4831 3807 4902 τὴν

2227 4921 2324 4988 μὲν
2351 4919 2598 4990 κεφαλὴν
2637 4921 2806 4991 παχεῖ
2833 4936 2940 4972 τινι
2972 4921 3114 4986 πίλῳ
3150 4919 3244 4974 καὶ
3266 4921 3536 4990 ἀνειμένῳ
3565 4920 3807 4976 σκέπον-

2220 5028 2332 5076 τες,
2363 5013 2460 5082 τῆς
2515 5012 2560 5066 δ’
2594 5011 2762 5080 ἄλλης
2820 5015 3000 5082 πάσης
3054 5014 3281 5083 ἐσθῆτος
3327 5015 3388 5066 τὸ
3421 5013 3681 5084 εὔδαιμον
3717 5020 3804 5078 εἰς

2219 5103 2467 5172 δέρματα
2505 5104 2658 5168 ζώων
2709 5103 2917 5176 άγρίων
2969 5105 3333 5175 ἐγκλείοντες,
3384 5108 3478 5160 καὶ
3533 5107 3807 5176 διφθέρας

2223 5196 2708 5264 ἀνεπιτηδεύτως,
2755 5197 2940 5262 ὅπλοις
2993 5198 3037 5250 δ’
3076 5200 3282 5270 ὁμοίως
3312 5198 3587 5271 χρώμενοι
3620 5201 3805 5272 ῥοπά-

2223 5289 2336 5352 λοις
2360 5289 2494 5357 τισὶ,
2535 5295 2626 5344 καὶ
2663 5292 3000 5359 σφενδόναις,
3035 5292 3226 5362 δόρασι
3272 5311 3332 5346 τε
3363 5294 3459 5346 καὶ
3493 5293 3678 5364 βέλεσι
3703 5296 3803 5346 καὶ

2225 5383 2400 5446 τόξοις
2454 5383 2820 5452 αὐτοσχεδίοις
2879 5387 3084 5439 ἅπασιν
3119 5385 3182 5439 ἔκ
3223 5403 3283 5439 τε
3323 5387 3500 5456 δρυῶν
3539 5389 3636 5441 καὶ
3688 5387 3806 5439 τῶν

2223 5475 2427 5544 ὁμοίων
2451 5473 2710 5546 δένδρων,
2739 5477 2841 5530 ὅσα
2866 5476 2966 5547 ὅρη
3000 5477 3096 5531 καὶ
3117 5477 3320 5548 λόχμαι
3345 5481 3465 5540 ταῖς
3487 5476 3658 5548 ὥραις
3680 5475 3812 5529 δου-

2228 5567 2454 5620 λεύοντα
2493 5570 2754 5637 φέρουσιν
2809 5571 3056 5640 αὐτοφυῆ
3113 5570 3490 5642 βλαστήματα,
3549 5576 3808 5638 capaci;

2231 5659 2328 5712 καὶ
2361 5661 2730 5730 χρυσοῦφέσιν
2777 5659 3003 5730 ὕστερον
3054 5661 3361 5732 ἐχρήσαντο
3403 5661 3515 5724 τοῖς
3543 5658 3689 5720 ὅλοις
3719 5660 3811 5711 ἑν-

539 5757 807 5830 δὺμασιν·
839 5760 896 5823 ἐς
923 5754 1178 5812 τοσοῦτον
1220 5753 1491 5826 ἀμετρίας
1552 5753 1858 5827 ἐξήνεγκαν
1923 5753 2022 5826 τὴν
2048 5816 2055 5821 _
2087 5753 2365 5826 ἁϐρότητα
2391 5756 2490 5827 τῆς
2515 5757 2746 5826 τρυφῆς,
2783 5759 2848 5812 ἐκ
2877 5757 3176 5830 διαμέτρου
3211 5757 3468 5823 καθάπαξ
3502 5757 3812 5826 στήσαν;ε;

539 5855 768 5917 ἑαυτοὺς
799 5853 897 5924 τῆς
929 5853 1200 5924 προτέρας
1231 5849 1485 5920 διαίτης..
