3984 6660
498 415 592 482 191
775 412 852 487 [ι.
893 429 954 471 ιι.
994 411 1135 468 6767
1178 410 1448 490 Ausus]
1530 408 1541 413 ·

1738 413 2162 478 NICEPHORI
2205 385 2597 476 obscenis

3654 410 3771 476 192

2905 406 3218 479 [rumorum
3258 408 3433 482 utst

492 540 687 580 socero
736 524 927 583 titulus
984 524 1221 595 despotaa
1268 524 1488 581 additus
1544 524 1719 579 fuerat
1764 542 1779 579 :
1837 526 2063 580 alteram

2176 526 2245 588 ὡς
2280 527 2309 578 6
2357 526 2515 592 λόγος
2549 522 2761 594 φθάσας
2795 523 3081 596 ἐδήλωσεν,
3135 520 3283 593 εἶχεν
3314 524 3416 596 ἥδη
3450 522 3642 577 λαϐὼν
3678 526 3767 588 είς

494 617 837 672 Theodoram
918 618 1269 687 Bulgarorum
1354 620 1603 689 princeps
1670 618 2068 673 Constantinus

497 708 736 767 Τωοιιυε
782 724 1006 764 uxorem
1057 709 1259 778 pariter
1304 709 1557 772 habebat,
1611 710 1755 779 quod
1795 719 1851 764 et
1888 710 2065 779 ipsum

490 801 607 870 jam
641 801 898 857 diximus.
945 801 1248 856 Restabant
1289 801 1407 856 alite
1440 801 1579 864 duae,
1617 802 1760 856 idem
1816 801 2070 857 orbitatis

487 894 680 964 jugum
714 896 1017 959 trahentes,
1043 910 1165 949 cum
1194 910 1360 964 puero
1411 894 1514 949 hoc
1543 893 1750 949 Joanne
1776 902 1909 949 natu
1961 892 2067 947 nii-

494 985 645 1036 nimo
686 992 907 1053 propter
935 999 1097 1053 quem
1131 985 1474 1054 imperatoris
1512 991 1895 1039 testamentum
1929 981 2067 1038 scri—

495 1085 651 1143 ptum
677 1077 945 1141 exstabat,
974 1092 1083 1146 quo
1119 1085 1270 1131 tutor
1298 1076 1374 1130 illi
1401 1076 1614 1131 Muzalo
1639 1076 1890 1136 dabatur.
1918 1090 2065 1146 pra:-

493 1174 753 1235 tereaque
810 1168 1219 1223 sanctissimum
1264 1167 1644 1238 jusjurandum
1694 1181 1724 1222 a
1754 1167 1982 1221 summis
2013 1175 2070 1222 et

493 1254 698 1333 inﬁmis
742 1267 994 1314 exactum
1047 1269 1162 1315 erat
1196 1277 1211 1315 :
1245 1275 1348 1317 nec
1401 1260 1456 1315 id
1488 1258 1679 1324 semel,
1703 1260 1798 1316 sed
1830 1259 2068 1329 primum

496 1343 829 1414 imperatore
889 1349 1199 1417 moriente,
1259 1350 1461 1407 deinde
1510 1350 1693 1406 statim
1768 1359 1889 1420 post
1947 1349 2070 1421 ejus

491 1437 726 1494 obitum.

2172 619 2409 687 γυναῖκα
2433 617 2667 687 νόμιμον
2693 618 2722 670 6
2746 616 2985 680 Αἰτωλὸς
3010 614 3349 687 Νικηφόρος,
3381 616 3410 669 6
3436 617 3528 669 καὶ
3553 616 3768 671 δεσπό-

2170 727 2271 780 της
2315 710 2404 764 διὰ
2428 710 2490 764 τὸ
2522 709 2686 779 κῆδος
2718 709 2871 781 παρὰ
2899 708 2992 762 τοῦ
3034 708 3297 780 πενθεροῦ
3318 709 3425 763 ικαὶ
3480 706 3761 778 βασιλέως

2170 800 2556 871 τετιμημένος.
2587 801 2700 871 Τὴν
2725 800 2782 853 δέ
2811 816 2874 870 γε
2901 799 3163 866 δευτέραν
3192 797 3291 867 τὴν
3315 798 3603 867 Θεοδώραν
3641 798 3762 865 (‘25)

2173 890 2318 964 εἶχεν
2343 892 2542 962 ὁμοίως
2573 895 2601 946 ό
2628 893 2737 946 τῶν
2765 892 3090 964 Βουλγάρων
3118 893 3303 962 ἄρχων
3335 882 3763 953 Κωνστανιὲῖνος

2172 986 2202 1039 6
2251 985 2463 1054 Ἰόἴχος.
2502 982 2586 1053 IP.
2629 982 2719 1055 δη
2766 984 2841 1047 ὡς
2896 985 3005 1048 ἄρα
3039 983 3103 1054 δὴ
3160 986 3257 1037 καὶ
3319 982 3464 1037 τοῦτ’
3499 982 3764 1051 ἕφθημεν

2171 1076 2476 1146 εἰρηκότες.
2500 1074 2812 1128 Ἐλείποντο
2828 1075 2885 1128 δὲ
2913 1076 3133 1147 ἧδη¹τδν
3160 1075 3322 1129 αὑτὸν
3352 1075 3450 1144 τῆς
3478 1074 3763 1145 ὀρφανίας

2172 1165 2430 1220 ἕλκουσαι
2457 1166 2619 1235 ζυγδν
2647 1165 2834 1234 ἕτεραι
2855 1166 3156 1235 θυγατέρες
3186 1164 3321 1232 δύω,
3354 1165 3451 1220 καὶ
3482 1167 3512 1219 6
3545 1166 3765 1218 νεώτα-

2172 1276 2267 1322 τος
2300 1252 2456 1321 οὗτος
2487 1260 2619 1322 παῖς
2665 1257 2917 1326 Ἰωάννης
2940 1274 2957 1291 ο
2987 1257 3053 1311 δι’
3083 1257 3143 1311 δν
3171 1257 3233 1311 ατ
3258 1273 3321 1310 τι
3349 1252 3447 1310 τοῦ
3481 1257 3762 1325 Malm:

2176 1351 2441 1423 ἔγγραφοι
2463 1350 2766 1419 ὲξετίθεντο
2791 1351 3048 1421 διαθῆκαι
3077 1350 3375 1421 ἐπίτροπον
3399 1350 3494 1403 τδν
3521 1346 3767 1413 Μουζά-

2175 1441 2321 1496 λωνα
2351 1440 2688 1496 καθιστῶσαι
2728 1440 2825 1495 καὶ
2856 1442 2994 1512 πρός
3036 1457 3100 1511 γε
3134 1440 3200 1513 δὴ
3238 1439 3532 1510 φρικώδεις
3566 1441 3760 1509 ὅρκω-

494 1533 682 1597 μοσίαι
717 1532 868 1600 παρὰ
900 1533 1116 1588 πάντων
1160 1534 1294 1603 ὁμοῦ
1332 1535 1586 1606 μεγάλων
1628 1553 1687 1589 τε
1720 1537 1813 1590 καὶ
1855 1533 2069 1606 μικρῶν
2109 1534 2486 1605 ὲτελέσθησαν.
2530 1533 2922 1604 Ἐτελέσθησαν
2982 1533 3040 1588 δὲ
3098 1522 3198 1604 οὐχ
3229 1531 3399 1598 ἅπαξ,
3426 1530 3568 1585 ἀλλὰ
3598 1529 3759 1599 ’περῶ⁹

490 1639 586 1676 τον
611 1624 707 1690 μὲν
726 1627 1084 1692 τελευτῶντος
1105 1629 1197 1681 τοῦ
1220 1627 1492 1699 βασιλέως
1510 1647 1526 1662 ·
1550 1628 1722 1683 ἔπειτ’
1740 1628 1903 1694 εὐθὺς
1932 1630 2071 1697 μετὰ
2102 1631 2202 1698 τὴν
2227 1627 2393 1683 αὐτοῦ
2422 1628 2702 1698 τελευτήν.
3650 1626 3658 1634 ’

566 1719 656 1775 Ill.
688 1719 819 1775 Nam
876 1723 1128 1779 homines
1176 1725 1396 1795 quidam
1456 1726 1721 1796 dignitate
1771 1735 1828 1781 et
1862 1724 2077 1797 generis

2249 1725 2324 1780 1".
2352 1725 2476 1777 Τῶν
2502 1724 2611 1792 γὰρ
2632 1725 2689 1776 ὲν
2709 1720 2986 1792 ἀξιώματί
3008 1736 3152 1784 τινες
3175 1719 3313 1774 κάπὶ
3330 1719 3523 1789 γένους
3553 1733 3617 1769 σε
3625 1733 3767 1785 μνυ-

489 1812 781 1878 splendere
815 1814 1077 1880 illustres,
1101 1832 1225 1871 cum
1281 1817 1580 1874 Muzalonis
1607 1818 1881 1873 fortunam
1914 1822 2073 1875 novi-

494 1913 605 1957 tate
638 1913 744 1958 tam
777 1906 1251 1983 subitanmtatam
1304 1919 1617 1977 cernerent,
1654 1910 1795 1967 inter
1834 1926 1895 1966 se
1920 1927 2072 1967 mus-

491 1995 753 2062 sitabant,
787 1982 933 2069 agre
964 1982 1200 2057 ferentes
1227 2001 1462 2057 delatum
1503 2003 1553 2058 ei
1606 2002 1872 2060 honorem
1898 2004 2074 2073 ipsius

491 2089 813 2144 coiiditione
865 2091 1169 2159 majorem;
1231 2109 1355 2150 cum
1416 2095 1570 2151 multi
1608 2105 1812 2159 essent,
1837 2097 1902 2151 ad
1935 2112 2075 2167 quos

499 2180 667 2234 simul
719 2189 770 2236 et
812 2183 978 2236 tutela
1036 2184 1185 2251 pueri
1241 2185 1610 2256 imperatoris,
1644 2198 1700 2244 et
1758 2189 2074 2260 reipublicae

492 2274 895 2329 administratio
927 2277 1102 2348 magis
1138 2278 1483 2348 pertineret;
1520 2290 1631 2335 tum
1665 2282 1811 2351 quod
1846 2281 2075 2352 propin-

491 2374 599 2426 qua
660 2364 989 2428 cognatione
1067 2365 1446 2436 imperatorem
1520 2367 1900 2438 attingerent,
1957 2380 2072 2427 tum

492 2449 637 2515 quod
667 2450 733 2504 ad
769 2450 1083 2522 hujusmndi
1119 2454 1300 2508 munia
1355 2456 1609 2511 obeunda
1635 2458 1861 2513 multum
1894 2461 2073 2528 aptio-

494 2554 582 2593 res
617 2550 807 2597 essent
838 2558 1004 2612 qnam
1049 2542 1278 2609 Muzalo,
1316 2546 1384 2600 ad
1417 2562 1577 2616 quem
1609 2549 2072 2604 contemnendum

493 2640 550 2684 ct
592 2632 720 2686 o:lio
760 2636 1230 2703 prosequendum,
1274 2646 1334 2691 ut
1359 2636 1459 2705 ipsi
1493 2639 1896 2712 dicebant,6&l
1930 2642 2073 2695 inul-

504 2724 574 2771 tre
625 2735 805 2775 causa;
860 2723 1117 2778 omnibus
1172 2730 1560 2798 suppetebant.
1607 2728 1741 2784 Nam
1797 2732 1944 2801 quod
1975 2747 2075 2787 nec

497 2825 699 2880 genere
733 2814 902 2870 nobili
933 2826 1084 2872 ortus
1133 2827 1376 2892 essetget
1404 2829 1462 2875 ut
1493 2821 1748 2879 homines
1780 2822 1935 2877 multi
1966 2840 2072 2895 pu-

496 2903 753 2958 nirentur
801 2922 1021 2976 operam
1058 2925 1211 2965 suam
1248 2927 1392 2983 saepe
1429 2914 1749 2982 imperatori
1810 2915 2076 2971 contulis-

498 3003 602 3054 set.
642 2995 722 3049 ha:
744 3011 832 3052 res
874 2997 941 3053 ad
970 3000 1090 3069 ejus
1123 3002 1309 3059 odium
1337 3004 1540 3059 animis
1565 3004 1708 3076 vulgi
1741 3004 2071 3076 ingeneran-

478 3086 630 3147 dum
652 3090 782 3144 satis
816 3090 1061 3148 eﬂicaces
1090 3106 1266 3153 erant.
1295 3095 1451 3163 Quod
1481 3094 1527 3152 si
1570 3098 1864 3168 imperium
1906 3099 2070 3154 etiam
2104 3081 2145 3139 ο

497 3180 910 3251 concupisceret
943 3200 1007 3239 ac
1059 3187 1379 3264 somniare},
1407 3197 1465 3245 ut
1494 3190 1713 3260 quidam
1768 3190 2073 3246 calumnia-

500 3268 723 3336 bantnr,
764 3274 816 3329 id
853 3291 985 3331 vero
1023 3292 1162 3348 quas
1196 3295 1306 3335 non
1361 3281 1583 3338 sceleris
1632 3281 1778 3337 faces
1816 3282 1873 3337 in
1914 3292 2077 3354 caput

394 3414 406 3427 ,
497 3361 620 3428 ejus
668 3366 1041 3425 accenderet?
1108 3368 1232 3426 Ha‘c
1282 3371 1625 3427 Muzaloncm
1666 3388 1776 3427 non
1810 3373 2075 3431 latebant.

500 3445 719 3503 Etenim
783 3453 866 3507 vir
909 3455 1003 3511 ille
1061 3473 1186 3513 cum
1242 3470 1403 3521 antea
1457 3461 1522 3515 ad
1570 3460 1696 3517 talia
1729 3460 2078 3534 intelligenda

499 3550 693 3595 acutus
720 3542 918 3610 fuerat,
957 3557 1071 3625 tum
1103 3550 1207 3605 hoc
1241 3553 1582 3622 negotiorum
1643 3564 1779 3610 testu
1834 3552 2080 3612 fervente

499 3639 555 3683 et
589 3630 874 3690 maximam
911 3641 959 3694 ei
991 3643 1160 3695 animi
1193 3645 1523 3700 anxietatem
1552 3646 1838 3714 all‘erente,
1869 3664 1929 3705 se
1958 3651 2080 3720 ipso

502 3724 665 3792 longe
697 3728 1020 3796 prudentior
1061 3734 1371 3792 videbatur.
1412 3737 1583 3809 Igitur
1622 3741 1938 3809 proceribus
1968 3759 2085 3798 om-

503 3814 665 3869 nibus
720 3817 1007 3877 celerrime
1066 3823 1117 3877 in
1159 3826 1368 3882 curiam
1431 3830 1769 3894 convocatis,
1801 3834 2081 3889 dexteram

506 3908 778 3963 universis
828 3912 1099 3984 porr‘git:
1135 3931 1199 3971 ac
1265 3927 1522 3988 tanquam
1577 3919 1807 3977 inferior
1848 3938 1972 3977 cum
2004 3924 2085 3979 eis

505 3999 835 4068 collocmns,
879 4006 1022 4060 haud
1075 4008 1312 4065 obscure
1360 4010 1486 4077 fert,
1540 4027 1600 4068 se
1636 4013 1874 4071 libenter
1909 4017 2086 4075 cuivis

505 4103 620 4147 tum
678 4097 1154 4157 administratiOne
1220 4104 1459 4173 imperii,
1524 4115 1639 4162 tum
1700 4108 1866 4163 tutela
1928 4111 2086 4182 pueri

508 4190 861 4256 imperatoris
888 4204 1169 4248 ec-ssurum
1194 4209 1344 4252 esse.

2172 1817 2414 1886 νομένων
2429 1813 2777 1885 λαμπρότητι
2799 1812 3195 1882 νεωτερίσασαν
3212 1810 3356 1863 οὕτω
3379 1807 3596 1877 ταχέως
3622 1807 3765 1860 [66v-

2170 1925 2261 1970 τες
2306 1906 2405 1978 τὴν
2445 1904 2538 1961 τοῦ
2582 1904 2938 1968 Μονζάλωνος
2983 1901 3155 1971 τύχην
3189 1898 3560 1971 διεψιθύριζον
3618 1898 3765 1968 πρὸς

2172 1994 2475 2069 ἀλλήλους,
2527 1997 2821 2068 ἀχθόμενοι
2868 1997 2936 2065 τῇ
2987 1993 3371 2064 πέρα-τούτου
3419 1994 3559 2062 τιμῇ
3617 1991 3765 2061 (26),

2174 2093 2388 2147 πολλῶν
2421 2092 2588 2146 ὅντων
2621 2088 2826 2162 ἑτέρων
2856 2090 2908 2144 οἱ
2941 2089 3141 2161 μᾶλλον
3163 2088 3376 2141 ἐκείνου
3406 2086 3767 2156 προσήκουσι

2174 2188 2275 2251 τήν
2300 2203 2361 2239 τε
2397 2184 2702 2256 ἐπιτροπὴν
2730 2184 2825 2237 τοῦ
2862 2180 3143 2252 βασιλικοῦ
3179 2181 3369 2245 παιδὸς
3392 2178 3764 2249 ἀναδέχεσθαι

2174 2281 2268 2334 καὶ
2299 2279 2416 2350 ἅμα
2442 2279 2544 2347 τὴν
2572 2277 2680 2331 τῶν
2706 2277 2902 2333 κοινῶν
2930 2266 3268 2346 πραγμάτων
3297 2271 3570 2342 διοίκησιν
3597 2270 3666 2322 εκ
3704 2286 3765 2322 τε

2173 2371 2268 2426 τοῦ
2299 2371 2586 2442 προσεχῶς
2615 2369 2672 2431 ἐς
2701 2367 2925 2437 βασιλέα
2954 2366 3016 2419 τὸ
3043 2369 3196 2434 γένος
3228 2364 3527 2432 ἀναφέρειν
3560 2361 3662 2414 καὶ
3693 2353 3764 2414 αὖ

2174 2465 2239 2518 ἐκ
2259 2442 2322 2532 γε
2342 2462 2438 2517 τοῦ
2459 2460 2673 2526 δεξιωτέ
2683 2477 2809 2530 ρους
2833 2458 3011 2528 πολλῷ
3035 2455 3336 2526 πεφυκέναι
3356 2457 3416 2518 ἐς
3440 2452 3511 2507 τὰ
3527 2451 3762 2506 τοιαῦτα

2173 2555 2208 2623 ἢ
2235 2554 2376 2608 κατὰ
2398 2552 2487 2605 τὸν
2508 2549 2865 2613 Μουξάλωνα.
2885 2549 3053 2620 ἄνδρα
3079 2547 3280 2611 πολλὰς
3298 2562 3467 2614 κεκτη
3476 2546 3648 2615 μένον
3668 2543 3764 2604 τὰς

2175 2646 2427 2715 ἀφορμὰς
2452 2646 2508 2706 ἐς
2529 2643 2590 2696 τὸ
2616 2640 3064 2712 περιφρονεῐσθαί
3085 2658 3144 2694 τε
3168 2639 3260 2692 καὶ
3293 2636 3577 2703 μισεῖσθαι
3609 2635 3762 2704 παρὰ

2176 2737 2415 2798 πάντων,
2444 2735 2522 2797 ὠς
2541 2733 2697 2786 αὐτοὶ
2722 2732 3061 2787 διετείνοντο.
3095 2731 3170 2785 Τό
3219 2747 3279 2783 τε
3313 2734 3422 2798 γάρ
3457 2728 3532 2800 μὴ
3566 2728 3761 2796 γένους

2176 2830 2340 2898 φησὶν
2368 2826 2623 2882 εῦκλειαν
2647 2826 2833 2880 ἕλκειν
2858 2824 2965 2878 άπὸ
2989 2824 3098 2878 τῶν
3130 2823 3368 2891 φύντων,
3425 2821 3487 2874 τό
3514 2838 3583 2874 τε
3632 2837 3759 2874 συν-

2177 2919 2337 2989 εργὸν
2362 2917 2616 2988 γενέσθαι
2646 2916 2721 2988 τῷ
2747 2916 2956 2988 βασιλεῖ
2987 2915 3246 2978 πολλάκις
3277 2916 3333 2977 ὲς
3367 2917 3465 2977 τὰς
3494 2913 3612 2967 τῶν
3634 2913 3764 2965 πολ-

2174 3011 2282 3065 λῶν
2331 3010 2622 3082 τιμωρίας,
2671 3009 2833 3064 ίκανὰ
2865 3008 3039 3065 ταῦτα
3084 3012 3240 3078 μίσος
3286 3008 3459 3061 δεινὸν
3511 3007 3762 3059 ἐντεκεῖν

2176 3105 2297 3167 ταῖς
2327 3103 2527 3175 ψυχαῖς
2555 3102 2668 3156 τῶν
2694 3101 2904 3156 πολλῶν
2929 3102 3053 3154 κατ’
3079 3094 3270 3155 αὐτοῦ.
3308 3100 3369 3153 Et
3393 3098 3452 3153 δὲ
3481 3100 3583 3153 καὶ
3611 3099 3767 3169 βασι-

2174 3200 2323 3262 λείας
2345 3198 2455 3270 ἦρα
2481 3198 2577 3253 καὶ
2607 3197 2813 3266 ταύτην
2844 3196 3218 3266 ὠνειροπόλει,
3251 3195 3433 3258 καθώς
3459 3212 3613 3257 τινες
3643 3194 3759 3247 δια-

2176 3291 2467 3355 ϐάλλοντες
2493 3289 2826 3362 προῦφερον.
2847 3290 3003 3342 τοῦτο
3025 3287 3083 3341 δὲ
3104 3287 3291 3352 ποίους
3311 3287 3415 3342 οὐκ
3444 3287 3511 3341 ἂν
3550 3287 3652 3357 άνῆ
3665 3303 3759 3338 πτε

2175 3383 2375 3445 κακίας
2403 3380 2648 3452 πυρσοὺς
2678 3378 2820 3435 κατὰ
2847 3378 2948 3449 τῆς
2984 3378 3151 3432 αὐτοῦ
3189 3379 3469 3448 κεφαλῆ;;
3499 3377 3687 3431 Ταῦτα
3714 3377 3760 3430 δ’

2112 3506 2129 3521 .
2177 3477 2278 3526 οὐκ
2306 3471 2546 3541 ἐλελήθει
2568 3468 2932 3533 Μουζάλωνα.
2959 3467 3141 3530 Δεινός
3172 3466 3270 3535 μὲν
3296 3467 3406 3537 γὰρ
3430 3466 3458 3518 6
3487 3465 3634 3535 ἀνὴρ
3668 3466 3761 3518 καὶ

2181 3564 2445 3635 πρότερον
2476 3558 2545 3633 ἦν
2571 3562 2629 3623 ἐς
2656 3560 2716 3614 τδ
2744 3560 2988 3613 συνιέναι
3011 3558 3237 3612 τοιαῦτα
3254 3573 3268 3588 °
3293 3556 3416 3611 τότε
3441 3556 3500 3610 δὲ
3532 3559 3629 3611 καὶ
3655 3557 3762 3608 τῶν

2181 3654 2526 3726 πραγμάτιον
2564 3651 2799 3718 ζεόντων
2827 3652 2923 3706 καὶ
2958 3650 3197 3718 ἀγωνίαν
3231 3648 3499 3720 μεγίστην
3536 3652 3605 3720 τῇ
3637 3647 3761 3702 τού-

2180 3763 2278 3800 του
2321 3744 2467 3816 ψυχῇ
2507 3742 2934 3814 προξενοῦντων,
2969 3742 3338 3812 συνετώτερος
3370 3741 3761 3809 καῦτδςδὲδόκει
3838 3790 3843 3807 ,

2183 3837 2364 3909 πολλῷ
2396 3836 2612 3892 ἑαυτοῦ.
2645 3837 2755 3891 Καὶ
2781 3836 2845 3907 δὴ
2876 3834 3264 3906 τὴνταχίστην
3293 3836 3350 3899 ἐς
3378 3835 3762 3905 βουλευτήριον

2180 3929 2432 3993 ἅπαντας
2483 3928 2819 3998 μεγιστᾶνας
2867 3926 3236 3998 συνηθροικὼς
3275 3926 3458 3993 δεξιάν
3499 3943 3561 3980 τε
3593 3926 3760 3981 ἑδέδου

2183 4023 2298 4085 τοῖς
2327 4020 2470 4082 ὅλοις
2502 4021 2599 4074 καὶ
2631 4019 2740 4073 ἀπὸ
2773 4017 2868 4072 τοῦ
2902 4018 3127 4088 ἥττονος
3175 4014 3458 4086 προῦφερε
3509 4017 3611 4087 τὴν
3639 4018 3760 4085 όμι-

2187 4113 2312 4168 λίαν
2336 4129 2350 4145 ⁸
2383 4113 2478 4166 καὶ
2503 4111 2662 4181 δῆλος
2688 4107 2757 4181 ἦν
2792 4110 3211 4181 παραχωρήσων
3242 4107 3497 4177 ἁσμένως
3527 4107 3607 4178 τῷ
3639 4109 3731 4178 βου

2187 4204 2395 4275 λομένῳ
2415 4206 2513 4273 τὴν
2530 4202 2831 4274 ἐπιτροπὴν
2846 4202 2956 4254 τῶν
2981 4217 3041 4255 τε
3082 4200 3277 4254 κοινῶν
3302 4200 3651 4271 πραγμάτων
3673 4198 3763 4252 καὶ

2188 4295 2353 4352 αὐτοῦ
2383 4294 2447 4368 δὴ
2482 4295 2576 4349 τοῦ
2606 4295 2799 4357 παιδὸς
2827 4292 2921 4347 τοῦ
2958 4292 3246 4363 βασιλέως.

580 4369 669 4426 ιν.
700 4370 971 4439 Quoniam
1002 4392 1131 4432 vero
1158 4391 1351 4436 omnes
1397 4381 1564 4438 simul
1587 4385 1733 4440 velut
1761 4403 1825 4443 ex
1860 4404 2079 4461 compo-

2259 4396 2333 4445 A'.
2377 4390 2532 4444 'Ercsl
2560 4388 2617 4442 δὲ
2665 4387 2863 4449 πάντες
2905 4385 3002 4454 μὲν
3041 4384 3231 4454 ὥσπερ
3263 4385 3371 4439 άπδ
3416 4384 3761 4455 συνθήματος

507 4462 615 4518 sito
644 4467 994 4536 recusabant,
1023 4479 1078 4525 et
1107 4486 1235 4527 eum
1268 4474 1670 4545 praeferendum
1702 4495 1824 4537 esse
1854 4488 2084 4540 conﬁte-

515 4556 738 4626 bantur,
799 4576 962 4630 quem
1006 4563 1241 4633 ipsemet
1298 4583 1482 4623 rerum
1517 4581 1575 4626 et
1623 4575 1777 4643 pueri
1835 4578 2086 4635 dominus

508 4664 645 4718 supr
668 4668 909 4723 musque
970 4656 1176 4712 arbiter
1241 4657 1539 4729 imperator
1593 4664 1897 4732 digniorem
1932 4669 2085 4739 judi-

507 4760 689 4807 caasct
723 4764 736 4800 :
773 4747 982 4803 Muzalo
1036 4760 1219 4805 autem
1268 4754 1419 4808 nullo
1475 4756 1637 4811 modo
1687 4759 1935 4823 cedebat.
1989 4763 2087 4819 sed

511 4838 726 4893 lortitcr
780 4843 1088 4910 resistebat,
1121 4845 1296 4907 Otium
1355 4847 1671 4918 praeferens,
1703 4862 1760 4906 et
1791 4858 2073 4924 negotium

511 4932 643 4986 totis
680 4931 849 4986 animi
901 4934 1109 4990 viribus
1147 4951 1212 4991 ac
1262 4936 1610 4995 hicnltatibus
1665 4958 1693 4995 a
1728 4957 1785 4998 se
1818 4945 2085 5001 amoliens

511 5030 736 5091 pr0pt'r
790 5024 1145 5094 obrepentem
1209 5029 1490 5096 invidiam,
1539 5046 1604 5086 ac
1656 5032 1710 5087 in
1772 5035 1961 5103 primis
2014 5038 2087 5092 ob

514 5114 846 5185 periculum,
902 5118 1046 5186 quod
1104 5119 1441 5176 subobscure
1505 5122 1629 5178 inde
1672 5127 1969 5196 apparebat
2032 5138 2089 5184 et

512 5203 889 5271 conﬂabatur;
944 5206 1147 5262 idcirco
1204 5207 1578 5278 jusjurandum
1618 5212 1801 5281 priore
1845 5214 2087 5269 sanctius

512 5312 579 5353 a3
632 5296 806 5368 magis
859 5300 1204 5356 tremendum
1250 5301 1432 5379 datur.
1488 5301 1596 5374 65
1646 5302 1842 5359 Jurant
1894 5321 2089 5361 onmes

2191 4479 2327 4552 ὁμοῦ
2384 4477 2745 4549 παρῃτοῦντο,
2797 4474 2962 4528 αὐτὸν
2999 4474 3370 4545 προτιμᾶσθαι
3402 4474 3525 4526 τῶν
3590 4473 3761 4528 ἄλλων
3852 4520 3853 4523 η

2157 4635 2163 4643 ν
2189 4570 2600 4640 ὁμολογοῦντες,
2633 4568 2693 4621 ὅν
2720 4567 2815 4620 καὶ
2848 4565 3100 4636 βασιλεὺς
3129 4566 3290 4629 αὐτὸς
3311 4567 3340 4618 6
3368 4566 3478 4620 τῶν
3508 4562 3762 4635 πραγμά-

2186 4679 2303 4715 των
2330 4663 2423 4715 ml.
2453 4661 2547 4714 τοῦ
2569 4660 2754 4721 παιδὸς
2777 4656 3063 4711 ἐδικαίωσε
3086 4657 3273 4727 κύριός
3294 4674 3352 4712 τε
3380 4659 3473 4711 καὶ
3498 4654 3764 4725 αὐτοκρά-

2191 4772 2325 4823 τωρ,
2361 4755 2389 4808 ὁ
2430 4754 2487 4807 δὲ
2518 4751 2822 4816 Μουζάὶων
2871 4751 2980 4804 οὐδ’
3025 4750 3276 4804 ὁπωσοῦν
3322 4750 3592 4814 ἐνεδίδου,
3628 4745 3761 4800 άλλά

2191 4846 2457 4915 γενναίως
2485 4843 2798 4907 ἀνθίστατο,
2828 4843 2928 4911 τήν
2958 4856 3016 4894 τε
3043 4840 3278 4910 ἡσυχίαν
3308 4838 3639 4910 αἱρούμενος
3673 4835 3762 4888 καὶ

2190 4940 2251 4992 τὸ
2286 4939 2520 5009 πρᾶγμα
2547 4928 2935 5004 ἀποσειόμενος
2968 4933 3118 4996 ὅλαις
3155 4932 3355 5001 ὁρμαῖς
3386 4932 3483 4985 καὶ
3517 4931 3761 4999 κινήσεσι

2189 5028 2289 5097 τῆς
2316 5028 2491 5098 ψυχῆς
2514 5028 2604 5081 διά
2630 5044 2689 5079 τε
2719 5026 2811 5081 τὸν
2832 5025 3136 5094 ὗφέρποντα
3153 5014 3354 5092 φθόνον
3377 5022 3454 5093 τῷ
3476 5020 3759 5093 πράγματι

2190 5122 2288 5175 καὶ
2321 5122 2557 5190 μάλιστα
2586 5120 2676 5172 διὰ
2704 5118 2798 5172 τὸν
2833 5117 3084 5171 ἐντεῦθεν
3118 5115 3554 5184 ὑποφαινόμενόν
3584 5128 3641 5165 τε
3671 5108 3759 5161 καὶ

2193 5214 2500 5283 πλαστουργ
2514 5214 2576 5264 ού
2585 5227 2747 5282 μενον
2764 5210 3006 5263 κίνδυνον
3024 5227 3035 5238 ·
3055 5207 3485 5278 φρικωδέστεροι
3506 5205 3615 5259 τῶν
3634 5215 3759 5271 προ-

2184 5305 2359 5376 τέρων
2387 5304 2542 5373 ὅρκοι
2580 5302 2744 5357 πάλιν
2782 5302 3075 5370 ἐγίγνοντο
3098 5316 3112 5331 ·
3137 5300 3249 5354 ’καὶ
3280 5298 3502 5369 ὤμνυον
3526 5298 3757 5358 ἅπαντες

516 5399 627 5444 tam
676 5390 888 5447 nobiles
943 5394 1105 5463 qualn
1150 5409 1227 5450 ext
1263 5394 1420 5465 plebe
1489 5396 1729 5463 militari,
1779 5397 1991 5468 sibique
2035 5409 2079 5454 el

2187 5397 2303 5449 ὅσοι
2332 5396 2441 5448 τῶν
2471 5395 2528 5447 ὲν
2557 5392 2833 5464 ἀξιώματι
2871 5393 2965 5446 καὶ
2992 5391 3108 5446 ὅσοι
3135 5392 3228 5445 τοῦ
3258 5392 3438 5461 δήμου
3468 5390 3563 5446 τοῦ
3596 5401 3756 5459 στραο

514 5483 616 5537 ιυιὶ
675 5481 897 5538 familire
955 5500 1067 5540 suae
1118 5487 1343 5556 quilibet
1389 5488 1783 5557 imprecantur,
1824 5490 1878 5544 nl
1946 5489 2088 5561 quod

511 5574 813 5647 jnrassent,
841 5576 1091 5649 religiose
1117 5588 1420 5644 servarent,
1443 5595 1507 5635 ac
1543 5580 1808 5641 Muzahuii
1842 5583 2090 5648 tutelam,

2187 5486 2467 5541 τιωτικοῦ·
2496 5487 2590 5539 καὶ
2610 5486 2763 5554 σφίσι
2785 5500 2845 5537 τε
2875 5484 3058 5547 αὐτοῖς
3084 5480 3228 5556 ἦσαν
3254 5484 3598 5557 ὲπαρὼμενοι
3629 5494 3757 5534 atavo

2190 5580 2457 5651 ωλεθρίαν
2500 5581 2594 5636 aal.
2634 5578 2836 5633 ἅπαντι
2867 5575 2945 5648 τῷ
2976 5577 3120 5648 γένει
3152 5578 3299 5650 σφῶν
3323 5578 3576 5643 ἕκαστος,
3613 5575 3657 5628 εἱ
3686 5569 3757 5641 μὴ

1871 5699 2197 5760 Variorum
2236 5704 2420 5761 notze.

621 5796 708 5865 25$)
746 5799 953 5871 (reneri.
988 5800 1121 5856 Vide
1151 5816 1312 5869 supra
1338 5816 1457 5871 cap.
1485 5801 1537 5867 2,
1576 5816 1730 5856 num.
1762 5799 1814 5855 5.
1843 5800 2044 5871 Borvm.

592 5871 706 5941 (‘26)
751 5869 923 5927 Verba
957 5882 1230 5942 Stlspocla,
1268 5873 1360 5928 sed
1404 5869 1543 5927 elara
1588 5872 1877 5928 sententia.
1922 5870 2195 5925 λγηιινιυς.
