3984 6578
265 3249 311 3266 κ

307 402 418 468 197
594 398 674 476 [Α.
713 414 765 456 c.
811 398 948 456 1258
990 417 1058 456 ,ιο
1105 395 1260 474 1259]

1374 407 1820 469 BYZANTIN/E
1861 405 2249 468 IIISTOllL’E
2293 405 2437 468 LIB.
2482 407 2592 468 IlI.

2705 399 2844 473 (ιιιι.
2876 415 3026 456 rom.
3059 395 3237 470 use.)

3453 401 3559 468 198

298 519 412 574 οὐκ
433 508 532 570 οἶδ’
552 515 914 585 ὁποτέρωθεν,
936 516 1037 570 εἴτ’
1061 519 1126 570 ἐκ
1148 519 1254 570 τῶν
1282 518 1738 588 προλαληθέντων
1760 521 1883 574 κατ’

1999 525 2074 571 tea
2103 518 2331 587 sparsis,
2362 519 2477 572 sive
2502 534 2566 572 ex
2601 516 2890 572 insomniis
2923 518 3110 571 aliisve
3131 515 3409 572 omnibus.
3455 517 3561 572 So-

300 606 499 670 αὑτοῦ,
532 605 631 660 εἴτ’
684 605 742 671 ἐξ
770 607 995 678 ὀνείρων
1023 608 1117 661 καί¹
1180 609 1456 680 κληδόνων
1496 609 1689 665 τινῶν.
1737 611 1884 662 Φιλεῖ

302 697 421 764 γὰρ
453 697 547 749 καὶ
579 695 750 750 ταῦτα
784 698 1183 768 περιπολοῦντα
1227 701 1318 753 τδν
1352 702 1464 771 βίον
1499 703 1706 755 πείθειν
1757 703 1884 765 τοὺς

307 789 626 852 πλείστους,
651 791 709 842 οὐ
750 791 888 844 πάνυ
914 808 996 844 τοι
1034 795 1239 862 σφόδρα
1261 794 1475 861 ἀλόγως
1497 794 1608 846 οὐδ’
1633 796 1880 863 ἀμαθῶς,

305 881 424 934 οὐδ’
454 882 600 934 ὠσὰν
628 899 772 945 τινες
805 887 960 950 φαῖεν
995 887 1252 955 ἀπειρίαν
1305 887 1610 951 νοσοῦντες.
1651 888 1885 943 Πλείστα-

307 974 426 1042 γὰρ
460 974 552 1025 καὶ
604 975 809 1026 τούτων
844 977 1123 1045 μαρτύρια
1157 977 1536 1031 καλινδοῦνται
1581 981 1732 1049 παρὰ
1774 981 1884 1042 τοῖς

282 1065 428 1115 ιόσοι
458 1064 607 1130 σφίσι
645 1069 944 1136 προσέσχον
968 1071 1057 1120 τὸν
1084 1069 1232 1122 νοῦν.

389 1154 466 1207 Β’.
497 1150 676 1207 ἾΙσαν
714 1159 900 1225 μέντοι
941 1162 1033 1212 καὶ
1076 1163 1321 1232 ἀφορμαί
1355 1182 1498 1227 τινες
1543 1163 1730 1234 ἕτεραι
1763 1165 1886 1234 μεί-

310 1245 444 1308 ζους
483 1248 590 1300 τῶν
624 1248 819 1309 ἄλλων.
859 1250 955 1320 τὴν
987 1254 1258 1321 βασίλειον
1289 1251 1496 1326 ταύτην
1531 1259 1706 1329 ἀρχὴν
1744 1261 1886 1314 ἄνω-

311 1337 409 1388 θεν
441 1337 587 1407 αὑτῷ
621 1342 1076 1410 μνηστευόμεναι,
1129 1346 1384 1417 καθάπερ
1425 1351 1664 1418 μεγάλης
1698 1351 1884 1420 πηγῆς

309 1428 587 1496 ἀπορῤυαί
641 1446 782 1490 τινες
816 1430 1062 1498 εὐγενεῖς
1121 1433 1176 1496 ἐς
1235 1436 1398 1488 αὐτὸν
1448 1439 1753 1490 γατιούσαι.
1787 1431 1885 1490 Ὧν

308 1519 479 1580 αὑτός
519 1536 575 1572 τε
610 1523 702 1574 καὶ
729 1522 844 1574 ὅσοι
867 1523 974 1575 τῶν
1009 1525 1178 1593 φίλων
1201 1527 1559 1597 δρασσόμενοι
1591 1532 1703 1592 τοῖς
1746 1530 1885 1601 ὑπὲρ

307 1610 482 1662 αὐτοῦ
509 1612 768 1675 τοιούτοις
793 1611 1073 1684 λογισμοῖς
1103 1618 1247 1684 μέγα
1279 1624 1540 1690 παρεῖχον
1572 1623 1630 1674 τὸ
1655 1621 1884 1678 δίκαιον.

319 1699 390 1752 'H
449 1702 556 1771 γὰρ
615 1703 711 1771 τῆς
763 1705 966 1773 μητρὸς
1022 1709 1188 1760 αὑτοῦ
1223 1713 1336 1777 (⁵50)
1374 1715 1560 1784 μῆτηρ
1596 1717 1798 1785 ιιζίρήνη
1853 1717 1884 1785 ὴ

307 1793 509 1862 πρώτη
549 1794 658 1846 τῶν
695 1796 1016 1866 θαγατέρων
1061 1795 1129 1870 ἦν
1172 1803 1413 1868 Ἀλεξίου
1443 1806 1536 1859 τοῦ
1581 1808 1882 1876 βασιλέωςο

306 1882 375 1945 ὃς
402 1883 589 1953 ἐπειδὴ
613 1885 776 1956 γονῆς
803 1887 1032 1957 ἄρρενος
1060 1891 1220 1953 αὐτὸς
1245 1893 1345 1946 οὐκ
1373 1895 1649 1965 ηὐμοίρει,
1678 1898 1882 1970 ταύτην

309 1975 577 2043 ὲρυθραῑς
637 1977 990 2031 ὗποδεδέσθαι
1055 1986 1291 2051 κρηπῖσι
1323 1987 1436 2056 (31)
1466 1991 1879 2061 προσετετάχει,

312 2065 384 2117 ἶν’
419 2067 504 2136 εἴη
559 2069 695 2137 αὐτή
743 2087 802 2121 τε
854 2073 1200 2146 καὶόταὺτῃ
1257 2078 1756 2151 συζευχθησόμενος
1783 2088 1882 2154 τῆς

313 2156 601 2225 βασιλείας
648 2162 914 2235 διάδοχος.
946 2165 1110 2220 Ὅθεν
1147 2172 1410 2239 συζεύξας
1443 2176 1613 2246 αὐτὴν
1658 2179 1882 2250 Ἀλεξίῳ

313 2250 396 2318 τῷ
435 2252 788 2327 Παλαιοιόγῳ
835 2259 930 2311 καὶ
981 2258 1251 2335 δεσπότην
1300 2266 1467 2319 αὑτὸν
1510 2270 1706 2322 αὐτίκα
1741 2273 1885 2324 τετί-

315 2361 489 2412 μηκε,
518 2346 610 2398 καὶ
635 2348 684 2399 εἰ
719 2352 793 2418 μὴ
823 2349 1040 2418 φθάσας
1071 2356 1232 2408 αὑτὸν
1262 2359 1290 2409 6
1328 2359 1556 2424 θάνατος
1581 2362 1762 2434 ἐξῄρει
1787 2367 1880 2420 τοῦ

305 2436 444 2503 τῇδε
487 2436 624 2504 βίου,
651 2439 815 2503 αὐτὸς
847 2441 913 2494 ἂν
939 2439 1005 2514 ἦν
1030 2449 1057 2497 6
1086 2447 1224 2514 μετὰ
1255 2449 1344 2500 τὸν
1375 2451 1632 2522 πενθερὸν
1664 2454 1885 2521 Αλέξιον

314 2529 594 2597 βασιλεύς.
638 2532 792 2588 Ἐπεὶ
827 2535 883 2588 δὲ
921 2537 1096 2590 θανὼν
1125 2541 1397 2614 θυγατέρα
1431 2546 1604 2616 μόνην
1653 2549 1886 2604 καταλε-

312 2625 518 2687 λοίπει,
556 2628 760 2696 ταύτην
796 2630 931 2698 μετὰ
987 2630 1196 2702 βραχύν
1253 2652 1372 2688 τινα
1403 2639 1594 2706 χρόνον
1637 2641 1670 2709 ἡ
1705 2645 1886 2713 μήτηρ

312 2717 479 2786 ἀνδρὶ
518 2718 873 2789 συζεύγνυσιν
917 2723 1242 2796 Ἀνδρονίκῳ
1275 2727 1352 2797 τῷ
1417 2730 1787 2804 Παλαιολόγῳ,
1827 2736 1886 2788 ὃν

311 2811 410 2860 καὶ
444 2810 618 2876 μέγαν
651 2811 972 2882 δομέστικον
1010 2820 1037 2868 6
1071 2817 1322 2884 βασιλεὺς
1357 2819 1631 2892 Θεόδωρος
1663 2828 1888 2895 τετίμη-

313 2920 419 2954 κεν
452 2902 699 2974 ὕστερον.
738 2907 834 2960 Ἐκ
859 2908 1064 2963 τούτων
1093 2913 1121 2964 6
1147 2914 1433 2985 Κομνηνὸς
1459 2918 1754 2989 γεγένηται
1784 2922 1888 2974 Μι-

315 2995 466 3063 χαὴλ
493 2997 520 3048 6
557 2997 938 3068 Παλαιολόγος,
966 3001 1190 3068 διπλοῦς
1219 3005 1293 3068 ὡς
1317 3009 1491 3060 εἰπεῖν
1526 3011 1889 3080 Παλαιοὶόγος

317 3088 421 3153 ὢν,
449 3088 722 3158 πατρόθεν
757 3092 872 3161 ἅμα
909 3095 1002 3146 καὶ
1039 3096 1334 3166 μητρόθεν.
1381 3097 1470 3169 IP.
1503 3099 1595 3172 Η]
1629 3097 1753 3172 Εἶχε
1792 3105 1890 3173 μὲν

316 3275 424 3338 τὴν
459 3273 553 3328 νῦν
587 3281 955 3348 προκειμένην
987 3280 1265 3338 ὑπόθεσιν.
1306 3286 1416 3337 Καὶ
1471 3286 1659 3351 ἁπλῶς
1695 3292 1891 3352 εἰπεῖν,

317 3368 437 3428 τοῖς
477 3369 611 3420 πᾶσι
652 3370 985 3440 πολλαχόθεν
1005 3375 1276 3445 ἐπίσημος
1299 3371 1368 3448 ἦν
1392 3379 1420 3430 6
1448 3377 1588 3448 ἀνὴρ
1622 3380 1717 3433 καὶ
1739 3381 1895 3447 περί-

322 3461 580 3528 ϐλεπτος,
616 3466 708 3516 καὶ
743 3466 777 3535 ἡ
828 3467 954 3536 περὶ
1013 3468 1204 3522 τούτου
1245 3471 1403 3540 φήμη
1436 3472 1618 3541 ἠρέμα
1680 3472 1896 3544 περιῄει

322 3549 430 3612 τὰς
464 3552 720 3608 ἁπάντων
749 3556 1060 3610 κλέπτουσα
1107 3554 1210 3612 καῖ
1234 3562 1572 3631 γοητεύουσςι⁵
1601 3564 1790 3626 ἀκοάς.

355 3718 362 3725 .
400 3646 476 3699 1".
507 3647 576 3700 ὐ
613 3665 676 3716 γε
712 3651 821 3720 μὴν
865 3645 1216 3724 πατριάρχης
1243 3629 1358 3707 ἀλλ’
1388 3653 1497 3708 οὐδ’
1525 3657 1685 3721 αὐτὸς
1712 3660 1900 3730 πόρρω
1983 3629 1988 3632 ’

323 3741 438 3792 τῶν
477 3741 684 3795 ἐκεῖνον
739 3745 1036 3812 φιλούντωδ
1083 3748 1289 3801 ἔκειτοο
1327 3748 1442 3802 ἀλλ’
1501 3751 1551 3802 εί
1607 3750 1683 3823 μὴ
1737 3753 1899 3805 πλέον

327 3836 441 3887 τῶν
474 3836 671 3902 ἄλλων,
709 3839 928 3902 οὐδενὸς
969 3841 1152 3910 μέντοι
1183 3838 1346 3914 ἦττον
1377 3844 1584 3896 ἐκεῖνον
1617 3845 1709 3896 καὶ
1737 3845 1900 3908 αὑτός

327 3945 398 3996 γε
431 3929 605 3998 ἐφίλει
630 3931 724 3983 καὶ
767 3936 1084 4004 μυστηρίων
1122 3935 1269 4005 αὐτῷ
1292 3936 1567 3988 ἐκοινώνει
1597 3938 1708 4000 καὶ,
1741 3937 1800 3989 τό
1833 3953 1896 4003 γε

333 4024 541 4090 μεῖζον,
585 4025 684 4086 τὰς
739 4027 886 4088 κλεῖς
945 4027 1036 4078 τοῦ
1094 4027 1373 4096 βασιλικοῦ
1434 4031 1759 4098 πρυτανείου
1787 4031 1899 4100 (52)

334 4117 488 4184 μόνῳ
531 4117 842 4182 ἐπίστευεν,
876 4117 1040 4169 ὁπότε
1078 4117 1380 4189 χρημάτων
1419 4119 1588 4172 ἐδεῖτο
1631 4122 1698 4172 τὰ
1732 4136 1901 4190 στρα-

329 4209 563 4260 τιωτικὰ
591 4209 892 4278 πράγματα
920 4213 1013 4262 καὶ
1044 4213 1077 4281 ὴ
1099 4213 1252 4282 κοινὴ
1285 4211 1392 4266 τῶν
1414 4215 1726 4281 ἀναγκαίων
1750 4214 1904 4285 χρεία

331 4299 536 4369 ἀπῄτει
559 4315 572 4331 δ
601 4299 630 4350 ὃ
649 4299 712 4368 δὴ
741 4301 1150 4369 ἀνυσιμώτατον
1179 4303 1236 4363 ις
1257 4303 1324 4354 τὰ
1361 4301 1534 4370 λάθρα
1562 4303 1904 4373 μελετώμενα

334 4399 433 4450 καὶ
468 4397 638 4466 πέρας
667 4379 924 4458 ὀξύτατον
960 4399 1076 4458 τοῖς
1109 4399 1172 4448 ἐκ
1227 4394 1422 4448 πολλοῦ
1485 4395 1904 4465 θρυλλουμένοις

335 4493 636 4559 παρέσχεν.
679 4491 890 4554 ’Δδείας
920 4491 1030 4560 γὰρ
1069 4491 1183 4559 (55)
1223 4490 1427 4550 ἐκεῖνος
1471 4487 1764 4557 λαθόμενος
1813 4505 1902 4541 το·

1985 609 2097 662 lent
2128 609 2271 663 enim
2323 607 2633 678 hujusmodi
2670 610 2832 662 rebus
2861 609 3063 678 passim
3095 607 3148 661 in
3190 608 3292 663 hac
3325 610 3433 664 vita
3457 611 3558 664 ob-

1986 701 2090 755 viis
2121 701 2363 770 plerique
2383 700 2740 765 commoveri,
2769 701 2934 770 idque
2971 717 3080 755 non
3113 701 3334 756 omnino
3356 713 3559 757 temere

1984 803 2080 847 aut
2124 793 2354 856 inscite,
2390 803 2483 847 aut
2521 793 2593 848 ita
2642 801 2703 848 ut
2752 794 3001 847 nonnulli
3037 793 3273 864 imperiti
3325 795 3558 850 fortasse

1985 884 2242 940 dixerint.
2287 885 2419 938 Nam
2454 885 2684 954 plurima
2725 901 2913 940 earum
2951 887 3258 940 testimonia
3290 886 3432 956 apttd
3462 903 3558 941 eos

1985 977 2289 1042 abundant,
2321 975 2413 1046 qui
2443 977 2564 1032 illas
2593 977 2908 1049 diligentius
2925 977 3307 1034 observarunt.

2055 1164 2120 1220 ll.
2159 1165 2531 1236 Suppetebant
2553 1176 2733 1221 tamen
2762 1166 2880 1220 aliae
2908 1166 3144 1234 majores
3184 1168 3267 1222 bis
3294 1168 3553 1233 rationes,

1984 1255 2186 1326 quibus
2226 1259 2292 1310 ad
2326 1259 2430 1311 hoc
2456 1257 2675 1326 imperii
2715 1258 2988 1328 fastigium
3025 1259 3134 1328 jam
3170 1259 3294 1313 inde
3319 1259 3558 1329 antiqui-

1988 1355 2076 1399 tus
2108 1357 2398 1400 vocaretur
2434 1363 2447 1398 :
2487 1357 2684 1415 nempe
2722 1362 2750 1400 a
2785 1347 2896 1417 69
2932 1349 3101 1401 veteri
3137 1349 3306 1418 stirpe
3343 1351 3486 1402 velut
3526 1366 3556 1402 a

1988 1451 2181 1506 magno
2208 1437 2356 1490 fonte
2385 1438 2628 1490 derivata
2661 1448 2714 1491 et
2747 1439 2812 1490 ad
2853 1453 2979 1491 eum
3013 1454 3185 1508 usque
3217 1439 3558 1494 descendens

1986 1527 2275 1596 nobilitas,
2313 1545 2415 1598 qua
2450 1529 2563 1598 ipse
2609 1539 2667 1584 et
2694 1530 2854 1583 amici
2891 1529 3009 1598 ejus
3047 1530 3192 1596 freti,
3239 1532 3557 1602 huiusmodi

1987 1619 2054 1675 de
2083 1634 2147 1674 eo
2183 1619 2606 1689 cogitationibus
2639 1620 2869 1675 multum
2914 1622 3245 1677 tribuebant.
3275 1622 3408 1676 Nam
3439 1625 3558 1692 ejus

1989 1713 2107 1765 avia
2145 1721 2394 1767 materna
2423 1714 2578 1767 lrene
2607 1713 2967 1782 primogenita
2999 1714 3103 1768 filia
3130 1714 3233 1768 fuit
3261 1715 3430 1769 Alexi:
3453 1716 3559 1769 im-

1987 1807 2253 1873 peratoris
2283 1823 2296 1860 :
2331 1807 2420 1874 qui
2449 1821 2572 1858 cum
2609 1807 2904 1860 masculam
2927 1808 3133 1876 prolem
3170 1823 3274 1861 non
3312 1809 3558 1875 halerct,

1989 1898 2064 1952 illi
2105 1897 2300 1952 rubras
2327 1899 2576 1967 crepidas
2606 1898 2792 1952 induci
2821 1899 3016 1970 jussit,
3066 1909 3126 1954 ut
3177 1900 3327 1969 ipsa,
3368 1911 3422 1954 et
3465 1904 3558 1972 qui

1989 1991 2134 2045 illam
2165 1991 2435 2057 duxisset,
2468 1992 2786 2060 in'imperio
2814 1991 2916 2046 sibi
2947 1993 3331 2048 succederent.
3374 1992 3560 2062 Itaque

1989 2085 2130 2139 idem
2160 2084 2409 2138 Alexium
2440 2083 2818 2155 Palzeologmu,
2856 2085 2943 2138 cui
2977 2099 3094 2138 cum
3128 2098 3357 2154 nuptum
3391 2086 3559 2139 dede-

1991 2186 2095 2244 rat,
2131 2179 2373 2246 despotze
2413 2176 2569 2232 titulo
2599 2177 2852 2232 ornavit:
2891 2177 3192 2231 et'hicnisi
3219 2189 3386 2232 morte
3411 2179 3563 2248 pri.:s

1990 2267 2238 2322 sublatus
2282 2267 2495 2334 fuisset,
2529 2277 2648 2336 post
2686 2267 2936 2320 Alexium
2990 2281 3240 2320 socerum
3272 2276 3566 2336 imperator

1993 2360 2208 2414 fuisset.
2242 2357 2347 2413 Sed
2389 2373 2510 2411 cum
2545 2367 2795 2412 mortuus
2832 2372 2994 2412 unam
3031 2365 3236 2411 tantum
3275 2357 3435 2411 filiam
3471 2375 3563 2412 rc-

1988 2454 2267 2524 liquisset,
2326 2468 2444 2506 cam
2505 2469 2612 2506 non
2650 2456 2824 2507 multo
2873 2462 2994 2521 post
3036 2463 3208 2506 mater
3250 2452 3568 2507 Andronico

1992 2545 2298 2616 Palaeologo
2317 2545 2511 2614 nuptui
2544 2544 2796 2611 collocat,
2831 2559 2989 2614 quem
3020 2544 3216 2598 deinde
3243 2543 3566 2598 Theodotus

1995 2639 2291 2705 imperator
2314 2652 2572 2707 magnum
2607 2637 2972 2692 domesticum
2999 2636 3148 2691 fecit.
3182 2638 3260 2691 Ex
3297 2636 3379 2691 his
3406 2648 3564 2690 natus

1995 2739 2077 2784 cst
2109 2727 2428 2784 Contnenus
2451 2729 2704 2794 Michael,
2728 2729 2924 2799 duplex
2959 2741 3014 2783 ut
3047 2729 3116 2783 ita
3153 2731 3326 2785 dicam
3358 2729 3565 2784 Pal-aeo-

1995 2823 2172 2892 logns,
2211 2831 2439 2892 paterno
2473 2821 2639 2875 simul
2694 2831 3048 2891 maternoque
3088 2837 3310 2890 genere.
3369 2821 3569 2877 llabuit

1999 2917 2162 2984 igitur
2198 2914 2325 2968 inde
2359 2927 2600 2984 quoque,
2639 2923 2697 2969 ut
2731 2915 2932 2968 dictum
2968 2922 3073 2981 est,
3107 2914 3418 2983 adjumenta
3458 2931 3568 2966 non

1997 3023 2161 3076 parva
2201 3009 2266 3060 ad
2290 3023 2407 3062 eam
2451 3023 2563 3062 rem
2600 3019 2705 3077 qua
2735 3009 2799 3062 de
2829 3023 2976 3061 nunc
3000 3010 3177 3078 agitur
3211 3025 3224 3061 :
3262 3015 3315 3060 et
3339 3014 3397 3060 nt
3430 3021 3571 3076 pan-

1999 3101 2079 3153 cis
2122 3099 2323 3163 dicam,
2362 3100 2616 3153 omnibus
2646 3100 2806 3154 rebus
2833 3109 2887 3154 ct
2916 3103 2981 3153 ab
3015 3101 3160 3153 omni
3196 3109 3348 3169 parte
3370 3099 3452 3153 vir
3481 3100 3571 3154 ille

315 3176 416 3233 υῦν
470 3182 761 3238 κάντεῦθεν
795 3187 1071 3258 ἀφορμὰς,
1107 3191 1183 3253 ὼς
1217 3193 1455 3262 εἴρηται,
1488 3196 1548 3247 οὐ
1597 3199 1797 3266 μικρὰς
1835 3201 1889 3260 ὲς

2002 3193 2232 3247 illustris
2255 3202 2369 3246 erat
2407 3202 2462 3246 et
2493 3192 2894 3260 suspicit-udus,
2935 3194 3187 3261 famaque
3214 3194 3331 3255 eius
3381 3195 3578 3260 paula-

1997 3285 2090 3338 tim
2128 3281 2640 3349 circumfercbatur,
2661 3282 2904 3336 omnium
2929 3283 3152 3336 auribus
3175 3282 3380 3336 sensim
3404 3294 3564 3336 ome-

1994 3389 2154 3442 pens,
2181 3385 2233 3426 et
2259 3387 2352 3425 eas
2387 3374 2536 3441 quasi
2572 3373 2876 3426 incantatas
2901 3373 3196 3426 deliuiens.

2068 3657 2165 3713 Ill.
2221 3657 2302 3712 Ne
2360 3657 2476 3727 ipse
2506 3655 2724 3726 quidem
2763 3653 3071 3725 patriarcha
3123 3653 3190 3708 ab
3237 3667 3423 3707 amore
3453 3653 3575 3723 ejus

1998 3749 2349 3814 abhorrebat,
2381 3764 2618 3818 euntque
2649 3747 2693 3801 si
2725 3761 2833 3800 non
2870 3747 2990 3815 plus
3025 3761 3183 3816 quam
3207 3745 3412 3809 caeteri,
3459 3761 3568 3799 non

2001 3846 2185 3898 minus
2232 3852 2412 3896 tamen
2453 3855 2613 3908 quam
2661 3839 2946 3908 quisquam
2996 3840 3136 3891 alius
3185 3835 3442 3906 diligebat
3476 3846 3574 3890 :et

2001 3951 2201 3990 arcana
2243 3933 2469 3988 consilia
2529 3947 2650 3986 cum
2689 3945 2756 3985 eo
2801 3930 3292 3994 commupicabat;
3331 3937 3380 3982 el
3424 3929 3572 3998 quod

2002 4032 2178 4099 majus
2203 4027 2668 4096 est,impcratorii
2709 4023 2821 4078 fisci
2857 4027 3036 4087 ciaves
3070 4021 3118 4074 ei
3155 4021 3254 4074 soli
3287 4019 3573 4086 credebat,
3615 4007 3624 4014 ’

2002 4121 2220 4192 quoties
2253 4135 2389 4188 opus
2429 4127 2546 4170 erat
2581 4117 2811 4186 pecunia
2857 4115 2924 4168 ad
2963 4115 3224 4166 militares
3258 4126 3388 4165 usus
3478 4115 3577 4166 aut

2004 4228 2128 4268 cum
2159 4211 2376 4283 publica
2405 4210 2518 4280 70
2550 4207 2848 4263 necessitas
2873 4205 3204 4276 postulabat.
3249 4203 3302 4258 ΙιΙ
3337 4205 3478 4273 quod
3503 4205 3574 4257 ad

2007 4308 2344 4362 clandestina
2371 4304 2597 4360 consilia
2630 4301 3064 4356 efﬁcacissimum
3101 4299 3223 4364 fuit,
3256 4308 3310 4352 et
3339 4297 3575 4352 celerem
3620 4327 3624 4334 -

2009 4401 2077 4454 iis
2104 4413 2224 4467 qua:
2263 4397 2355 4450 diu
2386 4397 2590 4465 jactata
2629 4402 2783 4447 erant
2816 4391 2975 4444 finem
3022 4392 3302 4460 imposuit.
3334 4389 3573 4456 Accepta

2007 4489 2152 4543 enim
2209 4494 2376 4540 tanta:
2437 4487 2679 4554 pecunia:
2719 4481 3013 4536 tractanda:
3062 4489 3367 4550 potestate,
3411 4495 3573 4547 quam

336 4586 514 4636 σαῦτα
563 4583 1042 4654 μεταχειρίζεσθαι
1093 4583 1375 4652 χρήματα,
1423 4581 1451 4632 6
1503 4579 1762 4646 εὔξασθαι
1804 4581 1894 4649 μὲν

2009 4589 2205 4649 Optare
2251 4578 2340 4632 ille
2368 4576 2586 4646 quidem
2647 4576 2864 4644 potuit,
2921 4586 3141 4641 Sperare
3195 4580 3376 4623 autem
3429 4585 3576 4621 nun-

337 4678 465 4748 ἐνῆν
484 4677 660 4748 αὐτῷ,
689 4678 906 4729 ἐλπίσαι
927 4676 972 4728 δ’
1001 4677 1098 4727 οὐκ
1127 4678 1193 4728 ἄν
1225 4675 1342 4726 ποτ’
1372 4673 1519 4743 ἐνῆν,
1553 4673 1700 4732 ὅλαις
1719 4673 1904 4725 λοιπὸν

337 4771 581 4842 ἐξηντλει
638 4769 861 4840 χοίνιξιν
887 4771 945 4831 ἐς
979 4769 1074 4831 τὰς
1126 4766 1302 4830 δεξιὰς
1331 4766 1440 4818 τῶν
1469 4783 1526 4817 τε
1559 4768 1905 4836 προύχοντων

337 4866 396 4914 ἐν
448 4864 598 4931 γένει
633 4863 732 4916 καὶ
765 4862 875 4914 τῶν
942 4860 1249 4930 στρατείαις
1311 4859 1754 4928 κατειλεγμένων
1810 4861 1902 4910 καὶ

337 4957 451 5020 ὅσοι
480 4956 576 5005 καὶ
606 4952 853 5022 γλώττης
882 4953 1059 5003 πειθοί
1093 4949 1580 5020 καταδημαγωγεῖν
1623 4949 1712 5001 τὸν
1750 4947 1904 5018 ὅχλον

338 5047 610 5099 ἐδύναντο.
657 5043 742 5098 Ἐν
792 5040 872 5107 οἷς
901 5040 1042 5115 ἦσαν
1073 5045 1168 5096 καί
1195 5041 1292 5094 τοῦ
1339 5041 1618 5110 ιερατικοῧ
1657 5040 1903 5110 βήματος

337 5143 433 5192 οὐκ
460 5139 650 5204 ὀλίγοι.

410 5230 487 5284 Δ’.
529 5228 813 5282 Ἐντεῦθεν
860 5227 1216 5299 βουλευτήρια
1271 5227 1472 5297 συνεχῆ
1504 5227 1654 5297 παρὰ
1703 5230 1907 5280 τούτων

339 5324 598 5378 ἁπάντων
624 5321 1061 5392 συνεκροτοῦντο,
1085 5322 1175 5373 τὸν
1201 5323 1546 5391 πατριάρχην
1566 5321 1910 5373 συνωθουντα

2013 4687 2174 4740 quam
2201 4685 2366 4723 ausus
2397 4669 2611 4731 fuisset,
2643 4667 2753 4736 jam
2791 4674 2917 4719 totts
2937 4664 3130 4718 modiis
3157 4677 3274 4715 eam
3302 4663 3354 4714 in
3377 4677 3577 4715 manus

2013 4761 2280 4815 nobilium
2336 4771 2390 4813 et
2435 4759 2667 4812 militum
2702 4756 3038 4820 effundebat,
3079 4768 3379 4822 eorumque
3415 4756 3578 4807 etiam

2012 4854 2104 4923 qui
2135 4852 2444 4921 eloquentia
2481 4849 2791 4903 demulcere
2817 4847 3074 4916 populum
3123 4852 3342 4900 norant.
3373 4843 3431 4898 In
3453 4848 3577 4912 qui-

2011 4947 2114 5000 bus
2142 4953 2198 4999 et
2223 4942 2361 4999 sacri
2385 4941 2593 4997 ordinis
2625 4939 2767 4994 haud
2792 4940 2949 5009 pauci
2978 4946 3151 4991 erant.

2084 5225 2175 5284 IV.
2217 5226 2354 5280 l-line
2379 5225 2569 5280 crebra
2601 5223 2832 5278 concilia
2862 5223 2930 5278 ab
2960 5224 3043 5278 his
3073 5223 3330 5277 omnibus
3353 5234 3534 5275 Coacta
3562 5262 3576 5285 ,

2015 5319 2212 5390 quibus
2235 5317 2543 5388 patriarcha
2570 5315 2956 5386 urgebatumie
2980 5324 3238 5381 Cessawt,
3265 5314 3359 5370 sed
3386 5327 3582 5382 exper-

1676 5439 2009 5502 Variorum
2047 5448 2230 5500 nott'e.

412 5546 527 5614 (30)
573 5545 706 5600 Vide
740 5555 969 5600 stemma
999 5541 1424 5616 Palmlogorum
1450 5543 1502 5598 in
1541 5543 1781 5598 Familiis
1812 5542 1912 5616 By-

345 5619 601 5671 tantulis:
638 5617 870 5672 Ducam.

416 5687 530 5754 (51)
577 5687 706 5739 Vide
745 5704 863 5756 qua:
909 5696 1238 5740 annotamus
1282 5687 1336 5739 in
1377 5686 1522 5739 notis
1561 5686 1626 5739 ad
1683 5685 1911 5738 Villnar-

346 5760 589 5811 duiunm.
632 5768 686 5810 et
717 5760 1051 5820 Alexiadem,
1081 5768 1136 5813 et
1159 5758 1212 5811 in
1241 5767 1468 5826 utroque
1489 5757 1787 5823 Glossario,
1819 5757 1910 5810 ubi

345 5831 410 5882 de
442 5827 687 5898 Tzangis.
730 5832 763 5880 li
776 5845 834 5880 t't:
849 5843 935 5882 \Nt:
949 5868 960 5879 .

2091 5543 2202 5611 (32)
2241 5542 2440 5596 Partim
2479 5542 2530 5594 in
2569 5542 2700 5594 urbe
2729 5540 3019 5610 Magnesia,
3049 5539 3243 5608 partim
3278 5537 3332 5590 in
3377 5533 3578 5604 Astyzti

2017 5630 2143 5669 arce
2180 5615 2244 5668 ad
2291 5612 2704 5674 Scamandrum,
2731 5624 2844 5666 tum
2872 5614 3037 5663 “Sfflh
3067 5615 3452 5676 -mper:ttorttni
3496 5623 3580 5657 as-

2017 5689 2359 5740 Scrvabatur.
2391 5684 2706 5750 l’acliymer.
2737 5685 2832 5736 lib.
2865 5697 2902 5741 ι,
2937 5698 3052 5748 cap.
3087 5681 3174 5731 :25.
3211 5679 3448 5729 llucasc.

2089 5756 2202 5825 (35)
2244 5754 2624 5823 Paeiiymeres,
2655 5753 2747 5806 lib.
2784 5768 2823 5817 ι,
2846 5769 2965 5819 cap.
2999 5752 3088 5801 2:5.
3129 5753 3361 5801 UL'CANG.
