3984 6586
349 330 459 395 201
645 332 718 404 [Α.
758 350 806 388 c.
853 335 985 390 l238
1026 353 1093 390 an
1140 337 1295 411 1259]

1444 338 1889 406 ΒΥΖᾹΝΤΙΝΕ
1932 344 2315 406 ΙΙΙδΤΟῐΠΕ
2355 340 2500 403 LIB.
2543 344 2650 402 III.

2765 336 2894 410 [ικιι.
2940 347 3082 392 ιοΑΝ.
3130 337 3299 409 use]

3490 338 3597 407 £09.
3611 392 3629 405 ,

354 442 613 515 ἀσμένως
642 449 926 520 δεξάμενοι
951 457 1184 525 τάχιστα
1214 458 1439 526 ῆνουσιν
1484 461 1511 513 ὃ
1545 477 1601 511 τε
1657 462 1928 513 Πελοπον-

2036 460 2313 528 princcps,
2348 461 2468 528 ejus
2497 474 2661 529 gener
2697 458 2840 525 (nam
2876 455 3048 522 ipsius
3094 456 3255 509 tiliam
3301 459 3507 511 Annam
3539 461 3593 513 in

354 541 525 606 νήσου
555 541 649 592 καὶ
689 540 911 611 Ἀχαίας
938 546 1174 617 πρίγκιψ
1200 548 1312 619 (58)
1341 550 1591 619 γαμϐρὸς
1631 551 1723 607 ἐπὶ
1759 554 1924 620 "AW?!

351 632 426 700 τῇ
463 632 695 701 Θυγατρὶ
717 636 1000 705 τυγχάνων
1031 639 1197 693 αὐτοῦ
1227 642 1321 693 καὶ
1340 641 1367 691 6
1398 644 1496 709 τῆς
1527 642 1777 710 Σικελίας
1804 644 1925 695 τότε

351 723 577 790 κρατῶν
615 726 836 797 Μαιρρὲ,
886 730 1137 798 γαμϐρὸς
1188 734 1280 785 καὶ
1319 734 1481 795 αὐτὸς
1522 736 1614 787 ἐπὶ
1652 732 1837 805 Ἑλένῃ
1858 737 1923 803 τῇ

353 814 598 885 θυγατρὶ
619 820 902 887 τυγχάνων
936 822 1128 888 αὑτοῦ,
1159 824 1365 893 πλῆθος
1393 826 1727 893 ἐπαγόμενοι
1758 846 1924 897 στρα-

355 908 485 967 τιᾶς
506 908 565 959 οὐ
598 910 739 964 πάνυ
785 926 867 964 τοι
900 914 1073 982 ῥᾷστα
1119 916 1338 985 ἀριθμῷ
1384 917 1706 970 ὑποπίπτειν
1756 920 1928 984 ἐπαγ-

357 995 708 1065 γελλόμενον.
735 1000 810 1051 Οὗ
842 1004 952 1071 γὰρ
993 1004 1246 1056 τοσοῦτον
1289 1008 1740 1075 συμμαχήσοντες
1793 1002 1927 1079 ἧκον

353 1086 440 1155 τῷ
495 1088 734 1157 Μιχαὴλ,
798 1091 923 1143 ὅσον
970 1092 1152 1159 σφίσιν
1206 1093 1390 1156 αὐτοῖς
1448 1098 1928 1164 περιποιησάμενοι

358 1178 568 1243 πλάτος
615 1181 791 1251 ἀρχῆς
829 1183 923 1235 καὶ
966 1183 1153 1246 πόλεις
1189 1183 1495 1255 ἀλλοτρίας.
1535 1185 1642 1239 Καὶ
1691 1187 1800 1257 γὰρ
1827 1189 1928 1258 τὴν

358 1272 504 1338 peti
539 1268 633 1321 τὸν
667 1271 851 1324 Ἰόνιον
884 1273 1083 1326 κόλπον
1131 1274 1292 1338 εὐθὺς
1320 1276 1447 1346 ἄχρι
1496 1277 1791 1341 Βυζαντίου
1819 1282 1927 1331 πᾶ-

355 1378 461 1412 σαν
499 1360 787 1430 Ῥωμαίων
840 1365 1015 1434 ἀρχὴν
1047 1353 1282 1436 ἠλπισαν
1322 1367 1464 1433 ἕξειν
1516 1370 1784 1441 ἀπονητίο
1836 1375 1929 1426 καὶ

351 1452 431 1515 ὡς
466 1452 566 1522 ἥδη
603 1453 838 1521 βεϐαίως
876 1454 1090 1525 ἔχοντες
1132 1457 1321 1527 κλήρῳ
1368 1458 1575 1530 ταύτην
1609 1464 1746 1515 κατὰ
1787 1464 1929 1532 σφᾶς

352 1543 559 1605 αὐτοὺς
595 1543 973 1614 διελάγχανον,
1007 1548 1138 1617 πρὶν
1175 1548 1416 1616 ἅψασθαι
1451 1551 1642 1622 ἔργον.

430 1636 507 1690 B‘.
536 1637 649 1706 Τῆς
715 1636 770 1689 δὲ
800 1639 1062 1710 λαμπρᾶς
1091 1640 1297 1711 ταύτης
1345 1643 1441 1695 καὶ
1471 1644 1781 1714 θαυμασίας
1828 1664 1929 1700 πα-

356 1734 641 1801 ρασκευῆς
702 1732 760 1783 ὲν
809 1732 946 1801 ἀκοῇ
1005 1733 1282 1795 καταστὰς
1315 1732 1403 1804 [Ρ.
1434 1734 1525 1807 45]
1563 1737 1593 1787 6
1644 1738 1926 1806 Κομνηνὸς

2031 551 2377 605 matrimonio
2403 550 2676 613 hahebat),
2701 558 2755 604 et
2775 548 2864 617 qui
2896 556 3007 602 tum
3034 548 3086 601 in
3114 547 3297 603 Sicilia
3336 550 3598 618 regnabat

2032 639 2361 705 Manl'redus,
2394 656 2561 710 gener
2588 640 2701 709 ipse
2726 654 2964 709 quoque,
2996 634 3199 693 Ilclena
3225 630 3331 709 ’12
3352 638 3594 708 ejusdem

2032 732 2133 785 lilia
2168 747 2334 785 uxore
2362 732 2521 785 ducta
2551 749 2564 784 :
2598 743 2827 799 uterque
2848 731 3035 800 copias
3062 745 3249 785 secum
3274 731 3549 785 adducens
3578 771 3592 795 ,

2030 834 2086 875 ut
2122 822 2414 882 ferebatur.
2460 838 2627 891 prope
2660 823 3107 877 innumerabiles.
3155 822 3266 876 Nec
3308 821 3454 877 enim
3486 831 3593 877 tam

2029 913 2316 980 adjuvandi
2374 912 2656 967 Michaelis
2704 927 2866 982 quam
2907 927 3036 967 suas
3076 913 3311 968 ditiones
3360 913 3597 982 ampliﬁ-

2029 1005 2185 1056 candi
2218 1020 2401 1066 causa,
2436 1011 2490 1057 et
2529 1004 2737 1057 alienas
2770 1004 2935 1057 urbes
2967 1004 3270 1072 occupandi
3292 1044 3306 1067 ,
3345 1005 3593 1058 aderant.

2032 1093 2335 1162 Sperabam
2361 1093 2569 1146 scilicet
2603 1091 2876 1146 Romanas
2923 1091 3236 1162 provincias
3261 1107 3455 1146 omnes
3480 1131 3496 1154 ,
3530 1091 3599 1147 ab

2030 1182 2182 1233 ionio
2230 1182 2354 1235 sinu
2401 1181 2712 1252 Byzantium
2746 1195 2937 1249 usque,
2970 1196 3028 1235 se
3054 1181 3237 1234 statim
3265 1183 3468 1249 absque
3518 1180 3598 1234 la-

2028 1271 2161 1326 bore
2192 1283 2556 1341 occupaturos
2585 1289 2598 1325 :
2632 1282 2688 1326 et
2729 1272 2867 1325 haud
2905 1286 3064 1326 secus
3096 1288 3157 1326 ac
3182 1272 3227 1325 si
3268 1271 3378 1337 jam
3409 1286 3597 1326 earum

2030 1363 2427 1431 possessionem
2461 1362 2668 1417 lirmam
2697 1364 2996 1426 haberent,
3031 1371 3180 1417 sorte
3216 1364 3334 1419 illas
3357 1402 3372 1431 ,
3414 1364 3599 1434 prius-

2028 1469 2188 1522 quam
2225 1454 2420 1507 bellum
2458 1454 2829 1519 inchoassent,
2854 1454 3278 1509 distribuebant.

2099 1643 2162 1697 li.
2207 1643 2320 1699 lioc
2348 1644 2548 1699 illustri
2588 1654 2644 1699 et
2683 1645 3024 1700 memorabili
3069 1655 3332 1715 apparatu
3369 1644 3600 1702 Michael

2029 1735 2342 1790 Comnenus
2395 1736 2731 1806 Palaeologus
2776 1735 2997 1799 audito,
3053 1736 3216 1791 modo
3257 1736 3599 1808 despoticum

355 1821 581 1891 Μιχαὴλ
627 1823 657 1875 ι
704 1821 1087 1890 Παλαιολὸγος,
1122 1824 1250 1895 άρτι
1294 1803 1702 1880 τὺδεσττοτικδν
1731 1803 1927 1896 stas-

2036 1826 2246 1881 titulum
2281 1827 2537 1895 adeptus,
2571 1803 2924 1896 et—potestate
2958 1843 3053 1882 sua
3083 1828 3203 1901 ipso
3247 1803 3600 1884 administra-

354 1907 640 1977 ζιιισμένος
669 1909 883 1979 ἀξίωμα
900 1914 996 1964 καὶ
1026 1912 1381 1980 βεσαιοτὲραν
1406 1915 1465 1966 ἐν
1494 1917 1607 1976 τοῖς
1639 1916 1928 1987 πράγμασι

353 2000 459 2071 τὴν
489 2001 592 2069 τῆς
644 2001 893 2067 ἔξουσίας
930 2006 1441 2075 περιπεποιημένος
1470 2007 1671 2078 ἀρχὴν,
1720 2011 1929 2078 πέμπει

360 2092 530 2161 μηδὲν
577 2093 851 2164 μελλήσας
913 2094 1006 2149 τὸν
1056 2095 1227 2149 αὐτοῦ
1259 2097 1491 2167 ἀδελφὸν
1532 2098 1805 2169 Ἰωάννην,
1843 2120 1930 2155 σε-

356 2187 774 2256 ϐαστοκράτορα
790 2187 941 2251 ὄντα,
974 2190 1131 2258 χεῖρα
1161 2189 1362 2260 συχνὴν
1389 2191 1747 2260 ἐπαγόμενον.
1785 2195 1929 2262 Πέμ-

355 2294 451 2331 πει
477 2278 532 2330 δὲ
562 2280 659 2331 σὺν
687 2279 835 2349 αὐτῷ
891 2278 988 2332 καὶ
1013 2279 1122 2333 τῶν
1152 2281 1255 2350 τῆς
1305 2282 1613 2353 συγκλήτου
1660 2284 1929 2354 λαμπρῶν

352 2370 459 2424 οὐκ
521 2370 742 2439 ὀλίγους
792 2373 1091 2441 συνεργοὺς
1140 2374 1235 2425 καὶ
1293 2374 1701 2447 συλλήπτορας,
1739 2377 1928 2431 ὁπόσοι

356 2465 737 2533 στρατηγικῆς
788 2463 1088 2535 ἐμπειρίας
1133 2464 1195 2517 οὐ
1246 2465 1386 2519 πάνυ
1422 2484 1505 2520 τοι
1552 2468 1734 2533 ἀδαεῖς
1777 2468 1929 2533 ὅντες

353 2554 692 2627 ἐτύγχανονο
723 2557 780 2608 ὲν
818 2549 900 2618 οἷς
944 2551 1014 2624 ἦν
1053 2556 1147 2609 καὶ
1197 2557 1417 2629 Καῖσαρ
1464 2559 1494 2610 6
1546 2560 1929 2632 ἀμφιμήτριος

355 2647 588 2717 ἁδελφὸς
618 2646 788 2703 αὑτοῦ
837 2649 1246 2713 Κωνσταντῖνος
1276 2649 1370 2703 καὶ
1402 2649 1640 2719 Ἀλέξιος
1690 2654 1720 2705 6
1756 2654 1928 2724 Στρα-

352 2741 699 2810 τηγὸπουλος
731 2742 902 2811 μέγας
932 2740 1258 2811 δομέστικος
1287 2742 1362 2796 ὢν
1387 2758 1401 2773 ⁸
1433 2746 1530 2797 καὶ.
1577 2743 1716 2816 πρός
1744 2761 1810 2813 γε
1846 2745 1928 2798 ἔτι

354 2835 773 2899 Κωνσταντῖνος
802 2837 833 2889 6
879 2837 1181 2907 Τορνίκιος,
1215 2838 1243 2890 6
1271 2835 1366 2889 τοῦ
1427 2836 1928 2909 σεδαστοκράτορος

357 2924 644 2997 πενθερὸς,
679 2926 852 2994 μέγας
875 2926 951 2980 ὢν
972 2924 1514 2999 πριμμικήριος.Ἦν
1546 2928 1603 2981 δὲ
1626 2929 1928 2998 τηνικαῦτα

354 3020 385 3071 6
407 3020 602 3089 χρόνος
634 3022 744 3088 €39)
783 3023 977 3092 μικρὸν
1010 3025 1147 3092 μετὰ
1171 3022 1382 3092 τροπὰς
1419 3022 1633 3092 θερινὰς
1663 3022 1784 3075 κατ’
1826 3023 1928 3076 αὐ-

2035 1918 2198 1972 tionis
2222 1918 2377 1972 initio
2404 1918 2667 1981 stabilita,
2700 1918 2840 1972 nihil
2871 1928 3114 1973 moratus
3137 1959 3152 1983 ,
3188 1919 3409 1975 fratrem
3436 1935 3599 1975 suum

2029 2010 2291 2064 Joannem
2333 2010 2821 2064 sebastocratorem
2840 2026 2964 2064 cum
2990 2012 3196 2081 magnis
3216 2011 3390 2081 copiis
3409 2012 3597 2073 mittit.

2030 2100 2190 2167 eique
2241 2098 2419 2153 socios
2472 2108 2527 2153 et
2558 2099 2837 2166 adjutores
2877 2099 3127 2170 adjungit
3157 2101 3304 2155 viros
3338 2101 3601 2156 senatorii

2030 2192 2240 2245 ordinis
2275 2190 2513 2243 illustres
2544 2205 2652 2243 non
2705 2204 2909 2260 paucos
2929 2227 2944 2252 ,
2969 2192 3061 2260 qui
3092 2190 3328 2261 aliquem
3352 2193 3432 2246 rei
3457 2192 3600 2246 mili.

2033 2281 2166 2335 taris
2197 2296 2353 2335 usum
2399 2280 2665 2336 haberent
2707 2300 2721 2336 :
2755 2283 2805 2335 in
2837 2284 3037 2351 quibus
3075 2285 3240 2338 etiam
3273 2283 3457 2340 Caesar
3480 2292 3604 2341 erat

2031 2371 2426 2426 Constantinus
2458 2412 2472 2436 ,
2528 2372 2779 2427 uterinus
2837 2374 2959 2442 ejus
3023 2373 3217 2440 frater,
3275 2383 3331 2430 et
3381 2375 3604 2432 Alexius
3650 2379 3656 2385 ”

2028 2465 2467 2536 StrategOpulus,
2500 2479 2731 2536 magnus
2791 2464 3124 2519 domesticus
3171 2482 3186 2519 :
3234 2476 3605 2537 praetereaque

2027 2556 2413 2613 Constantinus
2438 2556 2743 2621 Tornicius,
2770 2556 3224 2612 sebastocratoris
3282 2572 3457 2623 socer,
3489 2574 3607 2612 ma-

2031 2666 2170 2722 gnus
2220 2630 2585 2719 primicerius.
2627 2649 2849 2703 Factum
2902 2648 3007 2704 hoc
3055 2656 3140 2704 est
3173 2658 3295 2721 post
3354 2654 3603 2706 aestivum

2030 2742 2347 2808 solstitium,
2385 2742 2488 2796 sub
2549 2742 2731 2812 ipsum
2767 2738 2990 2796 Orionis
3043 2749 3100 2794 ct
3140 2740 3416 2797 Canicula:
3447 2758 3604 2797 exor-

2030 2838 2169 2884 tum.
2229 2830 2398 2899 igitur
2452 2826 2804 2898 Hellesponto
2858 2828 3148 2883 celerrime
3216 2831 3446 2899 trajecta
3508 2846 3606 2901 per

2030 2919 2327 2978 Thraciam
2360 2930 2418 2977 et
2449 2920 2825 2976 Macedoniam
2862 2920 3294 2991 proﬁciscentes,
3330 2924 3604 2978 Romanas

2031 3030 2220 3069 eorum
2274 3016 2517 3069 locorum
2553 3014 2796 3086 legiones
2841 3030 2948 3070 una
2978 3030 3164 3070 secum
3196 3032 3387 3072 omnes
3432 3018 3606 3072 addu-

353 3116 456 3176 τὰς
484 3111 547 3182 δὴ
577 3114 675 3175 τὰς
720 3114 972 3183 Ὠρίωνος
1002 3114 1093 3168 καὶ
1135 3114 1313 3179 Κυνὸς
1353 3115 1614 3176 πλατείας
1648 3115 1923 3176 ἐπιτολάς.

2036 3118 2185 3171 cunt,
2220 3123 2340 3176 qua:
2387 3106 2619 3177 sparsim
2657 3106 2711 3161 in
2752 3108 3002 3172 urbibus,
3044 3108 3196 3179 pagis
3231 3120 3287 3164 et
3324 3111 3468 3182 agris
3494 3112 3601 3181 73

356 3201 471 3255 Καὶ
499 3201 563 3273 δὴ
587 3204 687 3271 τὴν
714 3203 980 3273 ταχίστην
1008 3203 1549 3274 διαπεραιωσάμενοι
1571 3206 1661 3257 τὸν
1702 3205 1930 3272 Ἑλλήσ-

336 3280 559 3343 ’ποντον
604 3291 775 3361 ᾔεσαν
815 3290 904 3344 διὰ
929 3292 1152 3363 Θρᾴκης
1180 3294 1274 3346 καὶ
1298 3293 1639 3357 Μακεδονίας
1669 3295 1805 3364 διμοῦ
1837 3295 1932 3348 καὶ

359 3383 430 3435 τὰ
463 3382 674 3435 ἐκεῖθεν
712 3382 1168 3453 συνεφελκόμενοι
1204 3385 1382 3438 πάντα
1424 3384 1713 3455 Ῥωμαϊκὰ
1763 3401 1932 3456 στρα-

358 3456 637 3544 τεύμιιτα.⁹
665 3476 840 3530 ὁπόσα
875 3477 1153 3546 σποράδην
1191 3477 1334 3531 κατὰ
1365 3478 1551 3541 πόλεις
1603 3479 1699 3531 καὶ
1738 3478 1931 3546 κώμας

361 3568 457 3619 καὶ
488 3565 691 3635 ἀγροὺς
747 3567 1080 3637 δσχολακότα
1137 3568 1274 3631 τέως
1307 3567 1516 3636 διῆγον.
1551 3568 1854 3631 Μέλλοντος
1885 3570 1930 3621 δ’

364 3661 490 3711 ὅσον
518 3660 735 3713 οὐδέπω
766 3660 860 3713 τοῦ
889 3660 1040 3729 ἡλίου
1076 3660 1173 3722 τὰς
1204 3660 1609 3728 φθινοπωρινὰς
1639 3661 1933 3729 ἰσημερίας

363 3751 653 3815 ἐπιτελεῖν,
686 3750 948 3818 φθάνουσι
978 3751 1110 3821 περὶ
1148 3750 1402 3821 Ἀχρίδαν
1430 3768 1487 3803 τε
1519 3751 1618 3805 καὶ
1649 3751 1928 3804 Δεάσολιν.

362 3843 607 3915 Φρούρια
637 3843 813 3897 ταῦτα
863 3843 1228 3907 Μακεδονίας,
1276 3842 1478 3911 πολλὴν
1535 3842 1929 3912 παρασχόμενα

363 3938 466 4005 τὴν
505 3937 807 4004 ἀσφάλειαν
835 3937 950 3998 τοῖς
981 3934 1288 4004 χρωμένοις
1332 3934 1535 3994 αὐτοῖς.
1571 3932 1791 3987 Τούτων
1831 3951 1929 4002 με-

2031 3198 2202 3252 otium
2249 3206 2361 3251 tum
2398 3196 2655 3265 agebant.
2704 3194 2840 3251 Cum
2886 3213 3015 3252 vero
3043 3198 3263 3267 jamjam
3292 3202 3606 3257 autumnale

2032 3289 2424 3358 azquinoctium
2458 3288 2722 3349 instaret.
2757 3288 2826 3342 ad
2873 3289 3167 3343 Achridam
3225 3299 3280 3344 et
3322 3290 3601 3345 Deabolim

2032 3382 2384 3453 perveniunt.
2443 3379 2583 3435 Sunt
2640 3389 2822 3435 autem
2872 3396 2934 3435 ea
2993 3379 3322 3436 Macedoniae
3359 3384 3605 3451 praesidia

2034 3476 2106 3528 ita
2141 3473 2347 3527 munita
2374 3514 2388 3538 ,
2442 3482 2499 3527 ut
2558 3486 2656 3527 eos
2686 3487 2715 3526 a
2745 3473 2944 3542 quibus
2991 3481 3249 3528 tenentur
3301 3475 3605 3531 tutissimos

2037 3572 2315 3635 prazsteut.
2349 3562 2500 3617 Inter
2560 3572 2854 3633 utrumque
2885 3564 3082 3619 castris
3118 3564 3312 3634 positis
3345 3566 3601 3633 audiunt,

2042 3654 2232 3705 hostes
2281 3651 2431 3721 ipsos
2479 3652 2534 3705 in
2583 3651 2813 3706 Aulonis
2848 3652 3077 3721 planitie
3107 3655 3515 3717 castrametari.
3546 3665 3607 3712 ut

2035 3743 2199 3797 ambo
2234 3742 2508 3796 exercitus
2539 3742 2825 3811 interjecto
2857 3752 3041 3799 monte
3070 3744 3468 3816 dividerentur,
3494 3748 3604 3803 Ro-

2035 3849 2231 3889 manus
2261 3842 2478 3889 ‘versus
2529 3836 3001 3904 septentrionem,
3049 3836 3265 3892 hostilis
3316 3848 3499 3895 autem
3532 3840 3604 3896 ad

2035 3930 2319 3985 meridiem
2350 3942 2598 3999 vergens.

3050 3988 3060 4009 \

362 4028 499 4091 ταξὺ
542 4029 605 4081 τὸ
652 4026 863 4079 ἑαυτῶν
909 4027 1213 4095 πηξάμενοι
1262 4024 1626 4093 στρατόπεδον
1664 4022 1923 4076 ἀκούουσι
1962 4026 2057 4076 καὶ
2122 4024 2246 4083 τοὺς
2314 4019 2602 4088 πολεμίους
2656 4018 3177 4090 στρατοπεδεύοντας
3202 4023 3259 4084 ἐς
3285 4024 3353 4077 τὰ
3383 4026 3475 4077 τοῦ
3496 4025 3605 4077 Λύ-

361 4123 531 4182 λῶνος
557 4119 947 4189 ἱππήλατα,ὡς
972 4115 1297 4188 διαιρεῖσθαι
1327 4117 1393 4168 τὰ
1411 4112 1737 4184 ἀμφοτέρων
1763 4113 2100 4182 στρατόπεόλ
2159 4113 2246 4164 διὰ
2312 4110 2404 4161 τοῦ
2476 4109 2679 4176 μεταξὺ
2747 4108 3168 4178 παρατείνοντος
3211 4112 3370 4181 ὅρους
3400 4114 3494 4166 καὶ
3515 4116 3603 4183 γί-
3656 4134 3661 4139 ’

363 4211 553 4265 νεσθαι
584 4213 709 4274 τοὺς
753 4212 851 4280 μὲν
885 4208 1189 4276 Ῥωμαίους
1223 4206 1684 4276 ἀρκτικωτέρους,
1714 4204 1839 4265 τοὺς
1871 4204 1929 4256 δὲ
1966 4204 2258 4271 πολεμίους
2281 4201 2654 4269 νοτιωτέρους.

436 4305 512 4359 Γ.
554 4307 618 4359 Ol
654 4306 837 4373 μέντοι
886 4304 1135 4370 πολέμιοι
1177 4300 1628 4371 περικαθίσαντες
1673 4300 1930 4367 ἐπολιόρ-

367 4416 499 4453 κουν
530 4398 594 4451 τὸ
644 4397 756 4450 τῶν
804 4395 1187 4467 Βελλεγράδων
1235 4392 1436 4462 ὑψηλόν
1492 4407 1553 4443 τε
1598 4391 1710 4454 καὶ,
1742 4390 1931 4467 ib;er-

2107 4297 2198 4352 lll.
2256 4298 2334 4351 Ac
2393 4297 2574 4351 hostes
2604 4296 2823 4364 quidem
2875 4295 3246 4369 Bellegradum
3272 4341 3286 4365 ,
3321 4302 3602 4357 castellum

2036 4388 2363 4442 altissimum
2390 4395 2624 4455 etsupra
2654 4388 2827 4441 nubes
2856 4382 2966 4443 fere
3003 4391 3272 4458 eminens,
3301 4393 3603 4449 circumse-

368 4491 514 4554 πεῖν,
544 4485 912 4557 ὑπερνέφελον
943 4483 1230 4553 φρούριον,
1270 4480 1502 4549 μελέτην
1529 4478 1746 4549 ἔχοντες
1787 4477 1927 4547 μετὰ

2036 4481 2230 4534 (lentes
2263 4479 2651 4549 Oppugnabant
2687 4495 2700 4531 :
2742 4494 2808 4533 eo
2844 4477 3072 4536 consilio
3106 4491 3185 4546 ut,
3221 4493 3502 4552 postquam
3537 4486 3603 4539 il-

370 4582 473 4651 τὴν
510 4580 725 4633 ἐκείνου
755 4576 1163 4646 καταστροφὴν,
1197 4574 1272 4636 ὡς
1307 4572 1368 4638 ἐξ
1395 4572 1737 4643 ὀρμητηρίου
1787 4571 1930 4639 λαμ·-

369 4672 507 4743 προῦ
533 4688 678 4730 τινος
727 4668 991 4737 κεχὺσοαι
1039 4668 1132 4720 καὶ
1178 4665 1320 4717 κατὰ
1356 4666 1453 4733 τῆς
1498 4664 1663 4733 άλλης
1714 4664 1934 4731 ἁπάσης

367 4763 590 4832 δυτικῆς
643 4762 752 4814 τῶν
798 4759 1087 4828 Ῥωμαίων
1139 4756 1520 4823 ἐπικρατείας,
1560 4753 1815 4823 καθάπερ
1848 4770 1933 4815 τις

370 4855 625 4913 πλούσιος
659 4852 905 4921 ποταμὸς
952 4852 1010 4905 ἐξ
1044 4849 1205 4919 ὅρους
1239 4848 1445 4917 ὑψηλοῦ
1493 4863 1640 4910 τινος
1670 4848 1728 4909 ὲς
1749 4847 1809 4900 τὸ
1837 4847 1935 4899 κά-

368 4964 562 5008 ταντες
595 4944 872 5015 ῥαγδαίως
930 4939 1322 5011 καταρραγείς’
1369 4940 1587 5010 μάταιοι
1636 4939 1737 5007 τῆς
1798 4940 1936 4990 ἀπο-

366 5037 731 5103 νοίας,ταῦτα
756 5035 1066 5098 ἐλπίζοντες
1099 5033 1136 5086 ἃ.
1174 5033 1237 5101 δὴ
1269 5032 1330 5084 οὐ
1352 5031 1633 5085 τελέεσθαι
1672 5030 1931 5101 ἦμελλεν.

368 5132 445 5182 Οὐ
486 5129 596 5199 γὰρ
624 5128 824 5189 ίσασιν,
856 5125 928 5188 ὡς
959 5126 1109 5178 πᾶσα
1141 5124 1300 5194 ῥώμη
1325 5122 1575 5192 σώματος
1606 5124 1697 5176 καὶ
1726 5122 1933 5191 πλῆθος

369 5224 541 5275 ἵππου
587 5221 681 5271 καὶ
711 5219 891 5270 ὃπλων
914 5217 1182 5284 ἐπισκευὴ
1221 5216 1527 5284 μυρμήκων
1559 5214 1757 5280 ἀγέλης
1785 5214 1940 5266 οὐδὲν

2042 4572 2131 4626 lud
2165 4577 2590 4641 expugnassent.
2620 4567 2743 4624 inde
2767 4571 2913 4626 velut
2941 4587 3006 4626 cx
3035 4586 3340 4641 opportuna
3368 4577 3605 4645 quadam

2042 4663 2277 4718 statione
2322 4662 2374 4715 in
2412 4676 2603 4714 omnes
2639 4659 2772 4714 alias
2821 4662 3187 4716 Romanomm
3239 4666 3604 4722 occidentalis

2045 4750 2355 4823 provincias
2394 4760 2783 4812 excurrerent,
2824 4754 2997 4806 instar
3049 4753 3225 4824 magni
3261 4753 3501 4810 ﬂuminis
3538 4770 3605 4812 ex

2039 4848 2150 4900 alto
2182 4856 2365 4898 monte
2413 4845 2464 4915 iu
2498 4843 2795 4909 subjectam
2826 4844 3015 4898 vallem
3047 4859 3170 4899 cum
3204 4847 3408 4916 impetu
3436 4864 3602 4904 ruen-

2042 4940 2109 4993 tis
2142 4957 2156 4992 :
2197 4937 2320 4990 vani
2355 4936 2573 5005 quidem
2608 4935 2682 4988 illi
2729 4946 2783 4989 et
2818 4937 3134 5004 dementes,
3164 4954 3287 4993 cum
3316 4956 3376 4994 ea
3406 4943 3605 4996 animis

2040 5030 2327 5099 agitarent,
2362 5043 2481 5097 qua:
2513 5042 2621 5079 non
2657 5042 2978 5082 successura
3010 5042 3161 5083 erant
3200 5049 3213 5085 :
3244 5033 3416 5101 ignari
3448 5035 3607 5087 nimi-

2041 5136 2201 5183 rum,
2235 5134 2399 5173 omne
2450 5132 2741 5187 corporum
2783 5121 2970 5185 robur,
3028 5138 3245 5176 omnem
3302 5126 3605 5193 equitatum

2041 5225 2426 5279 armorum'lue
2478 5219 2795 5279 apparatum
2826 5250 2841 5274 ,
2872 5210 2982 5267 Deo
3020 5230 3129 5267 non
3164 5216 3442 5285 adjutante
3468 5257 3484 5281 ,
3538 5221 3607 5274 ab

1702 5353 2029 5414 Yariorum
2074 5361 2260 5413 notae.

440 5488 551 5555 (38)
593 5483 1053 5555 Pacltyinertlih,
1086 5497 1122 5555 ι,
1156 5497 1278 5555 cap.
1309 5481 1397 5555 ὃς),
1428 5481 1545 5555 ’ᾇίᾏ
1568 5479 1617 5555 Is
1660 5480 1761 5534 fuit
1792 5480 1931 5555 _Gui-

440 5501 551 5549 ωδ)
594 5501 736 5538 t'acn
762 5501 913 5537 'mer.
961 5501 1053 5535 un.
1087 5501 1122 5543 ι,
1159 5501 1278 5551 cap.
1309 5501 1397 5542 ou,
1428 5501 1515 5534 Ol.
1570 5501 1617 5535 IS
1660 5501 1761 5534 iuit
1802 5501 1929 5533 uui-

367 5542 567 5613 lelinus
606 5558 672 5609 de
722 5501 861 5607 ailla
911 5553 1189 5608 llarduiui.
1218 5549 1470 5605 Gaufrcdi
1518 5551 1680 5605 Primi
1712 5552 1929 5604 Achaia:

367 5643 419 5681 et
462 5629 653 5678 iiIi-nu-
687 5625 946 5693 principis
973 5622 1134 5675 lilius.
1176 5620 1312 5693 Vide
1338 5632 1563 5693 stemma
1597 5622 1750 5693 istius
1778 5622 1928 5693 lami-

371 5702 460 5753 ηε
496 5688 768 5764 pra-tuum
803 5688 946 5745 notis
980 5694 1223 5746 Historia:
1257 5691 1497 5744 (laulridi
1538 5692 1603 5749 de
1640 5688 1768 5744 Villa
1797 5690 1930 5744 llar-

737 5789 1004 5847 ιἈτιιυι..
1043 5787 1157 5846 (in.
1204 5786 1488 5845 CXLVIII

2038 5478 2191 5531 duini
2228 5485 2281 5531 ct
2315 5476 2604 5530 Historiam
2626 5477 3214 5551 Fronto—Byzantina":
3240 5482 3332 5535 lili.
3361 5498 3411 5546 ν,
3441 5480 3605 5538 0.16.

2064 5560 2270 5601 δυαΑΝῧ.

2041 5552 2270 5602 Ducaxc.

2110 5621 2221 5687 γδςι)
2264 5623 2418 5672 Auno
2450 5618 2601 5673 l259.
2638 5619 2868 5674 Ducssc.
