3954 6578
494 364 606 430 2οἹ
788 361 868 436 [Α.
911 376 973 419 ιι.
1010 362 1148 421 6767
1186 379 1254 419 an
1297 362 1462 436 6768]

1764 364 2188 430 NICEPHORI
2243 367 2630 431 GREGORE

2938 362 3074 438 [tum
3112 377 3261 420 toan.
3303 363 3479 438 ιιι-6.]

3656 369 3764 435 204

494 484 714 557 agmine
748 483 1103 542 formicarum
1153 503 1380 557 prorsus
1428 486 1566 543 nihil
1616 486 1860 546 diderre.
1893 487 2078 558 Itaque

2186 487 2399 560 οὐδαμῆ
2428 490 2743 560 διενήνοχε,
2788 487 2864 560 μὴ
2904 491 3295 560 συναιρομένου
3337 489 3496 546 Θεοῦ.
3548 492 3641 545 Διὸ
3670 495 3765 548 καὶ

498 579 827 651 arrogantiae
855 588 911 635 et
941 580 1195 652 superbis
1226 582 1426 637 animis
1454 590 1563 637 tota
1593 583 1945 655 reppermissa
1973 580 2083 637 Ro-

502 685 699 726 manos
731 670 1025 737 invadunt,
1062 682 1229 743 atque
1268 672 1404 730 adeo
1456 674 1879 746 cogitationibus
1927 671 2084 730 vanis

499 765 923 819 convenientem
954 765 1161 820 exitum
1195 765 1524 822 sortiuntur.
1557 765 1792 821 Romani
1816 780 1964 833 vero,
1990 764 2083 836 qui

499 867 627 910 sese
658 856 863 924 absque
895 855 1077 914 divina
1109 872 1215 928 ope
1247 858 1383 914 nihil
1405 873 1527 914 esse
1556 859 1944 931 intelligerent,
1974 858 2083 914 Deo

493 957 551 1002 et
584 948 796 1003 caelesti
830 948 1068 1017 auxilio,
1099 950 1368 1021 quidquid
1418 954 1875 1023 aggrederentur,
1920 951 2082 1007 unice

495 1036 715 1104 confisi,
748 1037 1014 1096 ditnicare
1048 1056 1171 1096 cum
1203 1041 1364 1113 longe
1412 1043 1665 1113 pluribus
1706 1059 1817 1099 non
1860 1044 2080 1099 dubita-

497 1138 647 1197 runt,
683 1139 738 1186 et
777 1131 1044 1188 illuSIrem
1098 1133 1387 1191 victoriam
1435 1136 1677 1205 propitio
1706 1134 1817 1207 74
1846 1135 2079 1193 Numine

500 1232 875 1293 reportarunt,
906 1235 966 1281 ut
991 1227 1178 1282 statim
1209 1226 1408 1283 dicturi
1441 1242 1653 1284 sumus.

570 1403 659 1457 IV.
691 1406 827 1461 Nam
856 1423 981 1462 cum
1013 1408 1237 1479 propius
1274 1408 1483 1465 hostem
1533 1418 1713 1465 castra
1740 1413 2075 1481 posuissent,

494 1496 786 1566 quemdam
817 1498 1039 1553 mittunt
1066 1499 1340 1555 hominem
1373 1499 1528 1555 valde
1557 1500 1813 1556 idoneum
1838 1502 1906 1557 ad
1930 1519 2079 1557 com-

493 1589 794 1645 mitteudos
828 1590 973 1645 inter
1010 1607 1071 1646 se
1099 1598 1156 1645 et
1187 1591 1392 1648 mutuis
1418 1592 1712 1650 discordiis
1745 1598 2079 1651 conturban—

493 1681 591 1737 dos
620 1683 844 1739 hostiles
867 1684 1163 1739 exercitus.
1188 1684 1378 1756 Neque
1422 1687 1570 1741 enim
1604 1688 1659 1743 id
1690 1688 1827 1744 adeo
1856 1688 2075 1744 dillicile

490 1783 627 1837 erat,
666 1783 724 1828 nt
754 1775 868 1830 fieri
904 1790 1015 1830 non
1064 1786 1285 1846 posset,
1316 1792 1441 1832 cum
1484 1779 1706 1835 Achaiae
1730 1780 1987 1851 princeps
2018 1791 2074 1837 ct

488 1866 692 1924 Siciliae
746 1883 839 1923 rex
893 1870 1169 1941 peregrini
1200 1881 1409 1937 essent,
1444 1885 1556 1926 non
1610 1873 1857 1943 ejusdem
1893 1875 2073 1945 gentis

489 1961 648 2033 cujus
676 1962 919 2035 Angelus
948 1964 1203 2020 Michael.
1246 1964 1431 2036 Surgit
1461 1966 1647 2036 itaque
1682 1967 1730 2022 is
1759 1968 2081 2033 confestim,

489 2073 553 2115 ac
581 2072 683 2128 per
721 2056 961 2129 speciem
989 2057 1284 2129 transfuga:
1314 2059 1381 2114 ad
1416 2058 1602 2115 hostes
1634 2070 1804 2115 noctu
1841 2061 2070 2125 transit,

486 2160 546 2207 et
576 2151 717 2207 clam
741 2166 864 2206 cum
888 2150 1098 2220 Augelo
1127 2148 1393 2206 Michaele
1424 2151 1673 2222 principe
1691 2151 1907 2208 Etolize
1939 2168 2074 2207 eon-

488 2258 748 2313 gressus,
788 2260 807 2295 t
847 2242 1019 2307 Scito,
1079 2242 1278 2313 inquit,
1339 2243 1500 2299 hodie
1539 2244 1637 2298 tibi
1674 2254 1730 2299 et
1762 2244 1870 2299 tuis
1893 2245 2074 2299 omni-

485 2334 593 2390 bus
654 2350 911 2406 magnum
962 2335 1271 2406 periculum
1319 2334 1660 2406 impendere.
1707 2336 1882 2391 Ambo
1926 2337 2072 2392 enim

484 2427 678 2498 generi
742 2428 820 2482 tui
873 2427 1150 2497 iidemque
1201 2426 1372 2495 socii,
1449 2438 1559 2483 tam
1609 2427 1970 2500 Peloponnesi
2020 2438 2076 2485 et

487 2518 711 2575 Achaiae
751 2520 1010 2591 princeps
1036 2536 1199 2590 quam
1234 2520 1435 2576 Siciliae
1466 2534 1583 2585 rex,
1620 2520 1760 2575 clam
1792 2536 1889 2591 per
1924 2522 2074 2592 lega-

491 2620 577 2669 tos
607 2627 800 2683 pacem
826 2612 1093 2670 Romanis
1117 2613 1387 2679 oll'ernnt,
1415 2612 1464 2669 si
1505 2613 1610 2668 sibi
1639 2625 1802 2670 certa:
1829 2615 2072 2686 largitio-

490 2719 593 2761 nes
622 2706 844 2762 dcntur.
873 2704 931 2759 Si
970 2721 1102 2776 ergo
1135 2706 1284 2761 salus
1322 2714 1415 2761 tua
1449 2721 1594 2762 curae
1623 2706 1723 2761 tibi
1769 2716 1877 2770 est,
1912 2722 2071 2776 quam

488 2798 729 2870 primum
779 2799 875 2853 tihi
906 2800 1226 2870 prospicito,
1265 2800 1585 2871 priusquam
1622 2800 1841 2854 illorum
1871 2800 2073 2856 hedera

489 2899 545 2945 et
577 2901 734 2960 pacta
764 2891 834 2946 ad
859 2892 1066 2946 exitum
1098 2891 1491 2962 perducantur.
1526 2911 1545 2944 ι
1583 2891 1768 2947 Credit
1791 2891 2021 2948 Michael
2055 2907 2071 2947 :

489 2995 547 3037 et
578 2998 637 3038 re
665 2983 847 3054 paucis
887 3000 1137 3053 suorum,
1163 2986 1367 3056 quibus
1396 2994 1618 3056 poterat
1658 2994 1715 3041 et
1743 2996 1961 3057 tempus
2002 2985 2075 3040 si-

491 3077 699 3144 nebat,
726 3078 865 3133 clam
894 3077 1159 3147 indicata,
1187 3090 1317 3134 ante
1346 3078 1478 3135 solis
1513 3087 1691 3135 ortum
1723 3077 1881 3151 fugit,
1914 3093 2071 3133 eum-

2186 582 2479 657 ἀλαξονείᾳ
2509 583 2571 636 τὸ
2617 584 2727 638 πᾶν
2779 580 3178 652 ἐπιτρέψαντες
3238 583 3335 636 καὶ
3367 583 3546 652 οίήσει
3592 582 3768 648 οὕτως

2185 672 2432 745 ἐχώρουν
2481 674 2624 728 κατὰ
2670 672 2983 744 Ῥωμαίων.
3024 671 3190 728 Ταῦτ’
3220 672 3330 743 ἄρα
3384 675 3625 738 καὶτοῖς
3668 693 3767 745 μαο

2183 765 2355 829 ταίοις
2410 766 2694 836 λογισμοῖς
2740 766 3006 835 ἀνάλογον
3066 765 3431 838 ἐπηκολούθει
3479 768 3543 821 τὸ
3586 768 3764 832 τέλος.

2184 861 2248 914 Ol
2307 859 2365 913 δὲ
2420 859 2687 928 Ῥωμαῖοι
2747 858 2902 912 οὐδὲν
2952 859 3183 922 ἑαυτούς
3216 857 3567 929 λογιζόμενοι
3626 859 3767 929 πλὴν

2182 952 2282 1022 τῆς
2312 951 2500 1005 θεόθεν
2540 953 2869 1022 ἐπικουρίας
2908 950 3027 1020 Θεῴ
3078 952 3172 1003 καὶ
3201 952 3269 1020 τῇ
3320 951 3535 1005 ἐκεῖθεν
3569 952 3763 1022 ἀρωγῇ

2183 1046 2365 1099 πᾶσαν
2386 1044 2484 1114 τὴν
2512 1044 2662 1114 σφῶν
2690 1044 2874 1097 αὐτῶν
2900 1043 3296 1112 ἐπιτρέψαντες
3328 1043 3546 1115 κίνησιν
3568 1046 3769 1111 διαγω-

2182 1138 2427 1203 νίζεσθαι
2450 1139 2590 1205 πρὸς
2614 1135 3053 1199 πολλαπλασίους
3084 1134 3424 1207 ἐθάρρησαν·
3459 1136 3555 1189 καὶ
3582 1136 3767 1206 μέντοι

2183 1230 2280 1284 καὶ⁵
2333 1229 2597 1300 λαμπρὰν
2650 1228 3049 1300 συναιρομένου
3076 1226 3212 1282 Θεοῦ
3240 1227 3342 1299 τὴν
3372 1227 3533 1300 νίκην
3568 1227 3764 1300 είργά-

2184 1339 2370 1388 σαντο,
2415 1324 2491 1386 ὡς
2526 1323 2727 1376 αὐτίκα
2768 1322 3071 1392 εἰρήσεται.

2251 1415 2326 1471 Δ’.
2378 1415 2538 1469 Ἐπεὶ
2564 1417 2673 1486 γὰρ
2715 1417 2882 1484 ἐγγὺς
2929 1416 3028 1486 ήδη
3077 1416 3187 1470 τῶν
3238 1415 3516 1485 πολεμίων
3548 1416 3599 1469 oi
3643 1415 3769 1469 Ῥω-

2183 1511 2335 1580 μαῖοι
2369 1508 2645 1580 ἐπήξαντο
2679 1509 2746 1561 τὰ
2788 1506 3158 1578 στρατόπεδα,
3211 1509 3495 1577 πέμπουσι
3528 1508 3594 1579 δή
3641 1525 3765 1563 τινα

2177 1600 2287 1654 τῶν
2322 1599 2469 1669 μάλα
2508 1599 2830 1666 ἐπιτηδείων
2861 1598 3245 1668 ἐκπολεμῶσαι
3281 1599 3372 1651 καὶ
3428 1597 3766 1669 συνταράξαι

2177 1693 2302 1748 κατ’
2374 1692 2622 1763 ἀλλήλων
2716 1695 2786 1745 τὰ
2846 1693 2955 1746 τῶν
3023 1691 3295 1761 πολεμίων
3346 1690 3764 1761 στρατεύματα.

2177 1787 2253 1842 Οὐ
2283 1787 2392 1858 γὰρ
2433 1787 2494 1841 ἓν
2523 1805 2577 1840 τι
2606 1786 2715 1840 τῶν
2767 1787 3050 1839 ἀδυνάτων
3083 1786 3171 1858 [Ρ.
3205 1783 3294 1856 44]
3349 1785 3508 1838 τοῦτό
3562 1801 3626 1852 γε
3673 1780 3764 1855 ἦν,

2175 1879 2271 1936 τοῦ
2341 1899 2403 1935 τε
2459 1880 2558 1951 τῆς
2636 1881 2859 1950 ’Δχαῖας
2917 1880 3219 1949 πρίγκιπος
3286 1879 3381 1932 καὶ
3439 1877 3538 1931 τοῦ
3594 1876 3766 1948 ρηγδς

2174 1977 2422 2041 Σικελίας
2471 1976 2812 2047 ἑτεροῖρύλων
2877 1975 3049 2030 ὄντων
3122 1977 3217 2029 καὶ
3291 1976 3391 2046 οὐχ
3479 1973 3765 2045 ὁμογενῶν

2174 2071 2253 2143 τῷ
2296 2070 2540 2140 Ἀγγέλῳ
2571 2070 2815 2141 Μιχαήλ.
2853 2069 3158 2131 Διαναστὰς
3201 2064 3295 2121 οῦν
3345 2068 3553 2130 ἐκεῖνος
3586 2067 3749 2120 αὑτό-

2176 2164 2269 2217 θεν
2301 2163 2599 2232 αὐτόμολος
2629 2160 2792 2231 δῆθεν
2836 2159 3006 2231 ἀπῄει
3053 2160 3274 2230 νύκτωρ
3322 2160 3379 2223 ἐς
3421 2160 3550 2221 τοὺς
3605 2159 3767 2212 πολε-

2178 2255 2336 2327 μίους
2396 2256 2493 2309 καὶ
2541 2249 2862 2322 προσελθὼν
2900 2249 3077 2321 λάθρα
3110 2249 3189 2320 τῷ
3226 2249 3326 2319 τῆς
3353 2249 3626 2310 Αἰτωλίας
3655 2249 3760 2320 ἄρ·

2174 2365 2324 2419 χον-τι
2370 2345 2594 2418 Μιχαὴλ
2628 2346 2705 2414 τῷ
2750 2343 2993 2415 Ἀγγέλῳ
3021 2384 3036 2410 ,
3078 2363 3095 2395 ι
3135 2342 3304 2410 Ἴσοι,
3348 2361 3367 2395 ι
3397 2342 3583 2413 φησιν,
3629 2363 3650 2394 ι
3684 2343 3767 2407 ὡς

2178 2441 2263 2495 σοί
2298 2457 2357 2493 τε
2390 2442 2485 2493 καὶ
2517 2441 2653 2493 πᾶσι
2684 2439 2800 2499 τοῖς
2839 2437 2947 2490 ὑπό
2997 2453 3057 2490 σε
3097 2436 3277 2506 μέγας
3306 2436 3616 2505 ἐπήρτηται
3641 2436 3768 2489 κίν-

2175 2533 2331 2595 δυνος
2382 2533 2642 2602 σήμερον·
2676 2531 2846 2600 ἄμφω
2892 2529 3005 2600 γὰρ
3066 2533 3117 2583 oi
3153 2529 3254 2583 σοὶ
3305 2529 3547 2600 γαμϐροί
3578 2546 3637 2581 τε
3670 2529 3769 2583 καὶ

2176 2623 2485 2694 σύμμαχοι,
2521 2622 2550 2677 ὅ
2588 2639 2649 2675 τε
2680 2621 2920 2693 πρίγκιψ
2946 2619 3375 2692 ,Πελοποννήσου
3405 2621 3503 2675 καὶ⁸
3539 2621 3769 2691 ’Δχαῖας

2176 2716 2273 2769 καὶ
2297 2717 2325 2768 ὁ
2348 2714 2449 2783 τῆς
2476 2714 2731 2778 Σικελίας
2759 2712 2861 2785 ρὴξ
2891 2713 3070 2783 λάθρα
3097 2712 3592 2782 διαπρεσδεύονται
3623 2711 3765 2782 πρὸς

2186 2804 2499 2876 Ῥωμαίους
2536 2804 2665 2876 περὶ
2722 2803 2970 2858 σπονδῶν
3017 2805 3111 2857 ἐπὶ
3164 2803 3359 2874 δώροις
3417 2802 3661 2865 τακτοῖς.
3697 2800 3775 2856 Εἰ

2177 2919 2260 2956 σοι
2308 2899 2493 2954 τοίνυν
2548 2898 2696 2969 ζωῆς
2752 2897 2932 2968 μέλει,
2987 2895 3329 2967 προνοίθητι
3365 2895 3467 2962 τὴν
3500 2892 3770 2963 ταχίστην

2179 2996 2405 3059 σαυτοῦ,
2439 2996 2570 3065 πρὶν
2611 2994 2693 3056 είς
2733 2994 2908 3063 πέρας
2940 2992 3115 3045 ἐλθεῖν
3140 2992 3239 3052 τὰς
3263 2989 3496 3041 ἐκείνων
3531 2986 3771 3049 σπονδάς

2173 3107 2235 3144 τε
2263 3091 2357 3144 καὶ
2382 3087 2725 3158 συμφωνίας.
2774 3102 2793 3137 ι
2824 3083 3083 3138 Πείθεται
3108 3083 3137 3135 ό
3164 3080 3389 3151 Μιχαὴλ
3433 3081 3524 3134 καὶ
3549 3079 3765 3148 διαμη-

491 3184 600 3239 que
629 3170 723 3226 alii
755 3179 919 3242 atque
950 3170 1066 3236 alii,
1102 3186 1227 3227 cum
1244 3172 1313 3227 de
1335 3172 1458 3241 ejus
1476 3171 1601 3243 fuga
1634 3171 1838 3243 aliquid
1873 3187 2066 3227 susur-

2186 3185 2473 3253 θυσάμενος
2525 3179 2703 3250 ἡσυχῆ
2766 3176 2877 3231 τῶν
2926 3175 3151 3229 οἰκείων
3197 3173 3432 3236 ὁπόσους
3485 3170 3652 3234 αὐτός
3708 3186 3772 3224 τε

494 3262 606 3317 rari
632 3262 910 3326 audirent,
934 3274 1280 3334 sequuntur:
1303 3273 1471 3334 atque
1516 3264 1593 3319 ita
1616 3264 1848 3334 sparsim
1878 3278 2078 3321 omnes

492 3356 610 3426 ejus
646 3356 849 3412 milites
872 3355 964 3411 alii
1024 3356 1165 3412 alios
1195 3356 1322 3427 fuga
1368 3365 1716 3414 antevenere
1770 3358 2097 3423 studentes,-

497 3454 555 3509 in
588 3454 756 3525 pedes
783 3467 906 3511 sese
945 3454 1331 3526 conjecerunt.

564 3741 630 3797 ν.
665 3740 820 3797 Mane
861 3756 994 3797 vero
1046 3740 1181 3798 socii
1228 3741 1575 3814 experrecti,
1622 3738 1749 3814 fuga
1800 3738 2083 3799 Michaelis

497 3834 715 3906 cognita
744 3833 925 3903 (cujus
945 3849 1067 3905 quae
1109 3849 1276 3891 causa
1315 3842 1506 3901 esset,
1556 3833 1703 3889 nulla
1759 3835 2083 3906 conjectura

499 3928 764 4000 consequi
795 3929 1096 3999 poterant),
1124 3943 1239 4000 prae
1265 3939 1495 3999 stupore
1532 3929 1948 3994 obmutuerunt,
1976 3926 2082 3999 75

497 4029 554 4076 et
589 4020 868 4077 Romanos
897 4020 1068 4078 armis
1102 4020 1378 4077 lacessere
1410 4019 1569 4077 veriti
1599 4028 1766 4087 sunt,
1795 4029 1912 4075 tum
1939 4020 2084 4091 quod

499 4114 630 4186 quid
658 4123 918 4187 ageretur
977 4115 1318 4187 ignorarent,
1343 4124 1457 4169 tum
1484 4113 1632 4184 quod
1658 4112 1765 4184 ipsi
1796 4114 2086 4184 pauciores

496 4208 606 4279 jam
641 4218 846 4269 essent.
877 4208 970 4280 qui
1002 4206 1446 4263 numerosissiml
1496 4213 1658 4261 antea
1692 4205 1936 4263 fuerant.
1972 4205 2086 4261 Ita-

499 4318 608 4374 que
641 4303 693 4357 in
751 4299 934 4372 fugam
991 4311 1306 4368 vertuntur,
1343 4317 1403 4358 se
1453 4317 1483 4357 a
1527 4299 1797 4357 Michaele
1840 4300 2086 4372 proditos

500 4396 631 4451 rati.
681 4396 787 4451 Eos
817 4396 984 4468 igitur
1018 4397 1094 4453 ita
1138 4396 1386 4451 turbatos
1429 4395 1659 4452 Romani
1709 4393 1855 4451 facto
1893 4394 2082 4451 statim

499 4488 705 4559 impetu
742 4488 916 4543 adorti
957 4490 1250 4544 maximam
1308 4498 1521 4559 partem
1567 4488 1932 4544 ceciderunt:
1973 4503 2083 4543 cac-

2188 3274 2413 3330 ὲδύνατο
2452 3272 2547 3326 καὶ
2583 3272 2612 3325 ό
2637 3272 2830 3339 καιρὸς
2865 3268 3143 3340 ἐχορήγει.
3181 3264 3400 3336 φεύγων
3427 3264 3602 3335 ᾤχετο
3635 3262 3774 3333 πρὶν

2185 3365 2526 3438 ἦάνατεῖλαι
2568 3364 2660 3416 τὸν
2706 3362 2882 3432 ἣλιον.
2936 3360 3048 3413 Καὶ
3101 3357 3294 3412 τούτου
3345 3356 3582 3410 κατόπιν
3608 3352 3773 3416 ἄλλος

2189 3458 2248 3524 ἐξ
2282 3456 2441 3509 ἄλλου
2478 3453 2578 3526 τὴν
2633 3451 2815 3522 φυγὴν
2870 3447 3305 3519 ψιθυριζομένην
3343 3444 3635 3507 ἀκούοντες
3672 3439 3772 3495 τοῦ

2189 3550 2409 3622 Μιχαὴλ
2444 3548 2713 3619 σποράδες
2751 3545 2903 3599 έθεον
2953 3542 3199 3603 ἅπαντες
3232 3540 3285 3594 ot
3316 3537 3673 3610 στρατιῶται,
3699 3536 3770 3605 τῇ

2190 3646 2338 3714 φυγῇ
2366 3641 2775 3713 προλαμϐάνειν
2800 3637 2991 3709 ἕτερος
3015 3636 3207 3705 ἓτερον
3243 3631 3584 3693 σπεύδοντες.

2260 3738 2336 3790 E'.
2378 3736 2531 3804 ’Λμα
2553 3733 2599 3787 δ’
2637 3733 2712 3803 ’ἐῳ
2740 3730 3114 3802 διεγερθέντες
3150 3727 3202 3780 οί
3233 3724 3515 3794 σύμμαχοι
3539 3723 3635 3776 καὶ
3672 3721 3774 3792 τὴν

2194 3832 2292 3906 μὲν
2316 3833 2495 3900 φυγὴν
2524 3828 2791 3900 μαθόντες
2820 3823 2914 3878 τοῦ
2945 3820 3188 3892 Μιχαὴλ,
3232 3819 3334 3889 τὴν
3361 3818 3421 3872 δὲ
3456 3817 3555 3885 τῆς
3585 3815 3771 3886 φυγῆς

2190 3925 2368 3980 αίτίαν
2392 3923 2492 3977 οὐκ
2515 3922 2730 3992 ἔχοντες
2761 3917 3081 3987 συμϐαλεῖν,
3119 3915 3339 3984 ἀχανεῖς
3373 3906 3537 3982 ἦσαν.
3572 3909 3689 3963 Καὶ
3709 3908 3773 3961 τὸ

2192 4019 2292 4089 μὲν
2313 4016 2455 4072 ὅπλα
2497 4013 2641 4069 κατὰ
2681 4009 2974 4081 Ῥωμαίων
3006 4011 3179 4062 κινεῖν
3202 4006 3569 4077 ἀπηγόρευον,
3607 4001 3774 4089 τοῦτο

2191 4087 2292 4177 μὲν
2325 4106 2421 4160 καὶ
2458 4103 2534 4169 ὡς
2576 4098 2902 4171 ἀγνοοῦντες
2946 4097 3014 4151 τὰ
3059 4093 3341 4168 δρώμενα,
3375 4090 3537 4145 τοῦτο
3575 4088 3636 4143 δὲ
3673 4087 3774 4142 καὶ

2187 4201 2263 4265 ὡς
2298 4196 2626 4270 βραχύτεροι
2653 4192 2748 4245 τὸν
2776 4188 3012 4258 ἀριθμὸν
3058 4188 3122 4240 ὲκ
3164 4189 3308 4240 πάνυ
3350 4182 3563 4237 πολλῶν
3595 4197 3772 4234 κατα-

2189 4293 2439 4354 στάντες.
2465 4286 2632 4342 Ὅθεν
2662 4284 2760 4338 καὶ
2804 4283 2942 4353 πρὸς
2968 4278 3150 4349 φυγὴν
3172 4277 3276 4349 ἠδη
3303 4274 3598 4347 ἐτρέποντο
3638 4288 3775 4343 προ-

2184 4384 2503 4454 δεδομένους
2532 4379 2760 4440 ὲαυτοῦς
2800 4375 2906 4430 ὑπὸ
2936 4370 3163 4445 Μιχαὴλ
3216 4368 3593 4439 λογισάμενοι.
3631 4365 3774 4418 Τού-

2185 4496 2300 4543 τοις
2357 4476 2500 4531 οῦτω
2558 4471 2995 4541 τεταραγμένοις
3046 4465 3332 4535 αἰφνιδίως
3384 4464 3437 4516 οἱ
3505 4459 3773 4527 Ῥωμαῖοι

1574 4539 1882 4544 --π----ω
1918 4539 1932 4543 -

501 4591 670 4646 tcros,
707 4582 895 4652 paucis
925 4581 1199 4653 exceptis,
1224 4579 1384 4636 vivos
1426 4588 1720 4651 ceperunt,
1754 4580 1897 4636 inter
1944 4595 2078 4651 quos

2188 4539 2612 4631 ἐπεισπεσόντες
2651 4539 2789 4627 τοὺς
2813 4539 2920 4633 μὲν
2965 4559 3252 4620 πλείστους
3290 4552 3776 4653 ἔργον-απέφηναν

503 4677 619 4748 ipse
644 4676 1009 4748 Peloponnesi
1058 4685 1114 4732 et
1143 4676 1362 4732 Achaia:
1407 4675 1666 4747 princeps
1710 4674 1833 4730 fuit.
1882 4673 2085 4732 Sicilia:

500 4785 635 4825 vero
665 4786 762 4826 rex
802 4785 926 4826 cum
970 4770 1256 4843 perpaucis
1289 4785 1516 4827 suorum
1557 4769 1699 4824 clam
1726 4767 1936 4841 effugit.

2190 4665 2419 4732 ξίφους,
2460 4660 2590 4723 τοὺς
2630 4655 2675 4710 δ’
2718 4655 2915 4717 ἄλλους
2974 4651 3115 4721 πλὴν
3162 4647 3362 4712 ὀλίγων
3421 4644 3772 4713 ἐζώγρησαν,

2192 4756 2314 4830 μεθ’
2339 4747 2415 4811 ὧν
2438 4748 2507 4825 ἦν
2533 4754 2624 4806 καὶ
2647 4750 2675 4804 ό
2707 4744 2945 4819 πρίγκιψ
2968 4740 3380 4810 Πελοποννήσου
3407 4738 3504 4830 καὶ
3520 4734 3774 4830 Axe-ta;

2200 4827 2262 4906 ‘o
2312 4849 2378 4904 δὲ
2429 4847 2525 4917 τῆς
2561 4841 2818 4904 Σικελίας
2853 4837 2957 4911 si}:
3005 4834 3190 4908 διέδρα
3222 4830 3405 4888 λαθὼν
3440 4828 3541 4884 σὺν
3567 4827 3777 4896 ὀλίγοις

2188 4944 2331 5001 πάνυ
2360 4942 2470 4997 τῶν
2491 4937 2712 4995 ἑαυτοῦ.
