3984 6584
300 458 420 522 209
568 458 644 530 [Α.
688 477 738 514 c.
783 461 915 518 ΙΞ59
953 480 1017 517 ιο
1063 464 1219 535 1282]

1335 470 1778 530 BYZAN'I‘IN.E
1806 471 2187 532 HISTORLE
2213 474 2358 534 LIB.
2395 475 2483 532 ιν.

3442 465 3578 527 210³-

2599 466 2727 538 [ιιιιι.
2773 482 2918 520 ιιιιειι.
2961 463 3327 534 mamma]-

387 581 459 634 l".
516 581 637 632 Ἐπὶ
678 581 885 645 τούτοις
932 585 1240 638 καταλιπὼν
1275 587 1364 638 τὸν
1409 588 1807 658 πατριαρχικὸν
1859 588 1874 639 ί

2059 587 2150 641 lll.
2177 586 2303 641 Post
2329 589 2441 641 hmc
2472 587 2753 647 Arsenius,
2793 585 2977 640 relicta
3003 583 3131 637 sede
3171 583 3510 650 patriarchali
3537 621 3550 643 ,

315 667 599 756 Ἀρσέιιπς
629 673 818 742 θρόνον
852 674 962 742 (51)
999 673 1170 746 ᾤχετο
1200 678 1492 745 ἡσυχάσων
1519 680 1575 739 ἐς
1615 677 1674 728 τὸ
1703 677 1884 747 παρά-

305 759 428 818 λιον
463 769 576 837 (5:2)
614 769 709 821 τοῦ
745 771 1056 840 Πασχασίου
1099 772 1382 842 μονύδριον
1426 773 1562 844 (55).
1606 773 1882 842 Πρόφασις

306 855 358 906 δ’
390 854 454 925 ἦν
485 859 582 924 τῆς
609 858 1010 928 ὑποχωρήσεως
1032 865 1064 931 ἡ
1087 865 1474 934 περιφρόνησις
1516 863 1763 918 Ἰωάννου
1788 863 1880 916 τοῦ

303 948 565 1018 Δάσκαρι
613 950 706 1002 τοῦ
737 950 998 1017 βασιλέως
1029 954 1236 1016 παιδός.
1285 955 1536 1025 Ἔπεμψε
1574 957 1684 1028 γὰρ
1718 957 1882 1010 αὑτὸν

306 1039 420 1108 πρὸ
467 1038 693 1109 βραχέος
738 1044 765 1094 ὁ
801 1041 1056 1112 βασιλεὺς
1103 1045 1320 1114 Μιχαὴλ
1363 1050 1390 1099 ὁ
1427 1047 1787 1116 Παλαιολόγος
1825 1049 1882 1100 ἐν

305 1130 608 1197 Μαγνησίᾳ
659 1131 1045 1197 φυλάττεσθαι,
1097 1138 1306 1204 μήποτε
1359 1139 1724 1208 νεωτερισμόν
1762 1157 1880 1192 τινα

304 1221 472 1290 δῆθεν
495 1221 675 1294 πράξῃ
695 1225 846 1294 παρά
874 1241 1014 1278 τισιν
1040 1227 1253 1297 ἔχουσιν
1276 1229 1355 1292 είς
1378 1229 1538 1283 τοῦτο
1566 1231 1881 1302 ἐπιῤῥεπῶς

306 1313 341 1382 ἡ
382 1313 548 1366 αὑτοῦ
589 1330 649 1382 γε
683 1315 971 1385 ἐμφάνεια.
1005 1321 1111 1372 Kal
1150 1320 1212 1391 δὴ
1261 1321 1577 1392 Νικηφόρος
1621 1325 1733 1394 (54)
1765 1325 1881 1376 ἀντ’

302 1405 520 1460 ἐκείνου
552 1408 609 1470 ὲς
651 1409 743 1460 τὸν
773 1414 1174 1482 πατριαρχικδν
1198 1416 1457 1482 ἀνάγεται
1485 1415 1693 1486 θρό·.ον,
1725 1419 1750 1470 ὁ
1780 1416 1881 1485 τῆς

317 1495 548 1562 Ἐφέσου
574 1499 993 1570 μητροπολίτης,
1017 1501 1074 1564 ὃς
1100 1503 1198 1558 ἕνα
1224 1504 1464 1567 ἐπιϐιοὺς
1487 1507 1728 1558 ἐνιαυτὸν
1761 1507 1880 1558 ἐτε-

301 1586 592 1657 λεύτησεν.

377 1676 450 1735 Δ’.
501 1678 560 1734 ὐ
591 1682 773 1752 μέντοι
807 1684 1060 1754 βασιλεὺς
1095 1685 1189 1738 σὺν
1224 1685 1432 1749 πολλοῖς
1473 1690 1582 1750 τοῖς
1616 1689 1879 1760 στρατεύο

300 1787 443 1833 μασι
478 1770 856 1844 διεπεραιοῦτο
881 1777 959 1838 είς
999 1775 1222 1847 Θρᾴκην
1254 1777 1498 1843 ἐπίδοξος
1525 1779 1600 1832 ὢν
1630 1781 1881 1834 ἐσϐαλεῖν

300 1861 401 1914 καὶ
423 1863 483 1925 ἐς
513 1862 579 1916 τὰ
607 1865 708 1934 τῆς
736 1867 1362 1932 Κωνσταντινουπόλεως
1383 1872 1652 1939 προαύλια
1682 1874 1880 1944 πείρας

1991 695 2049 736 se
2096 681 2150 734 in
2198 680 2530 735 maritimum
2579 679 2855 734 Paschasii
2903 676 3344 730 monasteriolum
3403 676 3554 742 quic-

1992 771 2178 824 scendi
2218 785 2380 824 causa
2415 769 2662 822 contulit.
2689 767 2862 822 Causa
2898 766 3040 820 illius
3084 763 3410 818 secessionis
3433 761 3555 824 fuit,

1989 865 2131 934 quod
2153 865 2390 919 Joannes
2429 858 2670 916 Lascaris
2699 862 2840 915 ﬁlius
2864 859 3204 932 imperatoris
3232 867 3552 912 contemne-

1989 965 2162 1010 retur.
2196 955 2414 1009 Miserat
2443 957 2586 1009 enim
2629 971 2753 1009 eum
2785 954 2944 1023 paulo
2973 962 3097 1007 ante
3134 954 3428 1022 imperator
3456 951 3552 1004 Mi-

1989 1046 2139 1101 chael
2192 1046 2522 1118 Palaeologus
2586 1046 2912 1118 Magnesiam
2970 1044 3426 1106 custodiendum,
3485 1059 3552 1096 ne

1992 1139 2280 1209 praesentia
2306 1138 2424 1208 ejus
2445 1139 2702 1208 quosdam
2728 1135 2930 1205 alioqui
2958 1149 3136 1188 rerum
3165 1149 3424 1187 novarum
3456 1149 3556 1185 cu-

1991 1229 2147 1298 pidos
2195 1238 2584 1282 commoveret.
2659 1225 2892 1281 Proinde
2965 1223 3304 1294 Nicephorus
3355 1223 3556 1292 Ephesi

1990 1319 2444 1388 metr0politanus
2497 1319 2711 1373 Arsenii
2753 1319 2872 1372 loco
2913 1317 2964 1371 in
3012 1317 3429 1387 patriarchalem
3467 1330 3554 1370 se-

1988 1410 2109 1464 dem
2143 1421 2366 1465 evectus
2396 1420 2500 1476 est,
2554 1411 2665 1478 qui,
2719 1425 2826 1464 uno
2881 1424 3026 1464 anno
3072 1397 3126 1463 in
3179 1424 3240 1462 ea
3296 1407 3556 1478 dignitate

1987 1510 2200 1565 exacto,
2232 1513 2458 1556 mortem
2479 1503 2636 1558 obiit.

2059 1682 2150 1737 IV.
2188 1681 2492 1753 Imperator
2527 1698 2657 1738 vero
2679 1699 2800 1738 cum
2833 1682 3041 1755 magnis
3088 1683 3259 1754 copiis
3299 1683 3349 1737 in
3375 1682 3551 1737 Thra-

1987 1773 2124 1826 ciam
2155 1774 2541 1834 transfretavit,
2572 1782 2629 1828 ut
2657 1774 2973 1829 crederetur
3001 1774 3052 1829 in
3085 1774 3545 1844 Constantinopo-

1988 1863 2153 1918 litana
2177 1865 2440 1919 suburbia
2474 1865 2804 1934 irrupturus,
2830 1867 2896 1920 ad
2927 1865 3236 1920 tentandam
3270 1863 3392 1918 belli
3443 1864 3552 1916 for-

299 1951 494 2005 εἵνεκα
531 1954 859 2027 πολεμικῆς.
897 1959 1005 2011 Kal
1048 1959 1110 2029 δὴ
1165 1961 1303 2029 μετὰ
1341 1961 1440 2033 τὴν
1468 1964 1570 2027 ἔξω
1599 1965 1874 2037 διατριϐὴν

1987 1964 2198 2011 tunam.
2229 1957 2296 2011 Et
2339 1972 2462 2012 cum
2518 1957 2649 2011 foris
2691 1958 2892 2013 morari
2928 1958 3211 2018 desiisset,
3241 1956 3379 2011 ultra
3425 1972 3551 2024 pro-

302 2044 622 2117 rtapsldoa;
661 2047 966 2118 ἐπολιόρκει
998 2050 1216 2120 πρῶτον
1244 2054 1305 2104 τὸ
1340 2055 1477 2107 κατὰ
1509 2057 1608 2126 τὴν
1639 2059 1878 2129 περαίαν

300 2135 398 2188 τοῦ
419 2136 659 2191 Γαλάτου
683 2141 1394 2215 ἐπικεκλημένονζφρούριον
1410 2147 1550 2217 (55),
1578 2147 1652 2211 ὡς
1685 2151 1881 2220 ῥᾳδίως

299 2227 564 2282 ἐντεῦθεν
589 2230 938 2302 ἁλωσομένης
965 2233 1116 2303 αὐτῷ
1137 2237 1229 2288 καὶ
1245 2238 1338 2305 τῆς
1368 2238 1799 2306 Κωνσταντίνου,
1831 2245 1879 2296 εί

300 2319 437 2371 αὐτὸ
463 2323 876 2391 παραστήσαιτο
903 2325 1190 2397 πρότερον.
1232 2327 1372 2381 Ἀλλ’
1393 2325 1533 2400 ἦσαν
1554 2331 1662 2403 ἄρα
1688 2333 1757 2386 τὰ
1773 2337 1880 2389 τῶν

300 2409 564 2466 τοιούτων
628 2413 860 2468 ἐλπίδων
929 2417 1079 2487 αὐτῷ
1144 2423 1560 2490 γρηγορούντων
1629 2425 1876 2481 ἐνύπνια.

302 2499 542 2554 “hiat:
569 2502 678 2572 γάρ
705 2505 811 2557 τῶν
837 2505 1128 2563 λιθοϐόλων
1159 2513 1571 2582 μηχανημάτων
1597 2515 1880 2586 ἀντιπερι-

300 2591 510 2661 στήσας
535 2595 682 2663 αύτῷ
707 2599 802 2649 καὶ
834 2598 1034 2663 πολλὰς
1059 2601 1372 2671 ἐπενεγκὼν
1396 2603 1516 2673 βίας
1544 2607 1685 2660 ἑλεῖν
1709 2610 1770 2662 ού
1794 2610 1879 2663 δε-

296 2683 553 2754 δύνηται.
607 2687 768 2740 Ὂθεν
809 2689 1089 2759 ὀχυρώσας
1141 2693 1210 2746 τὰ
1263 2694 1368 2765 πρὸ
1407 2695 1508 2764 τῆς
1558 2697 1876 2762 Βυζαντίδος

302 2779 548 2846 φρούρια
579 2780 673 2832 καὶ
705 2779 934 2844 ὁπλίτας
973 2783 1130 2851 ἀφεὶς
1160 2783 1364 2858 [Ρη47]
1397 2787 1454 2840 ὲν
1488 2789 1672 2854 αὐτοῖς
1703 2808 1873 2860 προσ-

297 2868 555 2938 ετετάχει
595 2873 837 2942 συνεχεῖς
876 2873 1179 2943 ἐπιδρομὰς
1218 2876 1312 2930 καὶ
1341 2878 1560 2948 ἐνέδρας
1601 2881 1874 2935 ποιεῖσθαι

298 2961 450 3012 κατὰ
475 2961 585 3013 τῶν
625 2961 934 3025 Βυζαντίων
964 2966 1234 3034 Λατίνων,
1260 2970 1334 3030 ὡς
1371 2970 1506 3040 μηδὲ
1541 2971 1875 3042 προκύπτειν

300 3053 404 3121 ὲᾷν
433 3053 483 3104 εί
514 3052 738 3107 δυνατὸν
771 3055 968 3120 αὐτοὺς
1001 3057 1110 3112 τῶν
1140 3059 1356 3130 τειχῶν.
1392 3063 1457 3116 '0
1492 3062 1557 3132 δὴ
1599 3064 1736 3135 πρὸς
1783 3083 1876 3118 το-

303 3143 514 3215 σαύτην
542 3145 710 3217 ηλασε
750 3150 874 3212 τοὺς
903 3150 1166 3215 Λατίνους
1197 3153 1411 3220 πενίαν,
1441 3155 1518 3219 ὡς
1547 3159 1614 3228 τῇ
1643 3159 1752 3212 τῶν
1782 3161 1870 3227 ξύ-

1984 2059 2174 2104 vectus
2199 2091 2213 2115 ,
2251 2050 2534 2104 castellum
2573 2059 2938 2120 cognomento
2991 2048 3194 2103 Galatae
3243 2048 3296 2101 in
3327 2048 3553 2103 adverso

1983 2141 2165 2195 littore
2203 2141 2363 2196 situm
2398 2141 2581 2211 primo
2611 2143 2978 2212 oppugnavit,
3022 2142 3173 2210 quasi
3212 2141 3282 2193 ila
3336 2140 3552 2194 demum

1982 2232 2142 2288 facile
2163 2231 2441 2304 slUrbis
2475 2234 2766 2302 potiturus,
2790 2234 2834 2288 si
2870 2233 3001 2287 illud
3032 2233 3181 2302 prius
3207 2239 3548 2300 occupasset.

1982 2324 2086 2380 Sed
2117 2340 2194 2378 ea:
2221 2339 2348 2393 spes
2378 2325 2514 2379 nihil
2549 2325 2734 2394 utique
2765 2325 2908 2379 aliud
2943 2325 3164 2379 fuerunt
3195 2340 3355 2393 quam
3401 2338 3549 2376 som-

1981 2416 2069 2470 nia
2099 2417 2462 2480 vigilantium.
2524 2416 2658 2471 Nam
2691 2432 2812 2470 eum
2873 2417 3003 2471 illud
3052 2417 3329 2472 castellum
3367 2417 3549 2470 multis

1981 2507 2250 2563 machinis
2309 2523 2436 2562 saxa
2497 2507 2900 2577 ejaculantibus
2953 2509 3438 2578 circumdedisset,
3496 2518 3549 2561 et

1979 2601 2178 2657 multos
2235 2609 2462 2655 conatus
2523 2600 2882 2666 adhibuisset,
2941 2616 3134 2670 capere
3178 2608 3358 2654 tamen
3403 2600 3554 2653 haud.

1978 2694 2175 2764 potuit.
2211 2693 2366 2750 Unde
2402 2694 2697 2766 Byzantina
2737 2708 2866 2763 agro
2903 2693 3127 2747 ﬁnitima
3159 2693 3379 2747 castella
3424 2709 3546 2745 nm-

1976 2784 2151 2849 nivit;
2181 2793 2238 2840 et
2264 2785 2464 2840 milites
2495 2785 2548 2839 in
2601 2785 2667 2840 iis
2697 2785 2936 2854 reliquit,
2966 2798 3028 2838 ea
3060 2783 3177 2854 lege
3211 2783 3455 2850 imposita
3491 2797 3548 2837 ιιι

1979 2876 2190 2933 crebris
2223 2877 2632 2932 incursionibus
2665 2884 2826 2946 atque
2849 2875 3063 2930 insidiis
3097 2874 3420 2946 Byzantinos
3447 2872 3548 2927 La-

1979 2971 2125 3027 tinos
2157 2969 2515 3037 infestarent,
2545 2987 2635 3036 ne,
2674 2971 2720 3026 si
2753 2969 2868 3024 fieri
2900 2978 3106 3039 posset,
3153 2969 3259 3022 illis
3304 2969 3386 3022 vel
3419 2985 3546 3038 pro-

1978 3063 2192 3134 spicere
2220 3073 2370 3118 extra
2433 3063 2634 3118 mmuia
2687 3062 2897 3117 liceret.
2929 3061 3060 3127 Quae
3092 3075 3181 3114 res
3214 3058 3437 3114 Latinos
3477 3061 3546 3114 ad

1977 3165 2180 3212 tantam
2210 3165 2508 3226 egestatem
2539 3153 2784 3224 redegit,
2821 3163 2883 3208 ut
2912 3153 2981 3206 ob
3009 3152 3277 3223 lignorum
3307 3151 3545 3221 inopiam

299 3235 413 3290 λων
463 3239 660 3294 σπάνει
707 3241 799 3294 καὶ
843 3242 942 3306 τὰς
999 3243 1092 3298 τοῦ
1134 3244 1427 3310 Βυζαντίου
1467 3249 1728 3315 πλείστας
1776 3253 1871 3307 καὶ

1981 3245 2242 3317 plurimas
2270 3256 2323 3300 et
2348 3244 2744 3316 pulcherrimas
2768 3242 2919 3298 urbis
2943 3244 3085 3298 aedes
3117 3243 3454 3297 dcstrucrent
3478 3241 3543 3297 ad

302 3334 624 3399 περιφανεῖς
649 3332 824 3396 οἰκίας
855 3333 1103 3388 καθελεῖν
1130 3337 1208 3400 είς
1237 3338 1479 3410 δαπάνην
1508 3343 1743 3412 χρειώδη
1773 3343 1868 3397 τοῦ

1978 3353 2136 3394 usuro
2172 3337 2314 3409 ignis
2349 3336 2741 3391 necessarium.
2785 3335 2916 3390 Inde
2942 3333 3176 3389 Nicaeam
3201 3333 3383 3398 rediit,
3424 3350 3544 3402 qua

302 3421 497 3489 πυρός.
535 3419 814 3476 Ἐντεῦθεν
838 3425 896 3488 ἐς
915 3425 1149 3480 Νίκαιαν
1173 3426 1328 3492 αὖθις
1346 3429 1673 3501 ὑποστρέφει
1694 3449 1709 3465 ·
1733 3433 1874 3506 αὕτη

303 3511 415 3582 γὰρ
467 3512 711 3581 ἐγεγόνει
777 3514 1063 3587 Ῥωμαίων
1125 3517 1394 3589 βασίλειον
1452 3520 1592 3590 μετὰ
1641 3521 1740 3593 τὴν
1775 3523 1875 3594 τῆς

303 3599 631 3666 Βυζαντίδος
683 3602 973 3675 πόρθησιν,
1026 3605 1123 3658 καὶ
1169 3600 1236 3675 ἦν
1285 3607 1402 3660 ἐκεῖ
1449 3607 1747 3680 διατρίϐων
1788 3610 1875 3680 ἐφ’

305 3692 514 3746 ἱκανόν.

377 3781 455 3839 E’.
498 3785 586 3838 'Ev
624 3787 838 3848 τούτοις
873 3785 1056 3855 μέντοι
1088 3789 1197 3851 τοῖς
1223 3788 1436 3858 χρόνοις
1459 3789 1746 3855 διαϐάντες
1783 3792 1873 3845 καὶ

299 3877 396 3932 τὸν
426 3876 716 3950 Εὐφράτην
750 3879 799 3932 οί
842 3878 1045 3933 Σκύθαι
1077 3879 1174 3952 τὴν
1219 3881 1345 3952 ἄχρι
1389 3883 1755 3956 Παλαιστίνης
1797 3888 1872 3938 ol-

302 3967 572 4023 κειοῦνται
606 3970 804 4040 Συρίαν
833 3973 926 4025 καὶ
966 3971 1245 4042 Ἀραϐίαν.
1272 3973 1422 4043 Μηδὲ
1461 3975 1572 4044 γὰρ
1602 3970 1739 4028 εἶναι
1761 3975 1872 4030 τῶν

299 4063 448 4116 τάνυ
477 4063 674 4134 ῥᾳδίων
706 4064 876 4132 πέρας
904 4064 1203 4133 λαμϐάνειν
1232 4066 1330 4136 τὴν
1349 4065 1649 4136 ἀνθρώπων
1683 4067 1870 4122 πλεον-

302 4153 475 4218 εξίαν.
528 4155 720 4226 μέχρις
750 4157 815 4210 ἂν
847 4157 1084 4228 ἐπιμένῃ
1114 4158 1182 4228 τῇ
1209 4157 1359 4228 δεξιᾷ
1387 4160 1482 4211 καὶ
1513 4161 1578 4229 τῇ
1608 4162 1779 4231 αἰχμῇ
1808 4161 1870 4214 τὸ

299 4247 583 4303 δύνασθαι.
612 4249 722 4303 Kal
751 4247 966 4312 πολλοῖς
990 4249 1106 4302 ἐκεῖ
1130 4252 1239 4313 τοῖς
1263 4250 1528 4320 λαφύροις
1551 4255 1872 4323 περιτυχόνο

298 4356 393 4404 τες
423 4338 736 4410 βριθούσαις
762 4341 1098 4411 ἐπανήκουσι
1120 4340 1341 4405 δεξιαῖς,
1366 4342 1568 4412 φόρους
1593 4346 1865 4413 ἐτησίους,

300 4431 402 4485 ὅσα
423 4431 518 4484 καὶ
544 4430 752 4495 δούλοις
777 4431 1004 4498 ἀθλίοις,
1030 4433 1290 4498 τάξαντες
1315 4436 1426 4496 τοῖς
1462 4435 1869 4504 ἐναπολειφθεῖ-

301 4537 387 4572 σιν
424 4520 632 4591 ’Ᾱραψί
660 4539 718 4574 τε
757 4523 850 4574 καὶ
881 4522 1072 4592 Σύροις
1113 4524 1207 4574 καὶ
1243 4523 1462 4590 Φοίνιξι.
1496 4525 1652 4579 Κατὰ
1683 4528 1863 4596 μέντοι

1974 3441 2098 3501 post
2131 3428 2370 3501 Byzantii
2421 3429 2781 3485 vastationem
2833 3425 2981 3496 regia
3012 3426 3377 3480 Romanorum
3410 3424 3546 3490 fuit,

1975 3523 2161 3595 ibique
2179 3523 2495 3594 aliquandiu
2523 3527 2892 3578 commoratus
2913 3528 3016 3575 est.

2044 3799 2110 3854 V.
2147 3799 2413 3855 Caeterum
2456 3797 2541 3852 his
2585 3795 2926 3866 temporibus
2961 3795 3196 3866 Scythas,
3231 3796 3392 3850 etiam
3433 3797 3541 3850 Eu-

1973 3892 2163 3963 phrate
2191 3898 2474 3959 superato,
2500 3885 2710 3958 Syriam
2731 3887 2797 3940 ad
2829 3884 3168 3940 Palaestinam
3195 3901 3362 3955 usque
3391 3889 3541 3940 suhi—

1971 3992 2137 4055 gunt;
2172 3983 2300 4036 item
2330 3978 2605 4035 Arabiam.
2639 3976 2831 4045 Neque
2861 3975 3006 4030 enim
3042 3975 3268 4030 avaritia
3303 3975 3540 4030 humana

1969 4075 2128 4130 facile
2157 4071 2513 4142 conquiescit,
2549 4071 2676 4124 dum
2711 4069 3004 4123 conatibus
3057 4067 3268 4122 fortuna
3313 4083 3540 4138 respon-

1970 4167 2081 4220 det.
2134 4164 2210 4218 Ac
2263 4163 2464 4217 multas
2527 4160 2637 4215 illic
2680 4160 2966 4215 manubias
3005 4160 3148 4214 nacti
3181 4159 3400 4216 domum
3459 4176 3540 4213 re-

1969 4255 2137 4311 deunt
2166 4254 2344 4324 plenis
2367 4250 2641 4314 manibus,
2686 4261 2806 4320 post
2837 4250 3105 4319 imperata
3138 4265 3316 4304 annua
3341 4250 3539 4304 tributa

1971 4345 2143 4418 Syris,
2179 4344 2449 4399 Arabibus
2477 4351 2530 4397 et
2582 4341 2956 4405 Phoenicibus,
2983 4341 3148 4396 veluti
3186 4341 3399 4396 miseris
3423 4343 3542 4410 qui—

1970 4439 2198 4494 busdam
2231 4435 2540 4503 mancipiis.
2580 4432 2736 4488 Anno
2776 4435 3050 4503 sequenti,
3077 4433 3242 4487 etiam
3269 4433 3322 4486 in
3355 4433 3537 4486 Asiam

1969 4531 2106 4584 citra
2145 4527 2479 4596 Euphratem
2535 4525 2610 4592 (id
2669 4535 2750 4579 est
2778 4563 2794 4590 ,
2829 4524 2884 4578 in
2937 4523 3119 4578 Asiam
3155 4523 3439 4592 Minorem)
3473 4524 3543 4576 ir-

296 4613 359 4665 τδ
389 4613 541 4667 ὲπιδν
570 4613 689 4677 ἔτος
723 4613 836 4685 (56)
865 4614 1202 4669 είσϐάλλουσι
1234 4616 1327 4669 καὶ
1369 4617 1424 4680 ις
1451 4617 1548 4687 τὴν
1581 4617 1728 4672 ἔνδον
1760 4619 1860 4672 Εὑ-

1979 4629 2255 4689 rumpunt,
2289 4632 2518 4687 eamque
2559 4616 2778 4686 prmdati
2813 4615 2972 4670 facile
3015 4616 3294 4684 subigunt,
3350 4614 3540 4668 limiti-

296 4707 505 4776 φράτου
540 4707 724 4764 Ἀσίαν
757 4711 850 4762 καὶ
878 4709 1057 4761 πᾶσαν
1085 4707 1278 4778 ῥᾳδίως
1301 4711 1738 4784 καταστρέφουσι
1771 4715 1866 4766 καὶ

1976 4715 2078 4769 bus
2114 4711 2453 4768 excursionis
2500 4721 2556 4766 et
2594 4719 2770 4764 motus
2808 4707 2957 4764 illitis
3005 4707 3318 4762 constitutis
3343 4719 3541 4760 versus

1653 4853 1976 4916 Variorum
2013 4862 2206 4918 nolle.

374 4974 489 5042 (5|)
523 4974 861 5045 Ephraamius
887 4977 954 5031 de
982 4978 1209 5032 Arsenio
1233 4994 1246 5030 :

368 5046 482 5097 Kal
515 5043 693 5099 πάντα
727 5045 933 5114 βαθμὸν
967 5047 1170 5109 ἀνύσας
1210 5043 1556 5114 Ἐκκλησίας,

369 5117 477 5188 Εἰς,
495 5113 628 5188 ὕψος
653 5113 793 5186 ileon
827 5113 1217 5188 ποιμεναρχιας
1250 5113 1412 5188 μέγοξέ

371 5137 465 5177 ιἰις
495 5137 628 5185 υψος
653 5137 793 5186 ηρυη
827 5137 1057 5186 ποιμενα
1096 5137 1217 5188 χιας
1250 5137 1412 5183 μετα.

371 5184 728 5254 Δὺθαιρέτως
759 5188 947 5240 τούτου
978 5187 1035 5241 δὲ
1063 5137 1337 5248 λείποντος
1371 5183 1579 5254 θρόνον,

366 5256 520 5324 Μονῇ
545 5255 600 5308 δὲ
629 5256 794 5308 αύτὶν
819 5257 1028 5324 εύαγῶς
1052 5257 1364 5318 δεδωκότος,

371 5325 716 5394 Νικηφόρος,
741 5327 1000 5395 πρόεδρος
1029 5329 1104 5380 ὢν
1145 5327 1432 5393 Ἐφεσίων,

366 5392 670 5467 ῌροεδρίαν
699 5392 889 5467 εἴληφε
919 5397 1017 5467 τῆς
1046 5392 1476 5450 Κωνσταντίνου.
1510 5392 1737 5448 Ducam}.

369 5463 504 5519 Vide
537 5463 750 5518 Arsenii
787 5463 1215 5522 Testamentum.
1253 5467 1458 5518 Bomu.

362 5535 479 5601 (52)
518 5533 885 5604 Tranquillam
941 5554 1004 5590 ac
1055 5537 1350 5592 solitariam
1397 5536 1558 5590 vitam
1619 5543 1856 5589 acturus.

293 5604 799 5676 \‘idciﬂlossarium
839 5606 1117 5676 Ducangii.
1159 5607 1364 5660 Boms.

365 5675 484 5741 (53)
513 5675 683 5743 Cujus
728 5675 1046 5732 monasterii
1105 5677 1240 5730 situs
1295 5677 1624 5732 describitur
1674 5692 1704 5730 a
1768 5675 1861 5728 Pa-

287 5747 543 5814 chymer.
578 5745 675 5798 lib.
708 5761 768 5805 ιι,
801 5761 921 5814 cap.
961 5747 1046 5801 15.
1070 5746 1297 5800 Ducam.

389 5761 543 5798 'mer.
579 5761 675 5798 ιιι).
708 5761 768 5805 ιι,
801 5761 921 5814 cap.
961 5761 1046 5801 ιδ.
1070 5761 1297 5800 vocuo.

363 5761 482 5882 (’54)
517 5814 838 5880 Pachymcr.
871 5817 962 5872 lib.
1002 5833 1061 5879 ιι,
1099 5833 1218 5884 ιον.
1255 5816 1340 5871 l6.
1375 5817 1612 5873 Ducanc.

363 5885 479 5951 (55)
515 5885 748 5956 Περαία,
779 5888 926 5954 παρὰ
957 5887 1015 5939 τὸ
1053 5887 1247 5957 πέραν,
1271 5890 1412 5955 quod
1449 5903 1596 5943 mare
1633 5886 1858 5955 iuterja-

1974 4989 2146 5033 ceret.
2210 4979 2446 5033 Vocatur
2501 4978 2666 5032 etiam
2730 4976 2892 5031 hodie
2957 4973 3118 5037 Pera,
3179 4985 3239 5029 ut
3294 4973 3536 5032 Joannes

1981 5049 2354 5113 Denschwam,
2409 5049 2492 5102 vir
2546 5047 2948 5109 ornatissimus,
2986 5045 3116 5101 mihi
3177 5045 3393 5111 retulit,
3441 5049 3534 5117 qui

1974 5118 2066 5172 diu
2095 5129 2147 5174 et
2183 5118 2422 5188 Byzantii
2460 5119 2614 5183 vixit,
2647 5125 2702 5188 et
2727 5117 3007 5188 Antasiam
3030 5129 3197 5185 usque
3216 5127 3536 5184 progressus

1969 5198 2088 5269 est:
2119 5198 2174 5242 et
2200 5185 2298 5269 hos
2350 5185 2928 5269 Byzantingehi‘sto‘rige
2955 5185 3124 5269 libros
3181 5199 3376 5269 omnes
3405 5201 3530 5269 eum

1969 5258 2090 5313 aliis
2122 5259 2304 5312 multis
2369 5255 2632 5326 singulari
2661 5256 2925 5311 industria
2965 5265 3022 5310 et
3069 5255 3252 5310 studio
3279 5255 3534 5322 iuvanda:

1966 5327 2275 5396 reipublicae
2297 5328 2576 5382 litterariae
2610 5327 2980 5394 comparavit:
3014 5333 3151 5396 etut
3181 5340 3211 5378 a
3253 5339 3342 5378 me
3389 5341 3528 5396 con-

1966 5394 2330 5463 verterentur,
2361 5407 2524 5465 atque
2554 5398 2606 5450 in
2641 5397 2914 5465 publicum
2949 5395 3282 5465 ederentur,
3320 5394 3531 5462 primus

1962 5478 2154 5521 auctor
2187 5468 2308 5520 fuit.
2367 5462 2652 5522 wounds.
2679 5497 2748 5510 -—
2775 5465 2912 5518 Male
2947 5463 3204 5527 Wolﬁus,
3242 5462 3532 5517 Castellum

1959 5533 2178 5608 Peream,
2202 5547 2536 5608 cognomento
2559 5537 2786 5608 Galatas.
2825 5534 3169 5608 Hspala__ltoc
3193 5533 3322 5608 loco
3347 5533 3538 5608 adver-

1956 5622 2070 5678 sum
2096 5601 2571 5678 littrtts'siguilicat.
2611 5606 2764 5672 Quod
2800 5605 2842 5678 δ]
2880 5601 3161 5659 castellum
3192 5601 3321 5678 illud
3346 5603 3529 5678 _hodie

1959 5676 2096 5729 Pera
2159 5672 2381 5738 dicitur,
2420 5692 2530 5730 non
2568 5677 2772 5732 idcirco
2805 5673 3062 5741 Gregorae
3096 5672 3279 5726 verbis
3308 5672 3392 5726 vis
3445 5672 3526 5726 fe-

1957 5747 2151 5800 cienda
2187 5756 2291 5800 est.
2352 5745 2559 5799 Botvm.
2585 5777 2652 5788 —-
2680 5744 2792 5799 Τοῦ
2847 5742 3152 5797 Γαλάτου.
3203 5741 3527 5814 Pachymch

1959 5816 2054 5869 lih.
2077 5831 2148 5886 n,
2182 5831 2304 5886 cap.
2345 5816 2437 5886 20.
2470 5817 2704 5871 Due/mc.

2031 5885 2142 5957 (56)
2184 5885 2286 5940 An.
2322 5885 2452 5941 Chr.
2481 5888 2640 5942 l26l.
2688 5887 2916 5941 Ducwc.
