3984 6586
249 429 346 493 212
485 427 534 498 [.t
599 443 646 482 c.
698 428 834 484 1959
875 445 941 484 AD
985 428 1143 502 128:2]

1261 411 2108 499 tn'zaxrtNa'tttsTnRL/E
2134 437 2280 505 Lm.
2310 438 2402 498 [ν.

2519 431 2650 504 [tum
2692 447 2840 488 utea.
2878 432 3215 506 asumma]

3359 436 3506 502 214‘

241 547 446 603 ουτικὸν
465 549 554 600 καλ⁵
573 547 898 601 Θετταλικὸν
921 548 1127 602 ἔπαυσε
1153 549 1299 620 δόρυ,
1324 567 1421 620 ττιν
1448 552 1628 622 μάχην
1652 569 1726 620 φη
1736 552 1795 620 μὶ

1916 535 2234 620 'cpresserart
2261 551 2346 621 (de
2392 569 2567 624 pugna
2601 555 2945 608 Acarnanum
2981 564 3034 608 et
3058 551 3362 608 Etolorum
3399 555 3480 610 lo-

243 639 342 690 τῶν
366 654 423 690 τε
460 637 806 708 Ἀκαρνάνων
844 641 940 693 καὶ
978 641 1254 710 Αἰτωλῶν,
1291 644 1388 696 καὶ
1428 643 1522 713 τῆς
1557 647 1800 714 πονηρᾶς

243 731 445 798 ἐκεῖνης
483 731 637 801 ῥίζης
683 733 843 785 πάλιν
887 733 1191 802 ύπεφύοντο
1241 737 1452 807 πονηρά
1503 743 1596 792 καὶ
1637 740 1801 793 ἀκαν-

243 824 374 892 θώδη
409 823 783 894 βλαστήματα,
828 825 920 878 καὶ
952 826 1114 881 πάλιν
1144 827 1322 897 ὅρκων
1370 829 1675 899 ἀνατροπαὶ
1706 831 1800 883 καὶ

245 919 407 988 μάχαι
456 919 750 988 πολεμικαὶ
795 918 889 972 τοῦ
937 919 1244 974 ἀποστάτου
1289 921 1530 991 Μιχαὴλ.
1585 922 1799 991 Πέμπει

242 1011 520 1078 τοιγαροῦν
537 1011 677 1065 κατὰ
695 1011 857 1081 τάχος
882 1011 971 1066 ἐπ’
991 1014 1198 1066 ἐκεῖνον
1221 1015 1248 1066 ό
1271 1011 1526 1084 βασιλεὺς
1546 1014 1802 1086 Καίσαρα

242 1104 325 1156 τὸν
365 1103 864 1173 Στρατηγόπουλον,
913 1103 1038 1168 δοὺς
1078 1103 1227 1174 αύτῷ
1272 1104 1366 1158 καὶ
1405 1104 1664 1168 Βιθυνοὺς
1703 1107 1802 1176 μὲν

243 1193 456 1256 ὀπλῐτας
478 1194 672 1264 μικρὸν
691 1193 833 1264 ὑπὲρ
854 1195 979 1258 τοὺς
1001 1195 1376 1263 ὀκτακοσίους,
1396 1197 1522 1260 τοὺς
1548 1197 1591 1250 δ’
1609 1195 1800 1261 ἄλλους

242 1284 459 1346 ὁπόσους
488 1285 520 1354 ἡ
545 1284 701 1352 χρεία
725 1283 938 1354 ζητοίη,
964 1287 1425 1357 στρατολογήσειν
1458 1289 1621 1341 αὐτὸν
1649 1289 1712 1342 ἐκ
1741 1305 1800 1342 τε

243 1375 451 1445 Θρᾴκης
475 1379 566 1428 καὶ
583 1377 947 1442 Μακεδονίας.
972 1379 1303 1448 Προστάττει
1320 1380 1365 1432 δ’
1388 1379 1535 1450 αύτῷ
1552 1382 1644 1433 καὶ
1666 1381 1806 1451 πάρ·

241 1483 392 1537 εργον
423 1467 544 1519 ὁδοῦ
576 1468 905 1537 ποιήσασθαι
938 1469 1058 1539 μεθ’
1089 1463 1163 1524 ὧν
1204 1471 1532 1542 ἐπιφέρεται
1562 1472 1804 1525 Βιθυνῶν

243 1556 470 1608 ὁπλιτῶν
494 1557 591 1624 τὴν
620 1557 706 1610 διὰ
733 1559 843 1612 τῶν
864 1559 957 1612 τοῦ
986 1560 1283 1624 Βυζαντίου
1315 1564 1660 1632 προαστείων
1692 1565 1806 1619 διά-

243 1649 414 1715 ϐασιν,
452 1649 684 1720 θορύϐου
717 1653 860 1714 τινὸς
893 1652 1058 1708 ἕνεκα
1087 1655 1196 1708 τῶν
1236 1655 1294 1707 ἐν
1331 1654 1610 1726 Βυζαντίῳ
1643 1657 1807 1711 Λατί-

243 1761 339 1798 νων
370 1744 464 1797 καὶ
489 1745 584 1798 τοῦ
613 1745 688 1815 μὴ
718 1745 858 1799 πάνυ
887 1747 1168 1814 σχολάζειν
1213 1749 1414 1812 αὐτοὺς
1470 1751 1562 1803 καὶ
1605 1751 1808 1804 ἀναπε-

251 1835 520 1890 πτωκέναι
551 1841 1003 1909 συγκεχωρῆσθαι
1027 1843 1161 1896 κάπὶ
1188 1843 1438 1894 πλεῖστον
1465 1844 1572 1896 τῶν
1610 1845 1806 1914 τειχῶν

242 1923 552 1994 παρεξιέναι
577 1900 757 1980 ὁπότε·
777 1900 1073 1997 βούλοιντο,
1119 1930 1230 1983 ἀλλ’
1260 1927 1398 1987 εἶναι
1426 1900 1807 2003 περιδεεῖςῧάεὶ
1839 1900 1879 1955 Β

243 2019 327 2070 καὶ
356 2015 468 2071 οἷον
500 2021 557 2071 ἐν
585 2021 774 2090 εἱρκτῇ
812 2025 1279 2092 φρουρουμένους.

306 2111 376 2164 Β’.
413 2112 526 2165 Καὶ
553 2112 651 2181 μὲν
677 2111 742 2182 δὴ
767 2112 1309 2185 διαπεραιωσάμενος
1345 2118 1443 2190 τὴν
1472 2121 1810 2192 Προποντίδα

243 2203 269 2255 ὀ
303 2204 523 2274 Καῖσαρ
556 2204 976 2272 στρατοπεδεύει
1013 2207 1142 2275 περὶ
1170 2207 1230 2261 τδ
1269 2208 1490 2278 Ῥήγιον
1515 2227 1529 2241 ·
1563 2211 1691 2266 ἔνθα
1715 2231 1810 2266 πε-

245 2295 552 2365 ριτυγχάνει
580 2297 721 2349 τισὶν
751 2297 1033 2369 ἀγοραίοις
1061 2299 1287 2370 ἀνδράσι
1321 2301 1452 2372 (61),
1489 2302 1666 2371 λόγοις
1712 2322 1808 2374 με-

245 2387 420 2453 γάλοις
440 2389 536 2441 καὶ
552 2389 883 2461 ἀπορρήτοις
899 2394 998 2462 τῆς
1011 2393 1187 2446 πάντα
1203 2393 1510 2464 διοικούσης
1531 2395 1804 2465 προνοίας,

245 2483 276 2551 ἢ
302 2481 495 2552 πλήθει
527 2483 626 2552 μὲν
649 2484 816 2540 ἵππου
845 2490 940 2539 καὶ
967 2489 1228 2558 στρατιᾶς
1259 2491 1356 2559 οὐχ
1389 2489 1654 2561 ύπηρετεί
1683 2493 1811 2545 πολ-

245 2572 414 2640 λάκις,
448 2575 676 2647 βραχείᾳ
697 2577 750 2630 δέ
768 2596 876 2631 τινι
898 2579 1122 2650 δυνάμει
1145 2581 1239 2634 καὶ
1263 2581 1462 2652 πολλὴν
1481 2584 1599 2646 ταῖς
1625 2584 1810 2639 ἐλπίσι

245 2664 449 2734 τρυφὴν
476 2669 734 2736 χορηγεῖν
772 2670 872 2722 οὐκ
900 2671 1096 2742 ἐχούσῃ
1125 2673 1437 2743 συναίρεται
1471 2674 1672 2744 μᾶλλον
1715 2676 1811 2730 καὶ⁸

244 2759 393 2821 νίκας
422 2760 690 2828 μεγίστας
726 2764 1048 2833 παρέχεται,
1083 2765 1206 2819 Τῶν
1238 2766 1337 2835 μὲν
1362 2767 1471 2838 γὰρ
1495 2767 1597 2837 τὴν
1620 2769 1811 2823 ἐλπίδα

245 2849 548 2917 κιϐδηλεύει
578 2852 648 2906 τὰ
693 2853 834 2907 ὅπλα
873 2854 1133 2919 πολλάκις
1164 2859 1256 2910 καὶ
1286 2859 1318 2928 ἡ
1359 2859 1458 2927 τῆς
1485 2859 1651 2929 άλλης
1681 2858 1810 2927 ἴσως

247 2941 600 3011 παρασκευῆς
625 2942 882 3013 ἀφθονία,
909 2945 1099 3018 [Ρ.49]
1128 2951 1222 3002 καὶ
1243 2950 1346 3004 οὐκ
1373 2952 1437 3022 ἑᾷ
1467 2952 1665 3024 ῥᾳδίως
1697 2955 1810 3010 ἄνω

246 3033 505 3100 φέρεσθαι
560 3035 697 3105 πρὸς
725 3036 816 3089 τὸν
847 3037 992 3108 ζωῆς
1022 3040 1118 3093 καὶ
1161 3041 1393 3097 θανάτου
1417 3043 1642 3114 Κύριον,
1676 3045 1812 3100 ἀλλά

247 3123 501 3191 κατασπᾷ
530 3125 627 3176 καὶ
653 3123 876 3191 βαρύνει
905 3127 1150 3197 καὶπερὶ
1180 3129 1278 3198 τὴν
1306 3134 1408 3200 γῆν
1437 3133 1513 3196 ὡς
1539 3134 1608 3188 τὰ
1641 3135 1808 3190 πολλὰ

1903 644 2084 712 quor),
2117 657 2238 696 cum
2277 643 2429 696 malae
2473 643 2616 697 illius
2641 643 3000 698 radicis'mala
3026 654 3082 698 et
3111 645 3329 714 spinosa
3354 662 3476 716 ger-

1905 733 2050 784 mina
2088 733 2512 802 repullularunt,
2559 734 2775 790 violatis
2817 751 3030 789 rursum
3065 734 3380 798 lmderiltus.
3410 744 3466 790 et

1906 824 2044 878 bello
2072 824 2354 879 Michaelis
2409 825 2751 882 rebellatoris
2798 826 3022 896 perlidia
3053 826 3337 882 suscitato.
3369 826 3478 880 lm-

1903 926 2123 985 perator
2156 917 2314 988 igitur
2342 918 2590 973 celeriter
2638 919 2900 974 adversus
2947 919 3099 974 illum
3157 920 3322 976 mittit
3362 919 3478 972 Cae-

1904 1025 2082 1064 sarem
2139 1011 2596 1082 StrategOpulum,
2621 1013 2872 1085 Bithynis
2909 1013 2984 1068 illi
3047 1014 3266 1083 paulum
3313 1028 3475 1083 supra

1903 1116 2031 1155 accc
2058 1102 2204 1157 datis
2237 1119 2252 1158 :
2282 1103 2520 1174 reliquos
2555 1105 2755 1161 milites
2780 1144 2796 1170 .
2824 1115 3088 1176 quotquot
3117 1121 3204 1162 res
3237 1107 3479 1177 postula-

1908 1202 2013 1259 ret,
2051 1207 2080 1246 e
2132 1192 2359 1248 Thracia
2391 1204 2447 1249 et
2489 1194 2802 1250 Macedonia
2837 1211 3030 1268 cogere
3054 1197 3230 1268 jubet.
3259 1196 3478 1252 Mandat

1905 1284 2098 1348 etiam,
2123 1295 2183 1340 ut
2215 1301 2337 1340 cum
2367 1285 2617 1357 Bithynis
2657 1287 2926 1344 militibus
2955 1289 3134 1345 obiter
3163 1305 3262 1359 per
3289 1291 3479 1346 subur-

1906 1375 1991 1430 hia
2038 1375 2280 1446 Byzantii
2313 1378 2590 1444 transiret,
2643 1380 2711 1434 ad
2743 1379 2966 1436 Latinos
3015 1380 3107 1450 qui
3140 1381 3198 1434 in
3229 1381 3362 1435 urbe
3392 1395 3480 1435 es-

1905 1475 2027 1523 sent
2085 1467 2430 1538 aliquatenus
2483 1473 2909 1541 perturbandos,
2945 1488 3016 1528 ne
3043 1488 3266 1542 prorsus
3307 1474 3477 1529 otium

1907 1573 2067 1629 agere
2101 1569 2157 1614 et
2187 1561 2394 1616 resides
2425 1577 2550 1618 esse
2576 1564 2916 1630 sinerentur,
2959 1574 3055 1620 aut
3079 1565 3295 1636 longius
3327 1575 3478 1621 extra

1908 1649 2111 1702 mtenia
2159 1649 2375 1718 quoties
2433 1651 2646 1707 libitum
2697 1661 2845 1708 esset
2872 1663 3257 1724 evagarentur;
3287 1655 3382 1711 sed
3422 1653 3477 1708 in

1908 1750 2176 1810 perpetuo
2222 1749 2371 1797 metu
2414 1757 2634 1810 essent,
2674 1754 2729 1800 et
2757 1755 3019 1810 tanquam
3065 1746 3116 1800 in
3149 1761 3370 1802 carcere
3401 1746 3482 1799 in-

1909 1834 2066 1888 clusi.

1984 2108 2050 2163 ll.
2085 2108 2270 2179 Itaque
2303 2109 2486 2164 Caesar
2515 2108 2849 2180 Pr0pontide
2877 2113 3127 2178 trajecta,
3177 2113 3479 2182 castrisque

1911 2202 2060 2257 circa
2091 2200 2360 2271 Rhegium
2392 2203 2584 2270 positis
2604 2242 2618 2268 ,
2643 2203 2698 2257 in
2730 2202 3193 2264 circttml'oraneos
3213 2203 3476 2272 quosdam

1913 2289 2162 2346 homines
2204 2289 2430 2351 incidit,
2460 2304 2657 2359 magno
2705 2304 3013 2360 arcanaque
3053 2299 3248 2345 cuncta
3281 2291 3482 2362 guber-

1910 2383 2094 2437 nantis
2115 2381 2476 2437 Providentiae
2505 2381 2738 2436 consilio
2761 2420 2776 2443 .
2809 2397 2931 2452 qua:
2965 2397 3108 2452 sape
3143 2383 3477 2438 multitudini

1911 2491 2176 2546 equorum
2201 2485 2253 2529 et
2283 2475 2622 2530 exercituum
2649 2491 2758 2530 non
2788 2475 3065 2530 subservit
3089 2493 3104 2541 ;
3144 2475 3356 2546 exiguis
3381 2493 3479 2530 au-

1913 2577 2023 2623 tem
2078 2567 2309 2629 viribus,
2370 2581 2489 2636 qua
2522 2581 2674 2637 spem
2729 2581 2836 2620 non
2886 2566 3178 2622 admodum
3224 2567 3479 2623 blandam

1911 2668 2249 2731 suggerunt,
2280 2659 2455 2730 magis
2493 2659 2646 2714 adest
2681 2659 3048 2729 maximasque
3072 2660 3334 2716 uictorias
3372 2661 3482 2715 lar-

1909 2755 2076 2826 gitur.
2108 2753 2242 2806 Nam
2281 2751 2495 2806 illorum
2529 2749 2748 2820 quidem
2788 2765 2939 2820 spem
2970 2766 3120 2806 arma
3147 2767 3290 2821 saepe
3313 2761 3369 2806 et
3397 2767 3483 2806 re-

1910 2847 2041 2917 liqui
2070 2855 2366 2916 apparatus
2414 2843 2730 2916 magnitudo
2767 2844 3110 2909 adulterant,
3149 2843 3261 2914 δε,
3283 2851 3338 2896 et
3361 2858 3483 2898 sur-

1911 2954 2032 2994 sum
2062 2938 2189 2994 l‘erri
2222 2954 2333 2994 non
2364 2939 2554 2994 sinunt
2583 2939 2647 2992 ad
2696 2937 2818 2992 vita:
2840 2937 3103 3006 necisque
3149 2937 3438 2992 Dominum
3463 2978 3481 2999 .

1911 3033 2006 3088 sed
2039 3033 2189 3104 gravi
2208 3032 2442 3101 quodam
2466 3030 2708 3102 pondere
2732 3031 2988 3086 deorsum
3013 3045 3258 3101 pressam
3279 3030 3480 3085 versari

1912 3125 2060 3180 humi
2115 3125 2433 3194 plerumque
2482 3130 2703 3193 cogunt.
2748 3123 2952 3178 Contra
2999 3123 3189 3177 horum
3226 3122 3478 3178 ﬁduciam

247 3211 610 3267 καλινδεῖσθαι
655 3214 931 3284 βιάζεταιο
961 3218 1072 3272 τῶν
1103 3219 1158 3272 δὲ
1207 3222 1515 3277 τούναντίον
1548 3226 1578 3293 ἠ
1613 3227 1808 3290 σπάνις

1916 3217 2140 3288 penuria
2192 3231 2374 3271 rerum
2410 3214 2848 3270 necessariarum
2879 3215 3272 3285 expeditiorem
3326 3215 3478 3278 facit,

246 3303 349 3356 τῶν
366 3304 686 3373 ἀναγκαίων
704 3309 1068 3379 κουφοτέρους
1093 3315 1239 3365 ποιεῖ
1265 3315 1356 3367 καὶ
1375 3311 1486 3368 οἷον
1507 3318 1813 3388 αἰθεροδρο-

251 3398 364 3465 μεῖν
388 3415 448 3450 τε
487 3397 786 3466 ἀναγκάζει
815 3402 910 3454 καὶ
933 3401 1260 3473 θερμότερον
1291 3407 1389 3474 τὴν
1415 3407 1617 3464 ἄνωθεν
1649 3413 1813 3464 ἐκκα-

247 3487 450 3542 λεῖσθαι
477 3490 678 3555 δεξιάν.
702 3491 782 3544 Δι’
804 3493 936 3546 αὐτό
965 3511 1026 3560 γε
1061 3495 1166 3564 μὴν
1195 3496 1351 3550 τοῦτο
1376 3501 1471 3553 καὶ
1499 3501 1686 3556 πολλοὶ
1712 3521 1810 3573 με·

249 3580 383 3646 γάλα
429 3581 756 3646 ἐλπίσαντες
804 3585 1114 3639 τούναντίον
1163 3589 1196 3656 ἢ
1251 3590 1392 3642 κατὰ
1439 3592 1537 3656 τὰς
1594 3594 1814 3661 ἐλπίδας

251 3673 587 3742 ἀπήλλαξαν.
630 3677 846 3747 Ἕτεροι
882 3677 938 3730 δὲ
965 3678 1034 3730 δι’
1057 3680 1292 3749 ἀπορίαν
1322 3684 1414 3736 καὶ
1437 3684 1646 3738 ἑαυτῶν
1676 3689 1814 3742 ἁπο-

249 3766 466 3831 γνόντες
499 3769 776 3836 τροπαίων
806 3769 1076 3837 μεγίστων
1105 3773 1384 3843 ἐπέτυχον.
1425 3775 1556 3830 Ἰδοὺ
1580 3777 1687 3848 γὰρ
1713 3781 1814 3834 κάν

249 3855 322 3924 τῷ
371 3857 603 3927 παρόντι
649 3857 886 3927 βασιλεῖς
919 3860 1026 3913 τῶν
1055 3861 1224 3930 τριῶν
1255 3863 1356 3917 οὐκ
1391 3863 1650 3930 ἐλάττους
1689 3869 1816 3923 πολ-

249 3946 362 4006 λαῖς
419 3951 682 4012 πολλάκις
737 3951 945 4020 χιλιάσι
999 3953 1231 4023 στρατοῦ
1283 3956 1684 4025 προσϐαλόντες
1743 3964 1810 4033 τῇ

250 4039 656 4094 Κωνσταντίνου
685 4043 958 4109 ἄπρακτοι
986 4047 1278 4116 ἐπανῆκον,
1311 4048 1432 4103 οὐδὲ
1461 4053 1575 4115 τοῖς
1611 4052 1812 4124 τείχεσι

249 4131 505 4201 καθαρῶς
542 4133 860 4204 δυνηθέντες
893 4137 1135 4204 ἐγγίσαι.
1185 4139 1347 4193 Ἀλλά
1377 4141 1580 4214 ταύτην
1609 4145 1638 4196 ό
1675 4147 1814 4199 Καῖ-

252 4239 351 4292 σαρ
381 4219 523 4276 εἷλεν
551 4225 919 4295 αἰχμάλωτον,
955 4227 1077 4298 μηδ’
1109 4228 1236 4300 ἄχρι
1268 4229 1501 4299 χιλιάδος
1537 4235 1664 4302 μιᾶς
1701 4235 1813 4305 (62)

249 4315 587 4386 ἐπαγόμενος
618 4319 954 4388 στράτευμα,
986 4319 1121 4389 μηδὲ
1143 4322 1338 4392 τειχῶν
1360 4323 1696 4393 ἀμυντήριον
1725 4326 1816 4396 δρ-

250 4421 409 4473 γανον
434 4408 605 4469 οὐδὲν,
639 4409 772 4478 μηδὲ
797 4411 1201 4479 μηχανημάτων
1221 4411 1376 4483 ὄχλον
1393 4414 1655 4480 ὁντινοῦν,
1679 4417 1814 4471 ἀλλὰ

253 4500 383 4571 μόνῃ
416 4504 485 4572 τῇ
520 4501 642 4573 θείᾳ
682 4503 972 4575 ἐπικουρίᾳ
999 4505 1059 4558 τὸ
1102 4507 1209 4559 πᾶν
1235 4507 1564 4578 ἀναρτήσας.
1597 4505 1720 4563 Εἴλε
1759 4511 1814 4565 δὲ

253 4607 445 4654 ουτως.

318 4682 391 4737 I".
443 4683 597 4737 Ἐπεὶ
617 4683 725 4756 γὰρ
747 4686 858 4749 τοῖς
888 4685 1144 4756 ἀνδράσιν
1177 4689 1403 4753 ἐκείνοις
1432 4693 1459 4744 ό
1494 4691 1702 4763 Καῖσαρ
1726 4695 1815 4750 ἐν·

253 4774 428 4846 ἔτυχε,
478 4775 768 4845 Ῥωμαίοις
817 4775 917 4847 μὲν
963 4773 1081 4830 οὖσι
1125 4779 1185 4830 τὸ
1224 4781 1404 4846 γένος,
1442 4783 1730 4852 αὐτόχθοσι
1757 4786 1814 4840 δὲ

252 4869 890 4936 Κωνσταντινουπόλεως,
939 4873 1079 4926 κατὰ
1131 4873 1187 4926 δέ
1236 4875 1424 4943 χρείαν
1469 4878 1674 4942 ἅλωνος
1722 4879 1816 4933 καὶ

1915 3324 1980 3362 ac
2003 3307 2398 3378 propemodum
2426 3307 2491 3362 ad
2524 3307 2950 3374 percurrendum
2983 3307 3181 3362 cmlum
3211 3306 3438 3376 impellit
3463 3346 3477 3370 ,

1914 3408 1968 3454 et
2000 3399 2066 3453 ad
2097 3413 2386 3469 supernam
2438 3397 2712 3452 dexteram
2761 3398 2902 3452 votis
2929 3398 3328 3454 ardentioribus
3354 3413 3483 3452 evo-

1915 3489 2165 3546 candam.
2193 3487 2332 3542 llinc
2362 3497 2445 3544 est
2483 3487 2627 3557 quod
2669 3487 2820 3541 multi
2865 3503 3058 3557 magna
3087 3501 3185 3558 Spe
3215 3497 3478 3558 concepta

1914 3582 2248 3638 contrarium
2303 3596 2367 3634 ac
2397 3589 2755 3650 speraverant
2785 3580 3148 3650 experiuntur
3178 3597 3193 3634 :
3233 3579 3323 3634 alii
3349 3594 3481 3634 vero

1913 3692 1978 3731 ex
2007 3675 2232 3730 summis
2255 3674 2540 3744 angustiis,
2565 3689 2688 3727 cum
2711 3672 2779 3728 de
2804 3687 2864 3727 se
2896 3671 3029 3743 ipsis
3053 3673 3438 3742 desperassent
3465 3712 3480 3736 ,

1914 3768 2179 3823 maximos
2203 3765 2510 3836 triumphos
2541 3765 2894 3834 suntadepti.
2925 3764 3064 3820 Ecce
3092 3765 3237 3820 enim
3273 3764 3326 3819 in
3347 3779 3483 3833 pras-

1915 3858 2059 3916 senti
2100 3857 2320 3929 negotio
2376 3873 2485 3912 non
2531 3858 2716 3912 minus
2749 3873 2910 3926 quam
2962 3865 3074 3914 tres
3123 3859 3480 3927 imperatores

1916 3962 2040 4003 eum
2075 3947 2258 4002 multis
2278 3961 2419 4014 saepe
2450 3946 2730 4000 hominum
2757 3945 2998 4001 millibus
3021 3943 3486 4013 Constantinopn-

1915 4040 2011 4095 lim
2053 4039 2294 4110 aggressi
2341 4053 2400 4093 re
2454 4036 2652 4091 infecta
2686 4037 3080 4098 discesserunt.
3121 4051 3246 4092 cum
3280 4051 3382 4089 nec
3415 4035 3482 4089 ad

1917 4133 2032 4201 ipsa
2091 4132 2292 4187 moenia
2326 4112 2575 4200 'propius
2605 4129 2865 4183 accedere
2906 4129 3169 4184 licuisset.
3202 4127 3273 4181 At
3301 4126 3483 4190 Caesar

1915 4224 2162 4280 eamdem
2224 4223 2390 4292 cepit,
2425 4237 2546 4276 cum
2603 4236 2672 4274 ne
2727 4221 2875 4275 mille
2927 4221 3148 4290 quidem
3196 4219 3480 4274 hominum

1916 4317 2215 4372 exercitum
2247 4315 2676 4379 adduceret,nec
2703 4314 2869 4368 ullum
2897 4322 3226 4368 tormentum
3249 4313 3497 4376 murale,.

1917 4421 2018 4460 nec
2074 4405 2441 4460 machinarum
2475 4404 2684 4474 cupiam
2731 4414 2972 4474 paratam
3011 4404 3258 4465 haberet,
3299 4404 3394 4458 sed
3417 4405 3483 4457 ad

1917 4497 2086 4553 solam
2107 4497 2345 4550 divinam
2377 4510 2535 4566 opem
2562 4496 2740 4549 omnia
2771 4495 3066 4550 retulisset.
3111 4493 3270 4562 Cepit
3297 4504 3482 4550 autem

1850 4591 1892 4647 D
1922 4589 2024 4644 hoc
2065 4590 2244 4644 modo.

1993 4680 2080 4734 lll.
2106 4679 2240 4735 Cum
2273 4681 2327 4736 in
2363 4680 2483 4735 illos
2518 4679 2664 4733 viros
2695 4677 3000 4740 incidisset,
3040 4693 3240 4747 genere
3280 4679 3487 4734 Roma-

1923 4789 2044 4840 nos,
2072 4772 2546 4842 Constantinopoli
2577 4787 2704 4826 vero
2754 4780 2930 4832 natos,
2965 4771 3054 4839 qui
3105 4773 3176 4824 ob
3211 4785 3323 4825 rem
3374 4769 3488 4825 fru—

1921 4868 2241 4922 mentariam
2284 4878 2339 4922 et
2380 4865 2802 4937 colligendorum
2849 4863 3126 4930 fructuum
3157 4877 3322 4920 causa
3354 4863 3487 4918 loris

253 4963 479 5032 καρπῶν
501 4961 762 5031 συλλογῆς
780 4961 884 5028 ἔξω
903 4962 1276 5032 διαιτωμένοις
1290 4966 1386 5032 τῆς
1407 4966 1630 5034 πόλεως,
1655 4968 1811 5038 ἤρετο

1920 4969 2166 5032 agerent,
2206 4960 2414 5031 rogavit
2441 4975 2558 5022 eos,
2587 4958 2776 5026 quales
2805 4966 2860 5012 et
2893 4967 3111 5027 quantm
3134 4967 3319 5014 essent
3342 4957 3491 5012 Lati-

256 5055 382 5126 περί
414 5073 472 5108 τε
496 5055 596 5124 τῆς
621 5055 728 5108 τῶν
760 5056 1004 5108 Λατίνων
1033 5054 1313 5123 δυνάμεως
1346 5057 1443 5124 ὅση
1479 5059 1572 5110 καὶ
1593 5059 1698 5122 οἵα,
1727 5059 1811 5114 καὶ

1923 5067 2113 5108 norum
2145 5053 2310 5115 vires,
2346 5061 2402 5106 et
2432 5050 2534 5104 alia
2562 5065 2680 5120 qua!
2716 5065 2813 5119 par
2847 5060 2964 5105 erat
2997 5049 3267 5106 curiosius
3302 5050 3488 5105 scisci-

261 5161 323 5194 πε
334 5145 385 5211 pl
415 5145 555 5197 ὅσων
581 5143 757 5198 ἄλλων
779 5145 924 5205 είκὸς
944 5140 1012 5212 ἦν
1029 5143 1491 5212 περιεργάζεσθαι
1515 5147 1811 5218 στρατηγδι

1924 5145 2023 5201 tari
2053 5145 2391 5198 exercituum
2435 5141 2648 5205 ducem,
2682 5142 2872 5195 harum
2909 5157 3090 5197 rerum
3138 5157 3238 5198 usu
3289 5141 3493 5196 instru-

255 5235 421 5306 ἀιδρα
466 5235 562 5289 καὶ
596 5235 803 5289 πολλῶν
838 5235 1180 5305 ὀλυμπιάδων
1215 5238 1471 5292 τοιούτων
1503 5240 1718 5309 μεστόν.
1759 5243 1811 5295 Ol

1925 5237 2258 5294 ctissimum.
2294 5234 2356 5288 lli
2393 5249 2518 5287 vero
2566 5248 2689 5288 cum
2729 5234 3046 5289 Latinorum
3098 5233 3284 5305 jttgum
3331 5235 3490 5304 longo

1617 5379 1943 5443 Variorum
1984 5386 2174 5439 neten.

333 5510 443 5582 (61)
481 5510 586 5576 Qui
646 5527 704 5566 se
748 5513 1198 5581 Θεληματαρίους
1253 5511 1618 5582 appellabant,
1675 5514 1816 5581 quod

262 5595 360 5652 nec
397 5581 620 5652 Francis
647 5595 745 5636 nec
764 5582 964 5636 Grmcis
991 5585 1214 5636 ntttnino
1235 5581 1509 5652 parerent.
1541 5583 1632 5635 sed
1663 5592 1820 5652 gente

262 5648 433 5722 thzcci
472 5669 538 5705 ac
566 5649 1034 5722 Constantinopoli
1065 5655 1197 5715 nati,
1239 5648 1373 5722 ’ξιιτὶ
1405 5648 1689 5722 degentes‘
1719 5669 1817 5707 sua

263 5720 502 5774 calerent
526 5721 747 5789 prwdia,
779 5726 850 5775 uti
885 5720 1060 5775 innuit
1088 5720 1543 5788 itlemGregoras:
1571 5721 1651 5774 sic
1671 5722 1816 5776 enim

267 5790 608 5859 appellantur
633 5807 660 5844 a
702 5793 1028 5859 l‘achymere
1063 5793 1152 5845 lib.
1208 5808 1270 5854 ll,
1313 5806 1432 5858 cap.
1469 5790 1553 5853 14,
1615 5791 1816 5855 16,17.

265 5857 582 5931 Anenyutus
606 5878 705 5915 ms.
737 5863 805 5916 υς
829 5857 969 5916 bellis
1001 5861 1325 5916 Francorum
1352 5857 1401 5912 in
1419 5863 1595 5914 Μοῖρα
1613 5877 1630 5912 :
1654 5862 1816 5926 Ἐνας

1928 5512 2382 5584 λαδςᾲκέφαλος,
2412 5513 2505 5584 ὅλη
2543 5513 2940 5584 θεληματάρος.
2975 5511 3204 5584 Ducam.

2002 5582 2112 5652 (62)
2152 5577 2505 5649 octingentos
2529 5577 2790 5638 duntaxat
2818 5583 2979 5638 fuisse
3010 5581 3144 5652 infra
3167 5579 3263 5634 ait.
3284 5577 3491 5634 Phren-

1928 5650 2019 5709 zes
2061 5653 2154 5706 lib.
2189 5669 2223 5717 ι,
2258 5668 2377 5721 cap.
2411 5653 2466 5716 4,
2492 5655 2704 5722 equites
2739 5653 2960 5708 circiter
2988 5650 3334 5722 octingentos
3361 5664 3488 5722 cum

1961 5725 2085 5778 lubo
2112 5719 2354 5792 peditum
2377 5719 2629 5779 habuisse
2655 5719 3326 5792 Stratcgopulum‘scrihit.
3361 5719 3494 5776 Vide

1953 5794 2068 5849 list.
2098 5789 2582 5865 France-Byzant,
2615 5794 2708 5848 lib.
2740 5811 2790 5858 ν,
2820 5789 2940 5863 cap.
2977 5792 3066 5846 24.
3103 5789 3330 5845 Ducum.
