3984 6612
456 450 554 515 217

694 449 773 522 [Α.
816 464 865 506 c.
911 450 1050 509 i259
1087 466 1154 505 an
1197 447 1361 522 1282]
1471 453 1920 515 BYZANTIN/E
1947 454 2332 516 HISTORIE
2365 459 2512 518 LIB.
2538 457 2633 519 IV.

2752 451 2887 524 [ιιίρ.
2936 468 3082 509 men.
3126 454 3454 529 Mli-101.06.]

3596 460 3707 526 2l8

454 583 615 638 ματος
638 567 1021 639 ἐλαυνόμενον,
1044 570 1239 640 πρῶτα
1272 569 1370 640 μὲν
1397 569 1475 631 είς
1506 568 1645 622 ὅπλα
1672 570 1766 621 κα)⁵
1789 568 2018 637 πόλεμον

2132 581 2320 623 natum
2372 586 2532 626 suum
2566 589 2579 625 :
2610 580 2667 625 et
2695 569 2929 640 insignia
2971 569 3185 640 imperii
3218 582 3274 627 et
3320 573 3501 641 ipsum
3531 573 3694 644 impe-

449 660 658 729 ἔϐλεψε,
680 661 1053 733 συνηθροικὼς
1078 663 1133 716 εἴ
1151 663 1205 715 τί
1230 679 1332 715 που
1357 661 1467 715 τῶν
1496 662 1744 716 Λατίνων
1775 662 1881 728 ύπῆ
1893 677 2017 729 ρχεν

455 756 751 809 ὁπλιτικόν.
779 758 1016 828 Τάχιστα
1042 756 1087 810 δ’
1115 757 1273 821 αὖθις
1299 756 1552 822 ἐγνωκὼς
1584 757 1868 828 ἀνηνύτοις
1899 757 2018 809 ἐπι-

2130 661 2269 713 rium
2303 660 2485 714 valere
2506 660 2686 728 jubet,
2712 675 2774 714 ac
2803 662 2982 715 nudus
3004 660 3192 731 cymba
3225 661 3455 730 quadam
3485 672 3703 734 arrepta

2124 751 2247 821 fuga
2280 752 2510 806 salutem
2539 752 2754 821 qurcrit.

443 850 657 918 χειρῶν,
686 804 897 919 χαίρειν
931 851 1130 904 ἀπεῖπε
1169 804 1271 905 καί
1305 804 1551 920 σύμϐολα
1583 804 1865 920 βασιλείας
1906 847 2019 921 (66)
2056 846 2153 900 καὶ
2181 804 2461 915 βασιλείαν
2484 804 2675 916 αὐτην.
2715 804 2773 897 ἐΟ
2794 843 2837 896 δ’
2867 843 3045 899 ἀλιάδι
3104 847 3210 899 τινὶ
3272 804 3480 916 γυμνὸν
3511 845 3705 900 ἑαυτὸν

445 942 698 1011 ἐμϐαλὼν
735 945 883 1013 φυγῇ
924 943 1024 1013 τὴν
1059 942 1335 1014 σωτηρίαν
1364 943 1668 1011 πορίζεται.

510 1034 585 1090 E'.
622 1035 849 1090 Ῥέουσα
872 1034 918 1089 δ’
947 1038 980 1106 η
1016 1036 1175 1106 φήμη
1209 1035 1322 1106 (67)
1359 1037 1551 1104 φθάνει
1583 1035 1900 1106 αὐθήμερον
1926 1032 2020 1086 καὶ

443 1126 496 1188 ἐς
546 1125 676 1187 τοὺς
724 1126 824 1194 τὴν
855 1128 1194 1195 Δαφνουσίαν
1240 1126 1688 1196 πολιορκοῦντας.
1721 1127 1784 1179 Οἳ
1830 1125 1894 1194 δὴ
1932 1125 2024 1177 καὶ

440 1214 672 1282 ἄραντες
695 1215 910 1269 ἐκεῖθεν
936 1216 1364 1286 ταχυναυτοῦσιν
1383 1217 1434 1269 εἴ
1440 1234 1538 1287 περ
1558 1217 1710 1277 ποτὲ,
1732 1218 1827 1269 καὶ
1856 1215 2025 1285 ὁρῶν-

439 1323 530 1357 ται
560 1308 626 1377 τῇ
656 1306 922 1377 ὑστεραίᾳ
954 1307 1022 1360 τὰ
1058 1309 1213 1378 τείχη
1244 1309 1342 1378 τῆς
1370 1308 1581 1370 πόλεως
1612 1308 2022 1378 παραπλέοντες

439 1413 498 1449 τε
528 1399 622 1450 καὶ
653 1398 1049 1468 περιπλέοντες
1082 1400 1177 1452 καὶ
1207 1400 1334 1463 τοὺς
1366 1399 1733 1462 ἐκπίπτοντας
1766 1400 1876 1452 τῶν
1909 1401 2022 1453 Λα-

437 1488 599 1541 τίνων
626 1491 960 1560 σωρεύοντες
985 1493 1112 1545 ὃσον
1139 1493 1382 1561 ἐφικτόν.
1410 1494 1520 1545 Καὶ
1540 1491 1685 1545 τοῦτ’
1708 1492 1767 1556 ἐξ
1784 1492 2024 1560 ἑσπέρας

438 1582 515 1643 εἰς
547 1578 748 1650 ὄρθρον
777 1581 1057 1645 ποιοῦντες
1077 1582 1554 1638 διετετελέκεισαν.
1592 1582 1746 1652 "Atta
1776 1584 1820 1636 δ’
1854 1582 1927 1651 ἕῳ
1956 1583 2023 1635 τὰ

440 1671 585 1725 ἱστία
600 1672 1034 1736 διαπετάσαντες
1061 1674 1190 1728 εὐθὺ
1218 1677 1315 1745 τῆς
1351 1674 1582 1738 Ἰταλίας
1612 1675 1723 1745 (68)
1758 1674 1850 1728 τὸν
1883 1675 2022 1727 ἀπό-

2192 1027 2259 1083 V.
2298 1028 2430 1098 Ejus
2483 1027 2560 1081 rei
2616 1025 2758 1080 fama
2796 1027 2992 1081 eodem
3042 1027 3133 1084 die
3161 1038 3344 1084 manat
3374 1031 3439 1083 ad
3475 1046 3572 1085 eos
3602 1031 3696 1098 qui

2126 1120 2503 1191 Daplinusiam
2543 1119 2889 1174 obsidebant.
2915 1120 3103 1189 Itaque
3138 1120 3211 1174 illi
3246 1120 3474 1176 sublatis
3500 1122 3702 1176 ancho-

2122 1214 2199 1268 ris
2235 1213 2545 1277 celerrime,
2570 1211 2614 1266 si
2641 1227 2901 1282 unquam.
2936 1213 2990 1267 in
3019 1213 3188 1266 altum
3222 1215 3463 1282 provecti
3498 1216 3701 1285 postri-

2123 1305 2211 1359 die
2242 1315 2438 1374 pra-ter
2475 1313 2529 1359 et
2563 1304 2770 1359 circum
2805 1304 2957 1358 urbis
2987 1305 3185 1358 mmuia
3217 1307 3701 1375 navigantescon-

2125 1396 2453 1467 spiciuntur,
2481 1405 2535 1450 et
2561 1393 2882 1450 Latinorum
2921 1394 3255 1450 elabentium
3291 1397 3501 1451 lulbani
3527 1414 3701 1465 quan-

2125 1498 2232 1542 tam
2296 1494 2551 1559 poterant
2610 1486 2961 1555 recipientes.
2997 1484 3165 1555 quue
3203 1502 3232 1540 a
3267 1502 3492 1556 vespere
3524 1505 3698 1558 usque

2123 1582 2191 1637 ad
2243 1581 2541 1636 diluculum
2594 1580 2944 1634 continenter
2979 1578 3246 1637 fecerunt.
3309 1578 3462 1634 Mane
3512 1590 3694 1636 autem

2120 1674 2303 1728 statim
2336 1672 2604 1735 expansis
2634 1670 2769 1726 velis
2813 1680 2957 1725 recta
2998 1685 3189 1725 versus
3234 1671 3444 1724 Italiam
3474 1686 3695 1725 cursum

437 1761 608 1815 πλουν
627 1763 865 1825 ἐποίουν,
888 1764 1074 1834 μακρὰ
1094 1766 1190 1819 καὶ
1214 1766 1369 1819 αὐτοὶ
1398 1765 1612 1836 χαίρειν
1638 1767 1888 1829 εἰπόντες
1920 1765 2018 1835 τὴν

2123 1765 2502 1826 intenderunt,
2538 1764 2767 1818 multum
2797 1773 2850 1819 et
2875 1763 2977 1834 ipsi
3014 1765 3238 1833 patriam
3265 1780 3372 1817 non
3401 1764 3693 1834 legitimam

438 1854 591 1906 νόθον
639 1856 897 1925 πατρίδα.
945 1855 1161 1928 Τὴν-δὴ
1212 1857 1474 1927 ταχίστην
1517 1857 1712 1925 φθάνει
1766 1860 1875 1912 τῶν
1926 1877 2011 1912 πε-

439 1951 776 2016 πραγμένων
814 1948 881 2001 τὰ
921 1949 1217 2017 εὐαγγέλια
1249 1951 1343 2003 καὶ
1387 1952 1445 2013 ἐς
1494 1949 1722 2021 βασιλέα
1761 1952 1889 2021 περὶ
1920 1951 2020 2023 τὴν

438 2037 697 2093 Νίκαιαν.
731 2040 793 2091 '0
819 2038 877 2093 δὲ
914 2040 1190 2095 πιστεύειν
1211 2042 1311 2094 οὐκ
1336 2042 1449 2112 εἶχε
1478 2045 1549 2096 τὰ
1580 2043 1775 2114 πρῶτα
1796 2045 2017 2115 ῥᾳδίως,

440 2129 637 2181 ἐννοῶν
671 2129 749 2192 ὡς
780 2131 884 2199 πρὸ
915 2130 1144 2201 βραχέος
1183 2133 1345 2195 αὐτὸς
1382 2134 1482 2203 μὲν
1510 2129 1612 2204 ἧκε
1649 2135 1850 2204 μυρίαν
1881 2137 2020 2188 ἐπα-

440 2224 668 2289 γόμενος
710 2224 934 2292 αίχμὴν,
963 2227 1060 2279 κα).
1083 2226 1284 2296 μυρίαν
1325 2226 1735 2298 ἐπιδειξάμενος
1773 2229 2018 2299 μηχανὴν

442 2312 580 2365 ἑλεῖν
607 2312 730 2365 οὐδὲ
759 2313 823 2367 τὸ
852 2316 1217 2385 σμικρότατον
1241 2317 1480 2388 ἠδυνήθη
1513 2319 1608 2370 τοῦ
1639 2319 1881 2373 Γαλάτου
1916 2337 2015 2372 πο-

440 2400 641 2472 λίχνιον
664 2418 677 2432 ·
705 2403 942 2457 κᾶπειτα
972 2405 1292 2474 παραδόξως
1328 2407 1517 2459 ἀκούοι
1550 2406 1647 2479 τὴν
1678 2409 2020 2461 Κωνσταντί-

436 2503 552 2551 νου,
584 2487 647 2540 τὸ
675 2487 822 2557 μέγα
839 2488 1025 2561 θαῦμα
1049 2491 1147 2560 τῆς
1180 2495 1526 2565 οίκουμένης.
1560 2496 1797 2549 ἀλοῦσαν
1818 2497 2018 2569 ῥᾳδίως

445 2578 538 2635 ὑπ’
565 2581 903 2637 ὀκτακοσίων
932 2585 1164 2655 ἀνδρῶν.
1197 2582 1330 2640 Εἶτα
1356 2574 1475 2642 καθί
1507 2590 1699 2645 ἑαυτὸν
1724 2591 2018 2659 γενόμενος

444 2676 536 2728 καὶ
564 2675 769 2739 συνιεὶς
794 2677 871 2741 ὡς
896 2677 993 2731 τοῦ
1027 2678 1176 2732 θείου
1208 2682 1240 2751 ἡ
1269 2682 1496 2752 πρόνοια
1528 2684 1753 2738 δύναται
1783 2685 1877 2739 καὶ
1902 2687 2016 2749 τοῖς

447 2764 628 2834 ξηροῖς
665 2766 868 2821 διδόναι
900 2767 1138 2839 βλάστην
1177 2773 1407 2835 καὶτοῖς
1432 2774 1632 2844 πένησι
1661 2775 1890 2830 πλοῦτον
1922 2778 2017 2831 καὶ

447 2855 637 2927 ῥώμην
665 2860 781 2920 τοῖς
810 2859 1063 2913 ἀσθενέσι
1095 2862 1189 2914 καὶ
1225 2862 1455 2932 μέγεθος
1484 2865 1597 2928 τοῖς
1635 2868 1876 2935 μικροῖς,
1909 2867 2015 2920 ὦσε

445 2962 549 3014 περ
572 2948 667 2999 καὶ
695 2947 1025 3010 τούναντίον.
1054 2951 1213 3003 ὁπότε
1252 2953 1281 3004 ό
1315 2952 1569 3018 πλούσιος
1609 2956 1667 3006 ὲν
1696 2954 1773 3024 τῷ
1802 2955 2017 3026 πλούτῳ

446 3038 696 3107 καυχῷτο
722 3040 803 3109 τῷ
830 3040 1022 3095 ἑαυτοῦ
1053 3043 1147 3095 καὶ
1174 3044 1201 3096 ό
1230 3044 1454 3108 δυνατὸς
1483 3046 1542 3097 ὲν
1571 3049 1636 3112 τῇ
1658 3046 1886 3116 δυνάμει
1918 3050 2015 3100 αὑ-

2128 1857 2306 1911 valere
2339 1857 2619 1925 jubentes.
2642 1855 2826 1911 Laetus
2854 1871 2980 1910 vero
3005 1856 3143 1910 bene
3168 1863 3330 1925 gestae
3360 1854 3439 1908 rei
3468 1856 3696 1910 nuntius

2123 1963 2247 2003 cum
2276 1948 2511 2002 Nicaeam
2544 1946 2611 2000 ad
2637 1946 3022 2017 imperatorem
3053 1960 3214 2014 quam
3247 1944 3481 2013 primum
3516 1944 3697 2012 perla-

2123 2052 2210 2097 tus
2231 2049 2396 2107 esset,
2430 2041 2476 2095 is
2503 2039 2665 2094 initio
2701 2054 2808 2093 non
2862 2038 3019 2093 facile
3049 2037 3328 2098 credebat.
3364 2038 3607 2107 cogitans
3636 2052 3694 2092 se

2121 2128 2283 2204 paulo
2320 2141 2446 2187 ante
2476 2132 2713 2186 maximo
2744 2146 2870 2185 cum
2905 2130 3151 2184 exercitu
3201 2130 3545 2198 maximoque
3579 2144 3693 2182 ma-

2121 2225 2411 2281 chinarum
2445 2225 2554 2294 87
2576 2232 2860 2293 apparatu,
2897 2237 2967 2277 ne
2993 2221 3212 2291 quidem
3239 2222 3492 2291 exiguum
3532 2220 3693 2276 Gala—

2122 2326 2188 2371 tae
2237 2316 2552 2386 oppidulum
2610 2330 2925 2386 expugnare
2979 2314 3270 2384 potuisse:
3304 2328 3452 2368 nunc
3504 2324 3686 2367 autem

2119 2415 2320 2476 praeter
2350 2408 2664 2476 Opinionem
2697 2406 2908 2465 audire,
2926 2403 3461 2474 Constantinopolin,
3486 2403 3692 2473 grande

2120 2501 2270 2554 orbis
2305 2508 2569 2553 terrarum
2603 2497 2948 2561 miraculum,
2981 2496 3050 2550 ab
3080 2496 3412 2566 octingentis
3443 2495 3577 2550 viris
3611 2494 3694 2549 fa-

2119 2592 2223 2647 cile
2254 2602 2493 2661 captam.
2529 2589 2733 2644 Deinde
2756 2604 2880 2643 cum
2914 2603 2974 2642 se
3001 2586 3335 2656 collegisset.
3359 2601 3424 2640 ae
3472 2594 3692 2654 reputa-

2120 2694 2205 2740 ret
2236 2682 2645 2739 Providentiam
2698 2680 2938 2734 divinam
2993 2679 3171 2735 facere
3223 2693 3385 2749 posse
3431 2687 3490 2732 ut
3526 2678 3689 2732 etiam

2119 2776 2269 2831 arida
2305 2773 2718 2844 repullularent,
2748 2783 2803 2826 et
2830 2781 2886 2825 ut
2913 2770 3243 2841 pauperibus
3266 2768 3492 2833 divitiae,
3528 2768 3694 2823 robur

2120 2868 2372 2932 inﬁrmis,
2429 2865 2610 2937 parvis
2643 2864 2960 2934 magnitudo
2991 2863 3277 2919 accederet
3309 2879 3323 2916 :
3357 2860 3692 2916 contrarium

2093 3028 2095 3030 η
2125 2971 2306 3016 autem
2341 2959 2591 3014 accidere
2621 2996 2637 3022 ,
2679 2973 2803 3012 cum
2836 2957 2991 3012 dives
3034 2956 3147 3010 suis
3187 2955 3380 3026 opibus
3409 2954 3691 3024 gloriatur,

2119 3063 2173 3108 ct
2207 3061 2401 3123 potens
2430 3052 2545 3106 suis
2575 3051 2784 3105 viribus
2841 3048 3194 3104 intumescit:
3232 3048 3460 3102 sublatis
3488 3046 3553 3100 ad
3580 3061 3694 3100 cm-

444 3129 558 3193 τοῦ,
598 3131 1058 3200 εὐχαριπηρίους
1083 3134 1383 3188 ἀνεπέτασε
1415 3137 1605 3205 χεῖρας
1638 3136 1773 3205 πρὸς
1814 3137 2017 3208 Κύριον

2124 3149 2233 3200 Ιιιιιι
2283 3144 2534 3199 manibus
2582 3143 2783 3214 gratias
2814 3141 2923 3196 Deo
2953 3143 3098 3210 egit,
3127 3149 3184 3194 et
3220 3140 3419 3194 multos
3458 3139 3689 3209 hymnos

446 3223 540 3274 καὶ
570 3218 777 3291 ὕμνους
819 3221 1048 3285 πολλοὺς
1094 3223 1461 3295 διεξεληλύθει
1499 3229 1566 3297 τῇ
1600 3226 1836 3299 γλώττῃ,
1868 3229 2016 3299 μάλα

446 3314 511 3383 τῇ
538 3313 794 3366 ὑποθέσει
825 3316 1225 3384 προσήκοντας.
1265 3317 1325 3372 '0
1362 3317 1461 3387 μὲν
1488 3318 1554 3388 δὴ
1594 3318 1844 3387 βασιλεὺς
1875 3320 2017 3374 οὕτω

446 3404 574 3472 περὶ
594 3404 694 3475 τὴν
711 3405 880 3476 ἀκοὴν
907 3405 1156 3478 διέθηκεν
1175 3408 1386 3462 ἑαυτόν.
1414 3409 1505 3479 Τῷ
1527 3409 1582 3463 δὲ
1611 3406 1678 3481 ἦν
1703 3412 1862 3483 ἔργον
1893 3413 2017 3465 ἐπι-

450 3497 607 3565 μελὲς
631 3498 839 3565 λοιπὸν,
868 3499 1086 3554 πάντων
1116 3502 1377 3572 ἀφεμένω
1401 3502 1510 3554 τῶν
1547 3503 1722 3557 ἄλλων
1758 3505 2020 3573 πραγμά-

444 3604 587 3654 των,
616 3590 754 3642 ίέναι
797 3590 936 3660 πρὸς
972 3591 1071 3660 τὴν
1098 3590 1347 3661 βασιλίδα
1387 3592 1498 3646 τῶν
1530 3593 1737 3647 πόλεων
1785 3594 1898 3662 ἅμα
1947 3597 2015 3666 τῇ

449 3680 668 3753 συζύγῳ
695 3681 951 3756 δεσποίνῃ
980 3682 1064 3755 [Ρ.
1090 3683 1181 3755 5|]
1216 3684 1312 3737 καὶ
1336 3684 1412 3755 τῷ
1443 3686 1547 3755 υίῷ
1588 3685 1909 3758 Ἀνδρονίκῳ
1940 3686 2019 3756 τῷ

332 3772 337 3776 ’
447 3772 555 3843 νέῳ
586 3773 815 3842 βασιλεῖ,
852 3775 1104 3846 δεύτερον
1131 3775 1251 3840 ἔτος
1279 3776 1465 3845 ἄγοντι
1497 3777 1597 3847 τῆς
1636 3777 1852 3848 ἡλικίας
1884 3779 2018 3849 (69).

518 3869 609 3933 ς’.
644 3868 841 3938 Συχναὶ
872 3868 1147 3940 παρῆλθον
1171 3868 1378 3940 ἡμέραι
1401 3872 1496 3925 καὶ
1529 3865 1645 3940 εἷχε
1674 3870 1767 3921 τὸν
1797 3868 2019 3939 βασιλέα

450 3961 483 4028 ὴ
512 3960 621 4014 τῶν
640 3960 865 4013 -πόλεων
892 3959 1258 4029 βασιλεύουσα
1288 3961 1436 4033 (70)·
1477 3963 1619 4032 πλὴν
1660 3964 1721 4015 ού
1755 3965 2020 4034 πρότερον

449 4053 763 4106 εἰσελθόντα
830 4053 1024 4123 αὐτὴν,
1056 4053 1189 4125 πρὶν
1247 4054 1282 4124 ἤ
1333 4053 1434 4119 τὴν
1475 4054 1625 4108 θείαν
1683 4057 1870 4110 εἰκόνα
1920 4056 2020 4121 τῆς

452 4147 775 4216 ύπεράγνου
832 4145 1175 4216 Θεομήτορος
1224 4147 1325 4215 τῆς
1363 4147 1727 4219 Ὀδηγητρίας
1782 4149 1894 4220 (71)
1960 4150 2019 4212 ἐς

449 4238 547 4310 τὴν
573 4237 719 4293 οὕτω
748 4254 862 4302 πως
889 4236 1304 4309 ὀνομαζομένην
1328 4239 1557 4311 Χρυσῆν
1586 4240 1765 4311 πύλην
1801 4241 2017 4312 είσελη·

2123 3239 2252 3293 huic
2283 3246 2605 3308 argumento
2647 3234 3041 3289 convenientes
3074 3233 3254 3304 lingua
3284 3230 3574 3301 percurrit.
3609 3230 3690 3283 Ad

2126 3332 2271 3386 bunc
2307 3344 2437 3400 ergo
2493 3328 2715 3382 modum
2776 3327 3077 3396 imperator
3117 3339 3184 3380 eo
3214 3324 3411 3378 nuntio
3463 3323 3693 3378 alicctus

2124 3434 2228 3478 est.
2269 3422 2328 3476 In
2361 3436 2480 3475 eam
2508 3428 2688 3473 autem
2712 3433 2899 3472 curam
2923 3417 3120 3471 deinde
3148 3415 3413 3480 incubuit,
3440 3423 3498 3469 ut
3522 3416 3690 3469 omis-

2126 3515 2203 3569 sis
2232 3514 2355 3581 aliis
2387 3512 2553 3567 rebus
2580 3509 2834 3566 omnibus
2864 3525 2988 3564 cum
3021 3525 3192 3565 uxore
3230 3510 3473 3579 Augusta
3504 3516 3555 3561 et
3581 3508 3693 3561 An-

2123 3605 2350 3661 dronico
2396 3602 2546 3669 tilio,
2593 3602 2813 3672 iuniore
2877 3602 3224 3671 imperatore,
3281 3611 3394 3656 tum
3443 3598 3689 3663 bimulo,

2124 3694 2429 3767 principem
2456 3693 2647 3748 urbem
2674 3691 3072 3762 ingrederetur.

2188 3874 2278 3932 Vl.
2314 3873 2437 3929 Dies
2461 3872 2766 3943 complures
2784 3887 2851 3927 ex
2880 3888 2948 3928 eo
2973 3871 3320 3938 etiluxerant,
3350 3887 3475 3927 cum
3503 3880 3559 3926 et
3586 3872 3657 3927 im
3676 3902 3689 3912 -

2118 3977 2423 4039 peratoer
2441 3965 2657 4035 excepit
2707 3953 2895 4036 regina
2923 3964 3160 4019 urbium.
3193 3964 3310 4019 Non
3333 3964 3486 4034 prius
3509 3973 3689 4020 tamen

2120 4074 2241 4115 eam
2278 4057 2523 4134 intravit,
2582 4071 2747 4127 quam
2784 4056 3109 4111 castissima:
3158 4055 3251 4111 Dei
3288 4049 3477 4111 Matris
3517 4056 3692 4113 Ilode-

2118 4150 2307 4221 getria:
2332 4149 2510 4219 imago
2549 4158 2787 4217 portam,
2818 4163 2980 4216 quam
3006 4148 3241 4203 Auream
3271 4158 3495 4213 vocant,
3521 4147 3694 4203 intro-

2117 4241 2279 4296 ducta
2307 4247 2471 4295 esset.
2503 4239 2639 4294 Cum
2670 4246 2851 4294 autem
2889 4238 2961 4293 ibi
2988 4238 3202 4311 hymnis
3224 4239 3459 4294 cantatis
3490 4239 3693 4310 gratias

1792 4335 2118 4398 Variorum
2160 4341 2352 4397 noue.

520 4437 633 4505 (66)
652 4437 804 4509 Quae
833 4438 923 4493 illa
950 4439 1179 4504 fuerint,
1211 4450 1400 4494 narrat
1430 4439 1741 4508 Acropolita
1776 4456 1897 4509 cap.
1923 4440 2012 4495 87.

2118 4440 2272 4511 ponit
2326 4438 2656 4511 Acropolita.
2728 4437 2936 4511 adan.
2983 4437 3156 4511 6846
3199 4437 3503 4500 ineuntem,
3579 4451 3692 4506 quo

451 4483 560 4562 Nos
590 4483 755 4562 εἰίιῖιιι
783 4521 847 4563 ev
877 4509 968 4563 illo
999 4520 1054 4563 et
1073 4483 1195 4563 aliis
1217 4510 1270 4562 in
1293 4510 1482 4565 eadem
1510 4483 1650 4565 ιιιὲι.
1682 4525 1738 4563 ιι.
1760 4510 1830 4564 28
2049 4483 2092 4537 θ
2122 4483 2500 4564 λιιᾱιοιιίειιιιῗ
2533 4483 2747 4562 constat
2777 4507 2999 4566 obiisse.
3030 4508 3159 4561 anni
3192 4483 3549 4561 numerantur
3581 4483 3688 4560 Rm".

452 4577 776 4648 Paehymer.
797 4579 891 4633 lib.
926 4595 1123 4647 ii,cap.
1154 4581 1223 4634 27
1256 4590 1393 4633 extr.
1429 4580 1621 4632 scribit
1655 4581 1706 4633 in
1732 4596 2020 4646 argumen-

456 4656 567 4701 tum
604 4656 774 4715 captze
804 4649 951 4703 urbis
981 4648 1196 4703 allatam
1228 4648 1474 4702 Mirliaeli
1498 4650 1747 4703 sarissam
1772 4649 2016 4704 Baliluini

454 4731 828 4788 purpuream:
866 4719 1101 4786 Σημεῖον
1149 4719 1207 4771 δὲ
1256 4719 1519 4788 ἀληθείας
1553 4719 1662 4770 τῶν
1711 4718 2020 4787 λεγομένοιν

452 4782 678 4858 ἐκείνοις
696 4782 764 4855 ἦν
786 4782 1138 4858 κοκκοσαφὴς
1158 4782 1395 4858 σάρισσα
1412 4790 1466 4842 δε
1476 4788 1757 4857 ικνυμένη.
1786 4782 2017 4844 Ducam.

522 4857 635 4924 (67)
671 4857 996 4926 Pacbymer.
1033 4857 1167 4912 ibid.
1208 4857 1439 4914 DUCANG.

525 4926 637 4994 (68)
669 4928 781 4980 lmo
806 4939 947 4980 recta
976 4929 1029 4981 in
1062 4928 1322 4982 Eubmam
1348 4928 1578 4983 insulam
1604 4926 2022 4982 contenditBal-

456 4997 674 5061 duiuus,
728 5012 851 5050 cum
883 4996 1063 5051 Marco
1110 4996 1445 5065 Gradenigo.
1479 4997 1806 5052 Pantaleone
1853 4996 2021 5051 Justi-

456 5067 956 5140 niano__patriarcba
986 5068 1614 5140 Constantinopolitano,
1645 5074 1701 5140 et
1726 5068 2017 5140 compluri-

456 5139 555 5190 bus
589 5138 729 5200 aliis,
770 5152 1001 5205 quorum
1038 5137 1303 5207 plerique,
1344 5149 1634 5207 antequam
1673 5137 1905 5190 insulam
1940 5146 2021 5191 at-

455 5208 751 5275 tingerent,
785 5208 924 5258 l'amc
957 5219 1253 5273 perierunt,
1288 5216 1348 5261 ut
1378 5216 1562 5261 narrat
1590 5206 1887 5260 Monachus
1920 5208 2019 5260 Pa-

454 5276 688 5329 dnanus.
725 5275 1020 5347 Baldttinus
1056 5291 1185 5331 vero
1212 5286 1263 5330 et
1297 5279 1475 5333 ca-teri
1518 5277 1585 5329 ab
1615 5275 1834 5330 Euboea:
1865 5278 2020 5347 prin-

454 5347 669 5411 cipibus
698 5357 748 5399 et
790 5362 820 5398 a
870 5345 1166 5401 Laurentio
1211 5348 1437 5417 Ticpolo
1468 5346 1798 5400 Venetorum
1844 5345 2022 5416 bajulo

456 5417 768 5469 humaniter
794 5418 1005 5484 excepti
1045 5425 1192 5470 sunt.
1228 5418 1457 5471 Ducam.

527 5484 635 5554 (69)
673 5486 813 5539 llinc
863 5487 1137 5554 colligitur
1174 5485 1542 5540 Andronicum
1576 5486 1846 5540 seniorem

456 5554 559 5608 lioc
598 5556 719 5608 loco
752 5555 869 5617 νέος
900 5556 1141 5625 vocatur)
1179 5571 1285 5608 non
1320 5556 1519 5610 vixisse
1553 5571 1723 5609 annos
1754 5554 1888 5625 74⁸),
1924 5558 2019 5610 sed

458 5633 667 5679 tantum
730 5626 816 5687 75,
871 5628 970 5678 nisi
1023 5625 1288 5695 Grcgoras
1333 5625 1744 5693 Constanttnop.
1808 5641 1838 5678 a
1874 5625 2022 5681 Cra--

456 5696 536 5746 cis
617 5706 989 5763 recuperatam
1044 5709 1203 5763 ponat
1260 5714 1349 5751 ait.
1410 5698 1592 5749 mundi
1674 5696 1833 5749 676$.
1891 5696 2018 5747 Nam

454 5763 523 5818 ab
581 5781 674 5818 an.
729 5767 867 5818 6769
937 5776 1188 5829 CXPIIIHL‘,
1245 5772 1357 5836 quo
1410 5775 1776 5835 recuperatam
1836 5765 2017 5819 urbem

520 5858 536 5873 '
563 5856 690 5925 Quot
719 5855 1036 5925 vixisseeum
1061 5859 1304 5925 Grcgqras
1329 5860 1397 5906 ait
1422 5857 1505 5907 lib.
1534 5871 1577 5916 ν,
1607 5871 1711 5922 cap.
1747 5858 1916 5925 ἤθεα,
1953 5850 1983 5897 9
2007 5861 2021 5912 ;

452 5920 570 5971 item
590 5918 678 5974 lib.
699 5933 743 5982 ιι,
767 5934 869 5983 cap.
904 5920 944 5980 l,
969 5928 1091 5969 sccl.
1121 5918 1183 5967 ,ιί
1204 5921 1383 5970 Boxvm.

2123 4580 2220 4634 toti
2272 4578 2359 4641 71,
2395 4577 2595 4644 quibus
2627 4577 2669 4629 si
2720 4577 2869 4645 pueri
2920 4576 3106 4630 bimuli
3140 4585 3354 4631 aetatem
3401 4591 3497 4630 seu
3551 4575 3691 4631 duos

2121 4664 2293 4703 annos
2328 4648 2514 4712 addas,
2566 4647 2804 4712 conlient
2834 4662 2924 4699 an.
2958 4646 3025 4698 73
3069 4661 3175 4699 non
3215 4646 3332 4699 toti.
3374 4646 3550 4712 Atque
3585 4645 3691 4698 hoc

2119 4726 2224 4783 est,
2256 4717 2401 4789 quod
2424 4733 2586 4789 supra
2610 4714 3263 4789 dicebainus._Gregaram
3295 4724 3543 4789 secutum
3555 4730 3692 4789 esse

2120 4783 2350 4843 fortasse
2374 4783 2688 4856 opinionem
2717 4802 2905 4840 eorum
2927 4786 3409 4855 cbronologorum,
3435 4785 3526 4852 qui
3546 4783 3690 4856 Cong

2122 4855 2516 4926 stantinopolin
2551 4870 2924 4926 reeupcra’ani
2969 4862 3279 4926 statuerunt
3326 4870 3472 4908 anno
3500 4855 3687 4926 mundi

2122 4927 2283 4992 6768,
2322 4923 2429 4981 non
2463 4936 2642 4980 autem
2673 4923 2761 4978 an.
2795 4924 2952 4979 6769.
2984 4924 3087 4980 Sed
3121 4924 3206 4978 liic
3245 4934 3431 4979 noster
3466 4923 3686 4978 histori-

2122 5012 2220 5052 cus
2250 5011 2357 5050 non
2394 5011 2608 5065 semper
2640 5010 2823 5049 secum
2853 4997 3148 5048 consentit.
3186 4994 3392 5049 Borvuv.

2193 5067 2308 5147 (76)
2345 5065 2661 5121 Michaelem
2693 5065 3053 5147 Pali-sologum
3096 5067 3156 5146 in_
3181 5067 3367 5147 urbem
3401 5078 3691 5147 recupera-

2127 5134 2235 5191 tam
2270 5134 2576 5207 ingressum
2611 5151 2729 5190 esse
2760 5135 2847 5207 die
2884 5134 2950 5189 15
2986 5135 3190 5207 mensis
3222 5134 3690 5207 éllgllSligtitlulgO

2123 5222 2186 5261 ex
2222 5207 2307 5259 liis
2333 5203 2472 5275 'qua-
2502 5207 2747 5275 leguntur
2776 5206 2932 5258 initio
2979 5206 3183 5275 codicis
3224 5204 3376 5275 Regii
3428 5203 3685 5275 18529).

2125 5271 2578 5346 ΜηνξΑύγούστῷ
2594 5273 2656 5327 ε’.
2683 5276 3024 5346 γὶνδνικτιὼιιος
3053 5271 3140 5327 δι’.
3169 5273 3262 5327 τοῦ
3294 5271 3446 5338 ἔτους
3464 5271 3686 5346 ,στψξοκ

2123 5344 2515 5415 ἐσίχθημεν⁶⁶”)
2546 5346 2642 5415 σὺν
2667 5345 2787 5413 Θεῴ
2819 5349 2873 5406 ἐς
2910 5344 3497 5397 Κιιινσταντινούπολιν.
3544 5344 3686 5415 Men-

2122 5413 2454 5484 sisAugusti
2501 5415 2588 5467 die
2622 5414 2708 5478 15,
2735 5431 2825 5469 an.
2862 5416 3022 5479 67l9,
3058 5416 3336 5469 introducti
3366 5430 3545 5467 sumus
3580 5414 3687 5467 Deo

1904 5484 2019 5554 (qui
2114 5486 2339 5556 juvante
2361 5486 2416 5537 in
2445 5487 2625 5556 urbem
2652 5484 3167 5556 Constantinopolin.
3205 5487 3407 5539 Βοινιιη.

2195 5555 2307 5623 (7|)
2343 5555 2596 5624 Aeropol.
2618 5569 2739 5622 cap.
2768 5554 2871 5617 88;
2895 5555 3175 5623 l‘actiymc’
3195 5593 3208 5605 .
3237 5556 3327 5607 lib.
3367 5571 3423 5609 ιι,
3445 5569 3569 5624 cap.
3593 5555 3683 5609 5|.

2124 5624 2287 5680 Istius
2316 5625 2466 5682 aedis.
2493 5623 2575 5678 de
2614 5639 2717 5691 qua
2752 5626 2916 5676 multa
2948 5625 3315 5691 congessiuus
3340 5624 3392 5677 in
3427 5623 3562 5677 Cons
3587 5641 3688 5677 an-

2126 5643 2287 5680 isuus
2316 5643 2466 5682 aeuus.
2510 5643 2575 5678 ue
2614 5643 2717 5691 qua
2752 5643 2916 5676 muua
2948 5643 3046 5676 con
3067 5643 3315 5678 vessnius
3340 5643 3392 5677 ιιι
3427 5643 3562 5677 uotis
3587 5643 3685 5677 an-

2126 5696 2341 5762 tinopoli
2374 5693 2560 5747 Christ.
2608 5693 2704 5746 lib.
2761 5708 2830 5750 tv.
2873 5703 3008 5746 sect.
3047 5643 3101 5754 ξ,
3139 5709 3194 5747 ιι.
3230 5694 3320 5757 24,
3359 5694 3496 5748 alibi
3541 5708 3685 5763 smpe

2125 5764 2375 5821 meminit
2404 5764 2691 5833 Gregoras.
2731 5764 2958 5815 Ducum.

2194 5857 2231 5873 "
2258 5859 2364 5913 Quo
2390 5859 2668 5905 continetur
2691 5860 2838 5912 prima
2866 5869 2971 5913 pars
3002 5860 3160 5910 ιαμ-ι
3189 5858 3349 5910 Ξςιιύιυ
3396 5858 3580 5907 ἰῖοιιίδ.

2193 5920 2261 5946 "'
2292 5920 2386 5968 Pro
2415 5920 2912 5981 aio'qyf‘mtsv.llon:x,
