3954 6588
366 344 467 412 231
617 339 691 412 [Α.
736 348 794 392 ιι.
832 335 974 393 6768
1012 352 1079 392 Αι)
1118 335 1286 410 679i]

1546 342 1963 404 NICEPHORI
2005 342 2394 404 GREGORE

3505 332 3610 398 272

2672 335 2804 409 [ιιιιι.
2847 349 2991 390 sucu.
3033 332 3364 405 pauorem]

367 451 425 507 in
451 450 597 507 solio
618 449 993 505 considentem
1025 458 1386 519 senatumque
1404 463 1622 505 omnem
1656 450 1939 521 splendido

2050 452 2224 520 χρεὼν
2259 453 2352 504 καὶ
2413 447 2539 504 ἰδὼν
2601 450 2764 502 αὑτὸν
2795 449 2893 519 μὲν
2927 447 3149 517 βασιλέα
3181 446 3490 517 καθήμενον
3523 446 3613 497 ἐπὶ

371 553 427 599 et
454 543 670 600 decenti
707 543 895 597 habitu
932 542 1394 606 circnmsmutem,
1421 542 1648 597 Icarium
1681 556 1809 596 vero
1833 557 1939 595 non

372 635 446 690 ita
503 636 709 705 pridem
757 650 997 701 servum,
1033 649 1181 689 nunc
1221 633 1502 704 splendida
1539 642 1688 687 veste
1730 641 1785 686 et
1816 647 1939 686 eum

375 729 643 801 gravitate
692 729 1058 782 introeuntem
1108 738 1162 783 et
1200 736 1512 793 exeuntem,
1556 737 1612 781 et
1665 727 1720 779 in
1750 740 1938 779 aurem

370 820 717 891 imperatoris
749 818 1092 873 familiariter
1131 818 1571 873 insusurrantem
1617 817 1939 887 conspexis-

371 920 477 973 set,
505 911 733 980 abrupta
764 909 944 965 statim
973 910 1081 963 vita
1112 924 1320 980 pronus
1350 910 1503 964 humi
1532 908 1789 971 concidit,
1816 908 1941 978 quia

369 1002 602 1059 fortuna:
633 1005 905 1060 saevientis
944 1005 1290 1059 insolentiam
1321 1005 1466 1060 ferre
1496 1020 1606 1061 non
1647 1005 1844 1075 potuit.

442 1265 531 1321 lV.
571 1264 841 1322 Ceterum
872 1268 1041 1337 pulsis
1077 1268 1210 1324 urbe
1239 1268 1450 1324 Latinis
1486 1269 1641 1324 turba
1685 1269 1940 1340 opiﬁcum

372 1366 429 1411 et
458 1357 1017 1412 circumforancorum
1057 1359 1336 1412 hominum
1362 1358 1645 1422 remansit,
1667 1372 1732 1413 ex
1763 1359 1942 1416 Vene—

374 1451 451 1505 tis
473 1460 525 1504 et
550 1448 764 1503 Pisanis
797 1449 1077 1517 permista.
1112 1448 1291 1514 Quare
1321 1464 1431 1503 non
1462 1457 1639 1503 tutum
1697 1464 1801 1505 nec
1826 1451 1941 1520 paci

369 1540 841 1594 accommodatum
875 1553 996 1593 esse
1039 1537 1218 1592 visum
1269 1546 1374 1602 est,
1420 1539 1585 1593 etiam
1624 1538 1941 1595 Genuenses

370 1632 428 1686 in
459 1631 648 1686 urbem
696 1632 938 1700 recipere
982 1647 997 1684 :
1041 1644 1214 1699 eaque
1248 1630 1316 1685 de
1358 1646 1520 1686 causa
1561 1648 1592 1687 e
1626 1633 1849 1702 regione
1887 1633 1939 1687 in

371 1724 574 1779 Galatas
609 1723 884 1778 territorio
915 1722 1095 1776 locum
1129 1723 1210 1777 eis
1233 1723 1529 1794 assignavit
1552 1723 1847 1793 imperator
1873 1726 1940 1779 ad

374 1816 751 1881 habitandum,
783 1814 944 1869 etiam
982 1814 1242 1870 mercium
1276 1816 1675 1871 immunitatem
1706 1818 1940 1886 promis-

369 1925 484 1963 sam
519 1891 711 1964 iisdem
750 1910 1102 1980 gratilicatus.
1156 1910 1290 1965 Nam
1337 1920 1627 1981 antequam
1677 1911 1806 1967 urbs
1852 1927 1941 1967 re-

372 2002 496 2072 gina
527 2010 836 2070 raperetur,
879 2003 1206 2071 promiserat
1248 2002 1543 2073 imperator
1579 2004 1833 2058 daturum
1884 2019 1942 2058 se

372 2094 460 2160 iis,
492 2094 537 2148 si
573 2093 674 2148 sibi
720 2094 1041 2163 adiumento
1086 2107 1269 2150 essent
1312 2096 1575 2149 adversus
1609 2095 1761 2150 urbis
1813 2110 1941 2165 pos-

373 2199 616 2238 sessores
650 2184 892 2248 Latinos,
924 2184 1198 2255 ejusmodi
1242 2185 1675 2252 immunitatem;
1707 2188 1760 2241 id
1798 2188 1942 2256 quod

370 2292 431 2330 re
462 2276 577 2344 ipsa
609 2276 905 2331 novissime
935 2278 1211 2347 praestitit,
1244 2293 1551 2348 quanquam
1583 2279 1787 2348 absque
1820 2281 1941 2336 illo-

370 2384 491 2421 rum
533 2382 636 2437 ope
682 2368 873 2421 urbem
926 2368 1185 2437 cepisset.
1238 2369 1585 2440 Magistratus
1633 2388 1764 2429 vero
1814 2375 1943 2430 illuc

369 2460 528 2512 statis
565 2458 903 2528 temporibus
936 2458 1253 2524 mittuntur,
1285 2458 1553 2527 Venetiis,
1584 2462 1632 2518 is
1655 2465 1747 2533 qui
1777 2464 1940 2534 baju-

370 2549 456 2603 lus
487 2557 745 2615 vocatur;
784 2550 945 2614 Pisis,
978 2552 1208 2617 consul;
1248 2551 1459 2619 Genua,
1507 2562 1767 2623 potestas.
1808 2558 1943 2620 Qui-

372 2641 475 2695 bus
515 2642 827 2696 nominibus
892 2642 945 2695 in
1010 2642 1254 2697 Graecum
1313 2658 1623 2701 sermonem
1667 2648 1942 2704 translatis

373 2733 726 2801 respondent,
772 2734 953 2803 baiuln
995 2733 1304 2806 ἐπίτροπος.
1343 2738 1549 2792 consuli
1591 2738 1808 2810 ἔφορος,
1838 2756 1940 2811 po-

375 2827 557 2882 testati
589 2825 702 2896 98
733 2825 1113 2895 ἑξουσιαστής.

446 3003 509 3058 V.
575 3003 639 3059 At
700 3003 994 3057 lialdninus
1043 3002 1286 3070 periculo
1337 3002 1939 3075 ConstantinOpolitano

372 3097 591 3167 elapsus
624 3095 680 3149 in
706 3094 913 3149 Italiam
946 3094 1243 3166 navigavit,
1295 3095 1386 3150 ubi
1431 3111 1556 3150 cum
1607 3112 1732 3169 rege
1777 3099 1939 3154 Italia:

369 3189 567 3245 Carolo
592 3187 905 3242 afﬁnitatem
932 3188 1133 3257 junsit.
1160 3189 1278 3258 eius
1303 3187 1411 3241 filia
1442 3202 1542 3243 suo
1570 3189 1678 3244 filio
1705 3190 1940 3259 ἀοενοιι-

372 3298 471 3349 sa;
502 3295 730 3351 sperans
759 3294 818 3333 se
845 3278 990 3333 illius
1019 3278 1216 3348 opibus
1244 3275 1749 3349 ConstantinOpolin
1787 3295 1942 3335 recn-

372 3385 712 3444 peraturum,
747 3371 894 3425 inani
942 3371 1130 3439 utique
1174 3384 1271 3439 spe
1318 3380 1372 3424 et
1407 3370 1724 3439 cupiditate.
1761 3366 1941 3442 Impe-

371 3477 517 3521 rator
545 3466 689 3518 enim
728 3463 1015 3517 maximam
1053 3461 1277 3516 classem
1304 3461 1581 3525 instruxit,
1607 3472 1662 3518 et
1693 3463 1941 3519 triremes

374 3561 498 3631 plus
529 3558 808 3626 sexaginta
837 3555 1129 3624 complevit
1165 3565 1276 3609 tum
1306 3554 1426 3609 aliis
1458 3556 1791 3620 hominibus,
1827 3568 1940 3612 tum

370 3660 531 3723 gente
559 3650 891 3705 Gasmulica.
927 3648 1094 3701 Erant
1125 3648 1306 3703 autem
1354 3647 1407 3701 lii
1452 3647 1711 3702 Romanis
1743 3650 1944 3718 pariter

374 3753 427 3798 et
460 3742 672 3798 Latinis
704 3742 947 3795 moribus
978 3738 1227 3793 innutriti
1252 3758 1265 3804 ;
1295 3739 1539 3808 adeoque
1571 3741 1637 3794 ali
1671 3740 1773 3794 illis
1806 3758 1941 3810 pru-

373 3836 613 3892 dentiam
641 3834 695 3887 in
722 3832 1088 3901 suscipiendo,
1122 3830 1190 3885 ab
1231 3830 1314 3885 his
1344 3831 1624 3886 audaciam
1658 3831 1709 3885 in
1745 3849 1939 3902 geren-

369 3929 443 3983 do
481 3928 622 3982 bello
651 3932 1016 3995 sumpserant.
1048 3923 1182 3979 Cum
1232 3922 1316 3978 liis
1349 3933 1467 3977 erat
1495 3923 1655 3977 etiam
1700 3935 1942 3980 armatus

376 4020 583 4074 navalis
613 4016 889 4073 exercitus
938 4014 1239 4077 Laeonum,
1290 4028 1428 4082 quos
1476 4013 1712 4083 vulgaris
1763 4015 1943 4087 lingua

372 4118 633 4179 corrupto
666 4108 890 4161 nomine
915 4104 1193 4158 Tzacones
1221 4112 1377 4157 vocat
1398 4143 1410 4164 ,
1445 4103 1536 4171 qui
1569 4119 1627 4157 se
1652 4121 1841 4160 recens
1876 4107 1941 4160 ad

372 4201 756 4270 imperatorem
807 4212 871 4249 ex
925 4193 1303 4263 Peloponneso
1356 4195 1720 4250 contulerant.
1773 4196 1944 4267 Igitur

371 4289 563 4343 classis
592 4284 941 4353 imperatoria
979 4283 1115 4337 adeo
1158 4281 1441 4351 splendide
1487 4283 1746 4341 instructa
1783 4288 1939 4357 jussu

2043 545 2134 596 τοῦ
2166 543 2440 612 βασιλείου
2474 541 2688 612 θρόνου,
2723 541 2850 609 περὶ
2875 539 2921 591 δ’
2946 538 3111 591 αὑτὸν
3137 540 3322 590 πᾶσαν
3354 536 3450 605 τὴν
3485 535 3615 600 σύγ-

2043 635 2240 704 κλητον
2273 632 2410 703 μετὰ
2459 630 2716 703 λαμπροῦ
2754 630 2850 681 καὶ
2904 628 3137 696 κοσμίου
3170 625 3264 678 τοῦ
3332 626 3612 694 σχήματος

2046 726 2476 796 ίσταμένην,τδν
2526 725 2571 778 δ’
2626 724 2881 791 Ἰκάριον,
2927 721 3018 773 τὸν
3044 719 3170 790 χθὲς
3222 716 3615 792 καὶὶπρὸτριτα

2042 819 2248 883 δοῦλον,
2277 816 2370 870 νῦν
2399 818 2537 887 μετα
2556 817 2819 884 λαμπρᾶς
2845 816 2943 883 μὲν
2967 812 3067 881 τῆς
3090 810 3343 879 ἐσθῆτος,
3377 805 3611 877 σοϐαροῦ

2041 912 2097 965 δὲ
2131 909 2224 963 τοῦ
2272 911 2436 981 ἡθους
2466 910 2703 963 εἰσιόντα
2730 909 2822 961 καὶ
2852 906 3065 971 ἐξιόντα
3113 904 3205 955 καὶ
3249 901 3385 972 πρὸς
3409 896 3504 957 οὖς
3533 899 3610 967 τῷ

2045 1004 2255 1075 βασιλεῖ
2306 1002 2808 1073 κοινολογούμενον,
2864 998 3282 1068 ἀπορῤήγνυσιν
3328 994 3490 1055 εὐθὺς
3516 993 3614 1062 τὴν

2040 1095 2218 1166 ψυχὴν
2256 1095 2351 1148 καὶ
2377 1094 2563 1148 πίπτει
2592 1092 2805 1164 πρηνὴς
2836 1093 2922 1146 ἐπ’
2942 1092 3174 1160 ἐδάφους
3202 1088 3458 1156 ἐξαίφνης
3478 1084 3613 1151 (99‘.

2046 1187 2121 1256 μὴ
2142 1186 2390 1256 δυνηθεὶς
2416 1188 2659 1254 ἐνεγκεῖν
2677 1186 2733 1235 τὸ
2761 1185 2856 1253 τῆς
2884 1182 3066 1253 βιαίας
3086 1182 3255 1252 τύχης
3277 1179 3613 1247 παράλογον.

2114 1277 2187 1332 Δ’.
2219 1279 2373 1333 Μετὰ
2404 1279 2589 1348 μέντοι
2624 1278 2698 1347 (l)
2719 1277 2777 1330 τὸ
2797 1274 3100 1341 ἐξωσθῆναι
3131 1275 3228 1342 τῆς
3259 1272 3464 1333 πόλεως
3486 1271 3615 1333 τοὺς

2042 1370 2307 1432 Λατίνους
2354 1367 2718 1438 ὲναπελείφθη
2777 1364 3207 1437 χειρωνακτικὸν
3263 1364 3357 1416 καὶ
3382 1364 3612 1431 ἀγοραῖς

2042 1460 2440 1532 ἀσχολούμενον
2497 1458 2725 1528 πλῆθος,
2782 1455 3091 1526 σύμμικτον
3123 1454 3186 1506 ἐκ
3216 1470 3275 1506 τε
3309 1442 3612 1505 Βενετικῶν

2042 1551 2138 1605 καὶ
2174 1549 2473 1604 Πισσαίων.
2506 1547 2670 1602 Ὅθεν
2698 1547 2800 1600 οὐκ
2822 1545 3062 1614 ἀσφαλὲς
3085 1544 3205 1597 οὐδὲ
3234 1541 3370 1612 πρὸς
3392 1540 3616 1610 εἰρήνην

2043 1645 2261 1715 βλέψειν
2295 1644 2472 1699 ἐδόκει
2500 1642 2562 1696 τὸ
2592 1642 2688 1695 καὶ
2721 1642 2851 1704 τοὺς
2881 1643 2945 1694 ὲκ
2977 1638 3244 1701 Γεννούας
3275 1636 3424 1690 ἔνδον
3445 1636 3616 1689 είσοι-

2043 1737 2218 1802 κίζειν
2247 1736 2348 1809 τῆς
2376 1736 2605 1797 πόλεως.
2653 1734 2753 1786 Διὰ
2782 1731 2944 1785 τοῦτο
2975 1731 3069 1783 καί
3093 1746 3280 1798 σφισιν
3311 1728 3626 1797 ἀντιπέραν

2046 1832 2176 1897 περὶ
2226 1829 2316 1881 τὸν
2368 1826 2462 1881 τοῦ
2512 1821 2752 1879 Γαλάτου
2805 1824 2969 1878 τόπον
3017 1821 3283 1892 ἀπονέμει
3307 1820 3507 1891 χωρίον
3530 1819 3618 1884 είς

2042 1919 2284 1987 οἴκησιν,
2330 1915 2702 1986 χαρισάμενος
2725 1914 2934 1985 (αὐτοῖς
2966 1912 3062 1965 καὶ
3087 1911 3186 1980 τὴν
3215 1910 3315 1979 τῆς
3341 1909 3618 1980 ἐμπορίας

2045 2009 2433 2081 ὑπεσχημένην
2476 2007 2747 2060 ἀτέλειαν.
2782 2008 2920 2076 Πρὶν
2948 2008 3058 2076 γὰρ
3103 2003 3306 2059 ἁλῶναι
3329 2004 3429 2073 τὴν
3462 2004 3619 2074 βασι-

2040 2100 2303 2155 λεύουσαν
2327 2098 2678 2169 συνεφώνησε
2702 2097 2802 2167 τὴν
2824 2095 3087 2163 τοιαύτην
3122 2096 3307 2157 αὐτοῖς
3344 2093 3487 2164 παρέ
3492 2107 3614 2162 ,(ειν

2042 2194 2289 2247 ἀτέλειαν
2327 2195 2354 2246 ὁ
2388 2191 2664 2263 βασιλεὺς,
2717 2191 2767 2242 εί
2806 2188 3052 2259 βοηθοῖεν
3106 2186 3257 2257 αὐτῷ
3321 2187 3466 2239 κατὰ
3499 2185 3613 2239 τῶν

2041 2286 2388 2356 κρατούντων
2415 2285 2513 2353 τῆς
2544 2283 2751 2344 πόλεως
2776 2282 3042 2336 Λατίνων.
3076 2280 3141 2333 Ὃ
3168 2278 3233 2348 δὴ
3266 2277 3362 2329 καὶ
3394 2278 3613 2346 πεπλήι

2044 2396 2189 2450 ρωκε
2213 2376 2331 2443 νῦν,
2361 2376 2454 2429 καὶ
2477 2374 2652 2428 ταῦτα
2680 2376 2804 2443 δίχα
2843 2372 2946 2442 τῆς
2977 2372 3128 2439 σφῶν
3177 2368 3428 2440 βοηθείας
3453 2369 3613 2437 γενό-

2045 2488 2201 2542 μενος
2230 2471 2398 2538 αὐτῆς
2455 2468 2749 2537 ἐγκρατής.
2811 2465 2878 2519 Οῖ
2927 2480 2991 2533 γε
3027 2465 3136 2535 μὴν
3192 2461 3334 2515 κατὰ
3383 2460 3616 2531 χρόνους

2039 2562 2269 2624 τακτοὺς
2298 2561 2490 2631 ἄρχειν
2518 2557 2979 2628 ἀποστελλόμενοι
3041 2556 3248 2608 τούτων
3294 2553 3323 2605 ό
3383 2552 3486 2622 μὶν
3547 2551 3615 2603 ὲκ

2041 2652 2295 2715 Βενετίας
2325 2652 2568 2705 καλεῖται
2606 2651 2929 2718 μπαῖουλος,
2958 2649 2986 2700 ὁ
3017 2646 3063 2698 δ’
3097 2650 3161 2699 ἐκ
3210 2646 3419 2713 Πίσσης
3447 2641 3618 2696 κούν-

2042 2742 2252 2805 σουλος,
2283 2742 2312 2794 ό
2341 2739 2388 2793 δ’
2423 2744 2485 2792 ἐκ
2515 2738 2782 2801 Γεννούας
2812 2739 3146 2798 ποτεστὰτος
3168 2750 3183 2765 ·
3231 2735 3375 2804 ἅπερ
3405 2735 3486 2795 είς
3513 2731 3618 2802 τὴν

2050 2833 2282 2885 Ἐλλάδα
2347 2830 2532 2901 φωνὴν
2586 2829 2935 2900 μεταγόμενα
2974 2828 3032 2879 τὸ
3068 2827 3168 2897 μὲν
3194 2824 3300 2878 τῶν
3330 2825 3618 2891 ὀνομάτων

2040 2925 2288 2976 καλεῖται
2317 2924 2633 2992 ἐπίτροπος,
2659 2922 2717 2973 τὸ
2741 2922 2800 2974 δὲ
2833 2921 3048 2992 ἔφορος,
3068 2919 3128 2972 τὸ
3150 2919 3206 2971 δὲ
3231 2917 3617 2985 έξουσιαστής.

2116 3016 2190 3069 Ε’.
2241 3016 2304 3066 '0
2335 3016 2390 3067 δὲ
2423 3016 2736 3076 Βαλδουῖνος
2767 3014 2989 3085 διαδρὰς
3016 3016 3109 3066 τὸν
3138 3014 3236 3081 τῆς
3259 3014 3619 3065 Κωνσταντι-

2042 3107 2341 3169 νουπόλεως
2394 3106 2640 3159 κίνδυνον
2701 3107 2795 3159 καὶ
2850 3105 3200 3165 ἁποπῗίεύσας
3259 3106 3336 3165 είς
3381 3101 3619 3154 Ἰταλίαν

2041 3196 2300 3266 ἐκήδευσε
2332 3196 2410 3265 τῷ
2454 3196 2583 3265 ρηγὶ
2607 3198 2708 3264 τῆς
2753 3194 2988 3255 Ἰταλίας
3042 3192 3308 3261 Καρούλῳ
3337 3192 3438 3261 (‘2),
3470 3191 3619 3259 νύμ-

2002 3304 2150 3386 ,φην
2171 3287 2435 3356 ἀγόμενος
2465 3286 2538 3354 τῷ
2574 3284 2678 3355 υἱῷ
2705 3286 2803 3353 τὴν
2854 3284 3128 3353 θυγατέρα
3159 3283 3367 3335 ἐκείνου
3386 3295 3403 3312 ο
3455 3280 3612 3333 ἑλπί-

2043 3378 2152 3441 ζων
2175 3378 2371 3448 ἐκείνῳ
2391 3377 2668 3447 συμμάχῳ
2688 3376 3030 3446 χρησάμενος
3052 3374 3149 3444 τὴν
3171 3372 3622 3427 Κωνσταντινού-

2043 3473 2196 3523 πολιν
2224 3469 2616 3538 ἀναλήψεσθαι,
2651 3470 2879 3538 μάταιος
2902 3467 3003 3536 τῆς
3026 3485 3085 3519 τε
3116 3467 3357 3534 ἐφέσεως
3383 3466 3476 3518 καὶ⁵
3502 3466 3621 3518 τῶν

2043 3562 2293 3615 ἐλπίδων.
2337 3560 2399 3615 '0
2430 3561 2539 3630 γὰρ
2570 3560 2825 3630 βασιλεὺς
2856 3559 3109 3611 πλειστον
3136 3558 3402 3628 ὲξήρτυσε
3428 3574 3621 3609 ναυτι-

2043 3655 2160 3719 κὸν,
2207 3652 2497 3721 ἐμπλήσας
2545 3656 2794 3722 τριήρεις
2843 3652 2982 3720 ὑπὲρ
3014 3651 3111 3713 τὰς
3168 3650 3431 3720 ἑξήκοντα
3462 3649 3529 3702 Ex
3555 3665 3619 3701 τε

2043 3746 2218 3799 ἄλλοιν
2246 3747 2337 3798 καὶ
2363 3745 2554 3813 γένους
2575 3743 2668 3796 τοῦ
2692 3741 3068 3812 Γασμουλικοῦ
3091 3742 3189 3813 (3).
3219 3742 3303 3814 [Ρ.
3323 3740 3414 3813 58]
3433 3737 3621 3795 Ἦσαν

2042 3835 2100 3888 δὲ
2147 3830 2291 3888 οὗτοι
2347 3835 2820 3905 συντεθραμμένοι
2874 3836 2991 3896 τοῖς
3047 3851 3106 3887 τε
3155 3834 3486 3903 Ῥωμαϊκοῖς
3516 3832 3621 3884 καὶ

2043 3929 2352 3985 Λατινικοῐς
2396 3926 2594 3992 ἔθεσιν,
2633 3927 2711 3988 ὠς
2764 3926 2911 3996 ἔχειν
2965 3927 3030 3978 ὲκ
3082 3926 3180 3993 μὲν
3241 3924 3527 3994 Ῥωμαίων
3561 3922 3623 3975 τὸ

2044 4016 2397 4085 ἐσκεμμένως
2433 4018 2487 4076 ἐς
2546 4016 2645 4077 τὰς
2676 4016 2856 4085 μάχας
2892 4014 3050 4080 ἱέναι,
3097 4016 3161 4066 ὲκ
3189 4013 3245 4065 δὲ
3281 4012 3531 4065 Λατίνων
3558 4015 3621 4065 τ’)

2043 4107 2324 4175 εὔτολμον.
2383 4106 2553 4174 Συνῆν
2593 4106 2649 4157 δὲ
2696 4104 2911 4168 τούτοις
2973 4106 3068 4158 καὶ
3125 4104 3355 4172 στρατὸς
3409 4105 3466 4155 ὲν
3501 4107 3623 4164 τοῖς

2042 4201 2226 4259 ὅπλοις
2271 4197 2582 4262 θαλάττιος,
2635 4198 2893 4260 Λάκωνες
2946 4198 3071 4267 ἄρτι
3115 4196 3509 4266 προσελθόντες
3556 4199 3622 4247 ἐκ

2046 4290 2457 4357 Πελοποννήσου
2483 4290 2556 4359 τῷ
2577 4288 2809 4359 βασιλεῖ,
2834 4288 2927 4353 οὒς
2953 4291 2985 4360 ἡ
3010 4289 3164 4359 κοινὴ
3187 4287 3623 4358 παραφθείρασα

369 4377 719 4447 imperatoris
749 4375 1054 4445 navigabat,
1090 4383 1145 4427 et
1192 4375 1485 4429 tnaximum
1531 4375 1736 4432 Latinis
1767 4389 1938 4435 terro-

2050 4383 2263 4451 γλῶσσα
2296 4380 2592 4444 Τζάκωνας
2626 4382 2699 4450 (4)
2745 4383 3157 4452 μετωνόμασεν.
3204 4382 3263 4434 '0
3302 4381 3433 4449 γοῦν
3465 4384 3625 4450 βασι-

372 4486 487 4524 reni
521 4485 582 4522 ar
617 4468 910 4522 tumultum
954 4465 1248 4534 injiciebat.
1288 4466 1511 4536 Recepit
1555 4471 1718 4524 etiam
1772 4471 1938 4543 [Ἐςεοὶ

372 4561 540 4616 maris
587 4558 790 4613 insulas
834 4556 947 4610 fere
986 4571 1198 4616 omnes,
1228 4554 1509 4624 Lemnum,
1540 4561 1758 4630 Chium,
1791 4564 1940 4618 Rho-

374 4654 525 4713 dum,
554 4660 609 4705 et
637 4658 860 4704 caeteras
888 4663 1010 4716 qua:
1044 4645 1250 4699 Latinis
1281 4648 1602 4704 servierant.

2044 4476 2194 4538 λικὸς
2245 4474 2428 4537 στόλος
2488 4475 2566 4542 (5)
2625 4472 2767 4526 οὕτω
2798 4473 3063 4543 λαμπρῶς
3101 4476 3625 4543 συγκεκροτημένος

2044 4565 2196 4618 ἔπλει
2223 4562 2468 4616 κελεύσει
2508 4563 2603 4615 τοῦ
2634 4564 2899 4634 βασιλέως
2954 4565 3049 4615 καὶ
3082 4564 3332 4616 πλεῖστον
3381 4562 3625 4614 ἐνεποίει

2053 4657 2218 4726 φόϐον
2238 4658 2332 4708 καὶ
2364 4655 2593 4725 θόρυϐον
2613 4657 2725 4717 τοῖς
2746 4655 3016 4717 Λατίνοις.
3047 4656 3407 4725 Προσειλήφει
3439 4654 3498 4706 δὲ
3525 4652 3627 4707 καὶ

374 4744 472 4804 τὰς
510 4743 569 4793 ὲν
637 4739 845 4807 Αἰγαίῳ
893 4742 1092 4804 νήσους
1129 4737 1331 4805 μικροῦ
1386 4740 1584 4805 πάσας,
1640 4744 1857 4813 Λῆμνον
1888 4749 1981 4801 καὶ
2020 4748 2152 4800 Χίον
2183 4745 2277 4798 καὶ
2318 4744 2499 4799 Ῥόδον
2530 4746 2624 4798 καὶ
2654 4746 2771 4798 ὅσαι
2800 4745 3052 4808 Λατίνοις
3087 4745 3390 4800 ἐδούλευον.

445 4834 534 4888 Vl.
587 4832 835 4894 Interim,
895 4830 1023 4881 dun:
1056 4828 1171 4881 haec
1228 4829 1360 4881 mari
1411 4841 1699 4899 geruntur,
1763 4835 1945 4891 denuo

373 4927 532 4981 [idem
586 4923 744 4992 fregit
812 4925 869 4972 et
922 4918 1205 4970 finitimam
1261 4917 1623 4975 Romanorum
1671 4922 1932 4978 ditionem

1018 5005 1049 5017 δ

2127 4837 2220 4904 ς’.
2257 4837 2477 4888 Τούτων
2503 4836 2671 4896 οὕτως
2693 4837 3107 4906 ἀσχολουμένων
3133 4840 3261 4906 περὶ
3293 4838 3389 4909 τὴν
3422 4839 3627 4894 θάλασ-

2045 4943 2165 4992 σαν,
2228 4928 2432 4997 ἤρξατο
2479 4927 2639 4978 πάλιν
2696 4925 3098 4995 παρασπονδεῖν
3154 4927 3249 4979 καὶ
3279 4929 3378 4996 τὴν
3403 4929 3628 5000 ὅμορον

1706 5039 2029 5101 Variorum
2072 5049 2262 5103 notae.

452 5160 561 5229 (99)
584 5157 727 5213 Μαι-ει
764 5156 942 5209 fabula
962 5157 1027 5210 de
1049 5157 1276 5231 .luannis
1304 5162 1481 5215 subita
1509 5161 1561 5215 in
1590 5162 1933 5231 imperatoris

374 5242 666 5304 conspectu
718 5228 1133 5304 murteuexhiis
1175 5245 1295 5297 qua:
1328 5232 1617 5285 traduntur
1662 5228 1691 5286 ἐι
1723 5231 1932 5304 Pachy-

374 5296 526 5357 mere
557 5301 648 5351 lib.
675 5314 726 5357 v,
756 5312 875 5365 cap.
908 5296 995 5351 27.
1031 5296 1260 5351 "nemo.

450 5372 524 5443 (l)
558 5371 626 5443 lit
664 5367 924 5443 Peraseu
969 5366 1155 5443 Galam
1190 5369 1428 5443 Venetis,
1461 5370 1692 5443 Pisanis,
1741 5383 1789 5427 et
1822 5372 1932 5429 Ge-

377 5438 678 5497 nui-usibus
707 5438 771 5491 ad
804 5438 1153 5508 habitandum
1199 5454 1229 5490 a
1260 5439 1515 5495 Micliaele
1547 5458 1805 5496 concessa
1838 5447 1930 5508 sit,

376 5512 559 5565 multis
615 5508 825 5573 egimus
880 5506 972 5579 liii.
1022 5521 1038 5559 ι
1084 5508 1563 5579 Constantinopolis
1620 5506 1936 5571 Christianae

374 5591 510 5635 sect.
542 5579 646 5643 22;
680 5579 746 5630 de
775 5577 1108 5650 singulorum
1145 5595 1284 5650 vero
1318 5577 1586 5647 praefectis
1626 5584 1711 5635 liie
1747 5599 1934 5650 [coeno

374 5651 520 5723 sitis,
575 5646 883 5723 eorumque
928 5646 1265 5723 nominibus,
1317 5646 1429 5723 tum
1482 5669 1545 5723 ex
1604 5646 1935 5723 Paclivmere

376 5720 471 5774 lib.
488 5734 684 5789 ti,cap.
707 5718 795 5785 55,
814 5727 869 5773 et
892 5716 1032 5780 aliis,
1066 5716 1117 5769 in
1138 5717 1290 5773 Gloss
1310 5722 1447 5774 med.
1477 5716 1931 5781 (ὶιῖυςὶιυὺοιιιις.

2114 5166 2188 5235 (2)
2249 5164 2382 5220 Vide
2422 5165 2668 5217 Historia:
2726 5162 3316 5234 France-Byzantina:
3402 5168 3499 5223 lib.
3549 5186 3608 5233 ν,

2043 5250 2097 5289 n.
2130 5237 2223 5299 48,
2265 5239 2354 5290 49.
2397 5237 2627 5288 Ducauo.

2113 5306 2185 5373 (5)
2216 5308 2528 5376 Pachymer.
2559 5306 2649 5357 lib.
2683 5320 2753 5367 iv,
2779 5319 2898 5373 cap.
2929 5303 3018 5357 26.
3047 5303 3184 5359 Vide
3207 5305 3446 5362 Glossar.
3470 5310 3622 5365 med.

2043 5374 2256 5429 ercit.
2290 5379 2342 5429 in
2364 5374 2479 5428 liae
2505 5390 2656 5427 voce.
2703 5377 2932 5428 Ducam.

2113 5447 2188 5505 (4)
2230 5445 2428 5517 Horum
2459 5444 2731 5496 Laconum
2759 5444 3000 5517 nieiiiiuit
3020 5445 3383 5517 Pacliynieres
3405 5447 3502 5503 lib.
3530 5465 3620 5514 ιιι,

2040 5532 2161 5637 (lfttp.
2202 5518 2255 5570 9.
2311 5515 2439 5569 \‘ide
2476 5525 2678 5583 pariter
2734 5517 2872 5568 idem
2922 5515 3251 5570 GlossurIiu
3310 5520 3409 5572 hac
3459 5534 3621 5573 voce.

2068 5591 2277 5637 incana.

2068 5591 2277 5639 lL’CANG.

2113 5657 2189 5727 (Si)
2225 5654 2535 5723 Paeliymer.
2574 5656 2669 5709 lib.
2705 5671 2787 5720 Ill,
2821 5671 2940 5725 cap.
2981 5657 3064 5710 lii.
3109 5658 3338 5710 Di‘caxc.
