3984 6578
292 508 405 574 ‘281

549 503 629 577 [Α.
669 520 720 560 c.
767 504 903 560 ηδε)
942 522 1007 560 λυ
1049 503 1208 576 isse]
1325 507 1775 569 ΒΥΖΑΝΤΙΝίΕ
1811 511 1922 571 ms

2024 511 2200 572 )RL-E
2235 514 2378 576 LIB,
2416 516 2477 575 ν,
2591 510 2729 583 [tum
2768 527 2914 567 utcu.
2955 511 3289 583 HLA-301.06.]

3435 482 3548 581 2325

302 618 582 689 εὐτυχίας.
642 618 959 689 Είσεχέοντο
1018 619 1116 688 μὲν
1170 618 1265 673 οὖν
1314 619 1457 673 κατά
1514 618 1694 691 πλήθη
1729 617 1793 672 ἐκ
1817 635 1922 683 τελ

2024 623 2292 677 rovincias
2336 623 2758 693 populabantur.
2806 624 3045 682 Tandem
3097 627 3260 682 etiam
3296 624 3363 681 ad
3414 626 3557 681 bella

304 708 695 778 Παφλαγονίας
742 708 810 762 ἐκ
857 725 919 762 τε
948 709 1272 780 Παμφυλίας
1309 712 1405 764 καὶ
1447 709 1549 778 τὴν
1589 707 1880 778 Ῥωμαίων

305 804 499 874 ἐδῄουν
530 803 634 871 γῆν
653 818 669 833 ο
705 803 806 874 ἤδη
831 802 887 856 δὲ
915 804 1009 857 καὶ
1036 803 1262 873 πόλεμοι
1291 803 1729 873 συνερρήγνυντο
1762 818 1887 854 συν-

303 901 455 967 εχεῐς
477 912 494 931 ·
528 890 612 960 εἷς
639 896 699 950 δὲ
725 897 817 950 καὶ
842 897 1123 967 μέγιστος,
1149 896 1209 960 ὃς
1246 896 1341 951 καὶ
1380 896 1678 968 Ῥωμαίοις
1709 897 1886 967 ἀρχηα

307 992 478 1061 γὲτης
511 989 703 1058 γέγονε
733 988 844 1044 τῶν
864 988 1003 1043 ὅλων
1029 988 1237 1042 κακῶν.

381 1082 458 1133 1".
493 1078 887 1149 Στρατοπέδων
943 1079 1158 1133 πολλῶν
1196 1080 1309 1150 (76)
1347 1077 1672 1150 Τουρκικῶν
1703 1079 1891 1148 ἀθροι-

311 1169 554 1223 σθέντων
606 1171 732 1240 περὶ
770 1168 1153 1238 Παφλαγονίαν
1197 1168 1345 1229 εδοξε
1376 1167 1453 1236 τῷ
1484 1165 1695 1237 βασιλεί
1723 1165 1893 1235 μεγά-

310 1260 415 1331 λην
442 1262 538 1314 καὶ
565 1261 863 1330 ἀξιόμαχον
896 1261 1170 1313 στείλαντι
1221 1259 1456 1331 δύναμιν
1509 1259 1609 1329 τὴν
1668 1261 1892 1313 ἐκείνων

312 1354 501 1419 όξεῐαν
554 1358 901 1424 ἀναχαιτίσαι
961 1353 1176 1424 ἔφοδον,
1236 1352 1470 1408 καθόσον
1511 1351 1769 1421 ἐφικτόνσ
1817 1351 1895 1421 μὴ

312 1447 576 1517 καθάπερ
604 1447 779 1511 πύλας
809 1448 1075 1519 ῥήξαντες
1099 1449 1283 1501 ἐκεῖνο
1304 1447 1368 1499 τὸ
1395 1448 1564 1517 μέρος
1598 1447 1738 1516 μετά
1762 1446 1895 1499 πολι-

313 1541 420 1610 λῆς
447 1542 640 1597 ἔπειτα
689 1544 790 1611 τῆς
837 1526 1021 1605 ἀδείας
1077 1545 1176 1596 καὶ
1205 1541 1349 1595 κατά
1367 1539 1466 1609 τῆς
1498 1539 1664 1611 ἄλλης
1694 1538 1897 1608 χεθῶσι

315 1630 530 1702 χώρας.
561 1633 847 1702 Ἔπεμψεν
893 1630 987 1687 οὖν
1027 1633 1263 1702 στρατόν
1313 1650 1374 1685 τε
1405 1632 1593 1685 ἱκανὸν
1625 1633 1722 1685 καὶ
1770 1628 1897 1693 τοὺς

317 1719 553 1785 ἄξοντας
611 1723 977 1792 στρατηγοὺς,
1013 1722 1064 1776 οἳ
1126 1720 1215 1775 διὰ
1249 1720 1616 1775 κακοϐουλίαν
1651 1720 1805 1773 αὐτοί
1841 1736 1897 1774 τε

320 1812 644 1882 ἐσφάλησαν
671 1816 763 1866 καὶ
788 1813 849 1866 τὸ
875 1816 983 1867 πάν
1015 1814 1308 1867 ἀπώλεσαν
1333 1815 1674 1884 στράτευμα.
1706 1813 1771 1866 Ol
1791 1814 1859 1875 γὲ
1869 1830 1899 1883 ρ

320 1903 565 1974 Τοῦρκοι
598 1906 665 1975 τῇ
701 1906 966 1978 ὑστεραίᾳ
1002 1904 1307 1977 μελλούσης
1338 1904 1442 1975 τῆς
1477 1905 1661 1975 μάχης
1690 1906 1900 1977 “PM-

322 1996 562 2062 γνυσθαι
604 1996 1148 2067 διαγρηγορήσαντες
1205 1997 1337 2068 πρὶν
1379 1996 1596 2068 ἡμέραν
1650 1996 1902 2064 γενέσθαι

244 2104 263 2113 θ
324 2089 744 2159 προλοχίζουσιν
783 2090 885 2142 οὐκ
937 2091 1126 2159 ὀλίγας
1180 2090 1402 2161 ἐνέδρας
1438 2090 1588 2161 παρά
1638 2090 1734 2151 τὰς
1771 2089 1905 2160 πρὸς

328 2183 406 2235 Ξω
435 2181 535 2235 τοῦ
566 2181 795 2252 πλησίον
819 2183 1067 2253 ποταμοῦ
1094 2183 1260 2253 δχθας
1281 2198 1296 2212 ·
1335 2185 1574 2238 κᾶπειτα
1614 2182 1902 2245 διαϐάντες

324 2276 423 2331 τὸν
439 2278 689 2348 ποταμὸν
718 2277 955 2331 ἐνταῦθα
977 2278 1281 2349 πηγνύουσι
1306 2277 1366 2330 τδ
1385 2272 1769 2346 στρατόπεδον.
1794 2276 1908 2345 Τῆς

326 2367 398 2436 δὴ
421 2366 808 2438 προσηκούσης
824 2367 975 2437 ῶρας
995 2366 1316 2437 ἑληλυθυίας
1349 2365 1621 2437 συνῄεσαν
1655 2370 1723 2418 τα
1746 2383 1911 2437 στρα-

328 2458 562 2514 τόπεδα.
617 2459 728 2513 Καὶ
773 2458 842 2512 τὰ
876 2459 974 2529 μὲν
1036 2458 1228 2529 πρῶτα
1273 2459 1336 2511 ού
1365 2459 1510 2527 μάλα
1535 2458 1909 2521 ἀνυπόστατος

331 2551 485 2618 εδοξε
521 2550 789 2621 Τούρκοις
820 2552 850 2619 ἠ
897 2550 1191 2620 Ῥωμαίων
1221 2552 1369 2623 ὁρμή
1389 2566 1405 2583 ο
1439 2549 1554 2604 ἀλλ’
1581 2550 1912 2619 ἐκαρτέρουν

331 2645 491 2712 ὅμως
521 2645 618 2698 καὶ
651 2645 898 2715 ἀντεῖχον
929 2643 1254 2714 μαχόμενοι,
1284 2644 1345 2697 ού
1378 2643 1651 2714 συστάδην
1682 2643 1781 2712 τὴν
1813 2644 1915 2713 μά-

336 2754 454 2808 χην
474 2737 811 2808 ποιούμενοι,
835 2737 973 2790 ἀλλά
1030 2736 1242 2806 συχνῶς
1293 2736 1786 2806 ἐναλλασσομένην,
1838 2735 1915 2799 ὠς

338 2831 471 2894 ἔθος
499 2830 703 2892 αὐτοῖς.
735 2828 902 2882 Νῶτα
932 2828 1043 2900 γὰρ
1076 2827 1386 2883 δεικνύουσι
1445 2826 1672 2897 φεύγειν
1700 2818 1913 2881 δοκοῦνο

335 2933 436 2980 ’τες
458 2934 475 2950 ο
505 2913 623 2971 εἶτα
656 2919 1134 2989 ὲπαναστρὲφουσι
1170 2918 1402 2989 τάχιστα
1434 2918 1529 2971 καὶ
1562 2917 1733 2987 συχνά
1759 2917 1918 2970 τοῦτο

343 3009 636 3072 ποιοῦντες
678 3010 1038 3072 διατελοῦσιν,
1096 3009 1174 3072 ῶς
1225 3009 1292 3063 ἂν
1321 3009 1423 3079 τὴν
1466 3009 1576 3064 τῶν
1607 3009 1919 3062 ἀντιπάλων

342 3102 731 3175 στρατοπέδων
759 3103 914 3167 τάξιν
945 3102 1261 3172 ταράττωσι
1284 3101 1503 3171 καὶτῆς
1536 3101 1921 3173 προσηκούσης

344 3197 597 3259 στάσεως
654 3195 950 3262 ἐξιστῶσι·
1012 3195 1249 3249 κάπειτα
1296 3193 1440 3249 οὕτω
1494 3195 1919 3266 τεταραγμένοις

344 3290 802 3351 ἱπεισπίπτοντες
827 3290 1005 3360 ῥᾷστα
1034 3286 1532 3359 κατατροποῦνται.

420 3383 509 3457 [Ρ.
544 3382 638 3454 85]
669 3386 743 3437 A'.
765 3382 901 3436 Τότε
948 3382 1048 3452 μὲν
1079 3380 1173 3434 οὖν
1202 3380 1347 3434 κατά
1391 3379 1682 3449 Ῥωμαίων
1718 3377 1918 3430 ἀνύσαι

349 3478 416 3531 τὸ
450 3476 602 3545 σφῶν
632 3475 812 3528 αὐτῶν
841 3472 1181 3543 ἐπιτήδευμα
1201 3472 1266 3526 οὐ
1296 3471 1616 3540 δεδύνηνται
1658 3467 1945 3538 κράτιστα,

351 3572 770 3642 πεφραγμένων
798 3567 893 3620 καὶ
920 3567 1284 3636 ὡπλισμένων
1310 3583 1324 3597 ·
1367 3563 1506 3618 ἀλλά
1537 3564 1681 3634 μάλα
1708 3580 1792 3616 τοι
1818 3563 1927 3615 τῶν

357 3665 576 3719 οἰκείων
603 3662 897 3722 πλείστους
950 3657 1317 3720 ἀποϐαλόντες
1370 3657 1604 3725 ἔφευγον
1648 3656 1800 3725 παρὰ
1838 3655 1927 3706 τὸν

360 3757 606 3826 ποταμὸν
639 3752 1049 3824 ἀμεταστρεπτί
1069 3765 1085 3782 ⁸
1121 3751 1314 3802 ἐδίωκε
1337 3751 1380 3803 δ’
1415 3752 1442 3802 ὁ
1469 3749 1698 3819 στρατδς
1728 3747 1824 3818 (ὼς
1852 3747 1927 3816 μὴ

356 3846 591 3917 ὤφελον)
620 3845 1018 3901 ἀναπόσπαστα
1041 3859 1057 3874 ο
1083 3841 1179 3897 καὶ
1209 3840 1382 3895 ταῦτα
1410 3842 1518 3892 τῶν
1546 3839 1929 3908 συνετωτέρων

362 3938 687 4010 στρατηγῶν
722 3936 893 4007 συχνά
922 3935 1175 4005 βοώντων
1200 3935 1296 3987 καὶ
1326 3934 1648 3986 κωλυόντων
1678 3933 1778 4002 τὴν
1801 3932 1927 3985 δίω-

362 4039 469 4104 ξιν,
500 4038 563 4092 οὐ
605 4034 749 4107 μάλα
772 4051 858 4087 τοι
890 4033 1198 4101 πεφυκυῖαν
1227 4027 1557 4093 ἀνύποπτον,
1592 4027 1713 4081 οὐδὲ
1744 4027 1934 4098 πόρῥω

362 4149 467 4185 που
492 4130 663 4190 δέους.
691 4126 834 4181 Ἀλλ’
858 4126 1024 4196 ἐχρῆν
1051 4123 1162 4194 ἄρ’,
1194 4123 1268 4185 ὡς
1293 4122 1489 4185 ἔοικεν,
1514 4120 1690 4192 ἀρχὴν
1724 4122 1935 4174 ἐκεῖνον

362 4222 507 4280 εἶναι
543 4224 636 4276 τὸν
666 4220 911 4289 πόλεμον
933 4218 1032 4287 τῆς
1072 4214 1366 4287 Ῥωμαίων
1393 4213 1802 4286 καταστροφῆς,
1844 4229 1936 4266 κο-

361 4316 639 4384 λαζούσης
692 4311 931 4384 μετρίως
983 4307 1190 4364 ἀνωθεν
1245 4307 1345 4377 τῆς
1400 4306 1667 4376 Προνοίας
1726 4304 1936 4377 μυρίων

363 4410 528 4480 χάριν
562 4404 1007 4485 ἁμαρτημάτων.
1034 4399 1223 4470 Ταύτῃ
1252 4415 1335 4451 τοι
1369 4401 1467 4450 καὶ
1511 4395 1803 4455 διαϐάντας
1845 4394 1939 4447 τὸν

364 4483 614 4564 ποταμὸν
661 4492 949 4553 διαϐάντες
1003 4489 1229 4541 ἐδίωκον
1277 4485 1372 4539 καὶ
1419 4485 1599 4550 αὐτοὶ,
1641 4483 1938 4546 κόπτοντες

362 4591 458 4642 ἀεὶ
505 4591 629 4650 τοὺς
655 4582 999 4653 νωθρότερον
1041 4581 1364 4650 φεύγοντας,
1388 4576 1493 4639 ἕως
1534 4579 1786 4646 ἐνέτυχον
1812 4576 1936 4644 αίφο

363 4682 551 4745 νιδίως
587 4646 681 4733 καὶ
749 4646 1077 4747 ἀπροόπτως
1119 4646 1233 4735 τοῖς
1288 4671 1466 4739 λόχοις
1513 4670 1622 4723 τῶν
1662 4670 1921 4739 Τούρκων

2052 4668 2197 4721 viros
2232 4675 2481 4720 recentes
2518 4669 2574 4716 et
2608 4668 2832 4728 vegetos
2861 4657 2965 4727 ipsi
2998 4671 3160 4713 cursu
3198 4664 3253 4710 et
3277 4664 3411 4708 astu
3452 4651 3622 4704 anlw-
3722 4703 3739 4714 _

367 4774 632 4844 ἀνδράσιν
680 4767 1161 4836 ἀναπεπαυμένοις
1215 4764 1312 4816 καὶ
1362 4762 1704 4831 ἀκμάζουσιν
1750 4759 1943 4830 ἄνδρες

369 4866 770 4936 ἀσθμαίνοντες
805 4862 909 4915 ὑπὸ
944 4860 1150 4930 δρόμου
1199 4852 1296 4910 καλ⁵
1337 4855 1645 4925 καύματος’
1679 4851 1772 4906 καὶ
1801 4851 1945 4905 οὕτω

367 4959 435 5023 δὴ
463 4955 833 5017 κυκλωθέντες
860 4952 1071 5005 ἐκεῖθεν
1097 4950 1194 5019 μὲν
1227 4948 1452 5016 μυριάσι
1480 4943 1739 5016 στρατοῦ,
1761 4940 1948 4995 ἐντεῦ-

1983 724 2038 769 ct
2120 715 2364 771 assiduas
2430 715 2807 773 dimicationes
2899 730 3116 774 ventum
3191 736 3207 772 :
3275 735 3304 771 θ
3358 718 3559 786 quibus

1984 822 2154 861 unum
2211 806 2454 878 praelium
2484 808 2759 865 Romanos
2790 810 2844 864 in
2884 811 3066 865 omnia
3124 809 3263 865 mala
3298 808 3557 878 coniecit.

2064 1079 2161 1134 ΠΙ.
2191 1078 2372 1134 Multis
2407 1077 2711 1133 Turcorum
2744 1078 2914 1149 copiis
2956 1079 3009 1133 in
3044 1079 3409 1150 Paphlagonia
3454 1078 3565 1134 col-

1990 1172 2145 1227 lectis
2175 1172 2486 1239 imperatori
2518 1171 2691 1226 visum
2732 1181 2817 1228 est
2845 1187 3035 1242 magno
3084 1180 3139 1226 et
3169 1170 3367 1225 idoneo
3406 1186 3565 1224 exer-

1991 1264 2103 1321 citu
2136 1265 2366 1319 celerem
2391 1264 2629 1331 illorum,
2661 1271 2924 1333 quantum
2959 1264 3070 1318 ﬁeri
3103 1272 3311 1333 posset.
3339 1262 3569 1332 impres-

1993 1357 2203 1413 sionem
2237 1341 2486 1412 inhibere
2536 1374 2551 1411 :
2593 1372 2663 1411 ne
2683 1356 2772 1410 illa
2799 1366 2951 1428 parte
2981 1355 3144 1409 veluti
3174 1366 3325 1424 porta
3359 1356 3568 1423 perfra—

1993 1460 2082 1506 cta
2134 1449 2357 1520 impune
2410 1448 2608 1504 deinde
2659 1464 2722 1503 ac
2776 1449 3099 1519 prohibente
3148 1446 3306 1517 139
3355 1445 3572 1500 nemine

1997 1542 2216 1613 longius
2256 1553 2636 1611 evagarentur.
2689 1541 2999 1596 Exercitum
3045 1539 3230 1606 itaque
3277 1540 3405 1593 illuc
3442 1537 3577 1593 vali—

1995 1637 2125 1693 dum
2160 1634 2323 1688 misit.
2366 1633 2541 1688 Duces
2580 1647 2709 1688 vero
2742 1633 2984 1703 prefecit
3021 1633 3111 1701 qui
3144 1631 3374 1687 stultitia
3405 1638 3456 1685 et
3496 1640 3578 1684 te-

1999 1730 2250 1786 meritate.
2290 1743 2389 1782 sua
2416 1734 2530 1781 tum
2575 1726 2676 1796 ipsi
2724 1725 3089 1796 impegeruut,
3116 1732 3228 1777 tum
3261 1735 3453 1775 omnes
3479 1734 3577 1787 co-

2001 1824 2118 1896 pias
2141 1822 2467 1891 amiserunt.
2510 1817 2643 1873 Nam
2676 1817 2840 1872 Turri
2872 1816 3046 1887 pridie
3096 1812 3350 1870 instantis
3385 1827 3578 1881 pugna:

2005 1925 2114 1970 tota
2158 1923 2317 1968 nocte
2361 1909 2599 1966 insomni
2636 1918 2847 1971 exacta,
2898 1919 3187 1974 antequam
3228 1903 3348 1959 dies
3389 1902 3580 1956 illuce-

1937 1975 1977 2030 Β
2006 2015 2203 2071 sceret,
2255 2002 2506 2059 homines
2559 2015 2670 2055 non
2714 2012 2917 2069 paucos
2960 1997 3027 2052 ad
3069 1995 3387 2051 orientalem
3416 1992 3584 2047 vicini

2004 2099 2247 2157 ﬂuminis
2275 2099 2446 2169 ripam
2477 2095 2769 2151 collocant.
2805 2092 2940 2146 Tum
2981 2104 3141 2146 amne
3166 2096 3438 2158 superato
3483 2086 3586 2140 ibi—

1980 2196 2126 2250 'dem
2172 2198 2646 2248 castrametantur.
2685 2186 2819 2240 Cum
2866 2196 3059 2253 pugnae
3089 2191 3302 2248 tempus
3323 2177 3582 2233 advenis-

2007 2298 2110 2347 set.
2146 2284 2436 2341 conﬂixere
2464 2281 2759 2336 exercitus.
2798 2276 2876 2331 Ac
2919 2274 3079 2330 initio
3121 2271 3338 2341 quidem
3393 2268 3590 2325 Roma—
3660 2268 3665 2271 ⁴

2008 2394 2204 2435 norum
2253 2377 2490 2445 impetus
2520 2370 2714 2425 Turcis
2756 2384 2865 2422 non
2913 2366 3053 2420 adeo
3106 2364 3404 2424 vehemens
3465 2375 3590 2415 esse

2013 2471 2162 2526 visus
2194 2479 2275 2524 est
2302 2478 2359 2523 ut
2388 2463 2643 2521 sustineri
2677 2476 2782 2516 non
2822 2469 3023 2531 posset.
3069 2455 3439 2512 Substiterunt
3489 2452 3589 2523 ig?-

2014 2570 2104 2615 tur
2147 2569 2200 2616 et
2257 2564 2649 2628 repugnarunt,
2707 2567 2816 2607 non
2853 2549 3076 2606 stataria
3121 2562 3323 2621 pugna,
3370 2543 3490 2611 sed,
3535 2552 3595 2598 ut

2013 2666 2200 2709 eorum
2236 2666 2356 2705 mos
2387 2658 2492 2711 est,
2530 2646 2742 2702 crebris
2792 2642 3126 2711 altcrnisque
3177 2639 3392 2694 vicibus
3436 2650 3595 2703 ret-e-

2019 2745 2137 2799 tit-i.
2166 2742 2366 2814 Fugam
2397 2741 2545 2795 enim
2579 2737 2901 2792 simulantes
2929 2743 3080 2805 terga
3116 2732 3271 2795 dant,
3301 2731 3595 2797 statimque

2018 2835 2247 2888 redeunt
2282 2850 2296 2887 :
2330 2834 2493 2901 idque
2538 2827 2769 2884 subinde
2799 2825 2980 2881 facere
3019 2832 3279 2895 pergunt,
3332 2831 3391 2874 ut
3420 2819 3597 2874 hosn-

2020 2928 2122 2982 lem
2151 2928 2320 2980 aciem
2370 2922 2712 2995 perturbent,
2740 2927 2797 2976 et
2821 2919 2887 2974 de
2916 2925 3060 2972 statu
3092 2915 3371 2986 dejiciant.
3401 2912 3598 2968 Postea

2020 3022 2095 3075 ita
2149 3019 2393 3074 turbatos
2447 3032 2570 3072 cum
2622 3014 2833 3084 impetu
2886 3010 3060 3067 adorti
3108 3008 3271 3065 facile
3314 3006 3370 3061 in
3417 3003 3597 3075 fugam

2021 3121 2263 3168 vertunt.
2998 3124 3003 3128 '

2086 3383 2191 3448 ‘IV.
2222 3381 2360 3436 Tum
2400 3389 2580 3435 autem
2612 3385 2762 3433 astus
2788 3374 2835 3431 is
2868 3373 3003 3429 nihil
3036 3372 3144 3428 illis
3168 3378 3357 3425 contra
3398 3369 3603 3422 Roma-

2031 3489 2131 3528 nos
2162 3472 2364 3543 proluit
2406 3470 2612 3540 optime
2647 3467 2884 3522 munitos
2931 3473 2987 3520 et
3019 3470 3255 3518 armatos
3286 3480 3300 3516 :
3333 3459 3428 3515 sed
3478 3458 3605 3527 plu-

2031 3566 2186 3620 rimis
2216 3579 2440 3619 suorum
2476 3560 2690 3615 amissis
2739 3558 2913 3614 eﬂuse
2962 3558 3029 3610 ad
3073 3554 3275 3609 ﬂumen
3326 3552 3604 3633 fugerunt.

2034 3655 2259 3711 Romani
2292 3669 2473 3709 aurem
2515 3654 2640 3708 illos
2689 3649 2856 3722 (quod
2915 3650 3122 3705 utinam
3174 3659 3281 3700 non
3329 3641 3609 3709 fecissent)

2030 3749 2379 3804 continenter
2405 3746 2682 3816 persecuti
2706 3751 2839 3799 sunt
2886 3759 2901 3797 :
2948 3743 3198 3812 quamvis
3227 3735 3612 3813 prudentiores

2031 3842 2200 3897 duces
2222 3838 2521 3893 identidem
2555 3836 2911 3892 reclamarent
2940 3847 3005 3889 ac
3034 3830 3277 3901 receptui
3311 3835 3610 3891 canerent;

2032 3933 2176 4001 quod
2204 3927 2444 3987 hostium
2482 3928 2606 4000 fuga
2663 3933 2915 3995 suspecta
2967 3933 3024 3979 et
3077 3920 3383 3992 periculosa
3444 3924 3611 3972 esset.

2035 4023 2141 4078 Sed
2169 4022 2315 4077 illam
2363 4034 2597 4090 pugnam
2640 4018 2829 4086 utique
2856 4013 3143 4085 Oportebat
3167 4009 3364 4066 excidii
3395 4008 3611 4063 initium

2038 4114 2297 4169 Romanis
2319 4110 2607 4174 exsistere,
2643 4123 2876 4178 quorum
2909 4106 3135 4161 infinitis
3164 4103 3400 4174 peccatis
3427 4101 3614 4155 divina

2037 4201 2384 4261 Providentia
2424 4198 2584 4270 ιω
2622 4197 2948 4252 mediocrem
2993 4195 3133 4249 hanc
3172 4208 3387 4264 pmnatn
3418 4206 3614 4259 repeti-

2038 4297 2222 4352 debat.
2258 4294 2446 4363 ltaque
2481 4279 2691 4347 Turcos
2736 4290 2961 4344 ﬂuvium
3017 4301 3381 4358 transgressos
3435 4294 3618 4338 trans-

2040 4388 2211 4459 gressi
2242 4387 2345 4457 ipsi
2379 4400 2599 4455 qnoque
2629 4385 3012 4453 insequuntur.
3053 4391 3110 4435 et
3141 4395 3236 4434 eos
3267 4381 3358 4449 qui
3400 4377 3619 4447 segnius
3704 4422 3727 4451 λ,

2043 4482 2298 4548 fugerent
2330 4493 2500 4547 usque
2537 4475 2828 4540 occidunt;
2870 4474 3045 4529 donec
3075 4474 3129 4527 in
3159 4472 3384 4527 insidias
3411 4470 3619 4524 Turm-

2046 4589 2167 4628 rum
2207 4582 2429 4641 repente
2458 4580 2513 4626 et
2541 4570 2608 4625 de
2634 4567 2929 4638 improviso
2980 4565 3291 4626 incurrunt,
3339 4575 3532 4629 nempe
3566 4562 3619 4611 in

2052 4761 2244 4814 lantcs.
2297 4757 2375 4812 Ita
2416 4756 2546 4811 hinc
2592 4766 2889 4807 numeroso
2918 4748 3184 4811 exercitu,
3235 4745 3361 4800 inde
3400 4742 3623 4797 ﬂumine

2051 4848 2358 4913 interclusi,
2394 4848 2582 4916 paucis
2624 4844 2864 4916 exceptis
2901 4856 3093 4897 omnes
3149 4837 3486 4897 ceciderunt,
3536 4834 3624 4886 vix

2052 4942 2161 4996 ulla
2191 4955 2250 4995 re
2282 4937 2620 4994 memorabili
2650 4946 2821 5008 gesta.

372 5021 467 5106 θεν
504 5051 560 5104 δὲ
599 5049 676 5119 τῷ
719 5034 973 5119 ποταμῷ,
1020 5046 1159 5117 πλὴν
1201 5044 1398 5113 ὀλίγων
1466 5041 1708 5103 ἀπαντες
1772 5037 2184 5109 κατεκόπησαν.
2251 5036 2433 5105 ὀλίγον
2492 5033 2826 5105 δυνηθέντες
2875 5027 3212 5096 ἐνδείξασθαι
3240 5043 3292 5079 τι
3337 5024 3497 5092 λόγου
3535 5021 3631 5075 καί

376 5146 599 5213 μνήμης
613 5139 805 5204 ἀξιον.

456 5241 527 5291 L'.
570 5235 815 5290 Ἐκεῖθεν
877 5233 1062 5303 μέντοι
1117 5228 1415 5298 ἀρξάμενοι
1467 5225 1721 5293 καθάπερ
1771 5222 1945 5290 πύλης
2016 5238 2021 5247 λ

377 5327 726 5401 ἀνοιχθείσης
754 5324 897 5379 κατά
928 5323 1131 5393 πολλὴν
1162 5322 1264 5393 ἥδη
1301 5319 1393 5372 τοῦ
1445 5317 1784 5389 κωλύσοντος
1822 5315 1951 5385 ὲρη-

379 5423 512 5494 μίαν
552 5417 610 5474 ὀί
656 5418 905 5486 πολέμιοι
954 5416 1135 5468 πᾶσαν
1190 5412 1460 5484 ἐπόρθουν
1502 5411 1597 5462 καὶ
1646 5406 1809 5461 ἔκαον
1854 5405 1955 5476 τὴν

388 5513 683 5583 Ῥωμαίων
715 5510 923 5581 χώραν,
976 5509 1256 5570 κατιόντες
1307 5508 1436 5576 ἄχρι
1491 5502 1805 5572 Σαγγαρίου
1864 5496 1989 5569 τοῦ-

385 5606 662 5676 ποταμοῦ.
697 5603 862 5657 Ὅθεν
892 5602 1289 5674 ἀπηγορευκὼς
1316 5602 1342 5652 ό
1379 5597 1635 5667 βασιλεὺς
1662 5593 1957 5661 πολιχνῖοις

387 5702 608 5770 συχνοῖς
647 5696 914 5769 ὠχύρωσε
960 5697 1052 5748 τὸν
1096 5692 1340 5762 ποταμὸν
1387 5688 1718 5763 Σαγγάριον,
1750 5683 1824 5754 μὴ
1862 5682 1959 5735 καὶ

2127 5217 2190 5269 ν.
2233 5215 2395 5272 'l‘urci
2427 5225 2609 5270 autem
2637 5212 2763 5268 inde
2790 5209 3053 5281 suspicati
3082 5208 3231 5264 velut
3263 5213 3413 5276 porta
3445 5212 3631 5273 aperta

2056 5310 2231 5367 securi
2262 5326 2326 5365 ac
2356 5309 2682 5381 prohibente
2719 5305 2938 5361 nemine
2970 5317 3163 5359 omnes
3217 5298 3486 5354 Romanas
3512 5311 3636 5363 prm

2057 5402 2263 5457 vincias
2293 5403 2437 5455 ferro
2460 5410 2513 5455 et
2543 5398 2775 5454 ﬂammis
2804 5396 3113 5460 vastabant,
3142 5399 3197 5447 et
3226 5384 3636 5457 ad‘Sangarium

2056 5509 2226 5564 usque
2273 5488 2498 5547 ﬂuvium
2546 5488 3059 5560 progrediebantur.
3115 5482 3481 5551 Quamobrem
3536 5476 3641 5532 dc-

2058 5587 2291 5657 speratis
2326 5585 2491 5640 rebus
2533 5584 2828 5654 imperator
2859 5581 3008 5651 ripas
3045 5576 3286 5632 ﬂuminis
3314 5570 3521 5630 crebris
3545 5584 3637 5623 ca-

2057 5680 2227 5736 stellis
2260 5678 2515 5747 munivit,
2549 5692 2620 5735 ne
2664 5677 2780 5748 ipsa
2812 5675 2977 5732 etiam
3010 5669 3261 5741 Bithynia
3308 5666 3643 5741 potirentur.

1610 5872 1627 5891 ς
1730 5813 2058 5878 Variorum
2103 5816 2295 5874 nolis.

461 5933 570 6002 (76}
603 5930 902 5997 Pbranzes,
933 5928 1028 5985 lib.
1055 5944 1095 5998 ι,
1119 5941 1235 5997 cap.
1264 5923 1321 5979 6.
1354 5922 1594 5980 Decus.
