3954 6580
406 345 517 409 299
663 342 738 416 [ιι.
780 359 834 399 tt.
871 342 1011 399 6763
1051 358 1116 397 an
1157 341 1320 412 679i]

1575 343 1990 406 NICEPHORI
2037 347 2428 418 Gll’EGOlHi

2423 225 2481 235 ιιι-ι

2682 341 2814 413 [ιιιιι.
2857 358 3004 399 men.
3052 345 3390 417 rumowc]

3537 348 3642 412 309

403 457 686 523 tribuitur,
725 459 978 530 dignatus
1031 458 1144 514 sit:
1181 467 1538 526 praeterquam
1597 457 1742 526 quod
1791 458 1964 528 jussit,

2077 459 2350 546 vaticrmci‘;
2391 461 2760 514 σκαπανεῦσιν
2788 463 2993 528 ἐφεῖται
3029 477 3039 488 ·
3073 463 3210 532 πλὴν
3241 465 3272 534 ἢ
3301 466 3380 516 ὅτι
3412 482 3645 532 παρεκετ

395 562 452 604 ιιι
483 560 646 604 noctu
710 553 867 620 pauci
924 551 1143 620 quidam
1203 550 1436 603 cadaver
1479 550 1666 617 proetil
1704 565 1733 602 a
1771 549 1966 604 castris

394 645 688 698 abductum
721 643 885 698 multa
922 654 1065 697 terra
1091 643 1409 704 obruerent,
1444 641 1496 696 id
1544 639 1710 696 modo"
1744 657 1964 706 carens,

396 753 463 789 ne
535 737 938 806 imperatorium
991 737 1225 790 cadaver
1271 751 1300 790 a
1365 735 1494 791 feris
1543 734 1964 805 discerperetur.

394 827 454 881 In
518 843 680 882 causa
739 837 879 889 erat,
930 827 1072 896 quod
1128 827 1216 882 ille
1275 827 1404 882 dum
1464 827 1670 881 viveret
1729 841 1758 879 a
1819 833 1966 900 recta

395 921 650 976 Ecclesiae
687 919 935 974 doctrina
981 918 1326 984 descivisset,
1367 928 1426 973 ut
1479 933 1643 989 supra
1707 917 1966 986 exposui-

395 1025 554 1066 mus:
596 1010 741 1079 quod
779 1010 1000 1080 quidem
1035 1009 1179 1064 ﬁlius
1199 1009 1346 1064 omni
1377 1009 1543 1063 animi
1573 1008 1771 1062 aﬂectu
1805 1009 1968 1064 tacite

393 1113 678 1158 aversatus
727 1101 927 1166 fuerat,
970 1115 1032 1158 ut
1089 1102 1262 1157 fusius
1310 1101 1447 1156 infra
1496 1100 1694 1156 dicturi
1754 1114 1964 1155 sumus.

391 1195 510 1250 Non
567 1196 716 1250 enim
755 1203 988 1265 patrem,
1023 1195 1118 1250 sed
1170 1185 1298 1250 illud
1356 1193 1526 1264 patris
1557 1192 1758 1247 factum
1811 1192 1966 1248 valde

393 1291 602 1342 oderat.
635 1286 768 1340 Nam
830 1287 1031 1357 pietate
1067 1297 1122 1341 ct
1176 1289 1519 1341 observantta
1555 1294 1612 1339 et
1661 1285 1966 1339 reverentia

391 1379 540 1433 nurui
582 1380 901 1446 parentibus
962 1381 1142 1434 debita
1183 1393 1280 1434 eos
1319 1393 1509 1432 munes
1535 1377 1834 1446 snperavit,
1873 1377 1964 1445 qui

390 1484 628 1542 unquam
683 1473 930 1542 patribus
983 1473 1098 1527 suis
1140 1486 1261 1526 sese
1305 1470 1672 1539 obsequentes
1723 1470 1966 1539 praebue-

393 1571 540 1620 rttttl.

460 1737 577 1791 VII.
633 1737 708 1796 Ae
748 1736 1028 1793 Michaelis
1093 1736 1376 1808 Palaeologi
1442 1737 1531 1792 hie
1583 1738 1763 1793 exitus
1814 1737 1964 1793 fuit:

2071 545 2300 598 λεύσατο
2376 548 2591 616 νύκτωρ
2678 548 2898 618 βραχεῖς
2969 565 3120 606 τινας
3184 551 3386 620 ἄνδρας
3453 557 3642 622 πορρω

2070 655 2173 691 που
2195 636 2288 690 τοῦ
2323 637 2689 706 στρατοπέδου
2724 640 3112 706 ἀπαγαγόντας
3147 641 3411 710 πλείστην
3437 645 3640 695 ἐπισω-

2073 730 2264 802 ρεῦσαι
2294 733 2398 800 γῆν
2421 730 2554 800 (97),
2601 729 2758 784 τοῦτο
2801 732 2960 800 μόνον
3023 733 3192 785 αὐτοῦ
3252 737 3641 804 προμηυευσά-

2071 842 2252 896 μενος,
2295 824 2370 894 μὴ
2416 823 2624 894 θηρίων
2663 825 2926 892 στόμασιν
2973 825 3099 886 ἴσως
3137 824 3298 894 σῶμα
3361 826 3639 894 βασιλικὸν

2068 915 2418 988 διαμερισθῇ.
2449 915 2526 968 Τὸ
2545 913 2592 969 δ’
2613 915 2786 968 αἴτιον
2827 917 2860 984 ἡ
2899 915 2994 968 τοῦ
3033 915 3194 986 ὀροοῠ
3241 917 3338 985 τῆς
3409 917 3640 984 Ἐκκλη-

2069 1007 2191 1071 σίας
2209 1007 2482 1074 δόγματος
2509 1005 2724 1078 ὑπῆρχε
2757 1010 3108 1076 παρατροπὴ,
3149 1001 3185 1080 ᾖ
3219 1007 3342 1071 ζῶν
3361 1008 3460 1076 μὲν
3497 1010 3640 1062 ἐκεῖ·

2067 1117 2176 1166 νος,
2203 1099 2277 1162 ὡς
2308 1098 2544 1170 πρόσθεν
2597 1099 2936 1170 εἰρήκειμεν,
2999 1102 3383 1170 κατεχρήσατο
3413 1117 3424 1131 ·
3479 1096 3637 1165 οὗτος

2065 1195 2123 1248 δὲ
2154 1193 2681 1265 λάθραιπροθέσεσιν
2709 1193 2860 1256 ὅλαις
2911 1197 3219 1266 ἀπέστεργε
3283 1197 3384 1266 τῆς
3435 1195 3634 1266 ψυχῆς.

2065 1287 2142 1351 ὡς
2164 1289 2442 1357 προϊόντες
2477 1287 2710 1358 ἐροῦμεν
2732 1287 3086 1358 πλατύτερον.
3125 1289 3201 1341 Οὐ
3252 1290 3361 1360 γὰρ
3406 1291 3638 1362 ἐκεῖνον,

2065 1379 2164 1448 τὴν
2193 1378 2238 1432 δ’
2285 1379 2497 1432 ἐκείνου
2551 1377 2808 1446 τοιαύτην
2855 1379 3004 1448 μάλα
3052 1378 3297 1448 σφοδρῶς
3351 1378 3640 1432 ἀπεσείετο

2068 1473 2289 1542 πρᾶξιν.
2316 1469 2596 1540 Πατρικῆς
2621 1469 2729 1540 γάρ
2749 1469 2934 1522 εἵνεκα
2963 1469 3197 1540 στοργῆς
3229 1468 3324 1520 καὶ
3356 1470 3518 1537 τιμῆς
3545 1469 3640 1520 καὶ

2065 1565 2168 1632 ὅση
2198 1562 2394 1632 ἀνήκει
2423 1560 2591 1623 αίδὼς
2628 1560 2838 1622 πάντας
2867 1561 3016 1624 υἱοὺς
3043 1559 3480 1630 ὑπερϐέϐληκεν,
3508 1561 3639 1611 ὁπό-

2069 1673 2152 1710 σοι
2181 1655 2460 1726 πατράσιν
2497 1655 2829 1724 ἀρέσκοντες
2857 1654 3068 1720 ἔδοξαν.

2137 1746 2212 1802 Z'.
2263 1747 2421 1801 Ἀλλὰ
2466 1747 2661 1814 τὰμὲν
2695 1747 2822 1816 περὶ
2847 1747 2939 1800 τὸν
2993 1747 3216 1817 βασιλέα
3266 1745 3488 1818 Μιχαὴλ
3544 1745 3639 1798 τὴν

389 1830 476 1883 cui
527 1831 642 1884 viro
695 1839 888 1884 natura
943 1831 1054 1900 ipsa
1106 1829 1336 1884 dederat
1398 1831 1635 1900 speciem
1695 1831 1964 1896 decoram,

2075 1839 2438 1910 Παλαιολόγον
2473 1841 2532 1902 ἐς
2561 1807 2806 1892 τοιοῦτο-ν
2837 1807 3150 1910 κατήντησε
3186 1807 3380 1910 πέραξί
3423 1807 3532 1892 ἐῐίν
3581 1836 3642 1890 δὲ

389 1936 493 1974 nec
523 1937 632 1976 non
669 1923 994 1993 gravitatem
1027 1922 1344 1992 quamdam,
1373 1931 1428 1974 et
1467 1921 1686 1991 dignam
1728 1919 1973 1992 princip‘e

391 2013 752 2082 maiestatem.
791 2013 870 2068 Eo
907 2023 1216 2069 accesserat
1268 2013 1436 2067 robur
1489 2013 1760 2083 corporis,
1781 2022 1837 2067 et
1891 2015 1970 2068 rei

393 2105 647 2160 militaris
706 2107 900 2175 petilia
965 2107 1128 2178 longe
1159 2115 1405 2176 tempore
1430 2105 1656 2160 collecta
1697 2114 1753 2160 et
1800 2105 1972 2160 multo

393 2213 494 2252 usu
531 2198 844 2252 exercitata.
893 2199 1028 2254 Cum
1087 2206 1270 2252 autem
1319 2207 1374 2251 ct
1422 2196 1712 2266 prudentia
1762 2204 1817 2248 et
1857 2193 1970 2248 elo-

390 2291 610 2359 quentia
635 2290 862 2354 valeret,
886 2289 936 2342 in
973 2290 1134 2344 rebus
1162 2290 1414 2360 gerendis
1437 2287 1608 2342 multo
1640 2287 1740 2341 fuit
1769 2291 1966 2341 acrior.

389 2382 444 2436 lu
503 2381 716 2451 imperii
769 2380 1038 2451 principio
1094 2379 1632 2436 mnnilicentissimus
1667 2388 1750 2432 est
1795 2379 1966 2438 visus,

392 2485 452 2526 ut
502 2473 849 2526 subditorum
886 2472 1098 2527 animos
1144 2473 1401 2526 nimirum
1467 2471 1570 2526 sibi
1624 2467 1964 2524 conciliaret.

385 2564 838 2620 ~l)eindemodnm
884 2565 1200 2635 sumptibus
1241 2563 1510 2627 adhibuit,
1535 2578 1657 2617 cum
1699 2561 1836 2616 bella
1869 2576 1970 2614 un-

388 2659 678 2728 decnnque
757 2656 1126 2719 exsisterent,
1181 2671 1302 2726 qua:
1360 2655 1648 2710 diuturnos
1699 2652 1858 2725 154
1915 2662 1970 2708 et

305 2760 320 2776 ·
393 2763 619 2817 magnus
649 2757 902 2816 sumptus
952 2747 1280 2816 eosdemque
1331 2746 1672 2801 necessarios
1703 2756 1760 2800 ct
1798 2746 1968 2800 inevi-

393 2840 588 2893 tabiles
624 2839 995 2908 postulabant.
1041 2839 1154 2894 Nec
1197 2841 1416 2903 desunt,
1445 2839 1536 2906 qui
1591 2853 1717 2892 cunt
1769 2839 1967 2892 alllicto

394 2931 580 2984 animo
651 2941 708 2986 et
783 2941 1048 3000 perpetuo
1125 2932 1339 2986 turbata
1401 2931 1736 2984 conscientia
1800 2930 1966 2985 fuisse

392 3023 576 3078 dicant
631 3023 702 3078 ob
763 3022 1079 3078 innovatum
1141 3023 1336 3092 dogma
1363 3022 1484 3087 ;cui
1520 3022 1609 3076 ille
1647 3021 1817 3091 culpa:
1845 3023 1967 3076 ideo

391 3115 776 3177 surcubuerat,
809 3123 866 3168 ut
903 3113 1189 3183 imperium
1217 3113 1286 3167 ad
1322 3113 1522 3168 liberos
1545 3127 1674 3168 suos
1696 3128 1961 3183 propaga-

393 3217 497 3271 ret,
525 3222 552 3260 a
579 3205 779 3275 quibus
810 3205 864 3260 id
897 3203 1115 3260 scilicet
1155 3202 1378 3259 honoris
1412 3203 1462 3257 ei
1503 3212 1562 3258 ut
1587 3219 1687 3274 par
1711 3213 1830 3258 erat
1867 3205 1965 3259 ha-

392 3296 564 3350 hilum
599 3305 712 3360 est,
769 3303 828 3350 ut
879 3309 949 3349 ne
1003 3295 1351 3364 imperatoria
1413 3295 1633 3363 quidem
1685 3295 1965 3365 sepultura

390 3397 703 3448 ornaretur,
731 3385 987 3442 Ecclesia:
1019 3385 1332 3442 sanctiones
1363 3375 1550 3457 patriae
1591 3385 1778 3456 pietati
1809 3385 1967 3456 longe

391 3477 822 3545 prarl‘crcntibns.

1565 3676 1589 3702 ο

460 3756 600 3813 Vlll.
625 3757 741 3814 Mea
768 3773 900 3814 vero
925 3758 1197 3816 sententia
1248 3759 1298 3814 is
1347 3759 1646 3830 prudenter
1667 3759 1970 3831 sapienter-

391 3867 498 3920 que
523 3851 686 3907 rebus
737 3852 852 3907 suis
908 3852 1182 3918 consulet,
1240 3853 1336 3922 qui
1385 3852 1468 3907 sui
1503 3853 1672 3924 ipsius
1709 3852 1967 3924 primum,

391 3943 593 3998 deinde
624 3943 921 3998 liberorum
953 3945 1116 3999 etiam
1167 3955 1224 4000 et
1265 3955 1622 4016 cognatorum
1658 3959 1826 4000 causa
1863 3945 1972 4000 ele-

391 4036 533 4104 gerit
569 4051 632 4089 ea
673 4051 794 4106 quae
815 4036 1018 4106 Optima
1037 4046 1187 4092 sunt.
1213 4037 1318 4103 Qui
1347 4053 1476 4092 vero
1518 4037 1740 4093 inanem
1779 4039 1968 4094 mundi

390 4127 614 4196 gloriam
640 4128 802 4183 unice
849 4137 1175 4198 aucupatur,
1219 4139 1273 4182 ct
1299 4130 1482 4183 rerum
1519 4129 1870 4196 pra'senlium
1904 4145 1970 4186 ac

391 4219 664 4272 tluxarnm
697 4234 990 4288 prosperos
1016 4235 1329 4287 successus,
1354 4222 1554 4291 quibus
1589 4222 1770 4278 anima
1803 4223 1967 4278 veluti

390 4311 744 4381 demergitur,
771 4311 928 4366 aride
947 4312 1135 4375 inhiat.
1159 4313 1550 4382 iucundissima
1569 4315 1789 4386 optimis
1817 4327 1971 4372 ante-

391 4416 623 4471 ponens,
642 4405 758 4459 sire
784 4405 839 4458 id
865 4421 962 4460 sua
991 4407 1105 4461 sive
1146 4417 1501 4476 cognatorum
1541 4423 1764 4464 suorum
1799 4424 1968 4464 causa

2071 1938 2100 1990 ό
2127 1933 2268 2005 ἀνὴρ
2307 1933 2411 2004 τήν
2441 1949 2502 1986 τε
2528 1930 2652 2000 δψιν
2679 1933 2932 2002 εὐπρεπῆ
2961 1932 3300 2002 κεκτημένος
3329 1934 3392 1984 ὲκ
3421 1929 3639 1999 φύσεως

2075 2023 2214 2094 μετά
2237 2039 2383 2086 τινος
2409 2019 2730 2091 ἐμϐριθείας
2756 2023 2852 2076 καὶ
2885 2023 3219 2092 ἡγεμονικοῦ
3271 2021 3640 2092 παραστήμα-

2069 2133 2184 2183 τος,
2225 2113 2418 2186 ρὡην
2441 2128 2502 2165 τε
2525 2109 2662 2181 ἔχων
2691 2109 2944 2182 σώματος
2966 2113 3062 2166 καὶ
3093 2115 3288 2182 πεῖραν
3327 2111 3506 2182 ἔργων
3540 2125 3640 2162 πο-

2071 2209 2316 2280 λεμικῶν
2337 2207 2427 2261 διὰ
2462 2207 2676 2262 πολλῶν
2721 2206 2830 2260 τῶν
2884 2205 3094 2276 χρόνων
3127 2202 3642 2274 συγγυμνασθεῖσαν

2072 2301 2169 2356 καὶ
2201 2299 2763 2372 άσκηθεῖσανάὐτῷ·
2807 2299 2903 2353 καὶ
2950 2297 3124 2360 δεινὸς
3157 2295 3240 2350 ῶν
3294 2295 3496 2362 γνῶναι
3543 2295 3640 2348 καὶ

2070 2396 2243 2450 εἰπεῖν
2265 2395 2332 2448 τὰ
2361 2395 2570 2460 δέοντα,
2605 2392 2863 2462 ὀξύτερός
2888 2385 2958 2462 ἧν
2985 2391 3044 2443 ἐν
3075 2391 3196 2452 ταῖς
3229 2387 3484 2460 πράξεσι.
3519 2387 3639 2466 Με-

2070 2486 2513 2556 γαλοδωρότατος
2569 2485 2614 2539 δ’
2672 2487 2730 2548 ἐς
2773 2483 2844 2536 τά
2904 2481 3143 2553 μάλιστα
3197 2480 3376 2544 ἔδοξεν
3413 2481 3474 2533 ἐν
3522 2479 3638 2540 τοῖς

2066 2576 2378 2648 προοιμίοις
2401 2577 2500 2646 τῆς
2533 2576 2840 2646 βασιλείας,
2873 2575 2959 2628 ἵνα
2991 2576 3112 2637 ταῖς
3180 2573 3417 2636 εὐνοίαις
3477 2565 3638 2640 οἶμαι

2069 2669 2419 2741 οίκειώσηται
2440 2670 2500 2722 τὸ
2531 2669 2773 2740 ὑπήκοον
2799 2683 2814 2700 ·
2847 2667 3039 2720 ἔπειτα
3071 2666 3207 2737 πρὸς
3230 2666 3293 2718 τὸ
3342 2663 3642 2734 μετριώτε-

2072 2779 2166 2833 ρον
2189 2761 2523 2832 ὑπεχάλασε,
2560 2761 2673 2813 τῶν
2703 2757 3048 2829 πανταχόθεν
3091 2755 3483 2825 ὑποφυομένων
3533 2771 3637 2806 πο·

2070 2854 2249 2923 λέμων
2277 2853 2498 2924 μακρᾶς
2543 2854 2640 2907 καὶ
2670 2851 2984 2915 πολυτελεῖς
3031 2851 3128 2914 τὰς
3180 2849 3292 2902 τῶν
3337 2841 3638 2935 χρημῖάτων

2068 2949 2314 3012 δαπάνας
2355 2947 2737 3002 ἀπαιτούντων
2767 2945 2910 3016 μετά
2937 2961 3083 3008 τινος
3108 2944 3358 3013 ἀνάγκης
3396 2943 3642 3008 ἀπαραι-

2069 3035 2258 3108 τήτου.
2296 3029 2420 3105 Εἶχε
2447 3035 2505 3090 δὲ
2548 3035 2665 3102 καὶ,
2729 3033 2806 3098 ῶς
2861 3051 3008 3096 τινες
3052 3033 3287 3098 ἔφασαν,
3345 3030 3642 3100 συντριόήν

2069 3143 2193 3180 τινα
2222 3126 2502 3198 λογισμῶν
2533 3125 2831 3181 κεντοῦσαν
2855 3123 3027 3179 ἀεὶτὸ
3065 3123 3304 3188 συνειδὸς
3337 3122 3436 3193 τῆς
3458 3120 3640 3192 ψυχῆς

2065 3219 2156 3272 διὰ
2187 3219 2288 3290 τὴν
2319 3219 2678 3290 καινοτομίαν
2711 3219 2806 3272 τοῦ
2841 3217 3135 3288 δόγματος,
3160 3215 3240 3280 είς
3270 3215 3338 3285 ἢν
3374 3215 3514 3284 ὑπὲρ
3537 3212 3639 3280 τῆς

2067 3313 2126 3374 ἐς
2154 3312 2284 3375 τοὺς
2315 3309 2512 3374 παῖδας
2539 3311 2792 3382 διαδοχῆς
2814 3311 2914 3380 τῆς
2939 3308 3218 3380 βασιλείας
3247 3308 3440 3362 ἑαυτὸν
3471 3308 3644 3376 κατή-

2065 3419 2262 3472 νεγκεν
2291 3420 2306 3435 ·
2338 3403 2433 3472 ἀφ’
2469 3396 2568 3469 ὧν,
2593 3404 2669 3467 ὡς
2695 3405 2757 3456 τὸ
2781 3402 2950 3470 εἰκὸς,
2991 3402 3154 3464 αὐτὸς
3201 3399 3456 3455 ἀπώνατο
3503 3399 3640 3469 μηδὲ

2067 3497 2246 3567 ταφῆς
2284 3495 2597 3550 τελευταῖον
2634 3493 2936 3562 ἀξιωθῆναι
2996 3491 3306 3563 βασιλικῆς,
3358 3492 3484 3551 τοὺς
3535 3489 3642 3556 τῆς

2079 3588 2411 3656 Ἐκκλησίας
2449 3585 2687 3657 Θεσμοὺς
2714 3587 2816 3655 τῆς
2847 3585 3122 3657 πατρικῆς
3169 3585 3404 3655 στοργῆς
3455 3582 3638 3652 πολλῷ

2067 3678 2480 3750 προτιμώντων.

2141 3773 2224 3826 H'.
2262 3769 2487 3840 Ἐμοιγ’
2515 3767 2610 3824 οὖν
2633 3769 2841 3833 ἐκεῖνος
2863 3769 2930 3823 ἂν
2969 3769 3056 3839 εἴη
3085 3769 3248 3840 σοφὸς
3297 3771 3391 3824 καὶ
3447 3769 3637 3838 φρόνι-

2070 3881 2170 3934 μος
2199 3865 2505 3932 οἰκονόμος,
2541 3864 2690 3926 ὅστις
2725 3863 2925 3916 ἑαυτου
2964 3877 3029 3931 γε
3078 3861 3265 3914 εἵνεκα
3299 3861 3517 3933 πρῶτον
3548 3863 3639 3915 ai-

2072 3958 2217 4025 ροίτο
2254 3953 2323 4009 τά
2347 3953 2626 4026 βέλτιστα,
2658 3953 2850 4008 ἔπειτα
2883 3953 2992 4007 τῶν
3018 3954 3182 4008 υίέων
3213 3954 3308 4007 καὶ
3331 3955 3481 4010 ὅστις
3511 3955 3637 4008 καθ’

2067 4044 2205 4119 αἷμα
2259 4048 2546 4120 προσήκει.
2605 4046 2799 4111 Ὅστις
2851 4046 2896 4100 δ’
2943 4045 3248 4118 ὁλοσχερῶς
3313 4049 3368 4110 ἐς
3413 4050 3510 4116 τὴν
3537 4049 3634 4100 τοῦ

2071 4141 2188 4210 βίου
2217 4140 2661 4210 φλεγμαίνουσαν
2691 4139 2889 4208 κέχηνε
2925 4139 3085 4204 δόξαν
3119 4141 3210 4191 καὶ
3237 4140 3338 4200 τὰς
3379 4140 3478 4210 τὴν
3532 4139 3638 4208 ψυ-

2069 4231 2171 4302 χὴν
2199 4231 2599 4296 ὲπικλυζούσας
2629 4231 2877 4301 εὐτυχεῖς
2907 4231 3018 4286 τῶν
3054 4233 3340 4303 παρόντων
3369 4236 3464 4286 καὶ
3500 4233 3632 4285 λυο-

2071 4327 2250 4395 μένων
2295 4307 2652 4394 περιπετείας
2704 4328 2800 4377 καὶ
2829 4327 3119 4398 προτιμῴη
3163 4327 3232 4380 τὰ
3283 4326 3473 4397 ἥδιστα
3525 4325 3636 4380 τῶν

2071 4418 2390 4490 βελτίστων,
2432 4418 2534 4471 εἴθ’
2577 4419 2774 4472 ἑαυτοῦ
2811 4421 3001 4488 χάριν,
3063 4419 3164 4473 εἴθ’
3194 4421 3344 4482 ὅστις
3402 4421 3636 4490 αἵματος

390 4495 576 4558 faciat,
612 4496 656 4550 is
699 4498 828 4552 mihi
878 4506 930 4551 cl
963 4498 1032 4552 ob
1063 4500 1360 4554 amentiam
1412 4499 1597 4566 miser,
1622 4510 1678 4556 et
1701 4500 1772 4556 ob
1800 4501 1964 4557 inane

2071 4510 2270 4578 γείτων
2293 4509 2466 4579 αὐτῷ.
2489 4509 2671 4573 ἄθλιος
2709 4503 2867 4572 οὗτος
2917 4512 3042 4580 ἐμοὶ
3098 4509 3201 4579 τῆς
3231 4512 3492 4573 ἀπονοίας
3536 4515 3636 4564 καὶ

389 4593 627 4647 studium
657 4610 831 4649 vanus
876 4596 1114 4650 videtur.
1161 4597 1376 4650 btenim
1404 4606 1776 4667 praeterquam
1813 4599 1960 4670 quod

2071 4601 2300 4669 μάταιος
2321 4600 2423 4670 τῆς
2444 4602 2702 4671 ἀνονήτου
2740 4601 2976 4672 σπουδῆς
3011 4616 3025 4631 °
3070 4601 3154 4655 ὅτι
3207 4603 3342 4671 πρὸς
3389 4603 3468 4674 τῷ
3537 4605 3636 4656 καὶ

391 4673 562 4740 [lcum
585 4704 697 4740 suae
729 4689 996 4743 voluntati
1033 4688 1254 4758 suisque
1289 4689 1531 4743 consiliis
1569 4691 1956 4745 adversantem

2071 4693 2196 4746 Θεὸν
2243 4681 2792 4764 ἀντιστρατευόμενον
2843 4695 2989 4763 ἔχειν
3027 4697 3096 4766 τῇ
3152 4699 3348 4768 γνωμῃ
3377 4673 3470 4749 καὶ
3520 4693 3636 4758 τοὶς

391 4778 582 4843 habet,
605 4779 770 4833 etiam
799 4782 947 4850 ipsos
973 4794 1154 4854 rerum
1183 4780 1360 4835 exitus
1399 4781 1534 4837 alios
1561 4784 1722 4852 plane
1743 4786 1958 4854 expeti-

2071 4784 2428 4856 βουλεύμασιν
2455 4786 2556 4856 ῆδη
2588 4789 2684 4844 καὶ
2701 4786 2963 4840 τάναντία
2996 4787 3293 4859 προφανῶς
3339 4788 3448 4840 τῶν
3485 4789 3637 4840 Emi-

391 4881 483 4922 tur
517 4885 679 4936 quant
709 4881 1050 4942 speraverat,
1079 4874 1213 4926 etin
1253 4883 1531 4929 extremas
1564 4875 1810 4931 niserias
1831 4895 1964 4948 pra:-

2071 4877 2166 4930 Βων
2187 4877 2433 4948 εὑρίσκει
2463 4878 2568 4948 πρὸ
2601 4879 2708 4930 τῶν
2737 4878 2936 4943 ποδῶν,
2973 4880 3070 4932 καὶ
3097 4881 3210 4941 τοῖς
3234 4881 3331 4949 τῆς
3380 4879 3636 4932 κακοδαι-

388 4962 664 5030 cipitatur.
714 4962 850 5018 Ecce
895 4963 1138 5018 cuiauis
1188 4963 1255 5018 de
1274 4979 1383 5034 quo
1437 4981 1586 5020 nunc
1629 4968 1838 5038 agitans
1865 4969 1964 5022 Mi-

2071 4969 2257 5038 μονίας
2317 4970 2566 5039 ἐσχάτοις
2631 4973 2894 5040 κρημνοῖς
2955 4972 3296 5040 περιπίπτει.
3336 4971 3465 5025 Ἰδοὺ
3519 4971 3633 5040 γάρ

389 5053 546 5105 chacl
589 5053 941 5125 Palu-elogiis,
998 5055 1083 5109 vir
1129 5057 1330 5125 alioqui
1394 5059 1634 5125 prudens
1679 5067 1735 5112 et
1763 5063 1852 5127 qui
1908 5063 1960 5113 in

2071 5060 2206 5112 καὶὸ
2235 5061 2310 5130 τῷ
2336 5060 2480 5132 λόγῳ
2513 5064 2871 5133 προκείμενος
2897 5062 3151 5132 βασιλεὺς
3183 5064 3404 5134 Μιχαὴλ
3449 5066 3476 5116 ό
3522 5064 3634 5114 Πα-

391 5137 552 5192 rcbus
573 5141 824 5208 gerendis
861 5141 1134 5194 let-tunam
1185 5142 1418 5196 amicam
1471 5159 1693 5211 prorsus
1719 5153 1772 5198 et
1804 5149 1964 5200 obsc-

2071 5153 2357 5220 λαιολέόγος,
2387 5155 2554 5208 τᾶλλα
2583 5157 2798 5219 συνετὸς
2823 5155 2920 5220 ῶν,
2945 5157 3071 5226 ὅλην
3093 5157 3166 5218 ὡς
3198 5159 3374 5209 εἰπεῖν
3394 5156 3490 5224 τὴν
3527 5156 3630 5224 τῆς

1734 5283 2056 5348 Variorum
2089 5297 2274 5351 notae.

2057 5433 2346 5489 docuimus
2395 5435 2449 5489 in
2485 5434 2724 5491 ϐιότιον.
2759 5435 2896 5488 med.
2935 5432 3115 5488 Latin.
3151 5433 3205 5488 in
3233 5451 3286 5489 v.
3323 5432 3634 5494 Emblocarc

2055 5514 2112 5557 et
2145 5507 2198 5558 in
2233 5505 2414 5560 Addit.
2479 5504 2714 5560 Tametsi
2753 5505 3001 5575 Michael
3026 5506 3093 5558 ab
3133 5505 3374 5558 Ecclesia
3413 5521 3631 5575 propter

2055 5578 2494 5630 c0mmuaionem
2527 5590 2651 5630 cum
2687 5575 2894 5628 Latinis
2919 5573 3094 5644 palam
3143 5585 3484 5644 proscriptus
3514 5573 3628 5632 non

2055 5645 2241 5716 fuerit,
2309 5648 2382 5697 uti
2443 5657 2602 5699 antea
2671 5654 2898 5716 propter
2966 5647 3298 5700 excaecatum
3349 5647 3629 5716 jttttioreut

2054 5713 2346 5769 Lascaer.
2391 5716 2616 5770 Ducam.

459 5421 570 5496 (97)
605 5420 1033 5496 lisdem_verltis
1093 5423 1369 5478 Phranzes
1425 5425 1480 5480 id
1538 5428 1716 5496 ipsum
1769 5431 1954 5486 tradit.

387 5492 752 5560 Pachytnercs
789 5493 908 5562 ejus
945 5497 1180 5547 cadaver
1213 5505 1378 5548 noctu
1436 5498 1488 5550 in
1526 5492 1726 5552 novum
1763 5517 1954 5555 tuona-

387 5567 614 5616 stet-inm
673 5564 912 5616 ricinum
972 5563 1392 5618 al'autiliarihus
1446 5567 1684 5622 delatum
1741 5571 1949 5624 scribit.

383 5633 998 5705 lisconnnun-eatorum
1043 5649 1269 5702 corpora
1304 5637 1356 5687 in
1392 5639 1534 5705 agris
1565 5639 1832 5704 insepulta
1864 5657 1950 5694 re-

386 5703 539 5764 lit'ta,
603 5715 661 5776 ut
724 5719 788 5776 ne
824 5704 984 5776 {tutor
1033 5719 1220 5768 nares,
1275 5715 1368 5758 aut
1419 5703 1716 5776 spectaculi
1753 5712 1945 5764 herror

387 5785 599 5829 tuentes
629 5774 876 5840 fwdaret,
913 5775 1110 5844 injecta
1164 5778 1330 5829 humo
1371 5774 1644 5847 contecta,
1704 5781 1948 5849 pluribus
