3984 6582
240 447 341 519 317

519 446 598 520 [Α.
641 462 689 506 c.
734 448 871 506 rasa
910 466 983 506 ω
1018 452 1175 527 1328]
1279 458 1720 521 BYZANTINAS
1759 461 1827 522 Hi

1933 463 2146 527 'ORUE
2188 468 2329 528 LIB.
2372 470 2470 532 Vl.
2551 463 2686 536 (tur.
2728 479 3009 520 manuum.
3054 461 3198 535 εει]

3375 468 3482 535 3l8

242 558 386 653 pho)
408 558 790 653 ψυχαγωγίας,
819 567 994 623 ὁπόσα
1030 568 1132 632 τὰς
1159 570 1468 639 ἀναγκαίας
1519 571 1804 641 ἐπικουφί-

1933 586 2056 631 ιιπιο
2075 577 2371 633 destitutus
2421 580 2639 648 publico
2682 580 2894 651 judicio
2921 596 3144 635 causam
3186 582 3479 651 disceptari

237 649 388 714 ζουσι
415 651 633 723 χρείας.
672 655 1015 730 Πανταχόθεν
1049 658 1144 715 οὖν
1189 661 1248 724 ἐς
1292 661 1608 733 ἀμηχανίαν
1642 680 1810 716 κατε-’

242 742 665 816 νεχθεὶςμὲξὴτει
689 747 1047 805 διαλύσασθαι
1073 752 1259 823 κρίσει
1283 752 1572 824 δημοτελεῖ
1605 754 1673 809 τὰ
1716 756 1809 824 ἑγ-

244 835 522 906 κλήματα,
558 838 651 893 ἵνα
694 840 840 895 δυοῖν
882 841 1013 907 ἴσως
1039 843 1287 915 ἐπιτύχοι
1321 844 1552 915 θατέρου
1576 861 1591 877 ·
1632 844 1664 917 ἢ
1696 846 1807 919 γὰρ

245 929 789 1002 φιλανθρωποτέρους
818 936 894 1004 ’τῇ
950 936 1225 1006 παρουσία
1254 938 1345 991 καὶ
1398 939 1464 1009 τῇ
1501 937 1809 1010 αὐτοπροσ-

1913 668 2254 738 postulabat;
2281 670 2420 726 forte
2444 680 2499 725 ut
2520 670 2751 726 duorum
2773 672 3003 726 alterum
3021 683 3480 742 consequeretur:

1913 758 2113 829 quippe
2142 770 2237 816 aut
2279 748 2491 830 jfidices
2534 762 2825 832 prresentia
2858 772 3260 832 conspectuque
3291 779 3391 817 suo
3431 751 3486 816 et

1916 850 2163 904 oratione
2195 851 2524 920 molliturus,
2551 854 2673 907 'aut
2717 853 2911 908 saltem
2952 854 3207 909 omnibus
3234 862 3485 909 ostensu-

1917 955 2014 996 rus
2040 926 2205 1011 quam
2235 942 2695 1000 immisericordes
2719 954 2774 1000 et
2802 945 2924 1000 duri
2951 946 3114 1000 iidem
3140 955 3345 1000 essent.

247 1019 375 1090 ώπῳ
422 1022 521 1095 θέᾳ
570 1024 665 1079 καὶ
692 1026 884 1100 ὁμιλίᾳ⁸
907 1029 1033 1093 τοὺς
1064 1030 1325 1095 δικαστὰς
1361 1029 1738 1102 ἐργάσασθαι·
1767 1032 1803 1103 ἢ
1841 1032 1900 1087 τό
1918 1049 1984 1104 γε
2000 1033 2274 1106 δεύτερον,
2293 1036 2595 1108 κατάδηλον
2619 1037 2791 1091 θεῖναι
2842 1039 2952 1102 τοῖς
3009 1039 3180 1093 ἅπασι
3207 1039 3269 1091 τδ
3304 1040 3486 1106 ἁσυμο

251 1115 418 1180 παθὲς
450 1118 637 1173 αὐτῶν
671 1122 765 1174 καὶ
793 1122 1135 1192 ἀμείλικτον.

317 1209 396 1265 1".
430 1208 620 1265 Ταῦτα
647 1213 902 1268 ἀκούοντι
939 1215 1017 1285 τῷ
1050 1217 1259 1287 βασιλεῖ
1286 1213 1345 1272 εὗ
1374 1218 1520 1288 ἔχειν
1546 1218 1645 1271 οὐκ
1668 1216 1813 1283 ἔδοξε

247 1306 648 1375 περιφρονητέα
667 1306 952 1361 κείσεσθαι
976 1307 1069 1361 τοῦ
1098 1308 1313 1364 λοιποῦ.
1346 1309 1818 1377 Διασκεδασθήσε-

250 1396 374 1450 σθαι
423 1395 534 1469 γὰρ
571 1394 637 1450 ἂν
688 1398 948 1452 ὑπόνοιαν
985 1399 1047 1463 ἐς
1099 1401 1227 1464 τοὺς
1256 1400 1365 1453 τῶν
1400 1401 1614 1455 πολλῶν
1669 1401 1816 1469 λογι-

248 1488 443 1557 σμοὺς,
482 1488 790 1543 ἀδικεῖσθαι
813 1489 905 1544 τὸν
958 1490 1128 1561 ἄνδρα
1154 1509 1167 1523 ο
1194 1492 1291 1546 καὶ
1343 1491 1497 1545 ἔσται
1538 1492 1679 1545 κατὰ
1708 1493 1818 1548 τῶν

245 1581 548 1636 δοκούντων
590 1583 801 1636 ἀδικεῖν
839 1584 903 1637 ἐκ
946 1582 1043 1637 τοῦ
1103 1585 1278 1655 δήμου
1312 1585 1549 1656 λοιδορία
1606 1586 1814 1656 μακρὰ,

247 1674 343 1728 νῦν
372 1674 473 1744 μὲν
508 1674 601 1726 ὑπ’
632 1673 823 1729 ὀδόντα
854 1674 1274 1748 ψιθυριζομένη,
1309 1678 1449 1746 μετὰ
1493 1676 1549 1729 δὲ
1582 1676 1817 1740 κύκλους

248 1766 398 1820 ἔστιν
431 1765 528 1828 οὓς
556 1768 820 1821 ἐνιαυτῶν
849 1769 1353 1839 ἀνακεκαλυμμένη
1398 1769 1496 1823 καὶ
1524 1769 1815 1840 ὕπαιθρος.

1981 1218 2075 1275 Ill.
2100 1222 2231 1287 Qua:
2252 1237 2376 1276 cum
2403 1222 2642 1279 audisset
2671 1223 2989 1294 imperator,
3018 1238 3127 1277 non
3160 1223 3482 1295 negligenda

1913 1309 2336 1379 essejudicavit.
2374 1310 2576 1380 Sparsa
2616 1313 2815 1382 quippe
2867 1312 3182 1383 suspicione
3239 1313 3485 1367 creditu-

1914 1414 2007 1456 ros
2034 1402 2195 1473 vulgo
2230 1402 2486 1469 iniuriam
2518 1404 2730 1459 homini
2774 1405 2889 1460 ﬁeri
2912 1447 2925 1471 ,
2977 1416 3139 1473 atque
3171 1404 3308 1459 adeo
3348 1406 3489 1458 mul-

1917 1490 1987 1547 tis
2015 1492 2279 1551 conviciis
2328 1497 2657 1563 proscissum
2698 1496 2762 1550 iri
2819 1512 2846 1549 a
2895 1498 3096 1566 p0pulo
3126 1513 3220 1551 eos
3281 1498 3373 1566 qui
3407 1497 3489 1549 in-

1916 1585 2117 1654 iuriam
2154 1586 2333 1641 facere
2363 1587 2679 1643 viderentur
2709 1607 2723 1643 :
2755 1605 2876 1658 qua:
2915 1589 3161 1644 convicia
3191 1604 3313 1643 cum
3346 1606 3491 1644 nunc

1923 1677 2367 1743 mussitarentur,
2425 1679 2630 1748 aliquot
2682 1680 2879 1735 deinde
2906 1680 3172 1734 revolutis
3227 1680 3386 1733 annis
3436 1680 3490 1733 in

1923 1779 2167 1838 apertam
2201 1771 2379 1825 lucem
2413 1783 2675 1841 eruptura
2704 1782 2908 1828 essent.
2954 1771 3118 1827 Multa
3152 1772 3297 1827 enim
3326 1772 3492 1825 malc-

251 1854 454 1910 Πολλαὶ
494 1857 605 1930 γὰρ
634 1859 919 1928 λοιδορίαι,
962 1860 1133 1915 πολλὰ
1159 1861 1216 1915 δὲ
1245 1862 1338 1914 καὶ
1364 1861 1619 1933 ἐγκώμια
1664 1854 1822 1933 περι-

1933 1864 2090 1926 dicta,
2122 1864 2320 1920 multas
2357 1866 2521 1919 etiam
2571 1866 2915 1920 laudationes
2957 1876 3156 1943 praeter
3183 1866 3491 1933 :rquitatem

249 1949 505 2019 τρέχουσι
543 1950 638 2003 τὸν
668 1951 841 2005 αἰῶνα
876 1953 953 2023 μὴ
983 1953 1125 2008 πάνυ
1151 1954 1249 2007 σὺν
1276 1954 1401 2026 δίκῃ
1425 1971 1438 1985 ·
1475 1959 1683 2009 ἐκεῖναι
1718 1956 1817 2026 μὲν

256 2040 377 2094 καθ’
406 2033 485 2095 ὦν
512 2041 615 2096 οὐκ
642 2042 931 2111 ἠδίκησαν,
963 2046 1136 2099 ταῦτα
1161 2046 1217 2099 δὲ
1249 2047 1370 2101 καθ’
1399 2041 1474 2102 ὧν
1495 2049 1647 2102 οὐδὲν
1669 2048 1820 2112 ἄξιον

264 2131 667 2204 ὶπεπράχεσαν.
701 2135 823 2187 Δεῖν
863 2131 958 2188 οὖν
986 2136 1248 2207 ἐνομίσθη
1285 2138 1494 2201 πάντας
1535 2138 1822 2209 συνηθροι-

268 2223 372 2277 κότι
413 2226 546 2295 περὶ
597 2224 667 2278 τὰ
699 2223 968 2295 βασίλεια⁹
993 2212 1117 2281 ἶσοι
1155 2244 1216 2280 τε
1256 2228 1361 2282 τῶν
1392 2229 1698 2301 ἀρχιερέων
1726 2229 1821 2282 καὶ

264 2315 370 2368 ὅσοι
389 2314 487 2369 τοῦ
509 2315 735 2386 κλήρου,
761 2320 876 2371 ὅσοι
907 2336 967 2371 τε
987 2319 1085 2389 τῆς
1116 2320 1422 2391 συγκλήτου
1455 2324 1549 2375 καὶ
1573 2322 1689 2374 ὅσοι
1712 2321 1823 2375 τῶν

259 2407 579 2478 ἐλλογίμων,
608 2410 668 2463 ιν
695 2410 895 2482 τοσῷδε
919 2410 1133 2483 θεάτρῳ
1164 2414 1440 2484 περιφανῆ
1480 2415 1578 2482 τὴν
1607 2414 1822 2466 ἐκείνου

258 2501 594 2573 ποιήσασθαι
617 2503 819 2574 κρίσιν.
839 2497 917 2559 OB
939 2505 1234 2577 γενομένου
1255 2506 1368 2575 (50)
1391 2506 1593 2560 καὶτοῦ
1611 2506 1822 2560 Βέκκου

259 2595 548 2663 παριόντος
574 2595 655 2658 είς
683 2594 883 2665 μίσους
913 2598 1006 2650 καὶ
1040 2596 1217 2652 πάντα
1246 2599 1312 2669 τῇ
1340 2598 1567 2670 γενναίᾳ
1594 2596 1822 2669 παλάμῃ

257 2682 354 2753 τῆς
389 2684 642 2757 γλώττης
676 2687 925 2758 σφοδρῶς
960 2689 1350 2758 συγκυκῶντος
1390 2691 1485 2744 καὶ
1507 2689 1827 2757 ἁναξαίνον-

256 2792 371 2859 τος,
396 2775 572 2833 ὁπόσα
619 2776 671 2830 οί
717 2778 990 2848 τάσφαλὲς
1024 2780 1380 2850 περιέποντες
1418 2780 1599 2850 δόγμα
1628 2781 1828 2849 ἐπέφε-

258 2886 372 2941 ρον,
400 2871 452 2924 εί
479 2870 557 2941 μὴ
583 2859 884 2942 Γρηγόριος
909 2874 938 2926 ό
963 2875 1311 2944 πατριάρχης
1344 2874 1439 2928 καὶ
1467 2873 1772 2939 Μουζάλων
1799 2875 1827 2927 ὁ

263 2963 437 3031 μέγας
484 2962 777 3035 λογοθέτῃς
818 2966 1011 3033 σοφίας
1038 2965 1326 3037 περιουσίᾳ
1356 2967 1452 3020 κα)⁸
1485 2966 1716 3035 Γραφῶν
1747 2967 1827 3019 ἱε-

263 3053 374 3125 ρῶν
402 3054 658 3123 ἔκλογαῖς
683 3058 930 3127 ἀντεῖχον
957 3059 1052 3111 καὶ
1078 3054 1171 3110 τὸν
1202 3055 1435 3128 σφοδρὸν
1463 3057 1672 3110 ἐκεῖνον
1703 3071 1823 3126 χει-

258 3146 413 3216 μιῖινα
439 3148 542 3218 τῆς
586 3147 934 3218 παλαμναίας
967 3146 1185 3218 ἐκείνης
1204 3146 1530 3204 ιὰνέστελλον
1558 3144 1824 3217 γλώττης,

1921 1971 2019 2028 per
2056 1971 2216 2012 Omne
2242 1973 2416 2012 :evum
2460 1957 2821 2023 circumferri,
2863 1957 2952 2011 illa
3005 1956 3060 2010 in
3111 1973 3205 2011 eos
3232 1957 3324 2024 qui
3359 1954 3494 2009 nihil

1922 2049 2045 2102 mali
2097 2049 2520 2107 commiserint.
2582 2049 2680 2103 has
2732 2050 2787 2103 in
2836 2065 2933 2104 eos
2977 2050 3069 2117 qui
3145 2050 3282 2103 nihil
3339 2048 3496 2101 laude

1921 2140 2144 2209 dignum
2175 2141 2462 2212 gesserint.
2493 2139 2684 2195 Visum
2738 2150 2823 2196 est
2872 2143 3038 2212 igitur
3079 2151 3334 2210 oportere
3368 2155 3498 2193 ron-

1922 2229 2126 2286 vocatis
2155 2231 2210 2284 in
2245 2232 2447 2300 regiam
2495 2231 2767 2285 universis
2820 2232 3197 2301 pontificibus,
3248 2230 3490 2285 clericis.

1922 2324 2268 2378 senatoribus
2296 2324 2455 2394 170
2485 2334 2541 2379 et
2592 2324 2726 2378 viris
2757 2323 2934 2378 doctis
2983 2323 3194 2376 illustre
3232 2322 3284 2374 in
3342 2328 3498 2373 tanto

1925 2416 2136 2470 theatro
2162 2415 2272 2469 lieri
2297 2418 2364 2470 de
2392 2415 2483 2470 illo
2510 2415 2798 2484 judicium.
2822 2410 2942 2480 Quo
2979 2414 3124 2468 facto
3144 2426 3265 2467 cum
3291 2409 3499 2464 Veerus

1925 2506 1978 2561 in
2013 2504 2249 2561 medium
2279 2507 2592 2577 prodiisset,
2647 2500 2812 2577 atque
2862 2506 3045 2561 omnia
3085 2502 3412 2573 eloquentim
3448 2501 3496 2554 vi

1924 2600 2282 2655 confunderet
2308 2616 2370 2654 ac
2398 2599 2678 2665 refutaret,
2707 2615 2826 2668 qnze
2854 2599 2969 2653 sani
2999 2597 3270 2668 dogmatis
3291 2594 3496 2649 defen-

1925 2708 2078 2748 sores
2133 2692 2491 2760 objiciebant,
2547 2693 2782 2746 fortasse
2829 2691 3171 2745 mendacium
3213 2689 3498 2742 veritatem

1926 2783 2168 2846 vicisset.
2196 2797 2253 2839 et
2285 2784 2507 2838 curiosa
2542 2783 2821 2853 diligentia
2852 2783 3110 2836 virtutem
3158 2788 3496 2848 superasset,

1929 2876 2026 2929 uisi
2057 2874 2352 2945 Gregorius
2384 2875 2696 2945 patriarcha
2747 2887 2802 2928 et
2835 2874 3046 2927 Mur.an
3077 2886 3309 2939 magnus
3347 2870 3500 2937 lugov

1930 2967 2073 3021 theta
2106 2966 2374 3021 doctrinae
2425 2968 2581 3032 cepia
2633 2977 2687 3021 et
2736 2981 2906 3020 sacrae
2937 2964 3235 3033 Scriptura:
3277 2959 3497 3016 sinenti:

1932 3058 2262 3113 testimoniis
2289 3058 2338 3113 ei
2375 3059 2727 3122 restitissent,
2787 3068 2845 3112 et
2875 3059 3148 3124 ingentem
3207 3054 3351 3107 illam
3382 3051 3502 3106 cxi-

1932 3148 2083 3202 tiosa:
2112 3148 2314 3219 lingua:
2343 3157 2725 3218 tempestatem
2760 3150 3068 3204 sedassent.

255 3239 377 3311 τάχ’
430 3241 498 3297 ἂν
554 3241 616 3295 τὸ
673 3240 867 3311 ψεῦδος
912 3241 1052 3295 κατὰ
1101 3241 1200 3312 τῆς
1236 3242 1496 3312 ἀληθείας
1536 3240 1814 3311 ἐλάμϐανε
1855 3240 2060 3313 κράτος
2102 3243 2197 3295 καὶ
2233 3242 2337 3308 τῆς
2382 3242 2587 3312 ἀρετῆς
2651 3243 2684 3293 ὓ
2756 3239 3054 3310 περιεργία
3093 3240 3154 3292 τὸ
3204 3237 3366 3290 πλέον
3408 3235 3503 3285 ἐκ·-

256 3335 410 3389 τιίτο.

328 3474 516 3535 Δ’.Ἦν
545 3476 591 3530 δ’
615 3478 645 3531 δ
671 3477 973 3543 Μουζὰλων
1001 3477 1113 3548 (5|)
1139 3470 1293 3539 οὗτος
1315 3476 1393 3545 τῷ
1421 3475 1631 3546 βασιλεῖ
1651 3492 1827 3543 παρα-

2001 3470 2089 3525 IV.
2124 3469 2255 3523 Erat
2279 3479 2460 3524 autem
2501 3468 2547 3522 is
2580 3468 2794 3523 bluzalo
2824 3483 3012 3538 magna
3036 3474 3167 3521 tunc
3193 3468 3332 3536 apud
3359 3468 3507 3537 priu-

260 3571 600 3627 δυναστεύων
633 3573 755 3626 τότε
788 3575 885 3627 καὶ
916 3576 1032 3637 τοῖς
1066 3573 1367 3644 βασιλικοῖς
1408 3574 1502 3626 καὶ
1544 3572 1828 3644 δημοσίοις

266 3664 566 3733 μεσιτεύων
612 3666 900 3737 πράγμασι
931 3666 1028 3719 καὶ
1056 3665 1210 3737 παρὰ
1251 3663 1346 3718 τοῦ
1373 3663 1642 3734 βασιλέως
1676 3665 1831 3734 μεγί-

265 3775 395 3828 στην
417 3758 809 3830 καρπούμενος
829 3758 927 3828 τὴν
946 3757 1080 3811 αίδῶ
1108 3758 1197 3813 διά
1213 3746 1271 3810 ’έε
1296 3757 1488 3827 σοφίαν
1516 3760 1612 3813 καὶ
1627 3758 1698 3827 γῆ
1706 3775 1828 3828 ρας,

268 3849 485 3921 μακρὰν
530 3850 627 3904 καὶ
661 3849 915 3918 ποικίλην
962 3849 1256 3920 ἐμπειρίαν
1289 3848 1634 3920 πραγμάτων
1694 3849 1839 3919 μετὰ

266 3943 580 4013 φρονήσεως
613 3941 773 4012 ἔχων.
800 3943 881 3995 Δι’
906 3941 943 3996 ἃ
993 3941 1057 4010 δὴ
1117 3943 1217 3996 καί
1243 3942 1411 4014 τιμήν
1468 3959 1592 3996 τινα
1627 3940 1832 4008 ταύτην

266 4032 423 4102 ἐσχεν
473 4033 756 4102 ἐξαίρετον
815 4032 974 4103 μόνος
1001 4031 1114 4085 τῶν
1165 4031 1333 4087 πάλαι
1368 4031 1434 4085 τὸ
1472 4032 1658 4101 ὅμοιον
1686 4030 1833 4100 αὐτῷ

268 4121 679 4192 προειληφότων
712 4120 954 4188 ἀξίωμα,
974 4118 1299 4189 καλύπτραν
1328 4120 1513 4186 φορεῖν
1536 4119 1628 4170 ἐπὶ
1654 4135 1833 4185 κειρα-

268 4214 360 4282 λῆς
384 4212 801 4283 χρυσόκοκκίνῳ
835 4210 1257 4281 κεκαλυμμένην
1290 4209 1563 4278 ἐνδύματι,
1596 4207 1679 4279 [Ρ.
1708 4207 1833 4281 104]

269 4305 390 4359 ὅσον
404 4306 467 4358 τὺ
485 4306 600 4360 ᾶνω
623 4305 719 4357 καὶ
733 4304 871 4375 πρὸς
889 4305 955 4372 τῇ
974 4300 1241 4370 πυραμίδι
1260 4299 1372 4370 (52)
1399 4302 1496 4368 τῆς
1513 4298 1836 4366 ἐπιφανείας

271 4396 440 4468 χῦμα,
482 4399 545 4450 ὲν
596 4394 773 4465 τούτῳ
810 4394 1300 4465 παραλλάττουσαν
1341 4391 1489 4460 μόνῳ
1517 4389 1612 4442 τού
1659 4407 1839 4459 παρα-

273 4489 509 4561 πλησίαν
541 4485 683 4544 εἶναι
709 4486 964 4552 καθάπαξ
993 4487 1059 4556 τῇ
1094 4484 1205 4537 τῶν
1249 4482 1344 4537 τοῦ
1375 4480 1640 4552 βασιλείους
1680 4481 1840 4549 ἐγγό-

271 4602 397 4652 νων,
426 4585 512 4638 ὃτι
547 4582 624 4654 μὴ
674 4585 771 4637 καὶ
802 4579 900 4651 τὴν
936 4581 1089 4633 κάτω
1126 4578 1223 4631 καὶ
1265 4576 1453 4647 κοίλην
1508 4573 1837 4645 ἐπιφάνειαν

275 4673 384 4745 εἶχε
426 4656 748 4738 κυκλίσκοις
795 4669 1232 4740 πεποικιλμένην
1263 4667 1658 4740 χρυσοειδέσιν,
1701 4664 1838 4721 ἀλλὰ

276 4768 424 4820 λείαν
451 4766 675 4828 τελέως.
700 4765 815 4821 Καὶ
843 4766 935 4818 ἴνα
964 4765 1064 4816 τάν
1090 4762 1240 4833 μέσῳ
1272 4760 1660 4832 παρέλθωμεν.
1690 4760 1841 4812 ἔπει-

1904 3562 2107 3633 ~cipem
2147 3563 2498 3625 auctoritate,
2527 3570 2691 3630 atque
2732 3559 2788 3613 in
2828 3558 3199 3628 imperatoriis
3228 3566 3285 3611 et
3326 3560 3504 3628 publi-

1933 3655 2013 3709 cis
2038 3653 2270 3723 negotiis
2298 3654 2449 3707 velut
2481 3653 2684 3706 arbiter
2720 3651 3062 3715 versabatur,
3103 3660 3162 3705 et
3192 3652 3428 3705 maxime
3454 3653 3506 3705 in

1933 3739 2142 3801 honore
2163 3745 2466 3799 habebatur
2495 3743 2563 3797 ab
2596 3742 2909 3796 Andronico
2936 3742 3006 3794 oh
3062 3742 3422 3795 eruditionem
3454 3754 3508 3796 et

1933 3846 2296 3902 senectutem,
2325 3837 2486 3905 longo
2509 3851 2572 3890 ac
2607 3835 2757 3890 vario
2788 3850 2968 3888 rermu
2995 3850 3093 3888 uso
3116 3833 3511 3903 prudentiaque

1938 3930 2269 3985 instructus.
2317 3928 2528 3994 Quibus
2585 3928 2654 3983 de
2680 3928 2864 3983 causis
2922 3925 3155 3981 eximius
3200 3927 3248 3981 ei
3306 3926 3408 3981 soli
3442 3943 3508 3981 ex

1934 4017 2207 4080 munibus,
2254 4019 2348 4088 qui
2380 4019 2572 4074 eodem
2621 4033 2850 4073 munere
2893 4017 3220 4073 olim.l'nncti
3268 4016 3510 4082 fuerant,

1937 4110 2029 4166 hic
2059 4113 2229 4164 honos
2260 4122 2347 4164 est
2384 4110 2622 4172 habitus,
2648 4118 2709 4162 ut
2738 4109 3034 4179 calyptram
3067 4108 3120 4161 in
3140 4106 3316 4178 capite
3337 4117 3514 4178 gesta-

1945 4214 2033 4258 ret
2066 4219 2341 4273 purpureo
2374 4216 2650 4270 aureaque
2680 4217 2863 4270 panno
2904 4198 3319 4260 circumdatam,
3347 4215 3510 4268 supc-

1937 4299 2081 4351 riore
2114 4294 2328 4349 scilicet
2358 4304 2531 4362 parte.
2570 4307 2673 4360 qua
2714 4299 2863 4360 patet
2899 4290 3221 4360 superlicics
3248 4291 3512 4360 pyrainidi

1940 4387 2211 4456 imposita.
2245 4385 2400 4453 plane
2427 4383 2659 4437 similem
2706 4383 2754 4435 ei
2792 4397 2956 4451 quam
2993 4382 3383 4450 imperatorum
3418 4378 3517 4434 ne-

1939 4490 2094 4549 potes
2131 4485 2369 4549 gestant,
2429 4477 2535 4530 hoc
2584 4491 2692 4529 uno
2724 4486 2973 4542 excepto,
3019 4459 3303 4542 quodnon
3345 4474 3511 4526 etiam

1939 4569 2257 4624 inferiorem
2292 4577 2347 4621 ct
2378 4582 2566 4622 cavam
2618 4566 2964 4634 superﬁciem
3016 4566 3251 4619 habebat
3300 4563 3516 4618 circulis

1939 4662 2144 4716 auratis
2177 4660 2463 4725 variatam,
2497 4657 2591 4713 sed
2622 4672 2845 4725 prorsus
2875 4656 3090 4711 laevom.
3139 4654 3209 4710 Ut
3235 4663 3416 4707 autem
3452 4672 3513 4708 ca

1943 4770 2062 4824 qua:
2089 4753 2521 4808 intercesserunt
2551 4759 2962 4821 prmtereamus.
2985 4746 3190 4803 Veccus
3223 4756 3348 4817 post
3373 4748 3516 4800 mul-

277 4857 448 4927 δήπερ
482 4825 694 4910 πολλῶν
724 4854 925 4926 μεταξὺ
945 4853 1056 4907 τῶν
1079 4825 1186 4907 έιπδ
1212 4825 1461 4922 γλώττης
1489 4825 1584 4904 καὶ
1614 4850 1827 4927 γνώμης

1947 4852 2030 4898 tas
2057 4843 2453 4912 disputationes
2470 4851 2524 4896 et
2548 4856 2803 4911 magnum
2832 4841 3028 4909 linguae
3073 4838 3359 4907 strepitum
3391 4854 3515 4891 cum

280 4950 588 5019 γενομένων
614 4947 848 5002 διαύλων
879 4947 975 4999 καὶ
1003 4946 1215 5016 κρότων
1253 4944 1510 5014 οὐδεμίαν
1540 4942 1687 5014 ἑώρα
1712 4942 1847 5014 περὶ

287 5042 447 5095 αύτὺν
486 5040 780 5110 γινομένην
808 5037 1191 5107 φιλάνθρωπον
1224 5033 1455 5105 γνώμην
1494 5035 1590 5088 καὶ
1629 5051 1847 5105 προμηο

283 5133 431 5197 θείας
457 5132 751 5197 δεξίωσινὸ
794 5124 1293 5197 Βέκκος,’ἀπεῖπεν
1342 5126 1848 5199 ἁνακεκαλυμμένῃ

280 5226 346 5290 τῇ
399 5220 612 5292 γλώττῃ
650 5220 752 5291 τὴν
797 5219 1012 5273 ἕνωσιν.
1041 5217 1210 5271 Ταῦτ’
1263 5215 1373 5286 ἄρα
1418 5215 1511 5266 καὶ
1547 5213 1848 5283 ὑπερορίας

285 5303 440 5369 αὖθις
467 5307 526 5373 ἔς
559 5325 618 5360 τι
661 5306 934 5377 πολίχνιον
970 5306 1081 5359 τῶν
1115 5307 1237 5375 περὶ
1271 5304 1529 5357 Βιθυνίαν
1558 5301 1846 5371 παραλίων

295 5402 572 5470 πέμπεται
624 5400 742 5469 ἅμα
781 5402 894 5461 τοῖς
941 5399 1079 5469 ἀμφ’
1129 5396 1277 5467 αὐτῷ
1300 5413 1316 5428 ’
1352 5392 1769 5466 Μελιτηνιώτης
1798 5392 1846 5445 δ’

285 5487 424 5562 ἦσαν
454 5485 598 5548 οὗτοι
627 5492 723 5546 καὶ
742 5490 1045 5561 Μετοχίτης
1081 5489 1217 5561 (55).

1948 4938 2151 4993 nullam
2185 4951 2286 5006 pro
2314 4950 2373 4990 se
2404 4935 2737 5005 clementem,
2765 4931 2896 4987 ferri
2926 4930 3280 4993 sententiam,
3312 4929 3514 4984 nullam

1947 5045 2169 5084 suorum
2211 5028 2618 5082 commodorum
2662 5025 2815 5095 171
2867 5023 3136 5078 rationem
3172 5021 3356 5076 baberi
3395 5035 3516 5075 cer-

1948 5127 2127 5179 neret,
2165 5116 2426 5170 unionem
2458 5123 2647 5184 aperte
2677 5113 3005 5182 repudiavit.
3056 5112 3400 5182 Quapropter
3424 5111 3520 5164 de-

1952 5223 2061 5261 nuo
2095 5207 2147 5258 in
2179 5206 2431 5259 exsilium
2476 5203 2532 5258 in
2579 5203 2902 5274 oppidulum
2948 5203 3222 5273 quoddam
3257 5190 3521 5272 Bithynia:

1952 5299 2283 5352 maritimum
2310 5312 2433 5351 cum
2465 5295 2629 5351 sociis
2657 5296 2771 5351 suis
2812 5298 3075 5353 mittitur.
3104 5276 3309 5351 Erant
3335 5304 3518 5349 autem

1949 5390 1987 5445 ii
2020 5388 2386 5444 Mclitcniutes
2408 5394 2463 5440 et
2501 5386 2816 5459 Metochita.

3169 5483 3214 5509 δ

1636 5607 1960 5671 Variorum
1998 5617 2184 5671 notua.

360 5736 468 5801 (30)
516 5737 833 5807 Paehymer.
864 5736 961 5790 lib.
993 5750 1091 5791 vn.
1120 5749 1241 5801 cap.
1295 5685 1446 5807 8-19,,
1478 5734 1565 5807 575.
1616 5730 1839 5786 Ducam.

364 5807 471 5879 (ξι)
506 5804 828 5879 Ραοιιῇηιοτ.
862 5807 952 5861 lib.
979 5822 1100 5879 vui.
1125 5819 1244 5879 cap.
1267 5805 1355 5879 ξύ,
1387 5804 1735 5879 5l._l}uc_s_xo.

368 5872 472 5946 (5'!)
503 5879 563 5938 γ.
598 5872 775 5934 Gloss.
800 5882 941 5933 med.
968 5875 1181 5932 Grmcit.
1205 5877 1259 5929 in
1284 5874 1555 5949 Πυραμίς.
1611 5872 1837 5928 Dotzmc.

2026 5730 2432 5802 (55lGeorgius
2478 5724 2838 5802 llletochites.
2888 5729 3207 5802 Part-hymen
3274 5728 3374 5802 lib.
3426 5745 3522 5802 vit,

1951 5798 2069 5870 cap.
2090 5801 2179 5863 55,
2207 5801 2277 5854 de
2305 5798 2411 5865 quo
2441 5809 2495 5852 ct
2515 5802 2630 5866 ejus
2660 5801 2875 5869 scriptis
2906 5798 3071 5870 multa
3107 5798 3268 5853 Italict
3298 5800 3527 5855 Allatius

1950 5873 2004 5927 in
2032 5871 2268 5927 Diatriba
2293 5872 2357 5925 dc
2381 5870 2645 5941 Georgiis,
2679 5887 2796 5939 pag.
2828 5870 2952 5945 535.
2996 5870 3219 5923 Uccaxc.
