3984 6586
347 5877 367 5920 1.

455 381 459 390 ,
528 359 540 384 \

400 377 540 498 ὃδθὶ
615 377 724 502 ’[Α.
769 445 824 485 ιι.
860 426 994 488 6⁵191
1035 447 1101 487 λυ
1135 427 1296 506 6836]

1581 438 2001 500 NICEPIIORI
2041 427 2442 510 Gnsoom‘i

3534 396 3648 506 ab

2753 430 2885 508 [μιν.
2930 449 3207 491 Ακοιιοκιε.
3249 430 3390 506 sua]

397 562 563 617 esset,
609 567 800 608 omnes
850 562 1051 608 tessera
1092 551 1255 608 veluti
1316 567 1580 609 conversa
1617 555 1863 627 irrupere
1912 556 1965 612 in

2073 556 2365 627 τιστηρίων
2399 552 2690 644 άιξρρωγε
2742 555 2809 609 τά
2852 553 2951 625 τῆς
2978 553 3292 624 διαϐολικῆς
3327 555 3528 618 κακίας
3559 573 3652 608 νο-

399 643 678 713 religiosas
717 643 906 698 domos
941 642 1221 699 diabolicae
1263 642 1627 715 improbitatis
1657 659 1856 717 pestes.

471 733 538 790 ν.
563 732 668 788 Sed
701 749 786 788 tne
845 732 974 788 illud
1039 751 1178 806 pene
1233 735 1387 808 fugit.
1436 738 1682 794 Antehac
1727 739 1794 796 ab
1824 742 1964 797 anti-

399 825 677 895 qui-simis
720 839 892 894 usque
932 827 1272 897 temporibus
1305 837 1417 882 tum
1453 829 1575 884 aliis
1609 831 1768 886 rebus
1794 837 1968 888 almu-

400 916 564 972 dabat
591 914 850 982 Ecclesia,
899 926 1012 973 tum
1068 916 1398 985 doctoribus,
1441 917 1532 991 qui
1584 922 1749 976 variis
1779 923 1968 979 diebus

399 1007 674 1075 variisque
727 1005 780 1060 in
814 1006 946 1061 locis
980 1007 1529 1079 ConstantinOpoleos
1559 1008 1850 1079 docebant,
1879 1010 1967 1070 hic

398 1093 618 1152 Davidis
643 1097 922 1168 propheta:
954 1099 1216 1164 Psalmos,
1246 1099 1335 1156 ille
1367 1099 1514 1156 Pauli
1550 1105 1726 1175 magni
1751 1102 1969 1176 Episto-

397 1188 500 1249 las.
561 1187 699 1244 alius
758 1189 1083 1261 Evangelica
1141 1191 1437 1247 Salvator-is
1489 1207 1752 1266 prae-cpta
1807 1206 1966 1252 :tum

332 1316 336 1326 ι
400 1284 600 1354 singuli
633 1295 900 1355 quotquot
952 1287 1274 1343 sacerdotali
1307 1305 1531 1346 munere
1585 1288 1967 1362 fungebantur,

300 1387 316 1419 τ
401 1373 560 1444 185
592 1373 826 1430 vicissim
880 1375 1005 1431 inde
1031 1393 1124 1447 per
1152 1376 1342 1432 domos
1373 1388 1428 1433 et
1479 1380 1652 1436 tribus
1683 1388 1738 1436 et
1761 1383 1968 1448 curias,

398 1464 452 1518 id
487 1475 569 1520 est
624 1467 918 1536 parcecias,
974 1467 1195 1522 verbum
1252 1468 1344 1524 Dei
1394 1468 1740 1540 prmdicatum
1793 1474 1966 1529 ibant.

395 1555 641 1625 Eratque
682 1556 811 1612 illud
849 1557 1090 1612 divinum
1133 1557 1389 1630 quiddam
1447 1560 1498 1615 in
1532 1562 1638 1616 vita
1695 1560 1966 1629 humana;

399 1662 523 1702 vera
554 1648 760 1704 scilicet
807 1647 1082 1721 religionis
1141 1655 1528 1723 cognoscenda:
1589 1656 1742 1717 ratio.
1808 1669 1969 1729 atque

397 1739 466 1793 ad
497 1741 750 1795 virtutem
801 1742 885 1796 via
941 1751 1123 1809 certa;
1161 1754 1257 1799 aut
1312 1746 1491 1814 potius
1539 1748 1782 1816 quardam
1815 1752 1967 1819 quasi

398 1830 591 1902 rigatio
621 1848 688 1887 ex
713 1849 906 1904 magno
954 1835 1272 1906 cmlestique
1313 1837 1461 1893 fonte
1508 1841 1721 1896 animos
1741 1843 1968 1897 audien-

2069 649 2310 716 σήματα.

2141 739 2214 794 E'.
2262 741 2403 794 Ἀλλ’
2430 740 2615 793 ἐκεῖνο
2655 737 2854 810 μικροῦ
2887 757 2953 808 με
2987 739 3328 809 παρέδραμε.
3363 737 3643 806 Πρότερον

2073 836 2182 904 γάρ
2216 833 2274 900 ἐξ
2299 833 2674 905 ἀρχαιοτέρων
2707 831 2812 882 τῶν
2845 831 3055 900 χρόνων
3091 827 3464 901 παρειληφυῖα
3500 825 3644 894 μετὰ

2064 928 2174 980 τῶν
2194 927 2372 981 ἄλλων
2398 923 2625 997 ηὐτύχει
2659 923 2751 995 καὶ
2789 921 3123 976 διδασκάλων
3154 923 3187 990 ἡ
3233 918 3552 988 Ἐκκλησία⁶
3585 917 3642 970 οἳ

2067 1021 2209 1075 κατὰ
2237 1020 2530 1092 διαφόρους
2571 1019 2786 1092 ἡμέρας
2822 1021 2916 1072 καὶ
2961 1018 3160 1081 τόπους
3204 1019 3302 1083 τῆς
3343 1018 3644 1070 Κωνσταν-

2067 1115 2432 1178 τινουπόλεως
2482 1115 2786 1175 ἐδίδασκον,
2840 1115 2866 1166 ό
2925 1112 3026 1182 μὲν
3077 1111 3148 1165 τὰ
3201 1109 3298 1164 τοῦ
3359 1109 3645 1179 προιρὴτου

2065 1209 2234 1262 Δαόὶδ
2260 1207 2536 1280 ᾊσματα.
2568 1208 2595 1260 ό
2625 1206 2681 1260 δέ
2710 1207 2805 1269 τὰς
2843 1202 2936 1258 τοῦ
2971 1204 3211 1275 μεγάλου
3233 1201 3444 1257 Παύλου
3489 1200 3650 1253 Ἐπι-

2069 1301 2286 1364 στολὰς.
2313 1302 2398 1372 [Ρ.
2432 1297 2552 1370 “3]
2583 1301 2609 1351 ὁ
2638 1298 2695 1351 δὲ
2723 1297 2849 1362 τοὺς
2891 1297 3282 1365 εύαγγελικοὺς
3311 1294 3407 1348 τοῦ
3459 1293 3653 1360 Σωτῆ-

2070 1412 2162 1466 ρος
2199 1394 2423 1460 νόμους,
2459 1392 2548 1444 καὶ
2574 1392 2695 1444 καθ’
2724 1390 2931 1446 ἕκαστα
2972 1390 3132 1444 πάλιν
3159 1388 3272 1443 ὅσοι
3304 1388 3435 1458 περὶ
3491 1387 3650 1455 ἱερα-

2068 1487 2221 1538 τικδν
2286 1479 2428 1554 ἦσαν
2484 1482 2706 1553 ἀξίωμα
2757 1482 3136 1552 περικείμενοι
3196 1481 3341 1534 κατᾶ
3396 1477 3654 1548 διαδοχὴν

2070 1577 2280 1630 ἐκεῖθεν
2306 1571 2426 1628 κατ’
2459 1575 2644 1636 οἴκους
2676 1575 2770 1627 καὶ
2807 1573 3048 1643 πατριὰς
3088 1574 3264 1624 εἰπείν
3315 1570 3412 1624 καὶ
3449 1587 3658 1623 συναυ-

2068 1666 2190 1732 λίας
2231 1667 2341 1720 τῶν
2370 1665 2785 1735 παροικούντων
2814 1665 2902 1718 τὸν
2934 1665 3077 1718 θεῖον
3111 1663 3413 1734 ἐκήρυττον
3459 1658 3645 1729 λόγον·

2071 1761 2166 1814 καὶ
2205 1753 2274 1830 ἦν
2311 1759 2472 1814 τοῦτο
2505 1757 2650 1813 θεῖόν
2678 1776 2732 1811 τι
2760 1758 2947 1828 χρῆμα
2981 1753 3058 1828 τῷ
3087 1755 3186 1836 βίιρ
3234 1754 3328 1808 καὶ
3364 1754 3463 1821 τῆς
3493 1754 3656 1805 εὐσε-

2072 1850 2225 1916 ϐείας
2256 1853 2554 1918 ἐπίγνωσις
2586 1849 2794 1921 ἀληθὴς
2818 1850 2913 1902 καὶ
2947 1847 3087 1918 πρὸς
3117 1845 3178 1898 τδ
3217 1844 3384 1898 καλὸν
3417 1842 3606 1912 eam;
3633 1859 3651 1873 ο

398 1924 533 1979 timn
593 1925 859 1992 irrorans,
905 1927 1234 1999 eosdemque
1290 1928 1342 1984 in
1405 1931 1598 1986 melius
1661 1934 1864 2006 [lugens
1917 1947 1967 1991 et

2075 1943 2109 2015 ἢ
2145 1915 2570 2014 μᾶλλον-ῶσπερ
2601 1915 2795 2012 άρδεία
2826 1959 2906 2002 τις
2935 1915 3044 1996 ἀπὸ
3074 1937 3321 2008 μεγάλης
3367 1936 3460 1988 καὶ
3495 1935 3652 1996 θείας

397 2031 749 2086 componens.

469 2207 560 2264 Vl.
601 2209 799 2264 Verum
823 2207 1152 2280 procedente
1174 2217 1416 2281 tempore
1432 2227 1703 2268 evanuere
1735 2213 1822 2268 illa
1854 2229 1974 2269 om-

396 2297 514 2363 nia,
546 2298 697 2352 omni
733 2299 966 2353 honesto
995 2314 1143 2354 more
1172 2299 1254 2353 his
1306 2298 1643 2370 temporibus
1673 2304 1898 2371 abolito,
1921 2315 1976 2360 et

397 2387 454 2446 in
497 2389 828 2461 profundum
878 2391 1032 2459 quasi
1078 2407 1231 2446 mare
1280 2393 1552 2448 demerso.
1590 2393 1792 2450 Deh‘ne
1826 2409 1974 2467 peste

399 2481 456 2537 in
491 2483 626 2538 alias
647 2482 925 2539 ‘Ecclesias
966 2494 1243 2555 serpente,
1277 2483 1331 2538 in
1373 2493 1514 2538 terra
1549 2484 1713 2541 veluti
1735 2487 1970 2554 deserta,

399 2577 548 2632 invia
603 2587 658 2633 et
720 2578 981 2648 inaquosa
1037 2577 1205 2632 totius
1242 2577 1567 2634 Christiana:
1602 2581 1971 2638 univcrsitatis

399 2667 598 2724 anima:
629 2670 696 2724 ad
721 2670 1045 2734 hodiernum
1068 2685 1238 2740 usque
1268 2667 1411 2725 diem
1445 2682 1751 2727 versantur.
1786 2674 1971 2744 Itaque

399 2777 468 2818 eo
501 2761 808 2818 insolentia:
839 2778 926 2817 res
954 2773 1210 2833 provecta
1246 2773 1348 2825 est,
1389 2773 1446 2818 ut
1478 2764 1624 2820 oboli
1657 2765 1814 2822 unius
1848 2783 1970 2838 grao

399 2855 770 2924 tia-utrinque
819 2853 1129 2924 juramenla
1164 2852 1606 2920 borribilissima,
1639 2858 1820 2926 qualia
1870 2873 1971 2914 nec

399 2946 692 3002 scribentis
726 2947 973 3000 calamus
1011 2962 1236 3001 exarare
1268 2947 1498 3014 audeat,
1532 2948 1968 3018 interponantur.

397 3034 686 3094 Exstincta
711 3037 856 3092 enim
886 3038 1116 3122 rationis
1148 3037 1517 3108 doctrinaeque
1540 3039 1819 3094 salutifera
1851 3041 1970 3096 luce

2075 2034 2260 2104 πηγῆς
2281 2034 2380 2098 τὰς
2408 2034 2586 2104 ψυχὰς
2607 2033 2716 2086 τῶν
2737 2031 3044 2086 ἀκουόντων
3070 2027 3372 2101 ἀρδεύουσα
3399 2027 3492 2078 καὶ
3511 2027 3657 2078 ταί-

2079 2144 2178 2192 τας
2197 2129 2331 2200 πρὸς
2349 2129 2559 2195 ἀμείνω
2577 2129 2773 2182 πλάσιν
2788 2129 2879 2182 καὶ
2903 2123 3152 2180 σύνθεσιν
3175 2121 3654 2193 μεταπλάττουσα.

2187 2226 2262 2285 ς’.
2301 2218 2407 2274 Τοῦ
2440 2222 2497 2275 δὲ
2545 2220 2739 2292 χρόνου
2799 2219 3014 2288 ῥέοντος
3067 2214 3272 2286 φροῦδα
3297 2212 3365 2265 τὰ
3426 2209 3656 2264 τοιαῦτα,

2081 2305 2258 2360 πάντα
2290 2307 2550 2378 κατέστη,
2587 2308 2768 2376 πάσης
2825 2306 3000 2374 καλῆς
3061 2303 3352 2374 συνηθείας
3407 2302 3654 2368 ἀνατρα-

2082 2395 2278 2466 πείσης
2306 2397 2364 2448 ἐν
2401 2396 2611 2460 τούτοις
2632 2397 2744 2458 τοῖς
2777 2394 2987 2467 χρόνοις
3025 2396 3119 2446 καὶ
3142 2391 3330 2461 ὥσπερ
3359 2393 3415 2453 ἐς
3447 2390 3659 2441 θαλάσ-

2081 2500 2179 2556 σης
2211 2486 2518 2556 καταδύσης
2551 2486 2854 2558 πυθμένας.
2890 2487 2998 2538 Καὶ
3035 2487 3134 2552 τῆς
3165 2483 3341 2552 λύμης
3404 2479 3658 2534 ἐντεῦθεν

2079 2581 2172 2633 καὶ
2195 2580 2328 2649 πρὶς
2351 2581 2447 2642 τὰς
2477 2581 2641 2645 ἄλλας
2692 2579 3023 2648 διαδοθείσης
3066 2575 3416 2646 Ἐκκλησίας,
3458 2573 3655 2641 ὥσπερ

2075 2672 2133 2724 ἐν
2163 2674 2231 2744 γῇ
2266 2673 2458 2743 ἐρήμῳ
2523 2674 2618 2725 καὶ
2670 2672 2855 2743 ἀϐάτῳ
2903 2670 2999 2724 καὶ
3053 2669 3289 2739 ἀνύδρῳ,
3344 2671 3537 2727 παντὸς
3586 2663 3658 2717 αἱ

2075 2762 2246 2834 ψυχαὶ
2272 2763 2365 2816 τοῦ
2397 2765 2503 2816 τῶν
2536 2762 2877 2835 Χριστιανῶν
2900 2761 3220 2832 πορεύονται
3284 2756 3652 2828 πληρώματος

2077 2857 2204 2926 ἄχρι
2238 2857 2331 2908 καὶ
2367 2857 2424 2918 ἐς
2456 2857 2554 2924 τὴν
2586 2855 2843 2924 τήμερον.
2877 2855 3038 2905 Ὠστε
3095 2853 3190 2904 καὶ
3253 2854 3308 2911 ἐς
3361 2847 3655 2907 τοσούτους

2077 2947 2439 3020 ἀνερριπίσθη
2466 2949 2527 3000 τὸ
2560 2947 2794 3017 πρᾶγμα
2815 2933 3126 3013 κολοφῶνας
3153 2941 3538 3010 άτοπημάτων.
3567 2937 3653 2999 ὡς

2079 3041 2171 3094 καὶ
2197 3041 2335 3110 ύπέρ
2363 3038 2481 3103 ἐνὸς
2507 3039 2693 3092 όσολοῦ
2739 3036 3078 3108 ἑκατέρωθεν
3125 3037 3321 3106 ὅρκους
3379 3027 3651 3102 φρικωδε-

399 3130 586 3185 omnia
639 3129 1076 3194 confunduntur,
1107 3131 1388 3200 plerisque
1425 3132 1480 3185 in
1513 3132 1730 3187 brutum
1777 3145 1966 3203 stupo-

2075 3133 2302 3195 στάτους
2331 3132 2596 3200 γίνεσθαι,
2631 3130 2776 3194 οἴους
2807 3129 2917 3184 οὐδ’
2955 3130 3022 3183 ἂν
3078 3129 3326 3196 κάλαμος
3385 3139 3655 3192 γραμμα-

398 3237 514 3278 rem
566 3222 997 3293 prolabentihus,
1029 3237 1090 3278 ac
1114 3223 1332 3278 nemine
1363 3223 1676 3286 exsistente,
1718 3223 1811 3292 qui
1845 3237 1967 3292 quae

396 3315 552 3372 utilia
601 3315 746 3377 sint,
782 3324 837 3370 et
874 3330 984 3383 quo
1011 3313 1328 3370 discrimine
1362 3314 1536 3384 pietas
1571 3315 1638 3368 ab
1686 3315 1968 3385 impietate

397 3407 774 3478 dignoscatur,
807 3406 978 3476 possit
1004 3421 1070 3460 ex
1112 3420 1171 3460 se
1203 3405 1526 3475 intelligere.
1559 3404 1758 3474 Ecquis
1785 3416 1966 3460 autent

396 3499 767 3571 particulatim
801 3507 963 3567 queat
989 3512 1159 3551 versa:
1213 3495 1265 3552 in
1300 3497 1454 3566 pejus
1484 3497 1740 3552 Ecclesia:
1787 3507 1965 3552 mutae

395 3589 604 3644 tionem
637 3601 914 3648 enarrare,
957 3601 1118 3655 quam
1170 3603 1274 3641 nec
1304 3587 1612 3656 patriarcha
1642 3603 1765 3642 cmn
1806 3587 1968 3641 vellet

398 3679 695 3736 emendare
729 3678 899 3747 potuit
925 3676 949 3731 ἰ

2037 3227 2054 3244 ⁸
2072 3224 2208 3285 τέως
2241 3227 2425 3294 γραφῇ
2451 3221 2784 3293 παραδοῦναι
2812 3220 3133 3290 τολμήσειε·
3159 3220 3254 3286 τῆς
3276 3217 3382 3285 γὰρ
3413 3212 3650 3279 ζωτικῆς

2073 3311 2168 3364 τοῦ
2203 3311 2362 3378 λόγου
2398 3313 2492 3365 καὶ
2528 3313 2626 3380 τῆς
2666 3309 3012 3369 διδασκαλίας
3054 3308 3268 3367 ἀκτῖνος
3301 3298 3648 3368 σϐεσθείσης,

2074 3401 2209 3470 ὁμοῦ
2237 3402 2415 3454 πάντα
2445 3400 2638 3468 γέγονε
2660 3400 2938 3469 χρήματα,
2964 3397 3070 3449 τῶν
3102 3395 3368 3446 πλείστων
3409 3392 3486 3452 είς
3521 3387 3656 3442 aito-

2075 3492 2200 3562 γίαν
2263 3492 2717 3555 ἐκπεπτωκότων,
2761 3491 2856 3544 καὶ
2908 3489 3007 3540 οὐκ
3065 3486 3214 3547 ὄντος
3279 3482 3376 3536 τοῦ
3436 3480 3654 3534 οἴκοθεν

2071 3583 2456 3654 ἐπιγινώσκειν
2478 3583 2778 3651 δυναμένου
2809 3583 2876 3634 τὰ
2907 3584 3152 3650 χρήσιμα
3186 3579 3276 3630 καὶ
3308 3576 3414 3628 τίσι
3445 3571 3651 3641 γνωρί-

2071 3694 2238 3747 σμασι
2291 3676 2572 3745 διέστηκεν
2633 3674 2886 3736 ἀσεϐείας
2947 3673 3219 3725 εὐσέϐεια.
3281 3669 3390 3722 Καὶ
3437 3666 3516 3728 τίς
3567 3665 3639 3718 ἂν

397 3771 648 3843 δυνηθείη
669 3745 793 3824 καθ’
819 3770 1024 3824 ἕκαστα
1044 3768 1142 3836 τὴν
1169 3769 1310 3824 κατὰ
1341 3745 1537 3842 μικρόν
1559 3769 1656 3842 τῆς
1706 3769 2034 3840 Ἐκκλησίας
2105 3745 2196 3825 ἐπὶ
2229 3771 2288 3824 τὸ
2322 3773 2499 3842 χεῖρον
2558 3769 2810 3834 διεξιέναι
2869 3766 3185 3838 μεταδολήν,
3227 3763 3293 3834 ἢν
3349 3757 3588 3831 διορθοῦν
3615 3759 3652 3811 ὁ

399 3869 747 3939 πατριάρχης
778 3866 946 3920 θέλων
984 3865 1045 3918 οὐ
1079 3865 1396 3937 δεδύνηται;

469 3959 583 4018 VII.
623 3960 747 4015 Mihi
771 3973 900 4013 vero
937 3959 1124 4026 mirari
1157 3960 1332 4026 subit,
1355 3962 1501 4031 quod
1544 3977 1666 4018 cum
1701 3967 1818 4021 haec
1854 3965 1965 4023 ﬁeri

398 4061 709 4124 eporteret,
750 4052 1065 4108 incensaans
1103 4051 1334 4108 fortunae
1388 4053 1664 4111 temeritas
1711 4059 1831 4127 ejus
1886 4059 1964 4114 rci

397 4146 607 4201 exitum
645 4144 936 4199 deduxerit
987 4145 1054 4199 ad
1117 4143 1269 4198 illum
1323 4144 1497 4199 virum
1557 4149 1967 4217 tranquillitatis

399 4237 714 4293 tnouastiear
743 4238 1046 4292 alumnum.
1079 4237 1240 4308 186
1286 4236 1606 4308 Oportnisse
1660 4244 1804 4298 enim
1862 4243 1963 4300 Ec-

398 4328 622 4384 clesiam
671 4328 744 4383 ita
777 4327 1032 4393 desolari,
1072 4337 1128 4383 et
1181 4329 1326 4384 illius
1364 4331 1633 4399 primores
1683 4349 1806 4389 cum
1851 4345 1966 4392 toto

397 4418 725 4473 clericorum
756 4417 944 4472 ordine
997 4416 1202 4487 puniri,
1251 4419 1468 4488 sapiens
1499 4421 1727 4492 quisque
1767 4422 1966 4480 intelli-

2147 3965 2220 4022 Z'.
2261 3965 2412 4036 Ἐμοὶ
2440 3961 2495 4016 δέ
2526 3961 2826 4032 θαυμάζειν
2855 3959 3119 4032 περίεστι,
3159 3959 3272 4022 πῶς
3330 3957 3446 4010 δέον
3488 3953 3649 4022 γενέ-

2074 4056 2457 4120 σθαιτοιαῦτα,
2499 4055 2668 4108 ἔπειτ’
2693 4057 2751 4117 ἐς
2787 4054 2930 4107 τόνδε
2963 4053 3052 4105 τὸν
3080 4051 3179 4115 τῆς
3205 4051 3428 4120 ἡσυχίας
3457 4047 3648 4114 τρόφι-

2075 4169 2176 4222 μον
2207 4150 2373 4218 ἄνδρα
2412 4148 2677 4218 συνήλασε
2705 4147 2794 4199 τὸν
2833 4145 3078 4215 καιρὸνή
3110 4145 3207 4214 τῆς
3252 4143 3420 4212 τύχης
3443 4139 3648 4192 ἀστάθ-

2077 4263 2250 4315 μητος
2281 4241 2702 4314 περιπέτεια.Τὸ
2735 4241 2833 4310 μὲν
2859 4242 2966 4310 γὰρ
2980 4243 3173 4311 χρῆναι
3192 4239 3290 4310 τὴν
3317 4234 3644 4305 Ἐκκλησίαν

2072 4335 2243 4398 οὕτως
2276 4334 2624 4404 ἐρημωθῆναι
2685 4333 2778 4385 καὶ
2812 4333 2908 4402 τὴν
2961 4331 3116 4399 δίκην
3167 4325 3471 4398 περιελθεῖν
3514 4324 3641 4385 τοὺς

2069 4428 2273 4496 ταύτης
2307 4425 2545 4489 ἐνδόξους
2583 4424 2677 4477 καὶ
2735 4420 2828 4490 ξύν
2899 4439 2964 4490 γε
3025 4422 3231 4482 τούτοις
3290 4421 3500 4474 ἅπαντα
3543 4413 3637 4467 τοῦ

399 4509 510 4580 git;
541 4525 606 4565 ex
638 4525 747 4580 quo
797 4524 993 4579 nempe
1037 4509 1115 4563 illi
1165 4511 1540 4580 paenitentiam
1588 4528 1774 4569 eormn
1798 4515 1888 4584 qui
1931 4531 1963 4570 a

2073 4519 2275 4588 κλήρου
2301 4517 2390 4569 τὸν
2412 4517 2671 4589 όρμαθδν,
2709 4517 2904 4588 ᾔδεσαν
2937 4515 2985 4566 οί
3009 4515 3074 4565 τα
3102 4515 3400 4581 πράγματα
3431 4507 3634 4579 κρίνειν

397 4601 786 4665 communione
831 4599 1150 4654 Latinorum
1190 4603 1395 4656 reversi
1437 4613 1592 4658 erant
1638 4619 1746 4659 non
1792 4605 1966 4660 admi-

397 4693 619 4758 sissent,
674 4693 783 4747 imo
829 4707 925 4747 eos
966 4691 1217 4746 maximis
1260 4691 1480 4764 injuriis
1509 4693 1838 4761 all‘ceissent,
1871 4712 1968 4752 co-

399 4782 580 4853 laphis
617 4783 780 4837 etiam
813 4781 1060 4847 inﬂictis,
1089 4781 1318 4853 aliisque
1352 4784 1404 4838 in
1443 4785 1567 4844 illos
1594 4786 1799 4842 nefarie
1819 4803 1970 4842 com-

398 4876 584 4931 missis
613 4893 627 4941 ;
656 4891 776 4944 qua:
807 4887 861 4930 et
899 4891 1001 4931 nos
1045 4891 1208 4947 supra
1247 4877 1486 4932 breviter
1514 4881 1967 4935 commemoravi-

397 4981 543 5021 tuus.
595 4968 662 5020 At
716 4965 880 5034 hujus
915 4966 1237 5035 patriarcha:
1287 4968 1645 5037 temporibus,
1677 4971 1730 5024 in
1770 4971 1968 5041 quibus

397 5059 606 5128 optima
661 5058 775 5112 haec
825 5072 953 5128 spes
987 5057 1231 5113 omnium
1271 5059 1484 5114 animos
1521 5061 1760 5126 subibat,
1793 5064 1966 5118 oritu-

396 5165 516 5204 ram
547 5147 614 5204 de
645 5158 787 5204 terra
817 5148 1098 5204 veritatem
1125 5165 1189 5204 ac
1219 5150 1285 5206 de
1315 5151 1454 5207 cmlo
1475 5152 1764 5222 justitiam,
1783 5157 1966 5209 omnia

396 5242 529 5297 huic
555 5241 668 5310 spei
696 5241 930 5295 maxime
964 5242 1239 5297 contraria
1271 5243 1580 5311 exstitisse,
1616 5261 1678 5300 ac
1706 5256 1765 5301 ut
1798 5247 1967 5303 inuti-

398 5336 504 5390 lem
530 5373 543 5396 ,
603 5335 655 5387 in
695 5345 1070 5405 contemptum
1113 5334 1311 5391 abiisse
1349 5335 1513 5392 vitam
1571 5340 1962 5407 monasticam,

396 5429 692 5497 ipsumque
750 5428 887 5480 adeo
943 5426 1161 5482 virtutis
1214 5427 1450 5482 fructum
1483 5427 1742 5496 viluisse,
1776 5440 1965 5500 utpote

397 5522 494 5590 qui
552 5523 604 5573 in
643 5536 909 5574 smmuam
949 5519 1349 5590 improbitatem
1379 5521 1634 5576 lacillime
1667 5523 1962 5590 degenera-

394 5623 499 5677 ret,
535 5613 586 5666 id
622 5629 750 5666 vero
773 5628 932 5681 quam
965 5629 1072 5667 non
1103 5613 1519 5668 admirationem
1551 5615 1783 5669 all‘erat?
1816 5616 1963 5682 Quos

391 5719 502 5761 non
533 5705 746 5760 animos
776 5713 1152 5770 commoveat,
1207 5705 1346 5760 etsi
1407 5715 1598 5761 natura
1649 5721 1745 5762 sua
1798 5707 1958 5762 ferrei

381 5797 504 5857 .liut
533 5795 556 5849 i

2068 4611 2266 4673 εἰδότες
2288 4609 2485 4680 ὀρθῶς.
2517 4609 2610 4678 ἀφ’
2636 4604 2696 4663 οὗ
2726 4609 2823 4678 τὴν
2856 4606 3142 4676 μετάνοιαν
3167 4605 3274 4656 τῶν
3327 4603 3390 4656 ἐκ
3421 4619 3483 4672 γε
3536 4602 3636 4670 τῆς

2067 4702 2174 4755 τῶν
2203 4701 2448 4754 Λατίνων
2488 4699 2769 4762 κοινωνίας
2799 4697 3192 4751 ἐπανελθόντων
3217 4693 3275 4748 ού
3287 4712 3338 4748 τε
3381 4695 3641 4765 προσεδέ-

2070 4792 2226 4857 ξαντο
2266 4792 2442 4845 καὶτὰ
2469 4791 2698 4862 μέγιστα
2726 4790 3218 4860 προσηδικήκεσαν,
3262 4787 3548 4848 κονδύλους
3579 4801 3640 4838 τε

2068 4885 2400 4948 ἐντείναντες
2448 4884 2543 4936 καὶ
2605 4881 2774 4935 τᾶλλα
2825 4882 2935 4934 τῶν
2985 4882 3257 4951 ἀθεμίτων
3304 4881 3392 4934 ἐπ’
3447 4880 3639 4941 αὐτοὺς

2068 4976 2412 5048 πεπραχότες
2436 4992 2452 5007 ⁸
2487 4969 2561 5029 ὧν
2592 4977 2684 5029 καὶ
2707 4977 2863 5044 ἡμεῖς
2887 4975 3144 5044 ἀνωτέρω
3198 4975 3430 5044 μετρίως
3467 4973 3639 5043 ἐμνή-

2071 5067 2278 5135 σθημεν
2295 5083 2311 5102 ο
2333 5067 2393 5120 τὸ
2421 5065 2466 5120 δ’
2487 5068 2544 5120 ἐν
2570 5069 2680 5127 τοῖς
2702 5065 2854 5118 τοῦδε
2887 5064 3380 5134 πατριαρχεύοντος
3403 5064 3637 5133 χρόνοις,

2067 5159 2123 5210 ἐν
2145 5152 2226 5222 οἷς
2259 5159 2292 5228 ή
2321 5156 2428 5211 τῶν
2463 5157 2692 5211 ἐλπίδων
2723 5157 2971 5227 βελτίστη
3002 5157 3098 5218 τὰς
3126 5159 3341 5209 πάντων
3394 5153 3636 5225 περιέθει

2066 5247 2265 5317 ψυχὰς,
2298 5248 2374 5310 ὡς
2407 5248 2631 5316 ἀλήθεια
2660 5249 2724 5300 ὲκ
2747 5246 2846 5316 τῆς
2886 5247 2987 5316 γῆς
3010 5245 3259 5298 άνιτελεϊ
3307 5245 3398 5298 καὶ
3429 5245 3638 5297 δικαιο-

2069 5339 2200 5410 σύνη
2229 5342 2291 5392 ἐκ
2310 5339 2403 5392 τοῦ
2439 5339 2693 5409 ούρανοῦ,
2725 5339 2898 5392 πάντα
2931 5339 3389 5408 συμπεπωκὲναι
3443 5338 3636 5388 τάναν-

2063 5432 2299 5485 τιώτατα
2345 5432 2437 5485 καί
2483 5431 2932 5502 περιυϐρισθῆναι
2977 5431 3075 5501 μὲν
3129 5431 3203 5492 ὡς
3265 5431 3489 5500 ἀνόητον
3541 5429 3634 5482 τὸν

2065 5521 2289 5591 ἡσύχιον
2346 5521 2485 5591 βίον,
2541 5521 2992 5591 περιυϐρισθῆναι
3026 5521 3082 5572 δὲ
3138 5519 3229 5572 τὸν
3281 5521 3379 5586 τῆς
3432 5517 3636 5589 ἀρετῆς

2066 5615 2295 5684 καρπὸν,
2345 5613 2417 5675 ὼς
2472 5614 2642 5684 ῥᾷστα
2683 5615 2817 5682 πρὶς
2857 5615 2915 5666 τὸ
2957 5614 3054 5682 τῆς
3094 5613 3291 5674 κακίας
3338 5613 3640 5680 ἀκρότατον

2065 5706 2495 5768 άπαλλάττοντα,
2526 5705 2681 5757 τοῦτο
2709 5707 2764 5758 δὲ
2800 5705 2898 5758 ποῦ
2919 5708 3017 5759 οὐκ
3043 5707 3108 5758 ἂν
3125 5704 3356 5773 ἀπορίας
3385 5702 3632 5766 ἐλαύ-θοις

2067 5799 2228 5860 Τίνας
2262 5795 2306 5850 δ’
2344 5798 2442 5850 οὐκ
2486 5799 2550 5850 ἂν
2590 5801 2931 5853 κατασείσειε
2979 5797 3176 5870 ψυχὰς,
3209 5797 3299 5851 καὶ
3331 5799 3376 5850 εἰ
3436 5795 3638 5867 σιδήρῳ

2064 5891 2159 5963 τὴν
2192 5890 2351 5962 φύσιν
2379 5891 2648 5959 ἐυίκασιν;
