3954 6590
436 403 565 478 347·
688 406 745 481 [ι
805 423 862 464 ιι.
904 404 1039 466 679i
1087 420 1155 461 Αο
1189 402 1354 476 esse]

1638 406 2066 479 NICEPII'OR‘I
2108 405 2515 471 ΟΠΕΟὈΠΕ

3606 326 3623 347 ι

2835 420 2946 463 tur.
2990 420 3273 464 axnnnstc.
3310 403 3450 478 sam]
3597 407 3719 474 343..

441 520 563 577 sive
596 519 733 576 alios
756 519 1078 576 sacerdotali
1108 518 1287 575 ordini
1316 518 1589 589 aseriptos
1615 536 1630 579 ;
1664 519 1796 571 item
1829 518 1881 571 in
1908 532 2023 592 om.

2137 519 2351 571 πάντων
2375 516 2513 586 ὁμοῦ
2547 514 2811 585 βασιλέων
2845 534 2904 571 τε
2946 518 3043 571 καὶ
3088 508 3391 591 ἀρχιερέων
3441 521 3536 575 κα)⁸
3594 522 3703 575 ὅσοι

442 626 541 666 nes
572 619 686 665 tum
725 610 956 673 nobiles,
993 619 1104 664 tum
1134 607 1406 679 plebeios,
1454 623 1549 678 per
1578 623 1716 680 quos
1744 623 1851 662 non
1888 623 2021 663 con-

442 717 661 758 cessum
698 702 804 757 sibi
842 700 1479 769 fuissetzpatriarchalem
1517 699 2021 781 tltrottutirrtonnisi

443 808 572 848 cum
606 793 714 847 vita
747 793 1077 862 relinquere.
1115 790 1244 845 Eam
1273 806 1402 846 vero
1423 791 1666 846 chartam
1689 804 1809 844 cont
1829 790 2021 844 harum

446 886 602 941 testis
653 885 943 940 involutam
980 884 1035 939 in
1075 883 1267 938 rimam
1301 883 1591 953 quamdam
1635 882 1820 950 injecit
1850 882 2023 937 unius

444 992 477 1030 e
510 976 810 1044 parietibus
852 974 1011 1044 192
1041 974 1288 1030 maximi
1340 973 1552 1044 templi.
1601 972 1677 1029 lbi
1712 975 1897 1029 charta
1931 973 2021 1027 illa

447 1082 545 1138 per
569 1083 775 1122 annum
826 1067 1100 1136 integrum
1149 1067 1328 1122 latuit.
1378 1066 1584 1122 Deinde
1618 1082 1647 1121 a
1678 1060 1901 1138 pueris',
1928 1069 2020 1136 qui

445 1158 631 1213 avium
656 1159 813 1214 nidos
839 1176 937 1229 per
973 1159 1239 1214 foramina
1270 1158 1669 1229 quaeritabant,
1700 1167 1911 1230 reperta
1940 1169 2025 1214 est

447 1249 856 1320 dc'improviso
901 1252 1129 1308 cont-bis
1174 1251 1404 1307 inclusa.
1454 1250 1649 1307 Statim
1685 1263 1887 1306 sancta:
1929 1250 2026 1305 Se.-

450 1343 593 1413 phite
622 1344 772 1398 εΙιτο
804 1345 1134 1410 ostenditur;
1178 1342 1486 1398 ostenditur
1516 1344 1848 1410 imperatori.
1884 1342 2022 1398 Tum

450 1446 511 1487 re
548 1433 674 1489 inde
719 1436 773 1489 in
801 1434 960 1490 fama:
999 1436 1158 1491 tubas
1182 1446 1401 1506 recepta
1442 1436 1687 1491 omnium
1720 1451 1881 1492 aures
1912 1438 2023 1493 cir-

448 1537 778 1581 cumsonant
805 1545 819 1581 :
848 1543 1042 1583 omnes
1069 1528 1149 1583 ira
1190 1530 1578 1598 incenduntur,
1607 1548 1671 1587 ac
1699 1533 1928 1587 fortasse
1949 1533 2025 1585 ir-

448 1618 702 1686 ruptione
751 1619 892 1674 facta
942 1621 1223 1677 hominem
1277 1622 1730 1695 discerpslssent,
1763 1624 1866 1680 nisi
1897 1625 2026 1679 huic

447 1710 596 1767 malo
619 1726 916 1768 occurrens
957 1715 1259 1784 imperator
1283 1730 1475 1770 eorum
1513 1716 1774 1787 impetum
1809 1731 2027 1786 repres-

452 1813 636 1858 BlSSCl.

2124 605 2222 685 τοῦ
2252 606 2530 676 ἱερατικοῦ
2564 606 2872 675 καταλόγου
2909 607 3003 661 καὶ
3034 609 3148 662 ὅσοι
3175 608 3284 663 τῶν
3318 611 3377 662 ὲν
3423 609 3565 663 τέλει
3617 613 3707 665 καὶ

2128 700 2243 753 ὅσοι
2273 698 2369 752 τοῦ
2398 699 2596 771 δήμου,
2634 699 2717 753 ὅτι
2753 701 2827 770 μὴ
2881 700 3269 773 συνεχώρησαν
3332 703 3710 757 συναπιθεῖντιι

2127 795 2240 856 τοῖς
2277 792 2484 861 θρόνοις
2505 792 2596 846 τὸν
2633 792 2780 862 βίον·
2809 794 2870 848 δν
2896 794 2961 865 δὴ
2995 797 3089 849 καὶ
3112 796 3403 867 ὀστράκοις
3442 797 3583 849 τισὶν
3627 797 3712 849 ἑνο-
3752 796 3755 801 λ

2129 883 2348 954 ειλήσας
2373 882 2486 955 (66)
2511 884 2617 955 όπῇ
2652 901 2758 939 τινι
2811 885 2990 956 τοίχου
3017 885 3142 939 τῶν·
3182 885 3276 939 τοῦ
3312 887 3571 957 μεγίστου
3609 888 3709 941 νεὼ

2131 974 2314 1043 φέρων
2373 975 2705 1048 ἐμϐέϐληκε.
2762 978 3040 1032 Διετέλεσε
3103 978 3283 1048 μέντοι
3341 980 3710 1050 κρυπτόμενος

2128 1060 2282 1132 οὗτος
2308 1069 2337 1122 δ
2362 1069 2570 1140 χάρτης
2624 1071 2743 1125 ἐκεῖ
2769 1071 2890 1125 ὅλον
2929 1072 3194 1126 ὶνιαυτόν.
3257 1072 3493 1125 Ἔπειτα
3527 1089 3710 1142 μειρα·

2130 1163 2270 1230 πίοις
2297 1162 2408 1216 τισὶ
2445 1162 2686 1225 νεοττιὰς
2708 1164 2766 1216 ἑν
2790 1165 2905 1226 ταῖς
2953 1164 3113 1226 ὀπαῖς
3169 1163 3463 1233 ἐρευνῶσιν
3486 1162 3710 1232 ὀρνίθων

2128 1257 2290 1310 τινῶν
2317 1253 2733 1325 ἀπροσδοκήτως
2752 1253 3062 1325 εὑρίσκεται
3089 1252 3369 1323 δεδεμένος
3392 1252 3703 1321 ὀστράκων

2130 1342 2249 1401 εἶτα
2297 1344 2655 1416 ἑμφανίζεται
2683 1346 2761 1416 τῷ
2799 1345 3113 1416 κλήρῳιτῆς
3161 1337 3265 1398 τοῦ
3286 1343 3421 1398 Θεοῦ
3475 1342 3704 1413 Σοφίαςο

2130 1439 2487 1509 ἐμφανίζεται
2518 1438 2858 1509 τῷςβασιλεϊ.
2887 1437 3128 1491 Ἐκεῖθεν
3162 1437 3330 1507 οίτῆς
3363 1438 3555 1507 φήμης
3583 1438 3707 1489 timo-

2072 1596 2085 1603 ἱ
2133 1532 2388 1596 λαϐόντες
2424 1530 2673 1595 κώδωνες
2726 1531 2944 1585 πάντων
2981 1528 3307 1602 περιηχοῦσι
3358 1528 3459 1592 τὰς
3511 1528 3705 1591 ἀκοάςο

2133 1625 2269 1695 πρὸς
2294 1623 2462 1695 ὀργὴν
2493 1625 2784 1696 ὲκκᾲονται
2818 1625 3012 1682 πάντες
3035 1640 3049 1654 ο
3089 1624 3182 1675 καὶ
3233 1621 3355 1690 τάχ’
3394 1620 3461 1675 ἀν
3493 1621 3711 1673 διεσπά-

2135 1715 2303 1787 ραξαν
2340 1714 2728 1786 ἐπιδραμόντες
2754 1714 2844 1769 τὸν
2876 1715 3184 1786 ἄνθρωπον,
3228 1715 3280 1767 εἰ
3317 1714 3397 1786 μὴ
3444 1713 3653 1781 φθάσας
3683 1713 3727 1779 ό,

2136 1807 2390 1879 βασιλεὺς
2415 1806 2727 1876 ἀνεχαίτισε
2753 1808 2854 1879 τὴν
2876 1809 3075 1879 ὀρμήνε

529 1894 618 1950 Ill.
662 1895 915 1967 Magnum
957 1897 1063 1956 hoc
1106 1901 1371 1970 probrum
1415 1902 1717 1957 Athanasio
1746 1901 1885 1959 fuit:
1926 1902 2031 1957 hoc

2202 1902 2284 1957 I".
2311 1899 2510 1954 Τοῦτον
2530 1901 2695 1955 πολὺν
2757 1899 3004 1972 προσῆψε
3032 1899 3126 1955 τὸν
3171 1899 3359 1970 μῶμον
3376 1899 3710 1968 ΓΑιθανασίῳσ

455 1987 672 2059 linguas
702 2005 893 2045 eorum
923 1991 1017 2061 qui
1052 1992 1127 2046 illi
1163 1994 1644 2063 patrocinabantur
1676 1997 2023 2066 compressit.

452 2077 588 2133 Nam
619 2080 890 2149 ejusmodi
918 2098 1093 2152 ptem]!
1109 2084 1176 2137 ad
1211 2092 1471 2140 terrorem
1503 2094 1561 2140 ut
1592 2087 1887 2156 plurimum
1927 2102 2028 2141 ex-

447 2171 701 2239 cogitata:
760 2172 984 2229 fuerunt
1036 2191 1068 2231 a
1115 2178 1286 2233 sacris
1327 2178 1629 2246 ministris,
1690 2179 1845 2249 quasi
1876 2180 2027 2248 virga

457 2264 706 2329 quaedam
742 2265 1046 2320 corrcctrix
1083 2266 1135 2320 in
1165 2281 1260 2322 eos
1294 2268 1388 2336 qui
1411 2267 1595 2322 divina
1625 2283 1733 2324 non
1753 2269 1904 2325 ~salis
1945 2285 2027 2325 re-

455 2346 713 2408 ver’enter
744 2358 1027 2412 tractaturi
1057 2367 1266 2414 essent.
1288 2359 1416 2415 Ideo
1444 2360 1653 2417 scilicet
1676 2363 2029 2433 peccantibus

457 2460 675 2515 poenam
717 2448 963 2520 irrogant
1013 2452 1294 2521 sapientes
1320 2453 1552 2520 iudices,
1588 2463 1645 2509 ut
1679 2470 1776 2511 eos
1806 2456 2027 2511 incusso

456 2547 607 2593 metu
639 2555 668 2593 a
696 2544 973 2610 peccando
1011 2544 1328 2600 deterreant
1353 2563 1368 2614 ;
1390 2546 1695 2602 clanculum
1724 2557 1903 2603 autem
1933 2564 2033 2618 pro

453 2632 563 2688 illis
588 2651 781 2705 preces
807 2636 917 2693 Deo
948 2637 1208 2695 ardentes
1234 2640 1504 2707 fundunt,
1549 2656 1620 2696 ne
1670 2642 1810 2697 forte
1852 2643 1971 2697 illos
1998 2659 2028 2699 a

455 2725 567 2780 Deo
588 2736 867 2797 separatos
897 2745 1047 2786 mors
1091 2731 1373 2801 repentina
1415 2731 1672 2796 invadat,
1701 2733 2029 2804 diaboloqne

453 2826 511 2873 et
557 2817 678 2887 ejus
714 2820 927 2890 angelis
972 2822 1327 2878 transmittat.
1374 2823 1436 2879 ω
1480 2834 1611 2880 vero
1636 2825 1781 2895 quod
1810 2834 1925 2879 tum
1960 2826 2030 2881 ab

457 2907 761 2967 Athanasio
790 2911 953 2967 ﬁebat
990 2922 1107 2969 erat
1136 2930 1358 2984 prorsus
1403 2915 1528 2970 huic
1572 2916 1769 2978 rationi
1798 2926 2031 2972 contra-

454 3001 619 3056 rituu.
652 3003 835 3074 Itaque
870 3004 948 3070 id,
975 3020 1099 3060 cum
1129 3006 1365 3061 alienum
1391 3009 1567 3063 visum
1593 3018 1733 3063 esset
1760 3024 1789 3063 a
1817 3007 2032 3077 sa1:ien-

453 3092 587 3148 tium
625 3094 900 3161 instituto,
933 3096 987 3150 in
1015 3097 1309 3153 maximam
1339 3099 1819 3167 reprehensionem
1853 3101 2029 3155 virum

451 3185 701 3243 adduxit.
749 3190 825 3244 Ac
876 3189 1177 3259 imperator
1222 3191 1483 3262 quidem,
1531 3192 1694 3248 missa
1732 3193 2029 3248 Athanasio

453 3282 643 3335 charta
674 3298 839 3352 supra
864 3258 1032 3351 dicta,
1058 3258 1275 3338 causam
1310 3284 1455 3339 illius
1496 3282 1753 3340 facinoris
1777 3284 2027 3340 sciscita—
2053 3258 2097 3315 ο

453 3372 635 3440 batur,
672 3374 911 3430 humane
946 3390 1009 3429 ac
1047 3376 1281 3447 benigne
1314 3377 1434 3446 ejus
1466 3377 1827 3432 temeritatem
1874 3392 2031 3431 coar-

460 3481 637 3536 gueus
677 3467 953 3538 simulque
976 3462 1315 3538 exprobrans
1342 3468 1416 3523 illi
1443 3469 1683 3522 animum
1714 3468 2030 3523 illiberalem

453 3569 513 3613 et
543 3559 928 3615 inhumanum.
970 3561 1063 3615 Ille
1095 3577 1249 3625 vero,
1285 3561 1611 3629 pwuitentia
1636 3562 1853 3616 mollito’
1877 3563 2031 3632 inge-

460 3650 589 3712 nio,
646 3650 901 3719 pusillum
960 3652 1205 3704 animum
1259 3654 1587 3707 causabatur
1643 3669 1706 3708 ac
1756 3653 2031 3708 tristitiam

458 3754 633 3793 suam.
664 3740 1005 3811 Quacanque
1028 3752 1212 3796 autem
1242 3742 1321 3797 sic
1351 3743 1565 3809 ﬁerent,
1596 3743 1753 3819 193
1787 3760 1850 3799 ea
1880 3745 2032 3799 dice-

461 3830 555 3885 bat
587 3833 703 3901 ipso
730 3834 977 3888 veritatis
1001 3834 1210 3904 judicio
1235 3834 1388 3889 irrita
1419 3851 1563 3892 esse.
1596 3836 1819 3892 Veniam
1850 3820 2034 3905 itaque

461 3931 519 3975 et
547 3922 697 3978 dedit
728 3933 784 3979 et
814 3924 928 3979 dari
962 3926 1065 3981 sibi
1097 3925 1273 3996 petiit.
1306 3928 1481 3997 Atque
1532 3928 1604 3983 ita
1644 3929 1789 3998 quod
1837 3938 2036 3999 prtetcr

460 4018 708 4069 omnium
764 4017 1081 4085 Opinionem
1122 4017 1325 4075 factum
1370 4030 1528 4088 erat,
1563 4030 1822 4091 tanquam
1868 4038 2034 4079 scena

457 4123 520 4161 ac
547 4104 727 4159 fabula
758 4110 956 4163 evanui
1252 4118 1277 4127 ‘

531 4196 623 4252 ιν.
657 4196 785 4253 Erat
806 4209 989 4254 autem
1022 4200 1242 4272 quidam
1272 4203 1514 4257 habitum
1553 4204 1917 4261 monasticam
1945 4221 2039 4277 ge-

469 4290 620 4354 rctl'S,
654 4292 876 4346 nomine
907 4291 1165 4361 Joannes,
1204 4294 1295 4364 qui
1331 4296 1458 4350 olim
1506 4296 1666 4353 ducta
1700 4315 1869 4355 uxore
1904 4299 2038 4357 libe-

460 4396 553 4436 ros
576 4392 917 4454 susceperat,
941 4400 1113 4457 eaque
1142 4390 1341 4443 amissa
1366 4391 1637 4445 cucullum
1670 4392 1785 4460 ipse
1820 4409 2039 4465 quoque

463 4472 756 4542 induerat;
799 4478 881 4533 vir
905 4478 1018 4550 jam
1069 4488 1228 4554 θείοιο
1258 4490 1581 4561 provectus,
1605 4493 1800 4539 natura
1831 4485 1897 4541 ad
1926 4486 2038 4540 vir-

2133 1994 2229 2046 καὶ
2259 1991 2377 2062 ἅμα
2408 1992 2515 2045 τῶν
2554 1991 2697 2062 ὑπὲρ
2738 1990 2904 2043 αὑτοῦ
2954 1989 3259 2043 λαλούντων
3309 1988 3410 2051 τάς
3467 1988 3713 2056 γλώσσας

2134 2081 2440 2136 συνέστειλε
2464 2118 2485 2134 .
2509 2080 2590 2134 Τά
2616 2081 2726 2151 γάρ
2781 2079 3033 2151 ἐπιτίμια
3059 2077 3233 2165 ταῦτα
3268 2079 3504 2150 ἀπειλῆς
3559 2081 3715 2151 χάριν

2132 2178 2209 2242 ὡς
2245 2178 2315 2231 τὰ
2374 2178 2543 2232 πολλὰ
2560 2180 2677 2241 τοῖς
2731 2176 3054 2248 ίερωμένοις
3105 2178 3473 2248 ἐπινενόηται,
3527 2174 3714 2246 ὥσπερ

2132 2284 2216 2333 τις
2239 2268 2432 2340 ῥάϐδος
2452 2267 2770 2339 παιδευτικὴ
2793 2268 2935 2323 κατὰ
2954 2268 3068 2322 τῶν
3087 2270 3163 2340 μὴ
3186 2268 3400 2339 σεμνῶς
3415 2270 3527 2331 τοῖς
3552 2267 3713 2331 θείοις

2132 2361 2451 2434 χρωμένων.
2478 2360 2562 2433 [Ρ.
2600 2360 2729 2434 H8]
2755 2362 2855 2415 ὰιά
2903 2361 3012 2433 γὰρ
3038 2362 3197 2417 τοῦτο
3223 2364 3318 2418 καὶ
3336 2361 3589 2432 φανερῶς
3620 2360 3715 2433 μὲν

2133 2454 2428 2523 ἐπιτιμῶσι
2448 2458 2559 2518 τοῖς
2580 2454 2981 2525 ἁμαρτάνουσιν
3001 2456 3051 2508 σί
3070 2454 3494 2525 κρίπινείδότες
3518 2453 3713 2523 ὀρθῶς,

2133 2544 2202 2599 ἵν’
2235 2546 2636 2617 ἔκφοὸήσαντες
2683 2547 3035 2618 ἀποστήσωσι
3080 2546 3183 2618 τῆς
3218 2546 3457 2609 κακίας·
3490 2546 3716 2599 κατόπιν

2136 2637 2183 2693 δ’
2238 2638 2379 2709 ὑπὲρ
2439 2638 2618 2692 αὐτῶν
2675 2637 2883 2709 θερμάς
2935 2638 3269 2713 ἀναφέρουσι
3324 2638 3405 2709 τῷ
3444 2637 3564 2708 Θεῷ
3622 2637 3718 2700 τὰς

2135 2730 2320 2801 εὐχὰς,
2359 2731 2435 2803 μή
2495 2747 2612 2794 πως
2680 2729 2944 2800 ἐξαίφνης
2967 2732 2995 2784 ὁ
3026 2730 3253 2793 θάνατος
3277 2730 3718 2800 κεχωρισμένους

2134 2822 2314 2877 λαὸὼν
2341 2821 2435 2875 τοῦ
2478 2822 2612 2877 Θεοῦ
2672 2812 3020 2897 παραπέμψῃ
3070 2822 3147 2893 τῷ
3183 2822 3411 2891 διαϐόλῳ
3475 2822 3572 2874 καὶ
3607 2824 3720 2884 τοῖς

2136 2916 2389 2985 ἀγγέλοις
2422 2914 2611 2969 αὑτοῦ.
2644 2914 2719 2968 Τὸ
2763 2913 2821 2967 δὲ
2846 2913 2942 2967 νῦν
2995 2915 3382 2984 πεπραγμένον
3418 2910 3721 2981 ’Μανασίῳ

2137 3010 2284 3065 ἅπαν
2316 3003 2383 3079 ἦν
2414 3006 2740 3060 τούναντίον.
2772 3003 2864 3059 Διὸ
2887 3005 2978 3059 καὶ
3004 3005 3097 3059 τοῦ
3136 3004 3246 3058 τῶν
3296 3003 3545 3058 εὐλαὸῶν
3594 3002 3720 3071 δίγο

2139 3118 2308 3171 ματος
2352 3098 2512 3163 δόξαν
2562 3098 2840 3168 ἀλλότριον
2904 3096 3114 3169 μέμψιν
3156 3096 3418 3167 μεγίστην
3468 3093 3722 3164 προσῆψε

2136 3192 2344 3264 τάνδρί.
2391 3194 2451 3243 ὐ
2493 3192 2593 3261 μὲν
2631 3191 2697 3262 δὴ
2735 3190 2989 3262 βασιλεὺς
3046 3188 3369 3251 ἀποστείλας
3417 3186 3723 3255 ’Δθαναείῳ

2137 3284 2229 3339 τὸν
2258 3286 2466 3356 χάρτην
2498 3285 2597 3354 τὴν
2624 3285 2804 3338 αἰτίαν
2831 3281 3022 3353 ἠρώτα
3048 3279 3143 3335 τοῦ
3166 3280 3465 3353 δράματος,
3496 3279 3722 3349 ἡμέρως

2138 3380 2233 3433 καὶ
2259 3370 2652 3447 φιλανθρώπως
2690 3374 2789 3444 τῆς
2836 3373 3162 3445 προπετείας
3211 3372 3379 3427 αὐτοῦ
3446 3370 3722 3425 καθαπτὶο

2143 3486 2300 3543 μενος
2329 3451 2423 3522 καὶ
2449 3468 2566 3539 ἅμα
2598 3465 3012 3538 προσονειδίζων
3035 3465 3095 3518 τὸ
3117 3466 3214 3535 τῆς
3253 3463 3481 3535 γνώμης
3528 3479 3725 3533 μικρο-

2140 3560 2271 3628 φυὲς
2307 3559 2403 3613 καὶ
2447 3558 2888 3628 ἀφιλάνθρωπον
2915 3559 2942 3610 ὁ
2985 3556 3042 3610 δὲ
3096 3555 3388 3625 μεταμέλω
3455 3553 3725 3621 συντὴξας

2138 3651 2199 3705 τὸ
2223 3647 2351 3721 ἦθος
2383 3650 2751 3722 μικροψυχίαν
2780 3650 2969 3720 ᾐτιᾶτο
3021 3649 3115 3702 καὶ
3154 3647 3353 3717 λύπην.
3385 3646 3428 3698 Τ
3432 3645 3467 3699 ἀ
3508 3646 3554 3697 δ’
3579 3643 3725 3697 οὕτω

2140 3743 2404 3813 γινόμενά
2426 3759 2558 3813 φησι
2588 3743 2681 3794 καὶ
2710 3741 2980 3812 λεγόμενα
3006 3740 3186 3808 ἄκυρα
3218 3739 3429 3793 κεῖσθαι
3456 3740 3521 3808 τῇ
3543 3737 3725 3806 κρίσει

2140 3834 2240 3905 τῆς
2269 3833 2545 3903 ἀληθείας.
2574 3832 2666 3886 Διὸ
2689 3832 2754 3904 δὴ
2782 3833 2875 3886 καὶ
2908 3832 3257 3903 συγχώρησιν
3307 3828 3480 3883 ἐδίδου
3537 3846 3596 3881 τε
3629 3830 3726 3882 καὶ

2142 3929 2323 3999 ἐζήτει
2341 3944 2354 3958 ⁸
2390 3926 2484 3981 καὶ
2503 3926 2646 3981 οὕτω
2672 3925 2922 3997 καθάπερ
2951 3925 3124 3996 σκηνὴ
3156 3924 3248 3978 καὶ
3269 3923 3457 4007 δρᾶμα
3482 3922 3544 3976 τὸ
3569 3922 3727 3992 παρὰ

2142 4021 2300 4089 δόξαν
2334 4019 2579 4093 πραχθὲν
2600 4018 2861 4074 διελύετο.

2217 4204 2291 4258 Δ’.
2325 4197 2440 4256 Ἶῐν
2489 4201 2546 4257 δέ
2593 4218 2677 4266 τις
2734 4200 3022 4271 μοναδικδν
3075 4201 3457 4273 περικείμενος
3514 4201 3724 4272 σχῆμα,

2144 4294 2318 4366 ὄνομα
2372 4295 2652 4365 Ἰωάννης,
2694 4294 2863 4348 πάλαι
2923 4293 3023 4363 μὲν
3078 4294 3302 4363 γυναικὶ
3340 4294 3596 4362 συζυγεὶς
3631 4298 3728 4347 καὶ

2145 4389 2350 4444 παίδων
2394 4388 2579 4457 πατὴρ
2648 4388 2951 4450 καταστὰς,
3010 4385 3202 4440 ἔπειτα
3257 4386 3475 4458 θανάτῳ
3519 4387 3728 4458 ταύτην

2146 4479 2437 4535 ἀποϐαλὼν
2467 4480 2527 4533 τὸ
2554 4478 2842 4549 μοναδικὸν
2864 4479 2961 4534 καὶ
2986 4478 3148 4541 αὐτὸς
3181 4478 3385 4541 ὑποδὺς
3414 4478 3727 4549 τριϐώνιον,
3770 4542 3775 4551 ι

463 4575 503 4620 tt
526 4575 631 4620 tem
662 4568 867 4636 optime
889 4572 1227 4641 compositus
1265 4573 1334 4628 ob
1367 4587 1575 4632 tuorum
1604 4576 2032 4648 simplicitatem,

2145 4572 2226 4646 τῷ
2258 4574 2435 4644 χρόνῳ
2462 4572 2602 4635 τέως
2633 4569 3014 4641 προϐεῦηκὼς,
3035 4570 3261 4641 ἀρεταῖς
3280 4570 3532 4639 φυσικῶς
3560 4586 3731 4639 προσ-

458 4656 772 4713 ercarum
819 4660 1123 4717 litterarum
1160 4665 1319 4735 plane
1354 4667 1526 4731 rudis,
1556 4684 1749 4724 recens
1779 4670 2031 4740 Sozopoli

462 4748 517 4803 in
548 4750 735 4806 urbem
770 4754 1064 4824 profectus.
1093 4756 1142 4810 ls
1169 4756 1389 4813 decreto
1421 4759 1773 4830 imperatoris
1805 4771 1859 4817 et
1893 4764 2037 4818 sacri

457 4845 673 4916 collegii
729 4848 1001 4921 sitﬂ‘ragiis
1039 4850 1458 4921 patriarehalem
1515 4855 1705 4909 sedem
1756 4864 1993 4926 occupat
2023 4842 2043 4911 :~

2139 4664 2484 4737 ῳκειωμένος
2531 4662 2622 4716 διὰ
2667 4664 2767 4731 τῆς
2820 4662 2928 4717 τῶν
2960 4662 3182 4732 τρόπων
3225 4663 3557 4732 ἁπλότητος,
3598 4661 3729 4714 Ἐλ-

2140 4758 2369 4827 ληνικῆς
2402 4755 2656 4820 παιδείας
2714 4756 2951 4826 πάμπαν
3001 4756 3295 4825 ἀμέτοχος,
3347 4755 3412 4808 ἐκ
3474 4754 3734 4819 Σωζοπό-

2138 4849 2278 4914 λεως
2305 4851 2385 4913 εἰς
2406 4849 2506 4917 τὴν
2535 4847 2930 4919 βασιλεύουσαν
2979 4847 3107 4918 ἄρτι
3155 4846 3599 4917 ἐπιδεδημηκώς.
3625 4842 3734 4901 Οὗ-

459 4940 562 4995 sob
586 4957 692 5011 quo
719 4942 969 4998 monachi
994 4943 1134 4999 male
1165 4945 1357 4999 morati
1388 4960 1472 4999 res
1507 4961 1634 5001 suas
1663 4962 1693 5002 e
1713 4955 2032 5019 tempestate

2137 4960 2228 5006 τος
2251 4942 2449 5015 γνώμῃ
2473 4941 2729 5013 βασιλικῇ
2759 4946 2854 4995 καὶ
2876 4940 3042 5012 ψήφῳ
3059 4941 3161 5009 τῆς
3197 4941 3481 5012 ίερατικῆς
3503 4940 3732 4995 συνόδου

452 5047 519 5087 ac
553 5035 837 5105 naufragio
883 5036 937 5090 in
992 5046 1165 5091 tutttm
1192 5047 1409 5107 portum
1445 5039 1759 5108 pervenisse
1781 5080 1797 5106 ,
1835 5052 1889 5094 et
1921 5039 2032 5096 hie-

2137 5038 2229 5091 τδν
2261 5034 2658 5107 πατριαρχικδν
2689 5034 3000 5104 διαδέχεται
3028 5034 3218 5106 θρόνον
3239 5049 3254 5064 ’
3291 5034 3377 5105 ἐφ’
3421 5029 3483 5088 οὗ
3520 5035 3616 5088 καὶ
3657 5035 3736 5088 τὰ

454 5140 599 5180 num
655 5129 711 5182 in
735 5143 829 5183 ver
876 5137 1267 5186 commutatam
1332 5130 1617 5198 putabant.
1691 5130 1743 5186 Is
1798 5130 2040 5188 Mcbae-

2138 5128 2443 5199 πράγματα
2467 5126 2613 5196 ἔδοξε
2644 5129 2754 5192 τοῖς
2787 5125 2899 5181 τῶν
2928 5124 3189 5200 μοναχῶν
3257 5125 3632 5196 κακοτρόποις
3662 5126 3736 5197 ιχ

1806 5247 2141 5311 Variorum
2189 5252 2383 5309 notat.

456 5372 605 5429 inter
652 5370 915 5443 opuscula
960 5370 1266 5433 Athanasii.
1299 5370 1631 5443 παραίτησις
1674 5372 1773 5439 τῆς
1814 5370 2032 5441 πρώτης

2137 5369 2386 5443 conferat
2428 5370 2621 5443 lector,
2651 5367 2695 5424 si
2742 5368 2878 5423 tanti
2911 5378 3017 5443 est,
3048 5384 3193 5443 eam,
3225 5384 3346 5439 qua:
3372 5374 3549 5424 exstat
3577 5368 3732 5437 apud

455 5442 825 5509 πιτριαρχίας
875 5442 1065 5507 αὑτοῦ,
1120 5458 1284 5511 quam
1324 5458 1389 5496 ex
1451 5443 1541 5496 illa
1584 5444 1772 5496 charta
1826 5443 2079 5497 dc~cri-'

455 5522 608 5584 ptam
659 5513 829 5567 fuisse
861 5512 1056 5584 arguit
1094 5513 1208 5582 ipsa
1263 5513 1559 5584 verborum
1607 5512 1863 5577 formula,
1915 5527 2043 5584 qua}

461 5582 643 5638 iamen
678 5585 730 5636 in
764 5582 951 5653 multis
981 5582 1197 5637 diversa
1227 5593 1309 5637 est
1333 5582 1403 5637 ab
1429 5598 1512 5649 ea,
1543 5599 1663 5653 qum
1692 5592 1870 5638 exstat
1895 5583 2039 5649 apud

458 5652 981 5724 l‘acltymcrem.ln
1028 5654 1228 5724 Codice
1281 5653 1449 5721 Regio
1497 5652 1577 5724 sic
1627 5654 1827 5721 legitur
1866 5670 1881 5707 :
1933 5654 2044 5721 Τῆς

456 5718 695 5793 Χριστοῦ
760 5718 1223 5793 Ἐκκλησῐας,οἷς
1263 5718 1425 5784 αὐτὸς
1478 5720 1587 5777 οἶδε
1635 5718 1895 5792 κρίμασι,
1945 5718 2043 5792 τῆν

418 5842 433 5855 ,
458 5794 719 5861 φροντίδα
742 5793 1049 5863 δεξάμενοι,
1074 5813 1128 5848 κ.
1154 5813 1204 5848 τ.
1242 5796 1293 5848 λ.
1327 5793 1547 5862 Reliqua
1578 5796 1688 5848 vide
1714 5795 1853 5847 inter
1881 5794 2045 5848 Atha-

459 5864 767 5937 nasiiopera
790 5864 853 5919 de
875 5866 1058 5937 quibus
1075 5881 1261 5938 supra.
1284 5864 1654 5923 Eo:r.—-—Gtun
1689 5865 1789 5921 hac
1808 5866 2042 5919 formula

2139 5441 2531 5510 Pachytnerem
2566 5440 2660 5494 lib.
2692 5456 2749 5506 ιι,
2779 5456 2901 5510 cap.
2938 5442 3029 5494 '25.
3064 5439 3280 5495 Batvm.

2214 5505 2326 5573 (66)
2348 5505 2831 5581 iPachymeresait
2846 5505 3026 5564 ’δυσὶν
3061 5510 3385 5577 ἐκπώμασιν
3411 5505 3734 5581 -ὲμδαλὼν,

2141 5581 2288 5650 quod
2344 5578 2605 5635 Possinus
2652 5581 3065 5650 interpretatur,
3109 5581 3248 5634 casia
3298 5578 3497 5632 duobus
3550 5581 3737 5633 taleis

2143 5652 2378 5705 inclusit.
2414 5651 2526 5707 Vox
2560 5650 2747 5705 Graeca
2794 5650 3064 5720 ὄστρακον
3099 5660 3393 5718 utrumque
3428 5650 3733 5718 signiﬁcat.

2142 5732 2197 5775 ct
2227 5724 2477 5775 concham
2527 5732 2583 5775 et
2616 5733 2823 5792 (estnon.
2858 5722 2966 5792 Ego
3009 5732 3070 5776 ut
3102 5721 3170 5777 de
3213 5723 3533 5775 concitarunt
3583 5721 3738 5775 testis

2144 5792 2351 5849 ιίίσ·ιιιιιι
2384 5794 2590 5863 accepi.
2628 5791 2835 5847 Bomx.
