4016 6658
370 3657 397 3690 ο

433 377 542 444 39.)
688 370 762 444 [Α.
796 385 848 424 ιι.
882 367 1013 424 673i
1051 383 1112 422 ,νο
1142 365 1303 437 6836]

1626 323 2043 428 Nicerttont
2085 362 2471 424 esseom;

2791 351 2931 424 [δερ.
2967 364 3248 416 moneam.
3283 313 3440 423 sem]
3475 329 3498 353 ’
3596 344 3706 416 4οθ

436 489 602 550 rium,
633 485 796 556 idque
849 486 988 540 inter
1031 500 1158 540 suos
1214 463 1350 539 filios
1399 482 1711 547 divideret,
1745 483 1858 537 sive
1907 481 2008 535 hos

2129 475 2594 548 ἱποχειροτονῆσει
2649 473 2747 543 τῆς
2791 471 3076 542 βασιλικῆς
3112 469 3284 540 ἀρχῆς
3338 469 3442 520 καὶ
3491 465 3707 534 ταύτην

437 576 514 633 illi
564 577 857 648 participes
909 585 965 631 et
1009 557 1292 631 consories
1341 575 1550 645 imperii
1598 575 1870 629 redderet.
1909 573 2013 629 Re-

437 669 744 739 spondente
795 677 980 723 autem
1058 667 1428 737 imperatore,
1472 665 1626 720 nefas
1681 665 1840 736 235
1893 681 2016 722 esse

439 760 628 815 violari
657 761 778 830 jura
818 758 1060 828 imperii,
1081 773 1202 828 qua:
1251 759 1436 812 multis
1459 757 1570 828 jam
1599 757 1814 811 saeculis
1844 756 2015 810 stabi-

441 849 534 904 lita
563 857 618 904 et
651 847 970 904 confirmata
1003 858 1206 912 essent,
1233 847 1320 901 illa
1351 847 1429 902 ira
1471 845 1933 912 inllammabatur,
1959 857 2016 900 et

443 941 630 996 habitu
665 951 926 1012 gestuque
961 939 1106 1010 apud
1153 940 1410 994 maritum
1456 941 1604 993 varia
1633 948 1690 993 et
1727 936 2014 1006 multiplex

444 1041 595 1098 erat;
634 1046 777 1086 nunc
821 1045 1082 1096 maerens,
1112 1045 1280 1098 seque
1327 1029 1450 1084 vitae
1490 1037 1776 1098 pertaasam
1803 1026 2009 1092 dicens,

448 1121 550 1176 nisi
585 1121 724 1176 lilios
747 1123 866 1175 viva
894 1119 1256 1191 imperatoriis
1290 1119 1595 1188 insignibus
1623 1127 1847 1172 ornatos
1866 1117 2016 1172 vide-

448 1223 533 1269 ret
563 1230 576 1268 :
619 1229 766 1268 nunc
787 1213 1066 1268 fastidiosa
1101 1222 1156 1267 et
1177 1213 1410 1284 superbe
1450 1211 1700 1272 delicata,
1727 1224 1792 1264 ac
1825 1209 2016 1264 formae

446 1319 664 1360 usuram
705 1304 900 1360 marito
950 1305 1105 1374 quasi
1159 1303 1488 1368 nundinans,
1550 1302 1905 1372 venalemque
1951 1317 2014 1357 ea

445 1397 564 1468 lege
616 1395 827 1466 copiam
871 1394 955 1450 sui
1008 1395 1234 1458 faciens,
1275 1403 1336 1448 ut
1369 1409 1465 1449 sua
1516 1393 1584 1448 de
1631 1393 1753 1449 filiis
1785 1393 2014 1450 consilia

447 1491 568 1560 ejus
597 1503 866 1544 consensu
919 1487 1368 1558 approbarentur.
1405 1485 1537 1554 Quae
1577 1502 1699 1542 cum
1749 1501 1892 1557 saepe
1918 1501 2013 1540 ne-

450 1581 596 1636 mine
625 1581 734 1635 alio
775 1583 994 1636 conscio
1030 1582 1242 1642 flerent,
1272 1580 1341 1635 ab
1383 1579 1717 1650 imperatore
1750 1589 2016 1649 perpetuo

447 1671 579 1726 ferri
637 1688 748 1726 non
797 1679 1070 1742 poterant.
1115 1670 1300 1741 Itaque
1347 1671 1508 1726 ardor
1542 1669 1630 1724 ille
1674 1669 1874 1724 amoris
1901 1669 2012 1739 jam

449 1765 712 1834 paulatim
772 1763 1189 1834 ianguescebat,
1260 1773 1318 1818 et
1369 1763 1510 1818 acris
1553 1762 1866 1825 contentio,
1920 1761 2014 1816 sed

2114 567 2532 640 διαμερίσασθαι
2560 567 2669 628 τοῖς
2712 564 2881 618 υίέσιν
2901 561 3072 630 αὐτῆς
3094 576 3110 592 '
3141 561 3175 632 ἢ
3207 560 3267 612 τό
3307 577 3380 628 γε
3413 555 3704 628 δεύτερον,

2115 662 2400 724 κοινωνοὺς
2425 659 2522 713 καὶ
2553 655 2934 728 συμμεριστὰς
2976 651 3126 722 αύτῷ
3155 652 3252 706 κατ
3284 649 3498 713 αὐτοὺς
3533 663 3710 702 κατα-

2115 758 2312 825 στῆσαι
2342 753 2436 806 τοῦ
2457 751 2711 822 κράτους.
2737 747 2844 801 Τοῦ
2874 745 2931 802 δὲ
2961 743 3222 815 βασιλέως
3253 741 3536 796 ἀδύνατον
3564 731 3708 792 εἶναι

2113 847 2365 914 λέγοντος
2398 840 2697 914 παραλύειν
2723 840 2791 892 τὰ
2821 838 2908 892 διὰ
2955 834 3165 890 πολλῶν
3189 833 3290 905 ἤδη
3335 831 3458 884 τῶν
3491 829 3711 901 χρόνων

2115 935 2432 1006 κυρωθέντα
2462 951 2518 987 τε
2552 933 2648 987 καὶ
2688 930 3056 1002 βεϐαιωθέντα
3101 925 3364 998 βασιλικά
3401 925 3645 994 νόμιμα,
3675 921 3708 990 ἡ

2113 1030 2172 1084 δὲ
2201 1030 2335 1100 πρὸς
2377 1027 2547 1098 ὀργὴν
2593 1025 2880 1096 ἐξήπτετο,
2906 1023 3000 1076 καὶ
3049 1021 3286 1090 διάφορα.
3335 1019 3440 1071 καὶ
3479 1015 3710 1070 ποικίλα

2115 1121 2326 1176 ἐδείκνυ
2360 1120 2496 1190 προς
2521 1119 2612 1171 τὸν
2637 1117 2873 1185 σύζυγον
2905 1115 3009 1170 καὶ*
3035 1113 3264 1185 βασιλέα
3286 1111 3361 1166 τὰ
3395 1111 3673 1181 σχήματα
3692 1127 3706 1140 ·

2115 1213 2210 1266 νῦν
2243 1213 2341 1282 μὲν
2366 1210 2682 1280 λυπουμένη
2711 1212 2806 1264 καὶ
2856 1207 3233 1278 ἀπολεγομένη
3260 1205 3318 1259 τδ
3369 1207 3504 1275 ζῇν,
3536 1205 3587 1256 εί
3635 1203 3708 1271 μὴ

2115 1306 2240 1367 τοὺς
2283 1303 2436 1366 υἱέας
2489 1301 2680 1372 ὄψεται
2739 1299 2888 1366 ζῶσα
2945 1299 3251 1376 βασιλικοῖς
3308 1293 3710 1365 κοσμηθέντας

2117 1395 2440 1466 συμϐόλοις·
2474 1392 2568 1447 νῦν
2590 1392 2647 1447 δὲ
2691 1392 3029 1462 ἀκκιξομένη
3068 1390 3164 1444 καὶ
3195 1384 3568 1460 θρυπτομένη
3616 1387 3710 1436 καὶ

2115 1482 2226 1542 οἷον
2266 1484 2639 1558 ἀπεμπολῶσα
2691 1484 2768 1555 τῷ
2817 1482 3037 1552 συζύγῳ
3075 1483 3175 1548 τὴν
3213 1479 3368 1550 ὥραν
3406 1479 3508 1530 καὶ
3546 1476 3710 1528 ὢνιον

2117 1577 2570 1646 συγκαταθέσεως
2618 1575 2712 1631 τοῦ
2763 1577 2893 1646 περὶ
2941 1575 3050 1626 τῶν
3099 1575 3262 1627 υἱέων
3314 1567 3706 1640 βουλεύματος

2115 1670 2440 1740 ποιουμένη.
2468 1668 2654 1722 Ταῦτα
2699 1666 2958 1729 πολλάκις
3014 1665 3276 1736 γινόμενα
3321 1661 3424 1716 καὶ
3477 1659 3710 1730 μηδενδς

2116 1763 2304 1834 ἑτέρου
2338 1760 2446 1814 τῶν
2489 1761 2708 1814 πάντων
2743 1759 3104 1828 γινώσκοντος
3149 1758 3340 1828 φέρειν
3383 1755 3493 1808 οὐκ
3528 1749 3600 1824 ἦν
3629 1753 3706 1814 είς

449 1829 724 1928 plerisque
751 1829 955 1928 ignota,
981 1856 1329 1912 succedebat.
1381 1855 1624 1910 Tandem
1660 1856 1824 1910 etiam
1870 1856 2015 1927 ejus-

2129 1829 2273 1917 τέλος
2315 1853 2394 1924 τῷ
2444 1852 2674 1924 βασιλεῖ.
2723 1852 2814 1906 Διδ
2861 1854 2956 1906 καὶ
3005 1850 3072 1904 τὰ
3110 1851 3210 1920 τῆς
3247 1845 3708 1918 φλεγμαινούσης

445 1946 572 2002 dem
609 1945 747 2000 thori
780 1944 1234 2001 consuetudinem
1264 1959 1494 2015 perosus
1517 1953 1618 1998 est.
1717 1999 1724 2014 ,

2123 1947 2340 2016 ἑκείνης
2371 1946 2605 2016 στοργῆς
2648 1944 2748 2016 ήδη
2798 1943 2940 1998 κατὰ
2977 1942 3172 2014 μικρὸν
3211 1940 3580 2014 ἐμαραίνετο,
3616 1940 3710 1992 καὶ

449 2043 803 2112 ἀντεισήγετο
835 2039 980 2111 μάχη
1013 2038 1277 2106 διάπυρος
1321 2039 1441 2109 μὲν,
1481 2038 1821 2093 λανθάνουσα
1853 2038 1896 2092 δ’
1933 2037 2012 2093 ἑτι
2051 2039 2176 2103 τοὺς
2206 2040 2511 2103 πλείστους.
2543 2039 2707 2104 Τέλος
2731 2028 2798 2094 ’δὲ
2833 2039 2930 2094 καὶ
2974 2039 3150 2109 αὐτὴν
3225 2035 3546 2107 ἀπέστερξε
3611 2034 3709 2099 τήν

439 2139 544 2193 ⁵’τοῦ
571 2129 772 2208 λέχους
791 2135 962 2204 αὐτῆς
985 2135 1288 2202 κοινωνίαν.
1777 2179 1780 2183 .

524 2227 610 2284 ill.
659 2230 728 2280 At
776 2226 931 2281 lrene
975 2241 1111 2281 uxor
1151 2236 1351 2296 praeter
1387 2226 1864 2298 ‘exspectationem
1917 2235 2027 2282 tam

445 2321 563 2376 cito
588 2332 684 2389 spe
713 2333 809 2373 sua
842 2317 1101 2373 frustrata
1130 2317 1313 2372 hostili
1349 2318 1404 2372 in
1440 2319 1695 2374 maritum
1722 2321 1848 2373 odio
1873 2334 2031 2374 exar-

452 2415 545 2470 sit.
567 2412 702 2468 Cum
741 2412 926 2482 itaque
948 2410 1135 2465 ulcisci
1171 2410 1322 2466 illum
1373 2421 1621 2480 cuperet,
1643 2421 1696 2466 et
1729 2411 1886 2466 aliter
1917 2426 2029 2466 non

453 2511 661 2576 posset,
705 2501 1148 2556 Thessalonicam
1199 2502 1352 2566 abiit,
1400 2503 1726 2573 imperatore
1768 2517 1878 2558 non
1931 2504 2028 2558 ad-

455 2595 679 2652 modum
731 2593 990 2660 volente;
1041 2593 1244 2664 quippe.
1295 2591 1388 2663 qui
1431 2599 1734 2660 vereretur,
1776 2609 1846 2649 ne
1889 2594 2028 2648 maia

455 2686 758 2744 domestica
807 2685 968 2756 vulgo
1019 2684 1564 2740 innotescerent.llla
1601 2693 1781 2740 autem
1821 2700 1889 2740 eo
1914 2701 2028 2738 ma-

457 2779 543 2848 εἰς
575 2777 806 2847 cupiens
831 2777 1216 2844 imperatorem
1239 2774 1448 2845 pudore
1480 2773 1694 2830 allicere
1720 2776 1888 2845 coepit
1911 2775 2030 2843 ejus

460 2880 684 2944 peccata
707 2869 810 2924 sibi
840 2883 963 2924 cum
991 2867 1084 2922 illo
1113 2868 1420 2924 communia
1443 2881 1614 2937 eaque
1637 2868 1848 2923 occulta
1876 2866 2031 2922 ditia-

462 2977 631 3030 mare,
662 2961 716 3016 id
740 2959 914 3017 solum
945 2974 1164 3023 cavens,
1209 2973 1281 3014 ne
1329 2959 1382 3014 in
1419 2959 1635 3030 publico
1677 2970 1730 3014 et
1768 2975 1870 3030 pro
1901 2973 2031 3014 eon—

2205 2221 2279 2274 1".
2327 2219 2393 2274 Ἠ
2449 2219 2633 2290 μέντοι
2659 2220 2778 2291 (45)
2833 2219 3064 2290 auaro;
3121 2220 3326 2294 Εἰρήνη
3380 2223 3766 2293 παραδόξωςκ

2089 2338 2092 2341 ·
2129 2313 2272 2368 οὕτω
2294 2312 2393 2384 τὴν
2425 2313 2691 2384 ταχίστην
2717 2315 2925 2384 ἔρημος
2961 2315 3070 2368 τῶν
3107 2314 3346 2368 ἐλπίδων
3379 2320 3708 2372 καταστᾶσα

2130 2407 2390 2478 πολέμιον
2425 2407 2653 2478 ἔθρεψεν
2687 2407 2744 2459 ἑν
2764 2409 2877 2468 τοῖς
2903 2405 3122 2477 στήθεσι
3162 2405 3430 2477 λογισμὸν
3462 2413 3585 2463 κατ’
3616 2413 3712 2464 αὖ·

2125 2500 2244 2554 τοῦ.
2294 2499 2404 2553 Καὶ
2460 2497 2762 2569 ἀμύνεσθαι
2814 2497 3044 2553 θέλουσα
3092 2501 3213 2568 μὲν,
3261 2500 3368 2553 οὐκ
3427 2501 3625 2572 ἔχουσα
3663 2501 3706 2554 δ’

2127 2592 2276 2653 ὅπως
2307 2591 2506 2657 ἄλλως,
2545 2590 2722 2662 ᾤχετο
2761 2591 2999 2646 ἀπιοῦσα
3045 2592 3180 2663 πρὸς
3211 2591 3625 2666 Θεσσαλονίκην
3649 2594 3706 2664 οὐ

2131 2683 2276 2754 μάλα
2308 2683 2403 2736 τοῦ
2437 2683 2703 2754 βασιλέως
2738 2682 3052 2750 ἑθέλοντοςο
3087 2685 3278 2738 ὲδεδίει
3331 2687 3448 2756 γὰρ
3523 2685 3704 2750 αὐτὸς,

2133 2775 2208 2846 μὴ
2242 2776 2543 2846 κατάφωρα
2579 2779 2692 2838 τοῖς
2729 2775 3001 2838 πλείστοις
3035 2777 3104 2830 τὰ
3153 2779 3274 2831 κατ’
3308 2772 3465 2831 οἷκον
3509 2778 3709 2844 γένων-

2129 2886 2220 2922 ται
2249 2867 2592 2938 πταίσματα.
2634 2868 2698 2920 Ἡ
2749 2867 2807 2920 δὲ
2855 2867 2944 2921 διὰ
2985 2867 3147 2924 τοῦτο
3177 2868 3408 2940 μᾶλλον,
3432 2868 3706 2938 αίσχύνειν

2131 2961 2389 3017 ἐθέλουσα
2447 2958 2539 3014 τις
2574 2960 2798 3030 βασιλέα
2858 2961 2955 3014 καὶ
3009 2961 3262 3029 σύζυγον,
3305 2961 3479 3032 ἀπῄει
3511 2963 3707 3032 θριαμ-

458 3055 620 3110 ciale
676 3053 767 3108 illa
833 3049 1139 3123 proferret;
1188 3050 1255 3106 ad
1304 3065 1492 3106 auretn
1545 3066 1673 3106 vero
1712 3060 1768 3106 et
1812 3051 1942 3105 viris
1973 3058 2027 3105 et

2129 3055 2366 3110 ϐεύουσα
2432 3055 2590 3109 κοινὰ
2637 3055 2733 3108 καὶ
2780 3053 3019 3125 λαθραῖα
3069 3054 3162 3108 τοῦ
3199 3055 3441 3125 συζύγου
3507 3055 3706 3126 ἐγκλή-

460 3145 802 3209 mulieribus,
820 3145 1022 3216 quibus
1047 3143 1278 3198 maxime
1307 3142 1524 3210 ﬁdebat,
1548 3143 1737 3199 eadem
1775 3143 2024 3199 cecinere

460 3239 699 3312 gestiens
735 3241 940 3309 absque
970 3237 1133 3308 236
1159 3236 1266 3292 ulla
1298 3235 1648 3301 verecundia,
1670 3251 1796 3290 cum
1826 3235 2027 3304 alioqui

461 3347 708 3402 rnagnam
759 3331 1074 3404 gravitatem
1103 3330 1406 3385 simularet.
1442 3327 1854 3397 indignabunda
1877 3328 2028 3384 vide-

350 3436 360 3442 '
461 3425 604 3488 licet,
627 3423 833 3488 furens,
855 3421 1068 3477 lenitati
1085 3420 1230 3475 illius
1253 3419 1543 3487 insultans,
1568 3435 1631 3474 ac
1655 3433 1831 3489 neque
1859 3417 2026 3474 Deum

463 3518 684 3581 timens,
711 3529 888 3586 neque
919 3513 1166 3570 homines
1204 3513 1458 3576 reverita,
1486 3513 1654 3568 multa
1686 3512 2031 3582 coniugis.et

438 3623 576 3683 suae
618 3607 789 3678 ipsius
847 3614 1055 3660 naturae
1103 3618 1302 3659 arcana
1332 3603 1505 3657 audax
1550 3613 1714 3672 atque
1741 3603 2030 3674 impudens

459 3699 662 3754 mulier
686 3697 984 3766 retegebat,
1013 3709 1135 3764 quae
1153 3695 1238 3748 vel
1268 3694 1752 3763 impudicissimum
1787 3702 2030 3748 scortum

460 3791 583 3847 sine
619 3789 817 3844 rubore
869 3787 1014 3842 haud
1062 3787 1305 3852 diceret;
1346 3801 1492 3840 nunc
1521 3787 1662 3856 apud
1708 3787 2030 3854 monachos,

464 3883 632 3939 alium
681 3879 810 3934 alibi
873 3891 1061 3934 secum
1113 3877 1370 3948 privatim
1407 3891 1729 3943 assumens,
1777 3878 2031 3934 maritum

465 3981 626 4045 prout
671 3971 878 4027 libebat
944 3969 1356 4024 criminabatur.
1429 3967 1583 4022 Nunc
1625 3969 1766 4040 apud
1821 3970 2032 4026 nobiles

467 4073 767 4127 matronas,
793 4079 824 4116 a
849 4061 1049 4132 quibus
1071 4061 1347 4126 adibatur,
1371 4061 1560 4116 eadem
1584 4073 1638 4118 et
1661 4062 1812 4132 plura
1844 4078 2033 4118 recen-

465 4158 619 4214 sebat
641 4173 656 4221 ;
679 4169 828 4210 nunc
862 4155 928 4209 ad
961 4153 1174 4209 Cralem
1228 4153 1450 4216 θοι·νίσεδ
1479 4169 1736 4225 generum
1763 4170 1941 4220 suum,
1970 4169 2034 4211 ea

465 4249 760 4313 scribebat,
801 4263 922 4318 etne
960 4247 1046 4302 vel
1084 4246 1267 4302 dicere
1319 4246 1474 4302 nefas
1507 4256 1612 4313 est,
1645 4249 1904 4304 honorem
1929 4249 2032 4305 sibi

470 4342 834 4411 undecunque
874 4348 930 4394 et
969 4337 1246 4408 pudicitiaa
1287 4339 1504 4394 laudem
1527 4341 1846 4404 asserendo,
1869 4339 2034 4394 mari-

466 4445 582 4488 tum
633 4447 761 4486 vero
807 4431 1064 4486 omnibus
1121 4430 1466 4486 contumeliis
1525 4429 1828 4486 alliciendo.
1889 4429 2032 4486 Nihil

469 4523 975 4602 enim,concitatius
1023 4529 1107 4578 est
1161 4523 1414 4578 muliebri
1462 4523 1666 4590 animo,
1696 4524 1830 4578 nihil
1878 4539 2034 4593 aeque

468 4625 770 4688 promptum
789 4615 855 4672 ad
875 4604 1182 4686 probabiles
1203 4615 1610 4671 criminationes
1627 4615 2036 4686 calumniasque

472 4706 863 4778 conﬁngendas
891 4717 946 4762 et
977 4721 1071 4760 sua
1114 4704 1253 4758 mala
1304 4706 1360 4758 in
1409 4705 1660 4760 insontes
1689 4706 2038 4762 conferenda.

469 4801 607 4857 Cum
643 4801 766 4856 odio
791 4811 875 4856 est
900 4800 1118 4862 mulier,
1144 4799 1366 4854 simulat
1390 4799 1656 4854 se'odisse
1681 4816 1695 4854 :
1722 4815 1844 4854 cum
1873 4811 2041 4868 amat,

472 4891 642 4944 amari
692 4890 823 4944 dicit
853 4907 867 4944 :
899 4905 1022 4944 cum
1077 4889 1310 4953 furatur,
1340 4903 1398 4944 se
1438 4889 1716 4960 compilari
1747 4893 1996 4960 queritur
2023 4910 2038 4960 ;

472 4996 537 5038 ac
571 4981 751 5052 expeti
798 4981 1022 5051 quidem
1073 4995 1132 5036 se
1184 4980 1492 5050 proﬁtetur,
1525 4980 1619 5036 sed
1668 4997 1732 5037 ea
1778 4997 1897 5038 esse
1923 5000 2048 5039 mod

469 5075 641 5129 destia
677 5081 738 5128 ut
759 5082 1058 5128 amatorem
1082 5081 1436 5128 exsecretur:
1461 5081 1516 5127 et
1543 5072 1852 5144 huiusmodi
1875 5075 2040 5132 rebus

2131 3165 2278 3218 ματα
2306 3147 2440 3218 (46),
2461 3146 2622 3200 τοῦτο
2652 3147 2812 3216 μόνον
2839 3145 3220 3218 φυλαξαμένη,
3241 3147 3303 3201 τὸ
3333 3149 3478 3218 πρὸς
3503 3147 3704 3220 δήμους

2131 3242 2223 3294 καὶ
2249 3240 2426 3312 πλήθη
2468 3239 2768 3310 προφέρειν
2798 3240 2956 3298 αὐτὰ.
2999 3240 3141 3310 Πρὸς
3171 3241 3227 3294 δέ
3260 3259 3324 3309 γε
3354 3243 3418 3294 τὸ
3459 3243 3597 3311 πρὸς
3616 3240 3703 3304 οὖς

2129 3334 2336 3405 ἑκάστῃ
2386 3351 2445 3386 τε
2477 3333 2571 3386 καὶ
2615 3333 2832 3401 ἑκάστῳ
2865 3327 2945 3396 οἷς
2971 3332 3192 3405 ἐθάρρει
3225 3334 3291 3388 τὰ
3340 3335 3583 3402 μάλιστα
3613 3349 3702 3386 πε-

2135 3425 2360 3498 ρεᾲδειν,
2396 3425 2534 3497 πρὸς
2583 3425 2744 3478 τοῦτο
2776 3425 2831 3479 δὲ
2873 3425 2966 3478 καὶ
3010 3425 3160 3495 μάλα
3199 3427 3446 3496 ἀφειδῶς
3501 3421 3700 3496 εἶχενή

2131 3516 2333 3586 πολλὴν
2373 3517 2819 3588 σχηματιζομένη
2874 3519 3200 3590 σεμνότητα.
3263 3518 3700 3590 ’Υϐριοπαθοῦσα

2132 3608 2240 3678 γὰρ
2270 3608 2364 3661 καὶ
2397 3611 2702 3677 μαινομένη
2739 3610 2836 3661 καὶ
2872 3609 3319 3680 κατεπαερομένη
3352 3609 3456 3678 τῆς
3500 3609 3700 3662 ἑκείιου

2133 3701 2469 3770 πραότητος,
2503 3702 2596 3754 καὶ
2627 3705 2763 3770 μήτε
2793 3700 2925 3754 Θεὸν
2957 3699 3289 3771 φοϐουμένη,
3323 3701 3455 3772 μήτ’
3498 3698 3700 3769 ἀνθρὼ-

2135 3808 2270 3854 πους
2321 3791 2636 3862 αἰδουμένη,
2701 3793 2876 3846 πολλὰ
2921 3792 3023 3863 τῆς
3077 3791 3294 3862 φύσεως
3355 3793 3700 3862 ἐξεφαύλισεν

2132 3883 2425 3954 ἀπόρρητα
2460 3881 2554 3937 τοῦ
2597 3882 2833 3952 συζύγου
2881 3901 2940 3936 τε
2971 3884 3066 3938 καὶ
3095 3885 3299 3955 ἑαυτῆς
3327 3887 3362 3957 ἡ
3396 3883 3696 3945 πάντολμὸς

2133 3991 2193 4028 τε
2219 3975 2315 4030 καὶ
2341 3976 2586 4046 ἀναιδὴς,
2619 3974 2655 4030 ἂ
2684 3974 2788 4030 κᾶν
2812 3977 3113 4048 ἠρυθρίασε
3145 3976 3385 4047 λέγουσα
3419 3977 3510 4030 καὶ
3541 3979 3572 4046 ή
3600 3975 3698 4028 τῶν

2135 4065 2422 4136 ἑταιρίδων
2475 4065 2875 4135 ἀσελγεστάτη.
2924 4067 3034 4122 Καὶ
3064 4067 3160 4121 νῦν
3213 4067 3314 4136 μὲν
3369 4068 3528 4122 ἄλλον
3581 4064 3695 4120 κατ’

2135 4159 2265 4214 ἄλλο
2295 4161 2462 4232 μέρος
2491 4163 2600 4216 τῶν
2639 4162 2982 4234 μονσζόντων
3024 4163 3497 4236 ἀπολαμϐάνουσα
3535 4179 3696 4230 κατη-

2137 4251 2290 4323 γόρει
2322 4252 2418 4306 τοῦ
2453 4253 2668 4324 ἀνδρῆς,
2699 4255 2872 4306 ὁπόσα
2905 4254 3189 4309 ἑϐούλετου
3220 4255 3316 4311 νῦν
3344 4257 3402 4310 δὲ
3446 4256 3578 4326 πρὸς
3604 4253 3696 4314 τὰς

2139 4343 2414 4410 είσιούσας
2447 4345 2557 4400 τῶν
2595 4347 2838 4415 εὐγενῶν
2869 4345 3044 4400 ταῦτά
3080 4365 3138 4400 τε
3173 4349 3265 4402 καὶ
3299 4349 3474 4402 πλείω
3503 4345 3695 4401 τούτων

2139 4436 2462 4508 ἑξήγγελλε·
2490 4437 2586 4492 νῦν
2611 4439 2666 4492 δὲ
2692 4441 2827 4510 πρὸς
2847 4439 2938 4492 τὸν
2965 4440 3192 4512 Κράλην
3234 4441 3468 4511 Σερϐίας
3492 4439 3580 4492 τὸν
3608 4437 3694 4488 ἐπὶ

2143 4528 2372 4598 θυγατρὶ
2419 4532 2669 4602 γαμϐρὸν
2695 4532 2954 4604 ἔγραφεν,
2981 4535 3082 4588 ὅσα
3134 4534 3258 4588 οὐδὲ
3287 4533 3468 4602 λέγειν
3508 4529 3693 4603 χρεὼν,

2141 4624 2477 4694 πανταχόθεν
2507 4625 2672 4694 ἑαυτῇ
2708 4627 2806 4695 μὲν
2829 4625 2914 4698 [Ρ.
2943 4625 3068 4699 145]
3095 4627 3524 4696 περιποιουμένη
3543 4613 3693 4692 τιμὴν

2137 4713 2232 4766 καὶ
2261 4717 2640 4789 σωφροσύνην,
2673 4719 2752 4788 τῷ
2786 4719 2838 4771 δὲ
2865 4719 3085 4789 συζύγῳ
3115 4721 3298 4773 πᾶσαν
3336 4719 3494 4789 ὕϐριν
3529 4731 3692 4788 μηχα-

2140 4808 2375 4878 νωμένη.
2406 4810 2573 4864 Οὐδὲν
2599 4810 2708 4882 γὰρ
2735 4811 2907 4876 οὕτως
2935 4813 3249 4883 εὑρίπιστον
3271 4812 3346 4874 ὡς
3371 4812 3564 4882 γνώμη
3596 4825 3684 4877 γυ-

2137 4899 2342 4963 ναικὸς,
2384 4902 2505 4954 οὐδέ
2543 4919 2606 4970 γε
2641 4902 3060 4973 προχειρότερον
3099 4905 3180 4967 είς
3219 4903 3278 4956 τὸ
3305 4902 3536 4963 πιθανὰς
3575 4914 3687 4950 συνο

2139 4987 2311 5042 θεῖναι
2336 4990 2589 5054 διαϐολὰς·
2615 4995 2706 5044 καὶ
2733 4993 3096 5062 συκοφαντίας
3133 4993 3228 5047 καὶ
3253 4995 3318 5048 τὰ
3347 4994 3523 5048 οίκεῖα
3555 4988 3688 5043 κακᾶ

2138 5082 2468 5179 περξτρέψαι
2516 5085 2624 5146 τοῖς
2668 5084 3044 5154 ἀνεγκλήτοις.
3077 5085 3179 5140 Ἂν
3225 5087 3471 5156 μισῆται,
3523 5081 3686 5151 μισεῖν

1859 5191 2189 5258 Variorum
2211 5205 2401 5260 notat.

543 5285 662 5360 (l5)
689 5287 881 5360 E\_stat
936 5287 988 5340 in
1019 5287 1228 5360 codice
1279 5289 1474 5360 Regio
1502 5288 1652 5357 (olim
1705 5285 2034 5360 Telleriano)

471 5358 701 5430 epistola
745 5357 1026 5430 Athanasii
1076 5361 1394 5424 patriarchae
1445 5357 2033 5430 Constantinopolitani

390 5489 398 5498 _
473 5428 540 5483 ad
573 5428 893 5499 Augustam,
929 5429 1002 5480 de
1031 5430 1428 5499 reconcilianda
1478 5442 1602 5484 cum
1670 5429 1788 5481 viro
1837 5431 2032 5499 gratia,

473 5501 638 5567 eique
660 5496 902 5566 epistola:
934 5496 1185 5566 praeﬁxos
1236 5510 1316 5552 est
1371 5501 1536 5567 falsus
1565 5509 1619 5551 et
1675 5498 2036 5553 inconcinnus

475 5565 957 5638 ιὶιιιιυδίιέρὰμμα
1007 5567 1138 5638 πρὸς
1165 5569 1254 5618 τὸν
1303 5565 1699 5637 αὐτοκράτορα,
1762 5570 1890 5632 περὶ
1942 5569 2036 5621 τοῦ

473 5639 599 5707 παρ’
635 5637 1218 5708 ἑλπίδανσυμξτεσόντος
1246 5639 1527 5707 δεσποίνης
1556 5637 1810 5708 θανάτου.
1847 5639 2040 5692 Debuit

474 5705 652 5780 autem
679 5705 925 5780 inscribi,
957 5707 1194 5780 Γράμμα
1228 5711 1360 5780 πρὸς
1391 5705 1872 5780 τὴνίβσῐσίλισσαν,
1911 5712 2040 5780 περὶ

477 5777 563 5832 τοῦ
590 5777 699 5832 δεῖν
748 5777 918 5836 αὐτὴν
974 5778 1217 5844 ὁμονοεῖν
1264 5779 1340 5850 τῷ
1384 5777 1620 5852 aug-am.
1680 5777 1923 5832 Pertinet
1973 5777 2037 5833 ea

2143 5297 2455 5368 adhortatio
2498 5299 2565 5352 ad
2625 5297 3001 5368 componenda
3059 5299 3304 5365 dissidia,
3377 5300 3444 5353 de
3505 5289 3690 5368 quibus
3751 5333 3763 5340 -

2141 5365 2410 5437 Gregoras
2434 5370 2544 5438 agit
2589 5369 2691 5422 hoc
2714 5365 2854 5438 loco.
2891 5367 3100 5424 Roma.

2215 5437 2325 5506 (i6)
2353 5437 2599 5492 Verterat
2623 5437 2872 5500 Wolfius,
2903 5441 3110 5505 publica
3129 5449 3175 5494 et
3199 5441 3401 5494 occulta
3423 5441 3687 5499 imperato-

2141 5509 2212 5560 ris
2247 5509 2470 5581 crimina
2503 5509 2830 5581 traducebat.
2891 5509 3002 5577 Ego
3035 5513 3195 5573 verti,
3227 5514 3375 5581 arpi:
3422 5510 3532 5578 ejus
3579 5523 3688 5581 pec-

2141 5589 2280 5639 cata,
2315 5579 2413 5648 sibi
2441 5594 2555 5630 tum
2605 5579 2693 5632 illo
2725 5583 3046 5645 communia,
3091 5596 3254 5648 eaque
3301 5577 3516 5640 occulta,
3550 5577 3688 5646 diffa-

2143 5663 2311 5722 m_are.
2340 5647 2430 5722 Sic
2456 5649 2616 5710 infra.
2654 5651 2941 5722 ἀπόρρητα
2967 5651 3061 5702 τ’λῦ
3091 5647 3325 5720 συζύγου
3355 5668 3413 5703 τε
3440 5649 3530 5722 κα)
3566 5649 3682 5698 tau-

2141 5719 2263 5787 τῆς,
2293 5719 2531 5790 conjugis
2562 5732 2609 5774 et
2635 5736 2730 5774 sua
2765 5719 2924 5788 ipsius
2955 5737 3155 5774 arcana
3187 5723 3463 5791 propudia.
3491 5719 3680 5772 Boivttt.
