4016 6580
219 362 316 425 4,7
470 356 541 429 [Α.
577 374 624 411 c.
668 358 798 414 l282
826 378 888 415 ,ιο
925 363 1078 437 1528]

1226 371 1674 433 ΒΥΖΛΝΤΙΝιΕ
1715 369 2097 431 ΙΙΙΒΤΟἱὶίιΕ
2134 368 2278 428 LlB.
2328 369 2458 430 Vil.

2576 362 2707 436 [ne
2749 379 3034 418 Ακοιιοκεε.
3064 361 3206 434 sui]

3349 365 3453 430 438

218 481 505 534 Θετταλικά
540 481 720 533 πεδία.
753 482 925 535 Ἔνθα
957 485 1022 555 δὴ
1053 485 1240 556 χώραν
1270 487 1527 559 εὑρόντες
1561 487 1772 555 ἀγαθήν

1885 486 2113 550 pissent,
2149 493 2323 540 totum
2362 500 2565 538 annum
2596 493 2919 552 exegerunt,
2955 482 3101 552 agris
3149 482 3373 536 urcndis
3402 491 3459 535 et

213 590 270 626 τε
307 574 396 626 καὶ
440 571 595 625 πίονα
647 572 770 626 ὃλον
800 576 915 627 ἐκεῖ
963 575 1345 648 διατετρίφασι
1381 580 1474 633 τὸν
1506 580 1778 644 ἐνιαυτὸν,

215 668 311 733 τήν
338 681 394 717 τε
442 663 621 735 χώραν
671 666 926 737 δῃοῦντες
975 670 1069 722 καὶ
1101 670 1508 740 διαφθείροντες
1558 674 1659 725 ὅσα
1705 672 1780 741 μὴ

215 755 363 819 ἐντὸς
402 750 534 825 ἦσαν
586 757 783 827 τειχῶν
841 759 1068 829 μηδενὸς
1112 763 1590 835 ἀντιταττομένου.
1648 759 1779 833 Εἶχε

216 847 321 917 γὰρ
347 847 585 911 ἀσθενῶς
636 851 940 920 τηνικαῦτα
971 856 1041 906 τὰ
1086 856 1217 924 περὶ
1265 856 1565 910 Θετταλίαν
1599 858 1780 927 πράγ-

218 960 377 1010 ματα,
405 942 494 993 τοῦ
542 943 824 1006 διέποντος
860 949 1007 1023 ,ἐκεῖ
1045 947 1145 1019 τὴν
1204 948 1382 1021 ἀρχὴν
1419 950 1532 1021 (76)
1566 954 1688 1004 νέου
1720 966 1778 1003 τε

216 1035 361 1095 ὄντος
393 1036 489 1103 τὴν
516 1034 734 1105 ἠλικίαν
763 1037 857 1089 καὶ
901 1038 1145 1109 ἀπείρως
1175 1040 1391 1110 ἔχοντος
1428 1044 1486 1105 ἐς
1518 1041 1781 1113 πραγμά-

215 1143 318 1179 των
349 1128 596 1197 μεγάλων
625 1127 921 1199 διοίκησιν,
955 1132 1050 1185 καὶ
1081 1131 1258 1199 ἄλλως
1291 1135 1430 1203 νόσῳ
1453 1132 1780 1202 δαπανωμέ-

155 1284 171 1298 .
216 1236 302 1271 νου
345 1220 525 1289 μακρᾷ
556 1220 651 1273 καλ⁸
681 1222 805 1275 ὅσον
838 1222 1050 1277 οὐδέπω
1092 1223 1447 1292 τεθνήξεσθαι
1491 1224 1780 1293 μέλλοντος

215 1316 304 1365 καὶ
335 1316 449 1382 ἅμα
480 1314 629 1383 αὐτῷ
680 1315 1008 1368 καταλύσειν
1036 1316 1135 1386 τὴν
1183 1320 1378 1389 μέχρις
1409 1318 1575 1372 αὐτοῦ
1606 1318 1783 1373 διαδο-

216 1407 309 1475 χὴν
332 1406 427 1475 τῆς
452 1407 557 1461 τῶν
592 1408 880 1476 προγόνων
905 1410 1000 1462 καὶ
1030 1409 1553 1482 σεϐαστοκρατόρων
1580 1411 1779 1482 ἀρχῆς.

219 1499 446 1552 Γυναῖκα
484 1500 583 1569 μὲν
610 1502 719 1572 γάρ
749 1495 905 1566 οὗτος
940 1503 1180 1573 ἠγάγετο
1211 1504 1391 1573 ἐαυτῷ
1418 1504 1524 1574 πρὸ
1549 1504 1782 1575 βραχέος

218 1593 467 1662 Εἰρήνην.
508 1593 607 1662 τὴν
660 1592 824 1665 νόθην
854 1593 949 1648 τοῦ
983 1594 1247 1665 βασιλέως
1290 1594 1633 1665 Ἀνδρονίκου
1689 1598 1797 1659 θυ-,

218 1685 448 1755 γατὲρα·
481 1686 645 1739 παῖδα
674 1686 731 1739 δὲ
782 1688 900 1756 μετ’
938 1687 1111 1755 αὐτῆς
1140 1687 1200 1739 οὐ
1247 1688 1600 1757 γεγέννηκεν,
1630 1687 1690 1752 ὃς
1716 1690 1782 1742 ἂν
1829 1726 1840 1736 ο

216 1777 359 1847 αὐτῷ
398 1777 489 1847 τῆς
542 1779 718 1849 ἀρχῆς
747 1782 992 1849 καταστῇ
1023 1780 1286 1850 διάδοχος.
1333 1782 1441 1834 Καὶ
1470 1781 1558 1833 διὰ
1605 1780 1781 1834 ταῦτα

214 1840 543 1939 πλημμελῶς
787 1871 880 1925 τοῦ
914 1840 1285 1943 παρόντοξτά
1312 1873 1490 1926 ἐκεῖσε
1519 1873 1781 1944 ἐφέροντο
1815 1840 1854 1897 Β

217 1962 530 2033 πράγματα.
569 1964 803 2019 Πλείονα
831 1964 889 2017 δέ
912 1966 1005 2018 καὶ
1035 1966 1135 2034 τὴν
1159 1968 1238 2028 είς
1265 1966 1327 2018 τὸ
1366 1966 1561 2020 ἔπειτα
1588 1964 1782 2018 eam»

216 2057 451 2126 ταραχήν
490 2073 550 2109 τε
585 2056 681 2111 καὶ
732 2056 924 2111 στάσιν
956 2058 1117 2111 ἕνεκα
1151 2058 1252 2126 τῆς
1299 2059 1500 2129 ἀρχῆς,
1555 2058 1783 2128 ἀδηλίας

218 2149 288 2201 ἐτι
320 2148 746 2219 κεκαλυμμένου
781 2148 963 2218 βυθοῖς
999 2149 1099 2204 τοῦ
1138 2150 1346 2220 ταύτην
1380 2150 1780 2221 διαδεξομένου.

218 2225 311 2294 Καί
346 2240 447 2310 μὲν
474 2242 538 2311 δὴ
566 2243 662 2296 τοῦ
688 2259 747 2295 τε
773 2243 1043 2313 ἡγεμόνος
1070 2244 1169 2313 τῆς
1195 2244 1379 2313 χώρας
1410 2245 1615 2315 ἐσχάτῃ
1642 2246 1782 2315 νόσῳ

220 2331 558 2401 πιεζομένου,
595 2334 688 2386 καὶ
717 2334 827 2387 τῶν
873 2333 1148 2405 πολεμίων
1177 2335 1335 2405 δίκην
1367 2324 1564 2405 φλογὸς
1604 2336 1787 2389 ἐπιόν-

215 2442 312 2477 των
354 2426 452 2478 καὶ
485 2425 801 2495 νεμομένων
830 2427 929 2497 τὴν
959 2426 1168 2497 χώραν,
1202 2427 1347 2492 ἔδοξε
1393 2430 1459 2498 τῇ
1505 2428 1613 2493 τῶν
1653 2444 1788 2499 προ-

217 2521 442 2589 εχόντων
476 2521 594 2573 ἐκεῖ
622 2519 763 2574 κατά
796 2521 953 2586 γένος
982 2518 1170 2591 βουλῇ,
1194 2522 1443 2591 χρήμασι
1481 2521 1787 2591 περιελθεῖν

200 2610 325 2672 ’τοὺς
356 2611 655 2680 πολεμίους
700 2614 797 2666 καὶ
824 2611 1045 2682 δωρεῶν
1078 2612 1393 2683 ἁδροτέρων
1422 2611 1583 2666 ὤνιον
1617 2615 1782 2684 ἐσχη-

215 2702 362 2755 κέναι
401 2702 504 2774 τὴν
534 2703 762 2774 γνώμην
796 2704 905 2757 τῶν
939 2704 1254 2775 ἡγεμόνων,
1297 2704 1427 2775 πρὶν
1475 2706 1649 2760 ταῦτα
1682 2708 1783 2759 αὖ-

214 2796 329 2858 τοὺς
362 2796 589 2865 ἀφελεῖν
618 2796 857 2868 πολεμία
892 2798 1057 2868 χειρὶ,
1094 2797 1290 2851 δώσειν
1333 2816 1391 2852 τε
1444 2798 1781 2868 ὑποσχέσθαι

213 2887 466 2957 πομποὺς
494 2890 622 2951 τοὺς
655 2890 966 2953 ἀπάξοντας
998 2889 1094 2943 ἐπί
1132 2908 1189 2943 τε
1230 2893 1457 2961 Ἀχαΐαν
1487 2895 1581 2947 καὶ
1615 2894 1785 2946 Βοιω-

208 2983 346 3047 τίαν,
409 2979 599 3050 χώραν
634 2980 808 3051 ἀὸράν
857 2999 915 3035 τε
967 2984 1060 3036 καὶ
1111 2981 1393 3055 εὔκαρπον
1444 2988 1538 3039 καὶ
1581 2986 1782 3047 πολλὰς

1881 579 2136 633 omnibus
2167 579 2232 633 iis
2260 593 2381 647 qure
2414 587 2569 631 extra
2612 577 2816 632 nimnia
2849 587 3009 631 erant
3038 577 3336 641 vastandis,
3369 590 3457 628 re-

1882 664 2110 727 sistente
2141 671 2383 725 nemine.
2412 671 2566 733 Tunc
2598 671 2745 725 enim
2778 686 2867 727 res
2894 670 3281 726 Thessalorum
3309 671 3485 724 inlir--

1882 780 1983 818 tua:
2012 773 2165 818 erant
2195 762 2266 817 ob
2316 764 2659 817 immaturam
2705 764 2967 833 principis
3021 773 3259 829 tetatem,
3308 766 3460 817 nullo

1883 871 2203 924 magnarum
2258 871 2440 910 rerum
2498 857 2860 927 gerendarum
2906 872 3004 911 usu
3072 858 3353 922 instructis,
3395 874 3460 912 ac

1882 955 2144 1016 praetcrea
2167 948 2429 1002 diuturno
2463 948 2656 1002 morbo
2687 949 2988 1003 conﬂictati
3020 958 3076 1003 et
3097 949 3318 1018 jamjam
3350 964 3464 1002 mo-

1885 1037 2064 1099 rituri,
2101 1052 2285 1091 secum
2318 1048 2501 1090 autem
2546 1037 2912 1107 principatum
2949 1054 2976 1091 a
3011 1037 3321 1104 majoribus
3344 1052 3462 1092 ειη

1881 1128 2411 1184 sebastocratoribus
2440 1139 2705 1199 perpetua
2730 1131 3083 1185 successione
3100 1130 3167 1183 ad
3194 1145 3253 1183 se
3288 1146 3459 1198 usque
3534 1152 3541 1155 ·

1884 1223 2262 1277 transmissum
2304 1223 2663 1277 exstincturi.
2712 1222 2941 1277 Uxorem
2989 1223 3076 1278 hic
3128 1223 3290 1293 paulo
3333 1230 3463 1275 ante

1882 1316 2113 1369 duxerat
2192 1314 2426 1380 lrenen,
2478 1317 2702 1370 notham
2760 1316 3107 1386 imperatoris
3163 1314 3462 1370 Andronici

1886 1407 2047 1461 filiam
2077 1427 2088 1458 :
2118 1416 2282 1477 atque
2321 1424 2387 1463 ex
2412 1424 2473 1463 ea
2512 1409 2714 1463 nullam
2755 1409 2962 1477 prolem
2994 1417 3336 1477 susceperat,
3373 1407 3464 1462 cui

1884 1497 2217 1565 relinqueret
2258 1500 2644 1567 principatum.
2680 1497 2762 1552 Ob
2812 1500 2927 1553 hate
2974 1513 3159 1553 rerum
3200 1508 3374 1553 status
3411 1501 3462 1551 in

1883 1605 1946 1645 ea
1972 1590 2248 1658 provincia
2285 1601 2414 1646 tunc
2447 1592 2709 1660 temporis
2755 1591 3109 1660 perturbatus
3137 1591 3376 1661 majores
3409 1592 3464 1644 in

1885 1691 2162 1753 posterum
2192 1683 2379 1737 turbas
2418 1698 2484 1738 ac
2522 1682 2895 1738 dissensiones
2932 1683 3205 1753 parturire
3242 1684 3466 1739 videba-

1885 1759 2167 1846 turfquod
2196 1777 2249 1830 in
2280 1779 2517 1832 obscuro
2542 1778 2724 1831 adhuc
2751 1775 2912 1839 foret,
2940 1775 3062 1845 quis
3093 1776 3461 1846 principatum

1883 1881 2038 1935 illum
2106 1890 2252 1936 esset
2313 1889 2663 1950 excepturus.
2721 1881 2960 1935 Proinde
3016 1896 3137 1935 cum
3208 1881 3465 1951 princeps

1881 1987 2130 2031 extremo
2157 1974 2352 2030 morbo
2383 1975 2546 2045 250
2591 1974 2885 2040 laboraret,
2918 1984 2974 2028 et
3002 1975 3186 2029 hostes
3228 1973 3463 2029 ﬂamma:

1880 2067 2054 2122 instar
2074 2069 2414 2137 provinciam
2443 2075 2871 2138 pervagarentur
2897 2075 3063 2137 atque
3086 2067 3461 2132 absumerent,

1880 2160 2064 2215 habita
2101 2159 2499 2217 deliberatione
2536 2160 2570 2214 ii
2603 2160 2697 2230 qui
2729 2175 2930 2226 genere
2979 2160 3296 2215 eminebant
3327 2174 3464 2216 cen—

1879 2261 2132 2315 suerunt.
2181 2252 2429 2323 pecuniis
2472 2252 2809 2308 illiciendum
2859 2252 3110 2315 hostem,
3154 2261 3210 2307 et
3261 2252 3333 2307 du
3358 2268 3462 2305 tum

1888 2345 2202 2400 voluntates
2225 2344 2553 2414 largioribus
2575 2343 2733 2399 donis
2756 2344 3126 2409 redimendas,
3147 2343 3462 2414 priusquam

1888 2435 1981 2489 illa
2012 2436 2081 2489 ab
2108 2435 2176 2490 iis
2212 2434 2336 2505 jure
2372 2434 2500 2490 belli
2537 2444 2905 2504 raperentur;
2942 2419 3310 2503 ductoresque
3342 2450 3467 2503 pro-

1891 2526 2209 2592 mittendos,
2246 2527 2338 2597 qui
2369 2542 2465 2582 eos
2501 2528 2554 2581 in
2590 2525 2853 2581 Achaiam
2887 2534 2943 2580 et
2971 2527 3261 2589 Boeotiam,
3296 2526 3468 2597 regio

1890 2634 2014 2672 nem
2047 2618 2247 2672 cultam
2279 2628 2332 2672 ct
2371 2618 2685 2690 frugiferam
2724 2628 2780 2673 et
2809 2617 3149 2673 amoenitatis
3172 2616 3384 2687 plenam
3412 2626 3467 2672 et

1880 2714 2126 2766 omnium
2163 2714 2399 2768 maxime
2423 2713 2768 2768 commodam
2822 2714 2887 2768 ad
2923 2712 3303 2777 habitandum,
3343 2726 3468 2781 per-

1882 2806 2170 2860 ducerent.
2213 2805 2372 2871 Quod
2417 2805 2459 2860 si
2504 2805 2727 2859 auxiliis
2758 2814 2903 2859 esset
2932 2820 3092 2873 opus,
3134 2820 3198 2859 ea
3248 2819 3465 2873 quoque

1881 2896 2137 2950 alacriter
2170 2896 2370 2957 danda,
2400 2905 2455 2949 et
2487 2911 2586 2965 per
2613 2911 2830 2951 omnem
2861 2906 3077 2951 aetatem
3107 2896 3316 2950 amicos
3348 2894 3465 2949 illo-

1885 3003 2003 3040 rum
2042 2986 2257 3042 l'uturos
2284 3002 2343 3041 se
2373 2986 2762 3055 proﬁtendum.

212 3078 560 3146 κεκτημένην
584 3078 683 3141 τὰς
712 3078 944 3149 χάριτας
978 3080 1071 3132 καὶ
1096 3079 1214 3149 ἅμα
1247 3079 1384 3149 πρὸς
1418 3080 1634 3150 οἴκησιν
1700 3082 2157 3149 ἐπιτηδειοτάτην
2223 3079 2420 3135 ἲπασῶν
2444 3097 2457 3112 ’
2497 3084 2546 3136 εί
2614 3081 2671 3134 δὲ
2722 3081 2820 3134 καὶ
2867 3081 3188 3151 συμμαχίας
3232 3082 3461 3144 δέοιντο,

214 3176 297 3226 καὶ
328 3175 491 3228 τοῦτο
520 3174 577 3227 δὲ
626 3173 770 3242 μάλα
808 3173 1108 3244 προθύμως
1141 3173 1317 3227 τελεῖν
1353 3176 1447 3228 καὶ
1492 3174 1678 3242 φίλους
1710 3173 1847 3228 εἶναί
1886 3193 2041 3245 σφισι
2068 3175 2155 3229 διὰ
2187 3175 2329 3245 βίον.

275 3268 347 3322 B'.
387 3269 563 3322 Τοῦτο
590 3270 687 3322 καὶ
721 3270 831 3332 τοῖς
858 3269 1109 3331 Λατίνοις
1153 3268 1388 3339 ἀρεστόν
1416 3285 1471 3322 τε
1506 3268 1651 3332 ἔδοξε
1688 3270 1782 3323 καὶ

1925 3264 1928 3267 Α
1956 3272 2025 3326 ll.
2066 3270 2119 3325 ld
2154 3280 2209 3325 et
2243 3269 2452 3324 Latinis
2482 3268 2616 3339 ipsis
2647 3269 2851 3339 placuit
2880 3310 2895 3335 ,
2927 3270 3037 3324 imo
3063 3269 3464 3338 optatissimum

214 3362 347 3432 μάλα
378 3362 556 3432 δήπου
585 3360 728 3414 κατά
752 3359 1259 3431 γνὼμην.Ἔφασαν
1276 3359 1406 3430 γὰρ,
1435 3360 1510 3424 ὡς
1540 3378 1558 3410 ι
1588 3361 1648 3412 El.
1680 3378 1780 3413 πο-

210 3454 351 3525 λέμῳ
375 3455 463 3525 ίΡ.
487 3453 612 3525 154]
635 3455 728 3507 καὶ
757 3454 910 3524 μάχῃ
938 3454 1004 3506 τὰ
1027 3454 1125 3522 τῆς
1150 3452 1430 3516 ἐκϐάσεως
1463 3453 1780 3522 ἐπιτρέψαι-

213 3566 324 3616 μεν,
346 3551 382 3621 ἧ
410 3567 470 3602 τε
496 3548 649 3620 χώρα
675 3548 1015 3619 φθαρήσεται
1055 3546 1125 3598 τά
1156 3563 1216 3599 τε
1239 3548 1533 3616 πράγματα
1563 3563 1780 3617 συντρι-

212 3644 463 3712 6ήσονται
494 3644 603 3695 κάκ
628 3641 838 3694 πολλῶν
865 3643 919 3704 ἐς
949 3641 1134 3695 στενὸν
1164 3642 1355 3712 κομιδῆ
1388 3641 1780 3713 συνελαθήσον-

214 3751 330 3800 ται,
360 3734 502 3801 ὑπὲρ
534 3752 610 3788 ων
647 3736 776 3806 ἡμῖν
807 3736 840 3803 ἡ
874 3736 1024 3788 πᾶσα
1058 3735 1286 3805 σπουδή.
1322 3736 1553 3807 Ἔπειτα
1585 3739 1680 3788 καὶ
1712 3736 1777 3787 τά

214 3826 303 3896 τῆς
324 3826 480 3895 νίκης
504 3820 561 3879 οἷ
585 3827 956 3897 προχωρήσει,
974 3826 1083 3881 τῶν
1110 3828 1322 3880 πάντων
1352 3828 1500 3880 ἐστὶν
1524 3827 1697 3890 οὐδεὶς
1721 3826 1779 3881 ὃς

216 3919 562 3990 ἐξεπίσταται
590 3920 729 3991 πλὴν
769 3919 800 3990 ἢ
847 3919 1001 3981 Θεός.
1037 3918 1201 3989 Ἦμῖν
1235 3918 1447 3971 δ’ἐστιν
1476 3920 1550 3981 ὼς
1574 3919 1779 3973 ἐπίπαν

216 4013 679 4082 ἀμφῑσδητήσιμα
710 4011 996 4066 ταῦτακαὶ
1025 4013 1234 4088 οὐδαμῆ
1262 4029 1350 4066 πω
1376 4013 1545 4084 σαφῆ.
1579 4014 1641 4067 Εί
1671 4014 1780 4082 γὰρ

212 4106 262 4158 αἱ
287 4107 513 4169 πλείους
559 4106 837 4177 ξυντυχίαι
886 4109 1000 4170 τοῖς
1048 4106 1358 4179 ἀνθρώποις
1389 4107 1587 4177 ἐπίσης
1639 4108 1779 4159 εἰσὶν

211 4199 584 4268 ἐλπιζόμεναι,
613 4200 765 4253 οὐδὲν
797 4194 961 4271 ἦττον
1001 4202 1098 4253 καὶ
1126 4200 1277 4269 σφίσι
1304 4200 1364 4254 τὸ
1394 4203 1780 4271 περιγενέσθαι

215 4292 581 4362 συμὸάλλεται
612 4295 757 4364 ἣπερ
788 4294 940 4364 ἡμῖν.
974 4291 1113 4345 Οὔτε
1135 4294 1244 4364 γὰρ
1271 4294 1401 4363 ἡμῖν
1437 4295 1554 4346 ἐστι
1587 4298 1780 4349 πιστόν

212 4401 258 4438 τι
291 4386 562 4455 ἐχέγγυον
610 4386 666 4448 ἐς
697 4385 757 4439 τὸ
788 4384 985 4455 μέλλον
1018 4385 1148 4455 περὶ
1190 4385 1288 4455 τῆς
1317 4384 1495 4455 νίκης,
1538 4382 1651 4437 οὔτ’
1685 4387 1783 4438 αύ-

216 4481 328 4540 τοῖς
373 4475 618 4547 ἀπλανὴς
650 4477 704 4530 εῐ
736 4493 819 4539 τις
849 4476 979 4547 περὶ
1029 4475 1233 4547 ταύτης
1279 4476 1405 4542 δόξα
1464 4476 1781 4547 πρόσεστιν.
1815 4542 1825 4551 κ

215 4571 277 4625 Αἰ
294 4588 359 4623 τε
383 4570 496 4639 γάρ
526 4568 824 4639 δυσχωρίαι
854 4568 963 4622 τῶν
994 4568 1159 4637 ὀρῶν,
1195 4562 1276 4630 οἷς
1302 4570 1333 4635 ἡ
1379 4568 1541 4636 φύσις
1580 4568 1781 4621 πολλα-

1888 3364 2011 3419 fuit.
2056 3384 2073 3415 ι
2109 3362 2347 3428 Etenim,
2391 3363 2633 3425 aiebant.
2663 3363 2709 3418 si
2746 3362 2875 3416 belli
2908 3370 3166 3416 eventum
3210 3371 3264 3416 ct
3288 3379 3469 3416 armu-

1889 3476 2007 3512 rum
2064 3458 2342 3512 l'oitunam
2388 3460 2754 3526 experiamur,
2809 3456 3119 3510 vastabitnr
3160 3456 3464 3525 provincia,

1888 3568 2023 3622 ('pt'S
2062 3559 2402 3614 atterentur,
2445 3558 2499 3603 et
2541 3564 2608 3604 ex
2647 3563 2839 3619 magna
2877 3548 3031 3617 copia
3079 3548 3147 3603 ad
3194 3563 3464 3603 summam

1888 3646 2128 3711 inopiam
2158 3642 2431 3704 recident,
2469 3656 2567 3709 pro
2602 3641 2800 3706 quibus
2824 3643 3005 3697 omnis
3038 3656 3066 3694 a
3114 3644 3271 3697 nobis
3310 3640 3468 3695 labor

1888 3737 2205 3804 suscipitur.
2238 3733 2440 3789 Deinde
2480 3748 2651 3802 penes
2698 3748 2859 3802 quem
2896 3731 3122 3788 victoria
3158 3734 3339 3788 futura
3371 3732 3469 3799 sit,

1876 3842 2087 3896 praeter
2142 3828 2309 3883 Deum
2360 3842 2523 3881 nemo
2568 3827 2816 3880 omnium
2868 3826 3164 3895 prospicit:
3215 3825 3307 3882 sed
3348 3827 3465 3879 lucc

1889 3936 2115 3991 prorsus
2155 3922 2409 3991 ambigua
2443 3928 2495 3973 et
2531 3920 2710 3974 adhuc
2739 3920 2966 3973 minime
2996 3919 3299 3987 explorata.
3328 3918 3463 3972 Nam

1887 4020 2138 4090 quamvis
2170 4018 2417 4087 plerique
2456 4023 2689 4089 eventus
2747 4014 2814 4067 ab
2858 4013 3173 4067 hominibus
3209 4027 3273 4067 cx
3310 4027 3467 4080 aequo

1888 4120 2201 4181 sperentur,
2251 4107 2424 4162 nihilo
2454 4116 2637 4160 tamen
2673 4106 2852 4160 minor
2876 4104 2982 4159 illis
3012 4104 3265 4157 vincendi
3302 4119 3464 4172 quam

1891 4202 2049 4256 nobis
2081 4214 2208 4270 spes
2238 4198 2521 4268 proposita
2546 4206 2651 4251 est.
2679 4200 2755 4251 Ac
2805 4210 2983 4265 neque
3011 4209 3115 4248 nos
3163 4194 3358 4248 futurae
3389 4192 3467 4246 vi-

1891 4295 2075 4350 ctoriae
2109 4294 2304 4363 pignus
2340 4291 2508 4343 ullum
2539 4274 2749 4344 certum
2795 4289 3099 4353 habemus,
3143 4302 3245 4341 nec
3281 4286 3325 4341 si
3358 4302 3463 4356 qua

1892 4387 1999 4440 illis
2019 4383 2290 4455 ejusmodi
2322 4381 2516 4435 ﬁducia
2544 4387 2648 4443 est,
2670 4395 2731 4434 ea
2758 4379 2869 4432 falli
2898 4394 3006 4432 non
3034 4387 3231 4447 potest.
3254 4378 3466 4447 Quippe

1890 4489 1947 4535 et
1978 4476 2243 4532 montium
2276 4475 2405 4545 juga
2435 4488 2652 4543 aspera,
2696 4472 2897 4543 quibus
2948 4479 3143 4525 natura
3185 4471 3462 4541 regionem

1893 4570 2134 4638 undique
2165 4552 2383 4633 muniit,
2416 4567 2753 4622 habitatores
2788 4574 2935 4620 tutos
2966 4574 3019 4619 et
3051 4563 3288 4618 audaces
3325 4579 3458 4632 pne-

215 4668 368 4735 κόθεν
403 4667 505 4734 τὴν
533 4664 716 4734 χώραν
745 4663 1059 4734 ὠχύρωσεν,
1089 4663 1393 4731 ἀσφάλειάν
1439 4679 1496 4714 τε
1530 4664 1624 4716 καὶ
1651 4663 1784 4733 θάρ-

1894 4671 2082 4729 staut;
2117 4672 2171 4718 et
2203 4660 2426 4717 castella
2458 4662 2509 4714 in
2545 4660 2672 4714 aliis
2713 4658 2815 4713 sita
2851 4657 3133 4712 montibus
3178 4656 3463 4710 obsidendi

216 4762 442 4823 σος-τοῖς
480 4758 665 4827 ἐχουσι
700 4756 918 4810 δίδωσι·
957 4756 1028 4810 τά
1066 4772 1125 4809 τε
1173 4757 1412 4826 φρούρια
1444 4756 1528 4824 ἐφ’
1562 4756 1785 4826 ὑψηλῶν

218 4853 477 4923 ἱδρυμένα
522 4850 628 4905 τῶν
661 4851 845 4904 τόπων
895 4849 1182 4920 ἀμήχανον
1234 4850 1368 4918 ἡμῖν
1415 4849 1646 4917 παρέξει
1684 4850 1783 4919 τὴν

219 4945 554 5013 πολιορκίαν.
604 4943 764 4995 Ὥστε
813 4942 1093 5011 ὁποτέρως
1129 4940 1239 5006 ἐξει
1280 4940 1341 4993 τὸ
1374 4941 1627 5010 πρᾶγμα,
1683 4940 1784 4991 οὐκ

216 5036 368 5090 εὔοδα
410 5038 480 5089 τα
528 5034 629 5105 τῆς
678 5034 1001 5096 ἀποϐάσεως
1043 5034 1177 5104 ἡμῖν
1222 5032 1439 5103 ἀπαντᾷ
1470 5031 1645 5092 οὕτως
1691 5030 1785 5083 ἐπὶ

218 5131 369 5201 ξένης
400 5128 783 5199 πλανωμένοις
815 5131 913 5181 καὶ
955 5112 1243 5197 ἀλλοτρίας
1274 5125 1372 5178 καὶ
1405 5125 1660 5179 τοσοῦτον
1690 5124 1788 5193 τῆς

215 5225 416 5285 οἰκείας
442 5222 876 5291 ἀπῳκισμένοις.
907 5220 950 5272 Τ
954 5220 1030 5272 ὦν
1068 5218 1161 5271 οὖν
1184 5219 1552 5272 ἀτοπωτάτων
1586 5215 1652 5276 ἀν
1673 5218 1782 5286 εῐη,

219 5318 387 5389 παρὸν
440 5316 724 5389 ἐμπλῆσαι
767 5313 1044 5369 τοσούτων
1097 5314 1396 5384 χρημάτων
1449 5312 1548 5374 τὰς
1602 5309 1785 5375 δεξιὰς

219 5410 341 5464 ἀνευ
375 5413 555 5465 πόνων
584 5410 681 5463 καὶ
724 5409 842 5477 ἅμα
882 5405 1190 5478 συμμάχων
1225 5404 1319 5457 καὶ
1350 5403 1521 5475 φίλων
1547 5401 1784 5471 εὐπορῆ-

1892 4757 2207 4811 l'acultatem
2234 4768 2451 4808 omnem
2486 4753 2644 4807 nobis
2674 4750 2943 4805 adimunt.
2974 4748 3154 4814 Quare
3186 4757 3466 4817 utcunque

1892 4861 1980 4901 res
2010 4844 2292 4907 ceciderit,
2326 4859 2432 4897 non
2477 4842 2637 4896 facile
2668 4840 2770 4895 hac
2799 4840 2883 4893 via
2910 4839 3070 4893 nobis
3100 4837 3378 4903 succedet,
3410 4838 3489 4893 in-

1841 4929 1850 4936 ’
1890 4939 2073 4993 alieno
2116 4953 2180 4992 ac
2233 4936 2527 5007 peregrino
2576 4934 2735 5004 251
2788 4934 2905 4987 solo
2952 4931 3366 4996 oberrantibus,
3412 4941 3466 4986 et

1892 5042 2000 5087 tam
2033 5030 2191 5101 longe
2223 5046 2250 5083 a
2284 5030 2460 5099 patria
2489 5029 2758 5098 n-legatis.
2793 5025 3266 5081 Absurdissimum
3300 5026 3467 5097 igitur

1892 5124 2081 5185 fuerit,
2120 5137 2244 5176 cum
2289 5123 2497 5191 absque
2541 5119 2732 5174 labore
2774 5118 3009 5189 pecunia
3058 5120 3313 5173 dexteras
3363 5121 3466 5169 im-

1893 5217 2042 5286 plere
2074 5215 2380 5284 eademque
2409 5228 2573 5281 opera
2608 5212 2785 5266 socios
2816 5210 2976 5265 nobis
3005 5217 3061 5265 et
3089 5209 3294 5263 amicos
3335 5209 3468 5262 tales

1889 5307 2173 5377 acquirere
2219 5308 2511 5377 possimus,
2567 5322 2628 5357 ea
2685 5305 2972 5358 occasione
3012 5311 3218 5372 spreta,
3272 5316 3466 5371 magna

1890 5399 2132 5469 pericula
2160 5400 2364 5453 incerta
2388 5413 2488 5468 spe
2523 5397 2727 5451 subire.
2769 5415 2787 5447 ι

3066 5457 3083 5481 \

222 5524 305 5561 σαι
333 5508 618 5573 τοιούτων,
650 5505 842 5559 ἔπειτα
878 5501 1343 5574 παραδραμόντας
1372 5501 1514 5569 ὑπὲρ
1559 5498 1773 5567 ἀδήλων
1812 5497 2053 5550 ἀλπίδων
2087 5498 2361 5567 μεγάλους
2407 5496 2766 5567 ἀναδέχεσθαι
2802 5494 3105 5558 κινδύνους.
3133 5511 3149 5544 ι

1522 5619 1855 5682 Variorum
1906 5630 2095 5682 nota}.

252 5733 639 5814 .(76)_Joannis
675 5730 1034 5814 Angeli,‘qui,
1088 5729 1252 5784 ducta
1279 5726 1434 5781 lrcnc
1466 5724 1768 5781 Andronici
1812 5725 1924 5795 imp
1977 5726 2084 5779 lilia
2116 5725 2307 5787 notha,
2340 5722 2579 5779 triennio
2644 5732 2766 5794 post
2797 5720 2966 5776 nullis
3024 5713 3295 5784 susceptis
3319 5710 3464 5767 libe-

223 5803 338 5863 rise
360 5803 468 5861 vita
501 5813 836 5860 euzesserat.
869 5803 1100 5857 Ducam.
