4016 6578
362 395 462 460 4T7
647 394 722 469 [Α.
767 414 815 454 c.
860 399 997 456 {282
1036 418 1108 456 to
1144 401 1302 476 1328]

1408 407 1855 470 ΒΥΖΑΝΤΙΝᾹΞ
1894 409 1937 473 Η

2039 410 2285 476 ΙῸΡιΙᾹΞ
2327 417 2468 476 LIB.
2512 419 2644 479 VII.
2727 413 2862 487 [IHP-
2909 430 3187 470 Αιωωηειο·
3231 414 3374 489 SEN-1
3437 414 3474 433 ’
3517 423 3623 489 438

347 509 550 580 ’ἀνδρὸς
612 512 845 583 εύῗοκεῖ,
904 519 1014 572 οὐδ’
1063 522 1122 574 ὲν
1169 522 1367 595 πλήθει
1416 522 1722 594 ίσχύος,ώς
1781 523 1937 588 αὐτὸς

2047 539 2154 592 est,
2192 544 2293 585 nec
2323 530 2378 584 in
2425 531 2775 587 multitudine
2816 533 3034 598 virium,
3069 544 3129 588 ut
3174 535 3291 603 ipsc
3337 551 3443 605 per
3464 537 3624 592 Davie

358 601 447 655 διὰ
489 605 655 658 Δαὸὶδ
684 607 776 660 τοῦ
809 613 1089 680 προφήτου
1123 615 1309 684 φησὶν,
1362 614 1479 670 ἀλλ’
1503 617 1561 670 ὲν
1603 633 1941 686 συντετριμ-

364 696 502 769 prd-va
546 700 741 771 καρδίᾳ
792 704 888 756 καὶ
931 707 1207 777 πνεύματι
1254 708 1662 775 ταπεινώσεως.
1719 709 1809 781 Τῷ
1840 711 1941 782 μὲν

358 784 452 841 οὖν
478 790 579 859 υίῴ
626 792 705 861 τῷ
732 794 850 865 ἐμῷ
881 798 974 850 καὶ
1003 798 1218 869 βασιλεί
1236 802 1468 874 Μιχαὴλ
1502 797 1661 874 οἶμαι
1693 803 1940 873 ἀπεχθα-

360 880 585 949 νόμενος
617 882 704 937 διὰ
735 886 802 941 τὰ
852 888 963 942 τῶν
1003 894 1303 959 φυσάντωνί
1344 896 1797 967 πλημμελήματα
1841 896 1941 969 τὴν

361 973 490 1040 παρ’
520 976 717 1032 ἑαυτοῦ
770 983 1091 1053 συμμαχίαν
1145 986 1207 1039 οὐ
1263 987 1486 1042 δίδωσι⁶
1521 988 1681 1042 δώσει
1716 989 1760 1042 δ’
1809 993 1941 1052 ἴσως

358 1066 557 1137 suum?!
585 1068 664 1139 τῷ
692 1071 874 1142 σεμνῷ
898 1077 990 1127 τόν
1022 1078 1227 1144 τεβὶον
1257 1081 1350 1133 καὶ
1378 1080 1600 1149 τρόπον.
1624 1082 1942 1154 Τιμιωτέρα

361 1157 471 1228 γὰρ
505 1160 659 1227 παρὰ
689 1164 880 1236 Κυρίῳ
908 1168 1176 1239 σεμνότης
1209 1171 1307 1225 καὶ
1359 1172 1473 1242 βίος
1515 1174 1757 1244 ἄληπτος
1801 1176 1941 1243 ὑπὲρ

353 1249 587 1319 δύναμιν
626 1253 829 1311 ὅπλων.
876 1258 1224 1334 ’Δπέστρεψα
1260 1266 1390 1332 γὰρ,
1446 1267 1605 1335 φησὶ,
1655 1267 1752 1320 καὶ
1800 1263 1942 1321 εἶδον

359 1340 464 1393 ὑπὸ
493 1340 584 1394 τὸν
615 1343 791 1415 ἥλιον,
822 1349 904 1401 ὅτι
937 1350 999 1404 ού
1036 1356 1148 1416 τοῖς
1183 1353 1409 1423 κούφοις
1444 1358 1473 1410 ό
1506 1357 1729 1429 δρόμος,
1760 1361 1853 1412 καὶ
1878 1360 1940 1413 ού

354 1435 466 1523 τοῖς
494 1435 743 1501 δυνατοῖς
761 1441 789 1492 ὁ
810 1441 1070 1514 πόλεμος,
1103 1448 1196 1500 καί
1226 1465 1289 1516 γε
1321 1451 1379 1502 ού
1405 1451 1481 1518 τῷ
1509 1452 1659 1522 σιφῷ
1690 1454 1720 1506 ό
1752 1454 1940 1523 ἄρτος,

357 1522 453 1576 καί
470 1542 532 1592 γε
558 1528 619 1579 ού
644 1531 757 1593 τοῖς
788 1538 1029 1595 συνετοτς
1058 1537 1087 1589 ό
1114 1528 1363 1603 πλοῦτος,
1387 1543 1480 1595 καί
1512 1561 1571 1611 γε
1606 1546 1668 1598 ού
1700 1548 1812 1610 τοῖς
1862 1562 1944 1613 γι-

355 1616 664 1673 νώσκουσιν
689 1622 721 1692 ἡ
746 1623 938 1695 χάρις’
976 1628 1060 1682 ὅτι
1090 1630 1280 1701 καιρὸς
1308 1634 1403 1686 καὶ
1431 1635 1731 1706 ἀπάντημα
1753 1654 1945 1692 συναν-

353 1707 576 1803 τησεται
602 1713 771 1768 πᾶσιν
787 1717 1026 1783 αὐτοῖς.»
1053 1722 1162 1776 Καὶ
1202 1725 1303 1793 μὲν
1328 1726 1393 1796 δὴ
1415 1728 1598 1782 πᾶσαν
1626 1730 1817 1784 τούτου
1843 1732 1943 1803 τὴν

355 1800 572 1893 σίτησιν
600 1803 629 1856 ό
661 1804 915 1876 βασιλεὺς
940 1812 1194 1886 ἀσμένως
1225 1819 1582 1892 ἀποπιμπλᾷ,
1601 1823 1864 1893 χρήματὰ
1880 1800 1940 1879 τε

356 1892 451 1946 καὶ
474 1894 619 1950 ὅπλα
646 1898 740 1953 καὶ
773 1899 938 1957 ἵππον
966 1904 1099 1976 ὅσην
1125 1908 1220 1961 καὶ
1241 1908 1361 1963 οἵαν
1387 1892 1645 1967 ἐϐούλετο
1667 1892 1817 1980 δούς.

428 1984 502 2041 Δ’.
546 1988 614 2042 Ἀ
658 1989 720 2062 δὴ
766 1993 945 2048 πάντα
1006 1997 1148 2053 κατὰ
1196 2000 1428 2072 γνώμην
1466 2003 1615 2075 αὐτῴ
1672 2008 1940 2074 γεγονότα

356 2078 715 2149 παρειληφὼς
762 2085 790 2137 ό
833 2082 997 2158 Φιλῆς
1030 2086 1226 2159 πρῶτα
1258 2091 1360 2162 μὲν
1390 2094 1817 2167 φιλοφροσύναις
1846 2101 1941 2154 καὶ

352 2168 637 2235 δεξιώσεσι
684 2178 1067 2246 παντοδαπαῖς
1097 2183 1453 2257 ἁναρριπίζει
1507 2190 1635 2254 τοὺς
1672 2193 1942 2263 στρατιώ-

353 2277 451 2357 τας
478 2264 537 2327 ἐς
575 2266 754 2336 φλόγα
788 2269 1096 2345 πολεμικῆς
1135 2276 1348 2348 ὁρμῆς,
1396 2283 1658 2351 χρήματά
1684 2302 1742 2338 τε
1783 2304 1941 2357 χαρι-

356 2352 584 2423 ζόμενος
627 2360 721 2413 καὶ
752 2360 953 2428 ἵππους
978 2366 1073 2419 καὶ
1098 2367 1239 2435 ὅπλα
1288 2373 1382 2424 καὶ
1423 2373 1730 2444 ἐκπώματα
1750 2352 1940 2432 item

354 2446 522 2545 δότε
553 2451 647 2503 καὶ
685 2453 785 2524 τὴν
816 2453 1012 2511 ἑαυτοῦ
1036 2457 1223 2531 ζώνην
1269 2462 1578 2533 λυσάμενος
1626 2470 1941 2545 στρατιώτῃ

357 2541 660 2611 χαρίζεται,
685 2546 829 2617 ἄλλῳ
857 2548 911 2603 δὲ
936 2552 995 2603 τὸ
1026 2553 1224 2607 ἑαυτοῦ
1252 2558 1638 2628 παραξιφίδιω
1658 2579 1671 2593 ’
1700 2541 1943 2633 όμοδίαιίλ

358 2633 447 2726 τός
474 2653 532 2689 τε
567 2639 749 2700 αὐτοῖς
776 2642 984 2708 γίνεται
1015 2663 1105 2697 κα.
1133 2647 1406 2716 ὁμόπνους
1453 2652 1619 2723 (2-5),
1654 2656 1822 2726 τιμάς
1878 2676 1939 2712 τε

360 2724 543 2791 αὐτοῖς
594 2729 937 2803 ὑπισχνεῖται
977 2738 1072 2790 καὶ
1106 2739 1314 2808 δωρεὰς
1347 2743 1408 2794 ού
1438 2756 1642 2815 μικρὰς
1672 2724 1810 2817 μετὰ
1848 2750 1941 2803 τὸν

356 2817 593 2889 πόλεμον
647 2824 941 2893 ἀναλόγους
980 2831 1092 2894 τοῖς
1144 2830 1354 2899 ἀγῶσιν
1406 2835 1678 2890 ἑκάστουο
1747 2840 1940 2896 ἔπειτα

356 2909 537 2983 πάσης
561 2913 771 2978 ἀδικίας
802 2919 1100 2988 ἀφέξεσθαι
1133 2929 1409 2995 παραινεῖ.
1445 2929 1650 2997 ἱερεῦσί
1680 2949 1740 2984 τε
1772 2933 1930 2987 πλεῖ-

359 3019 461 3058 στα
488 3004 734 3076 διανέμει
764 3014 1021 3083 χρήματα
1065 3015 1303 3087 δεήσεων
1331 3018 1496 3075 ἕνεκα
1520 3022 1631 3076 τῶν
1661 3025 1804 3097 ὑπὲρ
1841 3027 1937 3081 τοῦ

358 3098 595 3168 στρατοῦ
643 3104 734 3155 καὶ
761 3106 924 3159 αὑτοῦ
958 3110 1094 3178 πρὸς
1125 3110 1275 3167 Θεόν.
1316 3114 1427 3166 Καὶ
1458 3116 1553 3168 ἐπὶ
1582 3117 1796 3182 τούτοις
1824 3119 1934 3176 δεῖν

2041 622 2163 676 dem
2225 620 2551 691 prophetam
2597 624 2694 689 ait,
2740 626 2838 680 sed
2875 627 2930 680 in
2966 627 3205 681 contrito
3245 628 3413 683 corde
3461 638 3518 684 et
3564 633 3618 685 in

2043 713 2243 782 spiritu
2299 715 2641 771 humilitatis.
2695 716 2961 772 Nimirum
3025 719 3134 773 lilio
3194 734 3318 774 meo
3373 719 3620 778 Michaeli

2043 805 2357 875 imperatori
2382 818 2608 878 propter
2630 818 2921 879 parentum
2952 810 3173 873 delicta.
3205 821 3264 866 ut
3290 812 3510 882 Opinor,
3539 811 3620 866 iu-

2044 898 2234 955 i’cnsus
2267 900 2410 955 ferre
2440 916 2600 971 opem
2632 913 2849 959 recuset
2880 926 2894 958 :
2933 904 3022 958 isti
3059 915 3242 960 autem
3274 905 3511 960 fortasse
3538 905 3622 960 la-

2044 1003 2202 1049 turus
2228 1002 2336 1057 est,
2369 996 2492 1049 vitae
2524 995 2812 1051 honestate
2845 1008 2901 1052 et
2929 998 3168 1067 antiquis
3200 998 3443 1054 moribus
3468 1014 3622 1055 com-

2044 1086 2362 1152 mendabili.
2390 1087 2568 1143 Pluris
2601 1089 2803 1157 quippe
2832 1090 2891 1144 iit
2915 1093 3060 1159 apud
3102 1091 3269 1146 Deum
3310 1092 3538 1148 honesta
3568 1101 3625 1148 et

2044 1179 2322 1248 inculpata
2399 1180 2549 1246 vita,
2589 1196 2754 1249 quant
2818 1181 2966 1236 vires
3031 1198 3334 1241 armorum.
3363 1183 3623 1239 Converti

2042 1271 2189 1341 enim
2222 1287 2328 1335 tne,
2366 1269 2543 1338 inquit
2568 1273 2610 1333 ¹,
2660 1280 2720 1326 et
2764 1272 2871 1326 vidi
2915 1273 3018 1328 sub
3049 1272 3184 1340 sole,
3222 1289 3321 1329 nec
3355 1273 3623 1328 velocium

2043 1377 2166 1417 esse
2208 1377 2455 1424 cursum.
2497 1378 2601 1419 nec
2632 1366 2938 1434 potentium
2971 1365 3194 1429 bellum,
3227 1380 3330 1419 nec
3362 1364 3625 1435 sapientis

2045 1470 2264 1523 panem,
2296 1470 2398 1509 nec
2431 1455 2763 1525 prudentum
2796 1455 3035 1515 divitias.
3074 1472 3178 1510 nec
3206 1456 3621 1527 iutelligentium

2043 1545 2272 1616 gratiam
2307 1565 2320 1600 :
2353 1547 2614 1616 quoniam
2656 1556 2875 1616 tempus
2904 1559 2957 1602 et
3003 1557 3235 1602 eventus
3273 1548 3339 1601 iis
3367 1547 3624 1602 omnibus

2045 1648 2322 1694 occurret.
2361 1658 2379 1690 ι
2425 1640 2614 1709 Itaque
2638 1641 2906 1710 quidquid
2935 1639 3027 1695 ille
3058 1640 3323 1708 petierat,
3343 1639 3504 1710 265
3529 1655 3627 1694 cu-

2044 1730 2172 1799 pide
2210 1731 2510 1800 imperator
2542 1732 2883 1800 exsequitur,
2930 1731 3184 1801 pecunia.
3222 1730 3411 1795 armis,
3444 1731 3623 1801 equis,

2046 1832 2181 1895 quot
2204 1833 2261 1879 et
2286 1824 2473 1895 quales
2503 1825 2751 1880 voluerat
2781 1825 2942 1880 datis.

2115 1998 2206 2056 IV.
2249 2000 2381 2067 Quae
2410 2016 2534 2057 cum
2570 2003 2755 2059 omnia
2790 2002 2977 2063 Philcs
3016 2017 3084 2056 ex
3134 2000 3302 2057 animi
3349 2002 3618 2056 sententia

2042 2093 2399 2158 obtinuisset,
2429 2103 2541 2150 tum
2568 2095 2684 2167 ipse
2711 2094 3055 2150 humanitate
3087 2094 3325 2164 primum
3357 2102 3411 2147 et
3439 2093 3622 2173 omnis

2041 2187 2261 2256 generis
2310 2186 2502 2240 oﬂiciis
2543 2187 2798 2240 bellicum
2856 2186 3107 2241 ardorem
3164 2195 3219 2240 et
3261 2185 3528 2254 impetum
3566 2185 3619 2239 iu
3712 2210 3719 2219 κ

2042 2278 2242 2333 animis
2284 2278 2521 2332 militum
2555 2278 2834 2344 excitare;
2881 2278 3165 2346 pecunias,
3200 2293 3411 2348 ,equos,
3446 2293 3620 2345 arma,

2042 2371 2235 2442 poeula
2265 2370 2485 2440 largiri;
2518 2370 2794 2424 interdum
2825 2381 2879 2426 ct
2908 2386 3100 2426 zonam
3126 2387 3288 2426 suam
3319 2371 3535 2424 solvere
3569 2377 3624 2424 et

2044 2463 2201 2517 militi
2233 2463 2364 2518 dare
2386 2480 2401 2528 ;
2424 2463 2514 2517 alii
2542 2463 2834 2534 pugionem
2866 2463 3106 2529 oderrc;
3134 2463 3325 2519 eodem
3359 2462 3485 2518 victi
3518 2463 3620 2528 uti;

2042 2554 2187 2609 idem
2222 2556 2359 2610 velle
2406 2565 2462 2609 et
2512 2559 2759 2620 sentire;
2814 2557 3067 2611 honores,
3098 2565 3153 2611 et
3208 2556 3462 2611 donativa
3509 2569 3621 2609 nou

2043 2663 2233 2718 parva,
2269 2665 2389 2718 quae
2414 2649 2685 2719 cujusque
2714 2650 3000 2706 laboribus
3032 2650 3452 2719 responderent,
3480 2648 3622 2704 bello

2040 2740 2296 2797 confecto
2326 2742 2736 2811 persoluturum
2780 2758 2838 2797 se
2872 2743 3228 2812 promittere;
3265 2742 3395 2796 item
3427 2757 3619 2797 mone-

2043 2850 2123 2899 re,
2175 2847 2232 2889 ut
2273 2836 2340 2890 ab
2380 2836 2529 2891 omni
2578 2835 2778 2906 ﬂagitio
2827 2836 2932 2891 sibi
2987 2844 3338 2907 temperent;
3386 2836 3622 2906 denique

2041 2928 2419 2984 sacerdotibus
2480 2944 2729 3000 magnam
2796 2928 3086 2999 pecuniam
3143 2929 3495 2992 distribuere,
3561 2938 3622 2982 ut

2044 3021 2212 3074 Deum
2245 3035 2346 3092 pro
2384 3036 2444 3076 se
2476 3030 2533 3075 et
2565 3021 2812 3075 exercitu
2842 3022 3230 3091 deprecentur.
3258 3021 3339 3077 Ad
3368 3022 3485 3076 haac
3519 3036 3620 3075 an-

2043 3121 2261 3182 tequam
2304 3114 2440 3168 urbe
2479 3113 2855 3178 egrederetur,
2907 3114 3277 3168 necessarium
3322 3112 3481 3168 duxit
3522 3126 3622 3165 ex-

354 3190 559 3261 ἔκρινε,
596 3194 727 3264 πρὶν
754 3196 992 3263 ἐξελθεῖν
1024 3204 1121 3272 τῆς
1157 3203 1576 3280 βασιλευούσης,
1606 3210 1779 3281 λάθρα
1806 3216 1934 3277 τοὺς

2041 3209 2344 3279 ploratores
2375 3208 2655 3278 praemitti,
2682 3207 2776 3277 qui
2802 3207 3038 3262 hostium
3067 3217 3248 3262 castra
3273 3206 3622 3277 specularen-

354 3286 869 3357 κατασκεψομένους
926 3292 994 3347 τὰ
1057 3295 1167 3350 τῶν
1235 3298 1514 3369 πολεμίων
1595 3304 1935 3371 στρατόπεδα

354 3377 591 3466 πέμψαι,
624 3381 700 3443 ὡς
751 3383 825 3455 μὴ
856 3386 1203 3456 ἀτέκμαρτον
1247 3390 1361 3465 ἔχοι
1389 3395 1488 3464 τὴν
1534 3393 1776 3466 κίνησιν.
1821 3399 1932 3453 Καὶ

353 3465 417 3537 δὴ
453 3469 643 3536 μαθὼν
671 3472 746 3536 ὼς
772 3475 974 3544 χιλίους
1003 3478 1200 3545 πεζοὺς
1227 3481 1324 3534 καὶ
1344 3465 1654 3549 διακοσίους
1686 3485 1774 3560 [Ρρ
1807 3488 1932 3562 164]

357 3561 562 3626 ἱππέας
592 3565 621 3616 ὁ
668 3565 853 3636 Χαλὴλ
887 3569 1292 3642 ἀπολεξάμενος
1340 3576 1609 3645 πρότριτα
1647 3561 1930 3650 πέπομφε,

356 3654 536 3718 πάσας
572 3656 672 3719 τὰς
707 3662 836 3730 περ).
865 3660 962 3730 τὴν
1000 3663 1203 3736 Βιζύην
1242 3671 1797 3740 καταστρεφομένους
1827 3674 1933 3744 χώ-

356 3762 459 3816 ρας
489 3747 583 3799 καὶ
614 3749 872 3821 πλείστην
922 3755 1132 3808 ἐκεῖθεν
1179 3759 1330 3829 αὐτῷ
1359 3760 1459 3831 τὴν
1490 3760 1641 3818 λείαν
1674 3768 1933 3835 κομίσον-

354 3853 478 3901 τας,
514 3837 681 3904 ἔξεισι
709 3841 809 3913 τὴν
838 3844 1456 3920 ταχίστηνκβουλόμενος
1487 3855 1615 3921 πρὶν
1639 3857 1931 3930 ἐπανήκειν

355 3928 484 3991 τοὺς
506 3931 806 4023 ,πολεμίους
860 3938 1130 4007 συμμῖξαί
1167 3955 1320 4009 σφισι
1360 3946 1490 4015 περὶ
1520 3946 1619 4018 τὴν
1660 3949 1779 4003 ὁδὸν
1800 3928 1931 4023 -ἇμα

354 4024 469 4084 τοῖς
502 4022 765 4094 λαφύροις
798 4030 1103 4086 ἑπανιοῦσι.

431 4114 503 4168 E'.
536 4115 790 4187 Τριταίος
849 4123 951 4191 μὲν
997 4121 1090 4176 οὖν
1122 4125 1187 4178 ἐκ
1240 4126 1347 4179 τῶν
1377 4129 1474 4197 τῆς
1538 4130 1931 4207 βασιλευούσης

354 4206 494 4276 ἄρας
521 4213 864 4280 προαστείων
894 4215 1204 4284 ἀφικνεῖται
1236 4221 1364 4286 περὶ
1398 4224 1645 4292 ποταμὸν
1682 4206 1932 4297 Ξηρόγυ-

351 4297 452 4368 ψον
476 4300 573 4370 (ι),
599 4302 799 4357 οὑτωσί
818 4321 935 4369 πως
957 4308 1239 4378 ἐγχωρίως
1262 4312 1616 4381 καλούμενον.
1651 4317 1816 4372 Ἔνθα
1837 4320 1932 4374 καὶ

358 4395 559 4463 ὁμαλὸς
589 4398 617 4449 ό
646 4397 822 4467 χῶρος
849 4393 918 4469 ἦν
946 4400 1042 4452 καὶ
1069 4402 1257 4466 πεδιὰς
1285 4403 1485 4475 ἀρίστη
1515 4407 1650 4475 πρός
1676 4426 1732 4461 τε
1764 4426 1931 4481 στρα-

358 4487 640 4553 τοπεδείας
674 4490 769 4543 καὶ
802 4492 1096 4563 συρρἡξεις
1129 4495 1406 4566 πολέμων.
1442 4499 1709 4554 Ἐνταῦθα
1741 4501 1808 4570 δὴ
1836 4500 1931 4556 οὖν

358 4583 961 4652 στρατοπεδευσάμενος
990 4587 1235 4641 διέταττε
1279 4590 1377 4653 τὰς
1417 4591 1622 4660 τάξεις,
1675 4595 1802 4658 τοὺς
1831 4607 1927 4651 τοι·
1963 4585 2007 4640 Ῑ)

353 4674 631 4746 ξιάρχους,
686 4681 813 4740 τοὺς
864 4680 1076 4750 λόχους,
1108 4684 1235 4742 τοὺς
1284 4684 1573 4753 λοχαγοὺς,
1607 4686 1735 4751 τοὺς
1762 4688 1931 4760 ούρα-

353 4770 504 4834 γοὺς,
542 4768 641 4828 τὰς
668 4770 975 4836 φάλαγγας,
1005 4771 1189 4841 λόγοις
1214 4788 1273 4825 τε
1305 4773 1594 4844 μειλιχίοις
1623 4779 1793 4847 συχνὰ
1825 4796 1933 4833 πα·

354 4859 717 4931 ραθαρῤύνων
749 4861 844 4915 καὶ
877 4864 1177 4935 προπόσεσι
1226 4865 1592 4936 δεξιούμενος,
1629 4870 1720 4922 καὶ
1750 4870 1930 4927 πάντα

357 4952 526 5016 ποιῶν
563 4954 667 5007 ὃσα
693 4955 861 5010 ρτόνον
901 4955 1085 5010 δίδωσι
1113 4959 1182 5028 τῇ
1216 4958 1325 5010 τῶν
1368 4960 1582 5030 ἀνδρῶν
1622 4963 1926 5035 προθυμίᾳ.

358 5048 459 5101 Δύο
497 5047 776 5119 παρῆλθον
824 5050 1031 5121 ἡμέραι
1078 5053 1175 5106 καὶ
1202 5052 1431 5123 ἥκουσιν
1473 5055 1525 5107 οἱ
1567 5058 1764 5110 σκοποὶ
1799 5060 1933 5129 περὶ

358 5142 529 5209 μέσας
559 5141 758 5206 νύκτας
780 5183 795 5208 ,
846 5143 1014 5211 ἐγγὺς
1052 5139 1193 5198 εἶναι
1226 5146 1355 5210 τοὺς
1399 5147 1693 5219 πολεμίους
1724 5152 1927 5222 ἀγγέλ-

356 5235 536 5297 λοντες
573 5233 713 5305 μετὰ
762 5233 975 5287 πολλῶν
1023 5237 1134 5289 τῶν
1166 5236 1422 5308 λαφύρων
1473 5242 1802 5310 ἐπανιόντας
1831 5248 1927 5302 ἁν-

356 5326 495 5393 δρῶν
521 5325 660 5397 ὁμοῦ
691 5327 788 5380 καὶ
816 5328 1098 5396 γυναικῶν
1143 5332 1241 5386 καὶ
1284 5333 1495 5403 νηπίων
1544 5337 1641 5390 καὶ
1687 5339 1925 5411 κτηνῶν.

359 5418 507 5487 Ἀμα
539 5419 585 5473 δ’
636 5420 774 5491 ἡλίῳ
829 5423 923 5473 καὶ
975 5425 1024 5475 oi
1084 5422 1334 5495 πολέμιοι
1369 5424 1791 5496 ἀναφαίνονται·
1832 5434 1928 5488 καὶ

426 5530 443 5561 ⁸
473 5530 620 5586 Psal.
655 5546 814 5598 στιν,
848 5531 938 5591 10.

2043 3307 2152 3362 tur,
2186 3313 2254 3353 ne
2276 3313 2333 3354 se
2364 3299 2480 3369 ipse
2507 3308 2712 3354 temere
2744 3306 3010 3353 moveret.
3038 3297 3175 3352 Cum
3208 3307 3390 3371 autem
3421 3313 3622 3368 cogun-

2041 3391 2231 3456 visset,
2291 3390 2568 3445 Chalclcm
2632 3391 3034 3446 nudiustertius
3093 3391 3242 3449 mille
3299 3391 3511 3461 pedites
3564 3401 3616 3446 et

2042 3484 2306 3539 ducentos
2341 3483 2553 3554 equites
2582 3484 2872 3555 delegisse,
2919 3485 3011 3555 qui
3044 3499 3237 3539 omnes
3269 3498 3428 3554 agros
3459 3484 3615 3554 juxta

2040 3575 2257 3645 Bizyam
2311 3576 2724 3646 popularentur,
2765 3585 2819 3632 et
2864 3576 3155 3630 maximam
3207 3576 3336 3631 inde
3381 3575 3616 3644 praedam

2041 3665 2315 3733 alTerrcnt,
2352 3677 2586 3723 maturat
2620 3669 2827 3723 exitum
2856 3685 2922 3723 eo
2951 3668 3205 3732 consilio,
3240 3677 3302 3723 ut
3358 3683 3482 3724 cum
3520 3669 3619 3722 ho-

2041 3760 2217 3815 stibus
2246 3760 2489 3815 nondum
2520 3760 2586 3813 ad
2617 3775 2746 3816 suos
2778 3761 3033 3821 reversis.
3047 3762 3141 3817 sed
3172 3776 3296 3817 cum
3325 3760 3504 3833 praeda
3536 3774 3620 3816 reo

2041 3851 2355 3918 deuntibus,
2397 3854 2451 3906 in
2489 3853 2684 3907 itinere
2711 3852 3117 3924 congrediatur.

2112 4132 2176 4187 V.
2220 4133 2401 4187 Tertio
2428 4134 2516 4189 die
2562 4143 2852 4205 postquam
2882 4150 2949 4190 ex
2984 4136 3303 4207 Byzantiu's
3334 4136 3617 4192 suburhiis

2039 4225 2397 4289 discesserat,
2448 4227 2514 4279 ad
2563 4229 2768 4282 [lumen
2803 4228 2949 4298 quod
2996 4228 3190 4283 incolae
3238 4229 3613 4301 Xerogypsum

2038 4321 2338 4391 appellant,
2373 4320 2644 4389 pervenit.
2684 4320 2884 4375 Planus
2918 4330 3003 4376 est
3035 4323 3082 4376 is
3120 4322 3277 4377 locus
3316 4333 3373 4377 et
3404 4323 3616 4392 campis

2039 4413 2106 4467 ad
2150 4426 2330 4467 castra
2361 4415 2609 4467 metanda
2656 4425 2714 4468 et
2764 4414 2831 4469 ad
2883 4416 3125 4482 praelium
3160 4415 3610 4469 committendum

2038 4504 2340 4574 aptissimis
2372 4503 2621 4559 ditiusus.
2662 4505 2741 4558 lbi
2780 4505 2945 4576 igitur
2969 4510 3167 4561 castris
3196 4507 3394 4577 positis
3428 4507 3605 4561 aciem

2035 4597 2301 4668 explicat;
2333 4598 2554 4652 ordines
2587 4607 2644 4653 et
2670 4599 2928 4653 ordinum
2956 4600 3235 4661 ductores,
3264 4601 3519 4654 tohortes
3554 4610 3612 4655 ct

2033 4691 2323 4761 praefectos
2345 4691 2509 4763 266
2529 4693 2839 4747 cohortium
2869 4708 2996 4748 cum
3027 4693 3186 4762 primi
3222 4703 3335 4748 tum
3369 4697 3606 4749 extremi

2033 4784 2285 4856 agminis,
2317 4786 2559 4855 legiones
2582 4785 2821 4855 denique
2846 4787 2911 4842 ad
2945 4802 3181 4858 pugnam
3220 4788 3477 4852 instruit;
3511 4789 3608 4845 be-

2031 4878 2214 4949 nignis
2264 4879 2615 4934 sermonibus
2664 4896 2859 4936 omnes
2906 4881 3142 4935 subinde
3195 4881 3501 4945 coatiirmat,
3553 4894 3610 4936 ct

2034 4968 2514 5041 propinationibus
2551 4971 2868 5026 demeretur
2902 4991 2916 5026 :
2951 4974 3135 5027 omnia
3166 4975 3405 5045 denique
3456 4975 3607 5041 facit,

2032 5078 2153 5132 qua:
2180 5063 2503 5120 animorum
2524 5063 2861 5120 alacritatem
2900 5068 3135 5123 maxime
3168 5078 3391 5140 augent.
3433 5069 3607 5124 Biduo

2032 5161 2156 5223 post
2185 5153 2289 5208 sub
2319 5153 2553 5209 mediam
2593 5164 2811 5211 noctem
2851 5159 3226 5228 speculatores
3254 5163 3481 5227 adsunt,
3510 5163 3605 5219 Ito-

2031 5256 2173 5302 stem
2216 5246 2273 5300 in
2320 5246 2576 5318 proximo
2622 5263 2745 5303 esse
2793 5251 3136 5319 nuntiantes,
3191 5255 3377 5309 multis
3417 5255 3606 5325 syoliis

2031 5348 2310 5406 onustum,
2348 5341 2519 5405 virus,
2566 5342 2845 5408 mulieres,
2896 5360 3203 5415 puerosque
3253 5355 3309 5402 et
3351 5347 3601 5416 jumenta

2030 5447 2220 5492 secum
2254 5432 2642 5490 abducentem.
2679 5432 2792 5490 Sub
2833 5447 3010 5491 ortum
3045 5437 3182 5495 solis
3213 5439 3376 5494 etiam
3417 5439 3603 5495 hostes

1695 5614 2031 5699 Vat-iurum
2065 5622 2252 5679 notua.

424 5704 564 5774 (3-3)
599 5705 753 5762 Alter
787 5708 958 5766 codex
982 5678 1218 5783 habebat
1252 5709 1511 5783 όμόπους.
1532 5713 1649 5783 Qua
1689 5690 1924 5776 lectione

356 5781 619 5899 (\tijccptus
677 5789 993 5847 verteram,
1039 5779 1159 5847 pari
1229 5782 1400 5850 gradu
1489 5779 1752 5857 ingressus
1822 5800 1919 5845 est.

424 5862 629 5903 oLrtus.

2103 5721 2178 5790 (ὁ)
2207 5721 2456 5796 Thraciae
2478 5720 2700 5796 ﬂuvius.
2735 5724 2896 5794 cujus
2943 5725 3193 5796 meminit
3256 5724 3602 5796 Theophyla-

2027 5804 2150 5865 etus
2205 5792 2627 5865 Situm-attalib.
2660 5809 2738 5857 vr,
2788 5792 2908 5865 cap.
2940 5794 2993 5863 ὖ,
3020 5806 3071 5854 et
3109 5798 3264 5853 Anna
3294 5792 3589 5861 Coninena.

2025 5863 2121 5917 lib.
2162 5878 2252 5929 vn,
2287 5879 2406 5934 pag.
2433 5861 2561 5959 2‘15.
2586 5863 2817 5922 Ducam.
