4016 6594
459 417 566 481 439
743 414 820 487 [Α.
868 431 922 470 Il.
969 414 1097 470 679i
1140 432 1208 470 an
1249 415 1413 488 (5856]

1667 425 2087 489 NICEPHORI
2135 432 2515 495 GREGORE

2816 429 2954 504 [ηερ.
3000 447 3282 490 tuonomc.
3325 434 3464 508 sum]

3597 441 3696 507 440

457 545 519 586 se
547 530 866 595 ostendunt,
900 541 1068 602 atque
1097 533 1317 587 eminus
1351 543 1409 589 et
1453 534 1557 603 ipsi
1600 535 1820 592 hostilia
1852 549 2026 593 castra

2140 546 2423 617 πόρρωθεν
2456 550 2549 602 καί
2584 548 2731 603 αὐτοὶ
2785 549 2854 603 τά
2903 549 3013 603 τῶν
3043 549 3318 620 πολεμίων
3347 552 3512 623 ὁρῶσι
3540 569 3697 624 στρα-

456 633 715 691 cernunt,
771 625 1060 696 splendore
1107 641 1384 682 armorum
1437 630 1804 685 coruscantia.
1851 629 2032 697 Quare

454 732 651 792 presso
680 718 852 789 gradu
893 718 961 771 ad
1013 733 1249 790 pugnam
1307 735 1367 775 se
1416 731 1634 791 parant.
1672 723 1752 778 Ac
1791 723 2027 793 primum

454 808 711 865 curribus
746 811 801 864 in
829 812 1016 866 orbem
1054 812 1461 883 circumpositis
1486 816 1731 886 captivos
1758 816 1811 871 in
1846 816 2032 871 medio

453 901 670 957 vinctos
698 902 975 957 collocant
1008 919 1115 958 una
1146 918 1270 959 cum
1301 905 1516 961 caeteris
1542 907 1838 963 manubiis.
1863 907 2027 963 Dein.

453 991 523 1046 de
552 991 775 1062 pulvere
799 992 1071 1062 capitibus
1099 993 1351 1064 insperso
1377 1004 1432 1049 et
1462 995 1714 1051 manibus
1744 997 1797 1049 in
1829 996 2025 1051 caelum

453 1082 690 1138 sublatis
723 1099 877 1139 arma
913 1084 1241 1154 corripiunt.
1281 1086 1401 1142 Jam
1433 1096 1488 1142 et
1522 1085 1828 1141 Romanum
1865 1102 2026 1143 exer-

450 1173 623 1227 citum
657 1171 988 1229 instructum
1020 1174 1210 1230 vident
1243 1186 1433 1255 contra
1463 1192 1588 1233 sese
1618 1178 1719 1241 ire,
1749 1185 1802 1234 et
1835 1177 2025 1234 Philen

450 1279 598 1334 pone
633 1265 811 1336 sequi,
842 1266 1088 1336 peditum
1119 1276 1174 1323 et
1217 1268 1465 1339 equitum
1513 1271 1702 1341 copias
1747 1280 2025 1343 regentem

448 1365 506 1412 et
551 1357 717 1413 variis
766 1358 1242 1416 adhortationibus
1287 1360 1354 1415 ad
1380 1376 1613 1432 pugnam
1663 1362 2025 1422 exstimulan-

449 1457 582 1504 tem.

527 1642 612 1702 Vl.
657 1644 759 1712 Qui
794 1646 958 1719 igitur
997 1648 1051 1702 in
1085 1647 1280 1703 dextro
1306 1664 1478 1703 cornu
1514 1649 1737 1705 ordines
1770 1649 2027 1716 ducebat,

449 1739 662 1808 primus
699 1754 824 1795 cum
871 1755 972 1796 suo
1022 1743 1243 1811 agmine
1296 1741 1352 1796 in
1404 1742 1658 1798 hostilem
1701 1742 2026 1814 phalangem

452 1830 597 1887 facto
629 1830 837 1901 impetu
870 1832 1087 1888 hostem
1117 1833 1431 1904 Oppositum
1474 1835 1658 1890 lethali
1689 1835 1918 1891 vulnere
1946 1837 2027 1890 in—

2131 638 2330 693 τόπεδα
2354 642 2420 712 τῇ
2449 640 2799 713 λαμπρότητι
2829 643 2938 696 τῶν
2956 642 3136 697 ὃπλων
3170 643 3566 711 ἀστράπτοντα.
3590 648 3694 701 Καὶ

2129 728 2193 796 δὴ
2217 728 2357 783 κατὰ
2388 729 2574 802 χώραν
2623 734 2848 796 στάντες
2901 733 3380 803 παρεσκευάζοντο
3430 734 3565 804 πρὸς
3608 737 3696 792 τὸν

2132 819 2391 889 πόλεμον.
2419 823 2530 877 Καὶ
2561 824 2754 896 πρῶτα
2799 824 2900 895 μὲν
2928 826 3028 890 τὰς
3063 818 3280 896 ἁμάξας
3333 828 3472 881 κατὰ
3508 827 3696 883 κύκλον
3772 886 3775 891 ν

2132 916 2434 993 στήσαντες
2469 914 2727 985 δεσμίους
2779 918 2929 972 ενδον
2962 919 3088 982 τοὺς
3142 918 3518 989 αἰχμαλώτους
3558 923 3697 976 εἰσά-

2130 1021 2319 1071 γουσιν
2356 1007 2472 1077 ἃμα
2496 1010 2608 1070 τοῖς
2625 1007 2807 1071 ἄλλοις
2833 1009 3115 1092 λαφύροις.
3145 1011 3374 1065 Ἔπειτα
3406 1013 3554 1066 κόνιν
3582 1016 3697 1084 χεά-

2133 1115 2286 1167 μενοι
2324 1101 2465 1154 κατὰ
2494 1100 2743 1171 κεφαλῆς
2777 1103 2870 1155 καί
2910 1104 3097 1172 χεῖρας
3149 1104 3283 1175 πρὸς
3317 1104 3543 1176 οὐρανὸν
3571 1108 3694 1160 ἀνα-

2128 1188 2403 1254 τείναντες
2428 1191 2756 1246 άνελάϐοντο
2788 1192 2859 1246 τά
2882 1193 3045 1246 ὅπλα.
3079 1194 3218 1266 Ἤδη
3248 1195 3304 1248 δὲ
3327 1196 3416 1248 καί
3443 1196 3533 1248 τὸν
3571 1198 3697 1275 Ῥῳ-

2132 1283 2331 1352 μαῖκδν
2381 1283 2552 1354 ὁρῶσι
2609 1285 2844 1355 στρατὸν
2908 1287 3309 1358 συντεταμένον
3373 1289 3521 1341 ἰόντα
3583 1290 3695 1342 κατ’

2129 1371 2313 1425 αὐτῶν
2348 1374 2445 1427 καί
2472 1374 2705 1428 κατόπιν
2727 1375 2829 1449 τάς
2878 1394 2936 1430 τε
2962 1377 3070 1431 τῶν
3096 1377 3279 1444 πεζῶν
3327 1381 3424 1432 καί
3452 1380 3558 1433 τῶν
3612 1382 3696 1433 ἰπ-

2131 1467 2280 1518 πέων
2306 1464 2566 1536 δυνάμεις
2611 1467 2858 1524 ἰθύνοντα
2889 1469 2982 1523 τὸν
3019 1470 3185 1542 Φιλῆν
3219 1471 3314 1525 καί
3355 1470 3538 1539 λόγοις
3569 1490 3698 1528 παν-

2129 1556 2294 1618 τοίοις
2329 1558 2460 1624 πρὸς
2497 1559 2733 1628 πόλεμον
2760 1560 3157 1629 παροξύνοντα.

2204 1648 2295 1716 ς’.
2327 1650 2552 1722 Πρῶτος
2582 1647 2675 1706 οὖν
2707 1653 3071 1724 εἰσεπήδησεν
3095 1656 3152 1718 ἐς
3191 1655 3287 1727 τὴν
3317 1656 3574 1725 φάλαγγα
3598 1655 3699 1708 τῶν

2132 1744 2422 1816 βαρϐάρων
2455 1748 2484 1799 ό
2536 1746 2829 1817 ταξίαρχος
2857 1748 2952 1801 τοῦ
3006 1748 3183 1814 δεξιοῦ
3231 1750 3411 1820 κέρως
3443 1751 3577 1820 μετὰ
3605 1750 3698 1820 τῆς

2132 1838 2407 1907 ἑπομένης
2440 1840 2590 1911 αύτῷ
2617 1831 2899 1910 φάλαγγος
2921 1858 2935 1873 ν
2968 1844 3064 1897 καὶ
3112 1841 3329 1913 τρώσας
3366 1833 3588 1913 καιρίαν
3613 1846 3698 1896 τὸν

449 1922 598 1980 flicto
655 1938 719 1979 ex
779 1940 919 1994 equo
976 1926 1270 1994 deturbat;
1316 1916 1459 1982 ‘mox
1528 1929 1711 1983 statim
1772 1928 2026 1983 alterum.

2134 1932 2459 1985 ἀντιστάντα
2487 1933 2753 2003 πολέμιον
2794 1935 3126 1990 καταϐάλλει
3156 1935 3250 1989 τοῦ
3289 1935 3460 1989 ἵππου
3484 1936 3578 1990 καί
3615 1936 3700 1988 ἐπ’

449 2012 658 2069 Deinde
704 2030 848 2085 equo
901 2031 1004 2072 suo
1040 2018 1335 2073 vulnerato
1385 2033 1451 2073 ex
1502 2019 1620 2074 acie
1677 2018 1933 2074 discedit.
1968 2019 2025 2074 ld

448 2105 749 2163 Romanam
809 2109 1132 2181 phalangem
1195 2111 1597 2183 aliquantisper
1652 2099 2025 2179 conturbavit,

436 2192 761 2275 efﬁcitque,
815 2210 875 2257 ιιι
928 2202 1434 2274 ltostcs:reparatis
1483 2205 1693 2260 viribus
1747 2206 2026 2261 incondito

445 2295 690 2350 clamore
721 2304 775 2350 et
812 2294 1023 2349 ululatu
1051 2295 1118 2350 ad
1152 2297 1562 2367 persequendos
1599 2296 1871 2351 Romanos
1900 2312 2023 2352 cum

445 2387 656 2458 impetu
691 2387 983 2443 ferrentur.
1020 2388 1127 2444 Sed
1165 2389 1348 2443 Philes
1379 2389 1505 2444 huic
1542 2390 1684 2443 malo
1714 2392 1897 2443 statim
1931 2406 2025 2444 oc-

447 2478 640 2544 currit,
668 2494 792 2534 cum
820 2481 993 2534 aciem
1022 2480 1275 2534 obeundo
1303 2481 1516 2549 equites
1546 2480 1709 2551 267
1740 2481 1943 2550 pariter
1972 2489 2025 2534 ct

446 2570 661 2642 peditcs
696 2572 878 2627 verbis
911 2580 966 2625 et
1017 2572 1498 2628 cohortationibus
1551 2572 1935 2639 conﬁrmaret;
1973 2585 2026 2627 et

448 2664 577 2718 hinc
604 2656 826 2735 quidem
856 2663 971 2733 ipse
1003 2664 1258 2734 lacrymis
1301 2662 1541 2717 divinam
1578 2678 1737 2733 opem
1771 2664 2026 2732 implora-

446 2764 551 2821 ret,
582 2771 653 2812 nc
687 2765 859 2811 totum
893 2755 1199 2810 Romanum
1234 2755 1523 2827 imperium
1553 2756 1717 2825 paulo
1749 2764 2025 2809 momento

447 2848 695 2904 funditus
721 2849 891 2904 everti
930 2858 1249 2921 pateretur;
1298 2847 1427 2903 inde
1464 2858 1646 2903 autem
1683 2848 1882 2919 captivi
1927 2866 2020 2919 ge-

446 2954 659 3010 mentes
680 2951 737 2998 et
764 2942 1035 2998 ululantes
1065 2942 1408 2998 ferventibus
1444 2942 1695 3009 Sllsllil'iis
1721 2951 1776 2996 et
1809 2941 2025 2997 fletibus

446 3050 690 3105 praesens
726 3032 819 3089 Dei
850 3034 1115 3088 auxilium
1146 3041 1531 3103 exposcerent.
1564 3031 1703 3087 Tum
1729 3032 1895 3101 igitur
1926 3048 2022 3103 pc-

445 3127 660 3183 destt-es
690 3126 1062 3182 Romanorum
1102 3126 1275 3199 capite
1321 3124 1687 3181 Barbarorum
1719 3125 2021 3195 peditatum

442 3221 695 3279 cominus
727 3220 968 3292 aggressi
1003 3219 1208 3274 feriunt
1240 3228 1297 3273 et
1326 3218 1620 3285 feriuntur,
1645 3218 1880 3283 caedunt,
1914 3233 2021 3273 cae-

444 3314 677 3377 duntur;
709 3324 764 3368 et
812 3313 1058 3380 utrisque
1098 3312 1314 3367 fortiter
1358 3311 1743 3367 dimicantibus
1777 3320 1935 3366 atrox
1968 3320 2023 3366 et

444 3407 641 3460 andi-ns
668 3421 846 3476 pugna
878 3404 1142 3475 exsurgit.
1173 3404 1402 3459 Maxima
1434 3420 1565 3459 vero
1599 3413 1752 3475 parte
1775 3404 2018 3474 equitum

443 3498 625 3553 l’hiles
656 3499 1003 3554 barbaricam
1035 3500 1206 3554 aciem
1245 3496 1510 3564 involvit;
1547 3511 1610 3551 ac
1644 3497 1758 3564 ipse
1789 3496 2022 3566 sumptis

443 3604 632 3644 secum
680 3589 746 3644 iis
781 3590 872 3659 qui
911 3592 1078 3644 armis
1110 3589 1319 3659 optime
1349 3588 1607 3642 instructi
1641 3598 1819 3652 erant,
1854 3596 2019 3642 totam

444 3696 476 3735 α
502 3682 673 3737 latere
709 3683 1033 3753 phalangem
1067 3680 1307 3736 hostium
1360 3679 1690 3751 perrumpit,
1724 3689 1778 3735 et
1809 3680 1863 3733 in
1901 3695 2019 3734 eam

444 3784 626 3840 usque
664 3754 902 3825 mediam
944 3768 1161 3825 delatus
1207 3770 1283 3824 ita
1334 3779 1558 3824 strenue
1589 3767 1783 3824 obvios
1821 3768 2025 3839 disjicit

445 3880 508 3919 ac
548 3863 850 3936 perturbat,
878 3871 938 3918 ut
978 3861 1205 3917 Barbari
1232 3877 1413 3932 neque
1447 3862 1748 3919 consistere
1773 3871 2023 3934 possent,

446 3972 550 4013 nec
591 3954 722 4029 quid
765 3953 1039 4028 agendum
1085 3961 1232 4009 esset
1264 3953 1492 4016 scirent,
1521 3954 1765 4023 undique
1791 3952 2027 4009 circum-

444 4048 592 4123 venti
621 4058 675 4103 et
706 4046 852 4104 fmde
882 4045 1156 4103 trucidati.
1190 4044 1263 4098 Ita
1288 4045 1547 4099 omnibus
1586 4042 1759 4100 ferme
1790 4043 1898 4098 illic
1924 4059 2025 4099 cae-

444 4144 543 4217 sis,
577 4140 737 4213 pauci
769 4138 1033 4195 duntaxat
1076 4138 1290 4208 equites
1340 4136 1651 4207 effugerunt
1681 4153 1696 4191 :
1728 4151 1864 4217 quos
1916 4135 2026 4191 Ro-

447 4214 592 4291 mani
625 4235 836 4304 equites
868 4231 1037 4303 gradu
1069 4229 1376 4285 accelerato
1406 4244 1575 4299 usque
1614 4229 1681 4283 ad
1713 4214 2019 4301 ingressum

444 4325 778 4383 Chersonesi
821 4317 1091 4395 pe'rsecuti
1137 4330 1287 4383 sunt,
1329 4327 1390 4375 ut
1444 4319 1521 4375 ibi
1569 4329 1827 4390 tanquam
1873 4319 2020 4374 intra

447 4430 561 4475 rete
592 4418 883 4474 conclusos
911 4416 1149 4486 reliquos
1178 4410 1331 4469 facili
1357 4413 1541 4468 labore
1578 4420 1901 4467 mactarent.

2129 2023 2276 2092 αύτῷ
2322 2024 2543 2094 ἕτερον’
2582 2024 2822 2079 κᾶπειτα
2866 2026 2962 2081 τοῦ
2999 2026 3168 2080 ἵππου
3226 2025 3517 2096 βληθέντος
3558 2027 3699 2095 αὐτ-ἶ»

2129 2116 2485 2186 παρεκκλίνει
2534 2117 2629 2170 τοῦ
2687 2118 3040 2189 μεταιχμίου.
3080 2117 3255 2173 Τοῦτο
3306 2119 3537 2173 διέσεισε
3571 2120 3699 2183 πῶς

2129 2205 2303 2277 βραχῦ
2332 2206 2431 2277 τήν
2468 2204 2757 2277 Ῥωμαίων
2797 2209 3055 2277 φάλαγγα
3077 2226 3091 2241 ’
3152 2209 3247 2262 καί
3278 2209 3698 2282 ἀνερῤώσθησαν

2126 2299 2177 2351 οἰ
2212 2299 2461 2367 πολέμιοι
2507 2301 2604 2353 καί
2636 2302 2836 2371 ἀσήμῳ
2876 2300 3216 2372 χρησάμενοι
3266 2304 3331 2372 τῇ
3366 2289 3577 2371 κλαγγῇ
3612 2305 3698 2356 καὶ

2131 2393 2226 2462 βοῇ
2280 2393 2412 2463 πρὸς
2445 2393 2630 2460 δίωξιν
2678 2394 2965 2465 ὥρμησαν.
3037 2394 3201 2447 Ἀλλὰ
3234 2394 3449 2462 φθάσας
3486 2397 3513 2448 ὁ
3544 2396 3697 2455 Φιλίς

2135 2483 2351 2555 περιῄει
2382 2484 2561 2552 λόγοις
2575 2486 2667 2538 καὶ
2690 2485 3064 2556 παρακελεύσε
3074 2504 3126 2540 σι
3154 2485 3441 2558 θαρρύνων
3459 2487 3519 2539 τό
3533 2504 3589 2539 τε
3607 2503 3699 2539 πε-

2132 2574 2221 2636 ζὸν
2241 2577 2334 2629 καὶ
2362 2576 2477 2630 ὅσοι
2502 2576 2612 2630 τῶν
2636 2578 2871 2642 ἱππέων,
2893 2578 2987 2632 καὶ
3005 2577 3218 2641 πολλοῖς
3240 2578 3393 2631 ἐνθεν
3428 2581 3524 2649 μὲν
3547 2580 3698 2639 αὐτὸς

2127 2666 2500 2737 ἐπιϐοώμενος
2533 2667 2762 2739 δάκρυσι
2784 2670 2884 2736 τὴν
2902 2669 3053 2723 θείαν
3076 2669 3422 2740 ἐπικουρίαν,
3451 2671 3525 2742 μὴ
3552 2689 3697 2740 erept—

2126 2759 2262 2812 ἰδεῖν
2295 2757 2717 2811 κινδυνεύουσαν
2743 2761 2835 2839 ἐνί
2858 2759 3051 2829 βραχεῖ
3100 2760 3199 2830 τὴν
3252 2760 3382 2829 ὅλην
3419 2759 3697 2829 Ῥωμαίων

2127 2851 2447 2923 ἡγεμονίαν,
2467 2850 2551 2923 [Ρ.
2580 2849 2706 2923 165]
2733 2850 2940 2904 ἐκεῖθεν
2966 2849 3352 2921 δὀἰμώξοντές
3378 2869 3439 2904 τε
3468 2851 3557 2903 καί
3586 2850 3695 2903 dio-

2126 2943 2380 3009 λύζοντες
2427 2943 2534 2996 τῶν
2572 2941 2956 3012 αἰχμαλώτων,
2993 2942 3063 2995 τὰ
3112 2940 3293 3013 πλήθη
3329 2942 3428 2995 καὶ
3480 2942 3692 3014 θερμοῖς

2129 3037 2457 3107 στεναγμοῖς
2481 3052 2540 3086 τε
2566 3036 2661 3090 καὶ
2683 3034 2918 3105 δάκρυσι
2942 3034 3039 3105 τὴν
3059 3034 3269 3089 ἄνωθεν
3297 3034 3481 3099 δεξιὰν
3506 3037 3692 3088 ἐπικα-

2124 3127 2377 3198 λούμενοι
2402 3127 2715 3198 σύμμαχον.
2753 3127 2889 3179 Τότε
2920 3127 3101 3181 τοίνυν
3129 3129 3180 3180 αἰ
3222 3127 3324 3197 μὲν
3350 3126 3576 3189 πεζικαὶ
3594 3126 3695 3179 τῶν

2136 3218 2427 3288 Ῥωμαίων
2452 3218 2715 3289 δυνάμεις
2741 3219 2822 3282 εἰς
2852 3220 3039 3289 χεῖρας
3076 3217 3249 3283 ἰόντες
3282 3219 3395 3281 τοῖς
3432 3218 3540 3270 τῶν
3575 3218 3694 3289 βαρ·

2129 3310 2314 3382 ϐάρων
2345 3311 2530 3379 πεζοῖς
2563 3312 2627 3384 ὲκ
2654 3309 2747 3364 τοῦ
2786 3309 3054 3380 σύνεγγυς
3082 3310 3307 3363 ἔϐαλλόν
3336 3328 3394 3363 τε
3426 3313 3518 3364 καί
3544 3310 3696 3364 ἐϐάλ-

2129 3403 2300 3467 λοντο,
2333 3401 2563 3457 ἔκοπτόν
2589 3419 2648 3455 τε
2679 3403 2773 3456 καί
2798 3404 3090 3456 ἐκόπτοντο
3109 3418 3124 3435 ·
3153 3402 3248 3456 καί
3267 3398 3335 3474 ἦν
3355 3404 3602 3473 καρτερά
3626 3420 3698 3464 τις

2130 3491 2223 3546 καὶ
2256 3490 2406 3561 βιαία
2425 3490 2535 3544 τῶν
2563 3490 2744 3556 πεζῶν
2775 3492 2809 3561 ἡ
2843 3493 3015 3560 μάχη,
3050 3489 3173 3545 λίαν
3204 3490 3497 3556 εὐρώστως
3530 3492 3698 3561 ἀμφ-ι-

2129 3586 2302 3653 τέρων
2332 3585 2439 3638 τῶν
2468 3583 2754 3654 δυνάμεων
2775 3585 3224 3656 ἀγωνιζομένων.
3260 3584 3384 3637 Τῶν
3416 3585 3461 3637 δ’
3494 3584 3700 3637 ἱππέων

2130 3678 2256 3739 τοὺς
2281 3676 2380 3748 μὲν
2406 3676 2693 3740 πλείστους
2734 3676 2922 3748 κύκλῳ
2955 3677 3261 3747 περιήγαγε
3311 3660 3408 3728 τοῦ
3443 3675 3697 3747 βαρϐαρι.

2133 3768 2231 3823 κοῦ
2264 3769 2672 3840 στρατεύματος
2695 3769 2724 3823 ό
2746 3767 2910 3840 Φιλῆς
2935 3786 2950 3801 ·
2983 3771 3011 3822 ό
3039 3767 3094 3821 δὲ
3117 3767 3241 3831 τοὺς
3262 3767 3466 3838 ἄριστα
3493 3782 3699 3835 πεφρα-

2130 3857 2369 3926 γμένους
2400 3859 2513 3921 τοίς
2539 3856 2724 3921 ὅπλοις
2750 3855 3039 3910 ἀναλαϐὼν
3071 3859 3335 3926 ῥήγνυσιν
3371 3855 3436 3908 ἐκ
3468 3854 3700 3921 πλευρᾶς

2130 3948 2229 4018 τὴν
2267 3948 2397 4016 ὃλην
2423 3948 2683 4017 φάλαγγα
2717 3947 2825 4001 τῶν
2861 3946 3159 4018 βαρϐάρων
3188 3946 3285 3997 καὶ
3314 3944 3479 4016 μέσος
3509 3943 3699 4001 ἐλάσας

2130 4040 2393 4112 ὲκλόνησέ
2422 4057 2480 4095 τε
2516 4041 2611 4095 καί
2649 4039 2990 4109 συνεκύκησε
3022 4038 3295 4110 κράτιστα
3348 4036 3576 4106 ταύτην,
3630 4034 3699 4091 ὡς

2130 4135 2330 4206 μηκέτι
2383 4122 2651 4189 δύνασθαι.
2677 4135 2802 4198 τοὺς
2862 4132 3175 4206 βαρϐάρους
3211 4131 3479 4201 συστῆναί
3508 4146 3565 4183 τε
3613 4125 3699 4180 καί

2126 4227 2335 4297 γνῶναι
2381 4226 2441 4279 τὸ
2481 4226 2759 4297 ποιητέον,
2813 4224 2956 4279 οὕτω
3004 4223 3340 4293 πανταχόθεν
3374 4236 3702 4293 περιστοιχι-

2128 4320 2350 4383 σθέντας
2377 4319 2472 4373 καὶ
2500 4318 2738 4388 ἀφειδῶς
2772 4318 3166 4386 κοπτομένους.
3194 4315 3301 4370 Καὶ
3337 4314 3441 4385 μὲν
3470 4313 3533 4384 δὴ
3569 4311 3699 4378 πλὴν

2124 4412 2322 4479 ὀλίγων
2353 4411 2564 4465 ἱππέων
2609 4409 2855 4473 ἅπαντας
2881 4411 2997 4462 ἐκεῖ
3033 4405 3489 4476 κατασφάξαντες
3517 4402 3698 4456 ἔπειτα

443 4512 830 4587 ἑπισπεύδουσι
859 4512 960 4583 τὴν
987 4508 1690 4582 πορείαν.έξιππασάμενοι
1753 4506 1917 4579 μέχρι
1956 4506 2062 4560 τῶν
2099 4508 2321 4562 εἰσόδων
2376 4506 2474 4576 τῆς
2508 4505 2880 4578 Χερρονήσου,
2940 4503 3028 4557 ἵνα
3092 4500 3242 4564 ὲντδς
3288 4499 3366 4562 ὡς
3400 4500 3462 4591 έν
3507 4493 3700 4591 δικτύῳ

447 4610 869 4683 συγκλείσαντες
901 4607 1031 4673 τοὺς
1080 4607 1305 4671 λοιποὺς
1353 4607 1463 4661 τῶν
1498 4605 1796 4678 βαρϐάρων
1843 4605 2260 4676 εὐεπιχείρητον
2319 4603 2420 4675 τὴν
2488 4605 2694 4658 τούτων
2744 4598 3022 4655 ἀπώλειαν
3060 4597 3151 4651 τοῦ
3215 4588 3409 4649 λοιποῦ
3471 4588 3700 4659 διαπρά-

447 4711 665 4776 ξωνται.

516 4804 631 4860 Vit.
673 4801 793 4869 Quo
819 4816 942 4856 cum
976 4806 1299 4870 perventum
1331 4804 1498 4861 esset,
1526 4794 1721 4866 gaudio
1748 4795 1818 4848 ob
1850 4793 2021 4848 victo-

2200 4793 2272 4844 Z’.
2303 4788 2614 4850 Φθάσαντες
2661 4784 2753 4839 οὖν
2784 4783 3017 4839 ἐνταῦθα
3073 4778 3563 4853 στρατοπεδεύουσι
3591 4778 3698 4839 τοῖς

448 4899 586 4954 riam
613 4895 955 4950 exsultantes
979 4890 1386 4970 honoribusque
1424 4897 1478 4943 et
1508 4887 1665 4943 donis
1692 4887 1762 4941 ab
1792 4881 2027 4955 impera-

450 5002 568 5060 tore
599 4986 863 5044 cumulati
887 4993 1067 5041 castra
1101 4991 1333 5055 ponunt.
1364 4979 1559 5036 Statim
1590 4981 1754 5033 etiam
1786 4977 2029 5047 quinque

451 5084 706 5139 triremes
746 5079 1050 5149 imperator
1089 5075 1259 5138 misit,
1306 5089 1428 5145 quae
1480 5070 1816 5142 Hellesponti
1876 5084 2029 5125 orant

448 5171 680 5245 legendo
714 5176 994 5236 caverent,
1034 5181 1102 5222 ne
1140 5181 1171 5221 a
1206 5164 1456 5227 barbaris
1490 5163 1545 5218 in
1578 5162 1809 5218 adverso
1848 5159 2032 5215 littore

451 5264 830 5322 habitantibus
859 5260 1069 5317 Chaleli
1103 5258 1269 5331 268
1298 5257 1505 5312 auxilia
1546 5255 2026 5310 submitterentur.

455 5357 566 5414 lloc
598 5371 785 5412 rerum
830 5361 975 5409 statu
1007 5352 1378 5408 Triballorum
1413 5363 1630 5420 quoque
1664 5345 1860 5400 auxilia
1892 5344 2032 5414 jam-

451 5449 668 5523 pridem
703 5454 926 5502 evocata
967 5444 1191 5509 adsunt,
1236 5441 1577 5497 delectorum
1623 5438 1868 5506 equitum
1920 5433 2030 5488 duo

452 5544 647 5602 millia.
696 5542 866 5596 Adest
915 5546 973 5593 ct
1025 5533 1346 5591 Latinorum
1391 5531 1753 5586 Galataeorum
1790 5526 2033 5580 Potestas

451 5636 596 5708 apud
625 5635 1042 5704 Hellespontum
1075 5627 1219 5683 ultro
1248 5625 1452 5679 nostris
1473 5637 1630 5693 opem
1667 5621 1879 5674 laturus
1903 5633 2029 5672 cum

452 5742 574 5785 octo
600 5728 914 5785 triremibus
940 5732 994 5781 et
1029 5720 1332 5777 muralibus
1361 5714 1665 5772 tormentis.
1699 5713 1832 5767 Cum
1868 5711 2032 5783 igitur

453 5823 583 5877 hinc
615 5822 988 5875 lintnannrnm
1018 5826 1064 5867 ct
1104 5810 1468 5887 'l‘riballurum
1507 5807 1701 5876 (tOpiigB,
1727 5805 1850 5859 inde
1876 5804 1907 5857 ii
1934 5808 2026 5874 qui
2056 5862 2061 5863 γ

454 5918 508 5975 in
560 5914 866 5972 trircntsbus
920 5919 1074 5964 erant
1128 5902 1500 5967 advenissent,
1554 5914 1653 5971 pro
1698 5897 1940 5972 gentium
1971 5906 2025 5955 et

2129 4901 2189 4937 τε
2238 4880 2528 4944 ἐπινικίοις
2557 4879 2873 4949 τρυφῶντες
2926 4878 3020 4930 καὶ
3074 4876 3194 4937 ταῖς
3229 4875 3293 4927 ὲκ
3329 4872 3594 4943 βασιλέως
3619 4885 3697 4921 τι-

2135 4977 2264 5046 μαῖς
2295 4992 2353 5029 τε
2377 4976 2472 5030 καί.
2512 4974 2765 5042 δωρεαῖς.
2808 4970 3023 5041 Πέμπει
3050 4967 3107 5020 δὲ
3139 4968 3233 5020 καὶ
3260 4966 3423 5020 πέντε
3455 4965 3692 5035 τριήρεις

2130 5072 2158 5122 ὁ
2187 5068 2439 5138 βασιλεὺς
2468 5066 2651 5132 εὐθὺς,
2681 5066 2769 5119 ἕνα
2797 5062 3209 5135 παραπλέουσαι
3236 5059 3325 5115 τὸν
3370 5058 3695 5127 Ἑλλήσπον-

2131 5174 2225 5209 τον
2256 5154 2751 5228 παραφυλάττωσι,
2787 5150 2863 5221 μὴ
2894 5149 3034 5223 λάθῃ
3081 5149 3235 5220 παρὰ
3273 5146 3380 5201 τῶν
3409 5143 3698 5217 ἀντιπέρας

2099 5249 2429 5321 ’βαρδάρων
2479 5246 2770 5319 ὲληλυθυῖα
2822 5242 3055 5312 δύναμις
3105 5240 3184 5311 τῷ
3236 5237 3446 5306 Χαλήλ.
3486 5234 3698 5289 Τούτων

2132 5344 2304 5406 οὕτως
2336 5328 2572 5412 ἐχόντων
2595 5339 2719 5409 ἦκει
2747 5337 2844 5391 καὶ
2869 5338 2902 5407 ή
2949 5335 3119 5390 πάλαι
3148 5333 3412 5403 κληθεῖσα
3436 5329 3546 5383 τῶν
3572 5328 3699 5395 Τρι-

2133 5434 2348 5489 ϐαλλῶν
2378 5419 2688 5503 συμμαχία,
2738 5429 2963 5499 λογάδες
3014 5427 3205 5489 ίππεῖς
3236 5422 3505 5493 δισχίλιοι.
3548 5420 3701 5472 Ἥκει

2132 5528 2289 5581 δ’ἐπί
2321 5524 2535 5585 τούτοις
2581 5525 2675 5576 καί
2708 5523 2735 5575 ό
2786 5522 2897 5576 τῶν
2929 5522 2987 5573 ὲν
3014 5521 3126 5582 τοῖς
3172 5516 3414 5571 Γαλάτου
3460 5511 3700 5568 Λατίνων

2142 5614 2467 5678 ποτεστάτος
2520 5585 2692 5682 παρὰ⁸
2723 5610 2815 5663 τὸν
2883 5608 3325 5678 Ἑλλήσποντον,
3379 5600 3698 5667 αὐτόκλητος
3748 5658 3757 5661 _

2149 5706 2444 5774 Ῥωμαίοις
2478 5703 2789 5773 σύμμαχος,
2818 5701 3066 5770 τριήρεις
3098 5695 3241 5767 έχων
3281 5692 3426 5748 ὀκτὼ
3458 5691 3553 5745 καὶ
3601 5703 3701 5739 τει-

2138 5796 2413 5869 χομαχικὰ
2435 5797 2826 5868 μηχανήματα.
2853 5793 2961 5846 Καὶ
2986 5791 3052 5861 δή
3103 5787 3538 5860 προσελάσαντες
3557 5779 3703 5834 ἐνθεν

2136 5895 2237 5966 μὲν
2269 5895 2333 5947 τά
2371 5892 2655 5963 Ῥωμαίων
2681 5889 2771 5945 καὶ
2792 5886 3107 5963 Τριϐαλλῶν
3133 5882 3533 5958 στρατεύματα,
3564 5877 3700 5933 ἐκεῖ·
