4016 6580
324 419 442 486 465

584 416 660 490 [Α.
698 431 748 472 c.
793 417 925 471 I282
965 432 1032 470 an
1078 414 1234 487 1528]
1313 422 1448 480 BYZ
1469 417 1758 479 \NTINE
1801 415 1942 476 IIIS

2047 413 2188 475 [ΠΕ
2227 414 2381 472 LIB,
2424 410 2584 472 VIII,
2666 403 2799 476 [ιιιιδ.
2842 410 3126 454 ammoxtc.
3189 395 3329 466 πει]

3489 397 3595 459 466

328 554 427 591 σιν
451 537 698 593 ἀνάλωσε
729 541 827 609 τῆς
864 540 1051 609 μονῆς.
1076 512 1232 608 "Epit
1282 537 1337 592 δὲ
1393 537 1908 607 προσκαλεσάμενος
1937 578 1942 588 .

2047 547 2224 585 ιιι-ειη.
2258 529 2391 583 Nam
2423 542 2547 583 meo
2576 523 2789 580 dicendi
2814 536 3014 592 genere
3038 516 3333 575 admodum
3363 514 3598 571 delecta-

327 630 438 700 τὴν
471 630 792 684 τελευταίαν
822 632 991 686 αὑτοῦ
1029 631 1288 702 βούλησιν
1318 633 1378 684 ὲν
1407 633 1586 702 χάρτῃ
1628 629 1912 683 διαθέσθαι

325 720 518 791 ἠξίου.
548 722 764 793 Στόδρα
801 724 907 792 γὰρ
943 726 1056 788 τοῖς
1085 725 1237 793 ἐμοῖς
1261 725 1529 794 ἠρέσκετο
1546 723 1747 787 λόγοις.

410 810 488 866 B'.
524 815 696 867 «nam
722 813 820 884 μὲν
839 809 932 868 οῦν
956 815 1263 886 ἀνθρώποις
1282 814 1448 887 (46),›
1470 818 1624 885 φησὶ,
1651 813 1915 868 «Θανάτου

332 906 659 976 μεμνῆσθαι
707 907 884 976 χρεὼν
909 909 1004 961 καὶ
1028 909 1290 978 νήφουσιν
1312 907 1616 978 ὀφθαλμοῖς
1651 908 1750 977 τὴν
1805 908 1917 960 τῶν

331 997 631 1068 παρόντων
649 998 1086 1066 καταγινώσκειν
1109 1000 1304 1068 ισκιάν,
1334 1000 1451 1064 πῶς
1489 1000 1587 1067 μὲν
1635 998 1727 1052 τδν
1790 997 1921 1068 χθὲς

334 1091 440 1144 καὶ
482 1090 750 1162 πρότερον
782 1089 913 1147 ὄντα
944 1091 1137 1146 κόλποι
1182 1093 1287 1163 γῆς
1337 1092 1599 1165 ἐξαίφνης
1651 1091 1918 1162 διέλαχον,

332 1183 480 1252 πρὶν
508 1184 576 1237 τά
601 1183 742 1237 οἴκοι
768 1183 1053 1238 διαθέσθαι
1077 1187 1220 1239 κατὰ
1257 1186 1487 1255 γνώμην
1524 1187 1619 1240 καὶ
1649 1186 1783 1257 πρὶν
1824 1203 1921 1238 κα-

331 1271 453 1336 λῶς
478 1274 765 1344 διαϐλέψαι
793 1275 886 1336 τὸν
920 1275 1079 1346 λόχον
1103 1277 1200 1346 τῆς
1250 1278 1543 1346 συμφορᾶς
1576 1292 1590 1308 ⁸
1661 1277 1757 1331 καὶ
1805 1277 1923 1340 πῶς

333 1359 506 1428 αὖθις
533 1367 562 1419 ὁ
591 1366 838 1437 σήμερον
854 1366 1071 1420 οἴκοθεν
1101 1367 1268 1421 οίονεὶ
1303 1368 1380 1438 τῷ
1404 1367 1541 1438 ήλίῳ
1586 1367 1722 1439 τῷδε
1757 1384 1924 1421 συνα-

334 1455 621 1510 νατὲλλων
649 1457 743 1510 καὶ
788 1457 1162 1527 ὲμπομπεύων
1194 1460 1259 1528 τῇ
1291 1457 1600 1530 πανηγύρει
1652 1458 1748 1512 τοῦ
1806 1458 1923 1529 βίου

337 1547 555 1620 μεστὸς
593 1547 916 1619 ἀπεράντων
947 1548 1202 1612 ἐλπίδων,
1260 1548 1437 1603 ἔπειτ’
1485 1551 1543 1604 ὲν
1603 1549 1926 1623 μεσημϐρίᾳ

2021 623 2201 677 batur.

2090 811 2253 882 290
2291 810 2356 864 ll.
2393 828 2411 861 ι
2456 806 2659 862 Omnes
2684 802 2960 866 mortales,
2999 819 3017 853 ι
3050 795 3249 868 inquit,
3275 791 3467 848 mortis
3489 803 3602 873 mc-

2021 907 2251 962 minisse
2306 909 2556 974 oportet,
2618 907 2672 952 ct
2734 896 2932 951 sobriis
2985 892 3158 948 oculis
3216 886 3600 946 considerare,

2021 1017 2184 1071 quam
2228 1014 2370 1052 vana
2423 995 2495 1051 sit
2542 989 2998 1064 praesentissima
3042 984 3269 1060 umbra;
3321 988 3381 1035 ut
3418 979 3464 1033 is
3511 975 3604 1071 qui

2023 1069 2141 1148 heri
2200 1089 2395 1154 fuerit,
2438 1098 2598 1142 terra:
2651 1085 2772 1138 sinu
2837 1081 3135 1149 derepente
3186 1082 3449 1142 exceptus
3498 1069 3604 1161 sit,

2024 1185 2342 1256 priusquam
2369 1182 2436 1236 de
2470 1179 2636 1235 rebus
2672 1173 2989 1232 domesticis
3015 1186 3081 1226 ex
3108 1165 3380 1224 sententia
3411 1165 3573 1220 decer

2027 1293 2159 1333 nere
2187 1287 2243 1332 et
2266 1274 2575 1330 insidiantis
2611 1267 2941 1327 calamitatis
2965 1265 3262 1321 adventum
3288 1258 3608 1331 prospicere

2025 1378 2212 1442 posset
2248 1387 2262 1424 :
2305 1369 2434 1424 item
2468 1377 2530 1421 ut
2573 1365 2621 1419 is
2651 1363 2743 1433 qui
2787 1362 2890 1416 hac
2931 1359 3048 1429 ipsa
3084 1357 3172 1412 die
3226 1369 3256 1408 e
3304 1352 3468 1407 domo
3507 1364 3605 1442 sua

2027 1441 2353 1536 progressus
2408 1476 2531 1516 cum
2581 1457 2696 1513 sole
2735 1452 2936 1509 exoriri
2987 1459 3044 1506 et
3097 1449 3155 1503 in
3206 1445 3421 1502 theatro
3484 1441 3609 1536 vitae

2028 1534 2398 1624 infinitaspe
2455 1553 2654 1623 plenus
2708 1543 3069 1604 obambulare
3127 1539 3448 1599 videbatur,
3504 1534 3607 1588 sub

335 1639 792 1710 φωτὺςσκότους
812 1640 907 1702 καὶ
932 1641 1104 1711 λήθης
1135 1641 1346 1713 ὑπῆλθε
1400 1641 1610 1713 μυχοὺς
1664 1642 1722 1695 ἐν
1770 1643 1925 1713 ἀκμῇ

2047 1649 2313 1705 neridiem
2348 1643 2546 1701 deinde
2577 1633 2926 1697 tenebrarum
2949 1642 3006 1690 et
3038 1629 3333 1688 oblivionis
3371 1626 3610 1681 latebras

333 1736 415 1802 τῇ
448 1733 690 1803 ἡλικίας,
719 1731 982 1796 πολλάκις
1013 1733 1110 1786 καὶ
1141 1734 1304 1803 ἑορτῇ
1328 1731 1424 1786 τοῦ
1463 1731 1784 1803 προσώπου,
1834 1737 1928 1786 καὶ

2047 1739 2280 1805 subierit,
2326 1737 2380 1791 in
2427 1735 2604 1806 primo
2638 1729 2773 1785 ﬂore
2826 1725 3026 1789 aetatis,
3055 1736 3199 1793 sazpe
3242 1719 3386 1776 etin
3432 1715 3610 1772 media

338 1827 416 1880 ἵν’
444 1828 587 1880 εῐπω
607 1825 700 1879 τοῦ
729 1825 941 1889 πάθους
977 1826 1300 1898 ἀνελπιστίᾳ
1324 1824 1629 1881 πολυτελεῖ.
1660 1827 1847 1897 Πολλῷ
1874 1825 1920 1881 δ’

2047 1832 2214 1888 vultus
2269 1827 2600 1892 festivitate,
2668 1837 2795 1878 cum
2854 1817 3261 1875 imminentium
3342 1813 3608 1868 malorum

337 1918 443 1974 οὖν
465 1920 764 1988 ἀναγκαῖον
793 1919 1028 1974 θανάτου
1070 1919 1273 1990 μᾶλλον
1307 1919 1642 1990 μεμνῆσθαι,
1698 1914 1780 1984 οἷς
1829 1923 1928 1975 καί⁸

2047 1921 2242 1984 )mnis,
2299 1927 2359 1973 ut
2405 1919 2478 1972 ita
2533 1915 2752 1978 dicam,
2810 1924 2938 1982 Spes
2993 1903 3315 1975 longissime
3365 1901 3609 1976 abesset.

343 2012 508 2075 νόσος
530 2005 619 2065 οἶά
646 2028 730 2076 τις
759 2010 828 2064 δι’
857 2011 1180 2088 ἀνωμαλίαν
1210 2029 1269 2065 τε
1302 2013 1397 2066 καὶ
1415 2012 1646 2078 ἀταξίαν
1671 2013 1768 2084 τῆς
1797 2012 1929 2084 ὕλης

2047 2014 2251 2080 Quanto
2301 2017 2486 2066 autem
2534 2005 2709 2079 magis
2740 2005 2778 2059 ii
2809 2002 3012 2058 debent
3040 1996 3233 2053 mortis
3275 1991 3612 2054 meminisse,

353 2103 786 2171 συμπέπτωκεν,
832 2098 920 2167 αἷς
960 2086 1182 2168 πολλαῖς
1210 2121 1270 2158 τε
1299 2105 1397 2159 καὶ
1432 2105 1710 2169 ποικίλαις
1737 2105 1929 2161 ἄλλοτε

2047 2107 2125 2176 qui
2165 2104 2237 2161 ob
2274 2102 2532 2160 vitiosam
2563 2107 2621 2154 et
2656 2094 3038 2167 perturbatam
3088 2089 3374 2146 materiam
3410 2086 3616 2140 morbis

355 2199 548 2258 ἄλλαις
575 2196 638 2251 τὸ
669 2196 1015 2266 ἀνθρώπινον
1041 2198 1317 2269 κέχρηται
1350 2197 1513 2268 σῶμα
1565 2198 1934 2269 συγχεούσαις

2047 2198 2446 2261 :onllictantur,
2489 2193 2584 2264 qui
2636 2191 2795 2246 multi
2843 2198 2900 2244 et
2943 2186 3081 2242 varii
3128 2195 3294 2254 atque
3345 2183 3482 2239 alias
3527 2182 3616 2237 alii

352 2305 414 2341 τε
458 2289 552 2343 καὶ
599 2288 936 2350 διασπώσαις
984 2288 1086 2362 τὴν
1137 2288 1246 2343 τῶν
1278 2290 1592 2360 συνδέσμων
1649 2294 1934 2361 στοιχείων

2047 2294 2278 2347 humana
2335 2302 2565 2357 corpora
2611 2283 2882 2346 afﬁciunt,
2920 2281 3190 2337 elementa
3249 2279 3614 2342 confundunt,

348 2379 735 2451 ἀλληλουχίαν.
770 2373 932 2434 Οὗτοι
962 2380 1072 2451 γὰρ
1115 2381 1217 2452 ἤδη
1247 2383 1475 2451 μονονοὺ
1528 2381 1736 2453 θατέρᾳ
1787 2382 1936 2454 χειρὶ

2047 2392 2093 2438 et
2133 2391 2316 2453 aptam
2360 2394 2553 2434 eorum
2604 2389 2926 2446 compagem
2969 2371 3320 2427 dissolvunt?
3361 2369 3424 2424 Hi
3468 2369 3615 2423 enim
3695 2390 3703 2398 -

347 2475 454 2544 τὴν
481 2471 574 2526 τοῦ
599 2472 831 2527 θανάτου
878 2471 1142 2527 κόπτουσι
1176 2473 1348 2546 θύραν
1374 2476 1470 2528 καὶ¹
1508 2474 1569 2529 τὸ
1618 2476 1781 2530 πλέον
1834 2476 1936 2544 τῆς

348 2565 451 2621 τοῦ
491 2566 587 2635 ζῇν
614 2565 829 2630 ἐλπίδος
856 2564 1088 2620 κατόπιν
1117 2566 1464 2631 διαλιπόντες
1507 2567 1721 2638 θατέρῳ
1767 2567 1939 2638 βλέμ-

353 2675 494 2730 ματι
525 2657 662 2728 πρὸς
680 2661 808 2722 τοὺς
843 2659 954 2712 τῶν
991 2659 1292 2730 μνημάτων
1321 2660 1425 2731 ἤδη
1477 2659 1763 2730 κρημνοὺς
1822 2660 1938 2714 δια-

348 2754 630 2807 κύπτουσι
660 2767 675 2782 ·
709 2751 922 2815 τούτοις
983 2753 1149 2806 παντὶ
1206 2753 1398 2822 τρόπῳ
1444 2752 1790 2822 λυσιτελήσει
1838 2754 1939 2824 τῆς

347 2844 568 2905 οἰκείας
598 2843 882 2914 φροντίσαι
906 2845 1088 2915 ψυχῆς
1107 2845 1204 2900 καὶ
1232 2844 1480 2899 ἀθάνατά
1510 2862 1572 2912 γε
1597 2848 1662 2916 τῇ
1687 2845 1941 2916 ἀθανάτῳ

350 2933 516 3007 ’πάσῃ
549 2933 749 3004 σπουδῇ
783 2934 1136 3004 πορίσασθαι,
1170 2936 1381 3007 μήποτε
1403 2936 1629 2991 διπλοῦν
1657 2937 1748 2989 τὸν
1775 2937 1942 2992 θάνα-

350 3026 451 3079 τόν
483 3041 670 3095 σφισιν
703 3026 887 3088 αὐτοῖς
917 3025 1296 3098 προξενήσωσι
1314 3027 1406 3080 τόν
1433 3045 1493 3080 τε
1543 3027 1640 3081 τοῦ
1687 3029 1941 3097 σώματος

351 3116 454 3170 τόν
505 3133 566 3170 τε
585 3117 686 3187 τῆς
732 3117 935 3189 ψυχῆς.
988 3119 1145 3188 Ἐμοὶ
1198 3118 1255 3173 δὲ
1307 3118 1436 3186 καὶ,
1456 3119 1692 3190 μάλιστα
1721 3121 1943 3176 πάντων

354 3207 516 3276 δεινῇ
556 3224 662 3260 τινι
695 3207 791 3260 καὶ
813 3206 1008 3279 βαρείᾳ
1029 3210 1096 3280 τῇ
1135 3208 1277 3279 νόσῳ
1327 3208 1530 3278 τούμὸν
1568 3211 1718 3263 τουτί
1777 3210 1938 3280 σῶμα

2039 2488 2250 2535 tantum
2319 2489 2428 2529 non
2500 2471 2676 2526 altera
2720 2482 2885 2522 manu
2931 2464 3081 2520 fores
3117 2465 3308 2521 mortis
3352 2465 3615 2535 pulsant;

2040 2571 2097 2626 hi
2127 2569 2257 2624 vitae
2306 2581 2460 2637 spem
2503 2564 2740 2618 maxima
2780 2575 2847 2630 ex
2890 2567 3044 2629 parte
3089 2569 3238 2612 retro
3277 2557 3618 2629 abjt-cerunt.

2039 2673 2096 2720 et
2153 2664 2384 2717 alterum
2435 2663 2546 2730 jam
2598 2659 2816 2713 oculum
2862 2653 2929 2708 ad
2986 2657 3094 2710 ima
3161 2651 3372 2706 tumuli
3437 2649 3625 2718 prtrci-

2040 2756 2171 2828 pitia
2220 2755 2535 2810 intendunt.
2593 2752 2689 2809 llis
2739 2765 2966 2824 prorsus
3013 2735 3250 2819 expedit,
3295 2741 3464 2796 animi
3523 2756 3623 2794 cu-

2039 2865 2159 2906 ram
2221 2847 2528 2919 suscipere.
2590 2846 2774 2916 eique,
2822 2859 2947 2900 cum
2983 2842 3057 2898 sit
3090 2836 3436 2902 immortalis,
3483 2834 3632 2890 bona.

2040 2942 2373 2999 immortalia
2406 2939 2556 2994 omni
2595 2938 2780 2995 studio
2823 2936 3132 3008 providere,
3165 2947 3235 2988 ne
3268 2938 3407 2993 forte
3447 2933 3625 3004 dupli-

2043 3051 2162 3093 cem
2209 3033 2315 3089 sibi
2358 3042 2590 3090 mortem
2625 3041 2934 3096 arcessant,
2964 3041 3020 3086 et
3057 3045 3351 3101 corporum
3402 3039 3459 3086 et
3501 3029 3624 3084 ani-

2045 3142 2279 3184 morum.
2309 3124 2441 3180 Mihi
2468 3140 2596 3180 vero
2623 3132 2777 3179 tanto
2818 3123 2992 3195 magis
3021 3122 3124 3179 hoc
3151 3138 3315 3194 quam
3356 3123 3481 3178 aliis
3511 3136 3626 3178 om-

2047 3220 2211 3275 nibus
2273 3218 2585 3275 faciendum
2659 3225 2774 3286 est,
2839 3228 3048 3289 quanto
3115 3218 3365 3289 graviore
3439 3217 3627 3271 morbo

358 3299 568 3370 μικροῦ
601 3301 800 3362 τελέως
832 3300 1285 3371 ἑκδεδαπάνηται.
1328 3302 1480 3355 Πάνυ
1504 3304 1614 3372 γὰρ
1639 3304 1704 3356 ὲκ
1727 3302 1942 3374 μακροῦ

2047 3318 2223 3365 totum
2271 3307 2385 3362 fere
2414 3323 2618 3378 corpus
2672 3323 2852 3363 meum
2891 3317 2976 3362 est
3023 3318 3435 3377 consumptum.
3489 3307 3625 3360 Nam

355 3391 646 3460 πάνδημός
689 3407 776 3454 τις
830 3391 1312 3461 ὲπιστρατεύσασά
1377 3410 1470 3462 μοι
1523 3394 1943 3464 παλινοστήσειν

356 3483 547 3536 οὐκέτ’
575 3479 733 3547 αὖθις
755 3483 1098 3554 βεϐούληται,
1152 3485 1269 3539 ἀλλ’
1325 3485 1756 3556 ὲμπεφώλευκεν
1817 3487 1944 3541 ἐσά-

359 3592 498 3637 παν,
533 3573 722 3646 ὥσπερ
763 3578 887 3630 τινὰ
946 3577 1145 3648 ἑαυτῆς
1170 3577 1348 3630 οἰκίαν
1399 3577 1784 3646 κατειληφυῖα,
1851 3580 1947 3632 καὶ

359 3665 672 3720 διετέλεσεν
703 3667 855 3720 ἐσαεὶ
887 3668 987 3736 τὴν
1013 3668 1116 3738 μὲν
1153 3668 1294 3740 ἐμὴν
1327 3667 1422 3722 τοῦ
1461 3666 1724 3738 ’σώματος
1757 3668 1947 3723 οὐσίαν

360 3761 532 3813 οἱονεί
559 3743 646 3823 τῖς
682 3760 980 3830 ὲκμυζώσα
1015 3759 1231 3830 βδέλλα,
1269 3761 1371 3832 τὴν
1423 3760 1470 3815 δ’
1498 3756 1566 3816 αὖ
1621 3761 1944 3833 περιουσίαν

338 3851 678 3924 ,ὑφαιροῦσά
712 3869 813 3922 μου
842 3852 984 3906 κατά
1035 3852 1234 3924 μικρὸν
1261 3853 1480 3923 διδύμῃ,
1524 3853 1586 3907 τὸ
1633 3853 1947 3923 λεγόμενον,

365 3944 516 4014 χειρὶ
551 3945 645 3997 καί⁵
679 3947 792 4008 τοῖς
835 3943 946 3998 τῶν
983 3945 1186 4022 ίατρῶν
1226 3944 1451 4008 κόλποις
1507 3945 1946 4018 ὲπισωρεύουσα,

365 4036 624 4108 καθάπερ
647 4038 758 4090 ’τισί⁹
789 4036 1059 4108 ταμιείοις
1092 4021 1244 4090 οὖσιν
1283 4035 1509 4107 ἑαυτῆς.
1572 4038 1728 4092 Ἐπεὶ
1777 4038 1822 4090 δ’
1856 4033 1950 4092 οὖν

363 4133 399 4199 ἡ
422 4130 560 4200 πρὸς
590 4129 763 4200 αὐτὴν
795 4130 1042 4200 ἡμετέρα
1071 4130 1278 4201 σπουδὴ
1311 4130 1542 4199 μάταιος
1580 4126 1648 4203 ἦν
1687 4133 1787 4186 καὶ
1825 4134 1950 4186 ἀνό-

365 4238 529 4288 νητος
557 4220 733 4292 δχλος,
757 4222 853 4275 καὶ
888 4224 967 4286 είς
1014 4220 1124 4292 πῦρ
1165 4221 1244 4292 (τὸ
1295 4223 1390 4276 τοῦ
1423 4226 1608 4291 λόγου)
1671 4223 1949 4289 ξαίνοντες

367 4313 692 4385 ἐδοκοῦμεν,
744 4316 797 4367 τί
829 4313 896 4368 ἄν
931 4332 1015 4379 τις
1047 4316 1444 4386 ἐκτραγῳδοίη,
1478 4317 1650 4370 ὁπόσα
1687 4335 1776 4388 μοι
1807 4318 1953 4373 κατά

366 4405 462 4458 τὸν
493 4404 607 4476 βίον
631 4405 941 4476 ἠναντιώθη
976 4403 1032 4458 ἐν
1071 4422 1130 4458 τε
1161 4407 1277 4468 τοῖς
1310 4405 1603 4476 βασιλείοις
1638 4407 1695 4459 ἐν
1732 4425 1792 4460 τε
1840 4409 1953 4471 τοῖς

367 4495 494 4550 κατ’
536 4491 686 4549 οἷκον
743 4497 1088 4568 πράγμασι;
1148 4497 1482 4570 Συμϐἐϐηκε
1538 4499 1650 4569 γάρ
1704 4516 1793 4570 μοι
1847 4500 1954 4554 κάν

2049 3399 2138 3454 hic
2169 3400 2395 3454 morbus
2434 3408 2729 3469 postquam
2755 3399 2925 3453 semel
2964 3406 3074 3451 tota
3104 3397 3156 3452 vi
3184 3397 3239 3452 in
3275 3412 3363 3450 me
3395 3395 3628 3451 infestus

2049 3492 2232 3557 irruit,
2283 3491 2441 3562 291
2478 3491 2654 3546 noluit
2701 3506 2767 3546 ex
2807 3507 2874 3546 eo
2905 3490 3104 3546 deinde
3136 3503 3284 3544 a‘me
3322 3489 3626 3556 discedere,

2048 3586 2143 3642 sed
2177 3594 2443 3657 perpetuo
2476 3585 2530 3639 in
2559 3585 2935 3654 penetralibus
2969 3584 3106 3640 meis
3145 3583 3396 3639 habitare
3427 3585 3628 3654 persti-

2053 3679 2138 3742 tit,
2166 3679 2322 3748 quasi
2355 3695 2475 3733 eam
2500 3678 2598 3734 sibi
2634 3678 2857 3733 domum
2885 3677 3161 3747 propriam
3195 3687 3391 3731 nactus
3423 3687 3572 3732 esset
3613 3695 3626 3731 :

2050 3786 2230 3841 neque
2282 3785 2523 3841 unquam
2557 3769 2804 3840 corporis
2852 3769 2960 3824 mei
3009 3784 3232 3824 succum
3272 3769 3542 3822 hirudinis
3574 3768 3627 3822 in

2051 3877 2258 3917 morem
2283 3877 2549 3930 exsugere
2580 3861 2814 3927 destitit,
2844 3869 2900 3916 et.
2944 3876 3058 3915 rem
3095 3860 3421 3915 familiarem
3457 3877 3629 3914 meam

2051 3956 2314 4026 paulatim
2357 3955 2698 4011 deminutam
2732 3954 3018 4020 ambabus,
3053 3963 3112 4008 ut
3157 3955 3332 4020 aiunt,
3382 3954 3661 4021 manibus,

2051 4061 2370 4114 congerere,
2421 4057 2476 4100 et
2523 4045 2577 4100 in
2617 4045 2800 4100 sinum
2847 4045 3181 4100 medieorum
3215 4046 3380 4100 veluti
3414 4046 3468 4100 in
3515 4045 3636 4099 the-

2052 4153 2248 4195 sauros
2274 4153 2403 4194 suos
2447 4136 2718 4193 conferre.
2759 4137 2896 4192 Cum
2929 4145 3112 4192 autem
3149 4149 3338 4193 noster
3370 4139 3636 4194 adversus

2055 4231 2208 4285 illum
2235 4242 2469 4286 conatus
2509 4229 2690 4283 inanis
2719 4239 2774 4283 et
2805 4229 2996 4284 irritus
3027 4228 3214 4295 fuerit,
3263 4240 3338 4297 et,
3372 4241 3433 4285 ut
3465 4232 3641 4285 fertur.

2057 4320 2362 4390 proverbio,
2415 4321 2595 4391 ignem
2638 4319 2850 4374 caedere
2878 4321 3145 4377 hactenus
3177 4323 3328 4376 visus
3356 4325 3481 4384 sim,
3508 4324 3638 4391 quid

2055 4415 2184 4470 vitae
2217 4429 2351 4468 mem
2384 4412 2748 4468 adversitates
2796 4420 2904 4466 tam
2937 4414 3308 4483 imperatoriis
3339 4431 3500 4484 quam
3543 4418 3640 4469 (Ιο-

2056 4506 2300 4563 mesticis
2341 4505 2393 4559 in
2422 4507 2586 4559 rebus
2615 4506 3080 4559 commemorem?
3126 4505 3217 4561 Sic
3242 4512 3385 4561 enim
3416 4509 3637 4572 areidit,

367 4589 486 4650 τοῖς
530 4588 824 4659 βασιλείοις
874 4589 1132 4659 τετάχθαι
1191 4589 1317 4661 ἄρτι
1366 4591 1474 4645 τῶν
1519 4591 1692 4658 λόγων
1742 4593 1942 4647 ὑπανα-

2058 4609 2117 4654 ut
2161 4597 2360 4654 studiis
2398 4599 2707 4653 litterarum
2740 4599 2828 4652 vix
2861 4596 3187 4662 defunctus,
3207 4614 3329 4652 cum
3373 4614 3436 4652 ex
3469 4601 3634 4668 ephcv

369 4681 608 4751 κύψαντι
635 4685 730 4737 καὶ
763 4683 857 4736 τὸν
877 4682 1080 4753 ἔφηϐον
1121 4683 1582 4754 παραλλάττοντι,
1634 4686 1726 4740 καὶ
1778 4685 1956 4756 τιμῶν

369 4775 525 4845 παρά
579 4777 692 4839 τοῖς
715 4774 1014 4838 θειοτάτοις
1045 4775 1362 4845 βασιλεῦσιν
1397 4777 1664 4847 ἠξιῶσθαι
1697 4778 1847 4832 οὗτοι
1883 4796 1947 4849 γε

373 4863 696 4933 ἐλαχίστων.
739 4863 824 4936 [Ρ.
853 4863 974 4938 179]
1010 4865 1118 4919 Καὶ
1148 4865 1235 4924 ἵνα
1261 4868 1361 4921 τάν
1393 4869 1545 4939 μέσῳ
1569 4869 1952 4940 παρέλθωμεν,

371 4955 566 5026 ἐπειδὴ
591 4956 687 5008 καὶ
712 4957 742 5009 ὁ
772 4957 1175 5028 πατριαρχικὸς
1230 4959 1380 5030 ἡμᾶς
1425 4959 1654 5032 ὕστερον
1714 4964 1952 5034 κέκληκε

373 5049 566 5116 θρόνος
604 5050 697 5100 καὶ
719 5047 785 5118 δὴ
823 5049 917 5100 καὶ
940 5051 1326 5120 προσηγάγετο
1352 5052 1588 5116 ἄκοντάς
1629 5071 1689 5106 τε
1731 5055 1827 5109 καὶ
1858 5057 1961 5109 οὐκ

373 5138 647 5203 ἄκονταςο
682 5138 918 5203 ἄκοντας
949 5140 1050 5210 μὲν
1103 5141 1194 5193 διὰ
1245 5141 1308 5195 τὸ
1344 5143 1420 5213 μὴ
1472 5145 1678 5213 σφόδρα
1733 5147 1959 5201 ἀνεκτὸν

371 5232 474 5300 της
507 5230 796 5293 ἀσθενείας
832 5230 998 5300 βάρος
1037 5249 1052 5264 ·
1083 5233 1313 5302 θάτερον
1341 5237 1397 5287 δὲ
1429 5237 1516 5288 διὰ
1537 5240 1597 5289 τὸ
1630 5242 1727 5309 τῆς
1749 5241 1957 5308 ὑγιείας

374 5325 822 5396 πρασδοκήσιμον
875 5327 930 5398 (ἡ
983 5329 1093 5394 γὰρ
1151 5328 1357 5398 ταύτης
1414 5332 1778 5386 ἐπισαίνουσα
1837 5337 1958 5387 καθ’

2063 4693 2147 4747 bis
2174 4692 2521 4755 excederent,
2559 4691 2612 4744 in
2650 4689 2828 4744 aulam
2872 4697 3128 4759 receptus
3167 4691 3293 4755 sim,
3336 4699 3389 4743 et
3417 4706 3446 4743 a
3497 4691 3641 4746 divis

2063 4783 2485 4853 imperatoribus
2541 4784 2780 4838 honores
2827 4799 2936 4839 non
2999 4784 3256 4837 minimos
3309 4785 3638 4854 acceperim.

2061 4875 2238 4944 Atque
2265 4884 2323 4928 ut
2356 4890 2418 4928 ea
2465 4891 2586 4944 qua:
2614 4875 3051 4930 intercesserunt
3083 4876 3304 4930 silentio
3351 4887 3642 4946 praeterea.-

2061 4983 2206 5033 mus,
2238 4984 2361 5022 cum
2397 4969 2510 5037 ipsa
2550 4985 2765 5039 quoque
2801 4984 2902 5022 nos
2953 4969 3335 5039 patriarchalis
3377 4971 3537 5026 sedes
3575 4973 3642 5026 ad

2059 5075 2118 5116 se
2175 5060 2374 5116 deinde
2438 5065 2784 5123 vocavissct,
2845 5070 3010 5129 atque
3069 5060 3232 5116 etiam
3285 5064 3644 5131 pertraxisset

2059 5151 2254 5220 partim
2320 5153 2590 5217 nolentes,
2645 5152 2839 5222 partim
2891 5169 2998 5207 non
3049 5155 3295 5209 nolentes
3337 5172 3350 5207 :
3391 5158 3645 5212 nolentes

2057 5245 2277 5313 quidem
2325 5247 2394 5300 ob
2443 5245 2777 5300 infirmitatis
2821 5261 2961 5301 onus
3011 5261 3162 5315 pmne
3225 5248 3572 5304 intolerabile
3626 5268 3640 5304 :

2061 5337 2202 5389 haud
2260 5337 2506 5391 nolentes
2543 5336 2613 5392 ob
2653 5338 3116 5407 exspectationem
3169 5340 3427 5395 sanitatis
3484 5342 3641 5409 (nam

1728 5465 2059 5528 Varioru'm
2100 5478 2286 5531 ΗΟίίὨι

449 5583 563 5655 (46)
605 5585 880 5658 Gregoras
917 5601 1026 5640 non
1068 5594 1458 5642 testamentum
1500 5603 1676 5658 ipsum
1717 5592 1954 5658 patriar-

376 5655 516 5717 εἰπε,
548 5656 645 5710 sed
679 5655 988 5728 testamenti
1022 5659 1350 5727 prooemium
1386 5655 1614 5728 protért,
1647 5655 1806 5727 cujus
1831 5677 1953 5716 sese

377 5735 662 5780 auctorem
713 5726 1064 5781 manifestum
1095 5728 1295 5796 prodit.
1328 5726 1552 5783 Esstant
1579 5730 1630 5784 in
1658 5726 1848 5784 codice
1871 5748 1956 5785 re-

378 5797 469 5866 gio
513 5797 657 5869 3229
691 5797 958 5866 opuscula
991 5798 1120 5862 duo,
1175 5799 1422 5869 ejusdem
1459 5799 1630 5854 ferme
1682 5813 1737 5853 ct
1786 5817 1950 5866 argn-

380 5868 548 5921 tucnti
585 5877 643 5922 et
687 5869 852 5940 styli;
896 5885 1130 5938 quorum
1183 5871 1420 5939 primum
1469 5871 1814 5938 inscribitur,
1845 5873 1951 5924 ἰὀῦ

2062 5595 2404 5663 πατριάρχου
2467 5597 2636 5664 κυροῦ
2681 5593 2930 5647 Ἰωάννου
2969 5593 3060 5647 τοῦ
3096 5594 3332 5654 Γλυκέος
3365 5596 3396 5661 ἡ
3445 5596 3643 5664 παραί-

2061 5681 2214 5733 τησις
2269 5662 2364 5716 τοῦ
2416 5662 2835 5734 πατρ;αρχείου,
2873 5665 3131 5734 alterum,
3170 5665 3278 5716 Τοῦ
3316 5662 3482 5715 αὑτοῦ
3535 5682 3637 5715 πα-

2059 5739 2324 5858 ὖριαρχου
2375 5733 2781 5806 ὑπομνηττικδν
2829 5736 2907 5799 είς
2938 5738 3028 5788 τὸν
3069 5733 3292 5804 βασιλέα
3336 5735 3429 5785 τ”.ν
3461 5734 3637 5801 ἅγιον,

2104 5821 2268 5858 mm.

2104 5821 2268 5859 DIVIN.
