4016 6578
302 375 410 440 469
555 372 632 446 [Α.
673 390 726 430 c.
769 374 905 431 I282
940 392 1005 430 ιι)
1048 374 1208 447 I528]

1284 377 1730 444 BYZAN'I‘INI‘E
1754 383 1887 442 HIS

1993 382 2136 443 RLE
2163 382 2307 444 LIB.
2342 382 2501 445 γιίι,
2583 374 2712 447 [μιν.
2755 389 3042 432 Αιιοιοαισ.
3102 373 3249 447 εει]

3445 377 3572 442 4⁸7ον

305 494 431 546 σ’ὶαι
459 493 702 548 ἐκέλευε.
737 495 810 550 Τὸ
848 495 1122 561 δ’καῐτιον,
1156 497 1238 550 δτι
1274 496 1370 551 καὶ
1408 494 1499 548 τὸν
1531 495 1632 563 τῆς
1667 495 1875 569 μητρὸς

1993 503 2119 562 πει,
2150 493 2295 564 quod
2322 493 2548 549 alterius
2579 493 2830 550 mulieris
2868 492 3251 550 vehementior
3272 502 3329 550 et
3356 503 3551 565 poten-

305 586 473 638 αὑτοῦ
525 587 786 658 Καθαρᾶς
820 587 1000 659 ἔρωτα
1039 588 1226 659 ἕτερος
1263 589 1526 658 ἐξαπίνης
1556 585 1876 657 ἐπιδραμὼν

306 679 675 748 ἀντέκρουσεν
707 680 844 749 ἔρως
899 681 1361 751 ἐπικρατέστερος
1409 679 1589 750 πολλῷ
1621 681 1714 754 ua}
1747 695 1880 747 σφο-

305 768 586 839 δρότερος.
1173 835 1184 840 4

249 917 266 925 ρ
377 860 453 916 Β’.
501 860 656 913 Ἐπεὶ
680 861 787 932 γὰρ
819 862 954 933 πρὸς
992 862 1087 916 τοῦ
1122 864 1333 933 πατρὸς
1363 865 1458 916 καὶ
1490 862 1750 934 βασιλέως
1780 861 1880 930 τὴν

307 953 613 1023 ἐπιτροπὴν
641 953 859 1017 ἐδέξατο
889 953 999 1008 τῶν
1025 972 1088 1009 τε
1119 957 1176 1007 ἐν
1203 955 1512 1025 Μακεδονίᾳ
1538 953 1881 1024 πραγμάτων

311 1043 407 1097 καὶ
437 1043 840 1115 Θεσσαλονίκης
867 1047 1037 1112 αὐτῆς
1066 1047 1322 1117 (διέτρισε
1349 1047 1403 1100 δὲ
1431 1049 1501 1100 τὰ
1535 1046 1764 1099 πλεῖστα
1784 1044 1880 1097 τοῦ

308 1137 501 1196 ἄστεος
549 1135 699 1189 ἔνδον
745 1137 1194 1207 Θεσσαλονίκης),
1225 1138 1389 1209 ἔρωτι
1435 1141 1693 1206 γυναικὸς
1741 1137 1882 1190 ἑάλω

308 1227 453 1288 τινὸς
483 1226 590 1278 τῶν
621 1227 923 1296 ἐπιφανῶν.
952 1224 1059 1281 Ἦν
1084 1229 1141 1281 δέ
1174 1228 1310 1298 αὕτη
1338 1229 1587 1299 θυγάτηρ
1622 1229 1720 1298 μὲν
1749 1228 1883 1280 Νεο-

309 1315 666 1384 καισαρείτου
711 1317 803 1369 τοῦ
851 1317 1337 1389 πρωτασηκρῆτις,
1383 1322 1614 1387 σύζυγος
1646 1319 1701 1371 δὲ
1726 1320 1881 1372 Κων-

311 1406 596 1458 σταντίνου
631 1407 724 1460 τοῦ
765 1408 1156 1472 Παλαιολόγου.
1207 1409 1362 1464 Οὕτω
1418 1411 1463 1463 δ’
1503 1409 1883 1480 ἁπαράμιλλος

307 1492 379 1567 ἦν
407 1497 487 1568 τῷ
516 1515 575 1551 τε
599 1499 696 1567 τῆς
721 1499 896 1567 ὅψεως
925 1500 1114 1554 κάλλει
1141 1503 1236 1554 καὶ
1265 1503 1332 1572 τῇ
1365 1503 1462 1572 τῆς
1503 1500 1751 1569 γλώττης
1777 1499 1886 1552 δει-

307 1587 494 1657 νότητι
527 1590 624 1640 καὶ
657 1588 732 1658 τῷ
765 1589 1062 1662 ἐφέρποντι
1094 1589 1192 1645 τοῦ
1224 1591 1391 1660 ἠθους
1425 1589 1600 1658 ὑγρῷ,
1645 1589 1786 1643 ὥστε
1822 1589 1882 1642 οὐ

303 1683 430 1744 ταῖς
471 1681 581 1734 τῶν
613 1675 1052 1750 ἐντυγχανόντων
1084 1683 1243 1752 μόνον
1269 1685 1470 1752 ψυχαῖς
1494 1683 1734 1750 ἄφυκτόν
1763 1698 1883 1734 τινα

302 1773 407 1841 τὴν
444 1771 718 1842 ἐρωτικὴν
751 1773 992 1844 σαγήνην
1021 1774 1376 1844 ἐπὲρριπτεν,
1412 1773 1550 1829 ἀλλὰ
1581 1775 1688 1826 κάκ
1716 1773 1884 1843 μόνης

299 1867 404 1933 τῆς
432 1864 627 1935 φήμης
661 1868 787 1928 τοὺς
826 1866 1114 1931 πλείστους
1163 1867 1302 1936 πρ³ς
1349 1868 1474 1930 τοὺς
1513 1867 1712 1936 ἑαυτῆς
1757 1866 1881 1920 ἀνέ-
1912 1851 1958 1911 Β

300 1956 506 2024 φλεγεν
525 1956 757 2027 ἔρωτας.
801 1957 957 2012 Οὕτω
987 1959 1095 2029 γὰρ
1123 1960 1156 2029 ἡ
1198 1959 1359 2025 φύσις
1389 1961 1518 2030 περὶ
1545 1959 1642 2028 τὴν
1674 1958 1883 2030 ἄνθρω-

302 2065 407 2100 πον
445 2049 900 2120 ἐφιλοτιμήσατο,
933 2048 1075 2102 ὥστε
1110 2050 1314 2122 πολλὴν
1353 2051 1452 2118 μὲν
1485 2050 1580 2102 ἐπὶ
1622 2048 1717 2102 τοῦ
1749 2067 1884 2118 προ-

304 2139 492 2193 σώπου
545 2141 644 2211 τὴν
703 2141 1011 2211 εὐρυθμίαν
1062 2142 1380 2213 ἐφήπλωσε,
1423 2141 1628 2209 πολλὴν
1678 2141 1734 2194 δέ
1783 2141 1882 2212 τὴν

303 2231 541 2302 ὀξύτητα
591 2233 724 2304 περὶ
760 2233 858 2304 τὴν
896 2234 1142 2288 διάνοιαν
1171 2234 1552 2309 ἓέθησαύρισε,
1583 2234 1787 2305 πολλὴν
1821 2234 1880 2288 δὲ

225 2366 231 2378 .
301 2329 404 2382 καὶ
429 2331 495 2398 τῇ
530 2326 746 2398 γλώττῃ
797 2329 1066 2398 ἐνήρμοσε
1117 2327 1215 2398 τὴν
1265 2326 1445 2382 πειθὼ
1475 2328 1568 2380 καὶ
1597 2327 1880 2398 δεινότητα

303 2420 404 2472 καὶ
431 2421 492 2472 τὸ
521 2417 820 2488 εὔστροφον
856 2420 949 2472 καὶ
979 2420 1204 2490 ἐπίχαρι
1239 2420 1338 2490 τῆς
1361 2421 1547 2491 ἠχοῦς.
1576 2416 1683 2475 Ἦν
1711 2421 1883 2474 δὲκαὶ

307 2513 503 2580 σοφίας
531 2515 628 2582 τῆς
683 2512 917 2582 θύραθεν
961 2513 1062 2567 οὐκ
1112 2513 1403 2584 ἄμοιροςὴ
1445 2515 1604 2582 γυνή.
1635 2509 1745 2567 Ἦν
1773 2515 1884 2585 γὰρ

307 2604 442 2656 ἰδεῖν
473 2604 645 2672 αὐτὴν
675 2604 852 2656 πάντα
886 2604 980 2658 καὶ
1025 2607 1254 2658 παντοῖα
1285 2605 1485 2676 ῥᾳδίως
1518 2605 1662 2660 κατὰ
1692 2606 1884 2679 καιρὸν

305 2696 368 2747 ἐν
385 2697 452 2764 τῇ
487 2695 676 2766 ὁμιλία
706 2696 794 2748 διὰ
827 2696 1073 2768 γλώττης
1099 2696 1504 2767 προφέρουσαν,
1534 2699 1634 2751 ὅσα
1659 2715 1720 2750 τε
1745 2689 1882 2768 αὑτὴ

305 2787 373 2840 δι’
407 2789 608 2859 ἑαυτῆς
639 2788 938 2855 ἀνεγνώκει
971 2788 1066 2841 καὶ
1103 2789 1206 2841 ὅσα
1247 2788 1514 2856 λεγόντων
1542 2788 1718 2842 ἄλλων
1747 2789 1886 2860 ἀκή-

306 2898 460 2943 κοεν,
513 2883 587 2944 ὡς
633 2881 822 2934 Θεανώ
872 2899 992 2935 τινα
1044 2881 1434 2952 Πυθαγορικὴν
1474 2883 1568 2935 καὶ
1613 2882 1884 2936 ’Υπατίαν

1983 587 2089 642 tior
2113 587 2286 643 multo
2315 599 2472 642 amor
2501 595 2726 652 repente
2751 587 3020 642 excitatus
3045 586 3302 642 Catbara:
3327 603 3550 658 quoque

1981 681 2172 736 matris
2203 682 2324 753 ejus
2347 695 2592 735 amorem
2619 679 2926 749 depulerat.

2056 859 2118 914 II.
2161 858 2294 914 Nam
2331 874 2516 913 rerum
2556 857 3029 912 Maccdonicarum
3068 867 3122 912 et
3162 857 3333 927 ipsius
3375 855 3554 912 Thes-

1982 951 2237 1006 salonica:
2269 948 2651 1019 praefecturam
2687 963 2810 1002 cum
2847 964 2875 1001 a
2912 956 3065 1018 patre
3099 948 3430 1017 imperatore
3460 961 3553 1002 ac-

1985 1043 2240 1112 cepisset,
2272 1051 2327 1095 et
2361 1040 2416 1094 in
2449 1055 2515 1096 ea
2550 1042 2683 1094 urbe
2717 1041 3042 1110 plerumque
3067 1051 3400 1102 versaretur,
3436 1054 3526 1092 mu

1983 1131 2139 1187 lieris
2167 1131 2450 1203 cujusdam
2485 1130 2713 1185 illustris
2743 1145 2930 1184 amore
2971 1139 3164 1200 captus
3194 1138 3296 1182 est.
3330 1127 3461 1182 Erat
3490 1133 3554 1182 ea

1985 1223 2362 1279 Neacmsaritze
2396 1222 2840 1292 protosecretarii
2881 1221 3011 1287 lilia,
3056 1219 3400 1275 Constantini
3451 1219 3558 1272 Pa-

1985 1315 2194 1385 lteologi
2231 1331 2388 1370 uxor.
2413 1314 2490 1369 lta
2518 1331 2648 1370 vero
2677 1325 2732 1369 et
2755 1314 3026 1384 elegantia
3059 1313 3248 1368 formae
3274 1322 3330 1368 et
3357 1313 3559 1382 linguae

1986 1406 2244 1462 facundia
2282 1416 2338 1462 et
2380 1407 2581 1461 blanda
2612 1422 2825 1464 morum
2859 1407 3118 1462 comitate
3159 1409 3468 1475 prmtabat,
3500 1414 3562 1460 ut

1987 1514 2096 1553 non
2146 1499 2308 1554 modo
2359 1509 2582 1568 aspectu
2631 1512 2734 1559 suo
2781 1498 2998 1552 animos
3035 1512 3249 1563 eorum,
3294 1513 3323 1554 a
3358 1496 3561 1566 quibus

1985 1591 2266 1656 adibatur,
2296 1589 2603 1648 inevitabili
2635 1589 2870 1658 quodam
2904 1590 3110 1644 amoris
3136 1589 3332 1660 laqueo
3377 1589 3562 1654 irreti«~

1988 1694 2092 1752 ret,
2127 1685 2222 1740 sed
2262 1686 2378 1740 sola
2422 1686 2587 1740 etiam
2635 1686 2778 1740 fama
2825 1685 3092 1740 excitatos
3139 1683 3410 1753 plurimos
3441 1683 3560 1752 pari

1987 1781 2182 1832 ardore
2219 1775 2598 1834 inﬂammaret.
2635 1776 2806 1832 Tanta
2853 1776 3000 1830 enim
3043 1785 3250 1830 natura:
3286 1774 3390 1831 fuit
3432 1789 3562 1843 erga

1985 1886 2106 1926 eam
2133 1872 2457 1936 liberalitas,
2491 1879 2549 1926 ut
2581 1880 2692 1926 toto
2719 1870 2873 1922 vultu
2902 1869 3228 1938 elegantiam
3257 1866 3558 1936 praeferret;

1986 1965 2041 2019 in
2102 1964 2322 2034 ingenio
2386 1963 2684 2034 plurimum
2721 1961 2884 2034 294
2911 1961 3204 2025 acuminis,
3259 1959 3315 2013 in
3373 1959 3562 2029 lingua

1989 2057 2097 2111 vim
2132 2054 2354 2111 dicendi
2401 2071 2466 2111 ac
2515 2054 2880 2124 persuadendi
2931 2054 3246 2116 maximam,
3299 2066 3402 2106 nec
3453 2067 3561 2104 non

1991 2153 2391 2208 volubilitatem
2424 2151 2672 2205 haberet.
2709 2149 2839 2204 Erat
2868 2157 2924 2203 et
2959 2145 3380 2202 humanioribus
3413 2146 3562 2200 litte-

1992 2244 2070 2300 ris
2116 2242 2358 2306 crudita,
2406 2249 2464 2296 et
2513 2241 2568 2295 in
2619 2238 2986 2295 familiaribus
3032 2237 3326 2306 colloquiis
3377 2236 3562 2290 omnia

1990 2336 2169 2392 omnis
2213 2334 2453 2406 generis,
2504 2348 2625 2403 quae
2682 2341 2789 2387 tam
2846 2331 2960 2400 ipsa
3008 2330 3238 2399 legerat,
3281 2344 3444 2397 quam
3495 2341 3562 2380 ex

1989 2427 2116 2481 aliis
2147 2425 2418 2486 audierat,
2465 2421 2628 2477 facile
2680 2431 2737 2476 et
2781 2430 3091 2490 opportune
3137 2419 3464 2489 proferebat,
3505 2425 3566 2470 ut

1991 2520 2159 2574 altera
2191 2517 2416 2572 Theano
2467 2514 2821 2586 Pythagorica
2881 2522 2937 2568 et
2989 2514 3162 2567 altera
3219 2510 3446 2582 Hypatia
3492 2510 3562 2564 ab

1995 2609 2391 2666 eruditioribns
2415 2607 2732 2679 quibusque
2759 2605 3150 2676 appellaretur.
3185 2603 3282 2658 llis
3309 2602 3564 2658 omnibus

1994 2701 2385 2758 Constantinus
2427 2699 2676 2768 despota,
2722 2706 2781 2752 ut
2824 2695 3080 2759 diximus,
3129 2694 3354 2752 omnino
3387 2693 3565 2748 victus

1992 2805 2096 2859 est,
2137 2802 2194 2848 ut
2237 2794 2355 2864 ejus
2390 2790 2709 2862 pudicitiam
2745 2798 3004 2852 tentaret,
3058 2797 3114 2843 et
3162 2787 3562 2844 clandestinum

1991 2889 2110 2957 ejus
2163 2884 2515 2940 concubitum
2566 2891 2794 2953 peteret.
2843 2882 2964 2951 Ipsa
3013 2897 3164 2944 vero,
3217 2881 3333 2935 sive
3383 2878 3563 2934 mariti

307 2974 481 3044 ἄλλην
508 2973 1116 3044 ὀνομάζεσθαικταύτην
1148 2975 1285 3043 πρὸς
1331 2975 1441 3026 τῶν
1488 2976 1575 3042 ἐφ’
1601 2976 1759 3044 ἡμῶν
1795 2992 1884 3028 σο-

1993 2988 2138 3034 metu
2159 2977 2572 3040 tleterrita,sive
2604 2974 2906 3044 remipsam
2941 2981 3128 3042 utpote
3148 2971 3391 3026 illicitum
3411 2986 3569 3026 arer-

309 3068 455 3134 ςωτέ
467 3084 598 3136 ρων.
619 3065 837 3120 Τούτων
853 3067 1107 3120 ἁπάντων
1123 3069 1532 3130 Κωνσταντίνος
1551 3068 1578 3118 ό
1595 3067 1882 3137 δεσπότης,

1993 3080 2127 3134 sata,
2173 3069 2465 3124 resistebat
2505 3083 2568 3122 ac
2614 3066 2940 3136 refugiebat.
2977 3065 3070 3120 Ille
3115 3079 3224 3134 quo
3265 3064 3438 3130 magis
3468 3062 3568 3116 ab-

306 3158 385 3222 ὡς
415 3159 655 3228 ἔφημεν,
694 3160 752 3220 ἐς
793 3159 862 3210 τὰ
909 3157 1145 3227 μάλιστα
1175 3159 1380 3228 ἥττητο
1421 3161 1516 3212 καὶ⁵
1543 3157 1887 3228 ἀπεπειρᾶτο

1994 3165 2218 3217 horrere
2243 3176 2364 3216 eam
2403 3160 2640 3225 videbat,
2687 3174 2755 3215 eo
2801 3158 3184 3214 vehementius
3218 3171 3406 3211 amore
3449 3155 3568 3224 ejus

308 3205 410 3320 τςξς
441 3205 705 3318 istaut;
727 3205 856 3302 ’και
905 3205 1082 3320 item
1125 3205 1885 3320 at;gig;;;t.;:'¢1;s;

1995 3254 2412 3311 incendebatur.
2445 3253 2660 3324 Itaque,
2689 3254 2834 3322 quod
2862 3253 2939 3306 ait
2980 3251 3153 3312 Plato,
3187 3249 3423 3307 amantis
3446 3248 3570 3302 ani-

310 3343 421 3395 εἴτε
463 3341 560 3393 τὸν
614 3341 850 3408 σύζυγον
901 3341 1194 3407 δεδοικυῖα,
1247 3343 1358 3394 εἴτε
1407 3341 1794 3411 μυσαττομένη
1828 3341 1889 3394 τὸ

1995 3363 2136 3401 mam
2171 3347 2354 3400 videre
2381 3356 2500 3401 erat
2525 3345 2580 3398 in
2613 3344 2793 3398 alieno
2825 3357 3055 3412 corpore
3082 3341 3402 3409 snirantem.
3428 3339 3564 3395 Cum

311 3438 408 3506 τῆς
436 3438 688 3503 πράξεως
705 3435 965 3506 ἄθεσμον,
989 3436 1279 3489 ἁνθίστατό
1297 3435 1381 3506 [P.
1414 3435 1540 3507 181]
1565 3453 1623 3489 τε
1647 3439 1739 3490 καλ⁸
1757 3436 1887 3488 ἁπε-

1995 3448 2176 3494 autem
2201 3436 2495 3507 aliquando
2531 3443 2652 3504 post
2686 3434 2914 3489 maritus
2943 3433 3064 3504 ejus
3087 3431 3433 3493 decessisset,
3453 3431 3565 3500 jam
3651 3434 3655 3440 “

312 3529 569 3599 τρέπετο.
603 3530 665 3581 '0
696 3528 740 3580 δ’
785 3528 908 3580 ὅσον
947 3529 1164 3598 ἐκείνην
1208 3529 1665 3599 ἀποτρεπομένην
1713 3527 1884 3598 ἐώρα,

1996 3529 2180 3582 acrius
2207 3543 2320 3582 rem
2356 3525 2584 3597 urgebat
2611 3525 2888 3594 despotes,
2925 3538 3278 3591 omnemque,
3319 3531 3378 3576 ut
3405 3522 3569 3589 vulgo

314 3621 570 3673 τοσοῦτον
596 3619 757 3683 αὐτὸς
792 3623 932 3690 πρὸς
983 3621 1234 3690 μείζονας
1280 3621 1535 3686 ἐξεκάετο
1562 3623 1690 3685 τοὺς
1720 3621 1887 3692 αὐτῆς

1995 3623 2172 3684 aiunt,
2206 3619 2460 3676 movebat
2488 3617 2742 3686 lapidem,
2779 3631 2889 3686 quo
2919 3615 3063 3694 illam
3114 3629 3338 3668 uxorem
3385 3611 3570 3682 legiti-

317 3714 554 3784 ἔρωταςσ
585 3714 676 3768 καὶ
719 3709 788 3785 ἦν
841 3714 998 3780 ἰδεῖν,
1035 3715 1091 3766 τί)
1128 3714 1218 3768 τοῦ
1261 3714 1564 3779 Πλάτωνος,
1589 3715 1685 3786 τὴν
1714 3713 1887 3786 ψυχὴν

1993 3729 2130 3768 mam
2167 3713 2414 3767 duceret.
2452 3712 2571 3776 Quo
2613 3710 2780 3772 facto,
2825 3707 3072 3762 omnium
3104 3706 3335 3760 aliarum
3371 3699 3568 3758 mulie-

317 3807 409 3860 τοῦ
445 3809 678 3877 ἐρῶντος
709 3809 765 3859 ἐν
801 3807 1068 3879 ἀλλοτρίῳ
1125 3809 1309 3872 ζῶσαν
1350 3809 1435 3877 τῷ.
1463 3808 1698 3879 σώματι.
1742 3809 1887 3863 Ἐπεὶ

1993 3823 2113 3860 rum
2164 3814 2220 3858 et
2269 3819 2519 3858 amorum
2570 3802 2794 3868 oblitus,
2831 3800 3115 3870 ipsiusque
3159 3797 3296 3852 adeo
3341 3796 3438 3851 ﬁlii
3470 3794 3569 3849 Mi-

316 3901 370 3953 δὲ
401 3901 542 3970 μετὰ
574 3901 769 3970 χρόνον
797 3901 922 3954 τινα
955 3901 1046 3952 τὸν
1090 3899 1204 3970 βίον
1237 3904 1265 3954 ό
1306 3901 1512 3969 ταύτης
1541 3901 1778 3955 ἀπέλιπε
1805 3900 1887 3954 σύ·

1993 3898 2200 3953 cbaelis
2226 3895 2473 3959 Cathari,
2509 3909 2696 3964 quem,
2749 3900 2808 3947 ut
2852 3892 3111 3956 diximus,
3137 3907 3205 3945 ex
3241 3889 3436 3944 ancilla
3465 3889 3570 3943 Ca-

317 3992 502 4058 ζυγος,
535 3992 637 4060 ἢδη
671 3992 1035 4062 σφοδρότερον
1086 3988 1155 4063 ἦν
1206 3993 1524 4062 ἐγκείμενος
1567 3996 1596 4047 ό
1628 3994 1887 4064 δεσπότης

1993 3994 2151 4049 thara
2178 3995 2518 4058 susceperat,
2545 3985 2710 4041 unius
2737 3983 2992 4040 Eudocia:
3013 3981 3388 4053 Palteologinaa
3411 3993 3566 4035 amo-

319 4087 410 4136 καὶ
441 4084 620 4136 πάντα
645 4084 790 4137 λίθον
822 4086 1008 4172 κινῶν,
1036 4085 1096 4138 τὸ
1127 4085 1219 4138 τοῦ
1256 4085 1437 4154 λόγου,
1475 4087 1708 4156 νόμιμον
1761 4087 1887 4154 ἀγα-

1996 4085 2155 4140 ribus
2187 4082 2436 4136 vacabat.

316 4177 506 4244 γέσθαι
542 4166 877 4248 βουλόμενος
902 4179 1157 4247 σύζυγον.
1191 4175 1264 4234 Ob
1296 4179 1360 4248 δὴ
1390 4180 1678 4250 γεγονότος
1744 4180 1932 4235 πασῶν
1973 4179 2138 4242 εὐθὺς
2207 4177 2490 4243 ἐξελάθετο
2527 4175 2804 4245 γυναικῶν
2851 4173 2946 4225 καὶ
2987 4171 3207 4242 ἐρώτων
3251 4168 3426 4224 ἄλλων
3472 4166 3566 4220 καὶ

318 4271 482 4325 αὑτοῦ
530 4287 593 4338 γε
622 4272 717 4325 τοῦ
761 4273 1018 4342 ῥηθέντος
1057 4276 1218 4336 υἱέως
1265 4275 1525 4343 Καθαροῦ
1568 4261 1808 4346 Μιχαὴλ,
1873 4273 1932 4327 ὃν
1972 4275 2035 4327 ἐκ
2079 4275 2178 4338 τῆς
2219 4271 2600 4342 θεραπαινίδος
2640 4269 2937 4338 γεγέννηκε
2965 4283 2978 4296 ·
3019 4267 3112 4319 καὶ
3151 4260 3218 4336 ἦν
3253 4262 3421 4333 μόνης
3449 4259 3573 4332 θερ-
3613 4330 3617 4333 _

323 4369 436 4438 μῶς
463 4367 784 4438 ἐξεχόμενος
814 4367 1076 4432 Εὺδοκίας
1101 4369 1202 4438 τῆς
1233 4369 1662 4440 Παλαιολογίνης
1686 4369 1822 4439 (51).

387 4461 462 4514 Ρ.
491 4459 697 4512 Τοῦτον
719 4458 782 4528 δὴ
813 4453 905 4510 οὖν
933 4459 1024 4511 τὸν
1066 4458 1320 4527 Καθαρὸν
1359 4460 1578 4530 Μιχαὴλ
1611 4476 1897 4512 πεντεκαι-

2064 4453 2154 4509 Ill.
2195 4451 2335 4506 Eum
2398 4450 2717 4505 Michaelem
2765 4446 3084 4508 Catbarum.
3133 4462 3338 4500 annum
3394 4447 3574 4502 aetatis

318 4552 544 4606 δέκατον
573 4551 674 4620 ήδη
709 4549 899 4619 χρόνον
933 4552 1032 4619 τῆς
1075 4549 1295 4626 ἡλικίας
1341 4550 1644 4620 ἀμείϐοντα
1672 4549 1887 4619 πέμψας

1994 4545 2272 4600 decimum
2311 4542 2565 4612 quintum
2590 4541 2699 4611 jam
2726 4550 2995 4612 agentem,
3029 4539 3329 4608 Imperator
3354 4536 3576 4593 Andro-

320 4647 348 4697 ὁ
376 4645 632 4716 βασιλεὺς
679 4643 1019 4712 Ἀνδρόνικος
1061 4645 1087 4695 ό
1141 4644 1373 4712 γηραιὸς
1402 4641 1811 4713 ’προσηγάγετό
1837 4657 1887 4692 τε

2003 4635 2162 4690 nicus
2189 4633 2376 4688 senior
2415 4632 2738 4687 arcessitum
2769 4632 2954 4701 pueris
2982 4629 3286 4684 domestica
3325 4629 3547 4685 ministe

321 4736 416 4788 καὶ
443 4737 556 4797 τοῖς
577 4732 700 4786 κατ’
725 4729 873 4788 οἷκον
896 4733 1246 4801 ὑπηρετικοῖς
1276 4731 1580 4802 παιδαρίοις
1604 4731 1714 4800 (52)
1752 4747 1890 4800 συγ-

323 4826 621 4892 κατέλεξεο
682 4825 902 4893 πρῶτον
950 4824 1070 4892 μὲν,
1105 4824 1191 4875 ἵνα
1243 4825 1316 4894 μὴ
1356 4822 1680 4894 διαφθαρείη
1726 4822 1892 4892 λιμῷ,

326 4918 553 4986 μηδενὸς
608 4915 1060 4985 προμηθουμὲνου
1083 4930 1098 4946 °
1129 4915 1382 4986 δεύτερον
1426 4915 1470 4968 δ’
1521 4916 1652 4978 ἴσως
1682 4915 1770 4968 ἴνα
1800 4913 1894 4967 καί

325 5024 428 5060 τινι
452 5008 561 5059 τῶν
594 5006 754 5076 πέριξ
791 5005 962 5061 ἐθνῶν
997 5009 1074 5071 είς
1114 5007 1276 5076 κῂδος
1305 5007 1509 5076 δοθείη,
1532 5006 1607 5071 ὡς
1636 5007 1694 5074 ἐξ
1727 5007 1895 5077 αἵμα-

326 5115 414 5160 τος
445 5097 520 5151 ῶν
555 5098 831 5167 βασιλείου
885 5099 983 5152 καὶ
1025 5100 1256 5168 γένηται
1290 5099 1531 5151 σπονδῶν
1562 5115 1727 5152 τινων
1759 5099 1899 5168 πρό-

2005 4726 2084 4781 ria
2119 4725 2451 4781 obeuntibus
2502 4725 2710 4778 socium
2747 4722 3016 4777 ascribit:
3073 4721 3331 4790 primum.
3383 4736 3452 4774 ne
3504 4719 3591 4775 ab-

2001 4819 2259 4876 omnibus
2291 4817 2452 4888 295
2477 4817 2758 4886 neglectus
2783 4815 2924 4869 fame
2951 4814 3154 4883 periret
3188 4829 3203 4867 :
3232 4811 3433 4868 deinde
3462 4811 3578 4867 for-

2004 4921 2169 4978 tasse,
2207 4921 2266 4966 ut
2292 4926 2391 4981 per
2423 4925 2549 4964 eum
2584 4908 2851 4980 sanguine
2891 4905 3248 4976 imperatorio
3273 4916 3456 4960 ortum
3487 4905 3571 4960 af-

2003 5002 2184 5060 ﬁnitas
2216 5018 2342 5055 cum
2366 5001 2548 5070 aliqua
2573 5016 2639 5054 ex
2671 4997 2916 5053 ﬁnitimis
2942 4998 3201 5068 gentibus
3228 4997 3572 5069 jungeretur,

2000 5106 2165 5166 atque
2202 5103 2261 5150 ut
2291 5094 2513 5162 fmderis
2539 5093 2772 5163 alicujus
2801 5091 3136 5146 conciliandi
3163 5090 3379 5154 occasio
3405 5101 3573 5154 esset,

332 5173 473 5250 ξενος
510 5184 604 5236 καί
651 5201 796 5247 τινος
837 5185 1107 5264 ὠφελείας
1162 5183 1458 5255 Ῥωμαίοις
1490 5186 1724 5249 καὶτοῖς
1767 5185 1887 5238 Ῥω·

2001 5187 2373 5256 Romanisque
2398 5195 2455 5240 et
2494 5185 2569 5238 rei
2603 5171 2863 5239 Romana:
2891 5183 3138 5252 quolibet
3166 5183 3382 5236 tandem
3415 5193 3575 5252 pacto

337 5279 512 5347 μαίων
548 5276 873 5346 πράγμασιν
915 5278 1110 5340 αἴτιος.
1149 5276 1208 5330 '0
1239 5275 1295 5328 δὲ
1329 5276 1612 5351 κρμισθεὶς
1650 5280 1746 5330 καὶ
1781 5277 1901 5330 δια-

1999 5280 2302 5350 prodesset.
2333 5278 2428 5332 Ille
2459 5285 2644 5332 autem
2667 5291 2804 5331 .cum
2836 5277 2889 5330 in
2926 5275 3128 5346 palatio
3159 5274 3592 5330 educareturtet.
3688 5310 3700 5319 ι

1665 5411 2002 5474 Variorum
2034 5419 2222 5471 notua.

407 5535 516 5605 (5i)
562 5532 940 5605 Neocaesartta;
990 5531 1151 5600 primi
1189 5545 1217 5583 a
1272 5532 1504 5605 secretis
1553 5533 1694 5598 ﬁliae,
1747 5534 1897 5605 (Jon-

339 5599 563 5661 stattti'ni
598 5602 880 5670 Palmologi
910 5599 1150 5669 desirous
1176 5599 1391 5670 rlISVOI'iS,
1429 5617 1492 5655 ac
1519 5619 1582 5656 ex
1611 5605 1717 5657 alio
1748 5604 1895 5658 Con-

342 5675 578 5729 slanlino
605 5690 715 5725 'lllll
749 5669 945 5734 vidnte,
981 5670 1127 5723 unde
1166 5669 1528 5742 lfulafologt'ua
1578 5675 1664 5726 hic
1697 5688 1896 5742 cogno-

347 5755 602 5799 minatur.
649 5760 712 5795 ev
771 5745 952 5812 priore
979 5740 1252 5812 conjugio.
1294 5738 1428 5796 Vide
1457 5744 1601 5798 idem
1636 5738 1890 5800 stemma.

351 5817 384 5866 I.i
426 5828 578 5866 usu.

2073 5534 2186 5617 (δὲ)
2221 5531 2704 5617 adolescentibus,
2744 5546 2884 5617 quos
2916 5531 3574 5617 diplov:omti).ouq_voca-

2000 5602 2151 5663 bant,
2189 5603 2342 5662 νέους
2371 5603 2476 5655 τῶν
2524 5602 2888 5670 εὐπατριδῶν,
2933 5602 3356 5656 Cantatruzenus
3381 5603 3476 5658 lib.
3514 5619 3574 5662 tt.

2001 5690 2123 5754 cap.
2294 5674 2444 5734 νέους
2471 5672 2590 5754 τῶν,
2616 5673 3040 5754 εὐγενεστξρων.
3070 5673 3165 5727 lib.
3201 5687 3282 5754 III,
3329 5687 3451 5740 cap.
3483 5672 3573 5730 45.

2005 5742 2138 5800 Vide
2171 5742 2343 5799 Gloss.
2381 5744 2515 5797 med.
2549 5743 2766 5798 ercit.
2800 5742 2852 5797 in
2893 5742 2998 5796 hac
3027 5756 3177 5800 voce.
3223 5743 3456 5798 Ducum.
