4016 6584
369 421 476 490 ‘73

621 419 702 495 [Δ.
740 435 794 480 c.
838 421 974 478 1982
1009 437 1076 478 AD
1118 419 1278 496 1393]
1354 427 1801 490 BYZANTIN/E
1839 428 2226 490 HISTORle
2261 431 2405 491 LIB.
2446 429 2614 493 VIII-

2692 423 2823 498 [ιιιιι.
2864 439 3128 482 axonoutc
3191 424 3338 499 εει]

3521 429 3622 494 ιτι

365 539 650 611 βασιλεῦσι
684 540 1078 612 προσηκουσῶν
1112 540 1398 612 εὐπρεπὴς
1413 542 1516 614 ’καὶ
1551 543 1758 611 κοσμία
1779 557 1794 572 ·
1829 557 1935 594 πα-

2055 543 2336 613 conjuncta
2362 562 2375 609 ;
2412 544 2528 614 pari
2557 546 2741 614 specie
2776 547 3024 615 corporis
3053 562 3114 599 ac
3147 545 3430 600 modestia.
3461 547 3622 601 Pater

362 633 465 701 τηρ
508 632 565 685 δὲ
603 631 712 684 τῶν
749 633 812 684 ὲκ
861 630 1133 699 Κομάνων
1185 630 1477 700 ἐπίσημος,
1523 629 1572 683 οἳ
1626 631 1777 699 παρὰ
1827 630 1936 682 τῶν

363 723 741 795 ὕπερόορείων
776 723 887 794 (54)
913 723 1138 776 Σκυθῶν
1174 705 1281 792 πρδ
1330 723 1538 792 χρόνων
1599 722 1831 792 συχνῶν,
1862 721 1938 782 ὡς

361 818 691 888 εἰρήκαμεν,
737 816 959 888 Ἰωάννῃ
988 815 1063 884 τῷ
1098 814 1311 886 βασιλεῖ
1341 814 1768 887 προσερρύησαν
1797 811 1934 882 (55).

364 902 532 968 0510;
560 907 781 978 ὀξύτητι
814 909 1054 975 φύσεως,
1083 908 1216 976 πρὶν
1241 907 1339 974 τὴν
1381 907 1490 958 τῶν
1519 907 1722 959 παίδων
1755 922 1937 974 παρα-

341 999 595 1069 ¹δραμεῖν
627 998 871 1070 ἠλικίαν,
915 999 972 1051 ὲν
1012 1001 1126 1064 τοῖς
1161 997 1344 1068 λόγοις
1370 998 1626 1067 λαμπρὸς
1672 997 1937 1065 ἀνεφάνη.

367 1091 580 1145 Ἐπειτ’
615 1091 893 1162 ἐπιμελῶς
922 1094 982 1144 ὲν
1009 1093 1123 1153 τοῖς
1160 1093 1576 1159 στρατιωτικοῖς
1625 1087 1938 1150 παιδευθεὶς

363 1185 654 1255 κράτιστος
693 1187 798 1239 κάν
827 1183 1043 1248 τούτοις
1070 1183 1214 1247 εδοξε
1245 1182 1334 1235 διά
1363 1200 1421 1235 τε
1460 1182 1653 1254 ῥώμην
1685 1181 1939 1252 σώματος

363 1279 459 1340 καὶ¹
485 1277 714 1348 γνώμης
743 1276 1028 1348 βαθύτητα
1053 1277 1146 1330 καλ⁵
1173 1272 1286 1330 οἷον
1320 1276 1496 1328 εἰπεῖν
1525 1275 1810 1344 δαιμονίαν
1839 1275 1940 1344 τὴν

365 1385 602 1422 συνεσιν.

435 1544 514 1600 B'.
543 1545 800 1614 Πέμπτον
828 1543 872 1597 δ’
901 1543 1026 1614 ἄρτι
1058 1543 1149 1596 καὶ
1185 1541 1428 1595 εἰκοστδν
1455 1543 1554 1611 τῆς
1581 1540 1794 1608 ἡλικίας
1823 1538 1941 1602 ἔτος

308 1618 330 1645 ’
365 1638 610 1708 ἀμείσων
643 1639 920 1707 πέμπεται
945 1637 1074 1706 πρὸς
1101 1635 1194 1688 τοῦ
1223 1635 1487 1704 βασιλέως
1513 1632 1813 1703 στρατηγὸς
1848 1634 1944 1686 καὶ

295 1725 312 1842 f
361 1731 639 1800 διοικητὴς
665 1731 793 1799 μιᾶς
810 1729 915 1783 τῶν
937 1728 1062 1798 περὶ
1083 1727 1424 1782 Μακεδονίαν
1454 1727 1746 1797 ἐπαρχιῶν,
1769 1727 1944 1796 ﬁsci);

379 1821 473 1842 Ol"
535 1821 628 1842 -.-9
661 1839 675 1842 -
716 1821 931 1842 _.L‘___,
995 1821 1036 1842 l,
1071 1821 1190 1842 --_!
1230 1837 1324 1842 -_-
1360 1820 1514 1842 !\.__1-
1577 1821 1909 1842 A-‘._§,.-1___

379 1821 676 1891 Ἰλλυριοὺς
715 1821 947 1892 μάλιστα
990 1821 1324 1890 ὁμοροῦντας
1358 1820 1539 1890 ἔλαχε.
1577 1821 1946 1888 Φιλοδωρότα-

365 1932 458 1979 τος
487 1915 543 1968 δὲ
567 1914 642 1968 ῶν
671 1915 760 1968 καὶ
795 1913 959 1984 μηδὲν
992 1914 1122 1968 ἴδιον
1149 1913 1427 1982 κτώμενος
1458 1919 1552 1966 καὶ
1587 1914 1754 1984 μηδὲν
1789 1914 1948 1968 πλέον
1984 1906 2023 1961 Β

368 2005 515 2072 ἔχειν
538 2005 856 2075 βουλόμενος
874 2006 982 2058 τῶν
1004 2007 1110 2057 ἶσοι
1143 2006 1317 2076 τούτῳ
1336 2005 1421 2077 [Ρ.
1455 2003 1574 2078 185]
1599 2008 1950 2072 συνασπίζον-

368 2097 460 2161 τὲς
496 2115 556 2151 τε
588 2101 679 2151 καὶ
706 2096 1144 2167 παρασπίζοντες
1185 2095 1326 2171 ἦσαν
1353 2101 1409 2151 ὲν
1452 2104 1573 2162 ταῖς
1610 2103 1815 2170 ἀκμαῖς
1843 2103 1949 2154 τῶν

367 2188 618 2256 ἀγώνων,
651 2189 794 2244 οὕτω
825 2190 920 2252 τὰς
956 2190 1177 2257 γνώμας
1210 2191 1468 2244 ἁπάντων
1501 2192 1836 2258 ὲξιδιώσατο,
1874 2194 1946 2254 ὡς

365 2282 518 2352 ἥδιον
563 2283 772 2346 πάντας
804 2283 1058 2352 ἡγεῖσθαι
1085 2283 1266 2354 πολλῷ
1294 2285 1554 2356 θνήσκειν
1588 2286 1730 2356 ὑπὲρ
1761 2286 1948 2350 αὐτοῦ,

297 2399 314 2421 -ι
366 2375 400 2445 ἢ
432 2374 646 2438 ζῶντας
672 2376 804 2446 ὁρᾷν
835 2375 925 2427 τὸν
953 2375 1106 2444 ἥλιον
1135 2376 1262 2430 ἄνευ
1295 2357 1482 2430 αὐτοῦ.
1518 2372 1624 2430 Ἦν
1647 2377 1700 2430 δὲ
1722 2379 1816 2428 καὶ⁵
1846 2378 1952 2430 δει-

370 2467 456 2528 vo;
487 2468 516 2520 ό
537 2467 676 2538 ἀνὴρ
700 2468 858 2538 εῖπερ
884 2484 965 2530 τις
999 2467 1198 2538 πόρους
1218 2468 1277 2518 ὲν
1297 2470 1415 2530 ταῖς
1437 2469 1546 2520 τῶν
1572 2471 1950 2539 περιστάσεων

371 2558 629 2629 ἀπορίαις
660 2558 936 2628 εὑρίσκειν
961 2559 1057 2613 καὶ
1079 2561 1193 2622 τοῖς
1226 2559 1533 2631 ἀμηχάνοις
1560 2561 1668 2613 τῶν
1693 2562 1946 2630 πραγμάο

371 2668 479 2706 των
513 2653 763 2722 μηχανάς
792 2669 942 2716 τινας
986 2653 1306 2723 καινοτέρας
1351 2652 1668 2722 χαρίζεσθαι
1711 2654 1804 2706 καὶ
1834 2653 1952 2705 τόλ-

378 2758 482 2810 μαν
499 2741 814 2813 ἔμπρακτον
833 2743 1075 2796 ἐνδείκνυ
1092 2744 1208 2794 ςθαι
1231 2744 1500 2812 πανταχῆ,
1540 2743 1612 2806 ὡς
1654 2744 1953 2812 ἐκπλήττε-

380 2834 505 2889 σθαι
531 2836 740 2896 πάντας
771 2835 1014 2906 ὁρῶντας
1044 2835 1102 2888 τὸ
1137 2836 1477 2905 μεγαλοφυὲ,
1509 2837 1601 2890 τοῦ
1630 2838 1842 2906 ἀνδρός.

447 2926 521 2982 Γ’.
543 2929 644 2981 Ἐν
665 2944 720 2981 τι
753 2929 916 2998 μόνον
944 2929 1134 2998 ῶσπερ
1163 2946 1214 2981 τι
1249 2926 1723 3010 νὸεὶμαηπονηρδν
1751 2932 1830 2992 εἰς
1855 2928 1952 2994 τὰς

376 3019 539 3074 αὐτοῦ
573 3020 802 3091 πράξεις
832 3019 1244 3089 παρεισφθαρὲν
1272 3020 1622 3091 ἐκιϐδήλευσε
1659 3020 1834 3082 πάσας
1860 3023 1952 3072 καὶ

378 3112 568 3184 ῶσπερ
621 3112 872 3184 σώματος
917 3111 1085 3166 καλοῦ
1124 3114 1218 3166 καὶ
1253 3113 1534 3184 χαρίεντος
1577 3113 1669 3166 καὶ
1700 3116 1950 3176 γενναίου

376 3210 474 3270 τὰς
502 3208 657 3278 ὄψεις
686 3207 876 3271 δεινῶς
911 3207 1322 3281 ἀφαιρούμενον
1355 3208 1570 3279 ἀτερπῆ
1597 3210 1664 3261 τὰ
1697 3209 1824 3278 τέλη
1847 3227 1945 3263 κα·
1978 3243 2022 3300 ω

377 3300 534 3353 θῖστα
575 3300 674 3352 καὶ
706 3300 943 3369 ἀνόνητα
989 3299 1056 3353 τά
1097 3299 1363 3370 γεώργια.
1399 3301 1802 3372 Παρασπονδῶν
1845 3302 1950 3371 γὰρ

377 3392 596 3461 πρῶτον
620 3390 719 3460 μὲν
743 3392 1045 3462 πράγματα
1074 3395 1301 3462 παρεῖχε
1327 3395 1436 3456 τοῖς
1466 3393 1691 3463 ὁμόροις
1724 3395 1954 3464 Τριϐαλ-

375 3484 487 3547 λοῖς
537 3487 634 3537 καὶ
664 3483 918 3546 Αἰτωλοῖς
969 3484 1062 3538 καὶ
1103 3485 1432 3554 Ἀκαρνᾶσιν
1449 3488 1472 3515 ὀ
1515 3484 1690 3536 ἔπειτ’
1745 3485 1954 3536 ἐκεῖθεν

376 3578 734 3644 ἀπαλλαγεὶς,
767 3577 840 3640 ὡς
872 3577 1176 3647 εἰρήσεται,
1207 3575 1332 3638 τούς
1361 3593 1419 3629 τε
1452 3577 1548 3629 καὶ
1581 3575 1836 3650 βασιλέας
1863 3576 1956 3627 καὶ

374 3671 445 3722 τά
473 3668 583 3722 τῶν
612 3667 878 3739 βασιλέων
916 3671 1132 3738 συνέχεε
1180 3667 1508 3738 πράγματα.
1537 3667 1628 3720 Διὸ
1655 3667 1750 3721 καὶ
1777 3667 1955 3732 ἐαυτῷ

377 3760 584 3831 φαῦλον
608 3761 937 3828 προύξένησέ
958 3762 1132 3824 τέλος.
1148 3761 1512 3832 Καθαιρεθεὶς
1527 3760 1633 3829 γάρ
1657 3763 1752 3829 τῆς
1772 3759 1958 3812 τοιαύ-

377 3869 477 3924 της
504 3853 679 3924 ἀρχῆς
700 3855 798 3908 καὶ
815 3855 936 3928 μετ’
957 3855 1138 3920 ὀλίγον
1159 3855 1439 3924 χρήμασιν
1465 3852 1714 3907 ὑπελθὼν
1735 3855 1859 3915 τοὺς
1877 3851 1955 3921 τῷ

381 3945 593 4015 βασιλεῖ
614 3945 1194 4017 παραδυναστεόοντας
1219 3945 1426 4014 ταύτην
1447 3963 1507 3998 τε
1531 3946 1687 4008 αὖθις
1717 3945 1958 4013 ἀναλαμ-

381 4039 537 4092 ϐάνει
573 4042 668 4094 καὶ
709 4037 826 4106 ἅμα
871 4038 932 4091 τὸ
979 4037 1074 4091 τοῦ
1119 4040 1414 4106 πιγκὲρνου
1450 4039 1677 4106 τιμᾶται
1716 4037 1953 4105 ἀξίωμα.

383 4131 546 4184 Ὅθεν
563 4131 656 4183 καὶ
672 4130 1011 4184 ἀποστασίαν
1035 4129 1242 4182 ὠδίνων
1269 4129 1531 4200 ἐξέρρηξε
1551 4129 1752 4197 ταύτην
1777 4129 1954 4180 ἐκεῖσε

380 4221 553 4275 ἐλθὼν
589 4222 648 4273 ὲν
685 4220 746 4274 οὐ
791 4220 986 4292 μακρῷ
1012 4221 1086 4290 τῷ
1112 4221 1310 4291 χρόνῳ.
1343 4221 1655 4288 Ἔγνωσται
1687 4221 1796 4290 γὰρ
1827 4219 1954 4272 ἰδιο-

385 4313 706 4381 ποιούμενος
734 4313 799 4384 ἢν
826 4309 997 4386 ἦρχεν
1018 4313 1288 4384 ἐπαρχίαν
1314 4313 1407 4368 καὶ
1432 4314 1529 4384 τῆς
1553 4315 1660 4366 τῶν
1689 4312 1956 4383 βασιλέων

385 4403 633 4470 ἐξουσίας
661 4402 837 4474 λάθρα
861 4403 1098 4458 διῖστῶν.

1984 2882 2000 2923 l

2051 633 2255 688 illustri
2288 635 2409 688 loco
2441 635 2710 690 oriundus
2740 651 2768 690 e
2803 635 3083 699 Comanis,
3119 636 3225 691 illis
3262 636 3490 699 scilicet,
3525 635 3616 704 qui

2049 733 2185 801 ante
2212 727 2413 779 multos
2446 741 2620 780 annos
2650 741 2713 780 ex
2745 725 3112 796 Hyperboreis
3141 727 3377 798 Scythis,
3411 727 3487 779 ιιιί
3525 743 3620 779 su-

2052 833 2145 885 pra
2184 819 2629 884 memoravimus,
2671 820 2737 873 ad
2777 820 3043 874 Joannem
3079 820 3466 888 imperatorem
3501 834 3621 872 sese

2053 910 2468 966 transtulerant.
2501 911 2833 981 Syrgiqtnes
2877 927 3039 982 porro
3072 924 3199 967 ante
3230 927 3391 980 quam
3433 911 3619 979 pueri-

2051 1003 2179 1057 tiam
2212 1005 2530 1068 excederet,
2556 1021 2766 1059 summa
2800 1005 2999 1072 ingenii
3032 1007 3314 1060 celeritate
3340 1005 3621 1074 przeditus,

2048 1111 2306 1165 maguum
2359 1097 2460 1153 sibi
2503 1097 2664 1168 297
2700 1098 2752 1151 in
2805 1097 3074 1153 doetrinis
3135 1112 3334 1151 nomen
3389 1095 3620 1166 peperit.

2049 1187 2187 1243 llinc
2221 1191 2470 1257 apprime
2499 1205 2612 1243 rem
2648 1191 2936 1245 militarem
2970 1191 3222 1249 edoctus,
3264 1189 3422 1242 facile
3469 1189 3521 1240 iu
3557 1203 3620 1240 ea

2049 1280 2303 1362 princeps
2340 1292 2424 1335 est
2463 1281 2704 1343 habitus,
2749 1297 2856 1335 non
2891 1281 3053 1334 modo
3102 1281 3351 1348 corporis
3400 1280 3618 1342 robore,

2049 1371 2142 1426 sed
2185 1382 2240 1426 et
2274 1375 2438 1426 animi
2475 1374 2790 1444 prudentia,
2821 1372 3100 1427 acdivina
3131 1380 3190 1425 ut
3223 1372 3294 1425 ita
3329 1371 3506 1424 dicam
3539 1385 3624 1424 sa-

2049 1464 2302 1534 gaeitate.

2125 1555 2189 1610 ll.
2234 1559 2450 1610 Annum
2477 1567 2656 1612 autem
2685 1558 2792 1628 jam
2822 1557 3070 1627 quintum
3100 1565 3154 1612 et
3177 1556 3496 1612 vicesimum
3529 1571 3625 1610 ex-

2050 1647 2272 1714 cedens,
2306 1649 2374 1702 ab
2410 1649 2738 1718 imperatore
2774 1652 2882 1702 dux
2933 1659 2990 1702 et
3037 1649 3448 1702 administrator
3497 1662 3624 1716 pro-

2053 1743 2246 1797 vincia:
2277 1744 2559 1814 cujusdam
2595 1742 2979 1805 Macedonicre,
3011 1759 3131 1811 qua:
3163 1740 3375 1812 Illyrios
3408 1739 3624 1810 potissi-

2055 1851 2202 1888 mum
2234 1835 2448 1888 vicinos
2481 1835 2670 1901 habet,
2705 1835 3006 1904 ablegatur.
3043 1834 3110 1887 Et
3142 1835 3267 1902 quia
3304 1833 3622 1886 liberalissi-

2053 1943 2174 1982 mus
2202 1938 2340 1984 erat.
2377 1927 2626 1995 nihilque
2661 1925 2915 1996 privatim
2967 1923 3299 1994 possidebat,
3355 1939 3454 1978 nec
3502 1924 3624 1992 plus

2053 2019 2156 2072 sibi
2197 2019 2514 2073 vindicabat
2546 2034 2710 2086 quam
2739 2017 2921 2087 quivis
2947 2033 3160 2080 eorum,
3195 2017 3394 2084 quibus
3424 2032 3522 2084 pro
3563 2031 3623 2070 se

2051 2121 2107 2166 et
2151 2111 2296 2166 circa
2331 2127 2390 2167 se
2421 2111 2813 2166 dimicantibus
2844 2109 2896 2164 in
2931 2111 3112 2164 medio
3141 2125 3443 2179 pugnarum
3485 2117 3621 2162 testu

2052 2213 2324 2270 uteretur,
2352 2204 2432 2258 sic
2457 2203 2673 2258 animos
2703 2202 2948 2256 omnium
2986 2201 3089 2256 sihi
3117 2201 3387 2264 devinxit,
3429 2211 3486 2254 ut
3525 2217 3624 2268 pro

2053 2297 2146 2350 illo
2179 2305 2412 2351 mortem
2443 2307 2702 2365 oppetere
2726 2295 3025 2366 jucundius
3055 2294 3134 2347 eis
3171 2293 3333 2358 foret,
3361 2310 3522 2362 quam
3552 2309 3626 2346 st-

2053 2405 2120 2442 ne
2152 2389 2246 2442 illo
2275 2388 2448 2441 lucem
2487 2387 2712 2441 intueri.
2763 2386 2842 2440 Ad
2897 2387 3012 2440 haec
3055 2386 3106 2439 in
3145 2387 3309 2440 rebus
3340 2386 3525 2440 dubiis
3559 2399 3624 2439 ac
3670 2455 3678 2460 _

2055 2495 2192 2548 pene
2224 2477 2525 2546 deploratis
2567 2477 2992 2547 praesentissimo
3026 2486 3144 2530 erat
3189 2476 3440 2539 consilio,
3490 2483 3546 2530 et
3593 2492 3626 2530 ο

2052 2571 2280 2625 summis
2303 2569 2719 2623 difﬁcultatibus
2743 2569 2878 2622 mira
2903 2569 3127 2622 solertia
3149 2583 3268 2622 sese
3298 2567 3622 2636 t-xplicabat:

2053 2676 2155 2714 nec
2187 2654 2445 2724 illi,‘cunt
2499 2674 2588 2713 res
2641 2657 3004 2726 postularent,
3053 2657 3279 2710 audacia
3323 2655 3530 2718 deerat,
3567 2666 3627 2709 ut

2053 2767 2244 2806 omnes
2274 2750 2588 2821 praeclaram
2625 2749 2859 2803 indolettt
2901 2749 3020 2818 ejus
3052 2735 3479 2802 admirarentur.

2125 2931 2216 2986 lll.
2254 2930 2369 2986 Una
2406 2945 2497 2984 res
2526 2939 2758 2994 tantum,
2799 2928 2964 2984 veluti
3004 2927 3228 2982 morbus
3256 2927 3476 2996 quidaut
3513 2943 3627 2979 ma-

2053 3025 2238 3094 lignus
2275 3024 2328 3077 in
2373 3023 2492 3094 ejus
2523 3023 2772 3077 actiones
2810 3022 3104 3090 obrepens,
3149 3035 3241 3074 eas
3273 3035 3464 3074 omnes
3498 3034 3623 3070 cor-

2056 3115 2368 3182 rumpebat,
2409 3129 2472 3168 ac
2525 3123 2782 3183 tanquam
2817 3113 2993 3167 oculis
3041 3111 3269 3180 pulchro
3303 3121 3358 3199 et
3388 3109 3622 3179 eleganti

2055 3220 2108 3262 et
2136 3208 2361 3262 robusto
2391 3207 2607 3276 corpOri
2639 3206 2866 3274 ereptis,
2919 3204 3137 3258 easdem
3168 3204 3310 3273 ‘ipso
3338 3205 3489 3257 exitu
3526 3202 3625 3256 tri-

2055 3313 2168 3354 stes
2200 3311 2252 3353 et
2286 3300 2658 3354 infructuosas
2687 3299 2980 3351 eﬂiciebat.
3015 3295 3150 3349 Nam
3180 3293 3418 3364 primum
3452 3291 3628 3361 ruptis

2057 3393 2382 3455 fmzlcribus,
2417 3390 2665 3444 ﬁnitimis
2696 3387 2980 3448 Triballis,
3011 3385 3208 3440 Aitolis
3245 3394 3299 3437 et
3329 3385 3629 3437 Acarnani-

2057 3491 2156 3543 btts
2197 3487 2409 3556 negotia
2441 3482 2764 3538 facessebat.
2800 3483 2990 3534 Postea
3023 3495 3146 3533 cum
3180 3477 3306 3532 inde
3345 3475 3627 3530 discessis-

2055 3593 2157 3643 set,
2195 3581 2264 3634 ita
2303 3580 2361 3632 ut
2407 3577 2604 3631 dicturi
2652 3589 2868 3636 sumus,
2915 3573 3277 3640 imperatores
3322 3582 3628 3636 eorumque

2059 3689 2149 3726 res
2181 3654 2454 3726 turbabat.
2489 3667 2856 3734 Quamobrem
2894 3663 2996 3718 sibi
3034 3663 3134 3733 ipsi
3176 3663 3375 3715 malum
3419 3660 3625 3713 exitum

2057 3762 2385 3819 conciliavit.
2415 3760 2580 3830 298
2611 3761 2747 3813 Eum
2791 3757 3048 3811 videlicet
3093 3755 3469 3824 magistratum
3521 3751 3626 3805 sibi

2057 3857 2393 3926 abrogatum.
2425 3853 2712 3919 largitione
2751 3849 3032 3918 corruptis
3053 3848 3122 3903 iis
3149 3848 3242 3917 qui
3278 3845 3422 3916 apud
3453 3845 3628 3913 impc-

2058 3959 2291 4004 ratorem
2321 3947 2549 4001 multum
2579 3954 2851 4014 poterant,
2886 3943 3036 3997 brevi
3065 3951 3370 4009 recuperat,
3403 3955 3466 3993 ac
3495 3954 3631 4008 pne-

2058 4051 2206 4095 terea
2245 4041 2522 4110 pineerme
2562 4038 2827 4106 dignitate
2865 4045 3119 4090 ornatur.
3172 4031 3326 4087 Unde
3371 4040 3427 4084 et
3471 4029 3628 4084 defc-

2057 4135 2237 4188 ctione
2267 4131 2450 4187 animo
2479 4147 2616 4185 conc
2637 4141 2743 4199 pta
2773 4130 2901 4182 illm:
2935 4128 3214 4198 profectus
3241 4125 3390 4178 brevi
3417 4123 3622 4184 effecit,

2060 4235 2118 4280 ut
2149 4241 2268 4296 qum
2295 4225 2624 4294 parturierat
2653 4223 2705 4274 in
2735 4231 2917 4275 actum
2945 4226 3327 4288 erumperent.
3362 4217 3628 4285 Comper-

2060 4327 2173 4370 tum
2230 4317 2376 4368 enim
2425 4326 2530 4377 est,
2581 4328 2707 4367 eum
2761 4313 3122 4382 provinciam,
3175 4325 3338 4379 quam
3389 4311 3630 4378 regi-bat,

2059 4407 2334 4477 propriam
2370 4405 2474 4458 sibi
2513 4418 2786 4468 asserere,
2817 4411 2870 4456 ct
2909 4402 3218 4455 clanculum
3263 4399 3632 4468 imperatoriae

2059 4496 2315 4568 potestati
2357 4493 2711 4549 subtrahere.

457 4575 530 4631 A'.
562 4575 724 4631 Ὅθεν
749 4579 838 4630 καὶ
864 4577 997 4647 δόλῳ
1025 4578 1176 4667 παρά
1207 4579 1534 4650 Μονομάχου
1564 4579 1657 4634 τοῦ
1676 4563 1953 4635 Μυστικοῦ

2059 4563 2075 4568 -
2130 4586 2217 4642 ιν.
2259 4586 2439 4651 Quare
2473 4583 2599 4638 dolo
2644 4597 2674 4636 a
2719 4578 3078 4635 Monotnacho
3122 4577 3341 4648 Mystico
3388 4576 3626 4644 capitur,

391 4667 672 4723 ἁλίσκεται
701 4669 796 4721 καὶ
815 4669 1036 4738 δέσμιος
1063 4673 1118 4732 ἐς
1143 4671 1234 4723 τὸν
1266 4669 1487 4741 βασιλέα
1515 4673 1815 4741 πέμπεται.
1846 4669 1954 4726 Ἦν

391 4762 497 4830 γάρ
533 4760 833 4830 τηνικαῦτα
873 4764 966 4813 καὶ
998 4756 1152 4826 οὗτος
1183 4763 1505 4831 Μονομ.ἁχος
1541 4765 1702 4834 μέρος
1735 4783 1788 4818 τι
1819 4766 1955 4820 διοι-

392 4856 508 4906 κεῖν
539 4852 639 4923 τῆς
669 4849 1006 4915 Μακεδονίας
1041 4854 1192 4924 παρὰ
1220 4854 1313 4908 τοῦ
1355 4841 1614 4924 βασιλέως
1649 4857 1917 4925 πεμφθείς
1941 4875 1956 4890 ·

394 4945 487 4997 καὶ
515 4943 604 4998 διὰ
636 4945 733 5013 τὴν
756 4943 1030 5014 ἐγγύτητα
1057 4947 1163 4997 τῶν
1197 4945 1483 5016 ἐπαρχιῶν
1517 4949 1684 5016 συχνά
1715 4948 1958 5018 προσιὼν

394 5036 486 5089 καὶ
515 5037 808 5105 ἐπιμιγνὺς
832 5035 908 5104 τῷ
936 5035 1242 5108 Συργιάννῃ
1255 5039 1348 5090 καὶ
1383 5038 1684 5108 ἰχνηλατῶν
1711 5040 1778 5091 τά
1815 5039 1960 5092 ὲκεί-

395 5149 486 5186 νου
513 5131 800 5202 ἁπόῤῥητα
831 5131 924 5183 καὶ
955 5131 1104 5199 φίλος
1150 5126 1288 5184 εἶναι
1319 5132 1745 5202 ὑποκρινόμενος
1789 5133 1960 5197 δόλοις

393 5223 579 5289 δόλους
603 5225 875 5294 ἔρριπτεν
895 5239 909 5254 ο
935 5223 1040 5286 ἕως
1069 5222 1203 5294 δόλῳ
1239 5223 1575 5294 συνειληφὼς
1605 5225 1844 5295 δέσμιον,
1884 5226 1959 5290 ὠς

2059 4688 2115 4733 et
2158 4677 2223 4732 ad
2279 4677 2668 4746 imperatorem
2712 4676 2928 4728 vinctus
2957 4673 3213 4726 mittitur.
3261 4670 3395 4728 Nam
3429 4677 3484 4721 et
3521 4669 3635 4736 ipse

2062 4768 2450 4825 Mouomachus
2480 4769 2532 4822 in
2560 4767 2930 4822 Macedoniam
2961 4763 3028 4818 ab
3055 4764 3387 4833 imperatore
3413 4762 3634 4824 missus,

2063 4862 2173 4916 illic
2223 4861 2432 4932 regioni
2487 4861 2702 4915 cuidam
2764 4866 3015 4928 praeerat,
3065 4864 3121 4909 et
3173 4855 3245 4908 ob
3297 4853 3634 4907 vicinitatem

2061 4953 2464 5024 provinciarum
2501 4935 2856 5022 Syrgiannem
2891 4949 3089 5002 crebro
3121 4947 3328 5000 adibat.
3359 4943 3496 4999 Cum
3533 4943 3636 4996 ita-

2059 5060 2178 5116 que,
2214 5044 2358 5114 apud
2411 5044 2562 5098 illum
2596 5042 2855 5110 frequens
2885 5049 3052 5099 esset,
3094 5054 3292 5091 arcana
3320 5038 3449 5106 ejus
3485 5035 3636 5089 inve-

2059 5137 2330 5207 stigabat,
2381 5147 2434 5190 et
2475 5151 2574 5204 per
2631 5133 2886 5188 amicitia:
2927 5132 3166 5200 speciem
3212 5129 3348 5183 alios
3393 5143 3457 5181 ex
3511 5126 3632 5180 aliis

2059 5227 2216 5283 dolos
2244 5228 2524 5292 nectebat;
2551 5225 2725 5280 donec
2747 5223 3003 5279 eumdem
3027 5231 3147 5277 astu
3175 5219 3631 5289 comprehensum

1750 5368 2082 5430 \"ariorum
2120 5377 2310 5432 notat.

470 5505 584 5569 (δι)
613 5505 866 5559 Petavius
892 5513 1153 5569 verterat,
1191 5504 1350 5558 Pater
1371 5522 1490 5558 vero
1527 5523 1553 5560 e
1577 5506 1821 5559 Comanis
1850 5507 1962 5559 ori-

402 5576 570 5627 undus
605 5573 799 5628 illustri
849 5575 978 5628 loco.
1028 5577 1190 5627 Ambo
1224 5576 1396 5641 (pater
1425 5575 1654 5637 scilicet,
1690 5587 1738 5627 et
1772 5585 1962 5635 ntater)

401 5659 520 5697 vero
553 5653 676 5698 ante
704 5647 894 5698 muitos
923 5661 1089 5697 annos
1131 5661 1191 5714 ea:
1242 5645 1582 5714 Hyperboreis
1631 5645 1857 5712 Scythis,
1888 5648 1964 5699 uti

399 5730 562 5783 supra
596 5717 1017 5795 memorauimus.
1053 5715 1129 5795 a_d
1157 5713 1418 5795 Joattnem
1452 5716 1826 5795 intpcratoretrt
1853 5731 1966 5768 sese

404 5785 811 5838 transtulerant.
864 5784 1222 5848 Verleudum,
1267 5784 1337 5838 ita
1374 5783 1749 5847 utediutimos,
1805 5783 1966 5838 Pater

404 5851 603 5908 illustri
651 5853 764 5909 loco
791 5856 1044 5910 oriundus
1089 5871 1115 5908 e
1146 5854 1408 5921 Comauis,
1459 5853 1566 5908 illis
1617 5852 1829 5919 scilicet,
1879 5858 1967 5924 qui

2062 5515 2186 5558 ante
2216 5503 2406 5557 multos
2434 5519 2601 5556 annos
2624 5518 2690 5556 ea:
2730 5501 3079 5573 Hyperboreis
3110 5499 3478 5573 Scylltis,_etc.
3511 5498 3629 5550 Non

2062 5575 2274 5641 legerat
2326 5574 2579 5628 Petavius
2617 5589 2680 5627 ea
2712 5568 2834 5642 qua:
2864 5572 2930 5626 de
2959 5568 3218 5642 Contanis
3251 5568 3454 5634 scripta
3502 5576 3634 5620 sunt

2018 5641 2021 5644 ’
2063 5659 2224 5712 supra
2259 5644 2355 5697 lib.
2384 5659 2440 5704 ll,
2468 5659 2590 5712 cap.
2628 5645 2681 5705 5,
2710 5641 2842 5698 sect.
2877 5644 2930 5712 2.
2963 5641 3184 5712 Bonna.

2137 5701 2249 5779 i535)
2283 5714 2362 5768 Ad
2393 5701 2592 5767 Ducam
2619 5701 2848 5770 scilicet.
2876 5710 3008 5766 Vide
3026 5724 3189 5779 supra
3221 5707 3318 5762 lib.
3337 5721 3397 5772 tt,
3426 5719 3544 5775 cap.
3571 5701 3630 5772 5,

2065 5794 2200 5838 sect.
2228 5784 2282 5838 2.
2328 5784 2536 5839 BOtvtN.
