4016 6610
447 373 557 442 475
699 372 774 447 [Δ.
816 391 874 459 ιι.
914 375 1049 435 6791
1088 396 1156 435 AD
1195 380 1360 453 6856]

1612 389 2030 453 NICEPHORI
2068 388 2463 453 GREGORE

3067 363 3231 374 —-——.<

2731 358 3231 454 [rarissimo—1ft:
3250 368 3396 458 eis]
3566 395 3662 460 ‘76

441 498 505 543 ‘et
536 489 591 544 in
621 491 859 550 vincula.
898 500 958 547 ut
983 493 1242 559 diximus,
1278 496 1585 563 conjectum
1623 499 1688 554 ad
1722 504 2008 572 imperato-

2115 500 2453 571 εἰρήκειμεν,
2482 495 2673 552 τοῦτον
2694 495 3008 569 ἐπεπόμφει
3028 496 3105 567 τῷ
3139 496 3370 568 βασιλεῖ.
3386 496 3535 558 Ἀλλά
3566 506 3663 577 γὰρ

448 593 562 636 rem
597 581 766 638 misit.
817 582 901 640 οι)
947 584 1080 640 illud
1114 586 1323 645 crimen
1365 587 1694 662 Syrgiannes
1728 594 1781 648 in
1826 604 2014 652 custo-

445 672 596 728 diam
626 674 787 731 datus
815 675 909 730 diu
938 692 1161 732 carcere
1203 679 1445 737 inclusus
1486 684 1707 740 mansit.
1745 685 1849 743 Sed
1888 702 2013 742 cum

444 766 567 836 ejus
601 776 774 825 mater
800 768 1004 836 gemitu
1038 778 1093 824 et
1122 770 1376 841 lacrymis
1408 775 1589 831 aulam
1631 778 1878 847 quotidie
1906 780 2012 834 im-

450 857 644 926 pleret,
677 870 732 912 et
757 860 949 927 quavis
971 861 1229 918 cautione
1254 863 1435 918 oblata
1472 866 1638 921 lilium
1668 869 1896 939 supplex
1929 886 2013 927 re-

450 959 720 1017 posceret,
758 967 899 1023 aegre
929 956 1147 1008 tandem
1188 956 1482 1027 impetrare
1514 961 1712 1028 potuit,
1752 971 1811 1015 ut
1834 976 1865 1016 e
1891 977 2014 1017 car-

448 1057 575 1097 cere
623 1042 976 1101 educeretur.
1034 1046 1153 1102 Non
1210 1049 1361 1116 prius
1413 1060 1591 1107 tamen
1648 1051 1701 1105 id
1754 1036 2013 1123 obtinuit,

447 1150 610 1215 turam
649 1137 740 1191 ille
772 1138 976 1207 scripto
1025 1140 1391 1210 jurejurando
1426 1156 1609 1196 coram
1668 1133 2016 1203 sacrosancta

450 1226 685 1296 imagine
713 1229 1034 1284 castissima:
1062 1231 1154 1285 Dei
1185 1230 1478 1287 Gcnitricis
1507 1231 1849 1305 Hodegetrize
1874 1252 2015 1306 prae-

448 1320 598 1380 stito.
636 1321 871 1376 cavisset
914 1323 1254 1393 imperatori,
1301 1340 1579 1397 nunquam
1618 1343 1677 1383 se
1709 1330 1828 1398 ejus
1847 1330 2021 1402 jussis

445 1417 639 1478 postea
669 1411 1112 1468 adversaturum.
1138 1456 1141 1457 ν

406 1613 414 1619 ·
520 1585 584 1643 V.
634 1584 725 1641 Sic
770 1586 861 1642 ille
904 1588 1050 1642 omni
1099 1590 1416 1663 suspicione
1467 1546 1737 1650 liberatus
1783 1594 2021 1668 principi

2123 593 2315 663 είρκτῇ
2361 587 2690 659 παραδοθεὶς
2721 589 2810 644 διά
2857 588 2954 659 τὴν
2998 587 3254 658 τοιαύτην
3289 590 3509 646 αίτίανό
3536 594 3664 667 Συρ-

2121 666 2366 754 γίάννης,
2401 681 2582 751 ἔμεινε
2614 679 2806 751 χρόνον
2834 681 2892 733 ἐν
2918 678 3091 752 ταύτῃ
3122 678 3337 749 συχνόν.
3379 681 3521 737 Ἐπεὶ
3553 683 3606 739 δέ
3635 688 3664 757 ἠ

2126 773 2309 844 μήτηρ
2341 774 2401 827 ού
2435 772 2675 826 διέλιπεν
2712 771 2965 842 ὀδυρμοῖς
2998 770 3097 855 καὶς
3129 770 3359 840 δάκρυσι
3387 774 3670 844 προσιοῦσα

2123 869 2235 930 τοῖς
2272 867 2397 939 περὶ
2446 867 2532 919 τὸν
2572 865 2797 936 βασιλέα
2842 865 2937 918 καὶ
2983 862 3301 918 ἱκετεύουσα
3332 865 3420 916 καὶ
3453 866 3538 917 τὸν
3563 868 3671 923 υίέα

2122 958 2483 1029 ἐξαιτουμένη
2529 957 2626 1012 καὶ
2667 958 2849 1021 πάσας
2890 955 3097 1025 ἐγγύας
3140 954 3531 1025 προϐάλλουσα,
3583 957 3672 1029 όψέ

2123 1052 2217 1106 καὶ
2270 1050 2423 1122 μόλις
2475 1048 2707 1120 ἐδυνήθη
2748 1048 2847 1117 τῆς
2894 1047 3122 1119 εἱρκτῆς
3154 1047 3319 1101 αὑτὸν
3366 1047 3671 1113 ἐξελέσθαιο

2120 1143 2261 1213 πλὴν
2286 1142 2344 1197 οὐ
2374 1142 2660 1214 πρότερον,
2694 1141 2826 1213 πρὶν
2857 1140 2923 1195 ἂν
2949 1141 3260 1212 ἐγγράφους
3288 1140 3448 1195 αὑτὸν
3464 1142 3674 1195 ἀποδοῦ-

2119 1252 2208 1291 ναι
2260 1234 2338 1307 τῷ
2373 1233 2585 1305 βασιλεῖ
2614 1234 2740 1296 τοὺς
2769 1234 2966 1303 ὅρκους
2993 1231 3222 1287 ἐνώπιον
3250 1233 3348 1303 τῆς
3375 1233 3518 1293 θείας
3544 1236 3674 1288 εἰκό-

2120 1345 2210 1391 νος
2237 1328 2334 1398 τῆς
2359 1325 2666 1398 ύπεράγνου
2690 1325 2773 1398 [Ρ.
2800 1323 2926 1397 18η
2963 1326 3294 1395 θεομήτορος
3321 1326 3421 1394 τῆς
3456 1327 3673 1399 Ὀδηγη-

2120 1422 2301 1492 τρίας,
2336 1421 2412 1492 μὴ
2436 1425 2549 1486 τοῖς
2574 1420 2670 1476 τοῦ
2701 1420 2969 1493 βασιλέως
3010 1422 3434 1492 προστάγμασιν
3472 1422 3675 1477 ἐναντία

2123 1513 2257 1568 ποτὲ
2286 1511 2715 1584 διαπράξασθαι.

2194 1602 2439 1661 Ε’.Ἀλλά
2454 1604 2562 1674 γὰρ
2585 1603 2731 1658 οὕτω
2748 1603 2927 1674 πάσης
2946 1599 3183 1672 ὑποψίας
3204 1599 3535 1669 ἀπολυθεὶςιό
3551 1601 3679 1671 ἀνὴρ

443 1676 585 1732 bene
634 1679 834 1733 merito
873 1680 1079 1750 Optime
1118 1682 1257 1736 velle
1294 1683 1626 1738 credebatur
1669 1702 1696 1771 ιἱ
1732 1701 1763 1739 a
1812 1700 1921 1757 quo
1967 1697 2008 1744 el

2124 1696 2218 1749 καὶ
2246 1696 2426 1751 πᾶσαν
2456 1678 2981 1759 εὖνοιανδιασὼζειν
3011 1692 3404 1763 πιστευόμενος
3442 1694 3572 1762 πρὸς
3591 1694 3675 1748 τδν

441 1769 606 1841 299
633 1772 678 1826 is
713 1772 887 1825 honor
921 1773 971 1827 ei
1004 1773 1222 1828 habitus
1250 1784 1352 1836 est,
1392 1787 1453 1831 ut
1487 1777 1650 1835 etiam
1686 1769 2008 1834 arcanorum

2126 1788 2424 1860 εὐεργέτην
2470 1789 2564 1841 καὶ
2587 1789 2914 1860 ἀπορρήτων
2940 1788 3042 1860 ἥδη
3074 1786 3333 1851 κοινωνὸς
3368 1787 3577 1855 ἠξιοῦτο
3604 1786 3683 1854 γί-

414 1862 714 1931 particeps
747 1860 919 1917 ﬁeret.
958 1864 1035 1918 Ac
1084 1865 1226 1918 inter
1254 1875 1451 1921 caetera
1484 1865 1617 1921 illud
1648 1881 1866 1938 quoque
1893 1870 2014 1940 ejus

441 1949 566 2004 ﬁdei
599 1952 953 2007 commissum
986 1953 1109 2020 fuit,
1145 1965 1205 2010 ut
1243 1955 1480 2012 furtivus
1509 1958 1674 2014 veluti
1702 1969 1889 2016 custos
1916 1961 2013 2017 im-

440 2049 753 2112 peratorem
820 2044 1197 2102 Andronicum
1258 2048 1535 2119 juniorem
1614 2052 2013 2109 circumeundo

439 2132 822 2203 alleundoque,
882 2150 951 2189 ne
1008 2135 1403 2193 clandestinam
1459 2140 1640 2211 fugam
1698 2144 2010 2212 moliretur,

438 2224 793 2290 observaret;
820 2228 1290 2297 quemadmodum
1322 2247 1486 2302 supra
1513 2234 1772 2291 diximus.
1798 2238 1867 2291 At
1897 2238 2009 2305 ille,

439 2314 483 2368 si
528 2314 660 2384 quid
707 2316 854 2385 vulgi
893 2317 1248 2386 opinionibus
1299 2322 1635 2401 credendum
1689 2335 1794 2390 est,
1846 2325 2011 2382 homo

440 2421 659 2477 semper
694 2410 1046 2475 ambitiosus,
1079 2411 1181 2477 cui,
1200 2414 1401 2469 mentis
1431 2415 1772 2471 declaranda
1821 2418 2007 2474 hacte-

437 2514 543 2553 nus
573 2498 839 2555 defuisset
869 2503 1108 2566 occasio,
1143 2504 1387 2559 oblatum
1419 2508 1654 2578 denique
1703 2524 1735 2565 a
1792 2510 2011 2566 fortuna

438 2600 812 2662 opportunum
846 2600 1063 2664 tempus
1092 2595 1285 2651 adesse
1313 2596 1666 2666 existimavit,
1698 2615 1808 2671 quo
1833 2601 2010 2672 impe-

439 2684 721 2738 ratoribus
757 2684 899 2739 inter
930 2701 989 2741 se
1021 2687 1165 2742 bello
1203 2690 1535 2756 commissis,
1582 2701 1638 2747 et
1686 2693 1853 2749 rebus
1896 2695 2009 2749 Ro-

440 2791 726 2831 manorum
759 2780 985 2833 omnino
1007 2781 1088 2835 sic
1117 2782 1477 2850 perturbatis,
1507 2784 1622 2855 ipse
1651 2786 1883 2856 sceptris
1907 2801 2010 2857 po-

437 2872 668 2937 tiretur;
707 2884 803 2927 aut
831 2873 1020 2928 saltem
1053 2873 1305 2945 portione
1340 2876 1525 2946 aliqua
1553 2892 1585 2931 a
1619 2886 1735 2932 toto
1776 2877 2010 2947 imperio

437 2964 638 3030 recisa,
697 2965 978 3035 proprium
1038 2968 1145 3022 sibi
1202 2967 1568 3038 principatum
1625 2970 2006 3029 constitueret.

435 3054 625 3124 Itaque
679 3056 1062 3126 imperatorem
1120 3059 1493 3114 Andronicum
1537 3060 1813 3132 juniorem
1870 3063 2006 3131 adit,

2116 1880 2369 1950 γνεσθαι,
2393 1878 2468 1942 ὡς
2484 1877 2847 1948 πιστευθῆναι
2867 1878 3052 1932 λοιπὸν
3083 1877 3178 1931 καὶ
3196 1878 3345 1933 τουτὶ
3366 1876 3681 1950 τὸ,άπόρρη-

2114 1989 2226 2038 τον,
2245 1972 2411 2041 λέγω,
2429 1971 2491 2026 τὸ
2513 1971 2687 2041 φύλαξ
2702 1970 2980 2026 λανθάνων
3002 1972 3272 2042 περιϊέναι
3289 1965 3387 2024 καὶ
3410 1972 3681 2038 προσιέναι

2112 2046 2200 2135 τῷν
2221 2067 2429 2135 ἐγγόνῳ
2454 2064 2551 2118 τοῦ
2580 2063 2845 2134 βασιλέως
2890 2062 3217 2134 Ἀνδρονίκῳ
3247 2062 3325 2133 τῷ
3352 2060 3576 2133 βασιλεῖ,
3610 2061 3681 2131 μὴ

2112 2156 2252 2231 λάθῃ
2271 2157 2477 2227 φυγὼν,
2503 2156 2579 2220 ὡς
2598 2156 2734 2225 ἐφθη
2744 2172 2843 2226 μεν
2864 2156 3168 2227 είρηκότες.
3187 2154 3246 2209 '0
3270 2156 3351 2221 δέ,
3374 2157 3423 2210 εί
3446 2155 3548 2226 χρὴ
3574 2156 3684 2219 ταῖς

2113 2249 2221 2304 τῶν
2234 2249 2442 2303 πολλῶν
2468 2247 2768 2320 ὁπολήψεσι
2795 2246 3097 2313 πείθεσθαι,
3117 2247 3380 2318 φίλαρχος
3398 2244 3472 2299 ὢν
3491 2246 3575 2299 ἀεὶ
3596 2246 3685 2299 καὶ

2115 2342 2307 2412 καιροῦ
2344 2340 2418 2412 μὴ
2450 2339 2631 2411 τυχὼν
2654 2329 2865 2394 οὖδέπω
2896 2339 2956 2392 τὸ
2993 2339 3318 2410 βουλόμενον
3358 2338 3685 2406 ἐνδείξασθαι

2111 2432 2209 2501 τῆς
2245 2430 2424 2502 ψυχῆς
2465 2430 2560 2483 νῦν
2601 2430 2741 2500 ἐγνω
2783 2430 2976 2499 καιρὸν
3016 2423 3155 2483 εἶναι
3196 2429 3390 2483 τοῦτον
3445 2429 3549 2482 ὑπὸ
3590 2426 3684 2496 τῆς

2111 2522 2282 2592 τύχης
2326 2521 2746 2593 παρεσχημένον
2795 2522 2918 2574 κατ’
2963 2520 3210 2591 ἀλλήλων
3267 2522 3395 2583 τοὺς
3438 2519 3683 2599 βασιλέας

2115 2612 2506 2681 ἐκπολεμώσας
2557 2612 2757 2666 καὶτὰ
2821 2611 3110 2681 Ῥωμαίων
3143 2610 3287 2665 οὕτω
3338 2613 3682 2682 συγκυκήσας

2113 2702 2331 2758 ἅπαντα
2363 2690 2690 2772 πράγματα,
2725 2702 2833 2757 τῶν
2869 2705 3167 2774 σκήπτρων
3196 2703 3361 2767 αὐτὸς
3396 2704 3680 2773 ἐπιϐῆναιο

2111 2794 2144 2864 ἢ
2187 2794 2249 2848 τό
2291 2811 2356 2871 γε
2401 2794 2671 2866 δεύτερον,
2712 2795 2877 2865 μέρος
2925 2799 3024 2868 τῆς
3075 2794 3205 2861 ὅλης
3252 2796 3363 2850 τῶν
3404 2794 3684 2866 Ῥωμαίων

2110 2887 2416 2958 ἡγεμονίας
2475 2888 2888 2957 ἀποτεμόμενος
2936 2888 3016 2953 είς
3065 2887 3273 2940 οἰκείαν
3333 2888 3511 2959 ἀρχὴν
3559 2885 3683 2939 αύτδ

2112 2978 2584 3047 καταστήσασθαι.
2631 2979 2809 3051 Ὅθεν¹
2842 2978 3168 3050 Ἀνδρονίκῳ
3201 2978 3281 3050 τῷ
3326 2980 3435 3051 νέῳ
3481 2978 3687 3049 βασιλεῖ

2115 3071 2426 3142 προσελθὼν
2445 3072 2591 3127 ἅπαν
2616 3072 2707 3126 τοῦ
2735 3073 2960 3127 πάππου
2988 3078 3082 3128 καὶ
3103 3072 3366 3142 βασιλέως
3388 3071 3685 3141 ἀνεκάλυψε

433 3150 596 3217 eique
649 3149 735 3203 avi
788 3150 1140 3220 imperatoris
1190 3167 1451 3207 arcanum
1504 3168 1666 3210 omne
1714 3156 2004 3212 consilium

2111 3162 2170 3214 τὸ
2218 3163 2550 3234 ἀπόρρητον,
2582 3163 2782 3231 λέγων,
2822 3162 2898 3229 ὡς
2934 3183 2952 3216 ι
2995 3162 3129 3233 Ἐμέ
3160 3163 3259 3232 μέν
3293 3157 3384 3219 οἷά
3410 3180 3531 3217 τινα
3554 3161 3686 3216 κύνα

435 3244 658 3312 aperit:
696 3263 717 3297 ι
765 3243 870 3310 Me,
918 3246 1122 3315 inquit,
1179 3248 1477 3317 imperator
1538 3247 1707 3303 veluti
1756 3263 2003 3319 sagacem

434 3352 627 3391 canent
654 3344 774 3392 tuas
802 3338 1167 3409 cogitationes
1196 3339 1415 3396 odorari
1440 3340 1606 3411 jussit
1632 3358 1646 3394 :
1677 3350 1882 3397 etcum
1912 3340 2006 3396 ille

433 3438 658 3485 catenas
695 3430 794 3485 tibi
832 3439 885 3484 et
916 3431 1134 3486 vincula
1170 3430 1495 3497 fabricetur,
1532 3442 1587 3487 tu
1621 3432 1844 3502 ignarus
1872 3448 2008 3503 pue-

432 3521 555 3585 rilia
581 3522 809 3577 consilia
848 3524 1041 3594 agitas.
1078 3522 1217 3590 Quid
1255 3526 1399 3578 enim
1434 3524 1533 3580 tibi
1566 3524 1835 3595 profuerit
1864 3524 2003 3579 clam

435 3613 492 3667 in
519 3613 690 3667 altum
721 3613 921 3669 deferri
967 3622 1023 3670 et
1055 3631 1284 3685 peregre
1317 3616 1492 3680 abire,
1526 3617 1619 3672 ubi
1650 3617 1829 3672 aliena
1870 3632 2008 3687 qua-

432 3703 530 3758 dra
562 3704 730 3774 (quod
765 3706 941 3775 aiunt)
978 3707 1273 3762 viventium
1306 3708 1405 3761 tibi
1439 3708 1568 3775 erit,
1601 3709 1646 3762 si
1679 3724 1765 3763 res
1800 3711 2005 3779 optime

431 3798 609 3859 cadat,
644 3804 699 3850 et
747 3812 857 3852 non
892 3797 1028 3852 illud
1061 3798 1291 3863 accidat,
1332 3807 1393 3853 ut
1440 3799 1509 3854 ab
1558 3800 1867 3869 hospitibus
1912 3809 2008 3855 aut

418 3890 750 3954 Irucideris,
788 3899 881 3945 aut
917 3889 970 3943 in
1005 3889 1353 3959 imperatoris
1400 3890 1489 3945 avi
1520 3906 1703 3947 cassvs
1749 3893 2005 3963 laqueos-

431 4000 542 4055 que
576 3983 806 4038 incidas.
838 3980 995 4048 Quod
1028 3982 1074 4036 si
1109 3982 1229 4036 istis
1249 3983 1692 4053 cogitationibus,
1718 4000 1840 4055 quae
1872 4000 2003 4054 pue-

430 4092 556 4132 rum
587 4077 829 4145 sapiunt,
862 4075 1079 4144 penitus
1107 4073 1368 4129 oblivioni
1409 4076 1651 4142 traditis,
1693 4077 1919 4132 meliora
1949 4087 2006 4133 et

428 4168 717 4225 salutifera
752 4167 1001 4231 consilia,
1038 4166 1220 4236 qualia
1269 4183 1369 4238 ego
1402 4168 1638 4226 daturus
1669 4183 1813 4236 sum,
1847 4169 2002 4240 sequi

431 4262 694 4322 volueris,
743 4260 880 4314 nihil
924 4259 1184 4321 obstabit,
1212 4260 1509 4328 quominus
1538 4275 1807 4315 summam
1842 4272 2002 4332 pote-

429 4363 627 4410 statem
658 4353 837 4425 primo
866 4366 1085 4421 quoque
1118 4360 1363 4421 tempore
1384 4351 1523 4406 citra
1554 4352 1727 4407 ullum
1756 4352 2002 4409 laborem

240 4444 257 4467 ‘
366 4465 371 4469 '
432 4447 690 4517 arripias.
719 4447 936 4502 Etenim
966 4459 1127 4498 unam
1158 4460 1278 4499 esse
1305 4444 1484 4504 video.
1519 4461 1626 4515 qua
1660 4445 1714 4500 id
1741 4461 2003 4517 assequa-

2116 3254 2509 3325 ῥινηλατοῦσαν
2546 3256 2613 3309 τὰ
2644 3256 2712 3309 σά
2748 3255 3093 3326 βουλεύματα
3118 3255 3350 3325 τέταχεν
3375 3258 3403 3309 ό
3440 3254 3686 3326 βασιλεὺς

2114 3347 2242 3418 περί
2270 3364 2330 3400 σε
2353 3364 2365 3378 ·
2382 3350 2409 3400 ὁ
2428 3348 2484 3399 δὲ
2512 3347 2745 3417 κάθηται
2769 3346 3120 3411 συσκευάζων
3139 3348 3379 3419 ἀγχόνας
3405 3349 3500 3402 καὶ
3520 3346 3688 3417 δεσμὰ
3788 3334 3795 3347 ’

2115 3439 2257 3491 κατά
2287 3438 2382 3491 σοῦ
2406 3456 2420 3471 ο
2448 3440 2511 3492 σὺ
2537 3439 2585 3492 δ’
2611 3440 2820 3506 ἀγνοῶν
2850 3439 3085 3506 κάθησαι
3115 3440 3329 3508 νηπίων
3359 3438 3687 3511 βουλεύμασι

2113 3528 2503 3600 γαυρούμενος.
2554 3531 2619 3582 Τί
2657 3532 2763 3600 γάρ
2812 3548 2894 3583 σοι
2945 3532 3006 3584 τὸ
3043 3530 3235 3598 ὄφελος
3284 3530 3689 3585 ἀποπλεύσαντι

2112 3620 2285 3691 λάθρα
2312 3623 2450 3691 πρὸς
2478 3621 2761 3695 ἀλλοτρίαν
2791 3622 3266 3695 οἴχεσθαινχὼραν,
3288 3610 3421 3677 ἔν’θα
3443 3622 3688 3691 καθάπερ

2111 3713 2280 3784 δούλῳ
2306 3714 2485 3781 δεήσει
2518 3714 2813 3786 καθημένῳ
2839 3715 2974 3784 πρὸς
3005 3715 3293 3787 ἀλλοτρίαν
3316 3700 3541 3787 βλέπειν
3569 3714 3693 3784 τρά-

2113 3808 2303 3872 πεζαν,
2352 3806 2552 3860 ὁπόταν
2600 3807 2730 3869 ἴσως
2789 3807 2924 3879 μηδέ
2987 3807 3242 3877 φονεῦσιν
3294 3806 3531 3880 ἐντύχῃς
3582 3807 3688 3869 τοῖς

2062 3890 2401 3964 “ξενίζουσι,
2438 3897 2575 3968 μηδέ
2604 3900 2725 3961 ταῖς
2759 3898 2854 3951 τοῦ
2880 3900 3112 3953 αάππου
3147 3899 3244 3953 καὶ
3294 3900 3565 3971 βασιλέως
3595 3900 3690 3970 ἄρα

2111 4008 2240 4045 κυσι
2271 3994 2365 4046 καὶ⁵
2399 3992 2605 4060 πάγαις
2627 3992 2812 4060 ἁλῷς;
2842 3993 2904 4045 Ei
2935 3992 2991 4046 δέ
3026 3992 3201 4046 πάντα
3238 3994 3381 4064 πρὸς
3396 3992 3569 4063 λήθης
3602 3990 3690 4061 βυ-

2113 4084 2242 4145 θοὺς
2271 4085 2337 4136 τὰ
2362 4085 2605 4153 νηπιώδη
2630 4082 2806 4138 ταῦτα
2834 4084 2998 4155 ῥίψας
3025 4085 3380 4154 βουλεύματα
3408 4084 3691 4152 πεισθείης

2113 4173 2236 4243 ἐμοὶ
2269 4174 2335 4228 τὰ
2370 4175 2564 4244 βελτίω
2588 4192 2670 4229 σοι
2705 4176 2801 4229 καὶ
2836 4177 3083 4246 σωτήρια
3114 4175 3566 4245 συμϐουλεύοντι,
3597 4174 3692 4227 οὐκ

2110 4268 2176 4320 ἂν
2205 4268 2427 4336 φθάνοις
2452 4270 2520 4322 τὰ
2541 4269 2919 4338 σκῆπτραξτῆς
2945 4268 3383 4338 αὐτοκρατορίας
3405 4268 3692 4339 λαμϐάνων

2109 4360 2379 4432 ἀπονητίη
2405 4361 2552 4415 Μίαν
2590 4361 2699 4432 γὰρ
2729 4361 3151 4431 άνυσιμωτάτην
3192 4361 3308 4429 ὁρῶ
3358 4363 3499 4432 πρὸς
3539 4360 3691 4414 τοῦτο

2111 4428 2386 4521 φέρουσαν
2430 4428 2707 4519 ἀφορμὴν,
2738 4452 2805 4519 ἢν
2852 4428 3043 4520 φυγὼν
3073 4428 3133 4504 τδ
3167 4428 3470 4517 Βυζάντιον
3503 4454 3562 4515 ἐς
3598 4453 3694 4515 τὰς

431 4556 514 4604 re,
543 4538 968 4595 efﬁcacissimam
993 4536 1156 4611 300
1180 4536 1467 4592 rationem.
1496 4536 1766 4591 Nimirum
1797 4538 2003 4608 Byzan-

2110 4541 2210 4609 τῆς
2238 4540 2460 4612 Θρᾴκης
2493 4542 2776 4613 ἐκδράμῃς
2806 4542 2992 4604 πόλεις
3022 4543 3115 4595 καὶ
3143 4541 3358 4613 χώρας.
3391 4542 3560 4596 Φύσει
3587 4542 3691 4612 γὰρ

432 4635 512 4690 tio
549 4631 972 4703 fugiendurn,et
1005 4630 1072 4685 ad
1109 4628 1357 4682 Thracia:
1388 4628 1552 4683 urbes
1582 4628 2006 4699 provinciasque

431 4722 855 4780 excurrendum.
903 4720 1040 4776 Nam
1088 4734 1214 4772 cum
1265 4728 1321 4773 et
1372 4718 1675 4772 humanum
1724 4718 2003 4788 ingenium

430 4818 590 4874 novis
636 4815 806 4871 rebus
855 4813 1113 4884 gaudeat,
1165 4820 1222 4865 ct
1272 4811 1456 4866 miseri
1511 4809 1755 4865 Thraces
1800 4812 2008 4866 crebris

430 4909 816 4967 exactionibus
841 4916 1133 4968 vexentur,
1165 4902 1209 4961 si
1240 4902 1571 4957 leVationem
1598 4918 1826 4958 onerum
1858 4915 1912 4957 et
1942 4904 2008 4956 li-

432 5005 698 5059 bertatem
730 4997 1179 5073 proclamaveris,
1208 4994 1353 5050 ultro
1379 5008 1572 5049 omnes
1608 5006 1658 5049 te
1690 5009 1799 5064 quo
1825 4994 2009 5049 volue-

432 5094 511 5149 ris
557 5098 891 5161 praeeuntem
935 5096 1258 5156 sequentur,
1304 5085 1391 5139 avi
1450 5083 1529 5155 tui
1565 5084 1830 5139 diuturno
1872 5086 2006 5155 jugo

431 5182 693 5239 facillime
750 5194 1006 5236 excusso.
1050 5178 1212 5247 quasi
1266 5176 1511 5232 Tantalei
1560 5177 1843 5248 cujusdam
1888 5178 2005 5232 saxi

433 5275 577 5329 mole
615 5288 645 5327 a
677 5271 991 5326 cervicibus
1021 5270 1270 5339 depulsa.
1317 5270 1428 5325 lloc
1466 5270 1756 5324 consilium
1810 5269 1910 5325 tibi
1958 5268 2004 5324 si

432 5369 635 5439 placet,
668 5381 769 5435 ego
799 5363 964 5434 hujus
994 5361 1198 5433 negotii
1230 5370 1556 5431 procurator
1582 5371 1639 5417 et
1679 5362 2008 5418 administer

421 5448 653 5515 ‘futurus
689 5471 810 5514 sum
839 5472 855 5524 ;
889 5470 991 5526 ego
1025 5468 1243 5509 omnem
1291 5453 1450 5507 istius
1486 5454 1802 5509 certaminis
1849 5454 2006 5509 labo-

432 5565 551 5606 rem
591 5548 887 5618 suscipiam
917 5563 982 5602 ac
1009 5545 1161 5603 brevi
1191 5545 1520 5611 conficiam;
1568 5546 1732 5600 modo
1781 5556 1838 5601 et
1892 5546 2007 5617 ipse

434 5638 570 5696 mihi
600 5640 936 5711 pollicearis,
967 5649 1020 5694 et
1047 5640 1215 5694 certis
1235 5639 1556 5708 pignoribus
1583 5638 1743 5693 fidem
1767 5640 2006 5694 obstrin-

392 5798 393 5803 η
434 5750 550 5805 gas,
580 5741 634 5788 te
658 5748 758 5803 pro
780 5732 1047 5805 dignitate
1077 5731 1294 5786 labores
1319 5745 1468 5785 meos
1499 5742 2002 5785 remuneraturum.

434 5828 567 5894 Qua:
600 5841 731 5882 vero
771 5826 873 5882 ista
913 5826 1134 5898 pueritia
1179 5823 1345 5883 sunt?
1392 5822 1633 5877 illustres
1667 5821 2000 5893 dignitates;

2106 4634 2390 4704 χαίροντες
2423 4637 2543 4696 ταῖς
2576 4636 2949 4704 καινοτομίαις
2978 4634 3085 4688 τῶν
3114 4634 3432 4705 ἀνθρώπων
3454 4637 3517 4690 τὸ
3539 4630 3692 4704 γένος

2105 4726 2199 4779 καὶ
2232 4725 2346 4796 ἅμα
2389 4726 2756 4797 βεϐαρημένοι
2800 4731 2910 4792 τοῖς
2946 4731 3158 4799 συχνοῖς
3191 4729 3388 4800 φόροις
3426 4731 3475 4785 οἶ
3509 4728 3692 4783 ταλαί·

2106 4834 2282 4890 πωροι
2304 4818 2538 4889 Θρᾷκες,
2570 4819 2636 4889 ἢν
2667 4820 2970 4889 κουφισμὸν
3000 4823 3091 4873 καὶ
3113 4820 3440 4891 ἐλευθερίαν
3466 4817 3693 4900 ἐξελθὼν

2105 4907 2383 4979 κηρύξῃς,
2419 4909 2648 4978 ἄσμενοί
2683 4927 2762 4961 σοι
2796 4910 2996 4972 πάντες
3024 4907 3247 4977 ἕψονται
3286 4909 3430 4977 πρὸς
3461 4910 3600 4978 ὅπερ
3630 4906 3692 4957 ἂν

2106 5000 2270 5064 αὐτὸς
2307 5000 2536 5068 ἐθέλοις,
2564 5002 2661 5069 τὴν
2685 5000 2822 5071 πρὸς
2851 5000 2943 5053 τὸν
2967 5000 3190 5053 πάππον
3217 5000 3315 5054 καὶ
3343 4999 3576 5071 βασιλέα
3598 5016 3692 5052 πο-

2105 5089 2269 5158 λυετῆ
2305 5089 2550 5144 δουλείαν
2590 5090 2764 5167 ῥᾷστα
2799 5087 3155 5149 λακτίσαντες
3206 5092 3305 5141 καὶ
3349 5088 3544 5157 ὥσπερ
3575 5085 3695 5138 τινὰ

2110 5181 2437 5235 Ταντάλειον
2472 5182 2671 5250 φόρτον
2713 5178 3155 5247 ἀποσεισάμενοι.
3191 5179 3251 5231 Εί
3287 5180 3426 5248 γοῦν
3469 5177 3695 5251 ἀρεστὸν

2056 5275 2067 5288 '
2106 5274 2169 5326 τὸ
2196 5273 2327 5342 ἐμόν
2360 5289 2442 5324 σοι
2473 5272 2590 5324 τόδε
2625 5270 2867 5339 φαίνοιτο
2898 5269 3193 5339 βούλευμα,
3229 5269 3347 5336 ἐγὼ
3369 5273 3469 5324 καὶ
3497 5270 3693 5339 ταμίας

2108 5364 2201 5415 καὶ
2230 5359 2467 5432 χορηγός
2498 5375 2578 5411 σοι
2605 5356 2699 5410 τοῦ
2724 5352 2999 5427 δράματος
3028 5356 3224 5425 ἔσομαι
3261 5358 3364 5409 καὶ
3396 5358 3577 5411 πάντα
3607 5355 3695 5407 τὶν

2107 5449 2269 5508 ἆθλον
2300 5451 2536 5513 ὕποστάς
2564 5448 2663 5519 τὴν
2682 5448 2944 5521 ταχίστην
2975 5448 3276 5500 ἐκτελέσω·
3314 5449 3383 5518 ἢν
3409 5450 3573 5519 μόνον
3604 5448 3695 5499 καὶ

2110 5544 2172 5598 σύ
2208 5560 2295 5613 μοι
2331 5541 2663 5612 ὑποσχέσθαι
2689 5538 2880 5611 ἐθέλῃς
2905 5542 2999 5593 καὶ
3019 5538 3203 5594 δοῦναι
3235 5540 3414 5593 πιστὰ
3447 5540 3517 5594 τὰ
3542 5539 3697 5610 ἐχέγ-

2109 5654 2214 5704 γυα
2265 5636 2392 5705 περὶ
2431 5636 2539 5685 τῶν
2582 5633 2746 5697 ἀξίων
2780 5631 2960 5702 γερῶν
2997 5634 3090 5687 καὶ
3134 5631 3423 5686 ἐπάθλων.
3463 5632 3599 5685 Τίνα
3630 5630 3695 5700 δὴ

2108 5726 2312 5793 satiata;
2361 5723 2713 5792 Ἀξιωμάτων
2740 5724 3125 5794 λαμπρότητες
3157 5725 3249 5777 καὶ
3296 5726 3487 5794 χωρία
3531 5723 3698 5777 πολλά

2110 5822 2204 5873 καὶ
2237 5814 2429 5888 namq-1
2462 5817 2556 5888 τὴν
2592 5816 2834 5870 ἐπέτειον
2860 5816 3190 5891 παρέχεσθαι
3221 5816 3510 5886 δυνάμενα
3538 5817 3695 5888 πρόσ-
