4016 6612
412 411 518 475 479
664 408 738 478 [Α.
779 422 835 464 κ.
871 406 1003 464 6791
1053 423 1120 462 λυ
1160 405 1322 479 esse]

1575 413 1989 477 NICEPIIORI
2033 419 2418 482 GREGORE

2697 415 2829 489 [tum
2875 431 3162 473 antonomc.
3222 412 3367 487 sem]
3545 422 3640 485 580

413 540 584 580 novos
620 524 820 603 milites
853 525 1151 594 colligunt,
1182 525 1419 580 advenas
1459 527 1666 582 scilicet
1703 529 1969 596 quosdam
2003 584 2005 592 ,

2109 552 2170 597 ας
2216 533 2410 606 ἄλλους
2450 532 2755 600 ξυνέλεγον,
2797 533 3059 602 νεήλυδάς
3109 549 3284 597 τινας,
3331 549 3425 585 και
3466 532 3642 587 ὁπόσοι

413 627 468 673 ct
501 620 670 681 alios,
705 618 796 687 qui
831 617 900 672 ob
944 625 1242 687 egestatem
1276 634 1455 689 neque
1499 621 1824 683 militarent.
1875 637 1974 676 nec

411 708 707 777 quidquam
757 709 828 760 rei
893 718 1164 777 gererent.
1224 708 1302 762 Ad
1341 709 1455 763 haec
1515 709 1967 765 familiarissimos

413 813 543 853 suos
593 810 646 853 et
701 799 1050 853 fidelissimos
1083 799 1343 854 custodiat
1375 801 1657 854 civitatum
1689 815 1980 872 praepone-

419 889 594 944 bant;
627 905 725 945 eos
761 906 894 944 vero
927 892 1019 958 qui
1066 893 1180 946 suis
1223 893 1467 946 consiliis
1505 892 1850 947 adversaturi
1896 893 1979 946 vi-

417 982 708 1042 debantur.
732 982 868 1035 alios
893 984 1014 1036 aliis
1043 983 1110 1036 de
1136 983 1318 1038 causis
1347 985 1481 1038 urbe
1512 983 1818 1053 ejiciebant.
1850 982 1980 1049 Qua:

413 1084 704 1142 antequam
743 1062 1023 1136 facerent,
1079 1092 1220 1130 nunc
1275 1075 1692 1146 impressionem
1744 1074 1978 1145 Scytha-

420 1181 539 1219 rum
571 1166 870 1219 Danubium
906 1168 1264 1221 accolentium
1286 1207 1300 1228 ,
1335 1182 1480 1222 nunc
1512 1166 1757 1220 'l‘urcicae
1788 1165 1976 1220 classis

415 1272 483 1310 ex
547 1258 672 1311 Asia
725 1257 1015 1311 adventum
1071 1259 1513 1326 proclamabam,
1576 1267 1634 1312 ut
1701 1259 1802 1312 sub
1859 1258 1978 1325 ejus

419 1349 578 1402 fama?
636 1348 863 1402 obtentu
916 1358 1165 1417 tanquam
1216 1349 1316 1402 sub
1371 1350 1490 1402 velo
1544 1349 1729 1418 aliquo
1786 1348 1982 1404 delite-

419 1448 671 1504 scentes,
728 1441 1092 1508 suspicionem
1142 1439 1408 1501 vitarent,
1459 1440 1731 1508 iidemque
1797 1440 1980 1509 provi-

423 1530 624 1584 dentia:
667 1545 730 1584 ac
769 1530 1066 1599 diligenti?
1111 1547 1242 1600 ergo
1272 1531 1480 1585 laudari
1534 1531 1600 1585 ab
1657 1533 1985 1600 imperatore

426 1631 794 1676 mererentur.
851 1622 918 1676 At
973 1622 1302 1692 Syrgiannes
1350 1625 1463 1678 haec
1510 1623 1650 1678 clam
1704 1622 1985 1678 machina-

437 1709 617 1776 batur,
649 1726 700 1768 et
729 1714 932 1785 juniori
962 1715 1270 1785 imperatori
1299 1715 1530 1771 subinde
1558 1726 1610 1771 et
1641 1717 1771 1787 quid
1803 1725 1986 1771 actum

422 1816 478 1859 ct
515 1804 646 1875 quid
679 1807 947 1876 agendum
980 1817 1123 1862 esset
1157 1807 1466 1862 nuntiabat.

2077 625 2145 678 δι’
2172 625 2377 677 ἔνδειαν
2411 624 2518 678 τῶν
2551 624 2828 695 χρειωδῶν
2859 623 3134 694 ἀπόμαχοὶ
3165 641 3220 675 τε
3256 625 3348 676 καὶ
3380 624 3645 693 ἄπρακτοι

2079 715 2263 783 διῆγον
2295 716 2386 768 τὸν
2417 713 2529 784 βίον
2553 731 2567 745 ·
2600 719 2695 768 καὶ
2727 699 2862 784 πρός
2893 732 2955 783 γε
2990 716 3070 768 ἔτι
3101 715 3226 778 τοὺς
3255 714 3356 785 μὲν
3386 715 3646 768 οἰκειοτά-

2079 817 2202 863 τους
2239 802 2331 854 καὶ
2356 802 2710 866 πιστοτάτους
2749 803 2930 856 αὐτῶν
2965 803 3211 873 φύλακας
3237 803 3516 856 ἐποιοῦντο
3547 805 3648 856 τῶν

2083 892 2292 945 πόλεων
2316 906 2330 921 ⁶
2364 895 2490 957 τοὺς
2536 894 2580 948 δ’
2613 895 2872 956 ὑπόπτως
2916 893 3139 964 ἔχοντας
3166 894 3302 964 πρὸς
3344 893 3650 949 ἀντίστασιν

2081 985 2192 1038 τῶν
2221 983 2612 1054 μελετωμένων
2638 985 2824 1048 ἄλλαις
2849 985 3023 1048 ἄλλως
3054 984 3654 1055 προφάσεσινεύποδάλ-

2083 1076 2266 1138 λοντες
2297 1077 2567 1140 ὲξετίθουν
2601 1078 2710 1130 τῶν
2749 1077 2977 1130 πόλεων.
3011 1075 3202 1129 Ταῦτα
3230 1076 3274 1128 δ’
3309 1076 3528 1129 ἐποίουν
3556 1093 3652 1143 κη-

2090 1163 2352 1232 ρύξαντες
2383 1166 2650 1233 πρότερον
2678 1164 2887 1233 ἔφοδον,
2922 1162 3018 1215 νῦν
3051 1164 3150 1233 μὲν
3176 1164 3280 1215 τῶν
3317 1163 3653 1233 Ιίαριστρίων

2086 1256 2330 1322 Σκυθῶν,
2383 1257 2479 1307 νῦν
2519 1256 2575 1308 δέ
2621 1256 2885 1324 ναυτικῆς
2936 1272 3080 1318 τινος
3132 1255 3422 1323 δυνάμεως
3459 1254 3562 1306 τῶν
3601 1253 3654 1320 ἐξ

2096 1349 2282 1411 Ἀσίας
2314 1347 2595 1418 Τούρκων,
2621 1348 2687 1401 ἵν’
2711 1349 2814 1401 ὑπὸ
2844 1348 3312 1418 παραπετάσματι
3341 1350 3407 1416 τῇ
3438 1346 3654 1416 τοιαύτῃ
3750 1390 3755 1394 ,

2084 1439 2481 1509 καλυπτόμενοι
2510 1440 2668 1510 φήμῃ
2697 1440 2997 1492 ἀνύποπτοί
3021 1457 3079 1492 τε
3106 1439 3396 1492 διατελοῖεν
3424 1439 3516 1490 καὶ
3544 1437 3653 1506 ἅμα

2085 1532 2324 1584 ἐπαίνων
2341 1531 2481 1594 ἄξιοι
2515 1531 2665 1596 παρᾶ
2687 1529 2764 1599 τῷ
2787 1530 2999 1599 βασιλεῖ
3021 1531 3293 1598 γίγνοιντο
3315 1528 3656 1598 προμηθείας

2085 1623 2248 1676 ἕνεκα
2274 1625 2370 1676 καὶ
2404 1622 2662 1692 σπουδῆς.
2707 1621 2893 1676 Ἀλλ’ὁ
2925 1622 3026 1692 μὲν
3059 1621 3404 1690 Συργιάννης
3434 1619 3656 1674 τοιαῦτα

2086 1714 2366 1769 λανθάνων
2395 1713 2832 1785 ἐδραματούργει
2866 1718 2962 1770 καὶ
3003 1710 3173 1784 συχνὰ
3209 1714 3287 1784 τῷ
3328 1713 3435 1782 νέῳ
3463 1713 3658 1780 ἐμήνυε

2090 1805 2305 1876 βασιλεῖ
2330 1806 2589 1878 λάθρατά
2614 1822 2670 1859 τε
2700 1806 3054 1878 πραττόμενα
3085 1807 3178 1859 καὶ
3206 1803 3668 1876 πραχθησόμενσο-
3699 1801 3704 1806 ’

1883 1920 2113 1978 CAPUT
2155 1921 2217 1975 ν.

424 2018 564 2072 Aous
600 2015 1062 2081 nrpotemjmlicio
1093 2014 1299 2084 publica
1332 2031 1481 2085 reum
1497 2030 1684 2085 ~agere
1745 2015 2034 2068 constituit.
2095 2013 2380 2085 Metocliita
2428 2012 2772 2085 differendum
2815 2018 3038 2085 censet,‘
3065 2010 3228 2085 donec
3279 2008 3510 2080 geniales
3563 2009 3662 2062 die:

495 2078 809 2209 gﬂluxe'rint.
849 2078 988 2152 Equi
1018 2078 1141 2153 picti
1169 2086 1419 2137 hinnitus.
1457 2078 1733 2137 Metochita
1788 2085 1852 2136 de
1900 2101 1960 2137 ea
2012 2101 2069 2138 re
2114 2083 2383 2137 consultus
2423 2078 2710 2138 in"Chorat
2753 2082 3093 2135 monasterio.
3153 2078 3290 2148 Ejus
3338 2094 3654 2145 responsum.

541 2158 679 2207 crior
713 2155 1096 2209 interpretatio.
1137 2152 1383 2209 Buzantis
1416 2153 1661 2207 columna
1695 2153 1806 2206 dies
1843 2153 2136 2209 complures
2165 2155 2390 2209 aaitata.
2425 2152 2771 2209 Imperatoris
2807 2160 2856 2204 et
2885 2149 3180 2202 Metochitte
3207 2165 3463 2201 arcanum
3511 2147 3654 2200 collo-

541 2147 679 2207 erior
713 2147 1096 2222 interpretatio.
1137 2152 1383 2222 Byzantia
1416 2153 1661 2207 columna
1695 2153 1806 2206 dies
1843 2153 2136 2224 complures
2165 2155 2390 2222 agitata.
2425 2152 2771 2224 Imperatoris
2807 2147 3463 2224 et_Metoc_/ritte_arcanum
3511 2147 3666 2200 collo-

494 2225 701 2296 quium.
745 2217 1134 2296 Ligiifutidiri.
1180 2217 1390 2296 Sortes.
1438 2224 1660 2296 Sinistra
1715 2217 1970 2296 auguria;
2021 2217 2544 2296 Metocl'tittenstupo'r
2594 2231 2643 2276 et
2695 2220 2982 2296 silentium.
3043 2217 3230 2296 Uxoris
3287 2226 3342 2296 et
3391 2217 3663 2296 liberorum

493 2288 754 2348 anxietas.
795 2291 947 2347 Filiw
986 2293 1485 2363 Pan/typersebastw
1517 2293 1760 2363 eloyium.
1785 2288 2050 2363 'Ejustlem
2086 2293 2262 2363 uerba.
2305 2288 2588 2346 Hetocltita
2615 2295 2854 2363 oratione
2885 2289 3010 2357 ﬁlia:
3030 2289 3292 2363 excitatus
3328 2288 3661 2363 lamentatur.

499 2364 758 2433 Magnam
784 2363 987 2416 cladem
1016 2355 1514 2433 prwdicit._lterum
1544 2355 1680 2433 silet.
1736 2355 2027 2417 Recumbit.
2083 2361 2216 2433 Ejus
2273 2363 2464 2433 merita
2509 2378 2638 2432 erga
2687 2355 3196 2430 Gregoramesius
3235 2357 3482 2428 (ἓτερον-ω
3506 2355 3663 2425 oﬂicia

497 2431 626 2504 ergo
678 2432 1016 2486 Metochitam
1048 2440 1096 2484 et
1131 2433 1244 2500 ejus
1272 2431 1478 2486 liberos.
1515 2432 1726 2495 Oratio,
1764 2449 1868 2502 qua
1897 2447 2013 2484 eum
2046 2432 2294 2503 amictum
2321 2431 2550 2485 solatur.

499 2549 540 2604 l.
583 2549 891 2618 Imperator
919 2556 1100 2600 autem
1123 2587 1138 2610 ,
1171 2559 1294 2600 cum
1327 2553 1577 2612 nepotem
1609 2555 1866 2599 cerneret
1898 2561 1993 2598 sua

2170 2544 2249 2598 A'.
2274 2543 2362 2616 Τῷ
2390 2544 2445 2598 δὲ
2469 2541 2684 2614 βασιλεῖ
2709 2541 2799 2595 τὸν
2827 2540 3053 2610 ἔγγονον
3075 2539 3328 2608 βλέποντι
3356 2539 3668 2612 ἀνεπιστρό-

439 2640 644 2696 monita
681 2640 956 2710 negligere
991 2646 1044 2690 et
1067 2647 1418 2690 contemnere
1445 2646 1500 2689 ct
1532 2637 1584 2690 in
1620 2637 1809 2690 eadem
1845 2651 1990 2690 sem-

438 2748 541 2803 per
589 2747 803 2786 tuorum
871 2731 1090 2784 licentia
1147 2744 1533 2798 perseverare,
1582 2727 1825 2782 decrevit
1870 2742 1994 2780 eum

443 2822 604 2892 303
654 2836 839 2876 coram
899 2821 1211 2890 patuiarcha
1264 2831 1316 2875 et
1375 2819 1620 2889 patribus
1673 2817 1999 2886 conscriptis

440 2914 681 2980 primum
717 2911 1006 2981 objurgare
1035 2921 1091 2964 et
1123 2913 1488 2976 convincere;
1534 2910 1731 2966 deinde
1779 2910 1832 2962 in
1879 2910 2000 2962 vin-

437 3002 563 3056 cula
585 3014 640 3057 et
661 3003 716 3057 in
739 3017 1015 3080 carcerem
1037 3004 1328 3074 conjicere.
1354 3002 1622 3059 Caeterum
1654 3002 1706 3057 id
1732 3001 1851 3072 ejus
1875 3017 2014 3085 pro-I

441 3093 680 3162 positum
706 3092 1005 3163 Logotheta
1037 3094 1306 3163 generalis
1337 3093 1665 3149 Theodorus
1703 3093 1998 3148 Metochita

442 3191 560 3237 tum
596 3183 835 3238 inhibuit
863 3223 878 3248 ,
913 3184 1059 3253 quod
1093 3184 1212 3253 ejus
1246 3186 1324 3240 rei
1356 3183 1764 3240 exsecutionem
1803 3183 2002 3237 frustra

446 3283 764 3352 susceptum
799 3274 863 3328 iri
901 3284 1279 3345 auguraretur,
1315 3275 1387 3332 ob
1415 3277 1697 3331 solennem
1734 3275 1840 3330 illis
1887 3275 2004 3330 die-

444 3362 551 3419 bus
603 3380 816 3420 morum
873 3365 1313 3421 dissolutionem.
1380 3366 1590 3421 Etenim
1649 3367 1999 3436 carnisprivii

446 3465 666 3526 tempus
683 3455 892 3523 aderat,
918 3471 1042 3511 cum
1075 3457 1403 3512 lautioribus
1431 3457 1702 3511 conviviis
1737 3465 1792 3510 et
1827 3471 2002 3508 ntera-

446 3544 692 3600 cioribus
718 3546 928 3616 poculis
959 3547 1126 3602 dediti
1161 3547 1421 3601 mortales
1454 3561 1564 3616 pra:
1594 3547 1702 3600 vini
1740 3546 2011 3612 intempe-

448 3639 625 3692 rantia
676 3637 893 3693 facilius
933 3638 999 3692 ad
1055 3637 1357 3693 seditiones
1402 3637 1770 3691 concitantur.
1827 3636 2008 3701 Quare

452 3728 808 3785 metuendum
843 3744 964 3783 esse
995 3729 1197 3794 aiebat,
1229 3745 1295 3782 ne
1329 3729 1604 3798 inceptum
1637 3745 1702 3782 ex
1734 3728 2007 3783 sententia

451 3817 600 3872 haud
633 3818 991 3887 procederet,
1021 3815 1461 3888 quandoquidem
1505 3817 1725 3872 fortuna
1765 3819 2009 3889 plerum-

2102 2653 2218 2706 φως
2265 2653 2324 2689 τε
2371 2635 2564 2705 ἔχοντα
2614 2635 2707 2686 καὶ
2748 2631 3226 2703 περιφρονητικῶς
3263 2631 3324 2694 ἐς
3370 2631 3470 2694 τὰς
3510 2631 3666 2685 αὐτοῦ

2101 2729 2439 2798 διακείμενον
2467 2730 2819 2797 παραινέσεις
2845 2727 2935 2780 καὶ
2952 2725 3040 2777 ἀεὶ
3067 2726 3133 2794 τῇ
3155 2724 3379 2793 συνήθει
3407 2725 3514 2777 τῶν
3530 2725 3668 2792 ἠθῶν

2103 2817 2400 2889 αὐτονομίᾳ
2422 2817 2702 2888 χρώμενον
2729 2816 2905 2883 ἔδοξεν
2928 2816 3394 2885 ἐλέγξαντιιπρὸτε
3405 2832 3495 2883 ρον
3520 2813 3669 2865 αὐτὸν

2105 2911 2210 2963 ὑπὸ
2259 2909 2337 2979 τῷ
2391 2909 2706 2981 πατριάρχῃ
2761 2909 2855 2960 καὶ
2908 2909 2973 2977 τῇ
3023 2908 3342 2978 συγκλήτῳ,
3379 2907 3566 2960 ἔπειτα
3604 2909 3665 2976 τῇ

2106 3003 2296 3072 εἱρκτῇ
2332 2999 2701 3078 παραπέμψαι
2735 2998 3042 3070 δεσμώτην.
3099 2999 3263 3054 Ἀλλὰ
3293 3002 3412 3053 τότε
3450 2999 3546 3069 μὲν
3578 3001 3669 3067 τὴν

2113 3095 2344 3164 μελέτην
2377 3094 2608 3162 ἐπέσχεν
2644 3093 2672 3145 ὁ
2703 3091 2998 3162 λογοθέτης
3025 3090 3121 3145 τοῦ
3149 3091 3374 3160 γενικοῦ
3409 3092 3668 3161 Θεόδωρος

2108 3187 2136 3238 ὁ
2158 3182 2484 3252 Μετοχίτης,
2512 3181 2942 3252 ἀτελεσφόρητον
2958 3183 3056 3250 τὴν
3074 3180 3272 3252 πρᾶξιν
3299 3180 3520 3234 ἔσεσθαι
3547 3197 3669 3248 μαν-

2109 3276 2400 3346 τευόμενος
2416 3274 2506 3328 διὰ
2531 3273 2630 3344 τὴν
2653 3274 2762 3327 τῶν
2791 3275 3014 3345 ἡμερῶν
3045 3274 3252 3328 ἄνεσιν.
3271 3273 3552 3342 Ἀπόκρεω
3573 3272 3672 3340 γὰρ

2110 3364 2178 3440 ἦν
2207 3366 2418 3436 καιρὸς,
2443 3366 2605 3419 ὁπότε
2634 3364 2772 3434 πρὸς
2800 3364 3033 3432 εὐωχίας
3051 3364 3357 3435 ἁδροτέρας
3388 3366 3480 3417 καὶ
3509 3364 3672 3433 ἀκρα-

2112 3458 2365 3521 τοποσίας
2391 3457 2628 3509 διδόασιν
2645 3454 2890 3526 ἆθρωποι
2915 3455 3007 3507 καὶ
3031 3454 3426 3525 τολμηρότεροι
3448 3445 3672 3522 γίνονται

2113 3550 2202 3604 διὰ
2226 3551 2323 3620 τὴν
2348 3547 2442 3603 τοῦ
2472 3547 2614 3601 οίνου
2637 3547 2961 3617 παραφορὰν
2987 3548 3121 3617 πρὸς
3143 3545 3462 3610 στασιώδεις
3479 3543 3669 3614 appag-

2115 3648 2209 3700 καὶ
2237 3644 2355 3708 δέος
2389 3641 2532 3699 εἶναι
2565 3644 2640 3714 μὴ
2668 3644 2728 3698 οὐ
2756 3643 2896 3696 κατὰ
2925 3641 3151 3712 γνώμην
3182 3640 3323 3712 εὕρῃ
3354 3640 3454 3710 τὴν
3483 3637 3673 3692 att/ﬁo.-

2119 3739 2249 3806 σινή
2285 3735 2506 3806 μελέτη,
2531 3736 2630 3804 τῆς
2659 3736 2825 3804 τύχης
2855 3734 2928 3796 ὡς
2959 3733 3027 3786 τὰ
3055 3732 3222 3785 πολλὰ
3254 3729 3674 3802 τερατευομένης

2120 3829 2214 3884 καὶ
2252 3828 2510 3882 τάναντία
2538 3828 2645 3880 τῶν
2677 3826 2946 3891 δοξάντων
2978 3824 3238 3888 πολλάκις
3281 3820 3674 3894 βλαστανούσης

451 3924 558 3976 que
586 3909 855 3980 prodigiis
883 3909 1126 3978 gaudens
1158 3908 1470 3964 contrarios
1505 3909 1620 3980 spei
1656 3919 1886 3966 eventus
1920 3925 2012 3966 so-
2039 3901 2082 3961 C
2116 3920 2394 3992 ἐξαίφνης,

453 4000 593 4055 lerct
628 4000 816 4057 subito
849 4002 1034 4056 edere.

529 4094 602 4150 ll.
645 4095 890 4150 Desierat
931 4095 1093 4150 modo
1149 4094 1450 4168 Logotheta
1499 4095 1769 4169 generalis
1829 4111 2021 4150 mona-

457 4186 684 4241 sterium
709 4185 901 4241 Chorae
929 4189 1077 4241 omni
1112 4198 1437 4244 ornamento
1471 4189 1735 4244 interiore
1768 4188 2022 4244 absoluto

459 4292 752 4333 renovare.
815 4277 1098 4345 Quocirca
1139 4280 1192 4333 in
1267 4279 1564 4351 pervigiliis
1624 4296 2019 4350 nonnunquam
2085 4291 2094 4312 π

459 4370 592 4425 illuc
622 4379 943 4440 pernoctare
995 4386 1118 4425 cum
1167 4372 1450 4427 monachis
1497 4365 1772 4427 studebat.
1831 4371 2018 4426 Prima

457 4463 626 4532 igitur
648 4462 1084 4533 Quadragesimze
1108 4465 1469 4529 hebdomade,
1495 4478 1618 4518 cum
1648 4463 1774 4519 dies
1800 4462 2023 4518 Sabbati

460 4554 812 4620 advenisset,
847 4556 1003 4626 cujus
1030 4556 1294 4625 postridie
1326 4556 1760 4610 orthodoxorum
1791 4556 2026 4624 impera-

461 4659 644 4704 torum
666 4658 721 4704 et
744 4649 1180 4712 patriarcharum
1211 4649 1472 4703 memoria
1503 4649 1722 4718 publico
1753 4649 2025 4719 praeconio

462 4740 900 4795 commendanda
932 4750 1082 4804 erat,
1119 4751 1234 4796 tum
1275 4755 1495 4810 quoque
1539 4740 1604 4794 ad
1651 4740 1805 4794 illius
1845 4741 2025 4795 noctis

463 4832 816 4903 pervigilium
855 4833 1156 4903 Logotheta
1187 4832 1254 4887 de
1289 4847 1438 4886 more
1468 4840 1716 4886 venerat.
1745 4830 1922 4899 Atque
1954 4831 2027 4885 ibi

2193 4097 2275 4172 [P.
2310 4094 2434 4170 187]
2466 4099 2542 4155 B'.
2584 4098 2642 4152 '0
2673 4099 2856 4170 μέντοι
2884 4097 3178 4168 λογοθέτης
3200 4097 3294 4150 τοῦ
3327 4093 3544 4166 γενικοῦ
3575 4092 3677 4164 (57)

2121 4193 2244 4264 ἄρτι
2273 4193 2367 4247 τοῦ
2395 4195 2672 4264 νεουργεῖν
2703 4191 2980 4246 ἐπέπαυτο
3008 4193 3108 4261 τὴν
3138 4193 3236 4260 τῆς
3270 4189 3470 4259 Χώρας
3503 4184 3678 4256 μονὴν.

2121 4287 2316 4350 ὁπόσος
2345 4286 2373 4339 ὁ
2401 4286 2549 4339 ἔνδον
2580 4285 2844 4356 ἐτύγχανε
2873 4285 3098 4352 κόσμος.
3131 4282 3292 4337 Ὅθεν
3329 4279 3680 4350 ἐφιλοτιμεῖτο

2125 4377 2655 4448 συνδιανυκτερεύειν
2687 4379 2744 4432 ἐν
2775 4379 2895 4438 ταῖς
2929 4374 3250 4444 παννυχίσιν
3290 4373 3402 4426 ἔσθ’
3433 4373 3520 4426 ὅτε
3555 4368 3680 4438 μετ-ἰ

2122 4471 2230 4523 τῶν
2258 4468 2524 4539 μοναχῶν.
2572 4466 2726 4521 Ἐπεὶ
2752 4461 2846 4520 οὖν
2876 4460 2977 4536 ἦκε
3006 4465 3064 4518 τὸ
3092 4465 3190 4534 τῆς
3224 4463 3447 4534 πρώτης
3470 4458 3684 4526 ἑϐδομά-

2124 4561 2214 4621 δος
2229 4561 2328 4628 τῆς
2349 4558 2792 4626 τεσσαρακοστῆς
2812 4556 3100 4618 σάϐϐατον,
3127 4554 3290 4606 ὁπότε
3311 4553 3374 4622 δὴ
3393 4554 3484 4604 καὶ
3503 4547 3680 4617 ἔμελλε

2127 4656 2192 4724 τῇ
2224 4653 2486 4722 ὑστεραία
2514 4647 2878 4720 κηρύττεσθαι
2913 4646 3149 4717 δημοσίᾳ
3181 4645 3289 4698 τῶν
3332 4641 3620 4714 ὀρθοδόξων
3651 4638 3682 4706 ἡ

2132 4745 2320 4814 μνήμη
2349 4742 2611 4814 βασιλέων
2640 4741 2772 4810 ὁμοῦ
2793 4740 2887 4793 καὶ
2916 4737 3291 4807 πατριαρχῶν,
3327 4732 3568 4805 ἐληλύθει
3597 4728 3682 4783 καὶ

2129 4829 2282 4899 οὗτος
2315 4834 2561 4902 συνήθως
2619 4834 2674 4894 ἐς
2713 4831 2812 4900 τὴν
2855 4829 2914 4894 ἐξ
2958 4830 3193 4894 ἑσπέρας
3243 4827 3457 4897 ἐκείνης
3497 4838 3684 4879 παννυ-

465 4925 569 4979 sub
619 4923 850 4979 mediam
894 4934 1108 4979 noctem
1153 4939 1278 4978 cum
1319 4932 1374 4977 et
1419 4938 1519 4977 nos
1566 4923 1918 4986 adessemus,
1975 4937 2003 4977 e

2131 4927 2251 4998 χίδα
2270 4925 2402 4994 (58).
2427 4923 2560 4988 Περὶ
2579 4922 2634 4976 δὲ
2668 4921 2836 4990 μέσας
2859 4918 3056 4979 νύκτας
3081 4915 3370 4986 ἂμαξαὺτῷ
3403 4907 3681 4975 συνισταμέ

469 5014 811 5082 doxologiam
847 5031 955 5070 una
1002 5030 1126 5070 cum
1179 5032 1245 5072 eo
1285 5016 1637 5078 audiremus,
1683 5016 1909 5085 quidam
1961 5014 2030 5069 ab

468 5106 803 5176 imperatore
835 5106 1024 5174 adest,
1058 5123 1260 5162 novum
1294 5108 1368 5162 illi
1407 5108 1660 5162 nuntium
1696 5117 2030 5178 apportans,

467 5209 524 5254 et
553 5200 674 5270 ejus
707 5200 1037 5255 sententiam
1069 5201 1364 5271 exquirens
1391 5218 1405 5255 :
1442 5201 1599 5255 Modo
1632 5202 1800 5268 enim,
1835 5201 2030 5270 inquit,

2133 5036 2240 5072 νων
2260 5019 2292 5088 ἡ
2299 5017 2415 5087 μῶν
2427 5016 2631 5083 καὶτῆς
2646 5011 2947 5079 δοξολογίας
2966 5009 3268 5062 ἀκουόντων
3280 5008 3405 5078 ἥκει
3423 5023 3502 5068 τις
3520 5007 3580 5056 ἐκ
3597 5001 3685 5071 βα-

2135 5110 2346 5170 σιλέως,
2383 5107 2700 5174 καινοτέραν
2727 5105 2849 5156 τινὰ
2878 5101 3120 5169 κομίζων
3145 5100 3293 5168 αὐτῷ
3325 5097 3577 5166 ἀγγελίαν
3600 5091 3683 5144 καὶ

2139 5201 2318 5270 ζητῶν
2342 5201 2441 5269 τὴν
2471 5199 2569 5267 τῆς
2595 5195 2758 5249 αὑτοῦ
2787 5193 3011 5263 γνώμης
3042 5191 3298 5267 κρίσιν.)
3330 5193 3488 5260 Ἀρτι
3519 5187 3636 5252 γὰρ,
3661 5199 3676 5231 ι

468 5305 595 5346 cum
642 5291 978 5362 imperatorii
1015 5291 1360 5362 ibipenniferi
1428 5301 1486 5348 et
1547 5292 1750 5348 milites
1803 5293 2005 5346 ensifer

2107 5292 2111 5323 ⁵
2139 5293 2292 5362 φησὶ,
2338 5310 2356 5342 ι
2390 5291 2498 5342 τῶν
2538 5286 2669 5356 περὶ
2688 5285 2778 5338 τὸν
2812 5283 3036 5353 βασιλέα
3059 5281 3445 5349 πελεκυφόρων
3468 5277 3575 5348 (59)
3599 5273 3684 5326 καὶ

1820 5406 2148 5467 Variorum
2183 5412 2371 5465 notua.

549 5529 666 5597 (57)
702 5529 1028 5585 Theodorus
1073 5530 1392 5592 Metochita,
1442 5546 1471 5584 a
1515 5546 1626 5596 quo
1678 5530 2044 5582 instauratum
2141 5527 2203 5580 dc
2237 5543 2379 5580 more
2415 5517 3139 5597 accessit:entcﬂgiavimUS,
3166 5520 3254 5597 ,αα
3297 5530 3519 5588 vespera:
3552 5508 3683 5597 illius

475 5600 669 5654 (litora:
699 5601 1118 5666 monasterium,
1157 5617 1372 5671 rursum
1407 5618 1526 5671 cap.
1554 5616 1672 5667 seq.
1706 5610 1764 5652 ut
1795 5609 1851 5671 et
1881 5599 2046 5671 doce-

478 5687 600 5742 mus
631 5671 685 5724 in
717 5671 1118 5742 Constantinop.
1153 5670 1344 5726 Christ.
1381 5668 1579 5737 Iibltv,
1614 5679 1752 5725 sect.
1786 5670 1870 5736 15,
1903 5687 1956 5723 n.
1992 5668 2045 5723 5.

481 5741 717 5795 Ducam.

2143 5598 2373 5666 uigilias.
2417 5596 2654 5650 Ducam.
2705 5589 3064 5666 :j‘Voll‘tus.
3105 5589 3475 5666 adnecturn‘a
3519 5594 3680 5636 sacra.

2144 5657 2339 5721 Illintis
2368 5667 2606 5734 Ducang.
2647 5662 2717 5715 ad
2741 5661 2881 5734 illius
2917 5673 3137 5734 vespera:
3161 5660 3383 5729 vigilias.
3420 5657 3650 5734 litorum}

2219 5737 2330 5803 (59)
2360 5725 2746 5814 VaranJormn,
2778 5733 2844 5814 de
2866 5725 3069 5797 quibus
3098 5729 3154 5784 in
3177 5725 3406 5800 utroque
3427 5725 3684 5780 Glossartu

552 5810 666 5881 (58)
711 5810 1010 5885 lnterprcs,
1042 5830 1074 5866 a
1108 5828 1320 5884 vespera
1351 5812 1420 5866 ad
1454 5821 1710 5866 nocturna
1760 5827 1915 5865 sacra
1953 5808 2050 5863 illa
2149 5801 2323 5862 multa
2351 5801 2746 5874 congessimus.
2785 5801 3019 5854 Dousa.
