4016 6594
353 1288 371 1328 ξ

349 1327 365 1343 ε

347 1383 359 1404 1

395 394 487 456 ἕὸί

631 385 712 458 [Α.
752 401 803 442 c-
848 385 985 441 1282
1018 402 1085 441 ιο
1124 385 1285 458 4528]
1349 389 1814 459 BYZANTIN/E
1853 387 2242 450 HISTORIA:
2274 388 2420 449 LIB.
2455 383 2620 446 vm.

3525 375 3633 443 482

2700 379 2838 451 [ιιιιι.
2877 390 3155 431 asoaomc.
3200 373 3342 446 sem]

397 502 736 578 στρατιωτῶν
770 503 865 556 καὶ
908 502 1226 574 ξιφηφόρων
1264 503 1680 574 καταοαρθανειθ
1734 502 1961 572 μελλόν-

2074 505 2307 556 cnbi‘tum
2353 492 2480 554 ituri
2520 505 2736 556 essent.
2783 500 2965 549 tantus
2995 491 3177 547 subito
3203 487 3452 544 hinnitus
3483 487 3633 543 circa

395 569 496 650 {av
523 593 784 664 ἐξηνέχθη
809 569 1173 664 χρεμεντισμδς
1203 594 1382 649 πάντα
1411 569 1694 662 πετριηχῶν
1717 569 1784 644 τὰ
1812 591 1969 661 βασί-

395 687 528 751 λεια,
563 686 638 749 ῶς
656 686 996 754 ἐκπλαγῆναι
1031 687 1238 748 πάντας
1267 687 1395 747 τοὺς
1424 687 1480 740 ἐν
1505 686 1620 747 τοῖς
1652 683 1965 754 βασιλείοις.

405 779 634 848 Ἀωρίας
660 778 768 849 γὰρ
791 777 955 846 οὔσης
986 778 1185 846 πολλῆς
1217 777 1312 832 καὶ
1347 778 1422 848 μὴ
1450 776 1714 848 παρόντος
1745 777 1850 828 τῶν
1873 777 1966 829 ἶπο

394 883 507 918 πων
538 867 703 931 τινδς,
732 867 855 919 οὗτε
883 866 992 919 τῶν
1032 866 1350 933 βασιλικῶν,
1377 865 1501 920 οὕτε
1534 866 1642 919 τῶν
1677 866 1970 936 συγκλητι-

396 959 522 1020 κῶν,
555 955 680 1010 οὔτε
730 956 883 1021 ἐντὸς
935 956 1242 1026 βασιλείων,
1275 957 1400 1010 οὔτε
1455 957 1562 1027 πρὸ
1607 958 1719 1009 τῶν
1759 957 1966 1023 πυλῶν,

396 1047 620 1116 θόρυϐον
644 1047 706 1099 τὸ
734 1046 828 1100 τοῦ
855 1047 1181 1117 πράγματος
1207 1047 1509 1116 παράδοξον
1541 1047 1826 1116 ἐνεποίησε
1846 1049 1969 1109 ταῖς

396 1137 498 1189 τῶν
529 1137 890 1192 ἀκουσάντων
921 1137 1121 1208 ψυχαῖς
1152 1137 1246 1190 καλ⁵
1267 1137 1512 1208 ἀλλήλων
1547 1135 1782 1198 ἅπαντες
1807 1138 1972 1189 ἐπυνο

396 1228 633 1281 θάνοντο.
660 1227 826 1281 υῦπω
859 1227 916 1280 δὲ
949 1229 1043 1280 τοῦ
1075 1227 1305 1298 θορύϐου
1339 1227 1695 1299 πεπαυμένου
1727 1227 1822 1280 καὶ
1844 1226 1969 1279 δεύ-

393 1337 546 1387 τερος
581 1317 848 1389 ἐξηνέχθη
875 1320 1245 1390 χρεμετισμὸς
1275 1320 1481 1388 μείζων
1507 1319 1606 1387 τοῦΔ
1630 1319 1870 1390 πρώτου.
1895 1319 1972 1382 ὡς

399 1417 491 1464 καὶ
527 1411 692 1465 αὐτὸν
727 1412 991 1481 αὐτήκοον
1019 1412 1119 1482 τῆς
1147 1411 1314 1482 ἠχοῦς
1341 1411 1592 1480 γενέσθαι
1617 1415 1706 1465 τὸν
1741 1411 1969 1482 βασιλέα

393 1505 490 1556 καὶ
521 1501 813 1572 πέμψαντα
844 1503 1065 1573 ἔρεσθαι
1091 1547 1105 1571 ,
1134 1505 1187 1558 εί
1216 1521 1299 1566 τις
1328 1504 1519 1574 εἰδείη,
1555 1503 1676 1556 ὅθεν
1707 1507 1733 1558 6
1765 1520 1969 1573 χρεμε-

392 1595 586 1664 τισμὸς
607 1587 758 1657 οὗτος
788 1597 845 1649 ἐν
867 1577 1059 1664 ’ἀωρίᾳ
1084 1594 1348 1666 τοσαύτῃ.
1399 1594 1538 1648 Ἀλλ’
1574 1596 1777 1665 ἀκήκοε
1809 1595 1970 1648 πλέον

391 1688 566 1752 οὐδὲν,
601 1688 634 1758 ἢ
662 1687 742 1739 ὅτι
775 1686 926 1757 παρὰ
954 1689 1048 1739 τοῦ
1081 1687 1249 1740 ἵππου
1283 1686 1375 1739 τοῦ
1409 1687 1797 1758 γεγραμμένου
1841 1687 1966 1754 περὶ

392 1778 490 1831 ἕνα
535 1780 645 1832 τῶν
679 1777 963 1847 βασιλείων
999 1779 1196 1849 τοίχων
1240 1781 1347 1850 πρὸ
1399 1780 1492 1834 τοῦ
1530 1779 1821 1847 εὐκτηρίου
1870 1779 1970 1847 τῆς

2069 591 2331 661 palatium
2364 586 2656 643 exauditus
2684 594 2802 649 est,
2837 593 2897 639 ut
2948 597 3140 638 omnes
3177 589 3445 650 quotquot
3484 579 3636 632 intus

2066 691 2225 737 erant
2248 665 2700 750 percellerentur.
2726 675 2888 747 304
2910 675 3243 743 Intempesta
3269 672 3414 724 enim
3442 678 3627 729 nocte,

2067 789 2191 829 cum
2227 788 2403 843 neque
2434 769 2772 842 imperatorii
2819 781 3000 836 neque
3053 763 3314 819 senatorii
3353 761 3481 831 equi
3527 775 3631 814 nec

2071 865 2122 920 in
2154 866 2276 936 ipso
2309 864 2549 935 palatio,
2586 877 2688 916 nec
2733 870 2861 914 ante
2905 859 3054 912 fores
3083 865 3305 917 essent,
3343 853 3635 923 improvisa

2069 972 2158 1012 res
2204 957 2419 1012 animos
2463 953 2805 1008 audientium
2853 948 3232 1021 perturbavit,
3282 954 3338 1001 et
3394 943 3636 999 universi

2068 1047 2328 1118 quidnam
2365 1047 2443 1101 rei
2476 1053 2623 1100 esset
2656 1059 2776 1098 sese
2821 1052 3014 1096 mutuo
3065 1040 3503 1106 interrogarunt.
3551 1034 3634 1088 Eo

2071 1141 2304 1195 tumultu
2350 1139 2591 1194 nondum
2657 1137 2878 1202 sedato,
2947 1136 3084 1189 alter
3143 1130 3396 1186 hinnitus
3452 1127 3640 1195 priore

2069 1231 2245 1300 major
2275 1230 2566 1300 exauditus
2591 1270 2605 1293 ,
2642 1230 2797 1299 cujus
2830 1241 3001 1281 sonus
3032 1223 3098 1277 ad
3143 1223 3430 1292 ipsiusmet
3467 1218 3640 1284 impe-

2070 1326 2268 1378 ratoris
2297 1299 2458 1377 aures
2494 1321 2766 1392 pervenit.
2798 1318 3160 1386 Quamobrem
3192 1313 3283 1367 ille
3332 1311 3481 1365 misit
3537 1313 3642 1361 sci-

2067 1415 2321 1468 scitatum
2343 1453 2358 1478 ,
2393 1413 2538 1466 unde
2571 1411 2674 1465 iste
2706 1409 2952 1463 hinnitus
2995 1416 3103 1460 tam
3147 1404 3326 1457 alieno
3371 1410 3638 1467 tempore.

2071 1505 2175 1561 Sed
2209 1505 2348 1559 nihil
2383 1504 2530 1558 aliud
2563 1503 2808 1565 audivit,
2837 1500 2940 1554 nisi
2972 1499 3181 1553 editum
3215 1509 3340 1548 eum
3372 1491 3543 1546 fuisse
3571 1489 3641 1542 ab

2076 1611 2254 1666 equo,
2289 1597 2380 1666 qui
2413 1595 2469 1649 in
2502 1593 2683 1664 palatii
2717 1592 2922 1662 pariete
2954 1599 3079 1644 ante
3108 1586 3368 1643 sacellum
3398 1583 3641 1652 Deiparze

2069 1693 2346 1761 Nicopaare
2392 1691 2572 1760 pictus
2612 1687 2794 1742 foret:
2843 1685 2996 1739 illum
3044 1682 3171 1736 dico
3207 1693 3446 1749 equum,
3479 1676 3641 1744 cujus

2073 1795 2224 1855 tergo
2259 1783 2553 1852 Georgium
2589 1779 2793 1835 Christi
2826 1787 3122 1844 martyrem
3152 1761 3526 1842 pulcherrime
3557 1767 3643 1819 in-

392 1870 694 1924 Νικοποιοῦ
728 1870 993 1924 Θεοτόκου
1033 1871 1145 1942 (60)
1175 1886 1190 1901 ·
1222 1871 1390 1926 ἵππον
1415 1871 1481 1943 δὴ
1509 1871 1656 1939 λέγω
1685 1871 1896 1935 τοῦτον,
1925 1864 1968 1939 ᾧ

2074 1878 2337 1932 sidentem
2365 1875 2564 1930 Paulus
2591 1873 2682 1927 ille
2707 1873 2975 1942 pictorum
3002 1863 3485 1939 praestantissimus
3507 1859 3640 1914 olim

393 1960 712 2031 ἐποχεῖσθαι
745 1961 1006 2016 κάλλιστα
1029 1963 1065 2015 Γ
1071 1962 1298 2032 εώργιον
1327 1963 1414 2016 τὸν
1439 1961 1533 2016 τοῦ
1559 1962 1800 2034 Χριστοῦ
1835 1963 1974 2033 μάρ-

393 2069 538 2124 τυρα
569 2053 857 2122 εἴργασται
893 2054 1060 2108 πάλαι
1090 2054 1297 2116 Παῦλος
1331 2056 1538 2119 ἐκεῖνος
1563 2055 1593 2108 6
1627 2055 1732 2108 τῶν
1757 2054 1977 2123 ζωγρά-

395 2157 513 2208 φων
536 2140 758 2204 ἄριστος
789 2142 928 2212 (61).
961 2161 980 2194 ο
1020 2145 1160 2212 Πρὸς
1184 2144 1356 2198 ταῦτα
1388 2145 1416 2199 6
1445 2143 1735 2214 λόγοθέτης
1759 2161 1974 2218 χαριενο

394 2231 710 2302 τισάμενος,
744 2232 818 2295 ῶς
846 2232 1029 2287 εἰώθει
1061 2235 1198 2304 πρὸς
1223 2235 1321 2296 τὰς
1347 2238 1438 2288 τοῦ
1469 2235 1733 2305 βασιλέως
1763 2237 1975 2305 ἐρωτή-

397 2339 534 2387 σεις,
577 2341 596 2374 ι
635 2325 922 2395 Συγχαιρω
970 2340 1073 2388 σοι,
1115 2344 1133 2376 ι
1187 2326 1409 2396 ἔφησεν,
1456 2345 1476 2377 ι
1513 2319 1558 2380 ὦ
1595 2325 1833 2396 βασιλεῦ,
1865 2325 1974 2378 τῶν

403 2413 704 2481 μελλόντων
733 2416 895 2468 ἕνεκα
923 2416 1222 2486 τροπαίων.
1252 2417 1418 2469 Οὐδὲν
1447 2418 1556 2486 γὰρ
1602 2418 1788 2488 ἕτερον
1821 2411 1974 2484 οἶμαι

2077 1967 2302 2024 cllinxit.
2337 1984 2355 2018 ι
2389 1965 2467 2019 Ad
2490 1965 2606 2020 haec
2639 1963 2935 2033 Legotheta
2961 1963 3210 2032 jocatus,
3243 1965 3303 2012 ut
3325 1954 3536 2012 solebat
3575 1951 3642 2004 ad

2073 2059 2421 2129 imperatoris
2447 2057 2932 2127 interrogationes:
2966 2052 3250 2108 iGratulor
3284 2048 3381 2104 tibi
3402 2086 3418 2110 ,
3442 2044 3643 2115 inquit,

2075 2149 2373 2219 ἱηιρεηιοτ
2399 2185 2414 2211 9
2465 2148 2679 2203 futuros
2714 2147 3040 2217 triumphos.
3081 2143 3448 2198 Monstrosum
3494 2135 3646 2192 enint

2073 2240 2233 2295 istius
2264 2243 2389 2310 equi
2423 2241 2698 2294 hinnitum
2732 2239 2866 2294 nihil
2899 2237 3048 2292 aliud
3077 2235 3326 2292 indicare
3357 2249 3504 2295 reor,
3535 2230 3643 2287 nisi

2077 2341 2225 2386 tuam
2253 2332 2518 2386 adversus
2567 2331 2847 2401 Agarenos
2877 2330 3059 2384 Asiam
3093 2337 3336 2384 nostram
3367 2325 3647 2398 populin-

2072 2433 2156 2478 tes
2187 2423 2605 2493 imperatoriam
2634 2421 3062 2492 expeditionem.
3100 2438 3120 2472 ι

405 2501 708 2569 σημαίνειν,
748 2521 765 2555 ι
812 2504 969 2573 φησὶ,
1010 2521 1029 2556 ι
1073 2503 1163 2556 τὸν
1195 2506 1496 2575 παράδοξον
1538 2505 1727 2560 τοῦτον
1755 2506 1849 2559 τοῦ
1883 2505 1974 2559 ἵπ-

404 2613 506 2649 που
533 2599 1100 2672 χρεμετισμὸν,ἢσὴν
1129 2600 1416 2673 βασιλικὴν
1481 2603 1841 2674 ἐκστρατείαν
1905 2602 2048 2658 κατὰ
2082 2602 2190 2658 τῶν
2237 2601 2338 2674 τὴν
2385 2601 2660 2672 ἡμετέραν
2718 2602 2898 2655 Ἀσίαν
2950 2599 3348 2671 λεηλατούντων
3413 2599 3650 2670 ’Δγαρη-

414 2706 526 2744 MV.
569 2710 590 2744 ι

367 2770 372 2772 ’
475 2783 548 2839 l".
585 2784 768 2840 Ταῦτα
795 2789 823 2840 6
847 2785 1102 2858 βασιλεὺς
1129 2785 1382 2857 ἀκηκοὼς
1413 2789 1768 2858 μειρακίσκον
1789 2788 1978 2858 ἕτερον

406 2879 558 2940 αὖθις
594 2880 730 2950 πρὸς
782 2879 944 2932 αὐτὸν
994 2879 1303 2949 ἐπεπόμφει
1331 2894 1344 2911 ⁸
1381 2897 1402 2932 ι
1440 2881 1512 2933 Σὺ
1563 2881 1682 2950 μὲν,
1720 2899 1739 2932 ι
1776 2879 1973 2946 λέγων,

413 2989 431 3021 ι
466 2969 562 3022 εἴτ’
593 2971 714 3040 ἐμοὶ
746 2971 814 3024 τὰ
846 2969 944 3038 τῆς
971 2970 1238 3041 θυμηδίας
1267 2970 1343 3033 ὡς
1372 2970 1492 3033 ἔθος
1519 2971 1712 3037 λέγων,
1753 2971 1852 3024 εἴτ’
1876 2971 1973 3022 οὐκ

2078 2974 2194 3028 sive
2229 2983 2288 3028 ut
2317 2974 2464 3029 soles
2493 2973 2984 3029 mei'exhilarandi
3015 2974 3188 3043 gratia
3215 3012 3230 3035 ,
3271 2974 3387 3028 sive
3425 2973 3530 3026 alia
3574 2972 3644 3026 de

405 3055 500 3113 οἷδ’
527 3061 674 3122 ὃπως
701 3059 850 3114 ταῦτ’
878 3061 1168 3130 ἀποκρίνῃ,
1196 3060 1378 3124 ἔοικας
1410 3060 1715 3128 ἀγνοοῦντι.
1752 3058 1894 3129 Ἐγὼ
1923 3060 1973 3112 δέ

2080 3079 2249 3119 causa
2275 3066 2402 3120 dato
2425 3105 2439 3130 ,
2474 3080 2588 3120 rem
2623 3065 2828 3119 videris
2858 3067 3132 3135 ignorare.
3164 3065 3275 3135 Ego
3305 3073 3486 3120 autem
3512 3065 3644 3134 quid

407 3169 486 3204 om.
517 3151 725 3222 τάληθῆ
759 3169 846 3221 μοι
873 3151 1135 3204 δοκοῦντα
1161 3153 1462 3216 καταλέξω.
1513 3151 1600 3216 Ὦς
1628 3152 1738 3225 γὰρ
1765 3153 1897 3223 ἡμῖν
1923 3153 1970 3206 o!

2081 3171 2270 3209 verum
2321 3169 2444 3210 esse
2493 3171 2780 3218 censeam,
2829 3155 2926 3210 tibi
2971 3155 3172 3210 dicam.
3207 3155 3341 3210 Nam
3379 3164 3436 3209 ut
3463 3164 3646 3224 patres

2152 2787 2246 2843 lll.
2283 2786 2379 2842 His
2406 2786 2704 2857 imperator
2733 2786 2956 2849 auditis,
2981 2787 3092 2842 alio
3126 2787 3540 2841 adolescentulo
3573 2785 3646 2840 ad

2078 2897 2205 2935 eum
2244 2881 2453 2936 misso:
2491 2900 2508 2933 ι
2538 2880 2619 2935 Τιι
2652 2879 2911 2949 quidem,
2948 2879 3162 2949 inquit,
3201 2879 3307 2934 isto
3343 2893 3644 2949 responso,

404 3243 663 3315 ἡμέτεροι
701 3247 933 3312 πατέρες
966 3245 1272 3315 παρέδοσαν
1311 3244 1405 3298 καὶ
1435 3244 1624 3300 ἄλλοτέ
1660 3243 1780 3298 ποθ’
1811 3245 1840 3298 6
1880 3242 1972 3296 ῐπ-

401 3351 500 3400 πος
533 3328 688 3399 οὗτος
719 3337 810 3389 τὸν
843 3338 1023 3398 ὅμοιον
1048 3337 1368 3408 ἐχρεμέτισε
1397 3338 1620 3407 τρόπον,
1648 3337 1809 3390 ὁπότε
1836 3336 1974 3389 Βαλ-

403 3427 606 3490 δουῖνος
648 3431 674 3482 ό
705 3429 812 3480 τῶν
839 3427 1083 3519 Ακατίνων
1115 3429 1298 3499 ἄρχων
1331 3429 1436 3482 ὑπὸ
1463 3427 1557 3481 τοῦ
1602 3427 1734 3497 ἐμοῦ
1771 3428 1974 3497 πατρὸς

405 3523 498 3574 καὶ
530 3518 790 3590 βασιλέως
837 3514 1059 3589 ἔμελλεν
1096 3520 1448 3589 ἀφαιρεῖσθαι
1485 3519 1584 3588 τὴν
1618 3514 1976 3586 μεγαλόπολιν

403 3610 631 3679 ταύτην.
663 3612 805 3679 “pb;
846 3613 954 3682 γὰρ
987 3611 1048 3664 τὺ
1076 3611 1375 3682 παράδοξον
1411 3612 1510 3682 τῆς
1563 3612 1732 3678 ἀκοῆς
1783 3609 1976 3678 συχνόν

405 3720 527 3755 τινα
554 3703 746 3772 χρόνον
767 3704 1013 3765 κάκεῖνος
1041 3704 1374 3774 ἐθορυϐεῖτο,
1394 3701 1564 3756 κακὴν
1590 3701 1778 3755 οἰωνὸν
1798 3700 1974 3770 ἐαυτῷ

408 3795 756 3865 λογιζόμενος
779 3794 958 3852 τοῦτο.
991 3795 1200 3848 Ἐπειτ’
1230 3797 1287 3849 ἐν
1306 3798 1367 3850 οὐ
1398 3796 1593 3866 μακρῷ
1613 3795 1690 3865 τῷ
1718 3795 1894 3865 χρόνῳ
1916 3793 1979 3846 τὸ

411 3890 579 3947 πέρας
617 3882 723 3939 εἶδε
758 3887 848 3940 τὸν
876 3887 1062 3940 οἰωνὸν
1105 3888 1246 3942 κατὰ
1275 3888 1371 3956 τῆς
1405 3887 1568 3940 αὐτοῦ
1604 3887 1848 3956 κεφαλῆς
1881 3887 1978 3939 ὲκ·-

410 3976 852 4042 τοξ;ύσαντα,ὅτε
873 3978 1250 4050 πορθουμένην
1270 3978 1367 4049 τὴν
1390 3978 1746 4048 μεγαλόπολιν
1766 3977 1979 4049 ὲὼρακσ

412 4071 616 4138 ταύτην
637 4070 1060 4140 ὑπὸῬωμαίων.
1075 4091 1092 4124 ι
1115 4070 1202 4144 [Ρ.
1220 4071 1420 4144 1881⁸0
1439 4072 1494 4126 δι
1521 4072 1810 4140 λογοθὲτης
1827 4073 1979 4126 οὐδὲν

411 4161 546 4228 ἔχων
564 4180 597 4211 τι
610 4162 700 4230 ρος
717 4162 883 4215 ταῦτα
899 4165 1314 4232 ἀπεκρινασθαι,
1326 4182 1343 4214 ι
1359 4164 1569 4227 ¹Ἄπιθι,
1584 4183 1602 4216 ι
1615 4163 1716 4233 ἔφη
1737 4164 1874 4234 πρὸς
1891 4164 1979 4217 τὸν

2080 3245 2251 3301 nostri
2309 3247 2470 3300 nobis
2531 3246 2909 3308 tradiderunt,
2951 3262 3130 3316 equus
3170 3245 3271 3300 iste
3314 3246 3448 3300 alias
3477 3245 3645 3300 etiam

2077 3337 2144 3392 ad
2178 3337 2432 3392 eumdem
2468 3337 2687 3390 modum
2719 3335 2918 3390 hinniit
2940 3375 2954 3398 ,
2987 3351 3112 3390 cum
3150 3337 3449 3404 imperator
3492 3346 3647 3404 pater

2078 3445 2235 3484 meus
2292 3429 2561 3482 Balduino
2615 3428 2940 3482 Latinorum
2971 3427 3130 3496 305
3162 3427 3396 3497 principi
3450 3427 3644 3481 urbem

2077 3523 2222 3577 hanc
2250 3520 2851 3592 magniﬁcentissimam
2897 3529 3190 3590 erepturus
3229 3527 3396 3574 esset.
3436 3517 3648 3588 Quippe

2076 3625 2132 3670 et
2162 3615 2256 3670 ille
2290 3615 2368 3669 rei
2412 3614 2612 3668 audita:
2656 3612 2947 3668 insolentia
2990 3612 3310 3682 aliquandiu
3357 3612 3648 3682 perculsus

2080 3706 2378 3778 trepidavit
2405 3744 2421 3770 ,
2455 3704 2742 3761 sinistrum
2795 3704 2928 3758 illud
2981 3719 3147 3759 omen
3191 3719 3313 3759 esse
3357 3703 3644 3774 cogitans:

2079 3814 2186 3856 nec
2244 3799 2416 3853 multo
2478 3807 2604 3868 post
2654 3796 2709 3850 in
2761 3804 2926 3866 caput
2974 3811 3134 3853 suum
3185 3793 3387 3850 ell‘usas
3429 3793 3646 3866 augurii

2079 3891 2258 3947 minas
2278 3891 2398 3960 ipso
2421 3898 2624 3945 eventu
2651 3898 2912 3957 expertus
2935 3900 3053 3952 est,
3083 3903 3205 3943 cum
3230 3885 3477 3942 eamdem
3505 3885 3649 3940 hanc
3702 3949 3711 3962 I

2077 3984 2392 4056 prazclaram
2423 3981 2616 4037 urbem
2648 3996 2678 4035 a
2711 3980 2971 4035 Romanis
2997 3978 3200 4034 vastari
3228 3978 3382 4036 vidit.
3411 3996 3430 4029 ι
3461 3976 3640 4046 Logo—
3698 3969 3722 4008 ‘-

2082 4074 2231 4127 theta
2264 4071 2522 4142 quoniam
2556 4071 2624 4127 ad
2659 4071 2774 4125 hazc
2803 4070 2934 4140 quid
2971 4069 3334 4140 responderet
3389 4085 3493 4123 non
3544 4069 3648 4122 ha-

2088 4164 2273 4228 bebat,
2320 4181 2338 4216 ι
2366 4162 2468 4217 Abi
2493 4177 2672 4228 nunc,
2709 4181 2728 4214 ι
2771 4162 2980 4215 homini
3030 4161 3111 4216 illi
3136 4160 3306 4226 dixit,
3345 4180 3361 4211 ι
3397 4159 3648 4215 crastina

414 4254 721 4322 ἄιορωπον,
761 4273 778 4305 ι
814 4253 871 4307 ἕν
899 4271 962 4322 γε
999 4255 1075 4326 τῷ
1099 4256 1348 4324 παρόντι.
1383 4255 1524 4323 Ἐγὼ
1548 4255 1592 4306 δ’
1615 4257 1669 4318 ἐς
1695 4256 1794 4327 τὴν
1823 4255 1973 4308 ὑστε-

2080 4257 2169 4311 die
2224 4257 2442 4326 egomet
2494 4269 2679 4308 meum
2732 4269 3054 4324 responsum
3104 4252 3418 4322 imperatori
3468 4252 3650 4322 perfe-

412 4347 570 4412 ραίαν
599 4345 693 4406 τὰς
721 4346 962 4414 ἐμαυτοῦ
999 4345 1212 4416 κομίσω
1239 4345 1314 4414 τῷ
1347 4343 1558 4414 βασιλεῖ
1581 4346 1918 4413 ἀποκρίσεις.
1952 4363 1971 4396 ι

2082 4362 2220 4401 ram.
2254 4365 2274 4398 ι
2307 4345 2452 4412 Quin
2504 4357 2561 4400 et
2624 4344 2878 4399 columna
2919 4354 3046 4399 ante
3093 4344 3414 4399 orientalem
3465 4357 3648 4398 arcem

421 4434 582 4488 Ἀλλὰ
628 4437 724 4488 καὶ
768 4439 796 4488 6
834 4438 963 4508 περὶ
1007 4437 1108 4510 τὴν
1153 4437 1297 4507 ἐῴαν
1348 4437 1638 4506 ἀκρόπολιν
1693 4436 1973 4504 ἱστάμενος

2082 4450 2294 4500 erecta.
2326 4440 2382 4492 in
2409 4453 2516 4507 qua
2541 4437 2830 4508 Byzantis,
2863 4437 3012 4490 illius
3047 4450 3245 4504 nempe
3287 4436 3381 4504 qui
3432 4433 3645 4504 Byzan-

411 4528 564 4593 κίων,
599 4530 658 4582 ἐν
688 4523 732 4598 ᾧ
757 4529 912 4598 λόγος
942 4531 1034 4584 τὶν
1057 4529 1150 4582 τοῦ
1186 4528 1453 4594 Βύζαντος
1481 4530 1592 4600 (6‘2)
1633 4528 1800 4582 πάλαι
1849 4546 1973 4580 στα-

2083 4535 2217 4586 tium
2252 4530 2532 4596 condidit,
2561 4538 2796 4584 statuam
2832 4529 2960 4582 olim
2997 4528 3231 4597 positam
3274 4526 3448 4580 fuisse
3498 4525 3646 4580 fama

409 4621 569 4692 θῆναι
608 4621 704 4676 τοῦ
741 4623 1032 4684 κτίσαντας
1082 4623 1142 4676 τὸ
1189 4621 1481 4686 Βυζάντιον
1520 4623 1830 4694 ἀνδριάντα,
1869 4623 1973 4692 πρὸ

2083 4633 2199 4689 est,
2231 4634 2356 4678 ante
2385 4624 2588 4678 multos
2615 4622 2730 4677 dies
2777 4631 2832 4676 et
2884 4623 2996 4691 ipsa
3047 4620 3385 4675 commoveri
3436 4620 3643 4688 erepit:

412 4713 620 4766 πολλῶν
653 4713 748 4767 καὶ
783 4713 942 4777 αὐτὸς
985 4713 1190 4783 ήρξατο
1233 4712 1472 4766 σείεσθαι
1508 4713 1730 4783 ἡμερῶν
1765 4715 1858 4766 καὶ
1887 4715 1973 4768 ἐπὶ

2086 4733 2206 4786 quia
2241 4715 2465 4785 agitatio
2497 4730 2596 4784 per
2626 4713 2746 4769 dies
2781 4713 3090 4782 complures
3135 4710 3428 4764 manifesta
3469 4711 3646 4766 exsti-

411 4807 628 4868 πολλαῖς
665 4806 707 4859 δ’
736 4806 994 4876 ἐμφανῶς
1042 4805 1243 4859 ἐσείετο
1289 4807 1408 4869 ταῖς
1449 4807 1704 4877 ἡμέραις,
1761 4807 1977 4860 πάντων

412 4897 810 4968 συντρεχόντων
843 4896 936 4949 καὶ
970 4895 1281 4963 θεωμένων.

444 5038 447 5042 .
481 4991 555 5042 Δ’.
596 4987 752 5040 Ἐπεὶ
785 4986 830 5040 δ’
857 4988 913 5050 ἐς
958 4989 1055 5054 τὴν
1106 4987 1399 5064 ὑστεραίαν
1455 4989 1482 5040 6
1536 4989 1710 5057 μέγας
1745 4988 1974 5057 ἀφίκετο

410 5079 702 5150 λογοθέτης
736 5079 870 5149 πρὸς
909 5080 1000 5132 τὸν
1060 5082 1308 5150 βασιλέα,
1340 5081 1476 5136 ἄττα
1507 5081 1606 5151 μὲν
1639 5083 1794 5134 αὐτοὶ
1831 5084 1972 5135 κατά

413 5170 574 5237 μόνας
606 5171 1090 5237 ἐκοινολογήσαντο
1138 5171 1270 5236 πρὸς
1312 5171 1571 5240 ἀλλήλους
1604 5172 1724 5224 τότε
1760 5171 1858 5240 μὲν
1886 5171 1978 5223 οῦ·-

412 5261 518 5324 ὃεὶς
570 5261 712 5329 ἔγνω
759 5265 868 5312 τῶν
910 5264 1161 5314 πάντων·
1201 5266 1262 5314 ἐκ
1319 5265 1562 5332 σημείων
1605 5264 1786 5332 μέντοι
1815 5261 1978 5315 τινῶν

413 5355 769 5423 στοχάζεσθαι
797 5355 927 5422 ἡμῖν
961 5354 1238 5420 ἐξεγένετο
1266 5354 1510 5423 ὕστερον,
1543 5359 1615 5416 ὡς
1645 5353 1824 5422 βιῦλία
1859 5356 1979 5407 τινὰ

2083 4811 2176 4873 tit,
2213 4807 2470 4863 omnibus
2498 4805 2568 4860 ad
2601 4805 2975 4876 spectaculum
3006 4801 3490 4857 concurrentibus.

2153 4985 2238 5040 ιν.
2279 4984 2585 5047 Postridie,
2627 4998 2750 5038 cum
2794 4997 3027 5052 magnus
3066 4981 3368 5052 Logotheta
3417 4980 3483 5034 ad
3544 4979 3648 5034 im-

2076 5088 2385 5150 peratorein
2425 5078 2703 5140 venisset,
2763 5087 2876 5129 tum
2927 5075 3150 5144 quidem
3200 5075 3332 5144 quid
3391 5073 3648 5144 privatim

2078 5171 2224 5225 inter
2258 5186 2316 5224 se
2347 5169 2609 5224 collocuti
2645 5169 2888 5230 iuerint,
2937 5183 3099 5222 nemo
3147 5166 3392 5221 omnium
3445 5167 3645 5220 scivit:

2078 5273 2202 5332 post
2231 5271 2411 5316 tamen
2449 5278 2518 5316 ex
2561 5262 2781 5316 indiciis
2807 5261 3139 5329 quibusdam
3175 5259 3454 5327 conjicere
3486 5257 3650 5311 nobis

2079 5356 2275 5421 licuit,
2315 5370 2412 5410 cos
2446 5355 2671 5410 fatidica
2701 5356 2950 5426 quadam
2985 5353 3262 5408 volumina
3304 5351 3602 5420 inspexisse
3629 5390 3646 5416 ,

1751 5472 2080 5533 Variorum
2114 5481 2304 5533 notae.

477 5586 588 5658 (60)
621 5586 830 5658 Quibus
875 5587 1106 5640 vocibus
1156 5586 1384 5656 intciligi
1430 5586 1600 5658 aedem
1634 5587 1975 5658 liodcgctria:

405 5656 650 5725 Deiparae
675 5697 688 5721 ,
722 5657 977 5726 colligere
1005 5658 1184 5726 quivis
1232 5669 1410 5724 potest
1437 5674 1504 5712 ex
1537 5657 1602 5712 iis
1634 5675 1756 5726 qua:
1784 5656 1970 5714 Obser-

407 5743 594 5850 Bamus
621 5728 677 5778 in
703 5726 1085 5797 Constantinop
1133 5728 1328 5781 Christ.
1348 5729 1443 5782 lib.
1467 5739 1693 5796 tv,sect.
1712 5729 1765 5793 ‘2,
1795 5746 1850 5783 ιι.
1873 5731 1964 5784 i4.

454 5812 637 5852 vetuo.

2161 5588 2270 5657 (6|)
2307 5589 2377 5660 De
2407 5588 2614 5660 pictore
2661 5589 2752 5643 illo
2797 5587 3247 5660 prmstantissnmo
3281 5601 3442 5640 nemo
3469 5583 3649 5650 alius,

2071 5674 2233 5728 quem
2262 5659 2452 5712 sciam.
2489 5659 2690 5714 Bon'uv.

2144 5730 2256 5799 (62)
2288 5729 2417 5782 Vide
2443 5728 2847 5798 Constantinop.
2867 5730 3063 5784 Christ.
3093 5727 3146 5781 in
3171 5725 3412 5797 Byzantii
3439 5721 3644 5795 origin.

2071 5815 2128 5854 n.
2168 5801 2249 5860 15,
2283 5815 2339 5867 p.
2376 5801 2458 5853 l7.
2499 5801 2731 5855 Ducaxc.
