3906 6618
368 429 478 495 483
619 418 698 494 [Α.
740 433 798 476 u.
835 415 966 474 6791
1013 432 1080 471 an
1116 412 1279 488 6856]

1527 412 1953 477 NICEPHORI
1994 407 2382 474 GBEGORE

2539 426 2556 443 ι
2658 399 2795 472 [tum
2838 408 3122 452 ANDRO‘SIC.
3186 407 3328 462 seu...
3486 401 3572 466 μί

368 548 580 619 quibus
606 545 804 600 lutum
835 556 921 596 res
954 540 1166 595 incerto
1203 546 1432 593 auctore
1471 537 1709 591 obscure
1743 543 1799 589 et
1837 547 1936 603 per

2041 523 2453 599 χρησμολογικὰ
2480 520 2601 607 ¹(6⁸5)
2634 514 2953 582 ἐθεάσαντο,
2984 516 3041 569 ἐν
3077 510 3307 619 olis-tv;
3337 512 3434 567 τῶν
3465 518 3573 604 ειεῇ

369 637 628 705 ambages
659 638 1069 703 exponerentur
1101 647 1114 684 :
1147 628 1344 683 deinde
1391 626 1563 698 ﬁgura
1611 624 1938 694 astrologica

370 725 679 786 delineata,
710 737 817 791 qua
849 728 1128 775 astrorum
1170 733 1368 773 cursus
1404 717 1667 787 indagare
1702 724 1759 770 et
1800 728 1939 783 pra:-

370 816 650 872 notionem
678 814 989 868 futurorum
1018 809 1276 881 colligere
1302 809 1555 864 homines
1580 807 1794 871 solent,
1837 804 1939 858 ho-

370 910 537 965 stium
558 907 854 961 adventum
883 910 938 960 et
961 903 1277 972 reipublica:
1299 900 1674 957 confusionem
1702 897 1940 952 futuram

371 1007 671 1069 auguratus
701 1011 823 1090 esse
847 1037 862 1061 ,
894 1004 949 1050 et
986 986 1384 1064 qualecumque
1420 989 1755 1061 imperatorii
1792 990 1943 1059 prin-

366 1091 581 1160 cipatus
617 1082 943 1144 discrimen.
992 1087 1183 1157 Neque
1221 1087 1367 1141 enim
1424 1082 1941 1137 animadvertebant

367 1182 760 1253 imperatorem
800 1180 1179 1236 Andronicum
1208 1167 1372 1248 306
1400 1176 1679 1247 juniorem
1722 1175 1774 1228 id
1814 1184 1938 1229 esse

364 1274 643 1331 facturum
668 1313 683 1337 .
724 1274 833 1329 Deo
863 1272 1123 1328 videlicet
1155 1270 1526 1326 ineﬁ‘abilibus
1577 1268 1754 1323 modis
1807 1268 1934 1321 talia

366 1367 697 1424 occultante.
750 1364 907 1420 Unde
954 1378 1282 1435 magnopere
1322 1362 1500 1416 territi
1544 1371 1600 1416 et
1636 1358 1939 1430 perturbati

342 1462 525 1517 ‘sunt.
580 1458 716 1514 Nam
753 1457 1060 1528 Logotheta
1099 1470 1131 1510 e
1168 1454 1372 1524 palatio
1411 1455 1610 1525 plenus
1643 1454 1940 1525 cogitatio-

367 1565 501 1605 num
531 1551 756 1606 domum
785 1563 1041 1606 reversus
1066 1549 1228 1615 longo
1256 1557 1502 1617 tempore
1533 1548 1735 1603 tacitus
1772 1547 1936 1614 sedit,

367 1643 576 1698 nemini
635 1642 806 1697 ullum
850 1641 1083 1696 verbum
1130 1640 1405 1709 loquens,
1460 1638 1556 1694 sed
1608 1638 1941 1708 multiplices

343 1740 532 1787 ’curas
554 1731 787 1786 subinde
813 1730 999 1784 animo
1024 1730 1271 1795 volvens,
1312 1730 1365 1783 in
1391 1730 1561 1784 futuri
1586 1730 1939 1785 meditatione

371 1832 541 1889 totus,
598 1825 757 1895 plane
789 1823 986 1878 similis
1017 1829 1173 1877 muto
1205 1830 1263 1877 et
1293 1820 1485 1887 surdo,
1510 1835 1611 1876 nec
1638 1820 1934 1890 quidquam

2039 610 2244 676 ἰόντων
2299 604 2531 686 ἀσαφῶς
2566 622 2625 667 τε
2684 611 2780 666 καῖ
2831 604 3246 677 αἰνιγματωδῶς
3296 606 3417 674 παρ’
3459 607 3576 661 ὅτων

2038 710 2238 784 δήποτε
2283 706 2661 777 ἐξετέθησαν⁴
2696 704 2790 757 καὶ
2841 700 2935 754 ἐπὶ
2985 699 3193 759 τούτοις
3243 695 3482 766 θεμάτιον
3504 700 3579 765 ἐξ·
3663 695 3666 699 ’

2039 804 2243 867 έθεντο,
2273 799 2341 855 δι’
2376 799 2413 853 ὃς
2438 800 2547 852 τῶν
2579 797 2821 865 ἀστέρων
2856 794 2982 854 τοὺς
3034 789 3268 859 δρόμους
3317 790 3581 858 ἐρευνῶσιν

2040 899 2322 968 ἄνθρωποι
2357 895 2454 948 καὶ
2496 891 2800 985 μελψντων
2853 884 3205 958 κερδαίνουσι
3260 883 3579 951 πρόγνωσινο

2038 984 2099 1073 ἑξ
2136 982 2210 1045 ὧν
2240 988 2498 1058 ἐχθρικήν
2548 972 2671 1036 τινα
2721 972 2909 1049 ἔφοδον
2971 976 3342 1045 ἐτεκμήραντο
3375 976 3462 1025 καὶ
3491 974 3584 1028 τῶν

2040 1066 2239 1138 οιοινῶν
2286 1076 2632 1151 πραγμάτων
2664 1074 2916 1128 κυκεῶνα
2960 1071 3055 1123 καὶ
3086 1066 3334 1136 ὁποιονδή
3363 1070 3473 1119 τινα
3501 1071 3584 1138 τῆς

2048 1178 2339 1249 βασιλικῆς
2392 1170 2691 1243 ἡγεμονίας
2762 1166 3030 1220 κίνδυνον.
3084 1162 3161 1215 Οὐ
3213 1164 3321 1230 γὰρ
3373 1161 3585 1229 συνῆκαν

2040 1269 2116 1332 ὡς
2164 1269 2191 1320 ὁ
2250 1266 2502 1337 βασιλεὺς
2557 1263 2585 1314 ὁ
2632 1261 2754 1323 νέος
2792 1255 3136 1327 Ἀνδρόνικός
3171 1254 3319 1306 ἐστιν
3363 1252 3389 1304 ὁ
3436 1251 3586 1306 ταῦτα

2042 1362 2307 1430 ποιήσων,
2380 1356 2475 1410 τοῦ
2529 1350 2668 1409 Θεοῦ
2721 1352 2791 1405 τὰ
2834 1348 3063 1403 τοιαῦτα
3096 1344 3319 1414 τρόποις
3352 1345 3586 1414 ἀρρήτοις

2042 1452 2508 1523 συγκρύπτοντος.
2558 1449 2724 1504 Ὅθεν
2791 1443 2961 1499 πολὺν
3005 1439 3395 1510 ἐκαρπώσαντο
3444 1438 3586 1507 φόϐον

2039 1544 2135 1597 καὶ
2178 1541 2410 1615 θόρυϐον
2459 1540 2763 1611 λογισμῶν.
2805 1534 2867 1591 Ὀ
2916 1534 3026 1604 γὰρ
3079 1531 3368 1601 λογοθέτης
3414 1531 3586 1599 μεστὸς

2040 1634 2259 1690 ἐννοιῶν
2303 1636 2368 1687 ἐκ
2422 1634 2534 1687 τῶν
2596 1628 2887 1702 βασιλείων
2939 1625 3122 1680 οἴκαδε
3171 1621 3342 1675 ἐλθὼν
3379 1620 3589 1690 ἐκάθητο

2041 1729 2272 1782 ἐπιπολῦ
2326 1726 2550 1781 σιωπῶν
2586 1724 2682 1779 καὶ
2725 1722 2847 1793 μηδ’
2873 1722 3013 1784 ὅλως
3059 1717 3229 1791 μηδὲν
3260 1715 3392 1786 πρὸς
3419 1716 3588 1769 οὐδένα

2040 1820 2438 1889 φθιγγόμενο;’
2472 1808 2610 1873 ἀλλὰ
2649 1816 2897 1888 στρέφων
2920 1808 3219 1882 λογισμοὺς
3244 1807 3333 1862 ἀεὶ
3358 1808 3477 1875 περὶ
3507 1808 3589 1862 τὸν

370 1916 632 1972 sentienti
656 1931 846 1971 eorum
871 1930 992 1985 quae
1011 1930 1198 1971 coram
1233 1914 1353 1983 ipso
1383 1919 1741 1984 gererentur:
1774 1911 1936 1979 idque

2041 1912 2166 1967 νοῦν
2194 1913 2421 1981 συχνοὺς
2473 1911 2565 1963 καὶ
2597 1911 2705 1983 τῶν
2736 1907 3045 1979 μελλόντων
3079 1903 3313 1973 πλήρεις
3345 1898 3503 1970 κωφῷ
3536 1916 3588 1954 τε

372 2025 542 2065 uxore
573 2025 696 2064 eum
734 2009 844 2064 ﬁlia
883 2009 1352 2081 panypersebasta
1398 2016 1456 2063 et
1500 2006 1629 2061 ﬁliis
1671 2005 1740 2061 de
1787 2019 1936 2060 more

2041 2006 2133 2060 καὶ
2194 2005 2361 2076 μηδὲν
2426 2002 2812 2072 αἰσθανομένῳ
2869 1998 2980 2054 τῶν
3023 1997 3313 2069 παρόντων
3372 1994 3589 2063 ἀτεχνῶς

370 2101 742 2158 assldentibus
775 2110 834 2157 et
867 2102 1103 2157 hilarem
1138 2116 1202 2156 ac
1231 2098 1535 2172 jucundam
1568 2085 1818 2166 aliquam
1841 2110 1936 2149 vo-

2041 2098 2227 2169 ἐῴκει·
2275 2098 2370 2151 καὶ
2413 2096 2588 2149 ταῦτα
2621 2095 2720 2164 τῆς
2762 2093 2999 2161 συζύγου
3043 2089 3185 2163 μετὰ
3209 2088 3306 2157 τῆς
3341 2086 3589 2157 θυγατρὸς

372 2210 490 2249 cem
531 2194 600 2248 ab
638 2209 705 2249 eo
736 2195 1206 2263 exspectantibus.
1270 2190 1515 2245 Tandem
1552 2199 1740 2244 coacta
1784 2198 1936 2252 uxor,

2041 2190 2572 2261 πανυπερσεόἀστης
2616 2187 2710 2239 κα)⁵
2751 2174 2859 2238 τῶν
2890 2184 3077 2264 ὐἱέων
3133 2178 3590 2250 παρακαθημένων

372 2287 491 2357 ipsa
522 2286 742 2355 quidem
775 2261 967 2355 parum
1002 2292 1198 2341 natura
1233 2298 1330 2337 sua
1359 2282 1623 2350 eloquens
1646 2321 1658 2341 ,
1701 2280 1820 2333 ﬁlia}:
1851 2294 1936 2348 pa-

2043 2279 2185 2334 κατὰ
2218 2281 2277 2332 τὸ
2309 2279 2500 2342 εἰωθὸς
2542 2279 2638 2331 καὶ
2673 2275 2865 2347 ἱλαράν
2909 2261 3030 2326 τινα
3066 2261 3160 2325 καὶ
3204 2261 3483 2340 μειδιῶσαν
3515 2271 3592 2320 ἐκ·

374 2378 778 2448 nypersebastte
808 2377 1025 2442 innuit,
1063 2387 1123 2430 ut
1154 2390 1253 2446 pro
1287 2390 1345 2430 re
1373 2389 1437 2428 ac
1467 2382 1711 2442 tempore
1739 2370 1936 2440 aliquid

2045 2372 2354 2442 δεχομένων
2375 2371 2629 2439 γλῶσσαν
2657 2368 2980 2438 ἀκηκοέναι.
3005 2365 3133 2433 Ὀψὲ
3148 2364 3192 2417 δ’
3213 2361 3593 2431 ἁναγκασθεῐσα

371 2470 667 2540 opportuni
702 2471 1043 2540 loqueretur.
1079 2468 1216 2523 Nam
1248 2474 1371 2521 erat
1404 2466 1494 2519 illa
1530 2463 1754 2533 quidem
1781 2462 1936 2531 juve-

2041 2466 2072 2536 ὴ
2095 2464 2343 2532 σύζυγος,
2363 2463 2501 2533 αὐτὴ
2531 2462 2630 2533 μὲν
2648 2461 2861 2529 ἀφελῶς
2887 2460 2989 2513 ὑπὸ
3014 2457 3231 2527 φύσεως
3262 2455 3450 2526 ἔχουσα
3471 2452 3591 2522 πρὸς

371 2562 459 2617 nis
490 2570 650 2616 :etate
674 2601 690 2627 ,
724 2561 821 2616 sed
851 2560 1231 2630 peringeniosa
1261 2576 1274 2623 ;
1315 2566 1370 2611 et
1408 2569 1529 2634 eam
1576 2553 1794 2608 dicendi
1828 2554 1936 2607 vim

2041 2559 2099 2612 τὸ
2124 2560 2325 2628 λέγειν,
2361 2557 2604 2611 διένευσε
2635 2555 2873 2626 πρὸςτὴν
2901 2552 3181 2622 θυγατέρα
3211 2553 3312 2620 τὴν
3343 2565 3595 2615 πανυπερο

373 2667 403 2705 a
437 2662 634 2706 natura
668 2661 993 2720 acceperat,
1025 2666 1147 2719 qum
1181 2651 1356 2718 ipsam
1398 2663 1506 2702 non
1556 2647 1727 2716 magis
1775 2662 1936 2717 quam

2045 2650 2341 2721 σεὸἁστην,
2401 2649 2735 2717 φθέγξασθαί
2787 2664 2840 2700 τι
2890 2644 2955 2716 τῇ
2993 2646 3155 2716 χρείᾳ
3184 2644 3281 2696 καὶ
3322 2642 3394 2712 τῷ
3434 2639 3592 2710 καιρῷ

374 2742 654 2799 Platonem
683 2750 778 2796 aut
809 2741 1200 2812 Pythagoram,
1248 2748 1344 2793 aut
1377 2737 1647 2809 ejusmodi
1681 2738 1827 2793 viros
1859 2753 1936 2793 sa-

2042 2741 2375 2811 πρόσφορον.
2394 2734 2505 2794 Ἦν
2536 2741 2644 2808 γὰρ
2675 2738 2818 2808 αὕτη
2845 2738 3115 2801 νεάζουσα
3140 2734 3256 2804 (64)
3291 2735 3386 2802 μὲν
3417 2732 3478 2784 τὰ
3507 2732 3592 2798 τῆς

373 2834 594 2904 pientes
616 2833 857 2888 deceret.
883 2833 1022 2886 Tum
1050 2841 1232 2886 autem
1264 2829 1442 2886 oculis
1469 2829 1815 2886 hiscentibus
1845 2845 1936 2901 pa-

2041 2832 2280 2903 ἡλικίας,
2315 2831 2427 2884 ἀλλ’
2476 2830 2569 2884 οὖν
2618 2833 2709 2883 ἐπὶ
2747 2830 2888 2899 μέγα
2946 2830 3224 2891 συνέσεως
3273 2825 3477 2897 ἥκουσα
3514 2823 3595 2875 καὶ

374 2934 512 2981 trem
532 2924 750 2980 intuens
777 2925 857 2979 sic
886 2939 1079 2978 exorsa
1106 2933 1190 2978 est
1214 2941 1227 2976 :
1393 2974 1402 2981 .

2041 2926 2290 2996 γλῶτταν
2321 2926 2474 2997 παρὰ
2523 2928 2621 2993 τῆς
2648 2923 2894 2993 φύσεως
2941 2923 3295 2991 εὐτυχήσασα
3329 2918 3425 2971 οὐκ
3472 2916 3592 2983 αὐτῇ

374 3017 576 3088 μᾶλλον
627 3017 659 3087 ἢ
697 3016 991 3087 Πυθαγόρᾳ
1035 3016 1132 3070 καὶ
1191 3016 1440 3070 Πλάτωνι
1487 3017 1582 3071 καὶ
1621 3016 1731 3071 τῶν
1798 3015 1978 3086 σοφῶν
2016 3020 2130 3083 τοῖς
2167 3016 2433 3082 τοιούτοις
2487 3017 2635 3087 μάλα
2680 3016 3084 3086 προσήκουσαν.
3128 3013 3198 3064 Ἦ
3278 3012 3342 3082 δὴ
3383 3012 3470 3065 καὶ
3499 3010 3597 3061 διὰ-

371 3130 514 3187 ρασα
589 3112 724 3181 πρὸς
790 3112 881 3165 τὸν
927 3112 1139 3182 πατέρα
1204 3113 1332 3175 τοὺς
1414 3112 1727 3183 ὀφθαλμοὺς
1785 3111 1936 3177 ἔλεξε
1972 3114 2191 3169 τοιάδε·

447 3205 512 3263 ν.
553 3225 573 3259 ι
599 3207 1075 3283 Αυὸαοίεεοίοτειιιι
1112 3216 1167 3261 et
1204 3205 1532 3261 temeritatis
1559 3221 1788 3262 summae
1818 3222 1936 3263 esse

2115 3207 2190 3263 E'.
2222 3227 2243 3262 ι
2275 3196 2564 3278 Τολμηρὸν
2614 3206 2716 3278 μὲν
2750 3207 2884 3271 ἴσως
2914 3204 3009 3259 καὶ
3042 3205 3377 3276 προπετείας
3412 3204 3594 3269 δόξειεν

372 3298 649 3365 videatur,
670 3315 703 3354 o
727 3310 904 3370 pater,
925 3316 1013 3353 me
1036 3298 1200 3352 ﬁliam
1219 3297 1679 3353 adolescentulam
1710 3297 1939 3363 liberius

367 3390 512 3462 apud
544 3399 598 3445 te
643 3390 935 3460 proloqui,
984 3399 1040 3444 et
1082 3404 1237 3451 eam,
1285 3390 1444 3461 cujus
1486 3389 1670 3460 lingua
1719 3389 1939 3451 alumna

369 3483 443 3547 sit
473 3483 796 3552 imperitia},
838 3481 1028 3536 oculos
1071 3481 1358 3535 intendere
1410 3482 1615 3536 audere
1660 3480 1931 3536 adversus

366 3574 692 3631 altissimam
722 3573 1009 3654 sapientiae
1054 3587 1261 3626 arcem.
1314 3572 1423 3628 Sed
1478 3587 1603 3627 cum
1656 3583 1712 3628 et
1761 3580 1940 3627 mater

368 3667 646 3732 hortetur,
692 3675 750 3721 et
787 3673 1002 3735 tempus
1045 3679 1239 3735 resque
1283 3665 1399 3736 ipsa
1442 3667 1711 3736 postulet,
1757 3664 1937 3720 dicam

369 3768 431 3815 ut
459 3766 676 3830 potero.
731 3756 1004 3825 Quianam
1024 3796 1042 3824 ,
1084 3758 1489 3827 sapientissime
1521 3758 1764 3811 omnium
1794 3772 1939 3812 mor-

368 3852 596 3916 talium,
627 3861 737 3906 tam
786 3851 841 3905 iu
869 3851 1073 3905 tacitus
1098 3850 1280 3915 sedes,
1310 3858 1577 3919 tuumque
1616 3848 1790 3919 ipsius
1820 3830 1939 3923 ungi-

371 3958 521 3997 mum
549 3941 842 3997 excrucias
868 3952 924 3997 et
953 3956 1192 3996 maerore
1221 3940 1485 3996 conﬁcis:
1521 3955 1624 3995 nec
1662 3949 1820 3998 tuam
1844 3955 1942 3994 no-

368 4035 459 4090 bis
492 4044 733 4090 mentem
765 4034 1174 4097 eommunicas,
1208 4043 1268 4089 ut
1301 4033 1464 4089 istius
1506 4032 1667 4103 307
1703 4033 1940 4089 tristitiae

368 4136 529 4196 parte
589 4126 642 4181 iu
696 4141 801 4181 nos
850 4134 1074 4194 recepta
1116 4124 1325 4181 doloris
1380 4140 1604 4180 sensum
1653 4125 1940 4180 levemus?

370 4219 507 4275 Nam
536 4228 590 4273 et
621 4218 964 4288 perturbatio
990 4218 1176 4272 vultus
1207 4209 1322 4282 tui,
1352 4224 1408 4271 et
1438 4215 1637 4287 lingua:
1659 4215 1941 4272 silentium

366 4312 507 4371 satis
538 4310 866 4376 declarant,
898 4326 1064 4379 quam
1093 4310 1390 4365 vehemens
1422 4309 1494 4362 sit
1524 4309 1694 4364 animi
1725 4309 1801 4364 tui
1839 4310 1940 4364 do-

280 4434 285 4437 η
370 4402 479 4466 lor,
528 4403 622 4471 qui
672 4403 926 4456 intimum
977 4416 1075 4456 cor
1105 4402 1256 4456 velut
1297 4416 1479 4455 arcem
1510 4402 1798 4472 quamdam
1848 4413 1941 4455 aut

370 4493 558 4563 potius
585 4494 736 4548 velut
780 4493 1020 4548 radicem
1048 4507 1113 4547 ac
1141 4492 1421 4547 vinculum
1461 4494 1712 4548 vitalium
1745 4495 1941 4549 animae

2039 3302 2105 3358 ἄν
2129 3318 2247 3367 πως
2290 3299 2507 3371 μεστὸν,
2554 3294 2600 3354 ὧ
2649 3300 2850 3369 πάτερ,
2890 3299 3168 3369 θυγατέρα
3209 3297 3493 3361 νεάζουσαι
3522 3286 3593 3349 ἔτι

2041 3393 2175 3465 πρὸς
2208 3394 2424 3464 πατέρα
2456 3391 2939 3467 παρρησιάζεσθαι
2974 3392 3075 3449 καὶ
3367 3391 3594 3457 svitiam.“

2040 3487 2295 3554 γλῶσσαν
2333 3486 2603 3552 ἁτενῖζειν
2632 3488 2767 3556 πρὸς
2808 3488 2901 3543 τὸν
2936 3487 3038 3558 τῆς
3070 3487 3268 3554 σοφίας
3305 3487 3597 3554 Ὀλυμπονς

2052 3577 2207 3631 Ἐπεὶ
2234 3576 2278 3630 δ’
2296 3578 2331 3649 ἦ
2360 3577 2446 3650 [Ρ.
2470 3579 2595 3651 189]
2622 3595 2681 3632 τε
2716 3579 2899 3649 μήτηρ
2919 3578 3221 3648 προτρέπει
3247 3579 3335 3629 καὶ
3364 3577 3493 3643 μετὰ
3515 3573 3595 3626 τοῦ

2043 3668 2371 3738 πράγματος
2392 3668 2421 3721 ὁ
2458 3667 3005 3739 καιρδςέπιτίθεται,
3029 3666 3340 3736 φθέγξομαι
3367 3665 3423 3717 τό
3448 3680 3504 3732 γε
3529 3665 3597 3725 εἰς

2041 3759 2274 3829 δύναμιν
2306 3755 2465 3832 ἧκον.
2491 3760 2610 3814 Ἷνα
2644 3761 2696 3812 τί
2734 3760 2845 3829 γὰρ
2871 3760 2965 3811 ἐπὶ
3004 3748 3260 3810 τδσοῦτον
3311 3755 3494 3824 σιγῶν,
3523 3772 3600 3807 σο-

2043 3853 2257 3923 φώτατε
2306 3853 2525 3907 πάντων
2557 3852 2884 3922 ἀνθρώπων,
2920 3852 3087 3920 ἀνέχῃ
3113 3852 3216 3920 μὲν
3248 3847 3597 3918 γνωσιμαχεῖν

2042 3949 2133 3999 ἐπὶ
2183 3947 2373 4015 σαυτῴ
2433 3946 2916 4016 καὶοκατατηκειν
2968 3944 3191 4005 σαυτὸν,
3239 3944 3510 3995 κοινωνεῖν
3556 3938 3595 3991 δ’

2039 4032 2174 4111 ἡμῖν
2205 4043 2306 4095 οὐκ
2361 4042 2563 4099 ἐθέλεις
2596 4041 2695 4109 τῆς
2744 4042 2994 4110 γνώμης,
3030 4039 3120 4091 ῐνα
3172 4037 3272 4091 καὶ
3309 4040 3407 4105 τῆς
3437 4036 3597 4104 λύττης

2042 4137 2202 4202 ἡμεῖς
2243 4152 2327 4187 σοι
2372 4136 2660 4200 γενόμεναι
2695 4134 2944 4184 κοινωνοὶ
2977 4131 3314 4201 κουφότερον
3342 4128 3598 4195 καταστή-

2044 4226 2221 4294 σωμέν
2260 4243 2341 4278 σοι
2362 4227 2421 4277 τὸ
2450 4225 2653 4288 τ.ἀθος;
2699 4224 2905 4293 Πολλὴν
2938 4225 3046 4291 γὰρ
3078 4224 3212 4290 ἡμῖν
3244 4224 3277 4291 ἡ
3309 4223 3412 4272 τῶν
3441 4220 3600 4288 ὖψεων

2045 4318 2306 4386 σύγχυσις
2342 4318 2434 4369 καὶ
2481 4318 2514 4384 ἡ
2556 4316 2656 4383 τῆς
2687 4316 2933 4385 γλώττης
2974 4315 3248 4382 ἀσφάλεια
3289 4313 3482 4381 μηνύει
3510 4326 3598 4362 σα·
3688 4317 3692 4322 ’

2043 4409 2158 4475 φῶς
2192 4408 2289 4476 τὴν
2340 4410 2395 4459 ἐν
2437 4411 2502 4477 τῇ
2555 4409 2699 4476 ψυχῇ
2735 4424 2827 4459 σου
2886 4409 2982 4475 τῆς
3014 4406 3191 4474 λύπης
3231 4403 3483 4474 ἁκμὴνῖῆ
3510 4402 3599 4470 τῆς

2045 4496 2269 4561 καρδίας
2302 4499 2689 4565 χειρωσαμένη
2741 4497 2809 4547 τὰ
2858 4494 3067 4563 καίρια,
3100 4494 3361 4562 καθάπερ
3383 4492 3601 4561 ἀκρόπο-

370 4586 698 4640 facultatum
748 4570 1192 4654 invasitgatque
1238 4584 1314 4639 ibi
1359 4586 1581 4655 penitus
1618 4586 1819 4641 inﬁxus
1851 4590 1936 4641 iu-

2044 4585 2126 4636 λιν
2159 4583 2190 4654 ἢ
2230 4583 2394 4654 ῥίζαν
2424 4585 2546 4635 τινὰ
2600 4585 2693 4636 καὶ
2733 4583 3026 4652 σύνδεσμον
3080 4584 3188 4636 τῶν
3229 4583 3475 4648 ζωτικὼν
3514 4581 3600 4648 τῆς

369 4679 516 4748 genii
549 4677 741 4732 ﬂorem
787 4678 1131 4746 depascitur,
1177 4676 1541 4751 cogitationes
1574 4678 1861 4732 confundit
1889 4686 1936 4732 et

2041 4676 2227 4746 ψυχῆς
2266 4675 2575 4745 δυνάμεων,
2607 4674 3289 4744 κάθηταιλάναπόσπαστα
3328 4673 3598 4727 ἐπιϐοσκο-

369 4770 694 4825 nobiliorem
721 4771 889 4823 animi
914 4778 1120 4839 partem
1148 4778 1432 4839 aggravat.
1457 4760 1527 4825 Ut
1547 4780 1731 4826 autem
1760 4771 1936 4835 oleum

2043 4769 2186 4838 μένη
2209 4767 2308 4837 τὴν
2336 4766 2489 4837 ὥραν
2517 4767 2624 4819 τῶν
2671 4766 2951 4836 λογισμῶν
3006 4768 3102 4820 καὶ
3154 4766 3484 4821 συνθο).οὖσα
3514 4766 3601 4825 τὰς

367 4870 424 4916 et
452 4876 578 4914 cera
606 4870 661 4914 et
693 4861 893 4927 stipula
930 4869 985 4913 et
1009 4859 1214 4913 frenum
1249 4857 1526 4911 ﬂammam
1557 4860 1749 4925 alunt,
1783 4861 1854 4912 ita
1887 4867 1943 4913 et

366 4949 649 5005 silentium
686 4950 948 5005 collectos
988 4948 1042 5001 in
1071 4949 1254 5001 animo
1284 4946 1493 5001 doloris
1526 4949 1680 5016 ignes
1706 4955 1931 5000 nactum

322 5042 652 5108 ,materiam
705 5040 865 5109 quasi
915 5040 1048 5108 ipsis
1100 5047 1154 5093 et
1204 5039 1541 5092 nutrimenta
1584 5037 1936 5107 suppeditat,

367 5150 473 5189 nec
514 5135 649 5189 sinit
679 5133 918 5187 oﬂ’usum
956 5130 1083 5186 inde
1114 5131 1283 5185 animi
1320 5131 1530 5184 fumum
1564 5146 1663 5200 per
1696 5131 1937 5200 linguam

368 5225 637 5280 exhalari.
673 5223 854 5291 Quare
892 5232 946 5277 tu
968 5262 983 5285 ,
1035 5236 1103 5276 ne
1134 5222 1363 5275 allectus
1393 5221 1497 5275 iste
1536 5232 1779 5291 tempore
1809 5236 1941 5276 con-

370 5318 620 5370 ﬁrmatus
686 5315 1119 5383 inexspectatqu
1176 5312 1436 5367 damnum
1494 5322 1775 5382 apportet,
1842 5328 1940 5382 per

371 5409 542 5464 Deum
596 5422 863 5476 exsurge,
912 5415 967 5459 et
1004 5404 1250 5458 animum
1300 5402 1510 5472 recipe.
1549 5402 1738 5474 Neque
1791 5406 1935 5458 enim

2046 4859 2335 4928 περιόδους
2371 4858 2554 4911 αὐτῶν
2586 4860 2679 4911 καὶ
2707 4858 2972 4930 ἐμϐριθὲς
3008 4858 3242 4912 ποιοῦσα
3269 4857 3328 4910 τὸ
3364 4861 3603 4927 ἡγεμονι-

2039 4948 2156 5001 κόν.
2194 4949 2405 5019 Ὠσπερ
2459 4948 2704 5005 δἐλαιον
2762 4955 2855 5003 καὶ
2910 4950 3082 5022 κηρὸς
3137 4952 3231 5004 καὶ
3271 4951 3489 5018 καλάμη
3518 4947 3601 5001 καὶ

2037 5042 2227 5111 χόρτος
2255 5042 2424 5110 πυρὸς
2448 5041 2716 5112 ἐπεφύκει
2750 5043 2950 5113 τροφὴ,
2978 5041 3120 5096 οὕτω
3146 5045 3243 5095 καὶ
3281 5045 3458 5112 σιωπή
3486 5038 3600 5109 περὶ

2037 5135 2135 5205 τὴν
2187 5134 2367 5204 ψυχὴν
2433 5134 2829 5207 ἠθροισμένους
2896 5137 3234 5207 εὑρίσκουσα
3290 5137 3389 5205 τῆς
3438 5135 3599 5199 λύπης

2039 5226 2164 5287 τοὺς
2223 5224 2505 5293 ἄνθρακας
2528 5264 2543 5290 ,
2592 5226 2848 5293 καθάπερ
2886 5225 3020 5296 ὕλην
3071 5228 3255 5287 αὐτοῖς
3289 5226 3383 5279 καὶ
3411 5222 3599 5294 τροφὴν

2039 5316 2239 5385 ἑαυτὴν
2298 5318 2550 5386 χορηγεῖ,
2586 5317 2811 5387 μηδαμῇ
2861 5317 2949 5370 διὰ
2986 5315 3235 5386 γλώττης
3270 5315 3467 5382 ἐξιέναι
3508 5329 3600 5364 πα·

2040 5405 2369 5479 ραχοιροῢσα
2440 5408 2532 5461 τὸν
2576 5409 2929 5476 ἐγγινόμε.ον
3007 5410 3220 5461 ἐκεῖθεν
3286 5407 3488 5461 καπνὸν
3536 5404 3596 5472 τῇ

1705 5524 2049 5585 -Υοινὶοτιιω
2096 5535 2283 5587 noue.

446 5644 556 5712 (63)
585 5641 830 5712 Quorum
866 5638 1193 5712 rnongsemel
1227 5637 1565 5712 mentionem
1597 5646 1772 5712 agunt
1801 5653 1937 5692 sm-

372 5707 561 5784 ptores
594 5709 875 5784 Byzantini
906 5720 976 5784 et_
996 5709 1145 5784 locos
1192 5708 1414 5784 collegit
1457 5707 1807 5784 Lambecius.
1839 5723 1934 5763 seu

356 5777 799 5850 ‘HuIstenius,ac
832 5778 1063 5850 praeﬁxit
1093 5779 1293 5850 Leonis
1326 5777 1595 5850 ()raculis.
1640 5777 1877 5850 Ductus.

444 5854 555 5924 (δέ)
585 5848 1164 5918 ὶνοὶῆυενεάζουσαν,
1196 5849 1299 5905 hoc
1338 5848 1460 5904 loco
1497 5858 1551 5903 et
1577 5849 1740 5919 paulo
1774 5849 1935 5913 intra,

2050 5645 2449 5710 interpretatur
2470 5637 2938 5692 adolescentulam.
2966 5638 3071 5694 Sed
3097 5637 3481 5710 adulescentula
3498 5644 3598 5688 non

2048 5707 2216 5769 eratf
2238 5712 2394 5780 cujus
2422 5711 2530 5780 lilia
2558 5710 2924 5780 quadriennio
2955 5720 3079 5780 post
3111 5708 3308 5778 nuptui
3349 5707 3599 5765 collocata

2048 5791 2154 5836 est.
2192 5780 2325 5837 Vide
2360 5795 2478 5848 cap.
2511 5779 2730 5845 Lsect.
2760 5780 2794 5833 ἓ
2818 5780 2978 5835 inﬂa.
3013 5779 3227 5836 Borvm.
