4016 6578
120 624 129 633 ,
221 588 247 623 Ι

346 339 444 403 49ι
583 336 658 407 μ.
699 352 747 389 ε.
796 335 934 388 {282
975 352 1038 388 Αι)
1085 332 1243 404 IS‘ZS}

1319 336 1765 400 BYZ\NTIN:E
1806 341 2196 401 lllSTOlllgE
2239 342 2380 403 LIB.
2429 330 2603 401 l'ill.’

2695 336 2825 405 ιςιιιι.
2866 330 3151 390 Ἀκοιιοκιρ.
3194 337 3334 409 seu]

3479 341 3583 406 494

346 459 440 528 τὴν
470 459 777 525 σωτηρίανς
819 457 887 509 Ἢ
918 450 1014 508 οὐκ
1055 451 1203 518 οἶδας
1250 456 1324 520 ὡς
1374 457 1549 525 χρεῶν
1576 476 1634 510 σε
1664 458 1902 524 μεγάλῃ

2014 474 2135 509 llt‘lll
2170 474 2233 511 ex
2271 459 2382 511 orci
2434 457 2685 511 faucibus
2720 459 2833 525 ipse
2874 457 3282 525 quodammodo
3337 468 3580 526 ereptus,

345 549 577 618 ὀφείλειν
606 550 773 617 κάμοὶ
827 550 921 601 καλ⁵
970 549 1128 601 παισὶ
1158 551 1268 612 τοῖς
1318 551 1469 619 ἐμοῖς
1516 551 1601 603 διὰ
1638 550 1757 619 βίου
1810 552 1906 609 τὰς

341 643 585 711 χάριτας,
634 640 714 692 ὃτι
773 639 969 709 βουλὴν
1022 639 1163 693 κατά
1221 640 1314 692 σού
1371 642 1761 710 μελετηθεῖσαν
1814 644 1907 693 καὶ

338 731 727 801 ἑξαρτυθείσαν
768 734 849 793 εὶς
890 732 1045 793 τέλος
1088 730 1351 803 διέῤῥηξα
1396 732 1684 804 παρελθὼν
1721 734 1904 796 αὐτὸς,

336 824 552 879 καὶνύν
600 824 671 877 δι’
709 823 841 891 ἐμοῦ
882 826 1095 877 τουτονὶ
1132 828 1225 877 τὸν
1263 826 1416 895 ἥλιον
1447 825 1685 898 καθορᾷς
1708 844 1721 886 ;
1748 822 1819 879 Συ
1850 827 1906 877 δὲ

336 916 508 969 ταῦτα
545 916 707 986 ἀφεὶς
739 916 923 984 ἱκέτης
955 917 1095 985 ὑπὲρ
1129 916 1235 969 τῶν
1265 918 1484 971 κᾶκιστ*
1509 918 1900 987 ἀπολουμένων

334 1008 618 1078 γίγνεσθαι
656 1006 868 1079 βούλει;
906 1009 1119 1075 ’Ᾱπαγε
1157 1009 1293 1079 πρὸς
1320 1009 1456 1062 Θεοῦ
1482 1026 1497 1041 °
1549 1010 1625 1081 μὴ
1656 1011 1905 1063 κοινώνει

332 1102 596 1164 τοιούτοις
637 1103 884 1171 ἀνδράσι.
924 1102 1045 1166 Πῶς
1078 1104 1187 1173 γὰρ
1219 1105 1345 1166 τοὺς
1389 1104 1620 1174 πρὸςσὲ
1646 1102 1910 1175 διατηρήο

261 1193 269 1200 ’
334 1211 518 1247 σουσιν
544 1195 764 1265 ὅρκους,
796 1194 846 1247 οἳ
881 1195 1009 1256 τοὺς
1044 1196 1177 1266 πρὸς
1209 1196 1299 1248 τον
1334 1194 1558 1264 βασιλέα
1607 1199 1700 1249 καὶ
1758 1198 1906 1268 πάπ-

330 1306 433 1341 πον
490 1288 584 1340 τὸν
642 1290 735 1340 σὸν
790 1289 1018 1357 μηδενὸς
1075 1287 1185 1340 τῶν
1241 1288 1434 1342 δεινῶν
1496 1290 1904 1356 ἀναγκάζοντος

328 1380 671 1446 ἐξελάθοντο,
700 1381 837 1449 μήτε
887 1379 1020 1431 Θεοῦ
1067 1381 1388 1448 κεραυνοὺς,
1420 1381 1558 1451 μήτε
1601 1378 1905 1450 ἀνθρώπων

329 1472 472 1526 αἰδῶ
500 1477 605 1539 πρὸ
631 1471 925 1539 ὀφθαλμῶν
958 1472 1179 1537 θέντες;
1226 1490 1242 1522 ι

403 1562 481 1619 Γ.
534 1563 756 1617 Τούτων
810 1564 954 1617 οὓτω
1005 1566 1159 1633 παρά
1208 1564 1541 1633 προσδοκίαν
1604 1566 1903 1633 λεχθέντων

322 1660 573 1720 ἀκούσας
631 1660 659 1711 ὁ
711 1657 961 1727 βασιλεὺς
1008 1658 1140 1729 ἔστη
1193 1658 1415 1711 σιωπῶν
1472 1658 1566 1710 ἐπὶ
1626 1657 1905 1710 πλεῖστον.

324 1750 589 1812 Ἔπειτα,
615 1767 634 1800 ι
671 1749 880 1810 ⁹Δειτιθι,
916 1768 935 1801 ι
970 1749 1209 1803 ἐπειπὼν
1232 1751 1288 1813 ἐς
1317 1751 1415 1811 τὰς
1447 1748 1720 1821 προτέρας
1746 1747 1905 1812 αὖθις

2013 549 2303 603 incolumis
2358 556 2412 601 et
2463 550 2648 602 salvus
2705 550 2991 604 evaseris?
3027 551 3106 603 An
3160 548 3377 619 ignoras
3429 560 3479 603 te
3526 562 3584 603 et

2011 641 2144 693 mihi
2194 651 2249 695 et
2302 642 2492 694 libet-is
2524 642 2681 706 meis,
2716 642 2894 711 quoad
2934 642 3157 706 vixeris,
3198 657 3448 712 magnam
3484 642 3584 698 deo

2010 731 2140 785 bere
2168 734 2421 802 gratiam,
2457 732 2605 802 quod
2639 733 2932 787 consilium
2967 743 3158 786 contra
3198 742 3250 787 te
3296 731 3493 786 initum
3528 741 3585 788 et

2009 825 2337 879 instructum
2373 843 2495 880 meo
2536 828 2755 880 tandem
2807 826 3118 882 interventu
3151 828 3446 882 resci~sum
3476 837 3578 889 est,

2008 914 2265 984 quodque
2309 932 2430 970 meo
2470 917 2734 971 benelieio
2774 913 2941 971 solem
2997 919 3141 971 hunc
3194 917 3457 972 intueris?
3498 916 3580 970 Tn

2009 1022 2139 1060 vero
2165 1006 2248 1061 his
2270 1010 2484 1063 omissis
2518 1024 2613 1080 pro
2639 1009 3027 1079 perditissimis
3067 1022 3122 1064 et
3148 1012 3287 1064 male
3321 1010 3584 1079 perituris

2009 1097 2130 1151 istis
2175 1100 2401 1168 supplex
2455 1100 2784 1155 intercedis?
2828 1101 3007 1171 Apage
3060 1117 3158 1170 per
3190 1100 3358 1153 Deum
3398 1117 3411 1153 :
3449 1099 3581 1153 nihil

2009 1190 2106 1245 Iihi
2133 1190 2210 1246 rei
2243 1192 2314 1245 sit
2337 1207 2459 1245 eutn
2492 1194 2630 1247 istis.
2654 1194 2938 1258 Quomodo
2972 1192 3117 1246 enim
3156 1192 3251 1245 tibi
3288 1191 3588 1247 servabunt

2010 1282 2191 1339 diem.
2227 1283 2318 1352 qui
2355 1282 2513 1337 [idem
2546 1300 2647 1336 avo
2675 1294 2767 1337 ttto
2800 1284 2980 1337 datatn
3016 1285 3159 1338 nulla
3190 1284 3361 1338 coaeti
3394 1300 3587 1338 neces-

2006 1375 2166 1429 sitate
2186 1374 2517 1439 fefellerunt,
2552 1391 2654 1430 nec
2684 1377 2775 1430 Dci
2819 1384 2963 1430 metu
3000 1392 3098 1432 nec
3124 1377 3405 1430 hominum
3433 1391 3588 1432 vere-

2008 1469 2205 1523 cuodia
2239 1470 2536 1523 deterriti?
2578 1491 2595 1521 ι

2084 1561 2169 1614 ill.
2213 1560 2311 1616 llis
2342 1561 2640 1631 imperator
2673 1573 2872 1631 przcter
2918 1565 3391 1632 exspectationem
3425 1564 3586 1617 audi-

2011 1630 2078 1708 tis
2099 1669 2221 1708 cum
2257 1630 2456 1708 tacitus
2485 1654 2577 1708 ditt
2607 1630 2846 1709 stetisset
2879 1672 2893 1709 :
2922 1672 2942 1706 ι
2979 1630 3101 1721 Abi,
3143 1676 3158 1707 ι
3189 1656 3348 1710 dixit.
3382 1655 3587 1709 Deinde

2009 1747 2076 1799 ad
2132 1747 2360 1815 pristina
2393 1747 2620 1800 consilia
2662 1757 2717 1801 et
2760 1748 3121 1818 cogitationes
3165 1749 3348 1801 denuo
3402 1748 3585 1803 rediit.

323 1807 587 1911 suavﬁxs
611 1841 804 1911 βουλὰς
829 1807 923 1894 καὶ
951 1842 1199 1912 μελέτας.
1347 1807 1642 1914 1θ4ᾖΕπελ
1667 1807 1721 1896 δέ
1748 1846 1841 1897 καὶ

2017 1836 2151 1890 Cttm
2180 1847 2364 1891 autem
2396 1852 2587 1907 magna
2610 1846 2867 1892 etsaneta
2895 1837 3195 1891 hebdomas
3217 1839 3455 1901 adesset,
3483 1853 3611 1913 qua,

324 1934 542 2003 μεγάλη
574 1935 668 1986 καὶ
708 1935 824 1987 θεία
859 1935 1205 2005 ἐπεδήμησεν
1236 1935 1493 2004 ἑϐδομὰς,
1526 1938 1584 1987 ἐν
1698 1938 1768 1990 τὰ
1803 1954 1905 1989 σω-

318 2025 495 2095 τήρια
531 2025 868 2095 ἑορτάζομεν
918 2027 1089 2096 πάθη,
1117 2025 1215 2081 καὶ
1266 2029 1356 2080 τὸν
1403 2028 1627 2095 ἔγγονον
1677 2027 1833 2094 αὖθις
1878 2033 1906 2083 ὁ

323 2118 589 2187 βασιλεὺς
624 2121 684 2171 ού
716 2119 861 2172 κατὰ
908 2119 1007 2182 τάς
1047 2121 1401 2190 παραινέσεις
1430 2120 1661 2173 ἔϐλεπεν
1688 2119 1902 2190 ἔχοντα,

324 2211 464 2263 ἀλλά
505 2211 611 2278 τήν
656 2228 716 2262 τε
756 2211 854 2283 τῆς
892 2211 1164 2284 κινήσεως
1200 2213 1381 2285 ὁρμὴν
1431 2186 1905 2266 ἀστατοῦσαν’κα“ι

321 2306 435 2357 τῶν
480 2303 631 2370 ἠθῶν
658 2304 751 2357 τὸν
806 2303 1015 2375 ῥυθμὸν
1064 2305 1127 2358 ού
1179 2305 1582 2376 καθεστηκότα,
1615 2305 1729 2359 ἀλλ’
1766 2305 1905 2368 ὅλως

320 2398 506 2449 εἰπεῖν
538 2394 980 2466 ἀλλοπρόσαλλον
1009 2436 1023 2455 .
1052 2398 1240 2467 ἠνιᾶτο
1278 2400 1373 2449 καὶ
1407 2395 1733 2465 ἐδυσφόρει·
1764 2395 1906 2449 ὥστε

320 2493 425 2542 καὶ
454 2489 535 2552 δὶς
564 2488 661 2543 καὶ
691 2489 811 2560 τρὶς
855 2490 1101 2560 νικηθεὶς
1147 2493 1212 2559 τῇ
1264 2491 1362 2559 τῆς
1397 2490 1574 2558 λύπης
1625 2490 1900 2560 ὑπερϐολῇ

321 2582 427 2634 καὶ
475 2574 588 2633 οἷον
632 2580 815 2644 ἔνθους
865 2582 1177 2649 γενόμενος,
1213 2602 1231 2633 ι
1271 2581 1697 2652 Τετελεύτηκεν,
1735 2601 1754 2633 ι
1792 2583 1897 2652 ἔφη

319 2674 469 2740 πρὸς
499 2672 626 2734 τοὺς
656 2672 955 2742 παρόντας,
995 2692 1014 2724 ι
1047 2673 1083 2745 ἦ
1113 2691 1173 2725 τε
1207 2672 1454 2744 βασιλεία
1484 2673 1569 2743 ἐφ’
1605 2674 1761 2746 ἡμῶν
1791 2676 1894 2745 ἧῖη

318 2767 425 2816 καὶ
479 2764 513 2833 ἡ
570 2764 668 2833 τῆς
720 2763 1050 2835 Ἐκκλησιας
1113 2764 1386 2818 εὐσέϐεια.
1450 2784 1469 2817 ι
1541 2764 1600 2819 Ὀ
1638 2768 1735 2837 μὲν
1788 2768 1897 2837 γὰρ

320 2857 566 2925 ἐξήρτυε
613 2855 681 2908 τὰ
710 2855 847 2925 πρὸς
876 2855 1057 2927 φυγὴν
1111 2856 1249 2925 μετὰ
1283 2854 1597 2926 φλεγούσης
1624 2848 1770 2920 τινος
1807 2860 1905 2927 τῆς

317 2949 534 3017 ὁρμῆς,
566 2951 660 3001 καὶ
690 2947 1045 3019 ἐξεπορεύετο
1098 2948 1269 3019 συχνὰ
1317 2951 1412 3003 καὶ⁵
1458 2947 1905 3018 παρεσκευάζετο

319 3044 479 3114 μετά
522 3045 621 3114 τῆς
669 3043 941 3114 φρατρως
990 3044 1251 3111 ὲκεινης·
1281 3046 1309 3096 ὀ
1367 3044 1533 3115 δὲμὴ
1591 3044 1796 3106 συνιεὶς
1835 3042 1902 3097 τά

2009 1929 2302 1983 salutarem
2346 1927 2547 1983 Christi
2583 1931 2896 1999 passionem
2930 1928 3300 1992 celebramus,
3329 1939 3382 1982 et
3420 1929 3592 1998 impe-

2012 2029 2158 2073 rator
2200 2028 2453 2088 nepotem
2488 2033 2595 2072 non
2627 2034 2657 2073 e
2688 2018 2912 2073 monitis
2950 2018 3066 2072 suis
3111 2017 3295 2071 vivere
3327 2028 3583 2072 cerneret

2011 2112 2235 2181 (quippe
2262 2113 2316 2164 in
2347 2112 2468 2181 ejus
2495 2110 2806 2165 actionibus
2845 2111 3292 2174 inconstantiam,
3332 2113 3385 2164 in
3419 2112 3586 2165 mori-

2008 2203 2114 2257 bus
2156 2219 2261 2257 non
2298 2194 2619 2273 gravitatem
2656 2204 2843 2264 ullam,
2877 2202 2971 2256 sed
3016 2218 3282 2256 summam
3311 2203 3588 2257 levitatem

2014 2302 2196 2351 inesse
2245 2295 2407 2367 315
2459 2295 2978 2362 animadvertebat),
3028 2296 3268 2367 graviter
3302 2305 3356 2349 et
3401 2296 3589 2366 iniquo

2012 2388 2195 2441 animo
2245 2386 2296 2440 id
2332 2385 2575 2454 ferebat,
2623 2386 2761 2441 adeo
2791 2396 2849 2441 ιιι
2884 2386 2972 2442 bis
2998 2396 3054 2441 et
3104 2397 3186 2441 ter
3214 2388 3590 2457 magnitudine

2008 2479 2215 2535 doloris
2240 2480 2442 2541 victus,
2478 2489 2534 2534 et
2564 2479 2731 2535 veluti
2760 2478 2997 2535 Numine
3028 2480 3337 2545 amatusad
3368 2495 3464 2535 eos
3492 2482 3588 2550 qui

2011 2574 2240 2628 aderant
2269 2572 2480 2626 diceret
2514 2589 2526 2625 :
2570 2590 2589 2625 ι
2629 2572 2847 2633 [ttteriit
2874 2571 3093 2625 demum
3130 2582 3315 2625 nostra
3336 2580 3507 2626 iactate
3532 2581 3592 2625 et

2009 2666 2225 2735 imperii
2278 2665 2531 2731 majestas
2563 2674 2619 2719 et
2652 2674 2965 2720 reverentia
3012 2664 3268 2718 Ecclesiae
3309 2663 3518 2718 debita.
3565 2680 3584 2713 ι

2008 2759 2213 2829 Nempe
2238 2759 2327 2812 ille
2356 2757 2536 2827 fugam
2568 2758 2786 2812 ardenti
2808 2758 2991 2812 studio
3015 2759 3341 2817 adornabat,
3372 2768 3425 2810 et
3453 2757 3589 2810 sub-

2009 2850 2137 2905 inde
2182 2850 2587 2920 egrediebatur,
2633 2858 2690 2903 et
2736 2864 2863 2904 cum
2898 2849 3135 2903 factione
3170 2850 3261 2902 illa
3306 2864 3365 2903 se
3409 2850 3585 2919 ipsum

2008 2944 2254 3015 parabat.
2320 2943 2496 2999 Senex
2555 2958 2688 3000 vero
2745 2943 3101 2997 consiliorum
3167 2943 3390 3014 ignarus
3447 2956 3590 3012 aeger
3680 2968 3685 2973 -

2007 3038 2191 3091 animo
2224 3048 2280 3091 et
2305 3036 2550 3090 incertus
2578 3034 2837 3097 haerebat,
2861 3051 2926 3089 ac
2950 3034 3129 3090 tacitis
3158 3033 3589 3103 cogitationibus

321 3136 680 3207 βουλεύματα
704 3135 904 3206 ἠθύμει
933 3136 1028 3189 καὶ
1050 3135 1301 3206 διηπόρει
1328 3134 1457 3189 καθ’
1484 3137 1676 3189 ἑαυτὸν
1702 3153 1904 3205 γνωσι-

2009 3130 2291 3186 aestuabat.
2321 3128 2428 3183 Sed
2467 3141 2647 3183 tamen
2682 3130 2854 3198 signis
2896 3137 2953 3182 et
2994 3130 3331 3197 conjecturis
3365 3126 3593 3197 quihus-

324 3229 552 3300 μαχῶν.
584 3229 922 3299 Στοχασμοῖς
950 3228 1006 3281 δέ
1036 3246 1181 3283 τισιν
1212 3230 1360 3300 ὅμως
1391 3230 1489 3282 καὶ
1526 3228 1807 3293 ὑπονοίαις
1838 3231 1906 3282 τὰ

321 3325 595 3395 δρώμενα
624 3324 991 3395 παραϐάλλων
1017 3327 1116 3378 οὐκ
1156 3324 1261 3390 ἔξω
1288 3327 1647 3380 παντάπασιν
1678 3326 1779 3398 ἤδη
1812 3329 1907 3380 καὶ⁵

321 3420 500 3481 αὐτὸς
525 3419 704 3471 ἔκειτο
734 3418 828 3472 τοῦ
858 3418 926 3471 τά
962 3416 1319 3489 μελετώμενα
1352 3419 1705 3489 ξυμϐάλλειν.
1736 3419 1903 3473 Ὅθεν

327 3514 627 3566 συλλαϐεῖν
671 3510 1071 3577 ἐϐούλεύσατο,
1107 3515 1202 3566 καὶ
1251 3510 1329 3583 τῷ
1377 3513 1699 3586 πατριάρχῃ
1738 3513 1909 3584 Γερα-

326 3608 484 3675 σίμῳ
547 3605 642 3658 τοῦ
716 3605 960 3657 τοιούτου
1024 3603 1390 3675 βουλεύματος
1454 3606 1512 3658 ὲν
1569 3604 1907 3678 ἀπορρήτοις

324 3698 518 3751 λαϐὼν
545 3696 964 3766 κεκοινώνηκεν.
1012 3697 1071 3749 ’0
1098 3693 1143 3748 δ’
1165 3696 1326 3760 εὐθὺς
1351 3697 1489 3767 πρὸς
1530 3698 1621 3750 τὸν
1663 3697 1889 3768 βασιλέα

325 3789 430 3842 τδν
455 3788 575 3841 νέον
618 3787 960 3858 Ἀνδρόνικον
984 3787 1210 3857 δραμὼν
1248 3787 1309 3839 τὸ
1341 3789 1652 3859 ἀπόρρητον
1700 3788 1898 3841 ἀνεκά-

325 3880 502 3951 λυψεο
541 3881 634 3934 καὶ
667 3880 811 3934 οὓτω
854 3879 1041 3931 λοιπὸν
1088 3880 1296 3941 ἐκεῖνος
1346 3880 1443 3950 τὴν
1487 3881 1664 3952 φυγὴν
1694 3880 1895 3933 ἐπετά-

328 3992 519 4048 χυνεν.
757 3981 761 3985 ’
1594 3958 1610 3971 ’

407 4071 485 4121 Δ’.
531 4066 684 4118 Ἐπεὶ
710 4065 768 4118 δὲ
802 4065 897 4118 καὶ
931 4069 962 4134 ἠ
993 4066 1220 4137 λαμπρά
1247 4065 1343 4134 τῆς
1378 4064 1751 4128 Ἀναστάσεως
1783 4064 1909 4117 ἐπε-

314 4160 584 4241 ίδήμησεν
635 4160 819 4228 ἡμέρα
884 4158 1023 4228 (71),
1062 4161 1158 4210 καὶ
1217 4157 1324 4210 ἔδει
1366 4156 1501 4225 πρὸς
1552 4157 1791 4226 ἑσπέραν
1841 4158 1909 4210 τά

332 4251 684 4325 βουλεύματα
732 4255 904 4321 πέρας
950 4250 1155 4313 λαϐεῖν,
1186 4251 1303 4322 ᾔτει
1352 4267 1411 4303 τε
1456 4250 1599 4303 κατά
1630 4250 1690 4301 τὸ
1720 4249 1907 4314 εἰωθὸς

338 4346 444 4399 καὶ
468 4345 633 4399 ἔλαϐε
657 4345 753 4406 τὰς
786 4345 931 4407 κλεῖς
968 4344 1075 4397 τῶν
1106 4346 1242 4414 πρὸς
1288 4343 1387 4412 τὴν
1414 4343 1757 4414 Γυρολὶμνην
1794 4343 1909 4412 (7i)

330 4440 712 4507 ἀνοιγομένων
763 4436 971 4489 πυλῶν.
1021 4435 1214 4488 Εἰώθει
1267 4436 1373 4505 γὰρ
1404 4436 1564 4489 τοῦτο
1610 4438 1784 4488 ποιεῖν
1820 4435 1908 4489 διὰ

330 4529 406 4584 τὰ
434 4529 608 4582 ἔωθεν
650 4528 963 4598 κυνηγέσια.
1009 4528 1117 4580 Καὶ
1158 4529 1222 4599 δὴ
1269 4529 1399 4597 περὶ
1457 4528 1630 4596 μέσας
1688 4528 1908 4593 νύκτας,

332 4622 477 4691 πρὸς
532 4620 703 4673 ὕπνον
749 4621 849 4691 ἤδη
902 4620 1352 4689 καταδαρθόντων
1410 4620 1691 4685 ἁπάντων,
1743 4618 1909 4684 ἔξεισι

336 4714 481 4785 μετὰ
521 4714 744 4766 πάντων
787 4715 901 4765 ὅσοι
951 4713 1101 4781 αὐτῷ
1140 4729 1202 4778 γε
1261 4714 1731 4783 συνομωμόκεσαν
1757 4729 1771 4743 ·
1819 4714 1913 4766 καὶ

334 4804 779 4874 ἒξιππασάμενοι
830 4804 1093 4872 φθάνουσι
1131 4803 1432 4875 δευτεραῖοι
1498 4804 1633 4872 πρὸς
1693 4805 1753 4855 τὸ
1817 4803 1911 4857 τοῦ

336 4899 645 4972 Συργιάινη
680 4898 771 4949 καὶ
798 4898 859 4949 τὸ
889 4896 984 4949 τοῦ
1017 4895 1473 4965 Καντακουζηνοῦ
1521 4897 1907 4966 στρατόπεδον.

348 4989 651 5060 Ἐκάθηντο
677 4990 786 5059 γὰρ
815 4990 1013 5042 ἐκεῖνοι
1038 4992 1167 5062 περὶ
1201 4988 1299 5059 τὴν
1337 4989 1782 5057 Ἀδριανούπολιν
1817 4990 1911 5055 ξύν

336 5098 404 5152 γε
431 5082 667 5153 λαμπρᾷ
701 5084 770 5152 τῇ
801 5084 1126 5153 παρασκευῇ
1164 5081 1265 5151 τὴν
1309 5080 1504 5132 τούτου
1545 5081 1726 5153 φυγὴν
1756 5082 1914 5135 ἐκδι-

340 5173 579 5244 χόμενοι.
633 5168 744 5226 Ἦν
787 5172 832 5226 δ’
886 5171 1027 5243 αὕτη
1078 5174 1262 5243 ἡμέρα
1327 5173 1637 5244 Ἀπριλλίου
1693 5180 1793 5246 μὲν
1845 5180 1920 5231 εἰ·

348 5267 537 5335 κοστὴ,
574 5266 693 5329 ἔτος
742 5264 799 5317 δὲ
838 5265 1302 5335 ἑξακισχιλιοστον
1332 5267 1445 5337 (75)
1497 5270 1921 5330 ὀκτακοσιοστὸν

2010 3224 2131 3278 dant
2179 3238 2241 3276 ea
2290 3236 2413 3293 qua:
2475 3221 2778 3292 agebantur
2829 3221 3148 3291 expendens
3200 3219 3345 3274 haud
3399 3218 3591 3289 procul

2007 3322 2146 3377 erat,
2183 3315 2315 3385 quin
2344 3315 2475 3384 quid
2515 3324 2797 3369 struerent
2828 3315 3230 3382 suspicaretur.
3257 3312 3439 3377 Quare
3463 3325 3589 3366 eum

2008 3408 2472 3479 comprehendere
2492 3408 2703 3473 Statuit,
2734 3417 2939 3462 etcum
2971 3405 3279 3475 patriarcha
3308 3403 3593 3458 Gerasimo

2008 3502 2299 3557 consilium
2336 3500 2484 3556 istud
2515 3516 2675 3557 suum
2720 3510 2780 3554 ut
2808 3514 3073 3554 arcanum
3102 3500 3494 3553 communicat.
3522 3500 3593 3552 At

2010 3594 2101 3650 ille
2130 3595 2307 3650 statim
2362 3595 2427 3647 ad
2471 3592 2748 3663 iuniorem
2790 3592 3179 3661 imperatorem
3212 3589 3590 3645 Andronicum

1967 3696 1973 3701 ‘
2009 3690 2269 3754 accurrit,
2299 3694 2355 3742 et
2384 3700 2645 3742 arcanum
2675 3684 2879 3755 prodit.
2912 3682 3281 3749 Quamobrem
3326 3684 3369 3737 is
3408 3681 3592 3752 fugam

2006 3798 2075 3837 ex
2110 3799 2176 3837 eo
2207 3783 2374 3854 coapit
2400 3780 2645 3837 accelera
2655 3792 2713 3834 re
2727 3816 2741 3831 .

2046 4045 2059 4054 ’
2081 4072 2170 4129 ιν.
2210 4069 2343 4129 Cum
2367 4075 2547 4125 autem
2570 4064 3011 4124 Resurrectlonis
3031 4063 3276 4120 solemne
3295 4072 3350 4119 et
3381 4062 3596 4118 illustre

2010 4169 2209 4224 festum
2269 4165 2603 4225 advenisset,
2664 4170 2720 4216 et
2775 4176 2898 4232 qua:
2936 4158 3159 4214 decreta
3199 4166 3360 4212 erant
3403 4156 3594 4226 perlici

2011 4261 2129 4333 ejus
2152 4257 2261 4313 diei
2309 4270 2537 4325 vespere
2571 4266 2798 4308 necesse
2844 4260 3012 4317 esset,
3046 4250 3228 4304 claves
3277 4257 3589 4319 portarum.

2015 4357 2115 4421 per
2148 4365 2284 4421 quas
2309 4348 2376 4401 ad
2398 4345 2770 4417 Gyrolimnam
2797 4341 2928 4406 itur,
2950 4339 3021 4395 de
3052 4355 3203 4395 more
3234 4339 3394 4411 petiit
3421 4347 3479 4393 et
3508 4354 3592 4392 ac-

1942 4484 1985 4539 υ
2014 4446 2182 4514 cepit.
2229 4442 2344 4496 lloc
2393 4441 2535 4494 enim
2590 4445 2817 4508 propter
2863 4435 3191 4489 matutinam
3243 4432 3592 4486 venationem

2016 4538 2197 4592 facere
2234 4539 2615 4607 consueverat.
2670 4529 2841 4598 Igitur
2897 4530 3000 4581 sub
3061 4524 3295 4579 mediam
3358 4530 3596 4584 noctem,

2018 4630 2232 4684 cunctis
2293 4623 2719 4685 dormientibus,
2791 4635 2917 4676 cum
2973 4617 3232 4672 omnibus
3296 4616 3617 4685 conjuratis.

1996 4708 2326 4791 egreditur.
2357 4718 2495 4772 Tum
2530 4714 2834 4785 equitando
2888 4712 3134 4784 provecti
3178 4710 3232 4763 in
3276 4708 3601 4778 Syrgia‘nnis

2019 4826 2076 4871 et
2130 4812 2496 4870 Cantacuzeni
2552 4820 2728 4864 castra
2786 4807 3051 4877 postridie
3119 4808 3469 4875 perveniunt.
3536 4803 3597 4855 lli

2022 4911 2167 4966 enim
2204 4922 2400 4977 magno
2430 4913 2696 4974 apparatu
2723 4904 2787 4955 ad
2827 4897 3221 4967 Adrianopolin
3251 4900 3430 4967 lugatn
3458 4893 3602 4949 illius

2010 5001 2487 5072 praestolabantur.
2521 4997 2646 5048 Erat
2667 4995 2713 5048 is
2745 4993 2861 5047 dies
2893 4991 3094 5061 Aprilis
3124 4990 3420 5043 vicesimus
3471 4989 3602 5043 anni

2014 5093 2192 5151 sexies
2226 5088 2500 5145 millesimi
2518 5086 2683 5158 316
2705 5083 3141 5154 octingentesitni
3168 5081 3413 5135 vicesimi
3442 5081 3593 5133 noni.

2019 5185 2114 5239 Est
2139 5194 2323 5239 autem
2357 5181 2650 5235 observatu
2686 5177 2933 5246 dignum,
2965 5172 3111 5244 quod
3161 5173 3305 5247 nihil
3340 5175 3606 5226 humana-

2021 5294 2144 5332 rutn
2190 5290 2375 5329 rerum
2426 5275 2545 5325 sine
2601 5264 2953 5324 Providentia
3008 5267 3459 5329 administretur,
3509 5264 3603 5318 sed

1685 5429 2029 5499 Variorum
2066 5439 2253 5492 notae.

419 5572 531 5642 (Ἠ)
570 5571 709 5644 Vide
743 5571 911 5627 Gloss.
939 5571 1077 5624 med.
1102 5570 1313 5627 Gra'ct‘t.
1344 5573 1398 5626 in
1432 5574 1646 5644 Ἐορτή.
1681 5574 1912 5631 ΒυοΑΝο.

417 5644 530 5712 (7‘2)
570 5643 970 5710 Constantinop.
1020 5644 1214 5696 Christ.
1262 5644 1359 5698 lib.
1396 5660 1431 5704 I,
1464 5655 1597 5699 sect.
1638 5646 1725 5707 ‘15,
1766 5663 1821 5700 n.
1856 5648 1913 5702 4.

347 5711 582 5768 Ducam.
608 5742 681 5753 —
710 5715 785 5767 De
814 5729 920 5781 qna
950 5712 1032 5784 sic
1071 5712 1206 5767 Cod.
1248 5715 1381 5784 lteg.
1408 5714 1570 5777 2990,
1603 5717 1697 5770 fol.
1735 5717 1824 5779 70,
1860 5733 1914 5772 v.

350 5786 382 5853 ὴ
426 5783 697 5855 λεγομένη
722 5785 917 5847 κοινῶς
958 5782 1382 5855 Ἀργυρολιμνη,
1416 5785 1727 5858 ιὐρολίμνη
1781 5788 1919 5857 γρά-

2025 5596 2206 5645 φεται.
2258 5578 2331 5648 De
2376 5579 2567 5633 eadem
2619 5579 2775 5648 plura
2809 5578 3146 5648 Dnrangius,
3198 5574 3600 5646 Constantinop.

2025 5649 2220 5705 Christ.
2254 5645 2351 5702 lib.
2387 5666 2424 5709 ι.
2451 5660 2582 5704 sect.
2620 5645 2707 5714 15,
2734 5667 2789 5704 n.
2820 5652 2871 5703 4.
2903 5645 3109 5703 Butvtu.

2097 5720 2209 5790 (75)
2249 5719 2449 5790 Christi
2485 5720 2662 5790 13%|.
2714 5723 2947 5775 DUCANG.
2995 5718 3403 5790 ——_Cantacu§1
3426 5715 3524 5790 lib.
3561 5730 3599 5778 1.

2027 5786 2151 5859 cap.
2184 5786 2270 5855 l8,
2304 5789 2397 5843 ubi
2430 5789 2495 5844 ad
2531 5790 2829 5861 marginem
2863 5805 3038 5845 annus
3066 5787 3270 5843 Christ.
3311 5786 3445 5840 I322
3506 5800 3605 5857 per
