4016 6606
424 399 529 461 49:.
678 398 754 467 μ.
791 409 827 448 υ
877 397 1025 473 ⁸(Περι
1074 412 1139 449 ,ω
1184 396 1348 467 esse;

425 513 609 570 omnia
655 527 856 567 arcana
913 511 1123 565 ratione
1167 520 1398 578 agantur
1449 524 1464 563 :

426 606 738 669 sedeamus,
770 620 833 660 ac
873 602 1225 659 Providentia
1271 609 1328 656 et
1357 602 1589 657 veritate
1629 601 1883 671 indignas
1916 615 2003 653 ra-

428 699 607 751 tiones
634 694 1137 752 comminiscamur.
1166 692 1303 748 Cum
1335 692 1481 747 enim
1521 691 1665 746 Deus
1695 691 1766 746 ob
1815 702 2001 746 vetera

426 801 482 845 et
531 787 774 844 recentia
812 786 1342 856 delicta‘quemlibet
1383 785 1617 838 multare
1653 784 1789 842 vult.
1838 782 1999 852 periti

424 882 622 938 tamdici
674 883 866 946 instar,
897 879 1072 951 plagis
1098 890 1292 952 curatu
1335 875 1653 931 difﬁcilibus
1689 874 1892 928 ferrum
1946 884 2004 928 et

427 976 607 1044 ignem
657 975 930 1029 admovet.
984 972 1105 1026 Mox
1157 981 1353 1026 terram
1389 970 1511 1024 laeto
1549 968 1716 1024 ubere
1767 966 2000 1022 fertilem

426 1087 523 1127 aer
570 1069 754 1142 gravis
802 1067 1047 1130 infestat,
1089 1082 1228 1135 aqua
1270 1066 1454 1120 maris
1484 1063 1831 1134 indignatur;
1852 1062 2001 1117 venti

431 1162 730 1233 importuni
764 1173 818 1216 et
847 1162 987 1215 votis
1021 1158 1282 1215 contrarii
1331 1156 1527 1211 reﬂare
1583 1153 1877 1225 incipiunt,
1908 1169 2003 1224 pe-

430 1254 671 1309 stilentia
712 1263 991 1323 grassatur
1024 1267 1037 1306 :
1071 1249 1386 1316 affliguntur
1412 1255 1686 1317 quotquot
1718 1248 1928 1302 virtute
1948 1254 2005 1300 et

429 1346 745 1402 eruditione
784 1359 843 1400 se
872 1345 1020 1413 ipsos
1043 1348 1403 1404 exornarunt,
1432 1354 1497 1393 ac
1526 1352 1708 1393 mores
1750 1352 1883 1392 suos
1928 1336 2001 1391 ad

430 1437 670 1501 Doriam,
704 1446 765 1491 ut
809 1436 881 1489 ita
925 1435 1128 1498 dicam,
1164 1432 1505 1488 harmoniam
1550 1431 1884 1502 compositos
1909 1446 2004 1485 ex-

429 1530 766 1602 poliverunt.
817 1526 1092 1597 Quidquid
1152 1525 1449 1580 instituunt
1512 1523 1718 1578 exitum
1775 1522 2005 1578 sortitur

430 1625 728 1677 infaustum
760 1628 816 1675 et
842 1621 1028 1689 prima:
1059 1632 1286 1687 operum
1321 1614 1622 1684 inceptioni
1657 1614 1890 1669 maxime
1909 1616 2003 1667 atl-

410 1716 755 1778 ‘versarium,
787 1727 1044 1783 supremo
1078 1710 1171 1765 Dei
1227 1709 1450 1763 numine
1504 1707 1586 1764 sic
1649 1707 2002 1762 decernente.

428 1808 632 1861 Contra
683 1805 983 1860 calamitosi
1012 1842 1028 1865 ,
1055 1801 1297 1865 obscuri,
1332 1800 1592 1854 vecordes
1625 1809 1680 1853 et
1715 1798 2001 1853 Furiarum

1646 396 2064 458 Ntcsruent
2106 396 2487 489 Glit'GOleE

1515 507 1647 563 licet
1678 523 1797 563 “nos
1831 507 2002 578 ignari

2114 508 2353 562 εἰκοστὸν
2406 508 2645 564 ἔννατον.
2691 510 3013 582 Ἐπιστῆσαι
3070 514 3115 566 δ’
3177 514 3348 582 ἀξιον,
3397 516 3506 580 πῶς
3558 521 3655 575 τῶν

2796 393 2927 465 [min
2971 409 3251 449 asonomc.
3294 396 3432 469 sua]

2111 601 2467 671 ἀνθρωπίνων
2515 603 2856 674 πραγμάτων
2893 606 3044 659 οῦδὲν
3093 606 3191 677 τῆς
3235 605 3488 678 Προνοίας
3517 613 3659 677 ἐκτὸς

2110 694 2413 758 διοικεῖται,
2445 693 2581 750 ἀλλά
2628 695 2809 769 ⁶τξόιντσ.
2860 696 3017 764 λόγον
3063 699 3374 770 ἀπόρρητον
3421 702 3529 771 ἔχει
3576 707 3658 759 τὸν

2110 785 2308 855 ἄγοντα
2336 801 2349 815 ·
2395 786 2497 839 κᾶν
2546 788 2706 858 ἡμεῖς
2755 788 3079 857 ἀγνοοῦντες
3127 790 3434 863 καθήμεθα,
3478 795 3655 863 λόγους

2112 878 2481 968 προφέροντες
2528 879 2627 948 τῆς
2670 895 2732 933 τε
2787 880 3049 950 Προνοίας
3092 882 3226 953 ὁμοῦ
3265 886 3356 938 καὶ
3402 885 3500 959 τῆς
3539 891 3661 962 ἀλη.

2111 969 2263 1036 Θείας
2312 973 2373 1025 οὐ
2411 972 2557 1041 μάλα
2600 972 2804 1039 ἀξίους.
2853 972 3021 1027 Ὅταν
3070 975 3177 1046 γάρ
3223 975 3379 1049 ἐθέλῃ
3430 979 3659 1045 κολάζειν

2111 1060 2204 1127 οὓς
2240 1063 2306 1116 ἂν
2340 1063 2514 1115 ἐθέλοι
2547 1061 2797 1116 παλαιῶν
2834 1079 2893 1117 τε
2929 1066 3027 1117 καὶ
3081 1066 3216 1119 νέων
3264 1066 3660 1138 ἁμαρτημάτων

2111 1153 2439 1224 ποιούμενος
2491 1151 2721 1218 ἔκτισιν,
2752 1148 2841 1209 οἷα
2902 1157 3064 1224 σοφὸς
3121 1158 3305 1228 ίατρὸς
3362 1164 3529 1228 τομὴν
3579 1164 3662 1216 καὶ

2111 1247 2367 1318 καυτῆρα
2410 1250 2531 1311 ταῖς
2572 1248 2849 1312 δυσιάτοις
2896 1251 3092 1317 ἐπάγει
3122 1250 3382 1320 πληγαῖς.
3413 1252 3517 1306 Kal.
3556 1255 3662 1323 ἆμα

2111 1338 2254 1392 κατά
2315 1338 2419 1406 γῆς
2481 1338 2819 1410 εὐθηνούσης
2877 1340 3042 1411 άέρες
3102 1342 3526 1413 νεωτερίζουσι*
3579 1349 3664 1402 καὶ

2110 1432 2414 1498 ἀγανακτεῖ
2446 1432 2567 1487 κατ’
2591 1433 2772 1486 αὐτῶν
2796 1432 2940 1504 ὕδωρ
2970 1435 3243 1507 Θαλάττης
3263 1451 3281 1469 ·
3305 1439 3398 1490 καλ⁸
3429 1437 3665 1506 ὕϐρισται

2110 1521 2253 1575 κατά
2300 1521 2400 1589 τῆς
2450 1521 2657 1574 τούτων
2710 1520 3019 1592 βουλήσεως
3058 1524 3400 1579 ἀντιπνέουσι
3450 1510 3662 1597 ἄνεμοι⁹

2112 1621 2206 1672 καὶ
2236 1616 2442 1685 λοιμῶν
2472 1616 2589 1678 ἁδὺς
2617 1615 2892 1669 εὐοδοῦται
2919 1629 2935 1644 °
2967 1617 3062 1670 καὶ
3092 1618 3542 1688 κακοδαιμονοῦσι
3574 1622 3665 1688 μὲν

2110 1709 2226 1764 ὅσοι
2259 1709 2394 1776 πρὸς
2424 1707 2623 1778 ἀρετὴν
2657 1706 2753 1759 καὶ¹
2786 1706 3034 1762 παιδείαν
3064 1708 3404 1779 ὲρῤύθμισαν
3425 1711 3659 1777 ἑαυτοῦς,

2113 1802 2209 1853 καὶ
2237 1799 2298 1852 τὸ
2321 1796 2531 1852 ἑαυτῶν
2565 1798 2701 1869 πρὸς
2727 1798 2826 1870 τήν
2851 1798 3075 1871 Δώριον,
3108 1786 3193 1873 [Ρ.
3230 1800 3355 1873 195]
3380 1802 3452 1864 ῶς
3481 1805 3663 1868 εἰπεῖν,

3564 403 3654 470 lilii
3740 396 3750 435 ‘

430 1900 657 1963 alumni,
687 1910 1002 1968 prosperam
1041 1894 1314 1948 fortunam
1342 1891 1740 1961 experiuntur;
1787 1890 2007 1958 sapien-

2116 1896 2386 1967 ἁρμονίαν
2408 1892 2682 1957 ἀπέξεσαν
2701 1888 2832 1965 ἦθος
2854 1911 2868 1926 ο
2904 1894 3001 1948 καὶ
3021 1895 3127 1948 πᾶν
3156 1894 3183 1947 ὃ
3211 1913 3265 1948 τι
3291 1895 3548 1965 πράξαιεν
3577 1898 3667 1949 πέ-

434 2000 514 2046 tes
545 1990 613 2044 ab
656 1986 1042 2058 insipientibus
1070 1985 1289 2065 penitus
1329 1984 1668 2048 vincuntur;
1724 1997 2008 2069 sanntoncs

2119 2005 2221 2059 ρας
2248 1987 2497 2058 εὑρίσκει
2530 1987 2805 2058 σφαλερὸν
2836 1987 2928 2039 καὶ
2964 1985 3108 2056 μάλα
3136 1987 3539 2055 πολεμιώτατον
3566 1991 3668 2051 τοῖς

413 2078 775 2148 κυιιιιιιηοίρία
807 2075 1070 2130 modestis
1093 2072 1448 2141 honestisque
1472 2072 1766 2140 imperant.
1803 2070 1940 2123 Tum
1964 2079 2008 2124 el

2114 2077 2379 2146 ἁρχηγοῖς
2412 2074 2523 2128 τῶν
2558 2074 2735 2143 ἔργων
2785 2073 3140 2144 βουλεύμασι,
3176 2076 3270 2127 τοῦ
3316 2073 3450 2127 Θεοῦ
3498 2077 3669 2130 τοιαύ-

415 2162 655 2225 θιιτιιίυηι
715 2168 1178 2239 magistratus,-et
1208 2165 1649 2235 patresi’amilias,
1680 2171 1738 2218 et
1762 2163 2008 2218 tribunos

2114 2182 2213 2237 την
2250 2169 2375 2218 τινὰ
2422 2163 2521 2236 τήν
2552 2164 2736 2236 κρίσιν
2768 2162 2976 2219 ἀνωθεν
3024 2164 3469 2229 ταλαντεύοντος.
3495 2167 3673 2219 Εὐδαι-

430 2267 630 2336 plebis,
663 2274 717 2318 et
752 2263 962 2325 azdiles,
996 2272 1052 2314 et
1090 2270 1376 2330 pra-tores,
1421 2258 1532 2312 into
1579 2256 1750 2327 ipsius
1793 2269 2008 2325 quoque

2117 2254 2341 2325 μονοῦσι
2377 2253 2422 2308 δ’
2453 2256 2642 2308 ὁπόσοι
2690 2255 2975 2325 δυστυχεῖς
3009 2270 3156 2319 τινες
3192 2258 3286 2309 καὶ
3332 2257 3550 2326 ἀφανεῖς
3584 2261 3672 2310 καὶ

413 2358 745 2416 ςιιιοιιοειίοω
769 2354 1074 2424 disciplina:
1101 2349 1376 2405 antistites
1405 2363 1598 2404 omnes
1620 2346 1828 2411 videas,
1857 2347 2008 2402 velut

414 2473 496 2511 rex
529 2450 855 2522 composito,
904 2443 1258 2516 impudentiae
1305 2452 1362 2497 et
1405 2440 1719 2512 petulantize
1765 2439 2004 2500 servire,

378 2544 385 2559 “
418 2563 534 2604 .uec
564 2562 631 2602 ex
663 2543 843 2599 cilicio
866 2540 1167 2610 quidquam
1202 2535 1382 2591 facere
1406 2544 1501 2589 aut
1531 2548 1690 2604 posse
1722 2542 1817 2586 aut
1844 2528 2004 2603 317

2115 2348 2479 2417 παραπλῆγες
2522 2347 2621 2400 καὶ
2676 2346 2970 2419 Ἐριννύων
3024 2348 3303 2418 πεφύκασι
3349 2346 3667 2421 θρέμματα·

2114 2436 2210 2490 καὶ
2240 2434 2467 2489 νικῶσιν
2523 2435 2628 2489 ἀνα
2677 2436 2879 2507 κράτος
2908 2434 3037 2495 τοὺς
3076 2436 3356 2508 ἔμφρονας
3404 2439 3626 2508 ἄφρονες
3652 2454 3667 2469 ο

2113 2528 2209 2578 καὶ
2238 2524 2557 2595 κυριεύουσι
2607 2525 2721 2578 τῶν
2764 2525 3010 2595 κοσμίων
3058 2528 3153 2580 καὶ
3190 2527 3544 2599 εὐσχημόνων
3584 2530 3674 2580 ἀη-

425 2641 596 2695 ~velle.
630 2637 757 2692 [lace
787 2636 857 2689 ita
890 2648 950 2687 se
984 2630 1188 2685 habere
1216 2643 1282 2682 ex
1310 2626 1401 2694 iis,
1440 2641 1562 2697 qua:
1603 2625 1713 2696 iam
1736 2625 2004 2690 dicemus,

2114 2618 2253 2688 δρῶν
2286 2614 2594 2688 ὲμπαῖκταί
2622 2636 2768 2679 τινες
2795 2620 2889 2673 καὶ
2911 2620 3219 2691 οἰκότριϐες
3249 2620 3551 2691 ἄνθρωποι.
3579 2619 3674 2672 Καὶ

419 2730 732 2788 ..ϐοηειῃὶδίι,
2115 2714 2215 2766 ἴδοι
2249 2728 2334 2773 τις
2365 2709 2432 2764 ἂν
2470 2711 2775 2782 τηνικαῦτα
2808 2714 2936 2775 τούς
2967 2729 3028 2766 τε
3059 2714 3448 2784 δημαγωγοὺς,
3474 2712 3591 2775 τούς
3620 2729 3674 2764 τε

431 2830 541 2883 τῶν
568 2828 777 2880 πόλεων
822 2823 1111 2892 ἄρχοντας,
1144 2821 1271 2883 τούς
1299 2835 1357 2871 τε
1403 2816 1513 2870 τῶν
1546 2810 1759 2879 οἰκιῶν,
1819 2810 1946 2871 τούς
2007 2824 2068 2861 τε
2108 2807 2486 2876 ἀγορανόμους
2523 2807 2617 2860 καὶ
2667 2805 3052 2871 δικασπόλους,
3083 2809 3177 2860 καὶ
3221 2808 3361 2878 πρός
3394 2824 3457 2876 γε
3500 2808 3675 2861 ὀπόσοι

366 2978 373 2985 ,
430 2923 527 2979 τοῦ
600 2914 891 2992 μοναδικοῦ
949 2914 1273 2984 προστατεῖν
1327 2911 1518 2980 ἔλαχον
1577 2908 1716 2977 βίου,
1782 2902 1994 2966 πάντας
2074 2901 2331 2971 καθάπερ
2386 2900 2498 2956 ἀπὸ
2594 2899 2892 2973 συμφώνου
2948 2901 3095 2964 τινὸς
3150 2905 3216 2972 τῇ
3284 2902 3533 2972 ἀναιδείᾳ
3591 2905 3678 2954 καὶ

434 3016 631 3085 ἀταξίᾳ
662 3007 1064 3081 λατρεύοντας,
1100 3005 1196 3058 κα)⁸
1236 3004 1389 3058 οὐδὲν
1433 3002 1584 3070 ὑγιὲς
1634 2999 1898 3070 πράττειν
1962 2993 2087 3050 οὔτε
2125 2994 2497 3067 δυναμένους,
2560 2993 2687 3048 οὔτε
2762 2992 3071 3059 ἐθέλοντας.
3128 2995 3431 3050 Βεδαιῶσει
3505 2996 3560 3051 δὲ
3618 2998 3679 3049 τά

422 3111 705 3180 ηλεγόμενα
763 3103 858 3155 καὶ
911 3100 1056 3169 ἅπερ
1110 3100 1310 3152 αὐτίκα
1354 3095 1598 3162 λέξοντες
1645 3095 1854 3165 ἥκομεν
1905 3091 2001 3144 καλ¹
2038 3092 2225 3161 ἡμεῖς,

508 3204 573 3259 ν.
614 3202 748 3258 Nam
776 3212 901 3267 cum
929 3196 1230 3251 Turcarum
1265 3192 1598 3262 irruptiones
1635 3204 1750 3262 rem
1803 3188 2002 3242 Roma-

2183 3185 2258 3242 E'.
2306 3187 2465 3241 Ἐπεὶ
2513 3188 2622 3259 γάρ
2658 3189 2738 3253 εἰς
2794 3187 2999 3258 πλῆθος
3031 3189 3066 3258 ή
3120 3187 3230 3242 τῶν
3267 3187 3532 3258 Τούρκων
3559 3187 3680 3239 ἐπε·

438 3312 560 3354 nam
590 3293 956 3357 undecunque
1004 3294 1306 3342 atterentes
1351 3300 1407 3338 et
1454 3282 1778 3337 alﬂictantes
1826 3279 2011 3334 incre-

430 3365 782 3447 brescerent,
806 3394 865 3438 et
889 3379 1158 3452 quidquid
1187 3378 1308 3445 opis
1338 3391 1400 3430 ac
1427 3372 1663 3431 Subsidii
1704 3372 1758 3425 in
1795 3369 2008 3425 viribus

420 3498 537 3538 ‘seu
588 3475 909 3534 domesticis
943 3488 1039 3526 seu
1082 3468 1443 3524 auxiliaribus
1476 3466 1714 3537 positum
1757 3462 1918 3521 foret.
1953 3461 2009 3515 id

419 3587 605 3627 ‘omtte
667 3580 892 3639 prorsus
937 3562 1135 3618 inutile
1175 3575 1243 3614 ac
1277 3557 1488 3612 nullum
1540 3569 1662 3611 esse
1713 3554 2011 3624 imperator

438 3661 708 3720 divinitus
758 3656 1109 3725 intelligeret,
1162 3651 1266 3706 alia
1321 3650 1405 3704 via
1435 3664 1553 3704 rem
1592 3661 1853 3717 agressus
1900 3654 2007 3710 est,

440 3752 655 3811 lubrica
684 3752 775 3806 illa
813 3749 1059 3819 quidem,
1100 3745 1146 3800 si
1174 3757 1302 3799 vere
1342 3738 1661 3797 consideres
1687 3747 1744 3794 et
1775 3737 2007 3807 aequita-

424 3858 549 3901 tem
584 3851 839 3914 spectes,
883 3854 993 3893 non
1024 3848 1202 3891 tamen
1240 3847 1467 3904 prorsus
1502 3827 1861 3901 imprudenti,
1901 3836 2011 3882 tam

440 3910 689 3994 adversis
728 3944 789 3995 et
821 3941 928 3985 tam
981 3928 1183 3999 iniquis
1237 3923 1597 3994 temporibus.
1646 3910 1785 3976 Nam
1829 3934 2011 3973 annua

428 4028 787 4085 subditorum
831 4022 1033 4076 tributa
1080 4033 1284 4089 augere
1323 4014 1787 4087 statuit;quibus
1821 4010 2047 4067 divisis‘

428 4129 654 4194 partem
685 4118 741 4173 in
776 4116 913 4171 alios
954 4128 1085 4169 usus
1133 4109 1431 4181 quotannis
1466 4106 1768 4170 conferret,
1801 4114 2010 4175 partetn

435 4209 976 4272 ﬁnitimis'ltostibus
1003 4204 1366 4275 impenderet,
1401 4214 1576 4271 eaque
1608 4200 1821 4254 ratione
1850 4213 2015 4254 vena-

438 4309 548 4361 lem
602 4306 671 4359 ab
711 4301 776 4356 iis
815 4313 1003 4371 pacem
1046 4297 1341 4366 acciperet.
1393 4290 1550 4358 Quod
1588 4290 1828 4361 perinde
1887 4287 2011 4353 fuit,

440 4414 505 4454 ac
537 4398 581 4452 si
617 4397 739 4466 quis
769 4390 1068 4447 amicitiam
1133 4388 1391 4459 luporum
1428 4384 1659 4440 mercari
1695 4383 1885 4438 volens
1914 4396 2010 4437 ve-

441 4505 541 4543 nas
580 4484 684 4543 sibi
737 4485 792 4540 in
824 4483 1099 4555 plerisque
1151 4478 1400 4550 corporis
1429 4475 1683 4548 .partibus
1716 4474 2009 4538 incideret,

2119 3278 2355 3333 πόλασεν
2387 3279 2600 3349 ἔφοδος,
2633 3281 2971 3353 πανταχόθεν
3003 3282 3091 3336 ἀεὶ
3138 3280 3417 3353 ζημϊοῦσα
3452 3284 3541 3334 καὶ
3573 3281 3683 3333 δια-

2116 3372 2378 3444 τιθεμένη
2404 3373 2593 3438 κακῶς
2619 3373 2689 3427 τά
2727 3352 3018 3445 Τωμαίων
3042 3378 3370 3446 πράγματα,
3400 3377 3490 3430 καὶ
3520 3376 3680 3430 πᾶσαι

2122 3466 2362 3535 μηχαναὶ
2397 3463 2494 3519 καὶ
2538 3464 2788 3536 παλάμαι
2819 3468 3043 3539 γνήσιαι
3089 3485 3145 3524 τε
3197 3469 3294 3522 καὶ
3350 3469 3682 3540 συμμαχικαὶ

2117 3555 2194 3629 τῷ
2247 3557 2459 3629 βασιλεῖ
2515 3558 2702 3613 θεόθεν
2756 3562 3106 3615 παντάπασιν
3154 3563 3502 3635 ἠλέγχθησάν
3534 3562 3681 3618 οὖσαι

2122 3652 2311 3724 μηδὲν,
2347 3654 2545 3725 ἑτέραν
2573 3655 2864 3726 ἐτράπετο,
2899 3655 3175 3728 σφαλερὰν
3211 3658 3314 3729 μὲν
3337 3659 3479 3713 κατά
3508 3675 3569 3727 γε
3597 3656 3680 3710 τὸν

2118 3745 2295 3817 ἀληθῆ
2343 3749 2438 3800 καὶ
2465 3746 2674 3801 δίκαιον
2711 3748 2871 3818 λόγον
2893 3766 2907 3780 ’
2953 3750 3093 3822 πρὸς
3130 3751 3185 3804 δὲ
3231 3752 3376 3805 οὓτω
3401 3752 3572 3822 βίαιον
3597 3752 3683 3803 καὶ

2118 3841 2532 3912 ἀνταγωνιστὴν
2585 3843 2799 3912 χρόνον,
2846 3843 2908 3897 οὐ
2959 3844 3100 3898 πάνυ
3131 3861 3213 3897 τοι
3255 3846 3465 3915 σφόδρα
3505 3841 3684 3898 ὰσύνε-
3750 3876 3755 3883 ο

2118 3953 2232 3990 τον.
2270 3936 2453 4004 Ἔγνω
2476 3934 2591 4006 γὰρ
2614 3937 2741 4000 τοὺς
2769 3937 3022 4008 ἐτησίους
3042 3937 3150 3990 τῶν
3172 3938 3431 4007 ὑπηκόων
3463 3934 3681 4003 αὐξῆσαι

2121 4026 2322 4096 φόρους
2347 4043 2363 4059 ·
2403 4028 2499 4096 ἀφ’
2527 4025 2603 4083 ῶν
2635 4027 2995 4100 μεριζόμενον
3020 4031 3279 4101 χορηγεῖν
3299 4031 3405 4084 ἀνὰ
3436 4030 3542 4083 πᾶν
3572 4029 3679 4088 ετος

2117 4123 2243 4182 ταῖς
2279 4136 2338 4174 τε
2384 4120 2575 4185 ἄλλαις
2620 4122 2836 4192 χρείαις
2885 4124 2978 4176 καὶ
3026 4122 3148 4192 νᾶμα
3186 4125 3301 4186 τοῖς
3338 4122 3545 4191 γείτοσι
3581 4121 3680 4171 τῶν
3742 4166 3749 4171 .

2119 4212 2331 4283 ἐχθρῶν
2363 4212 2458 4267 καὶ
2502 4212 2665 4269 ὤνιον
2722 4215 2927 4269 οὑτωσὶ
2979 4216 3079 4286 τὴν
3129 4216 3345 4270 ἐκεῖθεν
3393 4215 3681 4287 λαμϐάνειν

2119 4305 2346 4375 είρήνην
2367 4321 2381 4337 ·
2410 4306 2595 4374 ὅμοιον
2619 4306 2811 4371 ποιῶν,
2836 4306 3024 4377 ὥσπερ
3054 4308 3120 4363 ἂν
3143 4307 3199 4360 εἴ
3218 4325 3302 4371 τις
3337 4308 3516 4376 φιλίαν
3541 4309 3681 4376 παρα

2116 4396 2228 4449 τῶν
2255 4396 2437 4450 λύκων
2466 4396 2797 4467 ὠνούμενος,
2832 4399 3022 4452 ἔπειτα
3050 4400 3149 4462 τὰς
3187 4400 3399 4463 οἰκείας
3430 4398 3683 4467 πολλαχό·

2122 4489 2216 4540 θεν
2238 4486 2456 4558 τέμνων
2486 4487 2691 4557 φλέὃας
2724 4489 2904 4544 πίνειν
2934 4491 3165 4553 ἐκείνοις
3212 4495 3444 4564 παρεῖχε
3478 4493 3571 4545 καὶ
3595 4494 3679 4560 ἑμ-

438 4594 496 4637 et
539 4580 802 4649 sanguine
847 4591 947 4629 suo
991 4573 1117 4627 illos
1164 4570 1341 4641 potari
1390 4579 1446 4623 et
1498 4567 1823 4638 lngurgitarl
1864 4568 2008 4623 ultro

2115 4580 2403 4648 φορεῖσθαι
2445 4580 2540 4633 τοῦ
2575 4580 2834 4649 αἵματος.
2874 4581 3040 4636 Ὅθεν
3087 4584 3281 4653 καιρὸν
3312 4585 3596 4655 εἰληφότες
3640 4582 3681 4634 οἱ

430 4665 804 4742 permitteret.
837 4665 992 4723 Unde
1025 4663 1304 4734 publicani
1354 4669 1411 4716 et
1463 4671 1746 4716 exactores
1794 4668 2013 4728 sumpta

439 4763 728 4818 occasione
750 4759 841 4813 alii
868 4755 1006 4810 alios
1029 4759 1374 4809 antevertere
1401 4750 1753 4812 studuerunt,
1779 4749 2015 4819 quisque

410 4857 597 4926 aplura
638 4868 697 4907 se
735 4850 1143 4921 persoluturum
1180 4843 1466 4914 pollicens,
1507 4841 1553 4897 si
1587 4838 1857 4911 ejusmodi
1895 4854 2017 4893 mum

441 4947 595 5002 neris
623 4940 1029 4998 administratio
1055 4937 1162 4992 sibi
1188 4934 1567 4989 mandaretur.
1597 4931 1783 5002 Itaque
1812 4933 2013 4998 exiguo

445 5050 712 5108 tempore,
754 5033 1005 5104 quamvis
1039 5026 1277 5084 Romani
1328 5026 1548 5097 imperii
1592 5022 1732 5081 ﬁnes
1781 5022 2013 5078 subinde

444 5128 928 5186 contraherentur,
983 5123 1065 5178 sic
1116 5121 1324 5192 reditus
1373 5119 1540 5173 annui
1591 5126 1915 5181 creverunt,
1956 5126 2014 5171 ot

446 5222 645 5277 millies
673 5219 890 5274 millena
923 5218 1247 5272 nomismata
1279 5212 1581 5284 quotannis
1614 5211 1669 5265 in
1713 5212 1904 5266 fiscum
1943 5212 2012 5265 ab

446 5316 535 5380 iis,
565 5312 659 5384 qui
706 5310 970 5383 pecunias
999 5324 1067 5363 ac
1114 5307 1320 5362 tributa
1350 5305 1700 5376 colligebant,
1739 5304 2012 5359 referren-

442 5420 550 5462 tur.
582 5404 736 5461 Unde
766 5404 953 5459 senior
976 5404 1276 5471 imperator
1305 5398 1360 5454 in
1385 5399 1569 5457 animo
1597 5396 1857 5461 habebat,
1885 5412 2010 5467 per-

442 5509 665 5569 petuam
698 5496 888 5565 viginti
923 5492 1228 5548 triremium
1261 5491 1491 5547 classem
1528 5501 1722 5545 contra
1760 5490 2006 5544 marinos

2111 4665 2344 4720 τελῶναι
2376 4666 2469 4721 καὶ
2501 4667 3016 4745 φορολόγοι,ξτερος
3050 4670 3243 4741 ἕτερον
3274 4671 3509 4740 ἔφθανεν
3532 4671 3682 4724 ὑπισ-

2112 4758 2410 4830 χνούμενος
2461 4760 2629 4814 πλείω
2683 4762 2942 4832 παρέξειν
2995 4764 3185 4830 αὐτὸς,
3249 4765 3532 4837 ὑπηρέτης
3591 4762 3683 4831 τῆς

2112 4851 2368 4923 τοιαύτης
2402 4852 2680 4917 καταστάς
2708 4851 3048 4924 διοικήσεως.
3087 4857 3198 4908 Καὶ
3242 4856 3416 4921 οὕτως
3446 4860 3502 4910 ὲν
3530 4857 3684 4923 ὀλίγῳ

2111 4939 2190 5014 τῷ
2238 4944 2436 5014 χρόνῳ,
2469 4944 2648 4997 καίτοι
2700 4945 3042 5016 βραχυτέρας
3093 4948 3179 5000 ἀεὶ
3220 4950 3556 5018 γιγνομένης
3591 4947 3683 5018 τῆς

2119 5037 2227 5088 τῶν
2268 5030 2552 5104 Ῥωμαίων
2591 5036 2969 5104 ἐπικρατείας,
3007 5038 3156 5108 ὅμως
3186 5042 3266 5104 είς
3297 5039 3480 5110 χιλίας
3522 5038 3681 5110 ηὔξη-

2120 5141 2211 5177 ται
2257 5123 2502 5194 χιλιάδας
2536 5121 2607 5176 τὰ
2632 5123 2770 5193 πρὸς
2815 5124 2926 5176 τῶν
2965 5122 3352 5196 άργυρολόγων
3392 5131 3484 5182 καὶ
3534 5146 3683 5199 φορο-

2119 5217 2293 5284 λόγων
2316 5216 2439 5270 κατ’
2463 5216 2582 5279 ἔτος
2609 5218 2688 5280 είς
2714 5216 2775 5268 τὸ
2799 5214 3079 5286 βασιλικὸν
3103 5220 3444 5291 εἰσαγόμενα
3468 5229 3683 5290 ταμειον

2116 5310 2452 5380 νομίσματα.
2501 5307 2590 5372 Ἐξ
2613 5303 2688 5362 ὧν
2716 5302 2783 5379 ἦν
2813 5306 2890 5379 τῷ
2920 5313 3138 5382 γηραιῷ
3174 5313 3391 5383 βασιλεῖ
3415 5313 3549 5380 πρὸς
3569 5311 3706 5381 βου-ι

2115 5403 2324 5475 λήσεως
2373 5404 2710 5472 καταστῆναι
2746 5407 2995 5477 τριήρεις
3054 5405 3154 5475 μὲν
3200 5406 3375 5459 εῖκοσι
3423 5406 3682 5475 διηνεκεῖς

2115 5492 2257 5545 κατὰ
2289 5491 2396 5544 τῶν
2433 5491 2736 5549 θαλαττίων
2793 5498 2889 5548 καὶ
2942 5495 3401 5566 παραθαλαττίων
3436 5492 3640 5565 ἐχθρῶν
3661 5506 3674 5520 ·

1608 5651 1647 5665 ~
1769 5630 2101 5694 Variorum
2139 5645 2324 5697 natea.

442 5788 683 5851 errorem
713 5778 987 5849 ascriptus
1012 5786 1113 5842 est,
1148 5793 1246 5848 pro
1276 5792 1417 5830 anno
1460 5776 1617 5843 l52I,
1653 5784 1711 5831 ut
1741 5784 1800 5832 et
1829 5775 2009 5851 capite
2050 5774 2228 5844 pritno
2270 5773 2514 5843 ejusdem
2569 5778 2695 5834 libri
2760 5795 2937 5836 anuus
2980 5779 3133 5844 1321,
3167 5795 3266 5849 pro
3317 5794 3466 5834 anno
3526 5777 3674 5832 ιδεο.

442 5850 652 5903 ltotvtx.

3762 582 3775 609 κ
