4016 6582
345 476 453 540 4‘97
597 477 674 550 [Α.
717 495 765 535 c.
813 482 947 537 1282
988 500 1052 540 ιι)
1099 484 1258 558 1528]
1335 490 1780 552 BYZANTINﬁ
1823 488 2214 553 HISTORt/E
2257 495 2400 556 LIB.
2447 498 2607 558 \‘Itt.
2701 493 2835 550 Intr-
2880 507 3154 548 Amomc.
3194 491 3342 564 sm]
3481 496 3606 562 ωδε

350 595 584 661 στρατὸν
624 597 668 648 δ’
711 600 1082 668 ὴπειρωτικδν
1110 608 1167 656 ἐν
1209 607 1308 675 μὲν
1347 606 1566 675 Βιθυνίᾳ
1598 605 1800 674 χιλίους
1829 603 1917 656 ίπ·

2020 614 2076 658 et
2127 608 2429 663 maritimos
2478 609 2666 666 hostes
2729 611 3061 672 instituere;
3117 617 3407 664 terrestres
3455 625 3586 662 rem

349 685 489 750 πέας
519 687 807 758 διηνεκεῖς,
850 695 908 744 ἐν
950 693 1005 745 δὲ
1043 695 1234 766 Θρᾴκῃ
1280 698 1374 749 καὶ
1402 695 1714 765 Μακεδονίᾳ
1744 695 1915 762 δισχι-

2021 699 2207 765 (‘npias
2263 702 2314 755 in
2373 703 2626 774 Bithynia
2684 704 2830 757 mille
2881 705 3094 772 equites
3147 714 3481 772 perpetuos;
3531 703 3583 753 in

344 777 497 842 λίους
548 781 746 848 ὁμοίως
773 800 786 813 ⁸
823 785 889 836 τὰ
927 785 974 837 δ’
1021 787 1288 840 ὑπόλοιπα
1328 789 1586 856 χρήματα
1633 786 1919 839 ἀναλίσκε-

2023 788 2257 850 Thracia
2295 802 2349 848 et
2384 793 2695 849 Macedonia
2732 796 2896 864 318
2933 797 3017 849 bis
3048 797 3194 849 inille
3225 797 3366 848 item
3391 809 3585 863 perpco

346 871 475 925 σθαι
538 875 674 942 πρὸς
735 875 977 940 δαπάνας
1045 879 1152 934 τῶν
1211 879 1529 952 όθενδήποτε
1587 881 1920 949 προσιόντων

2025 891 2180 937 tuos:
2203 885 2465 954 reliqttam
2490 903 2619 941 vero
2641 889 2928 954 pecuniam
2958 888 3009 940 in
3035 897 3286 955 sumptus
3307 886 3588 941 undecun-

348 965 539 1018 ἄλλοτε
558 967 736 1020 ἄλλων
760 970 1061 1039 πρέσϐεων,
1085 973 1179 1025 καὶ
1200 973 1466 1043 χορηγίας
1487 973 1786 1034 ἐνιαυσίους
1813 973 1922 1024 τῶν

2024 989 2130 1043 quc
2168 975 2579 1032 advenientium
2613 979 2938 1048 legatorum,
2967 990 3021 1031 et
3057 980 3109 1032 in
3157 995 3333 1031 annua
3386 977 3585 1030 tributa

351 1059 836 1126 περικυκλούντων
882 1063 1072 1125 ἐθνῶν,
1119 1065 1209 1116 καὶ
1250 1065 1369 1116 ὅσαι
1402 1064 1557 1116 ἄλλαι
1597 1062 1786 1132 μυρίαι
1834 1063 1925 1115 δα-

2027 1066 2274 1122 ﬁnitimis
2297 1071 2551 1140 gentibus
2576 1071 2936 1140 persolvenda
2961 1071 3233 1130 conferre.
3253 1079 3590 1136 caeterosqnc

350 1149 517 1201 πάγαι
542 1153 651 1211 τοῖς
687 1151 976 1220 βασιλείοις
1010 1153 1308 1225 καθήκουσι
1331 1153 1666 1224 πράγμασιν.
1689 1155 1771 1226 ΙΡ.
1798 1154 1921 1226 196]

2028 1160 2241 1230 imperii
2294 1172 2544 1231 sumptus
2606 1180 2743 1233 pene
2797 1164 3056 1218 iutiuitos.
3101 1163 3206 1217 Sed
3254 1163 3488 1231 quiane
3539 1161 3590 1214 id

360 1241 504 1294 Ἀλλ’
542 1244 665 1295 ἐπεὶ
719 1245 810 1296 καὶ
847 1244 963 1311 Θεῷ
1001 1262 1065 1311 γε
1100 1247 1160 1298 οὐ
1194 1247 1334 1315 μάλα
1374 1247 1610 1300 ἐθέλοντι
1639 1243 1725 1316 ἦν,
1762 1247 1829 1301 δι’
1860 1248 1926 1309 ἃς

2028 1253 2248 1317 quidem
2284 1255 2533 1324 placebat
2581 1257 2724 1320 Deo,
2772 1268 2998 1325 propter
3046 1271 3259 1316 causas.
3296 1270 3433 1324 quas
3479 1253 3595 1322 ipse

351 1331 515 1392 αὐτὸς
542 1328 685 1385 οἶδεν
713 1335 908 1398 αἰτίας,
939 1338 1198 1406 ἐξαίφνης
1224 1339 1439 1391 ἅπαντα
1483 1338 1570 1392 διὰ
1610 1341 1706 1408 τῆς
1743 1341 1926 1410 κοινῆς

2029 1344 2204 1405 novit,
2250 1345 2435 1399 subito
2465 1347 2647 1401 omnia
2689 1348 2920 1403 confuso
2971 1347 3066 1401 illo
3099 1346 3412 1416 reipublicae
3451 1355 3593 1400 statu

346 1427 558 1494 ταύτης
615 1427 927 1497 συγχύσεως
963 1430 1388 1502 ἀνατέτραπται,
1440 1431 1692 1503 καθάπερ
1752 1432 1919 1486 κύϐου

2029 1451 2223 1492 eversa
2255 1447 2406 1502 sunt,
2441 1447 2502 1493 ut
2531 1439 2588 1494 in
2621 1439 2758 1504 alca,
2793 1455 2916 1495 cum
2947 1446 3150 1495 tessera
3183 1439 3235 1492 in
3263 1438 3597 1503 contrarium

350 1521 776 1585 μεταπεσόντος.

696 1539 776 1583 ος.
2031 1531 2282 1585 vertitur.

427 1613 558 1677 εῖν..
581 1613 897 1683 Θαυμάζειν
952 1616 996 1669 δ’
1051 1613 1144 1670 οὖν
1175 1618 1325 1686 ὅμως
1357 1617 1535 1688 χρεὼν
1563 1619 1659 1690 τήν
1689 1619 1932 1691 ἄρρητον

2107 1623 2191 1678 Vl.
2233 1624 2623 1680 Admiratione-
2643 1635 2826 1680 tamen
2863 1627 3025 1694 digna
3055 1638 3140 1682 cst
3172 1627 3466 1682 incﬂ‘abilis
3509 1627 3599 1680 illa

346 1704 448 1756 τοῦ
477 1707 546 1758 τὰ
580 1707 757 1760 πάντα
795 1708 1102 1776 ἐφορῶντος
1133 1711 1484 1779 κηδεμονίαν,
1519 1713 1636 1773 πῶς
1672 1713 1932 1776 πλείστας

2048 1716 2280 1770 )mnium
2327 1717 2649 1785 inspectoris
2703 1717 2795 1771 Dei
2850 1719 3160 1783 clementia,
3191 1720 3283 1788 qui
3333 1734 3457 1773 cum
3502 1735 3634 1771 nos.

348 1797 495 1864 ὁμοῦ
547 1801 641 1851 καὶ
682 1801 884 1868 ἀθρόας
924 1802 1080 1870 ἡμῶν
1120 1802 1447 1871 ὀφειλόντων
1477 1803 1675 1858 διδόναι
1715 1807 1814 1868 τὰς
1852 1805 1932 1858 δί-

2035 1805 2310 1862 diuturnae
2338 1808 2708 1874 improbitatis
2732 1824 2924 1879 pinnas
2949 1811 3210 1879 plurimas
3243 1826 3446 1879 easque
3479 1827 3601 1862 ron-

354 1907 458 1951 κας
521 1891 664 1960 ὑπὲρ
703 1894 919 1960 μακρᾶς
958 1895 1060 1960 τῆς
1103 1895 1323 1960 κακίας,
1386 1896 1526 1965 μετά
1581 1913 1724 1959 τινος
1771 1897 1932 1960 αὐτὸς

356 1981 576 2004 ---.E-.’-
611 1984 698 2004 --μὶ
733 1983 854 2004 -_.‘._
897 1983 976 2004 ﬂ_,
1017 1983 1136 2004 ‘1“,
1162 1984 1224 2004 \,,
1279 1984 1340 2004 ρ]
1388 2003 1401 2004 κ
1493 1987 1529 2004 de
1573 2003 1579 2004 ,
1791 1987 1801 2002 ο

2038 1901 2202 1956 fertas
2231 1901 2382 1954 luere
2409 1901 2758 1960 deberemus.
2790 1917 2885 1956 eas
2916 1911 3095 1957 tamen
3133 1918 3295 1972 paree
3324 1913 3381 1957 et
3415 1903 3605 1956 Imma-

354 1981 576 2045 φειδοῦς
611 1984 704 2034 καὶ
729 1983 1138 2053 φιλανθρωπίας
1162 1984 1460 2054 λαμϐάνειν
1491 1987 1673 2054 ἔκρινε
1705 1987 1930 2050 ταύτας.

2037 1993 2180 2047 niter
2210 1992 2546 2062 expetendas
2570 2009 2692 2050 esse
2715 1993 3067 2062 judicaverit.
3095 1995 3282 2062 Neque
3308 1995 3453 2049 enim
3475 1996 3607 2050 alic-

354 2072 434 2122 Ού
493 2072 603 2142 γὰρ
662 2074 965 2143 ἀλλοτρίοις
1003 2077 1149 2128 τιοὶν
1193 2077 1304 2129 οὐδ’
1339 2077 1656 2146 ἀλλοφύλοις
1717 2078 1934 2150 ἐχθροῖς

2035 2084 2254 2152 nigenis
2299 2084 2557 2139 Barbaris
2609 2093 2772 2149 atque
2821 2085 3460 2140 immanibus-hostibus
3505 2103 3607 2138 nis

356 2166 451 2216 καὶ
492 2166 708 2232 ἀγρίοις
759 2168 1082 2234 παρέδωκεν
1134 2171 1308 2238 ἡμᾶς,
1349 2169 1464 2222 ἀλλ’
1505 2168 1797 2240 ὁμοφύλοις
1843 2173 1937 2224 ἀν-

2043 2175 2304 2230 tradidit:
2359 2175 2454 2230 sed
2512 2177 2872 2246 popularibus
2914 2186 2968 2232 et
3013 2178 3177 2241 notis,
3229 2187 3283 2231 et
3332 2177 3398 2230 iis
3433 2177 3525 2246 qui
3577 2193 3629 2230 al

357 2258 604 2326 θρώποις
634 2260 724 2310 καὶ
766 2261 1041 2330 ίσοψύχοις
1075 2265 1166 2314 καὶ
1194 2267 1459 2340 γνωστοῖς
1486 2265 1580 2317 καὶ
1611 2265 1934 2333 μαλακωτέ-

2036 2270 2245 2323 nostris
2297 2268 2546 2322 moribus
2591 2285 2699 2322 non
2753 2269 3158 2334 abhorrerent,
3203 2269 3452 2338 adeoque
3494 2270 3607 2324 el:-

357 2352 571 2420 ροις.ἣ
641 2352 774 2422 παρ’
833 2347 906 2407 ὧν
959 2355 1125 2424 ἐχρῆν
1183 2358 1332 2426 ἡμᾶς
1375 2359 1757 2427 τιμωρεῖσθαι,
1809 2360 1938 2419 τοὺς,

2037 2362 2338 2414 mentiores
2385 2368 2570 2413 essent
2620 2360 2706 2424 iis,
2742 2376 2839 2429 per
2871 2377 3017 2430 quos
3044 2363 3311 2437 puniendi
3340 2379 3605 2425 eramus;

355 2443 581 2507 πλείους
614 2447 751 2508 τέως
780 2446 890 2499 τῶν
918 2448 1108 2519 κύκλῳ
1137 2450 1262 2503 καθ’
1284 2452 1444 2519 ἡμῶν
1476 2452 1818 2522 μαινομένων
1843 2452 1936 2506 θα-

2038 2453 2316 2522 plerisque
2365 2452 2620 2506 videlicet
2655 2467 2873 2518 eorum,
2907 2455 3001 2523 qui
3025 2455 3385 2510 circumcirca
3421 2458 3474 2510 in
3509 2473 3612 2512 nos

357 2533 513 2602 witty,
546 2536 939 2604 προαρπάσαςο
982 2537 1072 2591 ἵνα
1119 2541 1193 2610 μὴ
1241 2542 1360 2594 κατ’
1402 2541 1649 2612 ἀλλήλοιν
1679 2543 1810 2612 ἡμῖν
1847 2545 1938 2596 ἐκ·-

2039 2548 2358 2610 εαινίειιιιηι,
2391 2557 2566 2601 morte
2601 2548 2912 2617 prmreptis.
2940 2563 3008 2603 ne
3041 2565 3142 2604 uos
3173 2549 3434 2604 intestino
3468 2550 3625 2604 bello-

360 2625 728 2692 πολεμωθείσι
791 2631 886 2680 καὶ
930 2630 1160 2700 καλάμῳ
1204 2634 1652 2702 συντετριμμένιρ
1693 2635 1936 2705 ἀτεχνῶς

2038 2638 2381 2696 conﬂictatos
2404 2647 2458 2692 et
2484 2638 2765 2692 confracta
2792 2640 3002 2693 calamo
3026 2640 3184 2709 plane
3213 2642 3420 2696 similes
3443 2642 3607 2696 etiam

358 2719 604 2770 ἐοικόσιν
633 2721 984 2788 ἐπιτιθέντες,
1012 2723 1251 2776 κάκεῖνοι
1281 2726 1486 2800 πάντας
1513 2726 1682 2796 ἄρδην
1716 2727 1796 2789 είς
1821 2727 1937 2781 ὀλέ-

2040 2732 2116 2784 illi
2151 2733 2394 2800 aggressi
2423 2729 2673 2783 funditus
2703 2743 2896 2783 omnes
2929 2729 3308 2785 internecione
3335 2731 3607 2786 delerent.

360 2814 501 2884 θρου
569 2816 764 2884 βυθοὺς
803 2817 1274 2887 παραπέμψωσιν.
1338 2817 1429 2870 Ἐν
1487 2819 1597 2888 γὰρ
1647 2817 1822 2888 τούτῳ
1861 2817 1939 2888 τῷ

2039 2823 2136 2878 llis
2191 2824 2338 2877 enim
2392 2821 2730 2890 temporibus
2787 2822 2924 2876 obiit
2968 2823 3154 2876 Crales
3195 2822 3439 2889 Servize;
3475 2823 3613 2878 obiit

355 2907 544 2976 χρόνῳ
595 2908 826 2979 τέθνηκε
880 2909 978 2978 μὲν
1018 2913 1044 2963 6
1097 2911 1320 2981 Κράλης
1374 2911 1603 2980 Σερῦίας
1637 2910 1746 2978 (7-4)
1776 2928 1792 2943 ·
1847 2910 1938 2970 1:6-

2040 2927 2096 2972 et
2124 2917 2477 2979 V'enceslaus.
2525 2917 2884 2988 Bulgarorum
2928 2917 3202 2986 princeps.
3248 2917 3340 2970 Est
3372 2924 3426 2969 et
3455 2931 3483 2968 a
3525 2931 3613 2970 so-

359 2998 534 3070 ονηκε
568 3000 614 3054 δ’
645 3004 674 3056 6
723 3005 834 3055 τῶν
884 3002 1202 3075 Βουλγάρων
1229 3002 1453 3074 ἡγεμὼν
1499 3005 1526 3057 6
1575 3001 1941 3072 Σφενδοσθλά-

2042 3009 2183 3062 roris
2240 3009 2350 3062 tilio
2388 3007 2759 3076 Cephallenia:
2792 3009 2993 3062 comite
3046 3007 3368 3061 interfectus
3404 3005 3610 3058 ΑΞιοΙο-

358 3092 459 3155 6ος
487 3093 603 3161 (75)
623 3110 639 3126 ο
681 3094 1008 3162 πεφόνευται
1039 3095 1095 3148 δὲ
1125 3097 1258 3166 πρὸς
1290 3097 1381 3149 τοῦ
1414 3095 1637 3166 ἀνεψιοῦ
1671 3095 1790 3166 (76)
1815 3096 1938 3148 κόν-

2043 3116 2164 3153 ruin
2205 3108 2260 3153 et
2305 3099 2652 3152 Acarnanum
2691 3097 2968 3166 despotes.
3020 3098 3162 3163 Quin
3207 3108 3262 3150 ct
3307 3096 3610 3150 Thessalici

352 3202 457 3238 του
497 3186 878 3256 Κεφαλληνίας
909 3188 1020 3258 (77)
1050 3189 1077 3239 6
1106 3189 1215 3244 τῶν
1250 3190 1503 3242 Αἰτωλῶν
1539 3190 1633 3242 καὶ
1669 3188 1938 3260 Ἀκαρνᾶ-

2045 3193 2388 3262 principatus
2413 3192 2642 3246 ultimus
2675 3191 2870 3258 lateres,
2909 3206 2974 3244 ex
3005 3189 3256 3260 Angelica
3291 3189 3491 3244 familia
3529 3205 3617 3244 or-

356 3295 474 3330 νων
529 3280 830 3350 δεσπότηςο
866 3282 1289 3354 προσετεθνήκει
1347 3284 1405 3338 δὲ
1461 3283 1553 3338 καὶ
1613 3285 1642 3336 6
1692 3285 1789 3350 τῆς
1828 3283 1937 3336 τῶν

1463 3283 1553 3338 καί⁴
1613 3285 1642 3336 6
1692 3285 1789 3350 τῆς
1828 3283 1937 3336 τῶν
2050 3296 2158 3347 tus.
2188 3284 2521 3339 decesserat.
2559 3283 2666 3337 Sed
2697 3283 2825 3338 illuc
2862 3283 3049 3338 redeo.

355 3373 649 3427 Θετταλῶν
704 3375 1000 3444 ἡγεμονίας
1059 3377 1367 3441 τελευταῖος
1418 3378 1662 3448 διάδοχος
1690 3420 1706 3445 ,
1746 3381 1774 3432 6
1829 3381 1940 3432 τῶν
1994 3378 2427 3446 Ἀγγελωνύμων
2465 3377 2757 3443 ἀπόγονος.
2800 3376 2937 3428 Ἀλλ’
2963 3377 3143 3428 ἐκεῖσε
3178 3376 3450 3445 ἐπάνειμι.

433 3471 511 3522 Z'.
565 3471 720 3524 Ἐπεὶ
759 3473 865 3540 γὰρ
896 3471 1139 3542 ἐγνώσθη
1179 3473 1527 3544 τῷζγηραιῷ
1565 3474 1776 3543 βασιλεῖ
1809 3475 1938 3543 πρὶν
1968 3477 2011 3536 C.

2117 3471 2230 3526 γιι.
2260 3472 2397 3526 Cum
2441 3471 2626 3526 senior
2663 3471 2962 3540 imperator
2989 3480 3115 3524 ante
3145 3472 3279 3528 solis
3304 3479 3484 3525 ortum
3517 3487 3613 3528 ne-

362 3563 647 3618 ἀνατεῖλαι
686 3565 778 3618 τὸν
804 3567 959 3635 ἥλιον
993 3568 1024 3637 ἠ
1055 3567 1146 3620 τοῦ
1185 3568 1410 3636 ἐγγόνου
1441 3569 1607 3640 φυγὴ,
1638 3571 1942 3640 προσκαλε-

2045 3565 2192 3636 potis
2224 3563 2408 3634 fugam
2439 3564 2808 3634 cognovisset,
2850 3563 3016 3638 319
3063 3563 3256 3618 eodem
3291 3563 3381 3620 die
3428 3565 3613 3634 ponti-

365 3659 604 3726 σαμενος
636 3659 948 3730 αὐθημερὸν
970 3663 1094 3724 τοὺς
1126 3662 1184 3714 ἐν
1213 3661 1495 3732 Βυζαντίῳ
1531 3662 1809 3732 παρόντας
1833 3663 1942 3716 τῶν

2046 3654 2244 3710 ﬁcihus
2269 3655 2363 3724 qui
2393 3657 2450 3708 in
2477 3654 2614 3709 urbe
2639 3654 2868 3712 aderant
2898 3657 3184 3711 arcessitis
3213 3657 3358 3725 (nam
3388 3659 3618 3726 patriar-

363 3747 680 3819 ἀρκιερέων
715 3751 764 3814 (ὁ
789 3747 895 3817 γὰρ
927 3750 1272 3820 πατριάρχης
1298 3750 1394 3819 μιᾷ
1419 3749 1520 3818 τῆς
1545 3746 1729 3820 φΰγῆς
1759 3751 1942 3822 ἠιιέριι

2045 3748 2146 3821 cha
2172 3747 2350 3818 pridie
2379 3747 2518 3818 fugae
2544 3745 2801 3814 obierat),
2829 3749 3034 3816 scripto
3063 3748 3410 3803 anathemate
3439 3763 3610 3818 nepov

367 3839 810 3913 ⁸προετεθνήκει),
847 3842 1117 3911 ἐγγράφῳ
1179 3842 1614 3896 κοθυποϐάλλειν
1680 3844 1944 3912 ἐπιτιμίῳ

2049 3849 2158 3896 tem
2196 3841 2444 3895 damnari
2472 3839 2632 3908 jubet
2662 3848 2722 3894 ut
2749 3840 3010 3896 rebellem
3045 3861 3057 3904 ;
3096 3843 3225 3896 item
3265 3858 3383 3905 eos,
3418 3845 3511 3914 qui
3545 3845 3619 3900 si-

364 3933 582 3996 τούτοις
612 3933 832 3986 ἐκέλευε
871 3934 961 3986 τόν
1002 3952 1060 3986 τε
1112 3933 1332 4001 ἔγγονον
1372 3933 1447 3998 ὡς
1492 3936 1805 4005 ἀποστάτην
1852 3939 1948 3990 καὶ

2047 3933 2160 3987 mul
2197 3947 2322 3987 cum
2355 3947 2422 3988 eo
2456 3931 2781 4000 exivissent,
2807 3933 2973 4002 quive
3005 3933 3207 3988 deinde
3239 3933 3363 4005 fuga
3401 3937 3618 3991 evasuri

363 4027 484 4095 ἅμα
505 4025 632 4088 τούς
662 4041 722 4078 τε
753 4025 902 4096 αύτῷ
934 4025 1444 4095 συνεξεληλυθότας,
1474 4028 1569 4078 καὶ
1599 4027 1652 4079 εί
1682 4043 1767 4089 τις
1793 4027 1872 4080 ἐτι
1911 4027 1944 4098 ἢ

2047 4032 2143 4077 aut
2170 4023 2291 4092 ejus
2319 4031 2502 4092 partes
2533 4021 2816 4078 defensuri
2843 4034 3051 4078 essent.
3086 4025 3142 4079 Id
3172 4036 3351 4079 autem
3402 4026 3559 4081 facile
3589 4043 3618 4082 a

363 4117 594 4184 φεύγειν
630 4116 662 4182 ἢ
695 4119 762 4170 τὰ
801 4116 1010 4170 ἐκείνου
1047 4119 1263 4187 φρονεῖν
1297 4117 1514 4187 μέλλοιο
1556 4117 1584 4169 6
1612 4119 1676 4188 δὴ
1717 4122 1816 4174 καὶ
1846 4121 1946 4191 ῥᾳ-

2049 4113 2370 4184 ponti-ﬁcum
2405 4122 2550 4168 metu
2585 4122 2870 4183 peractum
2913 4126 3019 4170 est.
3061 4115 3138 4170 Ex
3173 4131 3242 4170 eo
3290 4116 3488 4185 passim
3537 4131 3623 4170 sa-

363 4209 494 4270 δῖως
529 4211 559 4278 ἡ
589 4209 696 4261 τῶν
723 4210 1029 4280 ἀρχιερέων
1060 4210 1317 4280 ἐπέραινε
1349 4210 1622 4277 σύνταξις.
1649 4207 1759 4265 Ἦν
1784 4213 1827 4264 δ’
1857 4212 1949 4265 ἐπὶ

2049 4219 2399 4265 crosanctum
2430 4208 2786 4278 Evangeliuin
2816 4209 2868 4262 in
2898 4209 3136 4282 palatiis,
3162 4208 3216 4262 in
3243 4211 3366 4273 viis,
3396 4210 3451 4264 in
3489 4209 3623 4263 foris

363 4304 584 4366 τούτοις
621 4303 748 4355 ἰδεῖν
801 4304 897 4357 καὶ
941 4305 1002 4356 τὸ
1039 4303 1184 4355 θεῖον
1220 4305 1468 4374 πανταχῆ
1516 4305 1949 4375 περιφερόμενον

2067 4305 2400 4359 :ircuml'erri
2425 4313 2775 4368 cernercs,et
2798 4304 3062 4372 populum
3090 4314 3434 4359 sacramento
3453 4302 3622 4371 adigi.
3647 4355 3653 4360 .

365 4396 708 4463 Εὑαγγέλιον
741 4396 797 4447 ἐν
821 4412 880 4448 τε
903 4395 1197 4465 βασιλείοις
1214 4395 1422 4459 αὐλαῖς,
1441 4395 1504 4448 ἐν
1536 4412 1596 4449 τε
1627 4395 1788 4458 ὁδοῖς,
1812 4398 1869 4449 ἓν
1890 4413 1949 4448 τε

2051 4404 2112 4450 ιιι
2145 4412 2172 4446 a
2203 4396 2442 4466 junioris
2466 4395 2811 4463 imperatoris
2842 4395 3104 4450 societate
3147 4396 3335 4450 animo
3367 4405 3424 4449 et
3460 4411 3621 4449 manu

364 4491 623 4558 ἀγοραῖς,
644 4489 884 4552 καὶτοὺς
903 4487 1126 4556 ὀμνύειν
1147 4487 1238 4541 τὸν
1259 4489 1429 4558 δῆμον
1459 4487 1798 4553 κελεύοντας,
1822 4487 1948 4554 ἀφί-

2051 4497 2106 4542 et
2145 4488 2353 4557 lingua.
2386 4489 2748 4553 recederent;
2795 4486 2998 4540 seniori
3055 4495 3237 4540 autem
3291 4485 3622 4540 art-tioribus

368 4580 604 4634 στασθαι
645 4581 744 4650 μὲν
787 4583 883 4648 τῆς
918 4578 1012 4633 τοῦ
1051 4581 1170 4633 νέου
1221 4580 1484 4650 βασιλέως
1535 4580 1822 4642 κοινωνίας
1853 4579 1948 4632 καὶ

2065 4578 2388 4634 sbediemia:
2429 4579 3167 4646 vinculis-astringerentur.
3215 4576 3348 4644 Quae
3397 4592 3521 4631 cum
3555 4577 3651 4631 ad:

367 4674 568 4743 γνώμῃ
624 4673 717 4724 καὶ
767 4673 911 4742 χειρὶ
941 4673 1035 4724 καὶ
1088 4671 1305 4742 γλώττῃ
1335 4712 1349 4737 ,
1383 4671 1727 4725 συντίθεσθαι
1776 4671 1832 4724 δὲ
1862 4670 1951 4740 βε-

2055 4671 2204 4726 huuc
2233 4670 2457 4725 modum
2493 4671 2546 4724 in
2577 4669 2713 4726 urbe
2745 4671 3102 4740 imperatrice-
3131 4676 3476 4738 gererentur,
3509 4669 3621 4719 An-

367 4768 658 4838 6αιότερον
713 4768 790 4838 τῷ
822 4767 1038 4838 γηραιῷ
1091 4765 1322 4836 βασιλεῖ.
1355 4764 1542 4818 Ταῦτα
1574 4765 1674 4835 μὲν
1724 4765 1818 4820 οὖν
1849 4766 1948 4835 τῆς

2056 4762 2321 4817 dronicus
2361 4763 2560 4832 junior'
2601 4763 2857 4819 libertate
2892 4772 2948 4818 et
2991 4761 3338 4815 immunitate
3369 4757 3621 4834 Thraciis

371 4859 779 4931 βασιλευούσης
811 4860 965 4922 ἐντὸς
995 4858 1189 4911 τοῦτον
1213 4857 1452 4910 ἐτελεῖτο
1483 4858 1574 4912 τὸν
1605 4858 1832 4928 τρόπον.
1882 4858 1946 4911 οι

2057 4855 2294 4926 pagiset
2344 4855 2574 4910 urbibus
2622 4853 2974 4924 pronuntiata
3033 4852 3181 4908 illico
3210 4867 3402 4908 omnes
3421 4852 3626 4908 .volun-

370 4953 432 5006 δὲ
467 4953 599 5022 περὶ
642 4951 735 5003 τὸν
787 4951 906 5004 νέον
969 4952 1196 5021 βασιλέα
1243 4950 1584 5020 Ἀνδρόνικον
1629 4948 1949 5021 ἐλευθερίαν

2057 4950 2154 5004 tati
2182 4964 2298 5004 suaa
2328 4948 2701 5018 obsequentes
2733 4954 2788 5000 et
2812 4945 3030 5015 quidvis
3071 4943 3252 5000 facere
3279 4953 3500 5012 paratos
3529 4946 3625 4998 ha-

373 5041 718 5112 κηρύξαντες
745 5047 840 5097 καὶ
868 5043 1120 5097 ἀτέλειαν
1146 5047 1265 5106 ταῖς
1291 5048 1344 5096 ὲν
1376 5043 1574 5117 Θρᾴκη
1598 5045 1816 5109 κώμαις
1856 5043 1952 5095 καὶ

2057 5041 2198 5095 buit.
2249 5039 2445 5094 Statim
2492 5038 2737 5093 Thraces
2762 5036 3005 5094 universi
3042 5037 3416 5106 Christopolin
3453 5053 3623 5106 usque

374 5137 622 5203 πόλεσιν,
647 5137 893 5200 ἅπαντας
927 5133 1072 5208 εἶχον
1107 5137 1268 5199 εὐθὺς
1315 5137 1585 5200 εὐπειθεῖς
1619 5137 1757 5207 πρὸς
1797 5138 1946 5191 ἅπαν

2055 5150 2154 5204 pro
2181 5135 2399 5202 juninre
2425 5133 2755 5201 imperatore
2786 5130 2840 5184 in
2873 5131 3039 5185 armis
3074 5129 3318 5196 fuerunt,
3349 5131 3622 5185 seniorem

372 5228 440 5286 δὴ
478 5228 540 5281 τὸ
567 5229 668 5297 τῆς
699 5229 922 5300 γνώμης
961 5227 1306 5298 βουλόμενον.
1355 5228 1459 5280 Καὶ
1487 5223 1626 5297 ἦσαν
1656 5228 1720 5297 δὴ
1750 5228 1953 5289 πάντες

2128 5227 2254 5296 pide
2287 5226 2548 5280 invasuri.
2590 5226 2669 5279 Ac
2707 5225 2945 5294 primum
2976 5226 3176 5294 passim
3205 5240 3306 5294 per
3333 5223 3622 5278 Thraciam
3704 5291 3713 5301 _

376 5324 425 5375 οί
480 5322 644 5392 μέχρι
703 5323 1150 5391 Χριστουπόλεως
1205 5323 1419 5392 Θρᾷκες
1476 5322 1533 5374 ἐν
1565 5321 1751 5384 ὅπλοις
1791 5321 1953 5380 εὐθὺς

2060 5317 2380 5387 vagantibus
2421 5317 2728 5387 publicanis
2767 5327 2820 5373 et
2857 5319 3204 5372 exactoribus
3247 5316 3389 5373 [inde
3426 5332 3625 5370 excru-

378 5415 521 5483 ὑπὲρ
545 5413 641 5467 τοῦ
670 5413 792 5466 νέου
822 5413 1082 5482 βασιλέως
1115 5413 1256 5465 κατὰ
1281 5411 1373 5465 τοῦ
1390 5411 1620 5484 γηραιοῦ
1653 5410 1948 5482 προθύμως

2062 5411 2242 5473 ciatis,
2279 5421 2540 5479 ereptam,
2593 5425 2758 5478 quam
2809 5409 3286 5473 circumferebant,
3332 5407 3618 5476 pecuniam

377 5510 720 5578 ὁρμώμενοι.
771 5510 883 5563 Καὶ
915 5508 1102 5579 πρώτα
1147 5507 1243 5575 μὲν
1272 5509 1392 5570 τοὺς
1449 5507 1736 5574 ἅπανταχῆ
1797 5521 1954 5574 περι-

2060 5503 2210 5556 nulla
2261 5502 2526 5556 modestia
2571 5506 2716 5556 inter
2761 5517 2884 5556 sese
2926 5503 3257 5570 partiuntur.
3298 5500 3617 5567 Priusquam

382 5600 682 5669 ιόνταςτῆς
725 5601 944 5672 Θρᾴκης
994 5599 1232 5663 τελώνας
1264 5600 1359 5652 καὶ
1403 5597 1729 5668 φορολόγους
1757 5595 1952 5669 αὐτοὺς

2065 5608 2249 5651 autem
2279 5606 2486 5666 septem
2529 5595 2648 5650 dies
2676 5595 3049 5659 elaberentur,
3085 5592 3369 5648 Orestiade
3393 5589 3624 5662 digressi

1712 5701 2053 5764 Variorum
2089 5711 2275 5762 noue.

457 5813 570 5882 (τί)
609 5811 857 5880 Ur05ins,
893 5813 960 5868 de
993 5828 1103 5882 quo
1127 5828 1310 5883 supra.
1350 5812 1579 5866 Ducaxc.
1758 5876 1796 5884 κ
1895 5875 1928 5884 __
2279 5802 2417 5884 fide
2448 5819 2570 5873 cap.
2610 5802 2659 5884 l,
2693 5813 2826 5884 sect.
2862 5803 2885 5857 l
2924 5801 3378 5884 supra-Bonus.”
3435 5869 3445 5881 .

460 5868 572 5949 (τι)
611 5885 744 5939 Vide
778 5868 1238 5954 Stemmat‘egttt‘n
1290 5884 1550 5956 Bulgaria:
1594 5889 1716 5951 post
1751 5875 1947 5933 Fumil.
2058 5946 2092 5956 ﬁ
2129 5868 2242 5943 (77)
2279 5873 2411 5930 Vide
2475 5868 2658 5930 notata
2720 5877 2784 5928 ad
2849 5868 3050 5942 eapﬂl
3112 5872 3274 5942 hujus
3324 5868 3447 5925 libri
3508 5879 3626 5929 vult

386 5946 606 6028 ιηέωάι.
640 5972 694 6009 ιι.
727 5956 812 6011 44.
849 5956 1078 6011 licens.
1113 5946 1140 5954 ⁷
1391 5946 1418 5956 ⁷
1594 5946 1609 5951 ’
2057 5946 2290 6002 Ducam.
