3906 6622
388 444 494 507 503
637 439 715 516 [Α.
757 460 792 499 u
858 444 992 500 (i791
1035 460 1101 499 AD
1141 445 1304 519 6836|

1587 430 2000 513 Nicarnoai
2046 450 2426 517 esseom
2524 440 2537 449 ‘

2730 452 2864 525 [ηιμ.
2909 464 3190 506 mancum.
3228 450 3370 522 seu]
3498 446 3584 525 504

390 570 445 616 et
485 560 640 615 Nilus
671 577 841 630 aquas
873 577 1002 617 suas
1039 562 1275 617 Mmotiili
1308 569 1696 623 communicet.
1731 569 1787 624 Si
1830 569 1953 638 quis

2073 571 2217 623 τοῦτο
2242 571 2441 641 δρόμον
2468 573 2795 641 ποιούμενος
2829 570 3120 639 ὑπερόριον
3147 569 3362 639 ἐπιρρεῖ
3392 573 3451 642 τῇ
3488 572 3588 629 Ἑλ.

390 667 522 705 vero
562 653 698 707 adeo
736 664 897 707 tenax
934 655 1118 716 fuerit.
1150 666 1210 710 ut
1242 657 1380 711 bona
1414 658 1670 715 distribui
1717 662 1872 722 nolit.
1905 662 1954 715 ci

390 744 695 797 cavendum
722 746 848 808 erit,
883 760 950 800 ne
979 746 1283 817 legemper
1304 749 1491 804 orbem
1526 760 1791 806 terrarum
1821 753 1959 806 ferat

390 836 573 890 munis
619 836 988 903 improbitatis
1036 848 1351 906 auctorem,
1396 851 1448 894 et
1479 857 1671 896 omnes
1707 857 1959 910 congres-

390 940 505 989 sus,
531 927 712 979 omnia
744 929 1071 984 commercia
1100 931 1351 986 funditus
1381 933 1551 992 tollat,
1583 952 1645 988 ac
1674 936 1957 989 manifesta

393 1018 589 1087 injuria
621 1019 820 1074 alliciat
844 1036 962 1085 eos,
1006 1033 1226 1093 propter
1255 1040 1395 1094 quos
1414 1041 1478 1080 ea
1518 1026 1655 1079 bona
1687 1043 1715 1081 a
1754 1037 1960 1081 naturae

393 1121 620 1163 auctore
658 1114 952 1182 acceperit.
985 1114 1175 1184 Neque
1207 1117 1352 1170 enim
1383 1117 1678 1171 obscurum
1704 1120 1957 1188 cuiquam

390 1215 512 1255 esse
549 1211 749 1269 potest,
785 1203 994 1258 nullum
1050 1221 1080 1259 a
1129 1207 1312 1259 divina
1367 1208 1705 1274 providentia
1758 1209 1958 1263 bonum

389 1292 644 1361 cuiquam
689 1297 1025 1365 contingere,
1062 1307 1119 1349 ut
1163 1297 1315 1351 solus
1344 1313 1411 1352 eo
1447 1298 1661 1352 fruatur
1690 1283 1820 1364 ,‘ut
1859 1315 1962 1354 nec

390 1386 572 1439 lucem
616 1386 743 1450 soli.
790 1399 851 1442 ut
886 1389 990 1445 sibi
1025 1388 1128 1444 soli
1175 1389 1375 1444 luceat.
1412 1390 1566 1456 Quod
1596 1392 1641 1447 si
1686 1408 1772 1447 res
1801 1401 1964 1447 aeter-

393 1494 521 1530 num
554 1478 781 1534 victura:
810 1480 1115 1550 eodemque
1157 1490 1301 1536 statu
1353 1498 1727 1552 permansura:
1755 1493 1961 1551 essent,

390 1580 582 1637 posset
629 1559 857 1625 forsitan
910 1572 1108 1641 aliquis
1141 1574 1623 1645 qualibuscunque
1683 1577 1750 1631 de
1784 1576 1965 1631 causis

392 1661 945 1716 communicationem
980 1665 1205 1719 virtutis
1236 1665 1483 1723 cludere.
1515 1667 1652 1722 Cum
1693 1677 1875 1723 autem
1910 1669 1962 1723 id

392 1754 542 1809 nulla
574 1756 785 1811 ratione
813 1755 929 1810 fieri
963 1768 1152 1825 queat,
1181 1760 1430 1813 nonnulli
1461 1760 1699 1816 artiﬁcio
1727 1761 1962 1831 quodam

392 1844 862 1901 immortalitatem
888 1858 1288 1911 consectantes.
1304 1867 1480 1921 neque
1501 1852 1798 1923 quidquam
1820 1855 1963 1907 unde

392 1937 562 2002 gloria
610 1938 839 1994 exsistat
865 1943 1383 2010 przetermittentes,
1438 1958 1656 1999 omnem
1719 1944 1962 2000 laborem

396 2031 547 2085 ultro
575 2045 864 2100 ceperunt.
896 2034 975 2090 Ac
1014 2051 1084 2089 ne
1129 2036 1347 2107 longius
1384 2040 1595 2101 alicam,
1630 2038 1966 2109 Pythagoras

348 2173 369 2181 ,
392 2138 519 2176 cum
571 2121 948 2193 Algyptiorum
984 2128 1324 2195 sapientibus
1354 2143 1703 2197 congressus,
1742 2144 1964 2183 eorum-

394 2231 503 2282 que
530 2218 700 2271 sacris
728 2216 1007 2281 initiatus,
1040 2221 1095 2271 in
1128 2219 1334 2275 Grteria
1369 2220 1580 2274 laudari
1610 2220 1962 2289 concupivit:

392 2320 570 2376 eaque
597 2306 762 2379 325.
795 2310 1103 2378 cupiditate
1157 2311 1426 2378 impulsus
1467 2312 1520 2365 in
1555 2327 1675 2367 eam
1708 2312 1921 2383 trajecit
1949 2328 1965 2366 :

392 2397 707 2468 virtuthue
736 2416 834 2457 sua
865 2417 962 2471 per
996 2413 1167 2458 totam
1214 2403 1481 2458 Graeciam
1511 2406 1728 2475 vulgata
1766 2419 1964 2459 nomen

392 2501 660 2547 aeternum
696 2505 781 2549 est
817 2507 1165 2552 consecutus.
1196 2497 1475 2551 Estetiam
1516 2498 1611 2566 qui
1650 2496 1966 2566 Delphicam

392 2584 611 2640 laurum
636 2598 692 2642 et
714 2586 1056 2656 Olympicum
1092 2590 1393 2645 oleastrum
1430 2605 1495 2644 ex
1529 2591 1652 2645 Asia
1685 2590 1969 2659 proiectus

393 2686 548 2748 petat
575 2697 589 2733 :
619 2694 728 2732 non
760 2679 1009 2749 ignarus,
1042 2682 1402 2736 marcescenti
1439 2680 1514 2736 illi
1544 2681 1760 2736 corolla:
1788 2681 1970 2735 inesse

390 2769 648 2836 gloriam,
685 2787 805 2840 quae
832 2788 940 2826 non
966 2781 1272 2829 marcescat
1299 2781 1356 2828 et
1382 2783 1730 2843 posterorum
1761 2787 1971 2827 memo-

394 2861 535 2915 riam
585 2863 755 2931 magis
798 2864 1024 2930 excitet,
1071 2880 1236 2934 quam
1289 2867 1474 2919 omnia
1524 2866 1666 2920 Asite
1712 2875 1864 2935 prata
1915 2874 1972 2919 et

393 2950 580 3008 fontes
612 2964 668 3006 et
701 2953 811 3008 l‘uci
839 2954 1226 3009 tincturarum.
1257 2955 1323 3009 lli
1361 2956 1525 3019 igitur
1546 2967 1602 3009 et
1628 2955 1719 3009 alii
1746 2954 1969 3025 plurimi

396 3045 601 3101 horum
645 3046 858 3101 similes
907 3048 1079 3101 variis
1139 3047 1447 3101 rationibus
1496 3050 1580 3102 sui
1644 3048 1970 3101 memoriam

404 3138 625 3194 tradere
658 3141 897 3217 posteris
924 3130 1244 3208 potucrun‘t.
1276 3139 1434 3193 Nunc
1460 3155 1611 3199 vero.
1645 3156 1713 3195 ne
1752 3141 1969 3211 longum

2058 662 2197 726 λάδι,
2214 664 2331 716 δκαί.
2365 664 2573 730 Ἴστρος
2602 663 2688 716 ἐπ’
2713 661 3344 732 Αίγυπτονέρχεται,καί
3359 663 3591 724 Μαιώτιδι

2061 755 2255 818 Νεῖλος
2287 753 2560 808 κοινοῦται
2593 755 2653 807 τδ
2688 754 2885 825 ῥεῦμα.
2920 753 2983 805 Ei
3013 752 3068 805 δέ
3101 768 3185 814 τις
3213 752 3381 821 φειδοῖ
3404 756 3593 828 χρώμε-

2061 866 2152 910 νος
2187 850 2260 918 μὴ
2314 849 2600 917 δισδόσιμα
2630 830 2877 917 βούλοιτο
2920 845 3203 914 γίγνεσθαι
3250 844 3318 899 τὰ
3356 846 3502 912 καλὰ,
3531 852 3594 919 μὴ

2058 942 2155 992 καὶ
2182 939 2318 1009 λάθῃ
2348 941 2511 1009 νόμον
2538 932 2693 996 οὗτος
2721 937 2806 991 διὰ
2833 936 3015 1003 πάσης
3044 936 3272 1004 γράφων
3296 935 3395 1003 γῆς
3422 940 3595 1005 uox-fa;

2062 1033 2374 1103 ἀρχηγέτην
2401 1033 2495 1085 καὶ
2527 1033 2583 1095 ἐς
2603 1033 2818 1092 νυκτὸς,
2833 1030 2900 1083 ἰν*
2929 1028 3089 1081 εῐπω.
3110 1026 3355 1097 βάραθρα
3385 1030 3470 1081 καί
3492 1048 3598 1083 axo-

2061 1126 2271 1187 τεινοὺς
2307 1123 2555 1186 ὀλίσθους
2578 1123 2701 1193 ,ὅλῃ
2740 1122 2885 1192 ῥύμῃ
2921 1120 3172 1185 ξυνωθῶν
3208 1121 3332 1179 τοὶς
3364 1120 3459 1187 τῆς
3494 1122 3596 1174 tm-

2065 1218 2248 1288 μιξίας
2278 1219 2470 1283 λόγους
2502 1217 2594 1270 καὶ
2619 1214 2934 1287 περιφανῶς
2964 1212 3188 1275 ἀδικῶν,
3223 1209 3288 1263 δι’
3320 1208 3408 1272 οὓς
3432 1213 3599 1280 ἐκείνῳ

2061 1310 2206 1363 τοῦτ’
2239 1309 2537 1379 ἐχαρίσατο
2562 1306 2796 1375 τάγαθὸν
2823 1308 2853 1358 ό
2884 1306 2985 1372 τῆς
3026 1301 3242 1374 φύσεως
3272 1302 3599 1372 δημιουργός.

2064 1400 2301 1471 Εὔδηλον
2347 1405 2457 1470 γὰρ
2505 1401 2678 1470 δήπου
2719 1400 2830 1461 τοῖς
2859 1398 3024 1459 ὅλοις,
3067 1395 3233 1466 μηδὲν
3265 1393 3446 1462 μηδενί
3477 1401 3607 1466 παρὰ

2062 1492 2161 1560 τῆς
2206 1493 2466 1563 Προνοίας
2495 1490 2700 1558 ἀγαθὸν
2733 1486 3172 1558 παραγίγνεσθαι
3206 1484 3276 1536 δι’
3307 1480 3401 1536 ἕνα
3421 1484 3479 1551 γέ
3502 1502 3607 1538 τ.να

2064 1585 2154 1639 τὸν
2186 1583 2445 1652 εἰληφότα
2465 1598 2480 1613 ·
2510 1581 2584 1642 ὡς
2631 1582 2739 1649 ἄρα
2779 1580 2889 1632 οὐδ’
2931 1577 3063 1647 ἡλίῳ
3093 1576 3155 1628 τὸ
3184 1575 3323 1644 φῶς,
3371 1574 3437 1627 ἶν’
3467 1575 3608 1639 αὐτὸς

2066 1675 2332 1729 ἀπολαύοι
2373 1674 2556 1736 μόνος.
2595 1672 2660 1726 Εἰ
2688 1672 2732 1724 δ’
2764 1669 3000 1724 ἀθάνατα
3029 1665 3219 1736 ἔμελλε
3252 1664 3527 1735 βιώσεσθαι
3552 1669 3609 1719 τὰ

2067 1761 2369 1839 πράγματα
2426 1768 2563 1819 κάπὶ
2591 1767 2691 1834 τῆς
2722 1764 2891 1831 αὐτῆς
2944 1760 3193 1830 ὲστήξειν
3226 1757 3483 1826 κρηπῖδος
3515 1757 3608 1820 ἀεὶ,

2069 1855 2215 1926 εἶχεν
2250 1856 2315 1910 ἄν
2342 1873 2425 1917 τις
2458 1855 2588 1917 ἴσως
2616 1854 2755 1917 οἵαις
2785 1853 2845 1919 δή
2878 1869 3022 1904 τισιν
3061 1849 3266 1908 αἰτίαις
3297 1847 3391 1915 τῆς
3435 1847 3612 1917 ἀρετῆς

2071 1945 2520 2017 παρπκρούεσθαι
2567 1949 2669 2014 τὴν
2726 1944 2982 1997 διάδοσιν.
3033 1941 3196 1994 Ἀλλά
3250 1938 3345 1990 νῦν
3381 1940 3489 1990 ἐστι
3520 1937 3613 1989 τῶν

2067 2040 2367 2109 ἀμηχάνων
2399 2037 2577 2103 πάντη
2626 2034 2802 2087 τουτί.
2852 2030 3036 2101 Ταύτῃ
3073 2047 3157 2083 τοι
3204 2028 3300 2079 καί⁵
3336 2025 3613 2079 ἀθανασίαν

2066 2126 2526 2198 ἀντιτεχνώμενοί
2570 2142 2717 2188 τινες
2764 2124 2860 2178 καὶ
2914 2123 3071 2186 κλέος
3108 2118 3411 2191 ἀπέραντόν
3452 2135 3647 2186 σφισιν.

2067 2221 2249 2283 αὐτοῖς
2276 2218 2659 2289 προμνώμενοι
2693 2218 2803 2270 πᾶν
2846 2216 2877 2269 ὃ
2911 2230 2964 2267 τι
3021 2214 3218 2275 κλέους
3258 2213 3277 2233 ⁶
3305 2209 3504 2265 δστιοῦν
3528 2210 3615 2281 dp-

2068 2310 2171 2384 χὴν
2195 2312 2361 2383 εἰδείη
2390 2309 2702 2381 γίγνεσθαι,
2725 2310 2866 2380 πρὸς
2888 2306 3034 2362 τοῦτ’
3065 2306 3390 2375 αὐθαίρετος
3413 2304 3613 2374 παρείη.

2069 2413 2178 2464 Καὶ
2222 2409 2549 2480 Πυθαγόρας
2588 2408 2687 2478 μὲν
2714 2405 2915 2459 αὐτίκα
2940 2407 3052 2466 τοῖς
3078 2405 3137 2455 ἐν
3165 2400 3432 2471 Αἰγύπτῳ
3456 2401 3618 2467 σοφοῖς

2074 2501 2368 2573 ξυμϐαλὼν
2403 2502 2492 2555 καὶ
2521 2500 2884 2570 ξυνοργιάσας
2927 2495 3261 2566 Ἑλληνικῶν
3296 2492 3646 2562 ὲπεθύμησεν’

2074 2596 2373 2666 ἐγκωμίων
2398 2596 2672 2665 ’κάκεῖσε
2707 2592 2770 2662 δὴ
2794 2590 3043 2661 κωμάζει
3066 2588 3376 2648 διαπόντιος
3407 2581 3619 2654 ἐραστὴς

2067 2688 2163 2741 καὶ
2201 2687 2302 2756 τὴν
2361 2685 2565 2757 ἀρετὴν
2619 2682 2708 2737 διὰ
2759 2684 2940 2747 πάσης
2985 2677 3355 2749 δημοσιεύσας
3395 2673 3618 2735 Ἑλλάδος

2074 2778 2270 2850 μεστὸν
2298 2776 2495 2831 ἑαυτοῦ
2520 2776 2609 2829 τὸν
2635 2775 2833 2846 ἑφεξῆς
2864 2773 3046 2826 ἔλιπεν
3073 2771 3267 2835 αἰῷνα.
3302 2770 3441 2839 Ἤδη
3467 2766 3519 2820 δέ
3548 2782 3621 2828 τις

2072 2873 2166 2923 καὶ
2192 2850 2463 2940 πρὸςτὴν
2494 2870 2550 2922 ὲν
2582 2867 2751 2920 Πυθοῖ
2780 2865 2990 2936 δάφνην
3025 2862 3123 2916 καὶ
3160 2862 3302 2933 πρὸς
3339 2865 3429 2913 τὸν
3456 2860 3508 2911 ὲν
3548 2858 3623 2911 ’0-

2073 2965 2285 3031 λυειπὶα
2335 2961 2547 3013 κότινον
2599 2958 2658 3023 ἐξ
2698 2958 2889 3018 Ἀσίας
2935 2958 3199 3027 ὁρμᾶται.
3230 2951 3385 3023 ’ᾘδει
3431 2949 3533 3018 γάρ
3559 2949 3623 3010 ὡς

2075 3056 2250 3108 ἔνεστι
2292 3054 2370 3124 τῷ
2401 3051 2788 3123 μαραινομένῳ
2826 3049 2961 3120 τῷδε
2989 3044 3170 3114 θαλλῷ
3201 3044 3362 3103 κλέος
3390 3039 3622 3109 ἀμάραν-

2071 3166 2165 3202 τον
2190 3165 2205 3179 '
2238 3146 2510 3201 καὶτοῦτο
2545 3144 2745 3213 μᾶλλον
2778 3140 3135 3210 ἀναζωπυρεῖ
3178 3135 3283 3205 τὴν
3317 3134 3449 3202 μετά
3472 3130 3623 3183 ταῦτα

400 3230 623 3296 faciam,
656 3231 889 3285 aliorum
926 3231 1162 3313 ingeyiis
1194 3241 1382 3285 nostra
1415 3226 1546 3285 aeias
1568 3233 1853 3286 sterilibus
1885 3248 1970 3285 re-

2081 3242 2331 3311 μνὴμην,
2379 3239 2412 3310 ἦ
2465 3238 2669 3299 πάντες
2719 3235 2770 3287 οἰ
2804 3235 2902 3303 τῆς
2943 3232 3127 3292 Ἀσίας
3161 3227 3431 3298 λειμῶνες
3471 3224 3555 3277 καὶ
3578 3224 3624 3276 αἰ

396 3323 548 3379 lictis
592 3323 830 3379 elabitur
880 3334 934 3377 et
991 3324 1258 3393 sapientia
1308 3323 1627 3379 destitutis:
1672 3340 1736 3378 ac
1779 3338 1968 3393 parum

398 3415 579 3480 abest,
615 3415 750 3485 quin
797 3415 1058 3471 belluinis
1082 3416 1283 3482 dicam,
1318 3426 1378 3469 ut
1413 3428 1613 3472 nostra:
1662 3432 1751 3472 res
1777 3418 1971 3486 deplo-

398 3507 586 3561 randae
636 3523 759 3564 esse
812 3509 1125 3564 videantur.
1178 3509 1255 3564 Te
1302 3524 1434 3565 vero
1483 3511 1659 3565 solum
1725 3511 1969 3564 onmium

358 3601 367 3610 '
397 3613 716 3668 expressam
749 3608 959 3656 natura:
989 3600 1277 3670 imaginem
1301 3610 1356 3655 et
1381 3602 1588 3671 optime
1622 3601 1967 3657 informatam

398 3688 529 3744 tulit
574 3697 708 3744 tetas
760 3697 971 3755 nostra,
1007 3689 1155 3745 lunae
1192 3690 1336 3745 inter
1375 3690 1564 3745 stellas
1608 3689 1877 3753 similem,
1917 3701 1974 3743 et

397 3782 513 3853 igni
558 3782 613 3835 in
661 3780 861 3837 hiemis
901 3782 1106 3851 rigore.
1144 3781 1335 3852 Neque
1402 3797 1504 3837 nos
1549 3782 1689 3837 adeo
1734 3780 1861 3835 lana
1912 3791 1971 3836 et

317 3896 327 3917 ι
396 3868 695 3929 umnia'et
720 3872 829 3926 luci
857 3882 914 3928 et
939 3873 1186 3941 porticus
1217 3887 1415 3927 ornare
1445 3880 1698 3942 possunt.
1733 3881 1794 3924 ut
1824 3881 1879 3923 tu
1915 3879 1971 3923 et

399 3976 516 4022 tua
541 3967 764 4022 virtutis
785 3977 1036 4021 ornatus.
1071 3970 1151 4021 Ac
1184 3966 1483 4035 plurimum
1519 3964 1745 4035 quidem
1776 3974 1830 4018 te
1862 3964 1973 4017 rei-

402 4062 644 4135 publicae.
693 4064 960 4133 prodesse
1006 4060 1285 4116 fateantur
1334 4075 1565 4124 omnes;
1624 4058 1828 4128 quippe
1879 4057 1974 4126 qui

403 4170 605 4227 magno
642 4152 960 4225 imperatori
996 4152 1050 4206 id
1081 4162 1321 4222 praestes,
1348 4151 1494 4221 quod
1527 4148 1880 4218 gubernatori
1912 4148 1972 4211 ii,

405 4249 503 4317 qui
529 4248 716 4319 polum
741 4255 793 4301 et
820 4244 1045 4302 Helicen
1072 4245 1386 4300 observant.
1401 4243 1506 4323 sed
1533 4243 1663 4313 quid
1692 4241 1977 4298 dicamus?

405 4338 536 4395 Fuit
562 4348 620 4395 et
666 4337 890 4395 Phidias
935 4336 1077 4406 apud
1122 4336 1338 4392 Gmcos
1385 4350 1623 4406 magnus
1655 4334 1728 4389 ob
1758 4334 1877 4402 apis
1918 4340 1977 4387 et

407 4432 612 4488 cicadae
651 4431 991 4500 sculpturam
1024 4448 1039 4484 :
1075 4430 1171 4484 sed
1216 4442 1324 4482 non
1374 4436 1597 4490 tantus,
1630 4435 1869 4496 quantus
1907 4426 1976 4479 ob

2074 3329 2401 3403 κρῆναι’καὶ
2432 3334 2464 3400 ἡ
2505 3327 2825 3397 παντοδαπὴ
2851 3325 2959 3379 τῶν
2992 3326 3109 3377 ἐκεῖ
3157 3322 3442 3391 φυομένων
3474 3316 3622 3387 βαφή.

2075 3425 2301 3490 Τούτοις
2343 3425 2407 3493 δὴ
2454 3420 2547 3478 οὖν
2580 3423 2676 3475 καὶ
2706 3420 2986 3482 πλείστοις
3025 3417 3209 3480 ἄλλοις
3261 3414 3347 3468 διὰ
3395 3410 3626 3479 ποικίλης

2073 3517 2291 3572 ἐλθοῦσι
2319 3515 2717 3588 παραπλησίαν
2746 3512 2823 3582 τῷ
2840 3498 3044 3581 ἒφεξῆς
3066 3506 3411 3578 παραθέσθαι
3435 3504 3525 3574 βίῳ
3539 3501 3627 3569 τὴν

2078 3613 2301 3683 μνήμην
2330 3608 2628 3677 ἐξεγένετο.
2656 3605 2774 3659 Νῦν
2808 3605 2853 3658 δ’
2887 3603 2974 3683 ἵνα
3006 3601 3082 3672 μὴ
3114 3598 3380 3668 διατρίϐω
3407 3595 3508 3649 τῶν
3539 3593 3625 3662 μὲν

2075 3705 2251 3758 ἄλλων
2286 3701 2385 3774 τὴν
2417 3700 2583 3770 φύσιν
2612 3694 2870 3763 καθάπαξ
2919 3693 3097 3747 εἰπεῖν
3146 3694 3174 3745 ὁ
3229 3691 3299 3743 τά
3350 3687 3472 3741 καθ’
3496 3684 3626 3755 ἡμᾶς

2076 3797 2358 3862 ἔξελίττων
2422 3792 2561 3848 αἰὼν
2621 3791 2872 3859 ἄκαρπον
2934 3783 3222 3854 διαφεύγει
3272 3779 3626 3850 διαλιμπάνων

2077 3890 2284 3961 ἔρημόν
2310 3905 2370 3941 τε
2402 3885 2597 3954 σοφίας
2626 3884 2720 3937 καί
2772 3883 2832 3934 ού
2888 3874 3082 3957 πολλοῖς
3131 3874 3250 3928 δέω⁴
3272 3873 3452 3941 λέγειν
3484 3868 3630 3961 μηλό·

2078 3958 2233 4035 σῶόν
2254 3979 2367 4049 (80)
2390 3994 2406 4009 ο
2437 3977 2555 4030 οἵαν
2586 3975 2649 4044 δὴ
2680 3975 2774 4027 και
2819 3971 2919 4041 τὴν
2948 3969 3055 4022 τῶν
3094 3966 3353 4037 θηδαιων
3401 3958 3631 4024 Ἀλέξαν-

2076 4073 2205 4140 δρον
2232 4071 2402 4124 πάλαι
2430 4066 2789 4137 πεποιηκέναι
2814 4062 2976 4133 φασίν
2997 4077 3014 4095 ο
3039 4061 3115 4124 ὡς
3139 4058 3345 4123 ἐξεῖναι
3368 4050 3629 4124 γίγνεσθαι

2078 4167 2147 4220 τά
2193 4162 2315 4217 καθ’
2332 4161 2479 4232 ἡμᾶς
2508 4159 2763 4212 ὑπόθεσιν
2787 4155 2985 4225 διαρκῆ
3028 4153 3138 4214 τοῖς
3161 4152 3220 4205 ὲν
3238 4150 3410 4219 σκηνῇ
3438 4161 3636 4215 τραγῳ-

2080 4257 2252 4311 δοῦσι.
2291 4254 2466 4307 Μόνον
2487 4250 2530 4304 δ’
2550 4247 2880 4313 ὲξάπάντων
2907 4247 2965 4297 σὲ
2996 4243 3300 4314 κρατίστην
3333 4240 3509 4292 εἰκόνα
3543 4234 3633 4303 φύ-

2082 4364 2218 4408 σεως
2239 4342 2544 4411 ἑξαπέφηνε
2564 4339 2829 4409 κράτιστα
2844 4334 3224 4407 ἡρμοσμένην,
3244 4328 3330 4404 ῘΡ.
3342 4326 3469 4399 200]
3483 4320 3562 4379 οἷα
3579 4324 3635 4392 δὴ

2081 4438 2176 4491 καὶ
2200 4434 2431 4504 σελήνην
2466 4432 2525 4482 ὲν
2558 4428 2796 4499 ἀστράσι
2834 4427 2929 4490 καὶ
2958 4425 3216 4494 ζὼπυρον
3245 4424 3305 4473 ὲν
3336 4417 3530 4491 κρυμῷ
3549 4417 3629 4469 καί

406 4525 603 4580 Jovem
653 4523 1020 4595 Olympicum.
1055 4522 1326 4577 Praeterea
1356 4534 1481 4588 quae
1531 4518 1660 4573 inde
1699 4519 1970 4587 colligitur

2084 4526 2336 4599 χειμῶνι.
2361 4525 2474 4577 Καὶ
2504 4522 2603 4592 οὐχ
2632 4519 2777 4599 οὗτοι
2810 4518 2877 4573 τά
2903 4517 3025 4570 καθ’
3055 4518 3203 4586 ἡμᾶς
3251 4513 3360 4585 νεῲ
3387 4514 3483 4573 καὶ,
3500 4510 3636 4578 τείχη

410 4616 641 4688 gloriola
668 4630 794 4671 cum
828 4616 944 4685 ipsa
971 4613 1233 4669 memoria
1265 4620 1317 4666 et
1351 4624 1586 4680 corpore
1617 4610 1783 4665 citius
1815 4607 1970 4678 325

2086 4587 2327 4674 δύναιντ’
2366 4617 2433 4671 ἂν
2461 4587 2845 4686 καὶ-άλσηοιαὶ
2878 4612 3035 4663 στοαὶ
3067 4609 3314 4679 κοσμεῖν,
3346 4606 3380 4677 ἢ
3413 4607 3475 4658 σὺ
3503 4603 3586 4655 καὶ
3613 4603 3639 4652 ό

419 4709 633 4775 interit,
672 4710 835 4778 quam
870 4720 1128 4774 agrorum
1153 4702 1417 4774 gramina.
1446 4702 1542 4757 Sin
1570 4700 1858 4754 thesauros
1898 4699 1984 4752 in-

419 4803 564 4874 genii
591 4812 648 4858 et
678 4791 1006 4858 eruditionis
1036 4808 1140 4852 tua-
1165 4793 1467 4863 aperueris,
1500 4806 1697 4847 nomen
1732 4802 1884 4845 tuum
1915 4790 1985 4845 ab

418 4894 698 4951 oblivione
747 4889 1141 4953 vindicabitur,
1167 4888 1257 4956 qui
1290 4900 1401 4939 non
1437 4883 1713 4947 claudam,
1745 4893 1805 4936 ut
1829 4883 1982 4937 Plato

413 4991 512 5055 ait,
535 4989 700 5043 vitam
722 4985 973 5056 exegeris
1001 4992 1094 5040 :et
1118 4992 1173 5036 tu
1195 4980 1311 5050 ipse
1333 4979 1681 5050 potissimum
1704 4977 1780 5032 tui
1806 4992 1985 5046 praeco

412 5086 471 5140 in
500 5081 681 5138 medio
709 5092 981 5135 terrarum
1012 5075 1148 5130 orbe
1178 5072 1350 5128 stabis
1370 5113 1384 5137 ,
1417 5078 1474 5125 et
1504 5084 1613 5124 non
1647 5074 1812 5123 modo
1835 5066 1979 5136 longi

414 5176 680 5246 temporis
724 5172 867 5228 fama
903 5165 1294 5228 celebraberis,
1339 5165 1435 5219 sed
1486 5162 1780 5217 immortali
1816 5160 1980 5213 etiam

415 5269 699 5323 memoria:
722 5260 1219 5321 commendaheris.
1250 5261 1363 5329 Age
1390 5259 1572 5328 igitur,
1604 5268 1703 5326 age
1733 5254 1819 5309 vir
1846 5267 1986 5323 quos

417 5363 497 5417 sol
543 5363 790 5416 intuetur
820 5357 1067 5413 omnium
1110 5352 1479 5408 doctissime:
1526 5345 1761 5419 imperti'
1796 5346 1986 5418 patriae

419 5461 743 5509 ornamenta
773 5449 1047 5514 tua,sicut
1076 5445 1310 5515 Lycurgi
1340 5453 1395 5499 et
1420 5442 1687 5497 Solones:
1719 5440 1985 5496 honorem

2089 4712 2189 4778 τῆς
2216 4709 2316 4778 σῆς
2348 4705 2549 4777 ἀρετῆς
2577 4706 2801 4771 κόσμος.
2845 4700 2955 4755 Καὶ
2989 4701 3133 4769 μέγα
3174 4700 3273 4769 μέν
3307 4699 3354 4750 τ’
3385 4695 3449 4750 ἂν
3470 4694 3639 4763 δερελος

2084 4795 2226 4855 εἷναί
2272 4813 2331 4850 σε
2366 4799 2478 4859 τοίς
2506 4796 2705 4857 κοινοῖς
2739 4791 3136 4862 δμολογοίημεν
3167 4790 3426 4851 ἅπαντες,
3461 4787 3556 4839 ἅτε
3573 4784 3641 4852 τῷ

2088 4890 2311 4961 μεγάλῳ
2345 4886 2556 4959 βασιλεῖ
2591 4868 3003 4953 συναιρόμενον,
3040 4883 3141 4934 ὅσα
3171 4882 3265 4933 καὶ
3293 4878 3640 4947 κυϐερνήταις

2084 4986 2133 5036 οἰ
2160 4982 2252 5034 τὸν
2287 4980 2448 5032 πόλον
2474 4979 2575 5031 καὶ
2599 4978 2699 5044 τὴν
2736 4975 2955 5044 Ἑλίκην
2980 4971 3458 5041 διασκοπούμενοι.
3499 4966 3641 5021 Ἀλλά

2087 5077 2143 5127 τί
2182 5093 2264 5138 τις
2289 5074 2356 5128 ἂν
2402 5073 2538 5144 φαίη
2564 5090 2577 5138 ;
2604 5067 2713 5123 ἾΙν
2743 5070 2837 5123 καὶ
2875 5069 3086 5131 Φειδίας
3118 5069 3175 5122 ὲν
3202 5064 3433 5134 ’Ἕλλησι
3488 5064 3641 5133 μέγας

2090 5167 2156 5219 ἐκ
2190 5184 2249 5219 τε
2278 5168 2377 5235 τῆς
2414 5163 2689 5236 μελίττης,
2722 5161 2784 5215 ἐκ
2814 5179 2873 5214 τε
2924 5162 3018 5213 τοῦ
3062 5162 3310 5227 τέττιγος
3335 5173 3351 5188 ·
3397 5157 3512 5210 ἀλλ’
3556 5153 3642 5219 οὐχ

2081 5253 2191 5321 οἶος
2217 5262 2281 5312 ὲκ
2316 5254 2789 5322 τοῦτὈλυμπιάσι
2818 5254 2959 5313 Διός.
3005 5241 3130 5302 Ἔτι
3170 5249 3356 5302 τοίνυν
3383 5248 3473 5301 καὶ
3502 5246 3639 5296 τούν-

2081 5348 2272 5403 mea»
2332 5345 2488 5406 κλέος
2523 5344 2713 5397 θᾶττον
2741 5342 2773 5413 ἢ
2800 5344 2867 5393 τά
2901 5344 2958 5393 ὲν
2992 5336 3154 5409 ἀγρῷ
3180 5338 3427 5408 φυόμενα
3450 5334 3643 5404 δαρρεἰ

2085 5443 2221 5512 αὐτῇ
2255 5442 2441 5510 μνήμῃ
2469 5439 2561 5489 καὶ
2592 5436 2743 5505 αὐτῷ
2770 5433 3006 5504 σώματι.
3036 5433 3102 5487 Εἰ
3148 5433 3203 5485 δέ
3253 5448 3319 5500 γε
3358 5428 3465 5482 τῶν
3495 5431 3548 5479 ἐν
3584 5425 3643 5494 τῇ

421 5549 565 5605 habe
587 5544 792 5603 celebri
819 5542 951 5597 huic
978 5538 1121 5605 urbi,
1155 5536 1621 5609 quemadmodum
1652 5535 1780 5590 olim
1817 5534 1970 5588 Athe-

2085 5535 2230 5605 ψυχῇ
2261 5531 2359 5600 τῆς
2397 5530 2591 5597 σοφίας
2639 5526 2930 5597 θησαυρῶν
2980 5523 3292 5594 μεταδοίης,
3324 5520 3523 5607 οὐκέτι
3570 5533 3642 5568 σοι

1735 5652 2073 5716 Variorum
2113 5658 2301 5714 noue.

493 5776 610 5843 (80)
646 5773 917 5840 Gregoras
943 5768 1120 5843 artatis
1145 5781 1256 5843 sua}
1282 5763 1564 5843 hominum
1599 5758 1811 5843 ingenia
1841 5755 1984 5843 agris

423 5828 691 5905 .nssi'milat
713 5828 999 5913 storilibus
1021 5849 1077 5893 et
1111 5837 1349 5913 incultis,
1380 5833 1571 5913 quales
1597 5830 1890 5913 pecoribus
1916 5828 1980 5880 ad

425 5903 641 5995 pastum
679 5914 875 5984 δὴ)οηί
927 5912 1122 5965 solent.
1161 5908 1216 5962 ll
1267 5908 1371 5962 hoc
1403 5903 1532 5959 loco
1565 5903 1838 5972 signiﬁcat
1884 5913 1989 5953 vox

2096 5754 2426 5880 ιιέηλόϐοτος,
2474 5766 2636 5823 quam
2687 5749 2920 5806 Wolﬁus
2964 5748 3126 5805 aliter
3175 5739 3642 5815 interpretabatur.

2139 5840 2306 5880 OlVIN.

2139 5840 2306 5880 OlVlN.

3850 1010 3853 1119 ψ

3850 1122 3853 1269 4

3850 1344 3853 1416 i
