4016 6574
251 461 363 527 505

508 396 588 530 [‘A-
631 472 682 513 αι
726 455 862 512 1289
902 472 969 512 AD
1010 455 1172 530 1528]
1248 457 1695 523 ΒῩΖΑΝΤΙΝᾸΞ
1734 456 2121 519 ΠΙΞΤΟΠΙ.Ε
2160 457 2303 519 LIB.
2350 456 2511 519 Vlll.
2610 449 2741 522 [ιηιδο
2787 462 3063 505 Ακωὶοκιει
3109 447 3265 507 δειν-
3399 440 3504 516 506

260 577 402 651 μετὰ
429 577 603 648 λήθης
626 576 865 648 τοῦνομα
886 578 1158 642 κείσεται,
1182 577 1435 649 καθάπερ
1453 577 1501 631 οἶ
1536 574 1719 647 χωλὴν
1740 570 1836 627 τοῦ

1954 572 2031 628 nis
2077 571 2331 627 Socrates
2377 583 2434 629 et
2484 573 2760 637 Platones.
2795 572 3022 641 Aperito
3051 572 3254 626 mentis
3302 548 3503 626 nostrae

256 671 376 742 βίου
403 670 553 741 ζωὴν
580 669 860 733 ἐϐάδισαν.
889 670 918 725 ὅ
948 687 1085 741 φησι
1111 664 1336 725 Πλάτων
1360 687 1376 703 ·
1410 668 1590 741 κήρυξ
1618 667 1662 722 δ’
1685 667 1742 731 ἐς
1764 664 1834 719 τὰ
1865 656 1868 660 ’

260 762 484 834 μάλισθ’
508 762 701 816 ἑαυτοῦ
728 763 915 833 σχεδὸν
949 763 1042 815 ἐπὶ
1074 762 1246 833 μέσης
1276 761 1494 830 ἑστήξει
1527 759 1629 828 τῆς
1655 758 1836 813 οἰκου-

262 856 453 928 μένης,
489 854 584 908 καὶ
607 854 685 924 τῷ
717 854 914 925 μακρῷ
957 854 1135 926 χρόνῳ
1184 855 1324 924 μετὰ
1372 852 1835 924 φαρμακευούσης

260 930 650 1016 ἑμπομπεύσει
695 946 795 1016 τῆς
848 947 1078 1018 ἠδονῆςο
1117 948 1212 1001 καὶ⁵
1262 948 1337 1018 μὴ
1370 950 1451 1001 ὅτι
1495 963 1559 1014 γε
1617 947 1867 1015 μνήμηςκ

258 1038 560 1105 ἀξιώσεται
588 1039 690 1108 τῆς
721 1040 808 1093 διὰ
833 1042 933 1108 γῆς
963 1040 1323 1110 πλανωμένης
1360 1040 1454 1093 καὶ
1480 1040 1839 1109 προσκαίροις

260 1133 455 1193 ἀκοαῖς
481 1131 542 1185 τὸ
577 1130 722 1201 ἴχνος
751 1131 1090 1201 ὲρειδούσης,
1123 1132 1257 1186 ἀλλά
1283 1132 1541 1201 κάκείνης
1571 1132 1635 1200 γέ
1659 1149 1764 1198 τοι,
1802 1132 1837 1203 ἦ

234 1222 360 1277 ’καὶ
392 1224 559 1277 αὐτὸν
590 1222 879 1293 ἄνθρωπον
907 1225 1143 1294 παραθεῖ
1173 1224 1358 1283 καὶ,τὸ
1396 1224 1661 1296 παράπαν
1699 1224 1839 1292 ἀκήο

265 1332 432 1387 ρατος
461 1317 555 1369 ἀεὶ
575 1316 933 1385 διαγίγνεται.
970 1317 1104 1384 Ἀγε
1133 1314 1197 1385 δὴ
1239 1315 1331 1370 οῦν
1357 1317 1482 1385 ἄγε,
1513 1315 1620 1369 τῶν
1649 1316 1741 1383 ὑφ’
1777 1316 1843 1385 ή-

262 1407 361 1476 λίῳ
389 1408 680 1476 σοφώτατε
704 1423 720 1439 ·
748 1406 978 1479 μετάδος
1023 1408 1118 1462 τοῦ
1153 1407 1246 1479 σοῦ
1288 1408 1495 1479 κόσμου
1531 1410 1598 1479 τῇ
1642 1407 1845 1478 θρεψα-
1892 1450 1898 1456 .

268 1502 433 1571 μένῃ,
469 1502 723 1571 καθάπερ
747 1476 1063 1572 λυκοῦργοι
1098 1503 1191 1556 καὶ
1225 1476 1463 1565 tome;
1485 1519 1500 1535 ο
1530 1476 1763 1572 τίμησον
1785 1501 1845 1554 τδ

258 1593 558 1663 διαϐόητον
589 1592 726 1647 ἄστυ
759 1595 931 1656 τουτὶ,
966 1593 1220 1664 καθάπερ
1264 1595 1361 1662 τὴν
1402 1592 1703 1665 Ἀθηναίων
1743 1592 1847 1646 πά-

261 1687 354 1738 λαι
382 1686 702 1757 Σωκράτεια
734 1687 828 1739 καὶ
857 1685 1165 1751 Πλάτωνες.
1196 1687 1440 1751 Ἂνοιξον
1474 1688 1636 1757 ἡμῶν
1667 1687 1728 1741 τὸ
1749 1686 1844 1741 τοῦ

260 1778 357 1833 νοῦ
389 1779 661 1848 βλέφαρον
685 1795 701 1811 ο
732 1779 906 1846 δεῖξον
937 1780 1328 1850 ἐναργέστερον
1354 1782 1438 1843 τίς
1465 1780 1493 1831 ὁ
1522 1778 1614 1832 τοῦ
1646 1778 1846 1842 παντὸς

259 1872 552 1962 ἁρμοστὴς
586 1872 680 1925 καὶ
714 1873 843 1925 ποία
875 1873 993 1927 ποθ’
1026 1874 1284 1944 ήτούτων
1310 1872 1683 1943 παναρμόνιος
1718 1871 1842 1925 σύν⁹
1875 1907 1918 1962 Β

259 1954 693 2029 ταξιςοδίδαξον
746 1965 821 2034 πῆ
869 1965 967 2024 τὰς
1021 1965 1199 2028 αἰτίας
1252 1966 1438 2038 θετέον
1464 1965 1557 2019 τοῦ
1588 1966 1843 2019 τοσούτου

260 2056 512 2119 δοθέντος
533 2054 742 2123 ἀγαθοῦ
765 2072 779 2086 ·
811 2058 877 2126 τῇ
901 2056 1010 2110 τῶν
1039 2058 1254 2128 ἄστρων
1283 2059 1529 2127 ἀνάγκη,⁸
1557 2055 1700 2110 κατὰ
1722 2054 1847 2118 τοὶς

267 2145 506 2217 θύραθεν
533 2146 751 2227 λόγους,
782 2147 817 2218 ἢ
843 2146 920 2216 τῷ
949 2147 1042 2200 τοῦ
1073 2150 1272 2210 παντὸς
1304 2148 1482 2218 αἰτίῳ.
1531 2147 1627 2202 Ἐκ
1651 2143 1846 2201 πολλοῦ

272 2239 386 2309 γὰρ
412 2239 493 2304 ὥς
525 2240 598 2294 τὰ
648 2241 821 2294 πολλὰ
851 2242 1269 2313 διαπορουμένῳ
1302 2242 1477 2304 οὐδεὶς
1509 2241 1722 2296 οὐδέπω
1757 2258 1850 2311 μοι

268 2332 396 2394 νοῦς
454 2334 768 2403 ἀπηντήκει
812 2334 913 2402 τῆς
973 2333 1117 2404 ἐμῆς
1176 2335 1615 2405 ἁποχειροτονῶν
1673 2328 1850 2405 ψυχῆς

267 2423 810 2495 τάμφισαλλόμενον.
843 2425 996 2478 Ὠστ’
1028 2428 1076 2479 εἰ
1109 2426 1184 2496 μὴ
1234 2427 1303 2479 δι’
1337 2426 1467 2481 ἄλλο
1497 2444 1571 2487 τι,
1600 2424 1690 2479 διὰ
1720 2426 1850 2493 γοῦν

268 2516 332 2568 ἓν
365 2515 434 2583 γέ
465 2532 552 2568 τοι
578 2516 736 2571 τοῦτο
769 2516 998 2582 δίδαξον.
1035 2518 1147 2570 Ποῦ
1178 2517 1223 2571 δ’
1252 2520 1352 2572 οὐκ
1384 2518 1451 2571 ἂν
1486 2517 1699 2572 ἐλαύνοι
1730 2535 1855 2588 σχε-

268 2604 581 2675 τλιότητος,
615 2592 882 2677 οὐρανοὺς
914 2607 1012 2677 μὲν
1055 2605 1361 2677 διηγεῖσθαι
1395 2607 1550 2672 δόξαν
1583 2606 1719 2661 Θεοῦ
1750 2626 1850 2661 πεο

270 2696 617 2769 ριηχοῦντας
638 2699 821 2752 πᾶσαν
841 2698 968 2768 γῆν,
1002 2699 1153 2768 ἡμᾶς
1186 2700 1241 2753 δὲ
1264 2700 1537 2770 κωφεύειν
1556 2700 1659 2753 οὐκ
1692 2700 1855 2753 ἐπαῖ-

270 2808 441 2855 οντας
497 2790 632 2846 ἅττα
690 2792 877 2861 φασὶν,
913 2792 1031 2844 ἀλλ’
1084 2792 1308 2862 ἄστροις
1359 2794 1421 2846 τὸ
1452 2792 1854 2864 θρυλλούμενον

270 2881 675 2952 τεκμαίρεσθαι
700 2881 802 2952 τὴν
844 2880 1052 2934 τούτων
1100 2883 1449 2954 ὲπιστήμην;
1486 2882 1721 2936 Ἔπειτα
1759 2886 1855 2937 καὶ

271 2974 374 3028 τοῦ
402 2973 608 3037 παντὸς
631 2974 699 3028 ἂν
728 2960 950 3037 πάντως
980 2973 1225 3028 ἐλλείποι
1259 2977 1333 3047 μὴ
1385 2975 1605 3053 ἀδικίας
1647 2974 1855 3045 ἔσχατα

275 3063 426 3120 εἶναι
476 3069 652 3130 τουτὶ,
685 3067 735 3118 εἰ
792 3067 930 3135 μήτε
967 3064 1112 3120 κατὰ
1153 3066 1478 3137 Πυθαγόραν
1507 3071 1564 3130 ἐς
1592 3060 1856 3136 ’Ἄττικὴν

279 3158 379 3212 ἀπ’
403 3157 687 3225 Αἰγύπτου
715 3157 1016 3211 διαὸαίνειν
1042 3158 1184 3222 δέον,
1220 3158 1346 3228 μήθ’
1377 3159 1579 3229 ὁμοίως
1611 3158 1854 3211 Πλάτωνι

1938 664 2247 735 palpebras.
2286 664 2606 720 Evidentius
2628 663 2967 727 demonstra,
2993 662 3119 733 quis
3155 663 3226 718 sit
3251 663 3493 716 omnium

1896 778 1899 781 ·
1937 756 2278 819 moderator,
2330 765 2386 810 et
2417 755 2596 826 qualis
2642 770 2835 810 eorum
2870 755 3155 825 aptissima
3191 768 3501 823 compages.

1938 847 2093 904 Docer
2114 864 2225 919 quo
2258 863 2433 904 causa:
2453 848 2799 903 conferendae
2831 847 2945 902 sint
2974 847 3135 902 nobis
3168 849 3303 901 tanti
3334 847 3500 901 boni:

1940 939 2209 1009 numquid
2255 939 2322 994 ad
2368 939 2755 993 necessitatem
2799 946 3113 1000 astrorum,
3170 945 3232 992 ut
3284 935 3503 1007 profani

1940 1033 2188 1094 tradunt,
2219 1038 2314 1083 aut
2340 1028 2407 1082 ad
2441 1028 2821 1083 universitatis
2851 1036 3154 1082 auctorem.
3191 1029 3307 1092 Qua
3336 1027 3405 1082 de
3444 1043 3504 1082 re

1939 1133 2064 1172 cum
2095 1118 2259 1189 longo
2283 1129 2529 1189 tempore
2565 1135 2767 1190 anceps
2793 1119 3117 1186 haesitarim,
3142 1135 3304 1174 nemo
3326 1120 3509 1174 adhuc

1941 1210 2299 1281 contigit,qui
2341 1212 2660 1282 scrupulum
2689 1213 2837 1267 hunc
2868 1213 3053 1266 animo
3085 1228 3206 1268 meo
3221 1213 3508 1268 eximeret.

1942 1296 2122 1362 Quare
2158 1298 2201 1351 si
2246 1314 2355 1353 non
2399 1299 2468 1355 ob
2494 1301 2666 1366 aliud,
2696 1302 2780 1357 vel
2810 1313 3036 1372 propter
3067 1301 3173 1358 hoc
3208 1318 3376 1356 unum
3409 1303 3509 1357 do-

1942 1399 2085 1444 ceto.
2134 1389 2275 1456 Quid
2320 1407 2452 1446 vero
2487 1393 2744 1448 miserius
2794 1393 2909 1448 ﬁeri
2956 1401 3144 1463 queat,
3175 1410 3340 1463 quam
3383 1410 3510 1449 cum

1943 1481 2070 1535 ραιιὶ
2117 1480 2212 1535 Dei
2238 1481 2465 1550 gloriam
2498 1492 2758 1538 enarrent
2800 1498 3019 1539 omnem
3049 1494 3246 1539 terram
3275 1485 3514 1540 circum-

1947 1580 2358 1636 sonantes,‘nos
2388 1573 2699 1629 surdastros
2730 1591 2839 1629 non
2866 1579 3127 1631 exaudire
3151 1577 3282 1646 quid
3309 1578 3511 1644 dicant,

1947 1663 2041 1717 sed
2091 1664 2257 1719 astris
2308 1665 2393 1734 (ut
2442 1665 2606 1736 vulgo
2651 1666 2909 1737 jactatur)
2956 1668 3174 1723 illorum
3225 1669 3513 1724 scientiam

1947 1756 2278 1825 ponderare,
2307 1755 2362 1810 id
2409 1765 2513 1822 est,
2558 1757 2666 1811 levi
2715 1759 3029 1827 conjectura
3075 1767 3284 1813 tantum
3321 1761 3521 1815 intelli-

1949 1846 2122 1917 gere?
2160 1846 2296 1900 Illud
2342 1862 2475 1901 vero
2504 1857 2763 1905 extrema:
2804 1851 3112 1919 iniquitatis
3150 1850 3337 1917 fuerit,
3388 1869 3514 1907 cum

1951 1955 2052 1996 nec
2084 1949 2145 1994 ut
2179 1940 2493 2011 Pythagorae
2521 1956 2587 1994 ex
2628 1941 2861 2011 Egypto
2893 1942 2947 1995 in
2979 1943 3209 1999 Atticam
3259 1946 3521 2014 navigan-

1950 2032 2104 2095 dum,
2140 2047 2243 2087 nec
2286 2043 2346 2087 ut
2384 2032 2599 2087 Platoni
2657 2049 2806 2087 mare
2858 2032 3073 2095 Ionium
3122 2036 3285 2105 326
3322 2037 3522 2106 sacpius

1953 2126 2356 2196 trajiciendum,
2393 2135 2445 2180 et
2476 2143 2540 2180 ex
2574 2126 2751 2182 Attica
2786 2127 2840 2180 in
2881 2129 3121 2182 Siciliam
3155 2131 3221 2183 ad
3261 2139 3523 2200 tyrannos
3624 2116 3631 2119 ’

1951 2218 2429 2283 proficiscendum,
2459 2227 2622 2288 atque
2659 2218 2784 2274 inde
2815 2221 2867 2273 in
2896 2220 3222 2276 Academias
3247 2230 3301 2276 et
3325 2222 3525 2276 ambu-

1950 2312 2097 2366 lacra
2129 2311 2474 2366 redeundum
2503 2312 2600 2367 tibi
2635 2313 2727 2377 sit,
2755 2323 2815 2367 ut
2838 2313 3054 2382 publice
3078 2315 3338 2369 virtutem
3367 2330 3526 2384 spar‘

1952 2418 2046 2471 gas
2081 2419 2094 2455 :
2138 2400 2231 2457 sed
2277 2419 2376 2471 pro
2411 2401 2589 2472 Lyceo
2610 2412 2665 2458 et
2687 2401 2816 2456 Stoa
2848 2403 2902 2457 in
2933 2404 3216 2459 consuetis
3246 2406 3361 2459 tuis
3385 2405 3525 2460 aedi-

1955 2493 2060 2548 bus
2088 2493 2345 2547 virtutem
2382 2501 2527 2547 tuam
2561 2493 2613 2546 in
2649 2499 2823 2546 totum
2866 2502 3133 2547 terrarum
3171 2494 3364 2548 orbem
3400 2509 3529 2563 pro-

1956 2601 2156 2655 pagare
2190 2600 2393 2655 queas:
2430 2583 2641 2655 aliquid
2677 2584 2825 2638 aliud
2869 2584 3062 2654 majori
3091 2584 3374 2639 tibi‘curae
3402 2601 3528 2641 esse

1955 2678 2197 2740 sinas,et
2224 2677 2466 2747 linguam
2491 2688 2635 2730 tuam
2668 2677 3153 2745 incomparabilem
3176 2677 3529 2733 obsolescere

1956 2766 2180 2822 silentio
2234 2768 2477 2836 patiaris.
2537 2766 2658 2821 Jam
2712 2764 2848 2819 illud
2916 2779 3136 2833 quoque
3189 2763 3528 2828 videndum,

1957 2875 2121 2929 quam
2154 2858 2524 2912 inconstantia
2567 2866 2623 2910 et
2658 2857 2870 2911 incerta
2905 2857 3018 2910 sint
3057 2856 3241 2909 omnia
3271 2874 3285 2909 :
3319 2866 3377 2909 ut
3417 2857 3530 2910 for-

1959 2963 2107 3007 tunae
2146 2952 2385 3006 insultus
2437 2950 2574 3003 nihil
2610 2965 2732 3004 esse
2767 2949 3094 3002 diuturnum
3127 2949 3304 3003 sinat:
3341 2957 3400 3002 ut
3433 2948 3526 3002 alii

1958 3046 2160 3109 serius,
2187 3045 2343 3099 ocius
2390 3044 2507 3107 alii,
2556 3045 2719 3098 rebus
2749 3043 3008 3097 omnibus
3053 3042 3285 3109 relictis,
3328 3053 3530 3114 praeter

1958 3139 2444 3208 exspectationem,
2490 3138 2545 3190 iu
2598 3147 2840 3199 noctem,
2872 3136 2945 3209 im
2979 3136 3259 3201 tenebras,
3294 3137 3347 3188 in
3386 3136 3533 3189 obl-

278 3222 549 3313 πολλάκις
595 3248 844 3304 διαπλεῖν
882 3249 974 3303 τὸν
1010 3247 1189 3303 Ἰόνιον
1224 3222 1336 3303 κάκ
1363 3222 1462 3320 της
1512 3248 1765 3319 Ἀττικῆς
1797 3248 1855 3311 ἐς

1963 3232 2204 3295 vionem,
2251 3229 2305 3284 in
2351 3238 2583 3284 mortem
2622 3222 2933 3297 przecipiies
2980 3222 3173 3282 ruant.
3214 3227 3333 3297 Ipsa
3370 3243 3535 3295 porro

279 3344 560 3408 Σικελίαν,
592 3342 685 3396 καὶ
706 3345 1001 3413 τυράννους
1037 3344 1193 3410 ἰέναι,
1226 3343 1481 3396 κάκεῖθεν
1499 3341 1656 3403 αὖθις
1685 3344 1738 3403 ἐς
1775 3343 1861 3393 Ἀ-

282 3434 562 3506 καδημίας
616 3436 712 3487 καὶ
770 3435 1111 3506 περιπάτους
1163 3436 1472 3495 ἐπανιέναι,
1512 3433 1580 3486 ἵν’
1632 3431 1776 3485 οὕτω
1808 3430 1859 3499 γ’

280 3529 431 3598 ἐξείη
494 3528 704 3597 διαχεῖν
736 3528 798 3609 ἐγ
828 3527 993 3595 κοινῷ
1045 3526 1143 3597 τὴν
1177 3525 1399 3597 ἀρετὴν,
1443 3525 1561 3579 ἀλλ’
1607 3525 1728 3578 ἀντὶ
1753 3523 1862 3576 Λυ-

283 3620 439 3673 κείου
472 3619 568 3671 καὶ
598 3618 770 3680 Στοᾶς
793 3620 857 3689 τῇ
902 3616 1126 3689 συνήθει
1156 3617 1442 3693 χρώμενον
1456 3615 1642 3686 ,ιέστίᾳ
1668 3615 1862 3683 κόσμῳ

282 3711 448 3764 παντὶ
474 3710 871 3779 παραπέμπειν
893 3709 992 3780 την
1020 3711 1239 3781 ἀρετὴν,
1273 3692 1451 3762 ἔπειθ’
1501 3708 1561 3761 ἓν
1590 3708 1654 3775 γέ
1676 3726 1726 3759 τι
1752 3705 1864 3757 τῶν

284 3804 548 3858 ἁπάντων
584 3801 910 3873 προτιμῴης
941 3802 1130 3872 ἕτερον
1164 3802 1257 3855 καὶ
1298 3801 1550 3872 ῥᾳστώνῃ
1581 3799 1737 3868 διδῷς
1768 3816 1862 3850 σου

282 3898 386 3969 τὴν
417 3897 516 3950 τοῦ
577 3895 780 3953 παντὸς
837 3894 996 3962 ἀξίαν
1047 3894 1320 3964 γλῶτταν.
1365 3895 1534 3965 Ὀρᾷν
1582 3892 1639 3946 δὲ
1690 3892 1861 3962 δήπου

284 3984 466 4057 χρεὼν
516 3985 616 4037 καὶ
661 3984 762 4053 ὅση
797 3985 912 4046 τοῖς
969 3984 1293 4053 πράγμασιν
1346 3982 1580 4036 ἀπιστία
1647 3998 1709 4033 τε
1772 3981 1863 4033 καὶ

283 4077 641 4147 πλημμέλεια
693 4076 1048 4146 περικέχυται
1075 4115 1090 4138 ,
1127 4075 1221 4127 καὶ
1278 4074 1425 4136 ὅπως
1469 4076 1523 4127 αἰ
1556 4073 1656 4142 τῆς
1694 4073 1868 4143 τύχης

284 4169 578 4223 ἐπιϐουλαὶ
617 4169 799 4239 μένειν
824 4167 979 4221 οὐδὲν
1008 4167 1119 4222 τῶν
1142 4168 1361 4221 πάντων
1393 4166 1555 4221 ὲῶσιν
1593 4166 1830 4235 ἐφ”ένός
1850 4182 1864 4197 ·

285 4261 407 4314 ἀλλ’
428 4260 711 4331 ἄνθρωποι
739 4258 859 4330 μὲν,
883 4259 933 4312 οἰ
963 4258 1062 4329 μὲν
1090 4258 1149 4310 ὲν
1179 4256 1498 4328 μεσημϐρίᾳ
1524 4257 1724 4326 φωτὸς,
1747 4256 1872 4307 σκό-

1963 3323 2232 3392 sapientia
2283 3338 2507 3391 quoque
2565 3321 2823 3388 migravit
2869 3320 3106 3387 saepius;
3147 3323 3308 3389 cujus
3357 3320 3538 3388 primo

1963 3414 2307 3468 demicilium
2352 3411 2619 3483 Egyptus
2670 3411 2840 3465 fuisse
2896 3411 3240 3481 perhibetur.
3291 3413 3424 3468 Inde
3466 3413 3535 3468 ad

1966 3506 2161 3560 Persas
2186 3513 2242 3558 et
2259 3504 2543 3558 Chaldaeos
2570 3503 2822 3558 transiit:
2848 3512 2972 3572 post
3001 3503 3147 3572 apud
3170 3503 3540 3559 Athenienses

1964 3596 2228 3653 divertit:
2266 3606 2431 3665 atque
2484 3595 2635 3665 illinc
2686 3595 2855 3649 etiam
2903 3594 3120 3648 tandem
3156 3596 3444 3649 avolavit:
3485 3605 3541 3651 et

1967 3707 2114 3745 nunc
2170 3691 2320 3744 velut
2368 3660 2583 3744 avicul'a
2625 3690 2758 3745 nido
2811 3689 3101 3744 exturbata
3156 3689 3323 3759 longo
3370 3690 3539 3743 etiam

1969 3797 2215 3854 tempore
2246 3785 2477 3839 incertis
2509 3784 2736 3839 sedibus
2762 3794 2993 3854 vaga/tur
3033 3794 3088 3838 et
3118 3780 3362 3839 oberrat.
3396 3784 3538 3839 Fieri

1967 3891 2147 3931 autem
2182 3888 2383 3945 potest,
2411 3887 2471 3929 ut
2501 3885 2595 3928 aut
2624 3876 2770 3946 apud
2805 3892 2906 3931 nos
2941 3876 3110 3931 (initis
3134 3877 3442 3940 erroribus,
3488 3878 3536 3931 si

1970 3969 2067 4025 tibi
2116 3958 2186 4021 ita
2230 3968 2408 4021 visum
2475 3965 2663 4032 fuerit,
2696 3967 3035 4031 domicilium
3084 3970 3403 4034 constituat,
3449 3977 3548 4022 aut

1968 4074 2200 4129 prorSus
2235 4058 2289 4110 in
2325 4058 2496 4111 caelos
2529 4059 2712 4111 abeat.
2745 4058 2823 4112 Ne
2862 4074 3013 4131 νιετο⁷
3037 4058 3168 4112 mihi
3217 4073 3545 4113 SUccenseas

1970 4167 2091 4214 oro,
2129 4160 2179 4203 te
2211 4149 2278 4203 ad
2324 4151 2447 4201 talia
2481 4150 2816 4202 cxhortanti.
2856 4150 2914 4203 ω
2931 4146 3090 4203 'enim
3126 4151 3309 4205 dicere
3354 4166 3542 4221 cogor,

1970 4255 2113 4325 quod
2148 4254 2352 4308 nullam
2381 4254 2496 4305 veri
2527 4253 2945 4307 similitudinem
2978 4254 3167 4319 habet,
3191 4255 3398 4309 incerta
3428 4269 3546 4309 nio-

284 4372 415 4417 τους
432 4354 531 4406 καὶ
551 4352 723 4423 λήθης
750 4353 940 4405 ύπίασι
970 4348 1194 4421 μυχούς’
1212 4347 1296 4421 [Ρ.
1321 4347 1448 4420 201]
1467 4351 1515 4403 οἰ
1539 4349 1582 4401 δ’
1613 4347 1674 4412 ἐξ
1701 4347 1857 4401 ὕπνοι

1974 4354 2156 4400 menta
2204 4354 2514 4412 temporum
2564 4344 2818 4398 veritus:
2874 4360 2944 4399 ne
3010 4347 3162 4399 velut
3213 4363 3280 4400 ex
3328 4346 3545 4401 occulto

286 4447 389 4503 καὶ
417 4446 616 4509 νυκτὸς
653 4447 733 4509 εἰς
761 4446 964 4508 ῦπνους
982 4448 1076 4498 καὶ
1098 4442 1299 4505 νύκτας
1317 4441 1584 4512 διηνεκεῖς
1610 4439 1857 4510 μεταϐαί-

1974 4449 2143 4506 atque
2174 4452 2242 4490 ex
2274 4434 2491 4489 insidiis
2520 4436 2868 4504 erumpentia
2901 4446 3112 4490 tantum
3147 4438 3314 4491 nobis
3344 4438 3551 4493 bonum

286 4557 477 4605 νουσι,
511 4539 697 4601 πάσας
724 4537 1015 4608 φροντίδας
1051 4535 1282 4590 κατόπιν
1315 4533 1857 4604 διαλιμπάνοντες.’11

1975 4530 2237 4600 eripiant.
2271 4528 2431 4603 Nam.
2476 4529 2523 4581 si
2556 4538 2611 4581 et
2655 4527 2762 4582 hoc
2805 4529 3100 4583 dicendum
3146 4539 3251 4591 est,
3288 4545 3396 4582 non
3442 4539 3551 4584 tam

285 4635 346 4689 δὲ
376 4634 543 4704 σοφία
575 4633 670 4685 καὶ
692 4632 831 4701 αὑτὴ
863 4631 1085 4694 πολλαῖς
1114 4632 1231 4693 ταῖς
1259 4629 1544 4692 ἀποικίαις
1574 4627 1857 4697 ἐχρήσατο.

1976 4632 2220 4678 nostram
2282 4622 2458 4676 vircm
2516 4620 2737 4676 solliciti
2789 4636 3001 4684 sumus,
3028 4637 3190 4689 quam
3223 4621 3291 4675 de
3348 4629 3440 4674 tua
3499 4622 3551 4674 in

285 4727 573 4795 Αἴγυπτος
600 4724 701 4795 μὲν
735 4725 844 4794 γὰρ
874 4724 1067 4793 αὐτῆς,
1092 4725 1284 4794 φασὶν,
1313 4725 1346 4793 ἡ
1369 4723 1500 4792 πρὶν
1535 4722 1708 4774 ἑστία.
1740 4715 1857 4773 Erro

1979 4725 2262 4786 posterum
2310 4712 2744 4767 existimatione.
2797 4712 2959 4782 327
3015 4712 3169 4777 Quod
3219 4711 3263 4765 si
3294 4716 3555 4781 eptamlo

287 4819 430 4890 πρὸς
472 4816 694 4886 Πέρσας
726 4816 821 4869 καὶ
850 4816 1147 4878 Χαλδαίους
1173 4814 1348 4885 διέόη.
1383 4811 1515 4867 Εἶτα
1542 4812 1670 4883 παρ’
1712 4810 1872 4879 Ἀθη-

290 4911 468 4972 ναίοις
521 4907 821 4962 κατέλυσεσ
877 4906 1132 4960 κάκεῖθεν
1171 4906 1234 4958 τὸ
1282 4904 1600 4958 τελευταῖον
1650 4903 1874 4971 ἀπέπτη

296 5000 388 5054 καὶ
415 4999 588 5052 οἱονεί
636 5014 720 5061 τις
768 4995 935 5075 ὅρνις,
966 4995 1066 5063 τῆς
1119 4994 1315 5056 καλιᾶς
1343 4993 1432 5063 ὑφ’
1469 4993 1691 5047 ὁτουοῦν
1744 4994 1880 5058 ἐξω-

1981 4818 2193 4863 tantum
2246 4806 2627 4876 proﬁceretur,
2661 4822 2827 4875 quam
2860 4816 3111 4876 prompta
3163 4807 3417 4861 voluntas
3446 4817 3552 4870 est,

1961 4899 2343 4954 'immortalem
2390 4911 2515 4951 csse
2549 4906 2601 4950 te
2636 4897 2923 4961 vellemus,
2968 4906 3027 4950 ut
3057 4906 3106 4951 te
3134 4897 3397 4964 gaudere,
3432 4908 3555 4953 tan-

1978 5008 2144 5063 quam
2183 4991 2474 5045 excellenti
2507 4988 2789 5051 thesauro,
2825 4999 3090 5058 perpetuo
3118 4990 3331 5043 liceret.
3374 4990 3559 5043 Enim-

299 5091 491 5144 σθεῖσα
521 5090 794 5158 περίεισιν
826 5088 953 5157 ἄρτι
977 5087 1068 5140 διὰ
1100 5084 1318 5156 μακροῦ
1352 5086 1712 5154 πλανωμένη.
1740 5085 1857 5136 Κιν·

1979 5100 2111 5139 vero
2142 5094 2294 5136 tuum
2323 5083 2432 5151 jam
2466 5080 2636 5134 fuerit
2662 5083 2979 5147 ostendere,
3012 5099 3143 5137 num
3179 5081 3384 5136 frustra
3415 5084 3561 5137 fores

295 5180 510 5234 δυνεύει
538 5178 586 5233 δ’
605 5178 698 5231 οῦν
726 5178 863 5242 τέως
897 5180 930 5249 ἢ
962 5179 1093 5248 παρ’
1116 5180 1250 5248 ἡμῖν
1284 5178 1540 5231 ἐνταυθοῖ
1562 5176 1657 5229 τοῦ
1685 5174 1857 5229 λοιποὶ

1980 5176 2414 5246 pulsaverimus.
2456 5191 2474 5223 ι
2962 5172 2995 5193 ⁸

302 5276 485 5343 μεῖναι
517 5274 726 5327 στᾶσαν
759 5274 859 5338 τῆς
917 5273 1151 5340 πλάνης,
1182 5272 1235 5324 ετ
1281 5270 1363 5323 σοί
1407 5286 1469 5337 γε
1507 5270 1593 5339 εἴη
1626 5256 2033 5338 δεδογμένον,ἢ
2096 5266 2296 5327 τελέως
2334 5264 2581 5345 οἴχεσθαι
2655 5262 2973 5334 δραμοῦσαν
3037 5267 3103 5319 δι’
3152 5264 3409 5337 αἰθέρος·
3466 5265 3562 5318 καὶ

301 5367 374 5437 μή
437 5385 533 5436 μοι
595 5365 914 5436 ἀχθεσθιιίης
967 5366 1061 5416 ἐπὶ
1095 5364 1323 5417 τοιαῦτὰ
1379 5380 1440 5416 σε
1495 5361 1878 5432 παροξύνοντι.
1920 5361 2118 5425 Λέγειν
2165 5360 2273 5429 γὰρ
2334 5358 2604 5424 ἐξάγομαι
2652 5357 2745 5409 καὶ
2798 5358 2894 5410 τοῦ
2944 5362 3152 5421 εἰκότος
3223 5361 3415 5431 πόρρω
3459 5359 3563 5429 τὴν

300 5460 389 5512 τοῦ
437 5458 637 5529 χρόνου
672 5455 857 5518 δεδιώς
895 5455 1175 5523 πεττείαν,
1228 5453 1318 5525 μὴ
1351 5453 1541 5524 ὥσπερ
1587 5453 1645 5519 ἐξ
1709 5450 1947 5519 ἀφανοῦς
1985 5467 2046 5503 τε
2079 5449 2171 5502 καὶ
2205 5449 2364 5517 λόχου
2411 5448 2637 5517 δραμὼν
2683 5448 2937 5500 τοσοῦτον
2987 5450 3150 5502 καλὸν
3182 5450 3398 5518 οἴχηται
3429 5450 3564 5501 ἀπο-ι

302 5555 540 5624 κρύψας.
581 5549 646 5603 Εἰ
672 5551 780 5622 γὰρ
816 5552 910 5603 καὶ
936 5549 1078 5603 τοῦτ’
1108 5551 1283 5602 εἰπεῖν
1314 5550 1443 5620 χρὴ,
1479 5548 1580 5616 οὐχ
1611 5544 1741 5615 ἡμῖν
1767 5545 1954 5607 αὐτοῖς
1986 5543 2146 5614 ἡμῶν
2188 5544 2368 5596 αὐτῶν
2438 5543 2694 5597 τοσοῦτον
2746 5547 2924 5614 μέλει,
2960 5537 3118 5599 ’ὅσον
3189 5546 3283 5597 καὶ
3316 5543 3416 5613 τῆς
3462 5546 3565 5613 σῆς

302 5656 382 5716 εἲς
418 5646 809 5720 τοῦμπροσθεν
833 5645 1126 5710 εύκλείαςυ
1162 5646 1304 5699 ὣστε
1334 5647 1428 5698 καὶ
1488 5645 1652 5713 εἴπερ
1682 5641 1812 5712 ἐξῆν
1871 5640 2158 5708 εὐξαμένῳ
2211 5640 2396 5708 τυχεῖν
2452 5634 2527 5693 ὧν
2558 5641 2626 5695 ἂν
2675 5646 2763 5712 εἴη
2836 5642 3095 5704 ἐθέλοντι,
3158 5638 3330 5710 ἥδιστ’
3380 5639 3447 5692 ἂν
3497 5640 3566 5693 δι’

305 5744 504 5808 αἰῶνός
565 5759 626 5796 σε
679 5744 779 5812 ζῇν
808 5741 1085 5812 ηὐξάμην,
1143 5741 1211 5795 ἵν’
1236 5741 1320 5809 εἴη
1353 5742 1486 5809 ἡμῖν
1514 5736 1741 5808 ἥδεσθαι
1796 5734 1885 5789 διὰ
1922 5733 2123 5798 παντὸς
2150 5733 2242 5786 ἐπὶ
2271 5735 2378 5797 σοι,
2411 5735 2664 5807 καθάπερ
2726 5738 2818 5789 ἐπὶ
2850 5736 2978 5805 μάλ’
3016 5735 3236 5813 εύτυχεῖ
3274 5732 3563 5806 θησαυρῷ,

319 5837 486 5893 ’Λλλά
518 5837 631 5908 γὰρ
661 5838 756 5893 σὺν
788 5836 857 5894 ἂν
889 5838 978 5908 εἴη
1025 5834 1347 5892 τουντεῦθεν
1376 5832 1666 5901 δεικνύειν,
1707 5833 1756 5887 εἰ
1809 5830 1885 5902 μὴ
1924 5827 2074 5898 παρὰ
2104 5826 2278 5899 θύραν
2308 5826 2541 5899 ἥκουσιν
2576 5830 2737 5900 ἡμῶν
2762 5830 2817 5884 αἰ
2852 5828 3250 5899 παρακλήσεις.
3292 5846 3311 5877 ι
