  <div class='ocr_page' id='page_1' title='image "/cluster/home/n/w/nwhite01/storage/ocr_20150623/148/hvd.32044019208362/264.png"; bbox 0 0 4016 6638; ppageno 0'>
   <div class='ocr_carea' id='block_1_1' title="bbox 306 507 498 574">
    <p class='ocr_par' dir='ltr' id='par_1_1' title="bbox 306 507 498 574">
     <span class='ocr_line' id='line_1_1' title="bbox 306 507 498 574; baseline -0.021 0"><span class='ocrx_word' id='word_1_1' title='bbox 306 507 498 574; x_wconf 79' lang='lat'><strong>509&#39;</strong></span> 
     </span>
    </p>
   </div>
   <div class='ocr_carea' id='block_1_2' title="bbox 568 501 2584 585">
    <p class='ocr_par' dir='ltr' id='par_1_2' title="bbox 568 501 2584 585">
     <span class='ocr_line' id='line_1_2' title="bbox 568 501 2584 585; baseline 0.01 -25"><span class='ocrx_word' id='word_1_2' title='bbox 568 504 643 578; x_wconf 76' lang='grc' dir='ltr'><strong>[Α.</strong></span> <span class='ocrx_word' id='word_1_3' title='bbox 685 520 737 561; x_wconf 91' lang='lat' dir='ltr'><strong>c.</strong></span> <span class='ocrx_word' id='word_1_4' title='bbox 783 502 922 562; x_wconf 73' lang='lat' dir='ltr'><strong>l282</strong></span> <span class='ocrx_word' id='word_1_5' title='bbox 958 518 1024 560; x_wconf 70' lang='lat' dir='ltr'><strong>an</strong></span> <span class='ocrx_word' id='word_1_6' title='bbox 1071 501 1228 576; x_wconf 69' lang='lat' dir='ltr'><strong>I528]</strong></span> <span class='ocrx_word' id='word_1_7' title='bbox 1305 508 1759 572; x_wconf 74' lang='lat' dir='ltr'><strong>BYZANTIN/E</strong></span> <span class='ocrx_word' id='word_1_8' title='bbox 1796 510 2188 575; x_wconf 67' lang='lat' dir='ltr'><strong>HISTORIA!</strong></span> <span class='ocrx_word' id='word_1_9' title='bbox 2226 516 2375 580; x_wconf 78' lang='lat' dir='ltr'><strong>LIB.</strong></span> <span class='ocrx_word' id='word_1_10' title='bbox 2415 516 2584 585; x_wconf 76' lang='lat' dir='ltr'><strong>VIII.</strong></span> 
     </span>
    </p>
   </div>
   <div class='ocr_carea' id='block_1_3' title="bbox 2683 513 3578 591">
    <p class='ocr_par' dir='ltr' id='par_1_3' title="bbox 2683 513 3578 591">
     <span class='ocr_line' id='line_1_3' title="bbox 2683 513 3578 591; baseline 0.02 -24"><span class='ocrx_word' id='word_1_11' title='bbox 2683 513 2817 587; x_wconf 72' lang='grc' dir='ltr'>[ιιιρ.</span> <span class='ocrx_word' id='word_1_12' title='bbox 2859 530 3144 572; x_wconf 61' lang='grc' dir='ltr'>Αδυιιοκιο.</span> <span class='ocrx_word' id='word_1_13' title='bbox 3186 519 3329 591; x_wconf 68' lang='lat' dir='ltr'><strong>seu]</strong></span> <span class='ocrx_word' id='word_1_14' title='bbox 3473 520 3578 586; x_wconf 62' lang='lat'><strong>5‘20</strong></span> 
     </span>
    </p>
   </div>
   <div class='ocr_carea' id='block_1_4' title="bbox 305 629 1897 708">
    <p class='ocr_par' dir='ltr' id='par_1_4' title="bbox 305 629 1882 703">
     <span class='ocr_line' id='line_1_4' title="bbox 305 629 1882 703; baseline 0.003 -20"><span class='ocrx_word' id='word_1_15' title='bbox 305 629 543 684; x_wconf 84' lang='grc' dir='ltr'>κατόπιν</span> <span class='ocrx_word' id='word_1_16' title='bbox 566 631 671 700; x_wconf 82' lang='grc' dir='ltr'>τῆς</span> <span class='ocrx_word' id='word_1_17' title='bbox 692 630 849 697; x_wconf 83' lang='grc' dir='ltr'>ἀξίας</span> <span class='ocrx_word' id='word_1_18' title='bbox 874 631 1199 703; x_wconf 68' lang='grc' dir='ltr'>βαδίζοντας,</span> <span class='ocrx_word' id='word_1_19' title='bbox 1232 630 1380 687; x_wconf 74' lang='grc' dir='ltr'>τοῦτ’</span> <span class='ocrx_word' id='word_1_20' title='bbox 1415 633 1550 688; x_wconf 75' lang='grc' dir='ltr'>αὐτὸ</span> <span class='ocrx_word' id='word_1_21' title='bbox 1579 635 1777 700; x_wconf 78' lang='grc' dir='ltr'>ποιεῖν,</span> <span class='ocrx_word' id='word_1_22' title='bbox 1806 632 1882 699; x_wconf 85' lang='grc' dir='ltr'><strong>ὡς</strong></span> 
     </span>
    </p>
   </div>
   <div class='ocr_carea' id='block_1_5' title="bbox 1998 629 3572 708">
    <p class='ocr_par' dir='ltr' id='par_1_5' title="bbox 1998 630 3572 708">
     <span class='ocr_line' id='line_1_5' title="bbox 1998 630 3572 708; baseline 0.004 -21"><span class='ocrx_word' id='word_1_23' title='bbox 1998 630 2262 688; x_wconf 74' lang='lat' dir='ltr'><strong>L&#39;rustrari.</strong></span> <span class='ocrx_word' id='word_1_24' title='bbox 2312 633 2502 706; x_wconf 85' lang='lat' dir='ltr'><strong>Neque</strong></span> <span class='ocrx_word' id='word_1_25' title='bbox 2555 635 2701 690; x_wconf 92' lang='lat' dir='ltr'><strong>enim</strong></span> <span class='ocrx_word' id='word_1_26' title='bbox 2755 631 3029 691; x_wconf 77' lang='lat' dir='ltr'><strong>allir&#39;mare</strong></span> <span class='ocrx_word' id='word_1_27' title='bbox 3090 636 3435 702; x_wconf 85' lang='lat' dir='ltr'><strong>dubitem,ei</strong></span> <span class='ocrx_word' id='word_1_28' title='bbox 3476 638 3572 708; x_wconf 87' lang='lat' dir='ltr'><strong>qui</strong></span> 
     </span>
    </p>
   </div>
   <div class='ocr_carea' id='block_1_6' title="bbox 305 721 1888 798">
    <p class='ocr_par' dir='ltr' id='par_1_6' title="bbox 305 721 1888 798">
     <span class='ocr_line' id='line_1_6' title="bbox 305 721 1888 798; baseline 0.004 -24"><span class='ocrx_word' id='word_1_29' title='bbox 305 723 455 790; x_wconf 83' lang='grc' dir='ltr'>μάλα</span> <span class='ocrx_word' id='word_1_30' title='bbox 476 721 540 776; x_wconf 83' lang='grc' dir='ltr'><strong>δν</strong></span> <span class='ocrx_word' id='word_1_31' title='bbox 570 722 726 778; x_wconf 79' lang='grc' dir='ltr'>οὐδὲν</span> <span class='ocrx_word' id='word_1_32' title='bbox 750 724 993 794; x_wconf 73' lang='grc' dir='ltr'>αἰσχρόν.</span> <span class='ocrx_word' id='word_1_33' title='bbox 1028 725 1413 796; x_wconf 78' lang='grc' dir='ltr'>Διατειναίμην</span> <span class='ocrx_word' id='word_1_34' title='bbox 1449 727 1556 796; x_wconf 83' lang='grc' dir='ltr'>γὰρ</span> <span class='ocrx_word' id='word_1_35' title='bbox 1585 726 1653 780; x_wconf 82' lang='grc' dir='ltr'>ἂν</span> <span class='ocrx_word' id='word_1_36' title='bbox 1679 727 1888 798; x_wconf 88' lang='grc' dir='ltr'>σφόδρα</span> 
     </span>
    </p>
   </div>
   <div class='ocr_carea' id='block_1_7' title="bbox 303 816 1890 890">
    <p class='ocr_par' dir='ltr' id='par_1_7' title="bbox 303 816 1890 890">
     <span class='ocr_line' id='line_1_7' title="bbox 303 816 1890 890; baseline 0.003 -21"><span class='ocrx_word' id='word_1_37' title='bbox 303 816 509 884; x_wconf 76' lang='grc' dir='ltr'>ἔγωγε,</span> <span class='ocrx_word' id='word_1_38' title='bbox 565 817 643 881; x_wconf 85' lang='grc' dir='ltr'><strong>ὡς</strong></span> <span class='ocrx_word' id='word_1_39' title='bbox 696 816 798 888; x_wconf 75' lang='grc' dir='ltr'><strong>την</strong></span> <span class='ocrx_word' id='word_1_40' title='bbox 860 817 957 890; x_wconf 79' lang='grc' dir='ltr'><strong>σὴν</strong></span> <span class='ocrx_word' id='word_1_41' title='bbox 1010 818 1314 889; x_wconf 79' lang='grc' dir='ltr'><strong>πλουτῆσαι</strong></span> <span class='ocrx_word' id='word_1_42' title='bbox 1341 818 1598 886; x_wconf 81' lang='grc' dir='ltr'>γλῶσσαν</span> <span class='ocrx_word' id='word_1_43' title='bbox 1630 817 1890 884; x_wconf 75' lang='grc' dir='ltr'>εΰξασθαι</span> 
     </span>
    </p>
   </div>
   <div class='ocr_carea' id='block_1_8' title="bbox 303 909 1889 983">
    <p class='ocr_par' dir='ltr' id='par_1_8' title="bbox 303 909 1889 983">
     <span class='ocr_line' id='line_1_8' title="bbox 303 909 1889 983; baseline 0.001 -19"><span class='ocrx_word' id='word_1_44' title='bbox 303 910 416 981; x_wconf 81' lang='grc' dir='ltr'><strong>χρὴ</strong></span> <span class='ocrx_word' id='word_1_45' title='bbox 442 909 736 981; x_wconf 89' lang='grc' dir='ltr'>πρότερον,</span> <span class='ocrx_word' id='word_1_46' title='bbox 758 910 905 975; x_wconf 82' lang='grc' dir='ltr'>ὅστις</span> <span class='ocrx_word' id='word_1_47' title='bbox 932 910 1176 982; x_wconf 80' lang='grc' dir='ltr'>βούλοιτο</span> <span class='ocrx_word' id='word_1_48' title='bbox 1200 911 1338 983; x_wconf 82' lang='grc' dir='ltr'>πρὸς</span> <span class='ocrx_word' id='word_1_49' title='bbox 1361 911 1519 978; x_wconf 79' lang='grc' dir='ltr'>ἀξίαν</span> <span class='ocrx_word' id='word_1_50' title='bbox 1545 912 1801 979; x_wconf 80' lang='grc' dir='ltr'><strong>διεξιέναι</strong></span> <span class='ocrx_word' id='word_1_51' title='bbox 1820 916 1889 966; x_wconf 77' lang='grc' dir='ltr'><strong>τά</strong></span> 
     </span>
    </p>
   </div>
   <div class='ocr_carea' id='block_1_9' title="bbox 303 1000 1889 1076">
    <p class='ocr_par' dir='ltr' id='par_1_9' title="bbox 303 1000 1889 1076">
     <span class='ocr_line' id='line_1_9' title="bbox 303 1000 1889 1076; baseline 0.001 -21"><span class='ocrx_word' id='word_1_52' title='bbox 303 1002 400 1056; x_wconf 86' lang='grc' dir='ltr'>σά.</span> <span class='ocrx_word' id='word_1_53' title='bbox 464 1002 683 1067; x_wconf 81' lang='grc' dir='ltr'>Ἀλλως</span> <span class='ocrx_word' id='word_1_54' title='bbox 733 1003 779 1056; x_wconf 87' lang='grc' dir='ltr'>δ’</span> <span class='ocrx_word' id='word_1_55' title='bbox 817 1004 917 1057; x_wconf 74' lang='grc' dir='ltr'>οὐκ</span> <span class='ocrx_word' id='word_1_56' title='bbox 975 1004 1044 1057; x_wconf 83' lang='grc' dir='ltr'>ἂν</span> <span class='ocrx_word' id='word_1_57' title='bbox 1074 1003 1457 1076; x_wconf 84' lang='grc' dir='ltr'>διατειναίμην</span> <span class='ocrx_word' id='word_1_58' title='bbox 1519 1000 1659 1058; x_wconf 80' lang='grc' dir='ltr'>εἶναι</span> <span class='ocrx_word' id='word_1_59' title='bbox 1707 1005 1889 1076; x_wconf 75' lang='grc' dir='ltr'>ῥᾴδιον</span> 
     </span>
    </p>
   </div>
   <div class='ocr_carea' id='block_1_10' title="bbox 300 1095 1889 1169">
    <p class='ocr_par' dir='ltr' id='par_1_10' title="bbox 300 1095 1889 1169">
     <span class='ocr_line' id='line_1_10' title="bbox 300 1095 1889 1169; baseline 0.002 -21"><span class='ocrx_word' id='word_1_60' title='bbox 300 1095 650 1153; x_wconf 75' lang='grc' dir='ltr'>οὐδενί.Καὶ</span> <span class='ocrx_word' id='word_1_61' title='bbox 670 1096 780 1168; x_wconf 85' lang='grc' dir='ltr'>γὰρ</span> <span class='ocrx_word' id='word_1_62' title='bbox 829 1098 927 1151; x_wconf 72' lang='grc' dir='ltr'>καὶ</span> <span class='ocrx_word' id='word_1_63' title='bbox 955 1097 1202 1168; x_wconf 82' lang='grc' dir='ltr'><strong>γλώττης</strong></span> <span class='ocrx_word' id='word_1_64' title='bbox 1253 1098 1565 1169; x_wconf 81' lang='grc' dir='ltr'>εὐπρεπείᾳ</span> <span class='ocrx_word' id='word_1_65' title='bbox 1622 1097 1889 1168; x_wconf 79' lang='grc' dir='ltr'><strong>βασιλικῷ</strong></span> 
     </span>
    </p>
   </div>
   <div class='ocr_carea' id='block_1_11' title="bbox 299 1189 1888 1262">
    <p class='ocr_par' dir='ltr' id='par_1_11' title="bbox 299 1189 1888 1262">
     <span class='ocr_line' id='line_1_11' title="bbox 299 1189 1888 1262; baseline 0.001 -22"><span class='ocrx_word' id='word_1_66' title='bbox 299 1189 384 1260; x_wconf 78' lang='grc' dir='ltr'>τῷ</span> <span class='ocrx_word' id='word_1_67' title='bbox 441 1189 606 1262; x_wconf 76' lang='grc' dir='ltr'>πήχει</span> <span class='ocrx_word' id='word_1_68' title='bbox 660 1192 785 1254; x_wconf 75' lang='grc' dir='ltr'>τοὺς</span> <span class='ocrx_word' id='word_1_69' title='bbox 827 1191 1018 1254; x_wconf 85' lang='grc' dir='ltr'>ἄλλους</span> <span class='ocrx_word' id='word_1_70' title='bbox 1051 1192 1407 1262; x_wconf 80' lang='grc' dir='ltr'>παρήλασας,</span> <span class='ocrx_word' id='word_1_71' title='bbox 1444 1192 1545 1245; x_wconf 78' lang='grc' dir='ltr'>καὶ</span> <span class='ocrx_word' id='word_1_72' title='bbox 1597 1192 1776 1244; x_wconf 86' lang='grc' dir='ltr'>πάντα</span> <span class='ocrx_word' id='word_1_73' title='bbox 1805 1206 1888 1243; x_wconf 91' lang='grc' dir='ltr'><strong>σοι</strong></span> 
     </span>
    </p>
   </div>
   <div class='ocr_carea' id='block_1_12' title="bbox 299 1277 1889 1355">
    <p class='ocr_par' dir='ltr' id='par_1_12' title="bbox 299 1277 1889 1355">
     <span class='ocr_line' id='line_1_12' title="bbox 299 1277 1889 1355; baseline 0.001 -22"><span class='ocrx_word' id='word_1_74' title='bbox 299 1281 572 1355; x_wconf 77' lang='grc' dir='ltr'><strong>πρόσεστι</strong></span> <span class='ocrx_word' id='word_1_75' title='bbox 600 1284 670 1337; x_wconf 75' lang='grc' dir='ltr'>τὰ</span> <span class='ocrx_word' id='word_1_76' title='bbox 702 1284 866 1349; x_wconf 73' lang='grc' dir='ltr'>καλὰ,</span> <span class='ocrx_word' id='word_1_77' title='bbox 889 1277 963 1338; x_wconf 83' lang='grc' dir='ltr'>ὧν</span> <span class='ocrx_word' id='word_1_78' title='bbox 991 1284 1050 1337; x_wconf 84' lang='grc' dir='ltr'>ἓν</span> <span class='ocrx_word' id='word_1_79' title='bbox 1075 1285 1195 1339; x_wconf 75' lang='grc' dir='ltr'>οὐδὲ</span> <span class='ocrx_word' id='word_1_80' title='bbox 1212 1284 1271 1337; x_wconf 80' lang='grc' dir='ltr'>ἓν</span> <span class='ocrx_word' id='word_1_81' title='bbox 1295 1285 1472 1339; x_wconf 78' lang='grc' dir='ltr'>οὐδενὶ</span> <span class='ocrx_word' id='word_1_82' title='bbox 1491 1284 1602 1339; x_wconf 84' lang='grc' dir='ltr'>τῶν</span> <span class='ocrx_word' id='word_1_83' title='bbox 1630 1283 1889 1338; x_wconf 81' lang='grc' dir='ltr'>ἁπάντων</span> 
     </span>
    </p>
   </div>
   <div class='ocr_carea' id='block_1_13' title="bbox 299 1369 1888 1445">
    <p class='ocr_par' dir='ltr' id='par_1_13' title="bbox 299 1369 1888 1445">
     <span class='ocr_line' id='line_1_13' title="bbox 299 1369 1888 1445; baseline 0.001 -20"><span class='ocrx_word' id='word_1_84' title='bbox 299 1374 600 1441; x_wconf 77' lang='grc' dir='ltr'><strong>ὡσαύτως,</strong></span> <span class='ocrx_word' id='word_1_85' title='bbox 631 1371 758 1426; x_wconf 78' lang='grc' dir='ltr'>οὕτε</span> <span class='ocrx_word' id='word_1_86' title='bbox 798 1374 905 1427; x_wconf 85' lang='grc' dir='ltr'><strong>τῶν</strong></span> <span class='ocrx_word' id='word_1_87' title='bbox 927 1376 986 1428; x_wconf 74' lang='grc' dir='ltr'>ὲν</span> <span class='ocrx_word' id='word_1_88' title='bbox 1007 1369 1089 1437; x_wconf 75' lang='grc' dir='ltr'>οἷς</span> <span class='ocrx_word' id='word_1_89' title='bbox 1130 1376 1314 1444; x_wconf 70' lang='grc' dir='ltr'>ἡμεῖς,</span> <span class='ocrx_word' id='word_1_90' title='bbox 1337 1373 1463 1428; x_wconf 74' lang='grc' dir='ltr'>οὔτε</span> <span class='ocrx_word' id='word_1_91' title='bbox 1487 1374 1594 1445; x_wconf 82' lang='grc' dir='ltr'>μὴν</span> <span class='ocrx_word' id='word_1_92' title='bbox 1618 1373 1728 1428; x_wconf 82' lang='grc' dir='ltr'><strong>τῶν</strong></span> <span class='ocrx_word' id='word_1_93' title='bbox 1757 1375 1888 1445; x_wconf 76' lang='grc' dir='ltr'>πρὶν</span> 
     </span>
    </p>
   </div>
   <div class='ocr_carea' id='block_1_14' title="bbox 300 1466 1888 1539">
    <p class='ocr_par' dir='ltr' id='par_1_14' title="bbox 300 1466 1888 1539">
     <span class='ocr_line' id='line_1_14' title="bbox 300 1466 1888 1539; baseline -0.002 -20"><span class='ocrx_word' id='word_1_94' title='bbox 300 1466 337 1535; x_wconf 87' lang='grc' dir='ltr'><strong>ἧ</strong></span> <span class='ocrx_word' id='word_1_95' title='bbox 366 1468 554 1537; x_wconf 77' lang='grc' dir='ltr'>ἡμεῖς,</span> <span class='ocrx_word' id='word_1_96' title='bbox 583 1466 781 1520; x_wconf 72' lang='grc' dir='ltr'>οὔκουν</span> <span class='ocrx_word' id='word_1_97' title='bbox 816 1467 925 1521; x_wconf 79' lang='grc' dir='ltr'>οὐδ’</span> <span class='ocrx_word' id='word_1_98' title='bbox 967 1467 1035 1521; x_wconf 76' lang='grc' dir='ltr'>ἂν</span> <span class='ocrx_word' id='word_1_99' title='bbox 1076 1469 1204 1531; x_wconf 84' lang='grc' dir='ltr'>τοὺς</span> <span class='ocrx_word' id='word_1_100' title='bbox 1248 1468 1485 1539; x_wconf 78' lang='grc' dir='ltr'>ὲξαρχῆς</span> <span class='ocrx_word' id='word_1_101' title='bbox 1516 1467 1769 1538; x_wconf 65' lang='grc' dir='ltr'>ἀριθμεῖν</span> <span class='ocrx_word' id='word_1_102' title='bbox 1804 1483 1888 1530; x_wconf 84' lang='grc' dir='ltr'><strong>τις</strong></span> 
     </span>
    </p>
   </div>
   <div class='ocr_carea' id='block_1_15' title="bbox 301 1556 1890 1630">
    <p class='ocr_par' dir='ltr' id='par_1_15' title="bbox 301 1556 1890 1630">
     <span class='ocr_line' id='line_1_15' title="bbox 301 1556 1890 1630; baseline -0.001 -20"><span class='ocrx_word' id='word_1_103' title='bbox 301 1556 490 1628; x_wconf 76' lang='grc' dir='ltr'>ἐθέλῃ.</span> <span class='ocrx_word' id='word_1_104' title='bbox 525 1558 808 1612; x_wconf 77' lang='grc' dir='ltr'>Ἐνταυθοί</span> <span class='ocrx_word' id='word_1_105' title='bbox 832 1560 890 1612; x_wconf 77' lang='grc' dir='ltr'>δὲ</span> <span class='ocrx_word' id='word_1_106' title='bbox 915 1559 1008 1614; x_wconf 82' lang='grc' dir='ltr'><strong>τοῦ</strong></span> <span class='ocrx_word' id='word_1_107' title='bbox 1038 1560 1196 1629; x_wconf 88' lang='grc' dir='ltr'>λόγου</span> <span class='ocrx_word' id='word_1_108' title='bbox 1226 1560 1519 1630; x_wconf 88' lang='grc' dir='ltr'>γενόμενος</span> <span class='ocrx_word' id='word_1_109' title='bbox 1541 1557 1666 1612; x_wconf 76' lang='grc' dir='ltr'>οὕτε</span> <span class='ocrx_word' id='word_1_110' title='bbox 1696 1557 1890 1624; x_wconf 82' lang='grc' dir='ltr'>διεξιέ-</span> 
     </span>
    </p>
   </div>
   <div class='ocr_carea' id='block_1_16' title="bbox 300 1651 1890 1722">
    <p class='ocr_par' dir='ltr' id='par_1_16' title="bbox 300 1651 1890 1722">
     <span class='ocr_line' id='line_1_16' title="bbox 300 1651 1890 1722; baseline 0 -19"><span class='ocrx_word' id='word_1_111' title='bbox 300 1668 397 1704; x_wconf 73' lang='grc' dir='ltr'><strong>ναι</strong></span> <span class='ocrx_word' id='word_1_112' title='bbox 428 1652 618 1722; x_wconf 77' lang='grc' dir='ltr'>τολμῶ</span> <span class='ocrx_word' id='word_1_113' title='bbox 662 1651 786 1705; x_wconf 73' lang='grc' dir='ltr'>οὔτε</span> <span class='ocrx_word' id='word_1_114' title='bbox 830 1653 989 1705; x_wconf 85' lang='grc' dir='ltr'>πάνθ’</span> <span class='ocrx_word' id='word_1_115' title='bbox 1020 1653 1094 1715; x_wconf 83' lang='grc' dir='ltr'>ὡς</span> <span class='ocrx_word' id='word_1_116' title='bbox 1147 1653 1352 1707; x_wconf 76' lang='grc' dir='ltr'>ἐπίπαν</span> <span class='ocrx_word' id='word_1_117' title='bbox 1380 1654 1558 1706; x_wconf 82' lang='grc' dir='ltr'>ὁπόσα</span> <span class='ocrx_word' id='word_1_118' title='bbox 1606 1653 1689 1706; x_wconf 81' lang='grc' dir='ltr'><strong>σοί</strong></span> <span class='ocrx_word' id='word_1_119' title='bbox 1742 1654 1890 1705; x_wconf 79' lang='grc' dir='ltr'>ἐστιν</span> 
     </span>
    </p>
   </div>
   <div class='ocr_carea' id='block_1_17' title="bbox 297 1743 1891 1816">
    <p class='ocr_par' dir='ltr' id='par_1_17' title="bbox 297 1743 1891 1816">
     <span class='ocr_line' id='line_1_17' title="bbox 297 1743 1891 1816; baseline 0 -19"><span class='ocrx_word' id='word_1_120' title='bbox 297 1744 588 1814; x_wconf 75' lang='grc' dir='ltr'>ἐγκώμια,</span> <span class='ocrx_word' id='word_1_121' title='bbox 618 1743 742 1797; x_wconf 78' lang='grc' dir='ltr'>οὔτε</span> <span class='ocrx_word' id='word_1_122' title='bbox 776 1745 851 1815; x_wconf 81' lang='grc' dir='ltr'>μὴ</span> <span class='ocrx_word' id='word_1_123' title='bbox 878 1746 1058 1798; x_wconf 88' lang='grc' dir='ltr'>πάντα</span> <span class='ocrx_word' id='word_1_124' title='bbox 1082 1761 1096 1776; x_wconf 73' lang='grc' dir='ltr'><strong>ο</strong></span> <span class='ocrx_word' id='word_1_125' title='bbox 1127 1745 1298 1800; x_wconf 81' lang='grc' dir='ltr'>αἰτίαι</span> <span class='ocrx_word' id='word_1_126' title='bbox 1322 1745 1378 1798; x_wconf 81' lang='grc' dir='ltr'>δὲ</span> <span class='ocrx_word' id='word_1_127' title='bbox 1409 1745 1485 1808; x_wconf 83' lang='grc' dir='ltr'><strong>ὡς</strong></span> <span class='ocrx_word' id='word_1_128' title='bbox 1514 1744 1768 1816; x_wconf 76' lang='grc' dir='ltr'>λαμπραὶ</span> <span class='ocrx_word' id='word_1_129' title='bbox 1797 1744 1891 1797; x_wconf 77' lang='grc' dir='ltr'>καὶ</span> 
     </span>
    </p>
   </div>
   <div class='ocr_carea' id='block_1_18' title="bbox 297 1833 1887 1905">
    <p class='ocr_par' dir='ltr' id='par_1_18' title="bbox 297 1833 1887 1905">
     <span class='ocr_line' id='line_1_18' title="bbox 297 1833 1887 1905; baseline 0.001 -20"><span class='ocrx_word' id='word_1_130' title='bbox 297 1833 579 1904; x_wconf 81' lang='grc' dir='ltr'>λαμπρῶς</span> <span class='ocrx_word' id='word_1_131' title='bbox 608 1835 949 1905; x_wconf 78' lang='grc' dir='ltr'><strong>ἐγκείμεναι.</strong></span> <span class='ocrx_word' id='word_1_132' title='bbox 981 1833 1087 1888; x_wconf 78' lang='grc' dir='ltr'><strong>Καὶ</strong></span> <span class='ocrx_word' id='word_1_133' title='bbox 1110 1834 1221 1904; x_wconf 81' lang='grc' dir='ltr'>γὰρ</span> <span class='ocrx_word' id='word_1_134' title='bbox 1247 1834 1311 1887; x_wconf 77' lang='grc' dir='ltr'>τὸ</span> <span class='ocrx_word' id='word_1_135' title='bbox 1346 1834 1703 1905; x_wconf 75' lang='grc' dir='ltr'>μὴδύνασθαι</span> <span class='ocrx_word' id='word_1_136' title='bbox 1733 1835 1828 1887; x_wconf 77' lang='grc' dir='ltr'>καὶ</span> <span class='ocrx_word' id='word_1_137' title='bbox 1854 1835 1887 1904; x_wconf 78' lang='grc' dir='ltr'>ὴ</span> 
     </span>
    </p>
   </div>
   <div class='ocr_carea' id='block_1_19' title="bbox 294 1925 1889 1998">
    <p class='ocr_par' dir='ltr' id='par_1_19' title="bbox 294 1925 1889 1998">
     <span class='ocr_line' id='line_1_19' title="bbox 294 1925 1889 1998; baseline 0.001 -19"><span class='ocrx_word' id='word_1_138' title='bbox 294 1926 400 1980; x_wconf 73' lang='grc' dir='ltr'><strong>τοῦ</strong></span> <span class='ocrx_word' id='word_1_139' title='bbox 458 1925 657 1997; x_wconf 84' lang='grc' dir='ltr'>χρέους</span> <span class='ocrx_word' id='word_1_140' title='bbox 702 1927 932 1990; x_wconf 84' lang='grc' dir='ltr'>έκτισις,</span> <span class='ocrx_word' id='word_1_141' title='bbox 995 1928 1089 1981; x_wconf 73' lang='grc' dir='ltr'>δύο</span> <span class='ocrx_word' id='word_1_142' title='bbox 1136 1927 1202 1998; x_wconf 77' lang='grc' dir='ltr'>δὴ</span> <span class='ocrx_word' id='word_1_143' title='bbox 1253 1927 1428 1981; x_wconf 79' lang='grc' dir='ltr'>ταῦτα</span> <span class='ocrx_word' id='word_1_144' title='bbox 1485 1927 1745 1989; x_wconf 73' lang='grc' dir='ltr'><strong>ἐναντίως</strong></span> <span class='ocrx_word' id='word_1_145' title='bbox 1773 1943 1889 1988; x_wconf 79' lang='grc' dir='ltr'><strong>πως</strong></span> 
     </span>
    </p>
   </div>
   <div class='ocr_carea' id='block_1_20' title="bbox 301 1986 1963 2099">
    <p class='ocr_par' dir='ltr' id='par_1_20' title="bbox 301 1986 1963 2099">
     <span class='ocr_line' id='line_1_20' title="bbox 301 1986 1963 2099; baseline 0 -27"><span class='ocrx_word' id='word_1_146' title='bbox 301 1986 512 2089; x_wconf 51' lang='grc' dir='ltr'>ἔχοντα·</span> <span class='ocrx_word' id='word_1_147' title='bbox 550 1986 690 2090; x_wconf 66' lang='grc' dir='ltr'>πρός</span> <span class='ocrx_word' id='word_1_148' title='bbox 744 1986 972 2089; x_wconf 80' lang='grc' dir='ltr'>ἄλληλα,</span> <span class='ocrx_word' id='word_1_149' title='bbox 1001 2020 1103 2090; x_wconf 80' lang='grc' dir='ltr'><strong>τὴν</strong></span> <span class='ocrx_word' id='word_1_150' title='bbox 1144 1986 1284 2090; x_wconf 66' lang='grc' dir='ltr'>ἐμὴν</span> <span class='ocrx_word' id='word_1_151' title='bbox 1335 2019 1421 2087; x_wconf 65' lang='grc' dir='ltr'><strong>ἐφ’</strong></span> <span class='ocrx_word' id='word_1_152' title='bbox 1448 2019 1687 2099; x_wconf 76' lang='grc' dir='ltr'>έκάτερα</span> <span class='ocrx_word' id='word_1_153' title='bbox 1715 1986 1889 2088; x_wconf 76' lang='grc' dir='ltr'>σχίζει</span> <span class='ocrx_word' id='word_1_154' title='bbox 1925 1986 1963 2039; x_wconf 70' lang='grc' dir='ltr'><strong><em>Β</em></strong></span> 
     </span>
    </p>
   </div>
   <div class='ocr_carea' id='block_1_21' title="bbox 300 2111 1890 2186">
    <p class='ocr_par' dir='ltr' id='par_1_21' title="bbox 300 2111 1890 2186">
     <span class='ocr_line' id='line_1_21' title="bbox 300 2111 1890 2186; baseline -0.002 -20"><span class='ocrx_word' id='word_1_155' title='bbox 300 2111 552 2166; x_wconf 80' lang='grc' dir='ltr'>διάνοιαν</span> <span class='ocrx_word' id='word_1_156' title='bbox 572 2130 587 2143; x_wconf 81' lang='grc'><em>’</em></span> <span class='ocrx_word' id='word_1_157' title='bbox 623 2115 701 2178; x_wconf 87' lang='grc' dir='ltr'>ὡς</span> <span class='ocrx_word' id='word_1_158' title='bbox 725 2114 825 2184; x_wconf 73' lang='grc' dir='ltr'><strong>ἐμὲ</strong></span> <span class='ocrx_word' id='word_1_159' title='bbox 853 2111 985 2183; x_wconf 82' lang='grc' dir='ltr'>γοῦν</span> <span class='ocrx_word' id='word_1_160' title='bbox 1001 2113 1091 2167; x_wconf 76' lang='grc' dir='ltr'>τὸν</span> <span class='ocrx_word' id='word_1_161' title='bbox 1119 2112 1468 2186; x_wconf 78' lang='grc' dir='ltr'>ἑκατέρωθεν</span> <span class='ocrx_word' id='word_1_162' title='bbox 1484 2113 1890 2182; x_wconf 84' lang='grc' dir='ltr'>φυλαττόμενον</span> 
     </span>
    </p>
   </div>
   <div class='ocr_carea' id='block_1_22' title="bbox 305 2202 1892 2275">
    <p class='ocr_par' dir='ltr' id='par_1_22' title="bbox 305 2202 1892 2275">
     <span class='ocr_line' id='line_1_22' title="bbox 305 2202 1892 2275; baseline -0.001 -17"><span class='ocrx_word' id='word_1_163' title='bbox 305 2205 560 2258; x_wconf 80' lang='grc' dir='ltr'>κίνδυνον</span> <span class='ocrx_word' id='word_1_164' title='bbox 615 2203 1030 2274; x_wconf 76' lang='grc' dir='ltr'>ἀναγκάζεσθαι</span> <span class='ocrx_word' id='word_1_165' title='bbox 1081 2204 1177 2258; x_wconf 75' lang='grc' dir='ltr'>καὶ</span> <span class='ocrx_word' id='word_1_166' title='bbox 1225 2202 1556 2275; x_wconf 80' lang='grc' dir='ltr'>ἀμφοτέρων</span> <span class='ocrx_word' id='word_1_167' title='bbox 1581 2206 1892 2274; x_wconf 76' lang='grc' dir='ltr'>μεταποιεῖ-</span> 
     </span>
    </p>
   </div>
   <div class='ocr_carea' id='block_1_23' title="bbox 307 2291 1892 2364">
    <p class='ocr_par' dir='ltr' id='par_1_23' title="bbox 307 2291 1892 2364">
     <span class='ocr_line' id='line_1_23' title="bbox 307 2291 1892 2364; baseline 0 -17"><span class='ocrx_word' id='word_1_168' title='bbox 307 2294 435 2347; x_wconf 76' lang='grc' dir='ltr'>σθαι</span> <span class='ocrx_word' id='word_1_169' title='bbox 466 2295 566 2348; x_wconf 78' lang='grc' dir='ltr'>καὶ</span> <span class='ocrx_word' id='word_1_170' title='bbox 590 2292 659 2348; x_wconf 82' lang='grc' dir='ltr'>αὖ</span> <span class='ocrx_word' id='word_1_171' title='bbox 721 2292 1058 2364; x_wconf 86' lang='grc' dir='ltr'>μηδετέρων.</span> <span class='ocrx_word' id='word_1_172' title='bbox 1121 2293 1511 2364; x_wconf 73' lang='grc' dir='ltr'>ἁρμοσάμενον</span> <span class='ocrx_word' id='word_1_173' title='bbox 1551 2292 1618 2346; x_wconf 77' lang='grc' dir='ltr'>δι’</span> <span class='ocrx_word' id='word_1_174' title='bbox 1647 2291 1892 2364; x_wconf 84' lang='grc' dir='ltr'>ἀλλήλων</span> 
     </span>
    </p>
   </div>
   <div class='ocr_carea' id='block_1_24' title="bbox 301 2379 1892 2457">
    <p class='ocr_par' dir='ltr' id='par_1_24' title="bbox 301 2379 1892 2457">
     <span class='ocr_line' id='line_1_24' title="bbox 301 2379 1892 2457; baseline -0.002 -18"><span class='ocrx_word' id='word_1_175' title='bbox 301 2386 573 2457; x_wconf 75' lang='grc' dir='ltr'>ἑκάτερα.</span> <span class='ocrx_word' id='word_1_176' title='bbox 613 2385 809 2438; x_wconf 78' lang='grc' dir='ltr'>Ὁπότε</span> <span class='ocrx_word' id='word_1_177' title='bbox 840 2385 949 2454; x_wconf 79' lang='grc' dir='ltr'><strong>γὰρ</strong></span> <span class='ocrx_word' id='word_1_178' title='bbox 982 2379 1059 2438; x_wconf 85' lang='grc' dir='ltr'>ὧν</span> <span class='ocrx_word' id='word_1_179' title='bbox 1103 2384 1199 2438; x_wconf 78' lang='grc' dir='ltr'><strong>ἐπὶ</strong></span> <span class='ocrx_word' id='word_1_180' title='bbox 1228 2384 1398 2457; x_wconf 78' lang='grc' dir='ltr'>σοφίᾳ</span> <span class='ocrx_word' id='word_1_181' title='bbox 1434 2384 1604 2438; x_wconf 87' lang='grc' dir='ltr'>πάλαι</span> <span class='ocrx_word' id='word_1_182' title='bbox 1628 2382 1892 2455; x_wconf 81' lang='grc' dir='ltr'>σεμνότης</span> 
     </span>
    </p>
   </div>
   <div class='ocr_carea' id='block_1_25' title="bbox 300 2471 1893 2550">
    <p class='ocr_par' dir='ltr' id='par_1_25' title="bbox 300 2471 1893 2550">
     <span class='ocr_line' id='line_1_25' title="bbox 300 2471 1893 2550; baseline -0.001 -18"><span class='ocrx_word' id='word_1_183' title='bbox 300 2479 576 2549; x_wconf 80' lang='grc' dir='ltr'>ὀνόματος</span> <span class='ocrx_word' id='word_1_184' title='bbox 600 2471 747 2531; x_wconf 73' lang='grc' dir='ltr'>οὗτοι</span> <span class='ocrx_word' id='word_1_185' title='bbox 774 2476 860 2550; x_wconf 86' lang='grc' dir='ltr'><strong>[Ρ.</strong></span> <span class='ocrx_word' id='word_1_186' title='bbox 882 2475 1012 2549; x_wconf 72' lang='grc'><strong>203]</strong></span> <span class='ocrx_word' id='word_1_187' title='bbox 1042 2478 1246 2542; x_wconf 85' lang='grc' dir='ltr'>πάντες</span> <span class='ocrx_word' id='word_1_188' title='bbox 1266 2477 1618 2548; x_wconf 77' lang='grc' dir='ltr'>είπαρῆσαν,</span> <span class='ocrx_word' id='word_1_189' title='bbox 1653 2477 1893 2548; x_wconf 72' lang='grc' dir='ltr'>ἡττήθη-</span> 
     </span>
    </p>
   </div>
   <div class='ocr_carea' id='block_1_26' title="bbox 303 2569 1893 2639">
    <p class='ocr_par' dir='ltr' id='par_1_26' title="bbox 303 2569 1893 2639">
     <span class='ocr_line' id='line_1_26' title="bbox 303 2569 1893 2639; baseline -0.003 -13"><span class='ocrx_word' id='word_1_190' title='bbox 303 2589 414 2626; x_wconf 86' lang='grc' dir='ltr'><strong>σαν</strong></span> <span class='ocrx_word' id='word_1_191' title='bbox 446 2572 515 2627; x_wconf 84' lang='grc' dir='ltr'><strong>ἀν</strong></span> <span class='ocrx_word' id='word_1_192' title='bbox 571 2587 667 2625; x_wconf 87' lang='grc' dir='ltr'><strong>σου</strong></span> <span class='ocrx_word' id='word_1_193' title='bbox 699 2570 799 2639; x_wconf 83' lang='grc' dir='ltr'>τῆς</span> <span class='ocrx_word' id='word_1_194' title='bbox 831 2570 940 2622; x_wconf 83' lang='grc' dir='ltr'><strong>τῶν</strong></span> <span class='ocrx_word' id='word_1_195' title='bbox 982 2569 1164 2625; x_wconf 83' lang='grc' dir='ltr'>καλῶν</span> <span class='ocrx_word' id='word_1_196' title='bbox 1194 2570 1531 2637; x_wconf 77' lang='grc' dir='ltr'>πλεονεξίας,</span> <span class='ocrx_word' id='word_1_197' title='bbox 1570 2570 1679 2624; x_wconf 82' lang='grc' dir='ltr'><strong>τῶν</strong></span> <span class='ocrx_word' id='word_1_198' title='bbox 1708 2588 1767 2622; x_wconf 88' lang='grc' dir='ltr'><strong>τε</strong></span> <span class='ocrx_word' id='word_1_199' title='bbox 1797 2569 1893 2626; x_wconf 80' lang='grc' dir='ltr'>νῦν</span> 
     </span>
    </p>
   </div>
   <div class='ocr_carea' id='block_1_27' title="bbox 297 2660 1899 2733">
    <p class='ocr_par' dir='ltr' id='par_1_27' title="bbox 297 2660 1899 2733">
     <span class='ocr_line' id='line_1_27' title="bbox 297 2660 1899 2733; baseline -0.002 -16"><span class='ocrx_word' id='word_1_200' title='bbox 297 2665 481 2717; x_wconf 73' lang='grc' dir='ltr'>ὄντων</span> <span class='ocrx_word' id='word_1_201' title='bbox 516 2662 577 2715; x_wconf 81' lang='grc' dir='ltr'>τὸ</span> <span class='ocrx_word' id='word_1_202' title='bbox 605 2662 838 2733; x_wconf 85' lang='grc' dir='ltr'>πρᾶγμα</span> <span class='ocrx_word' id='word_1_203' title='bbox 867 2660 1019 2714; x_wconf 80' lang='grc' dir='ltr'>οὐδὲν</span> <span class='ocrx_word' id='word_1_204' title='bbox 1051 2661 1423 2730; x_wconf 82' lang='grc' dir='ltr'>διαφερόντως</span> <span class='ocrx_word' id='word_1_205' title='bbox 1456 2662 1594 2731; x_wconf 74' lang='grc' dir='ltr'>ἔχει,</span> <span class='ocrx_word' id='word_1_206' title='bbox 1631 2660 1685 2713; x_wconf 88' lang='grc' dir='ltr'><strong>τί</strong></span> <span class='ocrx_word' id='word_1_207' title='bbox 1705 2660 1899 2715; x_wconf 80' lang='grc' dir='ltr'>λοιπὸν</span> 
     </span>
    </p>
   </div>
   <div class='ocr_carea' id='block_1_28' title="bbox 296 2748 1893 2820">
    <p class='ocr_par' dir='ltr' id='par_1_28' title="bbox 296 2748 1893 2820">
     <span class='ocr_line' id='line_1_28' title="bbox 296 2748 1893 2820; baseline 0.002 -19"><span class='ocrx_word' id='word_1_208' title='bbox 296 2750 439 2820; x_wconf 71' lang='grc' dir='ltr'>ἐμοὶ</span> <span class='ocrx_word' id='word_1_209' title='bbox 467 2751 500 2820; x_wconf 83' lang='grc' dir='ltr'>ἦ</span> <span class='ocrx_word' id='word_1_210' title='bbox 532 2748 638 2801; x_wconf 85' lang='grc' dir='ltr'><strong>τῶν</strong></span> <span class='ocrx_word' id='word_1_211' title='bbox 672 2766 732 2817; x_wconf 88' lang='grc' dir='ltr'><strong>γε</strong></span> <span class='ocrx_word' id='word_1_212' title='bbox 770 2748 1034 2802; x_wconf 88' lang='grc' dir='ltr'>πλειόνων</span> <span class='ocrx_word' id='word_1_213' title='bbox 1066 2750 1326 2820; x_wconf 59' lang='grc' dir='ltr'>ἀφεμέμῳ</span> <span class='ocrx_word' id='word_1_214' title='bbox 1357 2751 1534 2820; x_wconf 85' lang='grc' dir='ltr'>μικρά</span> <span class='ocrx_word' id='word_1_215' title='bbox 1555 2768 1679 2804; x_wconf 92' lang='grc' dir='ltr'>τινα</span> <span class='ocrx_word' id='word_1_216' title='bbox 1707 2751 1893 2804; x_wconf 87' lang='grc' dir='ltr'>διαλα-</span> 
     </span>
    </p>
   </div>
   <div class='ocr_carea' id='block_1_29' title="bbox 298 2841 1892 2913">
    <p class='ocr_par' dir='ltr' id='par_1_29' title="bbox 298 2841 1892 2913">
     <span class='ocr_line' id='line_1_29' title="bbox 298 2841 1892 2913; baseline 0.001 -18"><span class='ocrx_word' id='word_1_217' title='bbox 298 2842 427 2896; x_wconf 75' lang='grc' dir='ltr'>ϐεῖν</span> <span class='ocrx_word' id='word_1_218' title='bbox 459 2843 544 2896; x_wconf 81' lang='grc' dir='ltr'>δεῖ</span> <span class='ocrx_word' id='word_1_219' title='bbox 590 2841 688 2895; x_wconf 73' lang='grc' dir='ltr'>καὶ</span> <span class='ocrx_word' id='word_1_220' title='bbox 720 2843 821 2894; x_wconf 84' lang='grc' dir='ltr'>ὅσα</span> <span class='ocrx_word' id='word_1_221' title='bbox 853 2859 945 2911; x_wconf 87' lang='grc' dir='ltr'><strong>μοι</strong></span> <span class='ocrx_word' id='word_1_222' title='bbox 992 2841 1282 2909; x_wconf 71' lang='grc' dir='ltr'>,τάσφαλές</span> <span class='ocrx_word' id='word_1_223' title='bbox 1316 2843 1431 2894; x_wconf 71' lang='grc' dir='ltr'>ἔστι</span> <span class='ocrx_word' id='word_1_224' title='bbox 1482 2841 1892 2913; x_wconf 83' lang='grc' dir='ltr'>προμνώμενα;</span> 
     </span>
    </p>
   </div>
   <div class='ocr_carea' id='block_1_30' title="bbox 298 2933 1896 3006">
    <p class='ocr_par' dir='ltr' id='par_1_30' title="bbox 298 2933 1896 3006">
     <span class='ocr_line' id='line_1_30' title="bbox 298 2933 1896 3006; baseline -0.003 -17"><span class='ocrx_word' id='word_1_225' title='bbox 298 2937 504 3006; x_wconf 80' lang='grc' dir='ltr'>μήπου</span> <span class='ocrx_word' id='word_1_226' title='bbox 538 2950 622 2988; x_wconf 88' lang='grc' dir='ltr'><strong>τοι</strong></span> <span class='ocrx_word' id='word_1_227' title='bbox 652 2934 905 3005; x_wconf 84' lang='grc' dir='ltr'>καθάπερ</span> <span class='ocrx_word' id='word_1_228' title='bbox 932 2936 981 2989; x_wconf 76' lang='grc' dir='ltr'>οἱ</span> <span class='ocrx_word' id='word_1_229' title='bbox 1011 2935 1119 2989; x_wconf 85' lang='grc' dir='ltr'><strong>τῶν</strong></span> <span class='ocrx_word' id='word_1_230' title='bbox 1149 2933 1535 3004; x_wconf 87' lang='grc' dir='ltr'>Ὀλυμπιακῶν</span> <span class='ocrx_word' id='word_1_231' title='bbox 1563 2933 1740 2988; x_wconf 77' lang='grc' dir='ltr'>ἄθλων</span> <span class='ocrx_word' id='word_1_232' title='bbox 1770 2935 1896 2988; x_wconf 77' lang='grc' dir='ltr'>ἀτέ-</span> 
     </span>
    </p>
   </div>
   <div class='ocr_carea' id='block_1_31' title="bbox 294 3025 1895 3100">
    <p class='ocr_par' dir='ltr' id='par_1_31' title="bbox 294 3025 1895 3100">
     <span class='ocr_line' id='line_1_31' title="bbox 294 3025 1895 3100; baseline -0.003 -17"><span class='ocrx_word' id='word_1_233' title='bbox 294 3031 497 3083; x_wconf 79' lang='grc' dir='ltr'>λεστοι</span> <span class='ocrx_word' id='word_1_234' title='bbox 529 3026 761 3098; x_wconf 81' lang='grc' dir='ltr'>κινδύνῳ</span> <span class='ocrx_word' id='word_1_235' title='bbox 791 3027 1140 3100; x_wconf 87' lang='grc' dir='ltr'>χρησάμενος</span> <span class='ocrx_word' id='word_1_236' title='bbox 1162 3026 1426 3097; x_wconf 80' lang='grc' dir='ltr'>αίσχύνης</span> <span class='ocrx_word' id='word_1_237' title='bbox 1452 3025 1693 3095; x_wconf 80' lang='grc' dir='ltr'>ἀθλητὴς</span> <span class='ocrx_word' id='word_1_238' title='bbox 1723 3026 1895 3095; x_wconf 85' lang='grc' dir='ltr'>ἐμαυ-</span> 
     </span>
    </p>
   </div>
   <div class='ocr_carea' id='block_1_32' title="bbox 297 3113 1896 3196">
    <p class='ocr_par' dir='ltr' id='par_1_32' title="bbox 297 3113 1896 3196">
     <span class='ocr_line' id='line_1_32' title="bbox 297 3113 1896 3196; baseline -0.006 -19"><span class='ocrx_word' id='word_1_239' title='bbox 297 3124 390 3196; x_wconf 84' lang='grc' dir='ltr'>τῷ</span> <span class='ocrx_word' id='word_1_240' title='bbox 409 3120 776 3192; x_wconf 83' lang='grc' dir='ltr'>κατασταίην.</span> <span class='ocrx_word' id='word_1_241' title='bbox 832 3121 944 3174; x_wconf 80' lang='grc' dir='ltr'><strong>Καὶ</strong></span> <span class='ocrx_word' id='word_1_242' title='bbox 997 3118 1256 3186; x_wconf 84' lang='grc' dir='ltr'>πείθομαί</span> <span class='ocrx_word' id='word_1_243' title='bbox 1287 3136 1349 3186; x_wconf 88' lang='grc' dir='ltr'><strong>γε</strong></span> <span class='ocrx_word' id='word_1_244' title='bbox 1405 3117 1572 3188; x_wconf 82' lang='grc' dir='ltr'>μηδὲν</span> <span class='ocrx_word' id='word_1_245' title='bbox 1610 3113 1751 3170; x_wconf 86' lang='grc' dir='ltr'>εἶναι</span> <span class='ocrx_word' id='word_1_246' title='bbox 1787 3117 1896 3169; x_wconf 86' lang='grc' dir='ltr'>τῶν</span> 
     </span>
    </p>
   </div>
   <div class='ocr_carea' id='block_1_33' title="bbox 1992 716 3655 799">
    <p class='ocr_par' dir='ltr' id='par_1_33' title="bbox 1992 716 3655 799">
     <span class='ocr_line' id='line_1_33' title="bbox 1992 716 3655 799; baseline 0.004 -21"><span class='ocrx_word' id='word_1_247' title='bbox 1992 732 2083 778; x_wconf 92' lang='lat' dir='ltr'><strong>tua</strong></span> <span class='ocrx_word' id='word_1_248' title='bbox 2115 723 2258 782; x_wconf 74' lang='lat' dir='ltr'><strong>facta</strong></span> <span class='ocrx_word' id='word_1_249' title='bbox 2298 736 2359 779; x_wconf 88' lang='lat' dir='ltr'><strong>ut</strong></span> <span class='ocrx_word' id='word_1_250' title='bbox 2394 736 2681 782; x_wconf 91' lang='lat' dir='ltr'><strong>merentur</strong></span> <span class='ocrx_word' id='word_1_251' title='bbox 2731 728 2954 782; x_wconf 91' lang='lat' dir='ltr'><strong>laudare</strong></span> <span class='ocrx_word' id='word_1_252' title='bbox 2993 730 3266 792; x_wconf 89' lang='lat' dir='ltr'><strong>instituat,</strong></span> <span class='ocrx_word' id='word_1_253' title='bbox 3296 729 3350 782; x_wconf 88' lang='lat' dir='ltr'><strong>in</strong></span> <span class='ocrx_word' id='word_1_254' title='bbox 3378 729 3573 799; x_wconf 82' lang='lat' dir='ltr'><strong>primis</strong></span> <span class='ocrx_word' id='word_1_255' title='bbox 3648 716 3655 735; x_wconf 63' lang='grc'><em>”</em></span> 
     </span>
    </p>
   </div>
   <div class='ocr_carea' id='block_1_34' title="bbox 1987 820 3570 897">
    <p class='ocr_par' dir='ltr' id='par_1_34' title="bbox 1987 820 3570 897">
     <span class='ocr_line' id='line_1_34' title="bbox 1987 820 3570 897; baseline 0.001 -22"><span class='ocrx_word' id='word_1_256' title='bbox 1987 820 2231 890; x_wconf 80' lang='lat' dir='ltr'><strong>linguam</strong></span> <span class='ocrx_word' id='word_1_257' title='bbox 2278 831 2426 875; x_wconf 89' lang='lat' dir='ltr'><strong>tuam</strong></span> <span class='ocrx_word' id='word_1_258' title='bbox 2471 821 2837 891; x_wconf 82' lang='lat' dir='ltr'><strong>exoptandam</strong></span> <span class='ocrx_word' id='word_1_259' title='bbox 2897 837 3018 877; x_wconf 87' lang='lat' dir='ltr'><strong>esse</strong></span> <span class='ocrx_word' id='word_1_260' title='bbox 3077 838 3092 876; x_wconf 89' lang='lat'><strong>:</strong></span> <span class='ocrx_word' id='word_1_261' title='bbox 3147 822 3313 897; x_wconf 72' lang='lat'><strong>329</strong></span> <span class='ocrx_word' id='word_1_262' title='bbox 3364 823 3570 891; x_wconf 83' lang='lat' dir='ltr'><strong>alioqui</strong></span> 
     </span>
    </p>
   </div>
   <div class='ocr_carea' id='block_1_35' title="bbox 1987 911 3579 984">
    <p class='ocr_par' dir='ltr' id='par_1_35' title="bbox 1987 911 3579 984">
     <span class='ocr_line' id='line_1_35' title="bbox 1987 911 3579 984; baseline 0.001 -19"><span class='ocrx_word' id='word_1_263' title='bbox 1987 928 2119 967; x_wconf 83' lang='lat' dir='ltr'><strong>vero</strong></span> <span class='ocrx_word' id='word_1_264' title='bbox 2167 911 2443 968; x_wconf 90' lang='lat' dir='ltr'><strong>neminem</strong></span> <span class='ocrx_word' id='word_1_265' title='bbox 2486 912 2539 966; x_wconf 90' lang='lat' dir='ltr'><strong>id</strong></span> <span class='ocrx_word' id='word_1_266' title='bbox 2603 912 2763 967; x_wconf 80' lang='lat' dir='ltr'><strong>facile</strong></span> <span class='ocrx_word' id='word_1_267' title='bbox 2813 922 3076 983; x_wconf 69' lang='lat' dir='ltr'><strong>praestare</strong></span> <span class='ocrx_word' id='word_1_268' title='bbox 3119 930 3310 984; x_wconf 86' lang='lat' dir='ltr'><strong>posse.</strong></span> <span class='ocrx_word' id='word_1_269' title='bbox 3357 913 3493 969; x_wconf 87' lang='lat' dir='ltr'><strong>Nam</strong></span> <span class='ocrx_word' id='word_1_270' title='bbox 3522 922 3579 967; x_wconf 87' lang='lat' dir='ltr'><strong>et</strong></span> 
     </span>
    </p>
   </div>
   <div class='ocr_carea' id='block_1_36' title="bbox 1988 1006 3577 1077">
    <p class='ocr_par' dir='ltr' id='par_1_36' title="bbox 1988 1006 3577 1077">
     <span class='ocr_line' id='line_1_36' title="bbox 1988 1006 3577 1077; baseline 0.001 -17"><span class='ocrx_word' id='word_1_271' title='bbox 1988 1007 2255 1061; x_wconf 85' lang='lat' dir='ltr'><strong>orationis</strong></span> <span class='ocrx_word' id='word_1_272' title='bbox 2310 1015 2505 1060; x_wconf 90' lang='lat' dir='ltr'><strong>ornatu</strong></span> <span class='ocrx_word' id='word_1_273' title='bbox 2559 1006 2722 1077; x_wconf 85' lang='lat' dir='ltr'><strong>longo</strong></span> <span class='ocrx_word' id='word_1_274' title='bbox 2794 1006 3086 1061; x_wconf 86' lang='lat' dir='ltr'><strong>intervallo</strong></span> <span class='ocrx_word' id='word_1_275' title='bbox 3143 1022 3393 1062; x_wconf 88' lang='lat' dir='ltr'><strong>omnesa</strong></span> <span class='ocrx_word' id='word_1_276' title='bbox 3425 1016 3577 1077; x_wconf 87' lang='lat' dir='ltr'><strong>tergo</strong></span> 
     </span>
    </p>
   </div>
   <div class='ocr_carea' id='block_1_37' title="bbox 1988 1099 3575 1169">
    <p class='ocr_par' dir='ltr' id='par_1_37' title="bbox 1988 1099 3575 1169">
     <span class='ocr_line' id='line_1_37' title="bbox 1988 1099 3575 1169; baseline -0.001 -15"><span class='ocrx_word' id='word_1_277' title='bbox 1988 1099 2252 1169; x_wconf 85' lang='lat' dir='ltr'><strong>relinquis</strong></span> <span class='ocrx_word' id='word_1_278' title='bbox 2310 1117 2324 1153; x_wconf 92' lang='lat'><strong>:</strong></span> <span class='ocrx_word' id='word_1_279' title='bbox 2380 1115 2483 1154; x_wconf 86' lang='lat' dir='ltr'><strong>nec</strong></span> <span class='ocrx_word' id='word_1_280' title='bbox 2538 1100 2712 1154; x_wconf 88' lang='lat' dir='ltr'><strong>ullum</strong></span> <span class='ocrx_word' id='word_1_281' title='bbox 2754 1101 2834 1154; x_wconf 89' lang='lat' dir='ltr'><strong>in‘</strong></span> <span class='ocrx_word' id='word_1_282' title='bbox 2862 1110 2916 1156; x_wconf 86' lang='lat' dir='ltr'><strong>te</strong></span> <span class='ocrx_word' id='word_1_283' title='bbox 2958 1101 3162 1156; x_wconf 90' lang='lat' dir='ltr'><strong>bonum</strong></span> <span class='ocrx_word' id='word_1_284' title='bbox 3207 1100 3575 1165; x_wconf 74' lang='lat' dir='ltr'><strong>desideratur,</strong></span> 
     </span>
    </p>
   </div>
   <div class='ocr_carea' id='block_1_38' title="bbox 1988 1192 3577 1264">
    <p class='ocr_par' dir='ltr' id='par_1_38' title="bbox 1988 1192 3577 1264">
     <span class='ocr_line' id='line_1_38' title="bbox 1988 1192 3577 1264; baseline 0 -17"><span class='ocrx_word' id='word_1_285' title='bbox 1988 1207 2226 1262; x_wconf 86' lang='lat' dir='ltr'><strong>quorum</strong></span> <span class='ocrx_word' id='word_1_286' title='bbox 2278 1192 2450 1247; x_wconf 91' lang='lat' dir='ltr'><strong>ullum</strong></span> <span class='ocrx_word' id='word_1_287' title='bbox 2510 1194 2594 1247; x_wconf 86' lang='lat' dir='ltr'><strong>vel</strong></span> <span class='ocrx_word' id='word_1_288' title='bbox 2643 1202 2827 1248; x_wconf 81' lang='lat' dir='ltr'><strong>nostra</strong></span> <span class='ocrx_word' id='word_1_289' title='bbox 2882 1195 3172 1259; x_wconf 67' lang='lat' dir='ltr'><strong>aatate,vel</strong></span> <span class='ocrx_word' id='word_1_290' title='bbox 3210 1211 3239 1248; x_wconf 92' lang='lat' dir='ltr'><strong>a</strong></span> <span class='ocrx_word' id='word_1_291' title='bbox 3273 1192 3577 1264; x_wconf 90' lang='lat' dir='ltr'><strong>primordio</strong></span> 
     </span>
    </p>
   </div>
   <div class='ocr_carea' id='block_1_39' title="bbox 1991 1286 3578 1357">
    <p class='ocr_par' dir='ltr' id='par_1_39' title="bbox 1991 1286 3578 1357">
     <span class='ocr_line' id='line_1_39' title="bbox 1991 1286 3578 1357; baseline 0 -19"><span class='ocrx_word' id='word_1_292' title='bbox 1991 1301 2091 1356; x_wconf 89' lang='lat' dir='ltr'><strong>par</strong></span> <span class='ocrx_word' id='word_1_293' title='bbox 2113 1295 2208 1339; x_wconf 90' lang='lat' dir='ltr'><strong>aut</strong></span> <span class='ocrx_word' id='word_1_294' title='bbox 2234 1287 2416 1340; x_wconf 84' lang='lat' dir='ltr'><strong>simile</strong></span> <span class='ocrx_word' id='word_1_295' title='bbox 2447 1286 2758 1357; x_wconf 75' lang='lat' dir='ltr'><strong>exemplum</strong></span> <span class='ocrx_word' id='word_1_296' title='bbox 2801 1287 3031 1356; x_wconf 88' lang='lat' dir='ltr'><strong>reperiri</strong></span> <span class='ocrx_word' id='word_1_297' title='bbox 3062 1297 3248 1356; x_wconf 84' lang='lat' dir='ltr'><strong>queat.</strong></span> <span class='ocrx_word' id='word_1_298' title='bbox 3278 1286 3392 1341; x_wconf 83' lang='lat' dir='ltr'><strong>Hoc</strong></span> <span class='ocrx_word' id='word_1_299' title='bbox 3453 1300 3578 1339; x_wconf 81' lang='lat' dir='ltr'><strong>ora-</strong></span> 
     </span>
    </p>
   </div>
   <div class='ocr_carea' id='block_1_40' title="bbox 1992 1374 3573 1445">
    <p class='ocr_par' dir='ltr' id='par_1_40' title="bbox 1992 1374 3573 1445">
     <span class='ocr_line' id='line_1_40' title="bbox 1992 1374 3573 1445; baseline -0.002 -16"><span class='ocrx_word' id='word_1_300' title='bbox 1992 1375 2157 1429; x_wconf 85' lang='lat' dir='ltr'><strong>tionis</strong></span> <span class='ocrx_word' id='word_1_301' title='bbox 2216 1374 2339 1429; x_wconf 92' lang='lat' dir='ltr'><strong>loco</strong></span> <span class='ocrx_word' id='word_1_302' title='bbox 2404 1390 2584 1445; x_wconf 86' lang='lat' dir='ltr'><strong>neque</strong></span> <span class='ocrx_word' id='word_1_303' title='bbox 2640 1390 2833 1430; x_wconf 90' lang='lat' dir='ltr'><strong>omnes</strong></span> <span class='ocrx_word' id='word_1_304' title='bbox 2880 1385 3001 1431; x_wconf 87' lang='lat' dir='ltr'><strong>tuas</strong></span> <span class='ocrx_word' id='word_1_305' title='bbox 3042 1377 3235 1431; x_wconf 87' lang='lat' dir='ltr'><strong>laudes</strong></span> <span class='ocrx_word' id='word_1_306' title='bbox 3265 1391 3573 1431; x_wconf 62' lang='lat' dir='ltr'><strong>recensere.</strong></span> 
     </span>
    </p>
   </div>
   <div class='ocr_carea' id='block_1_41' title="bbox 1991 1467 3577 1539">
    <p class='ocr_par' dir='ltr' id='par_1_41' title="bbox 1991 1467 3577 1539">
     <span class='ocr_line' id='line_1_41' title="bbox 1991 1467 3577 1539; baseline 0.001 -17"><span class='ocrx_word' id='word_1_307' title='bbox 1991 1484 2170 1538; x_wconf 81' lang='lat' dir='ltr'><strong>neque</strong></span> <span class='ocrx_word' id='word_1_308' title='bbox 2197 1468 2410 1537; x_wconf 88' lang='lat' dir='ltr'><strong>aliquas</strong></span> <span class='ocrx_word' id='word_1_309' title='bbox 2462 1468 2746 1539; x_wconf 66' lang='lat' dir='ltr'><strong>praeterire</strong></span> <span class='ocrx_word' id='word_1_310' title='bbox 2796 1467 2976 1523; x_wconf 90' lang='lat' dir='ltr'><strong>audeo</strong></span> <span class='ocrx_word' id='word_1_311' title='bbox 3013 1468 3367 1525; x_wconf 84' lang='lat' dir='ltr'><strong>evidentibus</strong></span> <span class='ocrx_word' id='word_1_312' title='bbox 3391 1471 3577 1539; x_wconf 87' lang='lat' dir='ltr'><strong>gravi-</strong></span> 
     </span>
    </p>
   </div>
   <div class='ocr_carea' id='block_1_42' title="bbox 1994 1561 3579 1632">
    <p class='ocr_par' dir='ltr' id='par_1_42' title="bbox 1994 1561 3579 1632">
     <span class='ocr_line' id='line_1_42' title="bbox 1994 1561 3579 1632; baseline -0.001 -17"><span class='ocrx_word' id='word_1_313' title='bbox 1994 1562 2210 1631; x_wconf 89' lang='lat' dir='ltr'><strong>busque</strong></span> <span class='ocrx_word' id='word_1_314' title='bbox 2245 1562 2312 1615; x_wconf 89' lang='lat' dir='ltr'><strong>de</strong></span> <span class='ocrx_word' id='word_1_315' title='bbox 2364 1563 2566 1617; x_wconf 80' lang='lat' dir='ltr'><strong>causis.</strong></span> <span class='ocrx_word' id='word_1_316' title='bbox 2617 1562 2751 1616; x_wconf 87' lang='lat' dir='ltr'><strong>Nam</strong></span> <span class='ocrx_word' id='word_1_317' title='bbox 2787 1570 2845 1618; x_wconf 89' lang='lat' dir='ltr'><strong>et</strong></span> <span class='ocrx_word' id='word_1_318' title='bbox 2904 1561 3109 1632; x_wconf 80' lang='lat' dir='ltr'><strong>ingenii</strong></span> <span class='ocrx_word' id='word_1_319' title='bbox 3148 1561 3498 1617; x_wconf 86' lang='lat' dir='ltr'><strong>imbecillitas</strong></span> <span class='ocrx_word' id='word_1_320' title='bbox 3521 1568 3579 1614; x_wconf 89' lang='lat' dir='ltr'><strong>et</strong></span> 
     </span>
    </p>
   </div>
   <div class='ocr_carea' id='block_1_43' title="bbox 1992 1647 3573 1720">
    <p class='ocr_par' dir='ltr' id='par_1_43' title="bbox 1992 1647 3573 1720">
     <span class='ocr_line' id='line_1_43' title="bbox 1992 1647 3573 1720; baseline -0.002 -17"><span class='ocrx_word' id='word_1_321' title='bbox 1992 1651 2165 1704; x_wconf 78' lang='lat' dir='ltr'><strong>debiti</strong></span> <span class='ocrx_word' id='word_1_322' title='bbox 2208 1650 2532 1720; x_wconf 79' lang='lat' dir='ltr'><strong>magnitudo</strong></span> <span class='ocrx_word' id='word_1_323' title='bbox 2568 1649 2813 1705; x_wconf 85' lang='lat' dir='ltr'><strong>animum</strong></span> <span class='ocrx_word' id='word_1_324' title='bbox 2845 1664 3026 1704; x_wconf 88' lang='lat' dir='ltr'><strong>meum</strong></span> <span class='ocrx_word' id='word_1_325' title='bbox 3053 1647 3275 1702; x_wconf 85' lang='lat' dir='ltr'><strong>diverse</strong></span> <span class='ocrx_word' id='word_1_326' title='bbox 3308 1648 3533 1701; x_wconf 88' lang='lat' dir='ltr'><strong>trahunt</strong></span> <span class='ocrx_word' id='word_1_327' title='bbox 3560 1664 3573 1700; x_wconf 91' lang='lat'><strong>:</strong></span> 
     </span>
    </p>
   </div>
   <div class='ocr_carea' id='block_1_44' title="bbox 1991 1740 3576 1812">
    <p class='ocr_par' dir='ltr' id='par_1_44' title="bbox 1991 1740 3576 1812">
     <span class='ocr_line' id='line_1_44' title="bbox 1991 1740 3576 1812; baseline -0.001 -16"><span class='ocrx_word' id='word_1_328' title='bbox 1991 1752 2051 1797; x_wconf 85' lang='lat' dir='ltr'><strong>ut</strong></span> <span class='ocrx_word' id='word_1_329' title='bbox 2082 1743 2386 1812; x_wconf 90' lang='lat' dir='ltr'><strong>periculum</strong></span> <span class='ocrx_word' id='word_1_330' title='bbox 2439 1745 2700 1812; x_wconf 90' lang='lat' dir='ltr'><strong>utrinque</strong></span> <span class='ocrx_word' id='word_1_331' title='bbox 2762 1744 2978 1797; x_wconf 84' lang='lat' dir='ltr'><strong>caventi</strong></span> <span class='ocrx_word' id='word_1_332' title='bbox 3016 1740 3150 1796; x_wconf 87' lang='lat' dir='ltr'><strong>mihi</strong></span> <span class='ocrx_word' id='word_1_333' title='bbox 3201 1751 3257 1795; x_wconf 91' lang='lat' dir='ltr'><strong>et</strong></span> <span class='ocrx_word' id='word_1_334' title='bbox 3283 1750 3576 1807; x_wconf 88' lang='lat' dir='ltr'><strong>utrumque</strong></span> 
     </span>
    </p>
   </div>
   <div class='ocr_carea' id='block_1_45' title="bbox 1990 1834 3576 1901">
    <p class='ocr_par' dir='ltr' id='par_1_45' title="bbox 1990 1834 3576 1901">
     <span class='ocr_line' id='line_1_45' title="bbox 1990 1834 3576 1901; baseline -0.004 -11"><span class='ocrx_word' id='word_1_335' title='bbox 1990 1835 2063 1890; x_wconf 89' lang='lat' dir='ltr'><strong>sit</strong></span> <span class='ocrx_word' id='word_1_336' title='bbox 2092 1837 2425 1896; x_wconf 86' lang='lat' dir='ltr'><strong>conandum,</strong></span> <span class='ocrx_word' id='word_1_337' title='bbox 2460 1845 2516 1889; x_wconf 90' lang='lat' dir='ltr'><strong>et</strong></span> <span class='ocrx_word' id='word_1_338' title='bbox 2542 1845 2825 1901; x_wconf 89' lang='lat' dir='ltr'><strong>neutrum,</strong></span> <span class='ocrx_word' id='word_1_339' title='bbox 2868 1834 3135 1890; x_wconf 88' lang='lat' dir='ltr'><strong>ambobus</strong></span> <span class='ocrx_word' id='word_1_340' title='bbox 3183 1834 3326 1887; x_wconf 87' lang='lat' dir='ltr'><strong>inter</strong></span> <span class='ocrx_word' id='word_1_341' title='bbox 3357 1847 3415 1886; x_wconf 91' lang='lat' dir='ltr'><strong>se</strong></span> <span class='ocrx_word' id='word_1_342' title='bbox 3441 1846 3576 1886; x_wconf 82' lang='lat' dir='ltr'><strong>con-</strong></span> 
     </span>
    </p>
   </div>
   <div class='ocr_carea' id='block_1_46' title="bbox 1989 1924 3576 1997">
    <p class='ocr_par' dir='ltr' id='par_1_46' title="bbox 1989 1924 3576 1997">
     <span class='ocr_line' id='line_1_46' title="bbox 1989 1924 3576 1997; baseline -0.005 -16"><span class='ocrx_word' id='word_1_343' title='bbox 1989 1927 2309 1997; x_wconf 80' lang='lat' dir='ltr'><strong>jungendis.</strong></span> <span class='ocrx_word' id='word_1_344' title='bbox 2355 1927 2410 1980; x_wconf 82' lang='lat' dir='ltr'><strong>Si</strong></span> <span class='ocrx_word' id='word_1_345' title='bbox 2457 1927 2605 1980; x_wconf 91' lang='lat' dir='ltr'><strong>enim</strong></span> <span class='ocrx_word' id='word_1_346' title='bbox 2660 1927 2697 1980; x_wconf 89' lang='lat' dir='ltr'><strong>ii</strong></span> <span class='ocrx_word' id='word_1_347' title='bbox 2736 1941 2949 1990; x_wconf 88' lang='lat' dir='ltr'><strong>omnes,</strong></span> <span class='ocrx_word' id='word_1_348' title='bbox 2984 1925 3185 1994; x_wconf 83' lang='lat' dir='ltr'><strong>quibus</strong></span> <span class='ocrx_word' id='word_1_349' title='bbox 3236 1924 3446 1979; x_wconf 85' lang='lat' dir='ltr'><strong>illustre</strong></span> <span class='ocrx_word' id='word_1_350' title='bbox 3475 1937 3576 1976; x_wconf 88' lang='lat' dir='ltr'><strong>no-</strong></span> 
     </span>
    </p>
   </div>
   <div class='ocr_carea' id='block_1_47' title="bbox 1993 2017 3572 2088">
    <p class='ocr_par' dir='ltr' id='par_1_47' title="bbox 1993 2017 3572 2088">
     <span class='ocr_line' id='line_1_47' title="bbox 1993 2017 3572 2088; baseline -0.003 -15"><span class='ocrx_word' id='word_1_351' title='bbox 1993 2035 2119 2075; x_wconf 85' lang='lat' dir='ltr'><strong>men</strong></span> <span class='ocrx_word' id='word_1_352' title='bbox 2148 2020 2279 2073; x_wconf 88' lang='lat' dir='ltr'><strong>olim</strong></span> <span class='ocrx_word' id='word_1_353' title='bbox 2329 2018 2572 2073; x_wconf 83' lang='lat' dir='ltr'><strong>eruditio</strong></span> <span class='ocrx_word' id='word_1_354' title='bbox 2613 2020 2847 2088; x_wconf 91' lang='lat' dir='ltr'><strong>peperit,</strong></span> <span class='ocrx_word' id='word_1_355' title='bbox 2888 2017 3168 2077; x_wconf 85' lang='lat' dir='ltr'><strong>adessent.</strong></span> <span class='ocrx_word' id='word_1_356' title='bbox 3226 2032 3328 2071; x_wconf 89' lang='lat' dir='ltr'><strong>nec</strong></span> <span class='ocrx_word' id='word_1_357' title='bbox 3388 2027 3572 2071; x_wconf 88' lang='lat' dir='ltr'><strong>tamen</strong></span> 
     </span>
    </p>
   </div>
   <div class='ocr_carea' id='block_1_48' title="bbox 1991 2110 3574 2183">
    <p class='ocr_par' dir='ltr' id='par_1_48' title="bbox 1991 2110 3574 2183">
     <span class='ocr_line' id='line_1_48' title="bbox 1991 2110 3574 2183; baseline -0.004 -17"><span class='ocrx_word' id='word_1_358' title='bbox 1991 2122 2317 2183; x_wconf 87' lang='lat' dir='ltr'><strong>argumento</strong></span> <span class='ocrx_word' id='word_1_359' title='bbox 2342 2112 2662 2168; x_wconf 86' lang='lat' dir='ltr'><strong>satisfacere</strong></span> <span class='ocrx_word' id='word_1_360' title='bbox 2690 2118 2921 2182; x_wconf 84' lang='lat' dir='ltr'><strong>possent</strong></span> <span class='ocrx_word' id='word_1_361' title='bbox 2945 2127 2959 2162; x_wconf 91' lang='lat'><strong>:</strong></span> <span class='ocrx_word' id='word_1_362' title='bbox 2986 2118 3043 2164; x_wconf 88' lang='lat' dir='ltr'><strong>et</strong></span> <span class='ocrx_word' id='word_1_363' title='bbox 3065 2110 3256 2163; x_wconf 89' lang='lat' dir='ltr'><strong>eadem</strong></span> <span class='ocrx_word' id='word_1_364' title='bbox 3278 2119 3574 2162; x_wconf 83' lang='lat' dir='ltr'><strong>esteorum</strong></span> 
     </span>
    </p>
   </div>
   <div class='ocr_carea' id='block_1_49' title="bbox 1993 2200 3574 2274">
    <p class='ocr_par' dir='ltr' id='par_1_49' title="bbox 1993 2200 3574 2274">
     <span class='ocr_line' id='line_1_49' title="bbox 1993 2200 3574 2274; baseline -0.005 -14"><span class='ocrx_word' id='word_1_365' title='bbox 1993 2207 2160 2260; x_wconf 89' lang='lat' dir='ltr'><strong>etiam</strong></span> <span class='ocrx_word' id='word_1_366' title='bbox 2197 2205 2459 2274; x_wconf 82' lang='lat' dir='ltr'><strong>quinunc</strong></span> <span class='ocrx_word' id='word_1_367' title='bbox 2498 2205 2690 2258; x_wconf 80' lang='lat' dir='ltr'><strong>vivunt</strong></span> <span class='ocrx_word' id='word_1_368' title='bbox 2719 2203 2963 2258; x_wconf 87' lang='lat' dir='ltr'><strong>conditio</strong></span> <span class='ocrx_word' id='word_1_369' title='bbox 2999 2221 3012 2257; x_wconf 91' lang='lat'><strong>:</strong></span> <span class='ocrx_word' id='word_1_370' title='bbox 3043 2200 3175 2273; x_wconf 82' lang='lat' dir='ltr'><strong>quid</strong></span> <span class='ocrx_word' id='word_1_371' title='bbox 3211 2201 3348 2254; x_wconf 89' lang='lat' dir='ltr'><strong>mibi</strong></span> <span class='ocrx_word' id='word_1_372' title='bbox 3383 2207 3574 2264; x_wconf 86' lang='lat' dir='ltr'><strong>restat,</strong></span> 
     </span>
    </p>
   </div>
   <div class='ocr_carea' id='block_1_50' title="bbox 1993 2290 3572 2365">
    <p class='ocr_par' dir='ltr' id='par_1_50' title="bbox 1993 2290 3572 2365">
     <span class='ocr_line' id='line_1_50' title="bbox 1993 2290 3572 2365; baseline -0.005 -15"><span class='ocrx_word' id='word_1_373' title='bbox 1993 2296 2102 2351; x_wconf 86' lang='lat' dir='ltr'><strong>nisi</strong></span> <span class='ocrx_word' id='word_1_374' title='bbox 2142 2305 2203 2351; x_wconf 90' lang='lat' dir='ltr'><strong>ut</strong></span> <span class='ocrx_word' id='word_1_375' title='bbox 2253 2296 2487 2350; x_wconf 75' lang='lat' dir='ltr'><strong>maxima</strong></span> <span class='ocrx_word' id='word_1_376' title='bbox 2537 2307 2691 2365; x_wconf 81' lang='lat' dir='ltr'><strong>parte</strong></span> <span class='ocrx_word' id='word_1_377' title='bbox 2734 2294 2937 2349; x_wconf 90' lang='lat' dir='ltr'><strong>omissa</strong></span> <span class='ocrx_word' id='word_1_378' title='bbox 2999 2292 3232 2364; x_wconf 87' lang='lat' dir='ltr'><strong>paucula</strong></span> <span class='ocrx_word' id='word_1_379' title='bbox 3278 2290 3572 2360; x_wconf 79' lang='lat' dir='ltr'><strong>explicem,</strong></span> 
     </span>
    </p>
   </div>
   <div class='ocr_carea' id='block_1_51' title="bbox 1992 2370 3576 2460">
    <p class='ocr_par' dir='ltr' id='par_1_51' title="bbox 1992 2370 3576 2460">
     <span class='ocr_line' id='line_1_51' title="bbox 1992 2370 3576 2460; baseline -0.008 -15"><span class='ocrx_word' id='word_1_380' title='bbox 1992 2404 2116 2460; x_wconf 61' lang='lat' dir='ltr'><strong>qua</strong></span> <span class='ocrx_word' id='word_1_381' title='bbox 2162 2389 2282 2443; x_wconf 85' lang='lat' dir='ltr'><strong>sine</strong></span> <span class='ocrx_word' id='word_1_382' title='bbox 2322 2388 2569 2459; x_wconf 89' lang='lat' dir='ltr'><strong>periculo</strong></span> <span class='ocrx_word' id='word_1_383' title='bbox 2617 2397 2855 2442; x_wconf 87' lang='lat' dir='ltr'><strong>tractare</strong></span> <span class='ocrx_word' id='word_1_384' title='bbox 2903 2386 3147 2457; x_wconf 86' lang='lat' dir='ltr'><strong>possim?</strong></span> <span class='ocrx_word' id='word_1_385' title='bbox 3196 2400 3264 2438; x_wconf 91' lang='lat' dir='ltr'><strong>ne</strong></span> <span class='ocrx_word' id='word_1_386' title='bbox 3305 2370 3576 2442; x_wconf 43' lang='lat' dir='ltr'><strong>fortefut</strong></span> 
     </span>
    </p>
   </div>
   <div class='ocr_carea' id='block_1_52' title="bbox 1997 2472 3577 2551">
    <p class='ocr_par' dir='ltr' id='par_1_52' title="bbox 1997 2472 3577 2551">
     <span class='ocr_line' id='line_1_52' title="bbox 1997 2472 3577 2551; baseline -0.007 -16"><span class='ocrx_word' id='word_1_387' title='bbox 1997 2478 2412 2551; x_wconf 77' lang='lat' dir='ltr'><strong>Olympicoru&#39;m</strong></span> <span class='ocrx_word' id='word_1_388' title='bbox 2470 2480 2834 2533; x_wconf 69' lang='lat' dir='ltr'><strong>certaminum</strong></span> <span class='ocrx_word' id='word_1_389' title='bbox 2892 2477 3089 2540; x_wconf 86' lang='lat' dir='ltr'><strong>rudes,</strong></span> <span class='ocrx_word' id='word_1_390' title='bbox 3141 2487 3357 2545; x_wconf 87' lang='lat' dir='ltr'><strong>meapte</strong></span> <span class='ocrx_word' id='word_1_391' title='bbox 3417 2472 3577 2542; x_wconf 87' lang='lat' dir='ltr'><strong>culpa</strong></span> 
     </span>
    </p>
   </div>
   <div class='ocr_carea' id='block_1_53' title="bbox 1994 2564 3578 2641">
    <p class='ocr_par' dir='ltr' id='par_1_53' title="bbox 1994 2564 3578 2641">
     <span class='ocr_line' id='line_1_53' title="bbox 1994 2564 3578 2641; baseline -0.006 -14"><span class='ocrx_word' id='word_1_392' title='bbox 1994 2571 2287 2641; x_wconf 88' lang='lat' dir='ltr'><strong>suscipiam</strong></span> <span class='ocrx_word' id='word_1_393' title='bbox 2326 2570 2585 2625; x_wconf 90' lang='lat' dir='ltr'><strong>dedecus.</strong></span> <span class='ocrx_word' id='word_1_394' title='bbox 2634 2570 2713 2624; x_wconf 86' lang='lat' dir='ltr'><strong>Ac</strong></span> <span class='ocrx_word' id='word_1_395' title='bbox 2750 2570 2979 2624; x_wconf 90' lang='lat' dir='ltr'><strong>omnino</strong></span> <span class='ocrx_word' id='word_1_396' title='bbox 3025 2582 3347 2639; x_wconf 85' lang='lat' dir='ltr'><strong>persuasum</strong></span> <span class='ocrx_word' id='word_1_397' title='bbox 3375 2564 3578 2627; x_wconf 86' lang='lat' dir='ltr'><strong>habeo,</strong></span> 
     </span>
    </p>
   </div>
   <div class='ocr_carea' id='block_1_54' title="bbox 1994 2645 3615 2735">
    <p class='ocr_par' dir='ltr' id='par_1_54' title="bbox 1994 2645 3615 2735">
     <span class='ocr_line' id='line_1_54' title="bbox 1994 2645 3615 2735; baseline -0.005 -17"><span class='ocrx_word' id='word_1_398' title='bbox 1994 2663 2136 2718; x_wconf 87' lang='lat' dir='ltr'><strong>nihil</strong></span> <span class='ocrx_word' id='word_1_399' title='bbox 2188 2662 2437 2717; x_wconf 88' lang='lat' dir='ltr'><strong>omnium</strong></span> <span class='ocrx_word' id='word_1_400' title='bbox 2475 2645 2635 2732; x_wconf 66' lang='lat' dir='ltr'><strong>atque</strong></span> <span class='ocrx_word' id='word_1_401' title='bbox 2682 2676 2748 2717; x_wconf 88' lang='lat' dir='ltr'><strong>ac</strong></span> <span class='ocrx_word' id='word_1_402' title='bbox 2777 2660 3083 2732; x_wconf 90' lang='lat' dir='ltr'><strong>periculum</strong></span> <span class='ocrx_word' id='word_1_403' title='bbox 3124 2664 3228 2716; x_wconf 84' lang='lat' dir='ltr'><strong>hoc</strong></span> <span class='ocrx_word' id='word_1_404' title='bbox 3272 2657 3615 2735; x_wconf 22' lang='lat' dir='ltr'><strong>cavendum.</strong></span> 
     </span>
    </p>
   </div>
   <div class='ocr_carea' id='block_1_55' title="bbox 1994 2752 3579 2826">
    <p class='ocr_par' dir='ltr' id='par_1_55' title="bbox 1994 2752 3579 2826">
     <span class='ocr_line' id='line_1_55' title="bbox 1994 2752 3579 2826; baseline -0.004 -13"><span class='ocrx_word' id='word_1_405' title='bbox 1994 2773 2117 2814; x_wconf 85' lang='lat' dir='ltr'><strong>esse</strong></span> <span class='ocrx_word' id='word_1_406' title='bbox 2142 2757 2299 2823; x_wconf 91' lang='lat' dir='ltr'><strong>mihi,</strong></span> <span class='ocrx_word' id='word_1_407' title='bbox 2330 2766 2386 2811; x_wconf 89' lang='lat' dir='ltr'><strong>et</strong></span> <span class='ocrx_word' id='word_1_408' title='bbox 2414 2756 2592 2812; x_wconf 86' lang='lat' dir='ltr'><strong>nihilo</strong></span> <span class='ocrx_word' id='word_1_409' title='bbox 2618 2756 2800 2811; x_wconf 89' lang='lat' dir='ltr'><strong>minus</strong></span> <span class='ocrx_word' id='word_1_410' title='bbox 2833 2771 2997 2826; x_wconf 87' lang='lat' dir='ltr'><strong>quam</strong></span> <span class='ocrx_word' id='word_1_411' title='bbox 3024 2755 3069 2810; x_wconf 90' lang='lat' dir='ltr'><strong>si</strong></span> <span class='ocrx_word' id='word_1_412' title='bbox 3107 2754 3308 2815; x_wconf 90' lang='lat' dir='ltr'><strong>infans,</strong></span> <span class='ocrx_word' id='word_1_413' title='bbox 3334 2752 3579 2808; x_wconf 86' lang='lat' dir='ltr'><strong>nondum</strong></span> 
     </span>
    </p>
   </div>
   <div class='ocr_carea' id='block_1_56' title="bbox 1996 2846 3687 2919">
    <p class='ocr_par' dir='ltr' id='par_1_56' title="bbox 1996 2846 3687 2919">
     <span class='ocr_line' id='line_1_56' title="bbox 1996 2846 3687 2919; baseline -0.005 -11"><span class='ocrx_word' id='word_1_414' title='bbox 1996 2851 2066 2908; x_wconf 83' lang='lat' dir='ltr'><strong>ab</strong></span> <span class='ocrx_word' id='word_1_415' title='bbox 2118 2851 2287 2906; x_wconf 90' lang='lat' dir='ltr'><strong>ubere</strong></span> <span class='ocrx_word' id='word_1_416' title='bbox 2327 2862 2592 2913; x_wconf 87' lang='lat' dir='ltr'><strong>remotus,</strong></span> <span class='ocrx_word' id='word_1_417' title='bbox 2640 2865 2781 2919; x_wconf 87' lang='lat' dir='ltr'><strong>pane</strong></span> <span class='ocrx_word' id='word_1_418' title='bbox 2830 2850 2977 2905; x_wconf 70' lang='lat' dir='ltr'><strong>vesci</strong></span> <span class='ocrx_word' id='word_1_419' title='bbox 3019 2850 3223 2918; x_wconf 87' lang='lat' dir='ltr'><strong>cupiat.</strong></span> <span class='ocrx_word' id='word_1_420' title='bbox 3269 2847 3406 2903; x_wconf 84' lang='lat' dir='ltr'><strong>Nam</strong></span> <span class='ocrx_word' id='word_1_421' title='bbox 3441 2848 3486 2903; x_wconf 90' lang='lat' dir='ltr'><strong>si</strong></span> <span class='ocrx_word' id='word_1_422' title='bbox 3523 2846 3577 2901; x_wconf 93' lang='lat' dir='ltr'><strong>id</strong></span> <span class='ocrx_word' id='word_1_423' title='bbox 3669 2846 3687 2859; x_wconf 82' lang='grc'><strong>⁸</strong></span> 
     </span>
    </p>
   </div>
   <div class='ocr_carea' id='block_1_57' title="bbox 1999 2940 3583 3011">
    <p class='ocr_par' dir='ltr' id='par_1_57' title="bbox 1999 2940 3583 3011">
     <span class='ocr_line' id='line_1_57' title="bbox 1999 2940 3583 3011; baseline -0.004 -14"><span class='ocrx_word' id='word_1_424' title='bbox 1999 2942 2177 3007; x_wconf 84' lang='lat' dir='ltr'><strong>fieret,</strong></span> <span class='ocrx_word' id='word_1_425' title='bbox 2201 2951 2352 2998; x_wconf 88' lang='lat' dir='ltr'><strong>esset</strong></span> <span class='ocrx_word' id='word_1_426' title='bbox 2379 2942 2569 3011; x_wconf 83' lang='lat' dir='ltr'><strong>utique</strong></span> <span class='ocrx_word' id='word_1_427' title='bbox 2594 2941 2817 2996; x_wconf 86' lang='lat' dir='ltr'><strong>dolendi</strong></span> <span class='ocrx_word' id='word_1_428' title='bbox 2849 2941 3024 2996; x_wconf 89' lang='lat' dir='ltr'><strong>locus.</strong></span> <span class='ocrx_word' id='word_1_429' title='bbox 3062 2940 3177 2996; x_wconf 84' lang='lat' dir='ltr'><strong>Etsi</strong></span> <span class='ocrx_word' id='word_1_430' title='bbox 3210 2951 3394 2995; x_wconf 84' lang='lat' dir='ltr'><strong>autem</strong></span> <span class='ocrx_word' id='word_1_431' title='bbox 3414 2954 3583 2994; x_wconf 88' lang='lat' dir='ltr'><strong>cona-</strong></span> 
     </span>
    </p>
   </div>
   <div class='ocr_carea' id='block_1_58' title="bbox 2002 3032 3560 3101">
    <p class='ocr_par' dir='ltr' id='par_1_58' title="bbox 2002 3032 3560 3101">
     <span class='ocr_line' id='line_1_58' title="bbox 2002 3032 3560 3101; baseline -0.003 -10"><span class='ocrx_word' id='word_1_432' title='bbox 2002 3045 2091 3091; x_wconf 90' lang='lat' dir='ltr'><strong>tus</strong></span> <span class='ocrx_word' id='word_1_433' title='bbox 2121 3035 2462 3101; x_wconf 87' lang='lat' dir='ltr'><strong>est&#39;arduus,</strong></span> <span class='ocrx_word' id='word_1_434' title='bbox 2502 3044 2682 3089; x_wconf 88' lang='lat' dir='ltr'><strong>tamen</strong></span> <span class='ocrx_word' id='word_1_435' title='bbox 2711 3034 2910 3088; x_wconf 90' lang='lat' dir='ltr'><strong>decere</strong></span> <span class='ocrx_word' id='word_1_436' title='bbox 2948 3033 3188 3088; x_wconf 88' lang='lat' dir='ltr'><strong>arbitror</strong></span> <span class='ocrx_word' id='word_1_437' title='bbox 3234 3048 3344 3087; x_wconf 91' lang='lat' dir='ltr'><strong>non</strong></span> <span class='ocrx_word' id='word_1_438' title='bbox 3377 3032 3560 3087; x_wconf 90' lang='lat' dir='ltr'><strong>minus</strong></span> 
     </span>
    </p>
   </div>
   <div class='ocr_carea' id='block_1_59' title="bbox 2000 3125 3586 3196">
    <p class='ocr_par' dir='ltr' id='par_1_59' title="bbox 2000 3125 3586 3196">
     <span class='ocr_line' id='line_1_59' title="bbox 2000 3125 3586 3196; baseline -0.002 -15"><span class='ocrx_word' id='word_1_439' title='bbox 2000 3141 2163 3196; x_wconf 87' lang='lat' dir='ltr'><strong>quam</strong></span> <span class='ocrx_word' id='word_1_440' title='bbox 2194 3127 2241 3180; x_wconf 90' lang='lat' dir='ltr'><strong>si</strong></span> <span class='ocrx_word' id='word_1_441' title='bbox 2291 3126 2349 3180; x_wconf 88' lang='lat' dir='ltr'><strong>in</strong></span> <span class='ocrx_word' id='word_1_442' title='bbox 2404 3125 2710 3181; x_wconf 88' lang='lat' dir='ltr'><strong>sacrarium</strong></span> <span class='ocrx_word' id='word_1_443' title='bbox 2769 3125 2949 3179; x_wconf 88' lang='lat' dir='ltr'><strong>omnis</strong></span> <span class='ocrx_word' id='word_1_444' title='bbox 2994 3125 3215 3195; x_wconf 88' lang='lat' dir='ltr'><strong>generis</strong></span> <span class='ocrx_word' id='word_1_445' title='bbox 3254 3125 3586 3194; x_wconf 80' lang='lat' dir='ltr'><strong>imaginibus</strong></span> 
     </span>
    </p>
   </div>
   <div class='ocr_carea' id='block_1_60' title="bbox 301 3207 1897 3288">
    <p class='ocr_par' dir='ltr' id='par_1_60' title="bbox 301 3207 1896 3287">
     <span class='ocr_line' id='line_1_60' title="bbox 301 3207 1896 3287; baseline -0.008 -18"><span class='ocrx_word' id='word_1_446' title='bbox 301 3218 536 3270; x_wconf 79' lang='grc' dir='ltr'>πάντων</span> <span class='ocrx_word' id='word_1_447' title='bbox 562 3215 772 3287; x_wconf 72' lang='grc' dir='ltr'>ἕτερον,</span> <span class='ocrx_word' id='word_1_448' title='bbox 805 3215 834 3267; x_wconf 84' lang='grc' dir='ltr'><strong>ὃ</strong></span> <span class='ocrx_word' id='word_1_449' title='bbox 865 3231 932 3284; x_wconf 85' lang='grc' dir='ltr'><strong>με</strong></span> <span class='ocrx_word' id='word_1_450' title='bbox 964 3214 1238 3282; x_wconf 75' lang='grc' dir='ltr'>προσήκει</span> <span class='ocrx_word' id='word_1_451' title='bbox 1262 3212 1465 3281; x_wconf 79' lang='grc' dir='ltr'>μᾶλλον</span> <span class='ocrx_word' id='word_1_452' title='bbox 1497 3212 1696 3274; x_wconf 82' lang='grc' dir='ltr'>ποιεῖν,</span> <span class='ocrx_word' id='word_1_453' title='bbox 1729 3207 1762 3278; x_wconf 87' lang='grc' dir='ltr'>ἢ</span> <span class='ocrx_word' id='word_1_454' title='bbox 1804 3207 1896 3260; x_wconf 84' lang='grc' dir='ltr'>τὸν</span> 
     </span>
    </p>
   </div>
   <div class='ocr_carea' id='block_1_61' title="bbox 1998 3207 3585 3288">
    <p class='ocr_par' dir='ltr' id='par_1_61' title="bbox 1999 3217 3585 3288">
     <span class='ocr_line' id='line_1_61' title="bbox 1999 3217 3585 3288; baseline -0.003 -14"><span class='ocrx_word' id='word_1_455' title='bbox 1999 3228 2326 3274; x_wconf 80' lang='lat' dir='ltr'><strong>exornatum</strong></span> <span class='ocrx_word' id='word_1_456' title='bbox 2361 3218 2683 3288; x_wconf 80' lang='lat' dir='ltr'><strong>ingrederer</strong></span> <span class='ocrx_word' id='word_1_457' title='bbox 2732 3218 2848 3273; x_wconf 91' lang='lat' dir='ltr'><strong>:ita</strong></span> <span class='ocrx_word' id='word_1_458' title='bbox 2882 3217 3046 3288; x_wconf 72' lang='lat'><strong>330</strong></span> <span class='ocrx_word' id='word_1_459' title='bbox 3076 3218 3243 3272; x_wconf 91' lang='lat' dir='ltr'><strong>etiam</strong></span> <span class='ocrx_word' id='word_1_460' title='bbox 3283 3218 3585 3281; x_wconf 88' lang='lat' dir='ltr'><strong>imperato-</strong></span> 
     </span>
    </p>
   </div>
   <div class='ocr_carea' id='block_1_62' title="bbox 300 3302 1897 3404">
    <p class='ocr_par' dir='ltr' id='par_1_62' title="bbox 300 3302 1896 3378">
     <span class='ocr_line' id='line_1_62' title="bbox 300 3302 1896 3378; baseline -0.009 -13"><span class='ocrx_word' id='word_1_461' title='bbox 300 3309 569 3365; x_wconf 67' lang='grc' dir='ltr'>ἐντεῦθεν</span> <span class='ocrx_word' id='word_1_462' title='bbox 624 3306 987 3378; x_wconf 83' lang='grc' dir='ltr'>φυλάττεσθαι</span> <span class='ocrx_word' id='word_1_463' title='bbox 1033 3306 1283 3359; x_wconf 82' lang='grc' dir='ltr'>κίνδυνον</span> <span class='ocrx_word' id='word_1_464' title='bbox 1333 3304 1428 3357; x_wconf 80' lang='grc' dir='ltr'>καὶ</span> <span class='ocrx_word' id='word_1_465' title='bbox 1485 3303 1636 3373; x_wconf 80' lang='grc' dir='ltr'>μάλα</span> <span class='ocrx_word' id='word_1_466' title='bbox 1690 3302 1896 3373; x_wconf 80' lang='grc' dir='ltr'>μᾶλλον</span> 
     </span>
    </p>
   </div>
   <div class='ocr_carea' id='block_1_63' title="bbox 1998 3302 3586 3404">
    <p class='ocr_par' dir='ltr' id='par_1_63' title="bbox 2004 3308 3586 3381">
     <span class='ocr_line' id='line_1_63' title="bbox 2004 3308 3586 3381; baseline -0.002 -17"><span class='ocrx_word' id='word_1_467' title='bbox 2004 3310 2085 3364; x_wconf 92' lang='lat' dir='ltr'><strong>ris</strong></span> <span class='ocrx_word' id='word_1_468' title='bbox 2111 3309 2304 3364; x_wconf 89' lang='lat' dir='ltr'><strong>laudes</strong></span> <span class='ocrx_word' id='word_1_469' title='bbox 2330 3325 2621 3381; x_wconf 72' lang='lat' dir='ltr'><strong>aggressus</strong></span> <span class='ocrx_word' id='word_1_470' title='bbox 2640 3319 2838 3364; x_wconf 72' lang='lat' dir='ltr'><strong>cratera</strong></span> <span class='ocrx_word' id='word_1_471' title='bbox 2866 3310 2990 3363; x_wconf 89' lang='lat' dir='ltr'><strong>aliis</strong></span> <span class='ocrx_word' id='word_1_472' title='bbox 3017 3308 3393 3371; x_wconf 86' lang='lat' dir='ltr'><strong>concedenda,</strong></span> <span class='ocrx_word' id='word_1_473' title='bbox 3422 3308 3586 3362; x_wconf 91' lang='lat' dir='ltr'><strong>unius</strong></span> 
     </span>
    </p>
   </div>
   <div class='ocr_carea' id='block_1_64' title="bbox 304 3393 1898 3472">
    <p class='ocr_par' dir='ltr' id='par_1_64' title="bbox 304 3393 1898 3472">
     <span class='ocr_line' id='line_1_64' title="bbox 304 3393 1898 3472; baseline -0.006 -17"><span class='ocrx_word' id='word_1_474' title='bbox 304 3402 440 3472; x_wconf 74' lang='grc' dir='ltr'>έμὲ,</span> <span class='ocrx_word' id='word_1_475' title='bbox 468 3401 505 3471; x_wconf 78' lang='grc' dir='ltr'><strong>ἢ</strong></span> <span class='ocrx_word' id='word_1_476' title='bbox 534 3402 589 3455; x_wconf 79' lang='grc' dir='ltr'><strong>εί</strong></span> <span class='ocrx_word' id='word_1_477' title='bbox 615 3417 671 3453; x_wconf 82' lang='grc' dir='ltr'><strong>τι</strong></span> <span class='ocrx_word' id='word_1_478' title='bbox 703 3398 899 3470; x_wconf 83' lang='grc' dir='ltr'>βρέφος</span> <span class='ocrx_word' id='word_1_479' title='bbox 925 3396 1176 3451; x_wconf 69' lang='grc' dir='ltr'>ἐϐούλετο</span> <span class='ocrx_word' id='word_1_480' title='bbox 1225 3395 1409 3466; x_wconf 76' lang='grc' dir='ltr'>μάζαν</span> <span class='ocrx_word' id='word_1_481' title='bbox 1438 3394 1734 3458; x_wconf 75' lang='grc' dir='ltr'>σιτεῖσθαι,</span> <span class='ocrx_word' id='word_1_482' title='bbox 1767 3393 1898 3463; x_wconf 82' lang='grc' dir='ltr'>πρὶν</span> 
     </span>
    </p>
   </div>
   <div class='ocr_carea' id='block_1_65' title="bbox 301 3486 1898 3565">
    <p class='ocr_par' dir='ltr' id='par_1_65' title="bbox 301 3486 1898 3565">
     <span class='ocr_line' id='line_1_65' title="bbox 301 3486 1898 3565; baseline -0.008 -16"><span class='ocrx_word' id='word_1_483' title='bbox 301 3494 609 3549; x_wconf 84' lang='grc' dir='ltr'>ἀπότιτθον</span> <span class='ocrx_word' id='word_1_484' title='bbox 652 3491 926 3560; x_wconf 84' lang='grc' dir='ltr'>γενέσθαι.</span> <span class='ocrx_word' id='word_1_485' title='bbox 998 3489 1160 3559; x_wconf 79' lang='grc' dir='ltr'><strong>Ἐξῆν</strong></span> <span class='ocrx_word' id='word_1_486' title='bbox 1209 3490 1319 3557; x_wconf 74' lang='grc' dir='ltr'>γὰρ</span> <span class='ocrx_word' id='word_1_487' title='bbox 1347 3486 1411 3540; x_wconf 84' lang='grc' dir='ltr'>ἄν</span> <span class='ocrx_word' id='word_1_488' title='bbox 1441 3487 1509 3565; x_wconf 84' lang='grc' dir='ltr'><strong>γέ</strong></span> <span class='ocrx_word' id='word_1_489' title='bbox 1544 3503 1647 3538; x_wconf 89' lang='grc' dir='ltr'><strong>που</strong></span> <span class='ocrx_word' id='word_1_490' title='bbox 1681 3487 1898 3548; x_wconf 77' lang='grc' dir='ltr'>πάντως</span> 
     </span>
    </p>
   </div>
   <div class='ocr_carea' id='block_1_66' title="bbox 302 3576 1900 3652">
    <p class='ocr_par' dir='ltr' id='par_1_66' title="bbox 302 3576 1900 3652">
     <span class='ocr_line' id='line_1_66' title="bbox 302 3576 1900 3652; baseline -0.006 -10"><span class='ocrx_word' id='word_1_491' title='bbox 302 3585 574 3642; x_wconf 79' lang='grc' dir='ltr'>ἀνιᾶσθαι</span> <span class='ocrx_word' id='word_1_492' title='bbox 602 3582 963 3646; x_wconf 81' lang='grc' dir='ltr'>τελεσθέντος.</span> <span class='ocrx_word' id='word_1_493' title='bbox 988 3583 1107 3652; x_wconf 77' lang='grc' dir='ltr'><strong>Χρὴ</strong></span> <span class='ocrx_word' id='word_1_494' title='bbox 1134 3581 1340 3652; x_wconf 81' lang='grc' dir='ltr'>μέντοι,</span> <span class='ocrx_word' id='word_1_495' title='bbox 1362 3576 1537 3649; x_wconf 80' lang='grc' dir='ltr'>οἶμαι,</span> <span class='ocrx_word' id='word_1_496' title='bbox 1565 3580 1639 3643; x_wconf 85' lang='grc' dir='ltr'>ὼς</span> <span class='ocrx_word' id='word_1_497' title='bbox 1666 3582 1744 3642; x_wconf 86' lang='grc' dir='ltr'><strong>εἰς</strong></span> <span class='ocrx_word' id='word_1_498' title='bbox 1771 3580 1900 3633; x_wconf 80' lang='grc' dir='ltr'>ἀνά-</span> 
     </span>
    </p>
   </div>
   <div class='ocr_carea' id='block_1_67' title="bbox 304 3675 1897 3751">
    <p class='ocr_par' dir='ltr' id='par_1_67' title="bbox 304 3675 1897 3751">
     <span class='ocr_line' id='line_1_67' title="bbox 304 3675 1897 3751; baseline -0.007 -16"><span class='ocrx_word' id='word_1_499' title='bbox 304 3697 513 3751; x_wconf 87' lang='grc' dir='ltr'>κτορον</span> <span class='ocrx_word' id='word_1_500' title='bbox 539 3679 763 3732; x_wconf 81' lang='grc' dir='ltr'>εἰσιόντι</span> <span class='ocrx_word' id='word_1_501' title='bbox 790 3676 1136 3746; x_wconf 84' lang='grc' dir='ltr'>παμπόλλοις</span> <span class='ocrx_word' id='word_1_502' title='bbox 1170 3675 1605 3746; x_wconf 80' lang='grc' dir='ltr'>φαιδρυνόμενον</span> <span class='ocrx_word' id='word_1_503' title='bbox 1658 3676 1753 3728; x_wconf 76' lang='grc' dir='ltr'>καὶ</span> <span class='ocrx_word' id='word_1_504' title='bbox 1780 3690 1897 3725; x_wconf 83' lang='grc' dir='ltr'>ποι-</span> 
     </span>
    </p>
   </div>
   <div class='ocr_carea' id='block_1_68' title="bbox 306 3756 1898 3842">
    <p class='ocr_par' dir='ltr' id='par_1_68' title="bbox 306 3756 1898 3842">
     <span class='ocr_line' id='line_1_68' title="bbox 306 3756 1898 3842; baseline -0.008 -13"><span class='ocrx_word' id='word_1_505' title='bbox 306 3775 492 3836; x_wconf 76' lang='grc' dir='ltr'>κίλοις</span> <span class='ocrx_word' id='word_1_506' title='bbox 523 3772 862 3842; x_wconf 82' lang='grc' dir='ltr'>ἀγάλμασιν,</span> <span class='ocrx_word' id='word_1_507' title='bbox 890 3770 967 3831; x_wconf 82' lang='grc' dir='ltr'>ὣς</span> <span class='ocrx_word' id='word_1_508' title='bbox 995 3770 1053 3824; x_wconf 80' lang='grc' dir='ltr'>δὲ</span> <span class='ocrx_word' id='word_1_509' title='bbox 1090 3756 1196 3822; x_wconf 80' lang='grc' dir='ltr'><strong>κάν</strong></span> <span class='ocrx_word' id='word_1_510' title='bbox 1236 3770 1350 3830; x_wconf 85' lang='grc' dir='ltr'>τοῖς</span> <span class='ocrx_word' id='word_1_511' title='bbox 1388 3766 1482 3821; x_wconf 80' lang='grc' dir='ltr'><strong>τοῦ</strong></span> <span class='ocrx_word' id='word_1_512' title='bbox 1509 3767 1774 3837; x_wconf 86' lang='grc' dir='ltr'>βασιλέως</span> <span class='ocrx_word' id='word_1_513' title='bbox 1808 3768 1898 3833; x_wconf 80' lang='grc' dir='ltr'><strong>ἐγ-</strong></span> 
     </span>
    </p>
   </div>
   <div class='ocr_carea' id='block_1_69' title="bbox 306 3854 1898 3935">
    <p class='ocr_par' dir='ltr' id='par_1_69' title="bbox 306 3854 1898 3935">
     <span class='ocr_line' id='line_1_69' title="bbox 306 3854 1898 3935; baseline -0.008 -16"><span class='ocrx_word' id='word_1_514' title='bbox 306 3864 550 3935; x_wconf 79' lang='grc' dir='ltr'>κωμίοις</span> <span class='ocrx_word' id='word_1_515' title='bbox 582 3861 863 3930; x_wconf 82' lang='grc' dir='ltr'>γενομένῳ</span> <span class='ocrx_word' id='word_1_516' title='bbox 919 3861 1031 3923; x_wconf 82' lang='grc' dir='ltr'>τοῖς</span> <span class='ocrx_word' id='word_1_517' title='bbox 1062 3857 1245 3921; x_wconf 83' lang='grc' dir='ltr'>ἄλλοις</span> <span class='ocrx_word' id='word_1_518' title='bbox 1276 3857 1387 3910; x_wconf 82' lang='grc' dir='ltr'><strong>τῶν</strong></span> <span class='ocrx_word' id='word_1_519' title='bbox 1443 3854 1620 3912; x_wconf 81' lang='grc' dir='ltr'>ἄλλων</span> <span class='ocrx_word' id='word_1_520' title='bbox 1650 3872 1898 3925; x_wconf 86' lang='grc' dir='ltr'>παρακε-</span> 
     </span>
    </p>
   </div>
   <div class='ocr_carea' id='block_1_70' title="bbox 304 3951 1898 4029">
    <p class='ocr_par' dir='ltr' id='par_1_70' title="bbox 304 3951 1898 4029">
     <span class='ocr_line' id='line_1_70' title="bbox 304 3951 1898 4029; baseline -0.008 -18"><span class='ocrx_word' id='word_1_521' title='bbox 304 3956 603 4029; x_wconf 85' lang='grc' dir='ltr'>χωρηκότι</span> <span class='ocrx_word' id='word_1_522' title='bbox 634 3954 755 4017; x_wconf 74' lang='grc' dir='ltr'>ἑνός</span> <span class='ocrx_word' id='word_1_523' title='bbox 816 3971 919 4007; x_wconf 84' lang='grc' dir='ltr'><strong>που</strong></span> <span class='ocrx_word' id='word_1_524' title='bbox 952 3953 985 4023; x_wconf 72' lang='grc' dir='ltr'>ἢ</span> <span class='ocrx_word' id='word_1_525' title='bbox 1023 3953 1119 4007; x_wconf 62' lang='grc' dir='ltr'><strong>καὶ⁸</strong></span> <span class='ocrx_word' id='word_1_526' title='bbox 1165 3951 1261 4006; x_wconf 85' lang='grc' dir='ltr'>δύο</span> <span class='ocrx_word' id='word_1_527' title='bbox 1288 3951 1349 4003; x_wconf 81' lang='grc' dir='ltr'>τὸ</span> <span class='ocrx_word' id='word_1_528' title='bbox 1377 3951 1631 4003; x_wconf 81' lang='grc' dir='ltr'>πλεῖστον</span> <span class='ocrx_word' id='word_1_529' title='bbox 1659 3951 1898 4017; x_wconf 76' lang='grc' dir='ltr'>ἐπιμνη-</span> 
     </span>
    </p>
   </div>
   <div class='ocr_carea' id='block_1_71' title="bbox 308 4042 1895 4121">
    <p class='ocr_par' dir='ltr' id='par_1_71' title="bbox 308 4042 1895 4121">
     <span class='ocr_line' id='line_1_71' title="bbox 308 4042 1895 4121; baseline -0.01 -13"><span class='ocrx_word' id='word_1_530' title='bbox 308 4050 537 4121; x_wconf 81' lang='grc' dir='ltr'>σθῆναι.</span> <span class='ocrx_word' id='word_1_531' title='bbox 569 4048 800 4104; x_wconf 84' lang='grc' dir='ltr'>Πλείονα</span> <span class='ocrx_word' id='word_1_532' title='bbox 833 4050 940 4118; x_wconf 75' lang='grc' dir='ltr'><strong>γὰρ</strong></span> <span class='ocrx_word' id='word_1_533' title='bbox 970 4047 1045 4110; x_wconf 88' lang='grc' dir='ltr'>ὼς</span> <span class='ocrx_word' id='word_1_534' title='bbox 1075 4047 1177 4099; x_wconf 86' lang='grc' dir='ltr'>οὐκ</span> <span class='ocrx_word' id='word_1_535' title='bbox 1201 4044 1444 4113; x_wconf 81' lang='grc' dir='ltr'>ἀσφαλὲς</span> <span class='ocrx_word' id='word_1_536' title='bbox 1477 4042 1543 4097; x_wconf 88' lang='grc' dir='ltr'>ἂν</span> <span class='ocrx_word' id='word_1_537' title='bbox 1565 4042 1653 4112; x_wconf 72' lang='grc' dir='ltr'>εἴη</span> <span class='ocrx_word' id='word_1_538' title='bbox 1684 4042 1895 4109; x_wconf 80' lang='grc' dir='ltr'>λέγειν,</span> 
     </span>
    </p>
   </div>
   <div class='ocr_carea' id='block_1_72' title="bbox 304 4133 1899 4216">
    <p class='ocr_par' dir='ltr' id='par_1_72' title="bbox 304 4133 1899 4216">
     <span class='ocr_line' id='line_1_72' title="bbox 304 4133 1899 4216; baseline -0.01 -15"><span class='ocrx_word' id='word_1_539' title='bbox 304 4148 427 4216; x_wconf 78' lang='grc' dir='ltr'>ὅτῳ</span> <span class='ocrx_word' id='word_1_540' title='bbox 456 4143 521 4215; x_wconf 79' lang='grc' dir='ltr'>δὴ</span> <span class='ocrx_word' id='word_1_541' title='bbox 558 4143 634 4214; x_wconf 81' lang='grc' dir='ltr'>μὴ</span> <span class='ocrx_word' id='word_1_542' title='bbox 669 4141 1001 4211; x_wconf 82' lang='grc' dir='ltr'>μεταμέλειν</span> <span class='ocrx_word' id='word_1_543' title='bbox 1051 4139 1225 4210; x_wconf 83' lang='grc' dir='ltr'>μέλοι,</span> <span class='ocrx_word' id='word_1_544' title='bbox 1285 4137 1435 4191; x_wconf 74' lang='grc' dir='ltr'>ἐστιν</span> <span class='ocrx_word' id='word_1_545' title='bbox 1488 4134 1803 4206; x_wconf 76' lang='grc' dir='ltr'>εἰρημένον.</span> <span class='ocrx_word' id='word_1_546' title='bbox 1837 4133 1899 4185; x_wconf 81' lang='lat' dir='ltr'><strong>El</strong></span> 
     </span>
    </p>
   </div>
   <div class='ocr_carea' id='block_1_73' title="bbox 306 4226 1895 4311">
    <p class='ocr_par' dir='ltr' id='par_1_73' title="bbox 306 4226 1895 4311">
     <span class='ocr_line' id='line_1_73' title="bbox 306 4226 1895 4311; baseline -0.01 -17"><span class='ocrx_word' id='word_1_547' title='bbox 306 4241 429 4311; x_wconf 80' lang='grc' dir='ltr'>γὰρ</span> <span class='ocrx_word' id='word_1_548' title='bbox 456 4239 566 4291; x_wconf 86' lang='grc' dir='ltr'><strong>τῶν</strong></span> <span class='ocrx_word' id='word_1_549' title='bbox 591 4236 685 4290; x_wconf 83' lang='grc' dir='ltr'>δύο</span> <span class='ocrx_word' id='word_1_550' title='bbox 705 4237 806 4289; x_wconf 85' lang='grc' dir='ltr'>οὐκ</span> <span class='ocrx_word' id='word_1_551' title='bbox 832 4233 1072 4304; x_wconf 77' lang='grc' dir='ltr'>εὐχερῶς</span> <span class='ocrx_word' id='word_1_552' title='bbox 1096 4233 1162 4287; x_wconf 83' lang='grc' dir='ltr'><strong>ἀν</strong></span> <span class='ocrx_word' id='word_1_553' title='bbox 1192 4249 1275 4294; x_wconf 88' lang='grc' dir='ltr'><strong>τις</strong></span> <span class='ocrx_word' id='word_1_554' title='bbox 1306 4227 1702 4293; x_wconf 77' lang='grc' dir='ltr'>ἀπαλλάξαιτο,</span> <span class='ocrx_word' id='word_1_555' title='bbox 1728 4226 1895 4297; x_wconf 80' lang='grc' dir='ltr'>σχολῇ</span> 
     </span>
    </p>
   </div>
   <div class='ocr_carea' id='block_1_74' title="bbox 304 4319 1901 4399">
    <p class='ocr_par' dir='ltr' id='par_1_74' title="bbox 304 4319 1901 4399">
     <span class='ocr_line' id='line_1_74' title="bbox 304 4319 1901 4399; baseline -0.012 -12"><span class='ocrx_word' id='word_1_556' title='bbox 304 4334 429 4387; x_wconf 84' lang='grc' dir='ltr'><strong>τῶν</strong></span> <span class='ocrx_word' id='word_1_557' title='bbox 452 4348 517 4399; x_wconf 83' lang='grc' dir='ltr'><strong>γε</strong></span> <span class='ocrx_word' id='word_1_558' title='bbox 548 4330 830 4384; x_wconf 83' lang='grc' dir='ltr'>πλειόνων.</span> <span class='ocrx_word' id='word_1_559' title='bbox 870 4328 1053 4381; x_wconf 71' lang='grc' dir='ltr'>’Ἄλλοι</span> <span class='ocrx_word' id='word_1_560' title='bbox 1102 4327 1201 4394; x_wconf 85' lang='grc' dir='ltr'>μὲν</span> <span class='ocrx_word' id='word_1_561' title='bbox 1228 4325 1413 4378; x_wconf 79' lang='grc' dir='ltr'>τοίνυν</span> <span class='ocrx_word' id='word_1_562' title='bbox 1444 4322 1684 4377; x_wconf 86' lang='grc' dir='ltr'>ἀλλάττα</span> <span class='ocrx_word' id='word_1_563' title='bbox 1713 4319 1901 4387; x_wconf 85' lang='grc' dir='ltr'>λεγόν-</span> 
     </span>
    </p>
   </div>
   <div class='ocr_carea' id='block_1_75' title="bbox 302 4413 1902 4495">
    <p class='ocr_par' dir='ltr' id='par_1_75' title="bbox 302 4413 1902 4495">
     <span class='ocr_line' id='line_1_75' title="bbox 302 4413 1902 4495; baseline -0.013 -11"><span class='ocrx_word' id='word_1_564' title='bbox 302 4446 451 4490; x_wconf 80' lang='grc' dir='ltr'>των,</span> <span class='ocrx_word' id='word_1_565' title='bbox 478 4427 553 4490; x_wconf 84' lang='grc' dir='ltr'>ὥς</span> <span class='ocrx_word' id='word_1_566' title='bbox 580 4443 645 4494; x_wconf 87' lang='grc' dir='ltr'><strong>γε</strong></span> <span class='ocrx_word' id='word_1_567' title='bbox 670 4424 909 4495; x_wconf 80' lang='grc' dir='ltr'>εἴρηται,</span> <span class='ocrx_word' id='word_1_568' title='bbox 929 4420 1040 4475; x_wconf 85' lang='grc' dir='ltr'><strong>τῶν</strong></span> <span class='ocrx_word' id='word_1_569' title='bbox 1064 4419 1158 4472; x_wconf 81' lang='grc' dir='ltr'>τοῦ</span> <span class='ocrx_word' id='word_1_570' title='bbox 1192 4415 1481 4489; x_wconf 82' lang='grc' dir='ltr'>βασιλέως,</span> <span class='ocrx_word' id='word_1_571' title='bbox 1511 4417 1635 4484; x_wconf 73' lang='grc' dir='ltr'>ἐμοὶ</span> <span class='ocrx_word' id='word_1_572' title='bbox 1657 4414 1702 4465; x_wconf 85' lang='grc' dir='ltr'>δ’</span> <span class='ocrx_word' id='word_1_573' title='bbox 1732 4413 1902 4482; x_wconf 78' lang='grc' dir='ltr'>ἐχέτω</span> 
     </span>
    </p>
   </div>
   <div class='ocr_carea' id='block_1_76' title="bbox 309 4499 1901 4588">
    <p class='ocr_par' dir='ltr' id='par_1_76' title="bbox 309 4499 1901 4588">
     <span class='ocr_line' id='line_1_76' title="bbox 309 4499 1901 4588; baseline -0.011 -18"><span class='ocrx_word' id='word_1_574' title='bbox 309 4519 550 4588; x_wconf 73' lang='grc' dir='ltr'>μνήμην</span> <span class='ocrx_word' id='word_1_575' title='bbox 576 4515 636 4567; x_wconf 88' lang='grc' dir='ltr'><strong>τό</strong></span> <span class='ocrx_word' id='word_1_576' title='bbox 689 4530 749 4566; x_wconf 82' lang='grc' dir='ltr'><strong>τε</strong></span> <span class='ocrx_word' id='word_1_577' title='bbox 782 4512 880 4581; x_wconf 83' lang='grc' dir='ltr'>τῆς</span> <span class='ocrx_word' id='word_1_578' title='bbox 929 4509 1249 4580; x_wconf 82' lang='grc' dir='ltr'>φρονήσεως</span> <span class='ocrx_word' id='word_1_579' title='bbox 1286 4502 1454 4567; x_wconf 80' lang='grc' dir='ltr'>αὐτοῦ</span> <span class='ocrx_word' id='word_1_580' title='bbox 1493 4499 1726 4573; x_wconf 83' lang='grc' dir='ltr'>μέγεθος</span> <span class='ocrx_word' id='word_1_581' title='bbox 1756 4500 1847 4553; x_wconf 76' lang='grc' dir='ltr'>καὶ</span> <span class='ocrx_word' id='word_1_582' title='bbox 1873 4500 1901 4552; x_wconf 87' lang='grc' dir='ltr'>ὁ</span> 
     </span>
    </p>
   </div>
   <div class='ocr_carea' id='block_1_77' title="bbox 305 4588 1900 4674">
    <p class='ocr_par' dir='ltr' id='par_1_77' title="bbox 305 4588 1900 4674">
     <span class='ocr_line' id='line_1_77' title="bbox 305 4588 1900 4674; baseline -0.013 -16"><span class='ocrx_word' id='word_1_583' title='bbox 305 4606 420 4674; x_wconf 74' lang='grc' dir='ltr'>τῆς</span> <span class='ocrx_word' id='word_1_584' title='bbox 450 4603 699 4672; x_wconf 82' lang='grc' dir='ltr'>γλώττης</span> <span class='ocrx_word' id='word_1_585' title='bbox 734 4597 948 4669; x_wconf 83' lang='grc' dir='ltr'>κρότος.</span> <span class='ocrx_word' id='word_1_586' title='bbox 970 4590 1074 4647; x_wconf 85' lang='grc' dir='ltr'>Ὦν</span> <span class='ocrx_word' id='word_1_587' title='bbox 1100 4593 1264 4654; x_wconf 84' lang='grc' dir='ltr'>αὑτός</span> <span class='ocrx_word' id='word_1_588' title='bbox 1293 4607 1353 4642; x_wconf 85' lang='grc' dir='ltr'><strong>τε</strong></span> <span class='ocrx_word' id='word_1_589' title='bbox 1384 4593 1578 4659; x_wconf 86' lang='grc' dir='ltr'>πεῖραν</span> <span class='ocrx_word' id='word_1_590' title='bbox 1620 4588 1766 4658; x_wconf 78' lang='grc' dir='ltr'>σχὼν</span> <span class='ocrx_word' id='word_1_591' title='bbox 1789 4588 1900 4649; x_wconf 82' lang='grc' dir='ltr'>τοῖς</span> 
     </span>
    </p>
   </div>
   <div class='ocr_carea' id='block_1_78' title="bbox 2002 3400 3580 3472">
    <p class='ocr_par' dir='ltr' id='par_1_78' title="bbox 2002 3400 3580 3472">
     <span class='ocr_line' id='line_1_78' title="bbox 2002 3400 3580 3472; baseline 0.001 -15"><span class='ocrx_word' id='word_1_592' title='bbox 2002 3418 2136 3458; x_wconf 83' lang='lat' dir='ltr'><strong>vero</strong></span> <span class='ocrx_word' id='word_1_593' title='bbox 2176 3413 2345 3472; x_wconf 87' lang='lat' dir='ltr'><strong>atque</strong></span> <span class='ocrx_word' id='word_1_594' title='bbox 2403 3403 2637 3457; x_wconf 83' lang='lat' dir='ltr'><strong>alterius</strong></span> <span class='ocrx_word' id='word_1_595' title='bbox 2702 3404 3038 3457; x_wconf 89' lang='lat' dir='ltr'><strong>mentionem</strong></span> <span class='ocrx_word' id='word_1_596' title='bbox 3095 3417 3217 3456; x_wconf 80' lang='lat' dir='ltr'><strong>esse</strong></span> <span class='ocrx_word' id='word_1_597' title='bbox 3250 3400 3580 3458; x_wconf 79' lang='lat' dir='ltr'><strong>faciendam.</strong></span> 
     </span>
    </p>
   </div>
   <div class='ocr_carea' id='block_1_79' title="bbox 1998 3492 3583 3566">
    <p class='ocr_par' dir='ltr' id='par_1_79' title="bbox 1998 3492 3583 3566">
     <span class='ocr_line' id='line_1_79' title="bbox 1998 3492 3583 3566; baseline -0.003 -14"><span class='ocrx_word' id='word_1_598' title='bbox 1998 3496 2137 3552; x_wconf 79' lang='lat' dir='ltr'><strong>Nam</strong></span> <span class='ocrx_word' id='word_1_599' title='bbox 2172 3497 2358 3566; x_wconf 87' lang='lat' dir='ltr'><strong>plures</strong></span> <span class='ocrx_word' id='word_1_600' title='bbox 2389 3497 2659 3564; x_wconf 79' lang='lat' dir='ltr'><strong>attingere</strong></span> <span class='ocrx_word' id='word_1_601' title='bbox 2689 3496 3058 3564; x_wconf 78' lang='lat' dir='ltr'><strong>periculosum</strong></span> <span class='ocrx_word' id='word_1_602' title='bbox 3093 3494 3280 3549; x_wconf 83' lang='lat' dir='ltr'><strong>fuerit.</strong></span> <span class='ocrx_word' id='word_1_603' title='bbox 3306 3492 3408 3561; x_wconf 78' lang='lat' dir='ltr'><strong>Qui</strong></span> <span class='ocrx_word' id='word_1_604' title='bbox 3434 3493 3583 3548; x_wconf 87' lang='lat' dir='ltr'><strong>enim</strong></span> 
     </span>
    </p>
   </div>
   <div class='ocr_carea' id='block_1_80' title="bbox 2005 3586 3583 3657">
    <p class='ocr_par' dir='ltr' id='par_1_80' title="bbox 2005 3586 3583 3657">
     <span class='ocr_line' id='line_1_80' title="bbox 2005 3586 3583 3657; baseline -0.003 -14"><span class='ocrx_word' id='word_1_605' title='bbox 2005 3589 2165 3643; x_wconf 89' lang='lat' dir='ltr'><strong>binas</strong></span> <span class='ocrx_word' id='word_1_606' title='bbox 2186 3589 2476 3643; x_wconf 85' lang='lat' dir='ltr'><strong>absolvere</strong></span> <span class='ocrx_word' id='word_1_607' title='bbox 2503 3588 2795 3642; x_wconf 88' lang='lat' dir='ltr'><strong>dilliculter</strong></span> <span class='ocrx_word' id='word_1_608' title='bbox 2820 3597 3011 3656; x_wconf 87' lang='lat' dir='ltr'><strong>queat,</strong></span> <span class='ocrx_word' id='word_1_609' title='bbox 3044 3586 3175 3657; x_wconf 87' lang='lat' dir='ltr'><strong>quid</strong></span> <span class='ocrx_word' id='word_1_610' title='bbox 3205 3586 3457 3657; x_wconf 89' lang='lat' dir='ltr'><strong>pluribus</strong></span> <span class='ocrx_word' id='word_1_611' title='bbox 3487 3600 3583 3639; x_wconf 89' lang='lat' dir='ltr'><strong>ac-</strong></span> 
     </span>
    </p>
   </div>
   <div class='ocr_carea' id='block_1_81' title="bbox 2002 3676 3584 3747">
    <p class='ocr_par' dir='ltr' id='par_1_81' title="bbox 2002 3676 3584 3747">
     <span class='ocr_line' id='line_1_81' title="bbox 2002 3676 3584 3747; baseline -0.003 -15"><span class='ocrx_word' id='word_1_612' title='bbox 2002 3677 2476 3747; x_wconf 88' lang='lat' dir='ltr'><strong>cidetoccupato?</strong></span> <span class='ocrx_word' id='word_1_613' title='bbox 2528 3676 2715 3746; x_wconf 74' lang='lat' dir='ltr'><strong>Itaque</strong></span> <span class='ocrx_word' id='word_1_614' title='bbox 2752 3677 2846 3730; x_wconf 86' lang='lat' dir='ltr'><strong>alii</strong></span> <span class='ocrx_word' id='word_1_615' title='bbox 2896 3677 3002 3730; x_wconf 87' lang='lat' dir='ltr'><strong>alia</strong></span> <span class='ocrx_word' id='word_1_616' title='bbox 3034 3684 3513 3747; x_wconf 87' lang='lat' dir='ltr'><strong>commemorent:</strong></span> <span class='ocrx_word' id='word_1_617' title='bbox 3553 3689 3584 3728; x_wconf 90' lang='lat' dir='ltr'><strong>a</strong></span> 
     </span>
    </p>
   </div>
   <div class='ocr_carea' id='block_1_82' title="bbox 2004 3767 3586 3841">
    <p class='ocr_par' dir='ltr' id='par_1_82' title="bbox 2004 3767 3586 3841">
     <span class='ocr_line' id='line_1_82' title="bbox 2004 3767 3586 3841; baseline -0.003 -17"><span class='ocrx_word' id='word_1_618' title='bbox 2004 3785 2092 3826; x_wconf 90' lang='lat' dir='ltr'><strong>me</strong></span> <span class='ocrx_word' id='word_1_619' title='bbox 2120 3786 2253 3824; x_wconf 84' lang='lat' dir='ltr'><strong>vero</strong></span> <span class='ocrx_word' id='word_1_620' title='bbox 2285 3782 2343 3824; x_wconf 89' lang='lat' dir='ltr'><strong>et</strong></span> <span class='ocrx_word' id='word_1_621' title='bbox 2376 3770 2584 3839; x_wconf 83' lang='lat' dir='ltr'><strong>ingenii</strong></span> <span class='ocrx_word' id='word_1_622' title='bbox 2615 3769 2936 3841; x_wconf 88' lang='lat' dir='ltr'><strong>magnitudo</strong></span> <span class='ocrx_word' id='word_1_623' title='bbox 2979 3778 3037 3824; x_wconf 91' lang='lat' dir='ltr'><strong>et</strong></span> <span class='ocrx_word' id='word_1_624' title='bbox 3081 3768 3297 3824; x_wconf 80' lang='lat' dir='ltr'><strong>dicendi</strong></span> <span class='ocrx_word' id='word_1_625' title='bbox 3339 3770 3419 3823; x_wconf 80' lang='lat' dir='ltr'><strong>vis</strong></span> <span class='ocrx_word' id='word_1_626' title='bbox 3439 3767 3586 3823; x_wconf 85' lang='lat' dir='ltr'><strong>cele-</strong></span> 
     </span>
    </p>
   </div>
   <div class='ocr_carea' id='block_1_83' title="bbox 2002 3859 3585 3932">
    <p class='ocr_par' dir='ltr' id='par_1_83' title="bbox 2002 3859 3585 3932">
     <span class='ocr_line' id='line_1_83' title="bbox 2002 3859 3585 3932; baseline -0.003 -14"><span class='ocrx_word' id='word_1_627' title='bbox 2002 3863 2216 3923; x_wconf 85' lang='lat' dir='ltr'><strong>bretur.</strong></span> <span class='ocrx_word' id='word_1_628' title='bbox 2244 3878 2382 3932; x_wconf 88' lang='lat' dir='ltr'><strong>quas</strong></span> <span class='ocrx_word' id='word_1_629' title='bbox 2407 3873 2462 3916; x_wconf 86' lang='lat' dir='ltr'><strong>et</strong></span> <span class='ocrx_word' id='word_1_630' title='bbox 2502 3862 2619 3931; x_wconf 88' lang='lat' dir='ltr'><strong>ipse</strong></span> <span class='ocrx_word' id='word_1_631' title='bbox 2663 3862 3044 3932; x_wconf 82' lang='lat' dir='ltr'><strong>experimento</strong></span> <span class='ocrx_word' id='word_1_632' title='bbox 3066 3861 3325 3931; x_wconf 79' lang='lat' dir='ltr'><strong>cognovi,</strong></span> <span class='ocrx_word' id='word_1_633' title='bbox 3385 3874 3442 3915; x_wconf 87' lang='lat' dir='ltr'><strong>et</strong></span> <span class='ocrx_word' id='word_1_634' title='bbox 3468 3859 3585 3925; x_wconf 86' lang='lat' dir='ltr'><strong>alii,</strong></span> 
     </span>
    </p>
   </div>
   <div class='ocr_carea' id='block_1_84' title="bbox 2001 3953 3582 4025">
    <p class='ocr_par' dir='ltr' id='par_1_84' title="bbox 2001 3953 3582 4025">
     <span class='ocr_line' id='line_1_84' title="bbox 2001 3953 3582 4025; baseline -0.001 -17"><span class='ocrx_word' id='word_1_635' title='bbox 2001 3969 2237 4025; x_wconf 63' lang='lat' dir='ltr'><strong>quorum</strong></span> <span class='ocrx_word' id='word_1_636' title='bbox 2291 3955 2693 4011; x_wconf 86' lang='lat' dir='ltr'><strong>consuetudine</strong></span> <span class='ocrx_word' id='word_1_637' title='bbox 2745 3966 2909 4019; x_wconf 87' lang='lat' dir='ltr'><strong>utor,</strong></span> <span class='ocrx_word' id='word_1_638' title='bbox 2967 3954 3215 4024; x_wconf 79' lang='lat' dir='ltr'><strong>quotidie</strong></span> <span class='ocrx_word' id='word_1_639' title='bbox 3263 3953 3582 4023; x_wconf 66' lang='lat' dir='ltr'><strong>praedicant,</strong></span> 
     </span>
    </p>
   </div>
   <div class='ocr_carea' id='block_1_85' title="bbox 2001 4048 3589 4117">
    <p class='ocr_par' dir='ltr' id='par_1_85' title="bbox 2001 4048 3589 4117">
     <span class='ocr_line' id='line_1_85' title="bbox 2001 4048 3589 4117; baseline -0.002 -15"><span class='ocrx_word' id='word_1_640' title='bbox 2001 4048 2225 4102; x_wconf 89' lang='lat' dir='ltr'><strong>nemine</strong></span> <span class='ocrx_word' id='word_1_641' title='bbox 2278 4064 2389 4102; x_wconf 91' lang='lat' dir='ltr'><strong>non</strong></span> <span class='ocrx_word' id='word_1_642' title='bbox 2433 4048 2781 4112; x_wconf 86' lang='lat' dir='ltr'><strong>admirante;</strong></span> <span class='ocrx_word' id='word_1_643' title='bbox 2809 4062 2986 4117; x_wconf 87' lang='lat' dir='ltr'><strong>neque</strong></span> <span class='ocrx_word' id='word_1_644' title='bbox 3026 4062 3127 4117; x_wconf 87' lang='lat' dir='ltr'><strong>ego</strong></span> <span class='ocrx_word' id='word_1_645' title='bbox 3158 4061 3398 4115; x_wconf 87' lang='lat' dir='ltr'><strong>unquam</strong></span> <span class='ocrx_word' id='word_1_646' title='bbox 3438 4061 3589 4100; x_wconf 87' lang='lat' dir='ltr'><strong>com-</strong></span> 
     </span>
    </p>
   </div>
   <div class='ocr_carea' id='block_1_86' title="bbox 2012 4128 3584 4207">
    <p class='ocr_par' dir='ltr' id='par_1_86' title="bbox 2012 4128 3584 4207">
     <span class='ocr_line' id='line_1_86' title="bbox 2012 4128 3584 4207; baseline -0.001 -18"><span class='ocrx_word' id='word_1_647' title='bbox 2012 4151 2287 4200; x_wconf 89' lang='lat' dir='ltr'><strong>memoro,</strong></span> <span class='ocrx_word' id='word_1_648' title='bbox 2313 4136 2445 4207; x_wconf 90' lang='lat' dir='ltr'><strong>quin</strong></span> <span class='ocrx_word' id='word_1_649' title='bbox 2479 4136 2722 4191; x_wconf 86' lang='lat' dir='ltr'><strong>admirer</strong></span> <span class='ocrx_word' id='word_1_650' title='bbox 2769 4146 2826 4191; x_wconf 88' lang='lat' dir='ltr'><strong>et</strong></span> <span class='ocrx_word' id='word_1_651' title='bbox 2854 4135 3149 4206; x_wconf 86' lang='lat' dir='ltr'><strong>ambigam,</strong></span> <span class='ocrx_word' id='word_1_652' title='bbox 3180 4145 3369 4189; x_wconf 88' lang='lat' dir='ltr'><strong>utrum</strong></span> <span class='ocrx_word' id='word_1_653' title='bbox 3393 4128 3584 4195; x_wconf 70' lang='lat' dir='ltr'><strong>eorum</strong></span> 
     </span>
    </p>
   </div>
   <div class='ocr_carea' id='block_1_87' title="bbox 2004 4227 3584 4299">
    <p class='ocr_par' dir='ltr' id='par_1_87' title="bbox 2004 4227 3584 4299">
     <span class='ocr_line' id='line_1_87' title="bbox 2004 4227 3584 4299; baseline -0.002 -16"><span class='ocrx_word' id='word_1_654' title='bbox 2004 4229 2180 4299; x_wconf 83' lang='lat' dir='ltr'><strong>magis</strong></span> <span class='ocrx_word' id='word_1_655' title='bbox 2235 4230 2463 4284; x_wconf 90' lang='lat' dir='ltr'><strong>laudare</strong></span> <span class='ocrx_word' id='word_1_656' title='bbox 2513 4230 2764 4291; x_wconf 78' lang='lat' dir='ltr'><strong>debeam,</strong></span> <span class='ocrx_word' id='word_1_657' title='bbox 2813 4243 2937 4283; x_wconf 87' lang='lat' dir='ltr'><strong>cum</strong></span> <span class='ocrx_word' id='word_1_658' title='bbox 2979 4227 3213 4282; x_wconf 88' lang='lat' dir='ltr'><strong>subinde</strong></span> <span class='ocrx_word' id='word_1_659' title='bbox 3240 4227 3392 4296; x_wconf 91' lang='lat' dir='ltr'><strong>plura</strong></span> <span class='ocrx_word' id='word_1_660' title='bbox 3423 4243 3584 4296; x_wconf 84' lang='lat' dir='ltr'><strong>quam</strong></span> 
     </span>
    </p>
   </div>
   <div class='ocr_carea' id='block_1_88' title="bbox 2004 4319 3585 4388">
    <p class='ocr_par' dir='ltr' id='par_1_88' title="bbox 2004 4319 3585 4388">
     <span class='ocr_line' id='line_1_88' title="bbox 2004 4319 3585 4388; baseline -0.001 -13"><span class='ocrx_word' id='word_1_661' title='bbox 2004 4322 2148 4376; x_wconf 87' lang='lat' dir='ltr'><strong>dicta</strong></span> <span class='ocrx_word' id='word_1_662' title='bbox 2193 4320 2437 4383; x_wconf 82' lang='lat' dir='ltr'><strong>fuerunt,</strong></span> <span class='ocrx_word' id='word_1_663' title='bbox 2499 4321 2730 4375; x_wconf 87' lang='lat' dir='ltr'><strong>dicenda</strong></span> <span class='ocrx_word' id='word_1_664' title='bbox 2788 4331 3106 4375; x_wconf 88' lang='lat' dir='ltr'><strong>occurrant.</strong></span> <span class='ocrx_word' id='word_1_665' title='bbox 3160 4319 3240 4374; x_wconf 85' lang='lat' dir='ltr'><strong>Ad</strong></span> <span class='ocrx_word' id='word_1_666' title='bbox 3292 4336 3379 4374; x_wconf 88' lang='lat' dir='ltr'><strong>me</strong></span> <span class='ocrx_word' id='word_1_667' title='bbox 3410 4320 3585 4388; x_wconf 91' lang='lat' dir='ltr'><strong>ipsum</strong></span> 
     </span>
    </p>
   </div>
   <div class='ocr_carea' id='block_1_89' title="bbox 2003 4399 3587 4483">
    <p class='ocr_par' dir='ltr' id='par_1_89' title="bbox 2003 4399 3587 4483">
     <span class='ocr_line' id='line_1_89' title="bbox 2003 4399 3587 4483; baseline -0.003 -16"><span class='ocrx_word' id='word_1_668' title='bbox 2003 4427 2134 4483; x_wconf 90' lang='lat' dir='ltr'><strong>ergo</strong></span> <span class='ocrx_word' id='word_1_669' title='bbox 2162 4411 2355 4473; x_wconf 86' lang='lat' dir='ltr'><strong>redeo,</strong></span> <span class='ocrx_word' id='word_1_670' title='bbox 2394 4427 2505 4465; x_wconf 91' lang='lat' dir='ltr'><strong>nou</strong></span> <span class='ocrx_word' id='word_1_671' title='bbox 2535 4399 2697 4465; x_wconf 77' lang='lat' dir='ltr'><strong>secus</strong></span> <span class='ocrx_word' id='word_1_672' title='bbox 2721 4411 2848 4465; x_wconf 80' lang='lat' dir='ltr'><strong>acii</strong></span> <span class='ocrx_word' id='word_1_673' title='bbox 2882 4412 2975 4478; x_wconf 91' lang='lat' dir='ltr'><strong>qui</strong></span> <span class='ocrx_word' id='word_1_674' title='bbox 3007 4411 3236 4467; x_wconf 82' lang='lat' dir='ltr'><strong>laevibus</strong></span> <span class='ocrx_word' id='word_1_675' title='bbox 3260 4412 3587 4480; x_wconf 75' lang='lat' dir='ltr'><strong>corporibus</strong></span> 
     </span>
    </p>
   </div>
   <div class='ocr_carea' id='block_1_90' title="bbox 2005 4502 3587 4572">
    <p class='ocr_par' dir='ltr' id='par_1_90' title="bbox 2005 4502 3587 4572">
     <span class='ocr_line' id='line_1_90' title="bbox 2005 4502 3587 4572; baseline -0.001 -16"><span class='ocrx_word' id='word_1_676' title='bbox 2005 4503 2167 4556; x_wconf 89' lang='lat' dir='ltr'><strong>inniti</strong></span> <span class='ocrx_word' id='word_1_677' title='bbox 2197 4503 2445 4564; x_wconf 76' lang='lat' dir='ltr'><strong>student,</strong></span> <span class='ocrx_word' id='word_1_678' title='bbox 2504 4503 2868 4559; x_wconf 84' lang='lat' dir='ltr'><strong>labascentcs.</strong></span> <span class='ocrx_word' id='word_1_679' title='bbox 2924 4502 3061 4557; x_wconf 85' lang='lat' dir='ltr'><strong>Nam</strong></span> <span class='ocrx_word' id='word_1_680' title='bbox 3110 4519 3257 4557; x_wconf 88' lang='lat' dir='ltr'><strong>nunc</strong></span> <span class='ocrx_word' id='word_1_681' title='bbox 3288 4504 3508 4572; x_wconf 80' lang='lat' dir='ltr'><strong>quidem</strong></span> <span class='ocrx_word' id='word_1_682' title='bbox 3541 4504 3587 4556; x_wconf 83' lang='lat' dir='ltr'><strong>si</strong></span> 
     </span>
    </p>
   </div>
   <div class='ocr_carea' id='block_1_91' title="bbox 2003 4597 3588 4668">
    <p class='ocr_par' dir='ltr' id='par_1_91' title="bbox 2003 4597 3588 4668">
     <span class='ocr_line' id='line_1_91' title="bbox 2003 4597 3588 4668; baseline 0.001 -16"><span class='ocrx_word' id='word_1_683' title='bbox 2003 4597 2219 4662; x_wconf 87' lang='lat' dir='ltr'><strong>liceret,</strong></span> <span class='ocrx_word' id='word_1_684' title='bbox 2256 4615 2364 4653; x_wconf 86' lang='lat' dir='ltr'><strong>non</strong></span> <span class='ocrx_word' id='word_1_685' title='bbox 2399 4599 2795 4653; x_wconf 86' lang='lat' dir='ltr'><strong>committerem</strong></span> <span class='ocrx_word' id='word_1_686' title='bbox 2844 4600 2977 4668; x_wconf 90' lang='lat' dir='ltr'><strong>quin</strong></span> <span class='ocrx_word' id='word_1_687' title='bbox 3016 4606 3175 4653; x_wconf 71' lang='lat' dir='ltr'><strong>terrae</strong></span> <span class='ocrx_word' id='word_1_688' title='bbox 3211 4599 3381 4653; x_wconf 87' lang='lat' dir='ltr'><strong>solem</strong></span> <span class='ocrx_word' id='word_1_689' title='bbox 3424 4609 3474 4652; x_wconf 92' lang='lat' dir='ltr'><strong>te</strong></span> <span class='ocrx_word' id='word_1_690' title='bbox 3505 4598 3588 4653; x_wconf 73' lang='lat' dir='ltr'><strong>di~</strong></span> 
     </span>
    </p>
   </div>
   <div class='ocr_carea' id='block_1_92' title="bbox 306 4683 1897 4764">
    <p class='ocr_par' dir='ltr' id='par_1_92' title="bbox 306 4683 1897 4764">
     <span class='ocr_line' id='line_1_92' title="bbox 306 4683 1897 4764; baseline -0.013 -11"><span class='ocrx_word' id='word_1_691' title='bbox 306 4716 381 4754; x_wconf 81' lang='grc' dir='ltr'><strong>τε</strong></span> <span class='ocrx_word' id='word_1_692' title='bbox 413 4695 596 4758; x_wconf 77' lang='grc' dir='ltr'>ἄλλοις</span> <span class='ocrx_word' id='word_1_693' title='bbox 626 4692 904 4764; x_wconf 84' lang='grc' dir='ltr'>χρώμενος</span> <span class='ocrx_word' id='word_1_694' title='bbox 935 4690 1022 4742; x_wconf 75' lang='grc' dir='ltr'>ἀεὶ</span> <span class='ocrx_word' id='word_1_695' title='bbox 1049 4687 1139 4741; x_wconf 81' lang='grc' dir='ltr'>διὰ</span> <span class='ocrx_word' id='word_1_696' title='bbox 1168 4684 1417 4754; x_wconf 75' lang='grc' dir='ltr'>γλώττης</span> <span class='ocrx_word' id='word_1_697' title='bbox 1465 4683 1660 4751; x_wconf 77' lang='grc' dir='ltr'>ἄγουσι</span> <span class='ocrx_word' id='word_1_698' title='bbox 1689 4684 1780 4734; x_wconf 73' lang='grc' dir='ltr'>καὶ</span> <span class='ocrx_word' id='word_1_699' title='bbox 1808 4683 1897 4734; x_wconf 72' lang='grc' dir='ltr'><strong>οὖ-</strong></span> 
     </span>
    </p>
   </div>
   <div class='ocr_carea' id='block_1_93' title="bbox 1998 4683 3587 4764">
    <p class='ocr_par' dir='ltr' id='par_1_93' title="bbox 2005 4690 3587 4764">
     <span class='ocr_line' id='line_1_93' title="bbox 2005 4690 3587 4764; baseline 0 -21"><span class='ocrx_word' id='word_1_700' title='bbox 2005 4704 2206 4754; x_wconf 89' lang='lat' dir='ltr'><strong>cerem,</strong></span> <span class='ocrx_word' id='word_1_701' title='bbox 2264 4691 2583 4764; x_wconf 83' lang='lat' dir='ltr'><strong>imperator.</strong></span> <span class='ocrx_word' id='word_1_702' title='bbox 2636 4690 2703 4745; x_wconf 89' lang='lat' dir='ltr'><strong>Ut</strong></span> <span class='ocrx_word' id='word_1_703' title='bbox 2750 4692 2897 4745; x_wconf 86' lang='lat' dir='ltr'><strong>enim</strong></span> <span class='ocrx_word' id='word_1_704' title='bbox 2944 4706 3138 4746; x_wconf 88' lang='lat' dir='ltr'><strong>omnes</strong></span> <span class='ocrx_word' id='word_1_705' title='bbox 3172 4691 3315 4745; x_wconf 87' lang='lat' dir='ltr'><strong>lucis</strong></span> <span class='ocrx_word' id='word_1_706' title='bbox 3343 4691 3587 4745; x_wconf 90' lang='lat' dir='ltr'><strong>thesauri</strong></span> 
     </span>
    </p>
   </div>
   <div class='ocr_carea' id='block_1_94' title="bbox 307 4774 1903 4858">
    <p class='ocr_par' dir='ltr' id='par_1_94' title="bbox 307 4774 1903 4858">
     <span class='ocr_line' id='line_1_94' title="bbox 307 4774 1903 4858; baseline -0.013 -12"><span class='ocrx_word' id='word_1_707' title='bbox 307 4790 436 4847; x_wconf 82' lang='grc' dir='ltr'>ὃέσι</span> <span class='ocrx_word' id='word_1_708' title='bbox 468 4788 544 4858; x_wconf 83' lang='grc' dir='ltr'>μὴ</span> <span class='ocrx_word' id='word_1_709' title='bbox 578 4784 974 4853; x_wconf 76' lang='grc' dir='ltr'>θαυμάζουσιν,</span> <span class='ocrx_word' id='word_1_710' title='bbox 1035 4782 1138 4832; x_wconf 75' lang='grc' dir='ltr'>οὐκ</span> <span class='ocrx_word' id='word_1_711' title='bbox 1198 4776 1313 4832; x_wconf 79' lang='grc' dir='ltr'>ἐσθ’</span> <span class='ocrx_word' id='word_1_712' title='bbox 1343 4779 1432 4830; x_wconf 84' lang='grc' dir='ltr'>ὅτε</span> <span class='ocrx_word' id='word_1_713' title='bbox 1484 4777 1775 4846; x_wconf 80' lang='grc' dir='ltr'>μέμνημαι</span> <span class='ocrx_word' id='word_1_714' title='bbox 1807 4774 1903 4827; x_wconf 73' lang='grc' dir='ltr'>καὶ</span> 
     </span>
    </p>
   </div>
   <div class='ocr_carea' id='block_1_95' title="bbox 311 4866 1904 4951">
    <p class='ocr_par' dir='ltr' id='par_1_95' title="bbox 311 4866 1904 4951">
     <span class='ocr_line' id='line_1_95' title="bbox 311 4866 1904 4951; baseline -0.011 -15"><span class='ocrx_word' id='word_1_715' title='bbox 311 4882 508 4947; x_wconf 76' lang='grc' dir='ltr'>αὐτὸς,</span> <span class='ocrx_word' id='word_1_716' title='bbox 543 4878 619 4951; x_wconf 82' lang='grc' dir='ltr'>μὴ</span> <span class='ocrx_word' id='word_1_717' title='bbox 642 4874 996 4947; x_wconf 81' lang='grc' dir='ltr'>ἀσχολοῦντός</span> <span class='ocrx_word' id='word_1_718' title='bbox 1020 4889 1125 4941; x_wconf 83' lang='grc' dir='ltr'><strong>μου</strong></span> <span class='ocrx_word' id='word_1_719' title='bbox 1153 4871 1244 4924; x_wconf 80' lang='grc' dir='ltr'>τὸν</span> <span class='ocrx_word' id='word_1_720' title='bbox 1276 4870 1402 4922; x_wconf 80' lang='grc' dir='ltr'>νοῦν</span> <span class='ocrx_word' id='word_1_721' title='bbox 1428 4870 1521 4921; x_wconf 78' lang='grc' dir='ltr'>τοῦ</span> <span class='ocrx_word' id='word_1_722' title='bbox 1550 4868 1730 4922; x_wconf 74' lang='grc' dir='ltr'>αὐτῶν</span> <span class='ocrx_word' id='word_1_723' title='bbox 1769 4866 1904 4919; x_wconf 73' lang='lat'><strong>016-</strong></span> 
     </span>
    </p>
   </div>
   <div class='ocr_carea' id='block_1_96' title="bbox 318 4960 1904 5046">
    <p class='ocr_par' dir='ltr' id='par_1_96' title="bbox 318 4960 1904 5046">
     <span class='ocr_line' id='line_1_96' title="bbox 318 4960 1904 5046; baseline -0.01 -19"><span class='ocrx_word' id='word_1_724' title='bbox 318 4989 496 5046; x_wconf 80' lang='grc' dir='ltr'>ματος</span> <span class='ocrx_word' id='word_1_725' title='bbox 530 4970 624 5023; x_wconf 77' lang='grc' dir='ltr'>καὶ</span> <span class='ocrx_word' id='word_1_726' title='bbox 653 4968 879 5038; x_wconf 77' lang='grc' dir='ltr'>ἀπορεῖν</span> <span class='ocrx_word' id='word_1_727' title='bbox 910 4964 1215 5025; x_wconf 75' lang='grc' dir='ltr'>ποιοῦντος,</span> <span class='ocrx_word' id='word_1_728' title='bbox 1250 4964 1476 5030; x_wconf 82' lang='grc' dir='ltr'>πότερον</span> <span class='ocrx_word' id='word_1_729' title='bbox 1508 4961 1774 5030; x_wconf 82' lang='grc' dir='ltr'>πρότερον</span> <span class='ocrx_word' id='word_1_730' title='bbox 1808 4960 1904 5011; x_wconf 79' lang='grc' dir='ltr'>καὶ</span> 
     </span>
    </p>
   </div>
   <div class='ocr_carea' id='block_1_97' title="bbox 322 5047 1903 5136">
    <p class='ocr_par' dir='ltr' id='par_1_97' title="bbox 322 5047 1903 5136">
     <span class='ocr_line' id='line_1_97' title="bbox 322 5047 1903 5136; baseline -0.011 -19"><span class='ocrx_word' id='word_1_731' title='bbox 322 5065 533 5136; x_wconf 71' lang='grc' dir='ltr'>μᾶλλον</span> <span class='ocrx_word' id='word_1_732' title='bbox 563 5059 844 5128; x_wconf 75' lang='grc' dir='ltr'>ἐπαινοίην</span> <span class='ocrx_word' id='word_1_733' title='bbox 880 5058 1163 5127; x_wconf 77' lang='grc' dir='ltr'>ἑκατέρων</span> <span class='ocrx_word' id='word_1_734' title='bbox 1186 5070 1200 5086; x_wconf 74' lang='grc' dir='ltr'><strong><em>ο</em></strong></span> <span class='ocrx_word' id='word_1_735' title='bbox 1235 5056 1328 5107; x_wconf 77' lang='grc' dir='ltr'>καὶ</span> <span class='ocrx_word' id='word_1_736' title='bbox 1355 5055 1442 5106; x_wconf 75' lang='grc' dir='ltr'>ἀεὶ</span> <span class='ocrx_word' id='word_1_737' title='bbox 1463 5051 1775 5120; x_wconf 79' lang='grc' dir='ltr'>περαιτέρω</span> <span class='ocrx_word' id='word_1_738' title='bbox 1809 5047 1903 5100; x_wconf 79' lang='grc' dir='ltr'>τοῦ</span> 
     </span>
    </p>
   </div>
   <div class='ocr_carea' id='block_1_98' title="bbox 315 5142 1905 5225">
    <p class='ocr_par' dir='ltr' id='par_1_98' title="bbox 315 5142 1905 5225">
     <span class='ocr_line' id='line_1_98' title="bbox 315 5142 1905 5225; baseline -0.013 -12"><span class='ocrx_word' id='word_1_739' title='bbox 315 5158 483 5225; x_wconf 80' lang='grc' dir='ltr'>λόγου</span> <span class='ocrx_word' id='word_1_740' title='bbox 509 5152 802 5224; x_wconf 77' lang='grc' dir='ltr'>δηλοῦσθαι</span> <span class='ocrx_word' id='word_1_741' title='bbox 828 5151 1100 5222; x_wconf 73' lang='grc' dir='ltr'>εὒρίσκων</span> <span class='ocrx_word' id='word_1_742' title='bbox 1138 5144 1444 5218; x_wconf 84' lang='grc' dir='ltr'>μεταχωρὼ</span> <span class='ocrx_word' id='word_1_743' title='bbox 1497 5143 1633 5212; x_wconf 77' lang='grc' dir='ltr'>πρὸς</span> <span class='ocrx_word' id='word_1_744' title='bbox 1664 5142 1905 5211; x_wconf 74' lang='grc' dir='ltr'>ἐμαυτὸν</span> 
     </span>
    </p>
   </div>
   <div class='ocr_carea' id='block_1_99' title="bbox 317 5235 1905 5314">
    <p class='ocr_par' dir='ltr' id='par_1_99' title="bbox 317 5235 1905 5314">
     <span class='ocr_line' id='line_1_99' title="bbox 317 5235 1905 5314; baseline -0.013 -9"><span class='ocrx_word' id='word_1_745' title='bbox 317 5248 719 5313; x_wconf 73' lang='grc' dir='ltr'>διολισθαίνων,</span> <span class='ocrx_word' id='word_1_746' title='bbox 769 5245 1023 5314; x_wconf 75' lang='grc' dir='ltr'>καθάπερ</span> <span class='ocrx_word' id='word_1_747' title='bbox 1054 5242 1103 5294; x_wconf 84' lang='lat' dir='ltr'><strong>cl</strong></span> <span class='ocrx_word' id='word_1_748' title='bbox 1128 5241 1348 5309; x_wconf 86' lang='grc' dir='ltr'>σώμασι</span> <span class='ocrx_word' id='word_1_749' title='bbox 1376 5237 1542 5300; x_wconf 89' lang='grc' dir='ltr'>λείοις</span> <span class='ocrx_word' id='word_1_750' title='bbox 1592 5235 1689 5297; x_wconf 80' lang='grc' dir='ltr'><strong>τὰς</strong></span> <span class='ocrx_word' id='word_1_751' title='bbox 1715 5237 1905 5305; x_wconf 77' lang='grc' dir='ltr'>χεῖρας</span> 
     </span>
    </p>
   </div>
   <div class='ocr_carea' id='block_1_100' title="bbox 320 5326 1903 5411">
    <p class='ocr_par' dir='ltr' id='par_1_100' title="bbox 320 5326 1903 5411">
     <span class='ocr_line' id='line_1_100' title="bbox 320 5326 1903 5411; baseline -0.012 -15"><span class='ocrx_word' id='word_1_752' title='bbox 320 5342 555 5411; x_wconf 71' lang='grc' dir='ltr'>ἐρείδειν</span> <span class='ocrx_word' id='word_1_753' title='bbox 609 5337 1039 5403; x_wconf 54' lang='grc' dir='ltr'><strong>σπουδάζοντες.¹</strong></span> <span class='ocrx_word' id='word_1_754' title='bbox 1069 5336 1158 5396; x_wconf 81' lang='grc' dir='ltr'>Ὠς</span> <span class='ocrx_word' id='word_1_755' title='bbox 1191 5332 1285 5386; x_wconf 83' lang='grc' dir='ltr'>νῦν</span> <span class='ocrx_word' id='word_1_756' title='bbox 1313 5349 1397 5400; x_wconf 82' lang='grc' dir='ltr'>γε.</span> <span class='ocrx_word' id='word_1_757' title='bbox 1436 5332 1596 5399; x_wconf 84' lang='grc' dir='ltr'>εἰπερ</span> <span class='ocrx_word' id='word_1_758' title='bbox 1630 5326 1756 5396; x_wconf 77' lang='grc' dir='ltr'><strong>ἐξῆν</strong></span> <span class='ocrx_word' id='word_1_759' title='bbox 1792 5343 1903 5393; x_wconf 85' lang='grc' dir='ltr'>μοι,</span> 
     </span>
    </p>
   </div>
   <div class='ocr_carea' id='block_1_101' title="bbox 321 5417 1905 5502">
    <p class='ocr_par' dir='ltr' id='par_1_101' title="bbox 321 5417 1905 5502">
     <span class='ocr_line' id='line_1_101' title="bbox 321 5417 1905 5502; baseline -0.009 -15"><span class='ocrx_word' id='word_1_760' title='bbox 321 5432 579 5502; x_wconf 75' lang='grc' dir='ltr'>οὐδαμῶς</span> <span class='ocrx_word' id='word_1_761' title='bbox 612 5431 679 5484; x_wconf 84' lang='grc' dir='ltr'>ἂν</span> <span class='ocrx_word' id='word_1_762' title='bbox 706 5429 945 5499; x_wconf 75' lang='grc' dir='ltr'>ὑφιέμην</span> <span class='ocrx_word' id='word_1_763' title='bbox 977 5428 1052 5499; x_wconf 80' lang='grc' dir='ltr'>μὴ</span> <span class='ocrx_word' id='word_1_764' title='bbox 1087 5427 1277 5480; x_wconf 84' lang='grc' dir='ltr'>καλεῖν</span> <span class='ocrx_word' id='word_1_765' title='bbox 1306 5442 1364 5477; x_wconf 86' lang='grc' dir='ltr'><strong>σε</strong></span> <span class='ocrx_word' id='word_1_766' title='bbox 1403 5424 1507 5494; x_wconf 77' lang='grc' dir='ltr'>γῆς</span> <span class='ocrx_word' id='word_1_767' title='bbox 1533 5425 1707 5495; x_wconf 75' lang='grc' dir='ltr'>ἥλιον,</span> <span class='ocrx_word' id='word_1_768' title='bbox 1743 5417 1786 5475; x_wconf 79' lang='grc' dir='ltr'>ὦ</span> <span class='ocrx_word' id='word_1_769' title='bbox 1812 5420 1905 5490; x_wconf 60' lang='grc' dir='ltr'>βλ-</span> 
     </span>
    </p>
   </div>
   <div class='ocr_carea' id='block_1_102' title="bbox 324 5515 1906 5591">
    <p class='ocr_par' dir='ltr' id='par_1_102' title="bbox 324 5515 1906 5591">
     <span class='ocr_line' id='line_1_102' title="bbox 324 5515 1906 5591; baseline -0.009 -12"><span class='ocrx_word' id='word_1_770' title='bbox 324 5524 501 5579; x_wconf 83' lang='grc' dir='ltr'>σιλεῦ.</span> <span class='ocrx_word' id='word_1_771' title='bbox 554 5522 641 5580; x_wconf 75' lang='grc' dir='ltr'>Ὠς</span> <span class='ocrx_word' id='word_1_772' title='bbox 664 5522 775 5591; x_wconf 87' lang='grc' dir='ltr'>γὰρ</span> <span class='ocrx_word' id='word_1_773' title='bbox 798 5521 999 5584; x_wconf 85' lang='grc' dir='ltr'>πάντες</span> <span class='ocrx_word' id='word_1_774' title='bbox 1056 5515 1233 5586; x_wconf 58' lang='grc' dir='ltr'>φωτὸς</span> <span class='ocrx_word' id='word_1_775' title='bbox 1268 5520 1537 5588; x_wconf 69' lang='grc' dir='ltr'>θησαυροὶ</span> <span class='ocrx_word' id='word_1_776' title='bbox 1586 5515 1664 5585; x_wconf 79' lang='grc' dir='ltr'><strong>τῷ</strong></span> <span class='ocrx_word' id='word_1_777' title='bbox 1697 5515 1906 5585; x_wconf 70' lang='grc' dir='ltr'>ἡλιακῷ</span> 
     </span>
    </p>
   </div>
   <div class='ocr_carea' id='block_1_103' title="bbox 323 5609 1905 5685">
    <p class='ocr_par' dir='ltr' id='par_1_103' title="bbox 323 5609 1905 5685">
     <span class='ocr_line' id='line_1_103' title="bbox 323 5609 1905 5685; baseline -0.006 -15"><span class='ocrx_word' id='word_1_778' title='bbox 323 5616 671 5685; x_wconf 70' lang='grc' dir='ltr'>ξυνελθόντες</span> <span class='ocrx_word' id='word_1_779' title='bbox 693 5615 863 5685; x_wconf 79' lang='grc' dir='ltr'>δίσκῳ</span> <span class='ocrx_word' id='word_1_780' title='bbox 896 5616 1063 5667; x_wconf 70' lang='grc' dir='ltr'>πᾶσιν</span> <span class='ocrx_word' id='word_1_781' title='bbox 1098 5612 1310 5667; x_wconf 73' lang='grc' dir='ltr'>ἐκεῖθεν</span> <span class='ocrx_word' id='word_1_782' title='bbox 1361 5612 1551 5682; x_wconf 77' lang='grc' dir='ltr'>ὥσπερ</span> <span class='ocrx_word' id='word_1_783' title='bbox 1608 5613 1671 5664; x_wconf 79' lang='grc' dir='ltr'>ὲκ</span> <span class='ocrx_word' id='word_1_784' title='bbox 1723 5609 1905 5660; x_wconf 64' lang='grc' dir='ltr'>κυινοῦ</span> 
     </span>
    </p>
   </div>
   <div class='ocr_carea' id='block_1_104' title="bbox 324 5698 1908 5776">
    <p class='ocr_par' dir='ltr' id='par_1_104' title="bbox 324 5698 1908 5776">
     <span class='ocr_line' id='line_1_104' title="bbox 324 5698 1908 5776; baseline -0.006 -16"><span class='ocrx_word' id='word_1_785' title='bbox 324 5707 656 5776; x_wconf 85' lang='grc' dir='ltr'>πρυτανείου</span> <span class='ocrx_word' id='word_1_786' title='bbox 692 5707 790 5767; x_wconf 75' lang='grc' dir='ltr'><strong>τὰς</strong></span> <span class='ocrx_word' id='word_1_787' title='bbox 821 5704 1077 5776; x_wconf 64' lang='grc' dir='ltr'>ἀφορμὰς</span> <span class='ocrx_word' id='word_1_788' title='bbox 1122 5703 1328 5756; x_wconf 81' lang='grc' dir='ltr'>διδόασι</span> <span class='ocrx_word' id='word_1_789' title='bbox 1361 5701 1455 5755; x_wconf 81' lang='grc' dir='ltr'>τοῦ</span> <span class='ocrx_word' id='word_1_790' title='bbox 1488 5702 1729 5771; x_wconf 78' lang='grc' dir='ltr'>βλέπειν,</span> <span class='ocrx_word' id='word_1_791' title='bbox 1768 5698 1908 5752; x_wconf 73' lang='grc' dir='ltr'>οὕτω</span> 
     </span>
    </p>
   </div>
   <div class='ocr_carea' id='block_1_105' title="bbox 322 5794 1906 5869">
    <p class='ocr_par' dir='ltr' id='par_1_105' title="bbox 322 5794 1906 5869">
     <span class='ocr_line' id='line_1_105' title="bbox 322 5794 1906 5869; baseline -0.006 -17"><span class='ocrx_word' id='word_1_792' title='bbox 322 5799 389 5869; x_wconf 82' lang='grc' dir='ltr'>δὴ</span> <span class='ocrx_word' id='word_1_793' title='bbox 421 5802 526 5853; x_wconf 82' lang='grc' dir='ltr'><strong>κάν</strong></span> <span class='ocrx_word' id='word_1_794' title='bbox 583 5798 666 5851; x_wconf 69' lang='grc' dir='ltr'>σοὶ</span> <span class='ocrx_word' id='word_1_795' title='bbox 717 5799 870 5851; x_wconf 80' lang='grc' dir='ltr'>πᾶσα</span> <span class='ocrx_word' id='word_1_796' title='bbox 923 5799 1189 5868; x_wconf 67' lang='grc' dir='ltr'>φρῦνησις</span> <span class='ocrx_word' id='word_1_797' title='bbox 1248 5794 1630 5867; x_wconf 67' lang='grc' dir='ltr'>συνδραμοῦνται</span> <span class='ocrx_word' id='word_1_798' title='bbox 1680 5796 1906 5862; x_wconf 81' lang='grc' dir='ltr'>φέρεται</span> 
     </span>
    </p>
   </div>
   <div class='ocr_carea' id='block_1_106' title="bbox 326 5886 1908 5961">
    <p class='ocr_par' dir='ltr' id='par_1_106' title="bbox 326 5886 1908 5961">
     <span class='ocr_line' id='line_1_106' title="bbox 326 5886 1908 5961; baseline -0.003 -20"><span class='ocrx_word' id='word_1_799' title='bbox 326 5889 515 5961; x_wconf 77' lang='grc' dir='ltr'>ὥσπερ</span> <span class='ocrx_word' id='word_1_800' title='bbox 541 5889 600 5954; x_wconf 77' lang='grc' dir='ltr'>ἐξ</span> <span class='ocrx_word' id='word_1_801' title='bbox 631 5889 862 5960; x_wconf 74' lang='grc' dir='ltr'>οὐρανοῦ</span> <span class='ocrx_word' id='word_1_802' title='bbox 920 5889 1229 5959; x_wconf 68' lang='grc' dir='ltr'>πανταχόσε</span> <span class='ocrx_word' id='word_1_803' title='bbox 1263 5889 1361 5955; x_wconf 82' lang='grc' dir='ltr'>τῆς</span> <span class='ocrx_word' id='word_1_804' title='bbox 1393 5888 1514 5954; x_wconf 73' lang='grc' dir='ltr'>γῆς,</span> <span class='ocrx_word' id='word_1_805' title='bbox 1544 5887 1798 5956; x_wconf 74' lang='grc' dir='ltr'>ἀφορμὰς</span> <span class='ocrx_word' id='word_1_806' title='bbox 1829 5886 1908 5939; x_wconf 82' lang='grc' dir='ltr'>δι-</span> 
     </span>
    </p>
   </div>
   <div class='ocr_carea' id='block_1_107' title="bbox 330 5980 1907 6052">
    <p class='ocr_par' dir='ltr' id='par_1_107' title="bbox 330 5980 1907 6052">
     <span class='ocr_line' id='line_1_107' title="bbox 330 5980 1907 6052; baseline -0.005 -13"><span class='ocrx_word' id='word_1_807' title='bbox 330 5983 498 6039; x_wconf 68' lang='grc' dir='ltr'>δοῦσα</span> <span class='ocrx_word' id='word_1_808' title='bbox 546 5986 679 6039; x_wconf 81' lang='grc' dir='ltr'>πᾶσι</span> <span class='ocrx_word' id='word_1_809' title='bbox 734 5984 824 6037; x_wconf 70' lang='grc' dir='ltr'>τοῦ</span> <span class='ocrx_word' id='word_1_810' title='bbox 854 5983 1160 6052; x_wconf 74' lang='grc' dir='ltr'>Θαυμέιζειν</span> <span class='ocrx_word' id='word_1_811' title='bbox 1188 6000 1200 6013; x_wconf 83' lang='grc'><strong>·</strong></span> <span class='ocrx_word' id='word_1_812' title='bbox 1255 5983 1346 6034; x_wconf 63' lang='grc' dir='ltr'><strong>καὶ</strong></span> <span class='ocrx_word' id='word_1_813' title='bbox 1400 5982 1587 6050; x_wconf 76' lang='grc' dir='ltr'>ὥσπερ</span> <span class='ocrx_word' id='word_1_814' title='bbox 1621 5982 1719 6032; x_wconf 69' lang='grc' dir='ltr'>οὐκ</span> <span class='ocrx_word' id='word_1_815' title='bbox 1760 5980 1907 6031; x_wconf 55' lang='grc' dir='ltr'>ἔστιν</span> 
     </span>
    </p>
   </div>
   <div class='ocr_carea' id='block_1_108' title="bbox 2009 4783 3586 4852">
    <p class='ocr_par' dir='ltr' id='par_1_108' title="bbox 2009 4783 3586 4852">
     <span class='ocr_line' id='line_1_108' title="bbox 2009 4783 3586 4852; baseline -0.001 -16"><span class='ocrx_word' id='word_1_816' title='bbox 2009 4799 2117 4837; x_wconf 89' lang='lat' dir='ltr'><strong>una</strong></span> <span class='ocrx_word' id='word_1_817' title='bbox 2155 4799 2278 4837; x_wconf 90' lang='lat' dir='ltr'><strong>cum</strong></span> <span class='ocrx_word' id='word_1_818' title='bbox 2306 4784 2470 4839; x_wconf 85' lang='lat' dir='ltr'><strong>solari</strong></span> <span class='ocrx_word' id='word_1_819' title='bbox 2501 4785 2635 4838; x_wconf 86' lang='lat' dir='ltr'><strong>urbe</strong></span> <span class='ocrx_word' id='word_1_820' title='bbox 2682 4783 3021 4852; x_wconf 88' lang='lat' dir='ltr'><strong>prodeuntes</strong></span> <span class='ocrx_word' id='word_1_821' title='bbox 3072 4783 3330 4838; x_wconf 88' lang='lat' dir='ltr'><strong>omnibus</strong></span> <span class='ocrx_word' id='word_1_822' title='bbox 3363 4797 3586 4837; x_wconf 86' lang='lat' dir='ltr'><strong>usuram</strong></span> 
     </span>
    </p>
   </div>
   <div class='ocr_carea' id='block_1_109' title="bbox 2006 4869 3591 4945">
    <p class='ocr_par' dir='ltr' id='par_1_109' title="bbox 2006 4869 3591 4945">
     <span class='ocr_line' id='line_1_109' title="bbox 2006 4869 3591 4945; baseline 0 -16"><span class='ocrx_word' id='word_1_823' title='bbox 2006 4876 2147 4931; x_wconf 88' lang='lat' dir='ltr'><strong>lucis</strong></span> <span class='ocrx_word' id='word_1_824' title='bbox 2177 4876 2504 4945; x_wconf 89' lang='lat' dir='ltr'><strong>impertiunt</strong></span> <span class='ocrx_word' id='word_1_825' title='bbox 2533 4869 2548 4927; x_wconf 71' lang='grc' dir='ltr'>Ξ</span> <span class='ocrx_word' id='word_1_826' title='bbox 2586 4877 2660 4931; x_wconf 83' lang='lat' dir='ltr'><strong>ita</strong></span> <span class='ocrx_word' id='word_1_827' title='bbox 2709 4877 2874 4930; x_wconf 84' lang='lat' dir='ltr'><strong>etiam</strong></span> <span class='ocrx_word' id='word_1_828' title='bbox 2909 4877 2962 4929; x_wconf 91' lang='lat' dir='ltr'><strong>in</strong></span> <span class='ocrx_word' id='word_1_829' title='bbox 3011 4884 3062 4930; x_wconf 88' lang='lat' dir='ltr'><strong>te</strong></span> <span class='ocrx_word' id='word_1_830' title='bbox 3097 4875 3277 4929; x_wconf 89' lang='lat' dir='ltr'><strong>onmis</strong></span> <span class='ocrx_word' id='word_1_831' title='bbox 3310 4876 3591 4945; x_wconf 71' lang='lat' dir='ltr'><strong>sapientiae</strong></span> 
     </span>
    </p>
   </div>
   <div class='ocr_carea' id='block_1_110' title="bbox 1970 4959 3593 5032">
    <p class='ocr_par' dir='ltr' id='par_1_110' title="bbox 1970 4959 3593 5032">
     <span class='ocr_line' id='line_1_110' title="bbox 1970 4959 3593 5032; baseline -0.002 -8"><span class='ocrx_word' id='word_1_832' title='bbox 1970 4959 2310 5024; x_wconf 71' lang='lat' dir='ltr'><strong>&#39;concursus</strong></span> <span class='ocrx_word' id='word_1_833' title='bbox 2342 4971 2493 5023; x_wconf 88' lang='lat' dir='ltr'><strong>velut</strong></span> <span class='ocrx_word' id='word_1_834' title='bbox 2526 4984 2556 5023; x_wconf 91' lang='lat' dir='ltr'><strong>e</strong></span> <span class='ocrx_word' id='word_1_835' title='bbox 2583 4969 2727 5023; x_wconf 86' lang='lat' dir='ltr'><strong>coelo</strong></span> <span class='ocrx_word' id='word_1_836' title='bbox 2765 4969 2815 5020; x_wconf 86' lang='lat' dir='ltr'><strong>in</strong></span> <span class='ocrx_word' id='word_1_837' title='bbox 2843 4984 3037 5023; x_wconf 83' lang='lat' dir='ltr'><strong>omnes</strong></span> <span class='ocrx_word' id='word_1_838' title='bbox 3065 4979 3239 5023; x_wconf 88' lang='lat' dir='ltr'><strong>terras</strong></span> <span class='ocrx_word' id='word_1_839' title='bbox 3263 4969 3460 5032; x_wconf 84' lang='lat' dir='ltr'><strong>fertur,</strong></span> <span class='ocrx_word' id='word_1_840' title='bbox 3491 4968 3556 5020; x_wconf 89' lang='lat' dir='ltr'><strong>ad</strong></span> <span class='ocrx_word' id='word_1_841' title='bbox 3581 4995 3593 5008; x_wconf 71' lang='grc' dir='ltr'><strong>ι</strong></span> 
     </span>
    </p>
   </div>
   <div class='ocr_carea' id='block_1_111' title="bbox 2008 5062 3592 5131">
    <p class='ocr_par' dir='ltr' id='par_1_111' title="bbox 2008 5062 3592 5131">
     <span class='ocr_line' id='line_1_111' title="bbox 2008 5062 3592 5131; baseline 0 -15"><span class='ocrx_word' id='word_1_842' title='bbox 2008 5062 2244 5116; x_wconf 79' lang='lat' dir='ltr'><strong>mirandi</strong></span> <span class='ocrx_word' id='word_1_843' title='bbox 2295 5063 2372 5115; x_wconf 90' lang='lat' dir='ltr'><strong>tui</strong></span> <span class='ocrx_word' id='word_1_844' title='bbox 2414 5077 2609 5116; x_wconf 73' lang='lat' dir='ltr'><strong>causas</strong></span> <span class='ocrx_word' id='word_1_845' title='bbox 2659 5062 3018 5131; x_wconf 82' lang='lat' dir='ltr'><strong>suppeditans</strong></span> <span class='ocrx_word' id='word_1_846' title='bbox 3056 5079 3071 5115; x_wconf 91' lang='lat'><strong>:</strong></span> <span class='ocrx_word' id='word_1_847' title='bbox 3119 5072 3175 5117; x_wconf 90' lang='lat' dir='ltr'><strong>et</strong></span> <span class='ocrx_word' id='word_1_848' title='bbox 3210 5072 3270 5117; x_wconf 88' lang='lat' dir='ltr'><strong>ut</strong></span> <span class='ocrx_word' id='word_1_849' title='bbox 3325 5077 3483 5116; x_wconf 90' lang='lat' dir='ltr'><strong>nemo</strong></span> <span class='ocrx_word' id='word_1_850' title='bbox 3509 5072 3592 5116; x_wconf 86' lang='lat' dir='ltr'><strong>est</strong></span> 
     </span>
    </p>
   </div>
   <div class='ocr_carea' id='block_1_112' title="bbox 2007 5153 3589 5224">
    <p class='ocr_par' dir='ltr' id='par_1_112' title="bbox 2007 5153 3589 5224">
     <span class='ocr_line' id='line_1_112' title="bbox 2007 5153 3589 5224; baseline -0.002 -15"><span class='ocrx_word' id='word_1_851' title='bbox 2007 5154 2277 5218; x_wconf 89' lang='lat' dir='ltr'><strong>omnium,</strong></span> <span class='ocrx_word' id='word_1_852' title='bbox 2312 5155 2402 5224; x_wconf 90' lang='lat' dir='ltr'><strong>qui</strong></span> <span class='ocrx_word' id='word_1_853' title='bbox 2445 5155 2574 5208; x_wconf 81' lang='lat' dir='ltr'><strong>solis</strong></span> <span class='ocrx_word' id='word_1_854' title='bbox 2609 5154 2791 5207; x_wconf 88' lang='lat' dir='ltr'><strong>radios</strong></span> <span class='ocrx_word' id='word_1_855' title='bbox 2819 5170 2926 5206; x_wconf 90' lang='lat' dir='ltr'><strong>non</strong></span> <span class='ocrx_word' id='word_1_856' title='bbox 2958 5155 3253 5223; x_wconf 77' lang='lat' dir='ltr'><strong>aspexerit,</strong></span> <span class='ocrx_word' id='word_1_857' title='bbox 3296 5153 3396 5208; x_wconf 89' lang='lat' dir='ltr'><strong>nisi</strong></span> <span class='ocrx_word' id='word_1_858' title='bbox 3428 5170 3589 5222; x_wconf 67' lang='lat' dir='ltr'><strong>quiem</strong></span> 
     </span>
    </p>
   </div>
   <div class='ocr_carea' id='block_1_113' title="bbox 2008 5234 3594 5314">
    <p class='ocr_par' dir='ltr' id='par_1_113' title="bbox 2008 5234 3594 5314">
     <span class='ocr_line' id='line_1_113' title="bbox 2008 5234 3594 5314; baseline 0.002 -16"><span class='ocrx_word' id='word_1_859' title='bbox 2008 5234 2411 5299; x_wconf 70' lang='lat' dir='ltr'><strong>sollnminibus</strong></span> <span class='ocrx_word' id='word_1_860' title='bbox 2438 5246 2689 5298; x_wconf 86' lang='lat' dir='ltr'><strong>orbatum</strong></span> <span class='ocrx_word' id='word_1_861' title='bbox 2720 5247 2996 5314; x_wconf 73' lang='lat' dir='ltr'><strong>aspexerit</strong></span> <span class='ocrx_word' id='word_1_862' title='bbox 3024 5263 3035 5298; x_wconf 92' lang='lat'>:</span> <span class='ocrx_word' id='word_1_863' title='bbox 3074 5245 3145 5298; x_wconf 81' lang='lat' dir='ltr'><strong>ita</strong></span> <span class='ocrx_word' id='word_1_864' title='bbox 3186 5261 3347 5300; x_wconf 90' lang='lat' dir='ltr'><strong>nemo</strong></span> <span class='ocrx_word' id='word_1_865' title='bbox 3375 5254 3459 5300; x_wconf 85' lang='lat' dir='ltr'><strong>est</strong></span> <span class='ocrx_word' id='word_1_866' title='bbox 3499 5262 3594 5301; x_wconf 86' lang='lat' dir='ltr'><strong>ne-</strong></span> 
     </span>
    </p>
   </div>
   <div class='ocr_carea' id='block_1_114' title="bbox 2008 5337 3589 5406">
    <p class='ocr_par' dir='ltr' id='par_1_114' title="bbox 2008 5337 3589 5406">
     <span class='ocr_line' id='line_1_114' title="bbox 2008 5337 3589 5406; baseline 0.001 -18"><span class='ocrx_word' id='word_1_867' title='bbox 2008 5352 2114 5405; x_wconf 88' lang='lat' dir='ltr'><strong>que</strong></span> <span class='ocrx_word' id='word_1_868' title='bbox 2154 5337 2280 5401; x_wconf 87' lang='lat' dir='ltr'><strong>erit,</strong></span> <span class='ocrx_word' id='word_1_869' title='bbox 2312 5337 2495 5406; x_wconf 87' lang='lat' dir='ltr'><strong>quide</strong></span> <span class='ocrx_word' id='word_1_870' title='bbox 2533 5346 2622 5390; x_wconf 89' lang='lat' dir='ltr'><strong>tua</strong></span> <span class='ocrx_word' id='word_1_871' title='bbox 2672 5338 2937 5405; x_wconf 83' lang='lat' dir='ltr'><strong>sapientia</strong></span> <span class='ocrx_word' id='word_1_872' title='bbox 2998 5338 3133 5391; x_wconf 84' lang='lat' dir='ltr'><strong>nihil</strong></span> <span class='ocrx_word' id='word_1_873' title='bbox 3179 5338 3437 5395; x_wconf 85' lang='lat' dir='ltr'><strong>audierit.</strong></span> <span class='ocrx_word' id='word_1_874' title='bbox 3486 5339 3589 5392; x_wconf 85' lang='lat' dir='ltr'><strong>nisi</strong></span> 
     </span>
    </p>
   </div>
   <div class='ocr_carea' id='block_1_115' title="bbox 2009 5428 3591 5496">
    <p class='ocr_par' dir='ltr' id='par_1_115' title="bbox 2009 5428 3591 5496">
     <span class='ocr_line' id='line_1_115' title="bbox 2009 5428 3591 5496; baseline 0.001 -14"><span class='ocrx_word' id='word_1_875' title='bbox 2009 5429 2264 5483; x_wconf 78' lang='lat' dir='ltr'><strong>audiendi</strong></span> <span class='ocrx_word' id='word_1_876' title='bbox 2315 5445 2475 5495; x_wconf 82' lang='lat' dir='ltr'><strong>sensu</strong></span> <span class='ocrx_word' id='word_1_877' title='bbox 2527 5429 2841 5482; x_wconf 83' lang='lat' dir='ltr'><strong>destitutus.</strong></span> <span class='ocrx_word' id='word_1_878' title='bbox 2877 5428 2988 5485; x_wconf 84' lang='lat' dir='ltr'><strong>llac</strong></span> <span class='ocrx_word' id='word_1_879' title='bbox 3031 5444 3161 5496; x_wconf 65' lang='lat' dir='ltr'><strong>ergo</strong></span> <span class='ocrx_word' id='word_1_880' title='bbox 3216 5431 3426 5483; x_wconf 80' lang='lat' dir='ltr'><strong>ratione</strong></span> <span class='ocrx_word' id='word_1_881' title='bbox 3463 5428 3507 5484; x_wconf 89' lang='lat' dir='ltr'><strong>si</strong></span> <span class='ocrx_word' id='word_1_882' title='bbox 3541 5440 3591 5484; x_wconf 86' lang='lat' dir='ltr'><strong>te</strong></span> 
     </span>
    </p>
   </div>
   <div class='ocr_carea' id='block_1_116' title="bbox 2009 5522 3590 5591">
    <p class='ocr_par' dir='ltr' id='par_1_116' title="bbox 2009 5522 3590 5591">
     <span class='ocr_line' id='line_1_116' title="bbox 2009 5522 3590 5591; baseline 0.001 -17"><span class='ocrx_word' id='word_1_883' title='bbox 2009 5522 2177 5574; x_wconf 80' lang='lat' dir='ltr'><strong>Solem</strong></span> <span class='ocrx_word' id='word_1_884' title='bbox 2211 5529 2370 5575; x_wconf 64' lang='lat' dir='ltr'><strong>terrae</strong></span> <span class='ocrx_word' id='word_1_885' title='bbox 2409 5522 2708 5591; x_wconf 79' lang='lat' dir='ltr'><strong>appelluro,</strong></span> <span class='ocrx_word' id='word_1_886' title='bbox 2752 5537 2860 5576; x_wconf 73' lang='lat' dir='ltr'><strong>non</strong></span> <span class='ocrx_word' id='word_1_887' title='bbox 2893 5523 3077 5591; x_wconf 85' lang='lat' dir='ltr'><strong>inepte</strong></span> <span class='ocrx_word' id='word_1_888' title='bbox 3103 5522 3153 5575; x_wconf 88' lang='lat' dir='ltr'><strong>id</strong></span> <span class='ocrx_word' id='word_1_889' title='bbox 3185 5522 3426 5577; x_wconf 80' lang='lat' dir='ltr'><strong>facturus</strong></span> <span class='ocrx_word' id='word_1_890' title='bbox 3457 5523 3590 5577; x_wconf 80' lang='lat' dir='ltr'><strong>milii</strong></span> 
     </span>
    </p>
   </div>
   <div class='ocr_carea' id='block_1_117' title="bbox 2012 5613 3593 5683">
    <p class='ocr_par' dir='ltr' id='par_1_117' title="bbox 2012 5613 3593 5683">
     <span class='ocr_line' id='line_1_117' title="bbox 2012 5613 3593 5683; baseline 0.001 -19"><span class='ocrx_word' id='word_1_891' title='bbox 2012 5613 2201 5666; x_wconf 59' lang='lat' dir='ltr'><strong>Videor</strong></span> <span class='ocrx_word' id='word_1_892' title='bbox 2233 5631 2246 5666; x_wconf 91' lang='lat'><strong>:</strong></span> <span class='ocrx_word' id='word_1_893' title='bbox 2283 5624 2335 5667; x_wconf 87' lang='lat' dir='ltr'><strong>et</strong></span> <span class='ocrx_word' id='word_1_894' title='bbox 2383 5614 2425 5668; x_wconf 88' lang='lat' dir='ltr'><strong>si</strong></span> <span class='ocrx_word' id='word_1_895' title='bbox 2478 5615 2603 5683; x_wconf 86' lang='lat' dir='ltr'><strong>quis</strong></span> <span class='ocrx_word' id='word_1_896' title='bbox 2650 5614 2855 5683; x_wconf 87' lang='lat' dir='ltr'><strong>aliquid</strong></span> <span class='ocrx_word' id='word_1_897' title='bbox 2910 5616 3084 5683; x_wconf 79' lang='lat' dir='ltr'><strong>majus</strong></span> <span class='ocrx_word' id='word_1_898' title='bbox 3115 5614 3336 5677; x_wconf 82' lang='lat' dir='ltr'><strong>dixerit,</strong></span> <span class='ocrx_word' id='word_1_899' title='bbox 3373 5631 3457 5669; x_wconf 89' lang='lat' dir='ltr'><strong>me</strong></span> <span class='ocrx_word' id='word_1_900' title='bbox 3492 5616 3593 5667; x_wconf 92' lang='lat' dir='ltr'><strong>mi-</strong></span> 
     </span>
    </p>
   </div>
   <div class='ocr_carea' id='block_1_118' title="bbox 2009 5705 3589 5776">
    <p class='ocr_par' dir='ltr' id='par_1_118' title="bbox 2009 5705 3589 5776">
     <span class='ocr_line' id='line_1_118' title="bbox 2009 5705 3589 5776; baseline -0.001 -18"><span class='ocrx_word' id='word_1_901' title='bbox 2009 5705 2156 5759; x_wconf 89' lang='lat' dir='ltr'><strong>nime</strong></span> <span class='ocrx_word' id='word_1_902' title='bbox 2192 5705 2497 5774; x_wconf 82' lang='lat' dir='ltr'><strong>refragante</strong></span> <span class='ocrx_word' id='word_1_903' title='bbox 2541 5706 2708 5761; x_wconf 87' lang='lat' dir='ltr'><strong>dicet.</strong></span> <span class='ocrx_word' id='word_1_904' title='bbox 2744 5706 3063 5760; x_wconf 74' lang='lat' dir='ltr'><strong>leestium</strong></span> <span class='ocrx_word' id='word_1_905' title='bbox 3105 5706 3251 5758; x_wconf 83' lang='lat' dir='ltr'><strong>enim</strong></span> <span class='ocrx_word' id='word_1_906' title='bbox 3282 5705 3440 5776; x_wconf 82' lang='lat'><strong>331</strong></span> <span class='ocrx_word' id='word_1_907' title='bbox 3469 5721 3589 5759; x_wconf 84' lang='lat' dir='ltr'><strong>cor-</strong></span> 
     </span>
    </p>
   </div>
   <div class='ocr_carea' id='block_1_119' title="bbox 2014 5792 3593 5864">
    <p class='ocr_par' dir='ltr' id='par_1_119' title="bbox 2014 5792 3593 5864">
     <span class='ocr_line' id='line_1_119' title="bbox 2014 5792 3593 5864; baseline 0.001 -19"><span class='ocrx_word' id='word_1_908' title='bbox 2014 5809 2208 5863; x_wconf 85' lang='lat' dir='ltr'><strong>porum</strong></span> <span class='ocrx_word' id='word_1_909' title='bbox 2261 5794 2404 5847; x_wconf 87' lang='lat' dir='ltr'><strong>idem</strong></span> <span class='ocrx_word' id='word_1_910' title='bbox 2450 5805 2713 5864; x_wconf 80' lang='lat' dir='ltr'><strong>perpetuo</strong></span> <span class='ocrx_word' id='word_1_911' title='bbox 2772 5803 2949 5848; x_wconf 85' lang='lat' dir='ltr'><strong>status</strong></span> <span class='ocrx_word' id='word_1_912' title='bbox 3002 5792 3423 5848; x_wconf 68' lang='lat' dir='ltr'><strong>admirationem</strong></span> <span class='ocrx_word' id='word_1_913' title='bbox 3458 5810 3593 5848; x_wconf 86' lang='lat' dir='ltr'><strong>non-</strong></span> 
     </span>
    </p>
   </div>
   <div class='ocr_carea' id='block_1_120' title="bbox 2014 5868 3587 5948">
    <p class='ocr_par' dir='ltr' id='par_1_120' title="bbox 2014 5886 3587 5948">
     <span class='ocr_line' id='line_1_120' title="bbox 2014 5886 3587 5948; baseline -0.002 -7"><span class='ocrx_word' id='word_1_914' title='bbox 2014 5888 2149 5941; x_wconf 76' lang='lat' dir='ltr'><strong>nihil</strong></span> <span class='ocrx_word' id='word_1_915' title='bbox 2176 5886 2454 5941; x_wconf 85' lang='lat' dir='ltr'><strong>imminuit</strong></span> <span class='ocrx_word' id='word_1_916' title='bbox 2484 5906 2495 5940; x_wconf 88' lang='lat'>:</span> <span class='ocrx_word' id='word_1_917' title='bbox 2530 5888 2777 5941; x_wconf 82' lang='lat' dir='ltr'><strong>oumium</strong></span> <span class='ocrx_word' id='word_1_918' title='bbox 2813 5903 2942 5941; x_wconf 74' lang='lat' dir='ltr'><strong>vero</strong></span> <span class='ocrx_word' id='word_1_919' title='bbox 2983 5901 3163 5938; x_wconf 84' lang='lat' dir='ltr'><strong>rerum</strong></span> <span class='ocrx_word' id='word_1_920' title='bbox 3204 5891 3587 5948; x_wconf 72' lang='lat' dir='ltr'><strong>liunianarum,</strong></span> 
     </span>
    </p>
   </div>
   <div class='ocr_carea' id='block_1_121' title="bbox 2014 5979 3590 6047">
    <p class='ocr_par' dir='ltr' id='par_1_121' title="bbox 2014 5979 3590 6047">
     <span class='ocr_line' id='line_1_121' title="bbox 2014 5979 3590 6047; baseline -0.002 -15"><span class='ocrx_word' id='word_1_921' title='bbox 2014 5995 2243 6047; x_wconf 65' lang='lat' dir='ltr'><strong>(piarum</strong></span> <span class='ocrx_word' id='word_1_922' title='bbox 2301 5980 2578 6034; x_wconf 72' lang='lat' dir='ltr'><strong>nuntiullis</strong></span> <span class='ocrx_word' id='word_1_923' title='bbox 2632 5980 2721 6031; x_wconf 75' lang='lat' dir='ltr'><strong>alii</strong></span> <span class='ocrx_word' id='word_1_924' title='bbox 2775 5979 2895 6029; x_wconf 75' lang='lat' dir='ltr'><strong>aliis</strong></span> <span class='ocrx_word' id='word_1_925' title='bbox 2931 5979 3434 6043; x_wconf 70' lang='lat' dir='ltr'><strong>aiitcccliiiill,CtiIit</strong></span> <span class='ocrx_word' id='word_1_926' title='bbox 3467 5993 3590 6047; x_wconf 77' lang='lat' dir='ltr'><strong>pcr-</strong></span> 
     </span>
    </p>
   </div>
  </div>
