4016 6626
534 323 639 387 515
781 305 858 391 [λ.
902 336 959 375 ιι.
1002 318 1133 375 679i
1179 334 1245 375 AD
1289 320 1450 392 6856]

1733 325 2149 387 NlCEPllOltl
2192 311 2580 386 enectine

2883 318 3017 389 [ιιιιι.
3062 328 3345 371 Αιιυιιοη.
3382 313 3518 385 ses]
3653 321 3741 383 56

523 441 686 512 335
748 439 1067 510 eloquentia
1125 447 1217 494 tua
1268 438 1341 494 ita
1394 440 1727 501 instruxisti,
1763 451 1823 495 ut
1855 444 2105 511 quamvis

2214 444 2315 496 τῶν
2359 441 2700 510 πραγμάτων
2728 439 3043 506 ἀπάγοντας
3063 452 3076 466 ο
3109 435 3219 487 εἴτε
3244 434 3317 504 μὴ
3346 435 3442 503 οὑχ
3473 435 3743 507 ίκανούσης

525 534 914 596 Academiam,
970 532 1203 601 quodvis
1264 532 1524 603 Lyceum,
1587 534 1838 603 quamvis
1908 532 2094 588 Stoam

524 626 732 688 vincat,
765 623 911 691 quod
960 624 1134 678 multo
1165 623 1380 691 aequius
1424 624 1606 678 onmis
1642 624 1974 679 eruditionis
2002 624 2102 679 do-

527 715 790 771 micilium
821 714 1207 784 appellaretur.
1229 714 1399 768 Nemo
1423 715 1571 770 enim
1609 725 1714 781 est,
1739 716 1832 785 qui
1861 724 1952 770 tua
1975 731 2101 771 sua-

528 807 752 863 vissima
781 822 915 861 voce
948 806 1157 867 audita.
1195 816 1291 861 aut
1337 807 1490 862 vultu
1527 807 1740 863 tantum
1769 819 2097 874 conspecto,

524 916 632 956 non
662 899 959 955 maximum
987 898 1112 953 inde
1131 899 1368 953 fructum
1395 899 1457 952 ad
1481 898 1795 953 formandos
1814 914 2014 960 mores,
2036 899 2103 953 ad

533 995 932 1047 incrementum
973 991 1257 1055 doctrinae,
1298 990 1364 1045 ad
1422 991 1746 1060 eloquentia:
1778 991 1991 1060 copiam
2049 992 2106 1046 et

527 1083 834 1137 disserendi
855 1098 1082 1137 acumen
1097 1085 1319 1149 ceperit.
1342 1081 1462 1137 Hzec
1486 1081 1653 1151 igitur
1670 1090 1727 1135 et
1742 1082 1793 1137 id
1811 1097 1982 1151 genus
2003 1081 2107 1135 alia

526 1189 558 1229 e
583 1173 698 1228 solo
716 1189 1010 1243 congressu
1039 1185 1132 1228 tuo
1170 1175 1535 1228 emolumenta
1555 1173 1687 1228 nulli
1707 1183 1858 1236 sunt,
1876 1174 1972 1242 qui
1997 1188 2107 1228 non

528 1265 907 1333 perceperint:
954 1265 1048 1334 qui
1090 1280 1218 1319 vero
1239 1273 1623 1333 perceperunt,
1676 1279 1867 1318 omnes
1916 1264 2108 1333 optimi

530 1363 848 1410 evaserunt.
876 1354 1149 1409 Fortassis
1184 1356 1349 1409 etiam
1400 1363 1530 1409 sunt
1564 1354 1723 1409 bonis
1771 1355 1991 1425 quidam
2023 1356 2112 1409 iu-

533 1449 716 1519 geniis
766 1447 1005 1517 praediti,
1057 1446 1201 1516 apud
1249 1462 1412 1517 quos,
1464 1456 1515 1501 te
1566 1445 1865 1516 aspirantc,
1891 1446 2112 1516 elegans

533 1538 898 1594 institutionis
945 1538 1177 1609 egregiee
1218 1538 1360 1593 fetus
1394 1548 1680 1608 appareat;
1718 1547 1778 1592 ut
1801 1539 1990 1610 cycnis
2018 1553 2111 1592 ac-

531 1630 690 1694 cidit,
744 1630 836 1698 Qni
896 1630 1465 1701 matutinozephyro
1519 1630 1796 1700 aspirante
1856 1631 2112 1699 praeclare

534 1730 762 1777 canunt.
793 1721 896 1789 Qui
938 1738 1130 1777 omnes
1184 1723 1345 1793 longe
1396 1722 1567 1793 magis
1601 1737 1668 1776 eo
1701 1722 2029 1792 gloriantur,
2064 1722 2109 1776 si

2199 533 2309 586 τῶν
2340 533 2458 586 τότε
2488 531 2795 601 ἀνθρώπων
2827 531 2922 595 τῆς
2954 527 3166 597 φύσεω,
3192 546 3206 560 ·

2200 628 2309 684 rei;
2357 624 2608 692 ποιηταῖς
2652 622 2809 685 δόξαν
2862 619 3117 688 ἐπίτηδες
3175 620 3349 670 ποιεῖν
3408 621 3746 685 περιφανείας

3246 528 3355 579 εἴτε
3380 526 3473 579 καὶ
3494 528 3663 587 αὑτοῖς
3687 530 3744 601 δὴ

2203 716 2386 766 εἵνεκα
2427 711 2694 774 πλ.ίονος.
2757 711 2845 772 Ὠς
2868 712 2979 779 γὰρ
3025 710 3225 779 ἥκιστα
3257 706 3426 776 μείζω
3456 707 3490 777 ἢ
3521 706 3641 761 ὥστ’
3667 710 3749 763 ἀν·

2203 804 2422 875 θρώπου
2454 798 2614 872 φύσει
2640 803 2862 871 χωρητὰ
2892 798 3052 865 εἶναι,
3086 801 3261 857 ὁπόσα
3289 800 3424 867 πρδς
3459 798 3632 866 θαῦμα
3655 802 3738 852 καὶ

2208 897 2409 966 μύθους
2467 896 2665 947 ἐκεῖνοι
2722 893 3064 962 ἀπήνεγκαν,
3096 887 3306 952 ἔδειξας
3338 890 3403 939 σὺ
3441 888 3526 940 διὰ
3556 888 3749 940 πάντων

2206 990 2425 1052 ἐλάσας.
2456 990 2728 1059 Πρότερον
2757 988 2803 1041 δ’
2850 985 3015 1053 ἔγωγ’
3049 983 3269 1038 ἁκούων
3305 981 3635 1051 Ἀκαδημίαν
3663 981 3750 1034 καὶ

2205 1083 2435 1135 Λύκειον
2462 1082 2557 1135 καὶ
2605 1081 2773 1134 Στοὰν
2809 1079 2952 1148 μέγα
2980 1093 3031 1129 τι
3064 1075 3216 1128 ταῦτ’
3256 1073 3445 1145 ᾠόμην
3487 1070 3620 1125 εἶναι
3666 1075 3750 1124 καὶ

2207 1176 2316 1227 πᾶν
2342 1173 2372 1227 ὅ
2406 1190 2460 1226 τι
2518 1173 2808 1227 κάλλιστον
2836 1172 2933 1224 καὶ
2987 1168 3360 1237 ὑπερήφανον,
3385 1165 3471 1217 διὰ
3518 1165 3752 1218 Πλάτωνα

2206 1265 2337 1334 γοῦν
2364 1266 2459 1316 καὶ
2489 1261 2783 1330 Σωκράτην
2811 1258 2908 1313 καὶ
2939 1258 3191 1328 Ζήνωνα,
3228 1260 3323 1307 καὶ
3357 1256 3473 1306 ὅσοι
3526 1253 3752 1319 διάτορον

2208 1362 2265 1410 ὲν
2298 1354 2593 1418 διαλέξεσιν
2623 1353 2910 1406 ἔπνευσαν.
2930 1349 3045 1403 Νῦν
3074 1350 3131 1402 δὲ
3162 1350 3346 1402 πᾶσαν
3385 1347 3485 1414 τὴν
3520 1346 3641 1414 περὶ
3665 1344 3751 1398 αὖ·

2207 1448 2316 1501 τῶν
2343 1447 2541 1500 εὐκλεᾶ
2572 1446 2729 1510 δόξαν
2761 1443 3143 1512 ἀπεδαλόμην,
3174 1440 3366 1509 ὥσπερ
3406 1439 3457 1491 oi
3480 1437 3753 1506 διαγρηγο-

2217 1539 2481 1610 ρήσαντες
2508 1539 2580 1591 τὰ
2602 1540 2661 1590 ὲν
2688 1538 2800 1600 τοῖς
2835 1535 3024 1599 ὑπνοις
3049 1533 3307 1603 ὀνείρατα
3329 1549 3343 1563 ο
3381 1531 3475 1584 καὶ
3503 1528 3672 1597 οἴομαί
3699 1544 3757 1596 γε

2210 1631 2436 1685 ἐκείνων
2491 1630 2678 1701 Θαὺμα
2733 1630 2833 1682 οὑκ
2887 1628 2965 1681 ἔθ’
3017 1627 3325 1697 ὑπέρτερον
3372 1622 3564 1695 ἢῶσθ’
3590 1623 3756 1690 ὅμοιον

2212 1725 2415 1793 εὑρεῖν,
2446 1723 2561 1776 ἀλλ’
2588 1720 2727 1776 εἶναι
2756 1723 2974 1793 μέτριον
2995 1723 3091 1774 καὶ
3131 1720 3291 1786 μόγις
3324 1720 3491 1788 μέγα,
3526 1712 3758 1768 τοσοῦτον

534 1813 660 1882 quis
684 1814 820 1869 scite
853 1815 998 1869 dicta
1028 1815 1125 1869 abs
1152 1825 1203 1868 te
1238 1813 1462 1873 referat.
1497 1804 1663 1883 quam
1695 1813 2028 1876 Homerida,
2062 1814 2107 1868 si

2214 1786 2299 1887 [Pi
2323 1812 2455 1885 206]
2497 1786 3052 1884 ἐκείνους-παριόντα
3100 1811 3243 1881 ὁρῶν
3274 1786 3361 1871 σε.
3395 1811 3516 1863 ὅσον
3539 1807 3643 1876 ἐγὼ
3674 1807 3757 1861 τοῦ

534 1903 853 1960 llomericas
894 1905 1199 1960 sententias
1235 1905 1533 1959 audierint.
1582 1903 1834 1959 Suavitas
1877 1904 2110 1974 insignis

535 1998 793 2052 Sirenum
818 2000 971 2052 vocis
1023 1998 1152 2054 olim
1187 2012 1520 2067 magnopere
1551 1998 1825 2053 celebrata
1873 2005 1976 2052 est.
2005 1997 2112 2050 Sed

534 2104 599 2141 ea
629 2104 736 2141 non
765 2089 884 2154 sine
915 2104 1104 2156 magna
1132 2088 1443 2142 calamitate
1472 2098 1638 2156 atque
1676 2088 1900 2143 interitu
1932 2088 2110 2142 audiri

535 2180 718 2250 potuit
747 2197 761 2234 :
792 2194 894 2235 nec
923 2180 1017 2234 ulti
1051 2187 1372 2233 manserunt
1430 2180 1757 2240 incolumes.
1794 2181 1901 2236 nisi
1947 2195 2113 2237 aures

535 2287 660 2328 cera
696 2271 1038 2326 obturasseut
1070 2271 1288 2340 sibique
1314 2272 1573 2326 audiendi
1618 2287 1838 2328 sensum
1877 2273 2109 2328 ademis-

538 2372 677 2416 sent.
711 2362 787 2417 TC
819 2378 946 2416 vero
971 2362 1329 2416 concionante
1360 2371 1571 2416 tantum
1597 2362 1754 2417 abest
1789 2378 1951 2416 aures
1985 2378 2108 2417 cera

538 2467 601 2511 ut
632 2456 914 2518 obtureut,
942 2463 1003 2508 ut
1040 2457 1233 2507 mortis
1277 2454 1451 2510 instar
1489 2436 1894 2525 ducant,lquod
1917 2468 2112 2511 natura

538 2562 633 2603 eos
666 2562 770 2600 non
811 2547 878 2600 ab
913 2546 1061 2600 omni
1095 2555 1247 2615 parte
1291 2548 1499 2601 auritos
1531 2547 1747 2611 fecerit,
1775 2549 1918 2604 sicut
1949 2550 2109 2603 fabu-

538 2638 606 2691 lae
636 2638 898 2707 quosdam
929 2637 1116 2704 plenos
1147 2636 1435 2691 oculorum
1469 2639 1641 2693 fuisse
1684 2638 1928 2694 tradunt.
1964 2639 2113 2706 Quos

539 2715 1129 2798 enim'DenmSthenes
1186 2730 1512 2785 concionum
1566 2731 1801 2786 artiﬁcio
1836 2735 1966 2787 etvi
2002 2750 2109 2787 non

539 2820 810 2889 superasti
845 2819 1030 2888 ‘iquos
1055 2834 1163 2873 non
1202 2820 1455 2875 Platones
1509 2821 1712 2889 ingenii
1742 2821 2113 2891 ninguitudine

538 2919 593 2963 et
615 2909 887 2978 gravitate
919 2909 1141 2964 vicisti?
1178 2910 1327 2976 Quos
1358 2926 1490 2964 vero
1537 2927 1646 2964 non
1688 2911 1762 2964 ita
1794 2911 1888 2965 tibi
1916 2912 2109 2966 devin-

537 3001 686 3064 xisti,
718 3000 881 3072 336
907 3011 961 3054 ut
1003 3001 1173 3070 magis
1209 3011 1261 3056 te
1306 3002 1594 3067 mirentur,
1627 3010 1788 3071 quam
1817 3002 1994 3058 Attica
2020 3004 2109 3058 illa

537 3099 668 3145 aetas
717 3091 1032 3145 Socratem?
1079 3093 1282 3162 quippe
1325 3092 1419 3163 qui
1480 3095 1798 3147 concionem
1853 3102 2000 3147 tuam
2054 3102 2111 3148 et

538 3181 908 3251 persuadendi
954 3184 1005 3238 vi
1060 3194 1116 3239 et
1160 3185 1500 3256 voluptatum
1526 3184 1800 3241 illecebris
1829 3185 2109 3242 conditam

535 3288 661 3329 esse
720 3275 1101 3344 perspiciam,
1182 3276 1350 3331 sicuti
1401 3278 1514 3346 agri
1590 3276 1854 3331 varietate
1911 3276 2111 3331 (lorum

536 3377 894 3422 exornantur.
950 3368 1134 3438 Usque
1160 3370 1296 3447 adeo
1356 3379 1461 3424 tuae
1510 3369 1784 3441 Calliopes
1837 3380 2112 3427 amatores

538 3473 733 3511 crimes
788 3458 975 3513 reddis
1028 3467 1083 3514 et
1127 3459 1451 3514 mirabiliter
1500 3459 1770 3515 incendis.
1808 3459 1991 3537 Quare
2061 3471 2115 3516 te

540 3546 850 3603 Solomonis
903 3563 1027 3603 esse
1068 3548 1321 3614 similem,
1378 3565 1538 3604 nemo
1589 3558 1675 3604 est
1726 3549 1822 3620 qui
1869 3549 2113 3615 dubitet;

541 3640 795 3709 superari
852 3650 1033 3694 autem
1080 3640 1149 3695 ab
1203 3641 1317 3704 illo,
1362 3656 1524 3695 nemo
1577 3647 1900 3697 contendat.
1924 3642 2116 3712 Neque

539 3732 683 3784 enim
720 3729 828 3783 dici
865 3738 1064 3800 pctcst,
1091 3730 1202 3784 illic
1242 3732 1410 3785 multa
1444 3741 1741 3802 suppetere
1774 3731 2113 3796 testimonia,

542 3822 635 3877 hic
675 3837 806 3877 vero
845 3837 1017 3891 pauca
1064 3839 1077 3876 :
1125 3833 1219 3876 aut
1267 3823 1491 3878 totidem
1521 3823 1766 3894 quidem,
1794 3840 1906 3879 non
1931 3835 2116 3880 autem

542 3916 671 3969 talia
708 3933 720 3968 :
747 3915 841 3969 sed
869 3925 1061 3970 contra
1110 3915 1315 3985 potius.
1336 3917 1488 3972 \Nam
1519 3918 1610 3986 qui
1638 3918 1792 3972 illum
1823 3918 2116 3983 mirantur,

544 4005 612 4060 iis
664 4024 771 4061 non
823 4008 972 4061 aliud
1016 4009 1276 4079 competit
1319 4010 1712 4075 testimonium,
1763 4010 1867 4066 nisi
1920 4012 2120 4083 regina:

540 4099 723 4153 Austri
783 4099 838 4153 in
901 4098 1239 4154 PalchIinam
1300 4103 1573 4172 proiectae.
1598 4103 1701 4170 Qui
1730 4119 1862 4158 vero
1901 4113 2118 4161 tuarum

545 4205 727 4245 rerum
780 4193 1112 4247 mentionem
1170 4194 1400 4257 faciunt,
1449 4196 1500 4247 hi
1547 4195 1613 4248 ad
1640 4195 1910 4250 mendacii
1943 4200 2123 4268 διιερὶ-

542 4283 757 4336 cionem
787 4283 1107 4337 abolendam
1147 4294 1201 4338 et
1248 4284 1651 4355 Septentrionis
1688 4296 1743 4341 et
1792 4289 1979 4342 Austri
2014 4306 2121 4344 una

528 4388 668 4439 cum
702 4375 917 4429 caeteris
945 4384 1101 4429 terrae
1138 4376 1339 4430 llnihus
1369 4376 1680 4432 tesiimonia
1708 4369 1955 4448 proferre
1980 4382 2114 4437 mihi

2214 1905 2477 1972 καταξίαν
2511 1904 2814 1975 Θαυμὰζειν
2867 1922 2930 1958 σε
2987 1904 3267 1973 λείπομαι.
3322 1901 3508 1956 Καίτοι
3541 1900 3671 1969 μέγα
3699 1898 3757 1953 ἂν

2212 1993 2301 2067 ἦν,
2327 1997 2376 2049 εί
2415 1996 2510 2050 κα)⁵
2543 1995 2942 2066 παραπλησίως
2981 1997 3093 2056 τοῖς
3121 1992 3405 2062 ᾀδομένοις
3440 1985 3551 2058 εἶχε
3589 1988 3651 2039 τὰ
3679 1987 3758 2041 σά.

2214 2090 2284 2143 Σὺ
2313 2088 2373 2144 δὲ
2401 2087 2538 2142 ἀλλὰ
2562 2089 2656 2142 καὶ
2690 2085 2978 2158 ὑπερσχὼν
3023 2087 3214 2157 φαίνῃ,
3247 2084 3372 2137 ὅσον
3397 2082 3455 2134 ὲν
3480 2078 3757 2149 ῥαψῳδίαις

2211 2176 2321 2232 τῶν
2375 2177 2553 2233 ἄλλων
2603 2176 2864 2247 κηρύκων
2918 2175 2997 2246 τῷ
3051 2176 3397 2245 ύπερφωνεῖν
3431 2173 3459 2223 δ
3514 2170 3760 2236 Στέντωρ.

2224 2270 2357 2323 Ἰδοὺ
2378 2269 2486 2338 γὰρ
2518 2268 2659 2339 ὑπὲρ
2684 2271 2863 2322 πᾶσαν
2911 2266 3250 2337 Ἀκαδημίαν
3280 2265 3378 2317 καὶ
3426 2262 3642 2318 Λύκειον
3677 2261 3761 2314 καὶ

2214 2362 2382 2416 Στοὰν
2410 2365 2521 2424 σοῖς
2548 2362 2730 2428 λόγοις
2763 2359 3089 2428 ἀποφαίνεις
3139 2359 3210 2412 τὰ
3235 2358 3304 2411 σὰ
3335 2356 3597 2428 βασίλεια,
3633 2372 3759 2425 πρυ-

2210 2457 2423 2508 τανεῖον
2446 2456 2793 2525 παντοδαπῆς
2813 2453 3059 2511 παιδείας
3087 2453 3222 2523 φαίη
3243 2470 3328 2515 τις
3357 2452 3422 2505 ἂν
3438 2442 3759 2519 οἰκειότερον.

2212 2545 2369 2601 Εἶναι
2406 2549 2514 2617 γὰρ
2548 2549 2640 2600 καὶ
2666 2547 2892 2617 μηδένα,
2913 2548 3095 2598 ὅντινα.
3122 2547 3222 2615 τῆς
3250 2545 3351 2615 σῆς
3373 2542 3756 2597 ἀπολελαυκότα

2213 2642 2417 2713 φωνῆς,
2458 2642 2490 2712 ἦ
2523 2642 2662 2707 δῆτα
2693 2641 2860 2709 μόνης
2917 2638 3014 2705 τῆς
3050 2638 3203 2702 Θέας,
3256 2639 3335 2708 μὴ
3393 2638 3485 2692 καὶ
3521 2635 3762 2704 ὠφελείας

2213 2734 2310 2803 τῆς
2348 2734 2635 2811 μεγίστης.
2667 2733 2769 2785 ὅσα
2816 2749 2878 2800 γε
2924 2734 3061 2802 πρὸς
3088 2731 3255 2801 ἤθους
3290 2732 3495 2801 paene»;
3527 2731 3616 2782 καὶ
3641 2727 3761 2796 γνὼ-

2216 2845 2353 2889 σεως
2389 2825 2580 2895 αὔξην,
2615 2828 2695 2879 ἐτι
2730 2827 2837 2894 μὴν
2874 2826 3015 2893 πρὸς
3061 2828 3121 2878 τὸ
3172 2825 3546 2893 ὲγκυμονῆσαι
3592 2823 3762 2890 λόγους

2213 2923 2307 2973 καί
2332 2920 2679 2984 διαλέξασυαι
2728 2921 3070 2989 ἑτοιμότερον
3092 2936 3106 2950 ’
3135 2921 3295 2974 ταυτὶ
3331 2921 3507 2973 τοίνυν
3559 2919 3648 2969 καὶ
3673 2917 3759 2968 ὅσα

2213 3014 2576 3084 παραπλήσια
2603 3015 2667 3066 ἐκ
2700 3013 2867 3083 μόνης
2895 3014 2961 3080 γέ
3005 3030 3099 3065 σου
3151 3015 3248 3082 τῆς
3278 3015 3493 3083 ὁμιλίας
3517 3014 3613 3064 οὐκ
3641 3011 3761 3063 είσὶν

2214 3105 2408 3168 οἵτινες
2443 3106 2545 3159 οὑκ
2581 3104 2897 3158 ἀπώναντοο
2954 3106 3002 3158 οἳ
3039 3105 3083 3158 δ’
3114 3107 3426 3168 ἁπώναντο,
3461 3107 3648 3165 πάντες
3682 3104 3757 3174 ἄρ’

2213 3198 2372 3252 εἰσίν.
2408 3198 2565 3258 Ἴσως
2593 3198 2638 3251 δ’
2658 3200 2765 3251 εἰσὶ
2797 3199 2892 3251 καὶ
2921 3200 3052 3267 παρ’
3080 3195 3162 3262 οἷς
3188 3200 3401 3269 ἀγαθὴν
3428 3199 3647 3268 λαχοῦσι
3673 3199 3758 3267 τὴν

2214 3288 2398 3359 φύσιν,
2432 3288 2508 3352 ὼς
2560 3288 2627 3341 ἂν
2660 3289 2768 3342 ὑπὸ
2817 3288 3039 3360 ζεφύρῳ
3088 3290 3311 3359 πρωῖνῷ
3356 3290 3543 3344 κύκνοι
3592 3290 3760 3360 ᾷςειαν

2214 3380 2477 3452 ἐμμελὲς,
2533 3380 2608 3444 ὣς
2657 3380 2711 3432 δὲ
2764 3383 2875 3434 κάκ
2902 3383 3000 3446 τῆς
3030 3383 3127 3450 σῆς
3170 3382 3457 3446 ἐπιπνοίας
3491 3381 3759 3451 ὲμμελὴςό

2214 3474 2373 3533 τόκος
2402 3472 2511 3525 τῶν
2573 3473 2759 3527 καλῶν
2815 3474 3189 3543 ἐξενήνεκται.
3255 3471 3354 3538 Οἷς
3401 3477 3466 3547 δὴ
3522 3477 3759 3528 πᾶσικαὶ

2217 3564 2480 3633 κρείττων
2499 3563 2678 3632 πολλῷ
2709 3564 2993 3635 φιλοτιμία
3024 3564 3108 3626 τίς
3138 3566 3306 3629 ἐστιν,
3327 3567 3380 3622 εί
3403 3583 3484 3627 τις
3507 3564 3760 3631 ἀποφθεγ-

2221 3656 2408 3724 μάτων
2432 3654 2543 3707 τῶν
2598 3656 2706 3707 σῶν
2740 3658 3304 3727 ἁπομνημονεύσειεν,
3346 3661 3380 3729 ἢ
3406 3660 3514 3712 τῶν
3551 3659 3755 3728 Ὁμηρι-

2219 3745 2330 3798 xciv
2370 3746 2713 3815 Ὁμηρίδαις.
2759 3746 3066 3819 Ἑξαίρετον
3099 3749 3289 3819 χρῆμα
3327 3749 3551 3817 ἡδονῶν,
3579 3750 3755 3801 ὁπόσαι

2218 3837 2286 3890 δι’
2315 3839 2483 3909 ἀκοῆς
2519 3842 2652 3909 πρὸς
2680 3840 2861 3910 ψυχὴν
2887 3844 3196 3909 ἀπαντῶσι,
3230 3846 3366 3910 φασὶ
3393 3844 3488 3905 τὰς
3526 3840 3761 3912 Σειρῆνας

2220 3933 2389 3986 παλαι
2446 3937 2743 4001 γενέσθαι·
2782 3936 2843 3987 οὑ
2904 3936 3010 4006 μὴν
3046 3937 3435 4005 ἀταλαίπωρον
3468 3953 3550 4005 γε,
3580 3937 3655 3989 ὅτι
3692 3934 3757 4005 μὴ

2222 4026 2451 4080 θανάτου
2506 4028 2836 4096 τιμώμενον.
2904 4029 2972 4081 Ἥ
3022 4029 3130 4097 γὰρ
3181 4030 3439 4084 τεθνάναι
3479 4027 3758 4083 ἀκούσαντα

2222 4119 2381 4173 πάνθ’
2411 4120 2650 4174 ὁντινοῦν
2683 4120 2812 4184 ἔδει,
2846 4121 2877 4190 ἢ
2914 4120 2991 4191 μὴ
3014 4121 3169 4191 κηρῷ
3192 4122 3262 4174 τὰ
3294 4118 3411 4176 ὦτα
3441 4122 3757 4191 φραξάμενον

2223 4211 2518 4265 κάντεῦθεν
2551 4213 2738 4279 κωφὸν
2763 4216 2871 4276 τοῖς
2896 4213 3121 4265 ἐκείνων
3154 4216 3345 4283 μέλεσι
3380 4209 3756 4282 μείναντα.Σοῦ

2225 4304 2284 4355 δὲ
2310 4303 2754 4373 δημηγοροῦντος
2785 4305 2881 4374 οὑχ
2904 4306 3051 4368 ὅπως
3076 4308 3136 4357 οὐ
3170 4305 3330 4376 κηρῷ
3352 4307 3449 4368 τὰς
3466 4306 3629 4368 ἀκοὰς
3647 4305 3762 4357 ἀπο-

2228 4398 2485 4467 φράττειν
2541 4400 2856 4464 ἐθέλουσιν,
2920 4404 3036 4454 ἀλλ’
3110 4405 3502 4474 ἀντικειμένως
3557 4405 3757 4458 θάνατον

542 4478 701 4533 posse
721 4466 999 4520 videntur.
1038 4468 1310 4522 Caeterum
1345 4486 1469 4523 cum
1520 4471 1838 4543 Anaxagora
1887 4484 2111 4530 auctore

2218 4485 2497 4556 ἡγοῦνται,
2530 4488 2611 4540 ὅτι
2646 4490 2721 4557 μὴ
2745 4494 3055 4558 πανηκίους
3076 4494 3250 4558 τινὰς,
3274 4495 3561 4559 ὡςπίπεῖι,
3584 4493 3762 4547 ἀνέδει-

539 4573 698 4613 mens
732 4561 952 4629 sapiens
982 4561 1074 4626 sit,
1100 4578 1222 4630 quae
1267 4577 1463 4616 cuncta
1496 4565 1765 4635 gubernet
1787 4576 1844 4620 et
1872 4570 2114 4621 omnium

538 4663 702 4705 causa
756 4668 935 4706 rerum
977 4656 1258 4707 exsistat:
1316 4664 1371 4708 et
1417 4666 1473 4708 tu
1518 4657 1803 4711 excellenti
1850 4659 2115 4726 sapientia

540 4758 630 4797 res
661 4745 1012 4799 administras
1045 4732 1101 4799 et
1127 4745 1419 4814 imperium
1450 4748 1741 4817 gubernas,
1774 4750 1975 4819 ingenii
2008 4766 2121 4804 nia-

541 4836 825 4904 gnitudine
852 4838 1034 4892 omnia
1071 4838 1126 4892 in
1156 4839 1351 4892 melius
1378 4852 1799 4905 convertens.ut
1826 4859 1983 4898 nemo
2014 4862 2118 4898 un-

540 4942 703 4997 quam
755 4946 821 4983 οι
877 4946 1034 4998 teque
1068 4930 1121 4983 id
1152 4932 1486 4999 praestiterit,
1542 4943 1599 4987 et
1655 4946 1798 4988 recte
1840 4936 1885 4990 is
1917 4937 2119 4992 dixisse

542 5020 815 5088 videatur,
869 5023 961 5091 qui
1008 5023 1280 5091 consilio,
1320 5025 1633 5093 prudentia,
1685 5028 1896 5084 viribus
1949 5031 2116 5085 animi

543 5113 835 5182 plerasque
894 5130 1004 5180 res,
1028 5131 1138 5169 non
1182 5127 1366 5171 autem
1411 5102 1596 5173 rerum
1633 5125 1790 5191 copia
1823 5124 2117 5192 ponderari

540 5203 851 5261 aliirmavit.
880 5206 949 5262 Ut
984 5208 1131 5261 enim
1164 5210 1429 5277 musicus,
1462 5212 1554 5279 qui
1587 5228 1846 5267 sonorum
1880 5231 2114 5271 concen-
2137 5232 2159 5251 κ

542 5303 656 5348 ιυιη
707 5297 911 5365 optime
957 5299 1140 5366 callet,
1181 5298 1405 5355 chordis
1449 5318 1569 5371 qua:
1602 5302 1946 5359 intendenda:
1986 5318 2117 5361 sunt

539 5387 910 5452 intendendis,
935 5400 1239 5459 contraque
1270 5394 1535 5459 laxandis,
1575 5397 1665 5449 ubi
1696 5397 1747 5451 id
1782 5399 2024 5467 expedit.
2058 5409 2114 5454 et

537 5479 845 5534 moderatis
901 5481 1206 5538 intervallis
1256 5484 1415 5555 337
1468 5487 1847 5556 relinquendis
1893 5503 2114 5543 cantum

537 5570 941 5639 elegantissime
990 5577 1324 5645 permiscet:
1372 5579 1444 5631 i.a
1490 5589 1546 5631 et
1574 5589 1653 5643 tu,
1688 5580 1779 5649 qui
1823 5582 2114 5650 prudentia

447 5694 461 5721 ι
537 5662 706 5715 veluti
769 5664 1038 5735 rhythmis
1080 5668 1307 5723 musicis
1357 5669 1541 5723 Omnia
1569 5680 1864 5739 temperes,
1894 5672 2115 5727 absolu-

543 5750 816 5806 tissimum
868 5769 1192 5813 concentum
1239 5759 1429 5827 efficis,
1468 5777 1578 5830 quo
1613 5777 1699 5815 res
1746 5765 2113 5833 pulcherrime

2223 4578 2311 4644 ξεν
2345 4580 2379 4651 ἡ
2410 4580 2593 4648 φύσις,
2639 4580 2827 4652 ὥσπερ
2883 4582 2977 4637 οὖν
3012 4586 3143 4647 τοὺς
3182 4587 3467 4650 πανόπτας
3520 4590 3566 4640 οἱ
3599 4568 3773 4656 μῦθοι(

2220 4670 2380 4732 Τίνας
2412 4673 2519 4741 γὰρ
2544 4673 2644 4724 οὑκ
2679 4673 2744 4725 ἂν
2778 4674 3169 4746 ὑπερϐέϐηκας
3203 4681 3561 4748 Δημοσθένεις
3591 4681 3649 4746 τῇ
3678 4677 3757 4741 τῆς

2218 4764 2562 4834 δημηγορίας
2604 4766 2884 4838 οἰκονομίᾳ
2908 4784 2966 4818 τε
2998 4771 3093 4821 καί
3122 4770 3389 4839 δεινότητι
3413 4789 3426 4835 ;
3465 4772 3616 4831 Τίνας
3644 4769 3684 4822 δ’
3706 4768 3756 4818 ού

2222 4856 2511 4920 Πλάτωνας
2540 4861 2606 4925 τῇ
2627 4858 2722 4910 τοῦ
2764 4858 2854 4912 νοῦ
2878 4863 3222 4934 μεγαλοφυῖα
3243 4882 3301 4917 τε
3335 4869 3429 4918 καὶ
3461 4868 3753 4934 σεμνότητις

2220 4943 2384 5006 Τίνας
2417 4944 2460 4995 δ’
2512 4946 2613 4998 οὑκ
2644 4946 2711 4998 ἂν
2768 4949 3061 5019 ἀνηρτησω
3117 4953 3461 5021 ἀνθρώπους,
3490 4955 3546 5006 σὲ
3583 4952 3756 5023 μᾶλλον

2221 5033 2519 5103 Θαυμάζειν
2544 5038 2577 5109 ἢ
2602 5040 2662 5090 τὸ
2691 5040 2791 5108 τῆς
2828 5041 3078 5111 Ἀττικῆς
3107 5044 3321 5109 ἡλικίας
3350 5047 3591 5116 ἀκμάζον
3610 5045 3754 5096 παλαι

2217 5127 2306 5179 τὸν
2330 5129 2645 5201 Συκράτην,
2697 5132 2782 5199 ἐφ’
2812 5133 2941 5199 ὃλην
2973 5152 3068 5188 σου
3105 5143 3204 5206 τὴν
3253 5140 3587 5210 δημηγορίαν
3618 5137 3753 5205 χάριν

2220 5220 2354 5289 ὁμοῦ
2378 5224 2473 5275 καὶ
2503 5223 2678 5276 πειθὼ
2732 5230 3077 5297 συνορῶντας
3134 5234 3495 5302 ἐφέρποισαν,
3526 5232 3753 5297 καθάπερ

2216 5311 2304 5363 ἐπ’
2339 5313 2475 5383 ἄνθη
2525 5316 2700 5386 ἀγροῦ
2733 5319 2795 5370 τὸ
2849 5322 3092 5374 ποικίλον
3124 5325 3215 5376 τοῦ
3244 5310 3561 5394 χρώματοςς
3592 5320 3753 5391 Οὕτως

2217 5407 2450 5474 ἐραστὰς
2482 5412 2651 5472 ποιεῖς
2682 5412 2928 5474 ἅπαντας
2953 5415 3053 5482 τῆς
3084 5418 3179 5483 σῆς
3207 5419 3534 5488 Καλλιόπης.
3568 5415 3752 5469 ὲκκὶων

2216 5494 2534 5563 ὑπερφυῶς.
2603 5499 2789 5567 Ἐχειν
2818 5500 2885 5569 δὴ
2938 5498 3029 5555 οὖν
3062 5506 3126 5556 τὰ
3175 5507 3266 5558 τοῦ
3298 5508 3628 5576 Σολομῶντος
3660 5505 3752 5561 τοῖς

2218 5588 2330 5648 σοῖς
2353 5589 2668 5658 ἐφαμίλλως
2713 5592 2889 5656 οὐδεὶς
2913 5594 2979 5647 ἂν
3033 5597 3145 5664 ἔχοι
3177 5600 3573 5668 ὰμφισὸητείνο
3605 5597 3753 5662 ὑπερ-

2217 5678 2363 5744 έχειν
2409 5695 2473 5745 γε
2536 5680 2642 5749 μὴν
2674 5682 2831 5735 τοῦτο
2858 5685 2915 5737 δὲ
2973 5688 3150 5752 οὐδείς
3184 5692 3330 5743 ἐστιν
3374 5692 3517 5751 ὅστις
3544 5687 3751 5758 ἡγεῖῖαιι

2217 5771 2349 5822 Οὐδὲ
2385 5789 2491 5841 γαρ
2519 5772 2627 5824 οὐδ’
2664 5772 2778 5826 ἔστι
2811 5776 3001 5843 φάναι,
3033 5782 3150 5833 ἐκεῖ
3182 5782 3288 5851 μὲν
3309 5776 3388 5846 οἷς
3415 5776 3748 5853 χρήσεταίτις
