4016 6620
305 340 417 400 I117

301 456 518 519 enim;
544 454 665 510 οὖσι
689 458 1005 529 μαρτυρίοις
1026 472 1041 488 ⁸

302 546 579 611 τοσούτοις
616 549 736 616 μὲν,
772 549 845 619 μὴ
874 550 1241 612 τοιούτοις’δέ·
1262 552 1398 604 πολὺ
1438 553 1538 620 μέν
1561 550 1607 603 τ’
1630 552 1696 603 ἂν
1720 552 1873 604 τούν·

301 637 512 692 αντίον.
585 634 678 702 Οἷς
719 640 827 708 γὰρ
852 640 918 693 τά
946 640 1157 694 ἐκείνου
1203 640 1503 709 θαυμάζειν
1534 641 1633 704 ἔνι,
1666 640 1878 704 τούτοις

301 730 402 782 οὐκ
432 729 514 783 ἔνι
539 731 675 802 πλὴν
710 730 742 800 ἢ
773 732 872 802 τῆς
895 731 987 784 τοῦ
1023 733 1178 785 νότου
1212 734 1553 803 βασιλίσσης,
1580 735 1646 802 ἢν
1676 735 1730 796 ἐς
1768 735 1879 786 Ila-

301 822 591 893 λαιστίνην
644 823 828 893 ἐκείνη
894 823 1120 891 πορείαν
1176 824 1491 885 ἐστείλατο,
1557 824 1874 896 μαρτύριον.

304 913 461 965 Ὀσοι
499 913 557 965 δὲ
585 912 695 965 τῶν
745 913 853 965 σῶν
884 916 1212 983 μέμνηνται,
1263 915 1348 986 ΙΡ.
1378 914 1506 986 207]
1541 914 1750 977 τούτοις
1784 918 1877 967 καὶ

304 1001 504 1072 βορέαν
536 1003 630 1055 καὶ
657 1004 809 1056 νότον
838 1004 973 1075 ὁμοῦ
1003 1007 1114 1067 τοῖς
1140 1004 1345 1068 λοιποῖς
1375 1007 1474 1076 τῆς
1506 1005 1610 1073 γῆς
1644 1006 1877 1073 πέρασιν

302 1094 454 1153 ὅστις
516 1094 589 1164 μὴ
631 1095 690 1147 οὐ
727 1096 927 1163 φάσκει
978 1095 1253 1167 μαρτύρια
1295 1092 1454 1163 εἶναι,
1506 1097 1652 1158 ὅπως
1699 1095 1876 1159 ἀθῶος

302 1188 559 1252 φανεῖται
590 1186 683 1238 τοῦ
709 1186 913 1239 ἁλῶναι
941 1188 1295 1259 ψευδόμενος,
1314 1182 1412 1259 οὐχ
1438 1184 1549 1252 οἷός
1581 1191 1628 1240 τ’
1648 1188 1713 1241 ἂν
1736 1186 1877 1240 εἷναί

298 1295 396 1347 μοι
430 1279 598 1333 δοκεῖ.
644 1280 797 1333 Ἐπεὶ
830 1280 1013 1349 μέντοι
1029 1281 1180 1334 ’κατὰ
1219 1281 1311 1334 τὸν
1352 1282 1724 1351 Ἀναξαγόραν
1752 1280 1877 1346 νοῦς

297 1374 419 1423 ἐστι
440 1372 605 1439 σοφὸς
630 1375 657 1425 ό
681 1372 750 1425 τὰ
778 1372 956 1426 πάντα
983 1374 1297 1443 διακοσμῶν
1316 1372 1409 1427 καὶ
1435 1374 1655 1427 πάντων
1678 1376 1873 1436 αἴτιος,

295 1462 446 1515 οὕτω
474 1463 613 1533 δῆτα
640 1465 719 1534 τῷ
738 1464 981 1535 περιόντι
1004 1483 1088 1527 σοι
1117 1468 1215 1537 τῆς
1239 1465 1332 1518 τοῦ
1359 1465 1451 1518 νοῦ
1479 1466 1671 1532 σοφίας
1701 1465 1874 1536 ἐξηγῇ

294 1554 413 1605 τῶν
446 1555 791 1624 πραγμάτων
813 1559 906 1610 καὶ
933 1555 1079 1610 οὕτω
1102 1574 1184 1609 σοι
1206 1556 1307 1624 τὴν
1333 1556 1510 1626 ἀρχὴν
1534 1557 1874 1625 διακοσμεῖς,

294 1644 400 1715 τῆς
433 1647 748 1716 φρονήσεως
796 1647 874 1717 τῷ
923 1647 1142 1717 μεγέθει
1181 1648 1362 1701 πάντα
1399 1648 1744 1717 περιτρέπων
1796 1649 1876 1711 εἰς

290 1737 356 1789 τδ
420 1740 714 1808 χρήσιμον,
776 1738 856 1802 ὡς
898 1739 1006 1791 τῶν
1052 1738 1112 1803 ἐξ
1162 1728 1361 1802 αἰῶνος
1416 1739 1592 1802 οὐδεὶς
1624 1740 1869 1807 ἄμεινον.

550 334 641 406 αμ.
681 352 732 390 c.
779 334 911 390 12ὃὲ
950 352 1014 390 AD
1061 334 1217 409 1593]
1292 336 1738 400 BYZANTINJ‘J
1779 338 2169 400 IllSTORIzE
2210 339 2356 399 LIB.
2398 339 2559 400 Vill.

1086 458 1332 511 ἐνταυθοῖ
1389 459 1445 512 δὲ
1498 459 1778 529 βραχέσιν,
1828 458 1860 527 ἢ

1979 456 2292 525 gubernans
2317 467 2373 511 et
2405 457 2473 511 ab
2502 459 2650 512 omni
2684 467 2837 528 parte
2859 461 3267 518 consentientes
3290 464 3547 535 elliciant,

2654 334 2788 406 [ηιιι.
2832 352 3109 393 ,ικοιιοιιια
3152 342 3298 415 sem]

3441 347 3547 411 518
3609 392 3621 410 .

1984 558 2043 603 ut
2081 565 2276 603 omnes
2313 550 2631 603 existiment
2662 550 2832 603 Deum
2870 551 3030 620 plane
3069 567 3209 618 esse,
3235 556 3330 624 qui
3373 558 3548 612 tuoin

1986 642 2053 694 iis
2086 641 2336 711 regendis
2388 641 2696 696 ministerio
2748 652 2955 698 utatur.
2980 644 3056 699 lta
3089 653 3141 700 te
3164 661 3353 701 omnes
3376 648 3554 702 homi-

1982 747 2079 785 nes
2106 731 2355 786 divinum
2396 733 2690 802 quemdam
2732 734 3009 790 hominem
3046 744 3099 789 et
3132 735 3354 791 homine
3383 754 3552 809 supe-

1980 823 2184 876 riorem
2214 823 2552 878 existimant.
2579 824 2710 877 Nam
2746 824 2909 877 animi
2939 824 3173 893 puritate
3203 827 3550 882 subditorum

1979 916 2224 969 omnium
2254 916 2575 970 affectiones
2622 923 2678 969 et
2726 917 3034 970 voluntates
3061 929 3354 985 penetrans
3377 929 3452 983 et,
3484 919 3552 973 ad

1978 1022 2118 1075 quas
2156 1008 2389 1061 virtutes
2431 1017 2529 1061 aut
2568 1009 2695 1062 vitia
2744 1010 3091 1077 potissimum
3127 1011 3369 1078 tendant,
3396 1026 3553 1065 acer-

1980 1097 2116 1153 rime
2147 1098 2510 1167 perspiciens,
2556 1099 2628 1152 ita
2681 1107 2734 1153 te
2768 1102 3072 1170 componis,
3106 1110 3164 1153 ut
3206 1101 3413 1155 dictum
3445 1111 3549 1167 est,

1978 1185 2442 1256 quemadmodum
2490 1190 2748 1244 omnibus
2789 1192 3102 1245 hominibus
3137 1191 3395 1245 convenit
3429 1209 3442 1244 :
3473 1203 3549 1257 ct,

1979 1293 2039 1338 ut
2078 1284 2353 1338 Pindarus
2380 1285 2478 1349 ait,
2507 1285 2714 1338 varium
2752 1286 3020 1353 cujusque
3045 1284 3321 1354 ingenium
3348 1285 3553 1353 guber-

1978 1391 2098 1440 nas,
2130 1376 2312 1444 itaque
2339 1376 2548 1445 singula
2564 1375 2840 1445 disponis,
2866 1386 2925 1429 ut
2962 1376 3166 1444 optime
3188 1376 3551 1429 collocentur.

1975 1465 2164 1533 Neque
2206 1481 2337 1519 vero
2360 1467 2650 1535 quisquam
2686 1470 2921 1536 ignorat,
2948 1466 3373 1521 Themistoclem
3404 1483 3551 1520 nun-

1977 1571 2138 1622 quam
2166 1556 2233 1609 ad
2283 1564 2488 1610 tantam
2533 1557 2759 1627 gloriam
2792 1556 2960 1611 fuisse
3002 1566 3423 1626 perventurum,
3447 1558 3551 1612 nisi

1977 1643 2185 1701 Xerxes
2211 1646 2265 1701 in
2290 1647 2553 1702 Graeciam
2594 1647 2905 1702 invasisset.
2934 1648 3123 1716 Neque
3164 1648 3327 1703 etiam
3357 1649 3553 1702 Miltia-

1977 1738 2207 1803 desille,
2258 1745 2317 1789 ut
2367 1739 2626 1802 arbitror,
2683 1745 2893 1791 tantum
2940 1752 3138 1791 nomen
3176 1737 3420 1799 haberet,
3448 1738 3550 1791 nisi

305 1828 627 1899 Ὲρῤῶσθαι
674 1830 729 1883 δὲ
774 1831 866 1881 καὶ
912 1831 940 1882 ὁ
997 1829 1156 1897 λόγος
1211 1830 1291 1898 τῷ
1351 1832 1581 1900 φήσαντι
1635 1831 1732 1884 νῦν
1785 1848 1873 1901 μοι

1980 1827 2182 1881 Persici
2244 1838 2475 1894 satrapae
2509 1836 2564 1881 et
2614 1827 2815 1881 Asiana
2863 1841 3013 1881 arma
3051 1828 3203 1897 prius
3236 1830 3288 1881 in
3315 1828 3549 1881 Atticam

290 1921 476 1983 δοκεῖ,
512 1921 587 1984 ὡς
620 1923 815 1992 γνώμῃ
843 1924 940 1975 καὶ
969 1923 1283 1993 φρονήματι
1317 1925 1411 1976 καὶ
1459 1924 1658 1994 ἀνδρίᾳ
1692 1923 1874 1992 ψυχῆς

291 2015 367 2065 τά
432 2014 605 2066 πολλὰ
662 2014 768 2066 τῶν
824 2015 1201 2087 πραγμάτων,
1259 2016 1379 2068 ἀλλ’
1434 2015 1493 2067 οὐ
1550 2016 1626 2084 τῷ
1675 2016 1874 2084 πλήθει

292 2102 410 2156 τῶν
471 2104 825 2172 ὑπαρχόντων
876 2105 1153 2172 κρίνεταιι
1219 2104 1304 2165 Ὠς
1358 2103 1466 2172 γάρ
1527 2103 1581 2155 ετ
1626 2119 1709 2164 τις
1749 2103 1874 2171 ἄρι-

301 2213 431 2257 στος
501 2195 760 2264 μουσικὸς
827 2195 926 2265 τὴν
972 2197 1031 2247 ὲν
1083 2198 1198 2257 τοῖς
1260 2195 1518 2264 φθόγγοις
1570 2194 1872 2264 ἁρμονίαν,

297 2285 556 2337 ἐντείνων
613 2286 710 2352 μὲν
748 2284 812 2337 τὸ
864 2285 971 2337 τῶν
1009 2285 1218 2355 χορδῶν
1257 2285 1377 2338 ὅποι
1435 2285 1696 2338 τετάσθαι
1756 2285 1863 2349 δεῖ,

293 2377 485 2444 χαλῶν
538 2377 583 2429 δ’
630 2378 753 2430 ὅποι
792 2377 948 2431 τοῦτο
989 2376 1235 2447 βέλτιον,
1293 2379 1362 2432 τά
1412 2394 1472 2429 τε
1525 2377 1874 2446 διαστήματα

298 2472 495 2541 μέτρῳ
547 2472 867 2537 ποιούμενος
938 2472 1220 2525 κάλλιστον
1257 2468 1368 2525 οἷον
1416 2473 1475 2525 τὸ
1522 2472 1712 2542 χρῆμα
1775 2476 1875 2541 τῆς

291 2562 448 2630 ᾠδῆς
469 2562 811 2631 κεράννυσινο
843 2561 921 2626 ὣς
942 2563 1000 2615 δὲ
1037 2566 1132 2618 καὶ
1167 2566 1231 2635 ab
1253 2568 1319 2635 τῇ
1367 2569 1627 2635 φρονήσει
1661 2565 1750 2619 ἶσα
1784 2568 1876 2620 καὶ

230 2704 245 2713 ,
290 2655 535 2722 ῥυθμοῖς
557 2671 659 2708 τισι
692 2656 1067 2723 μουσικοῖςτά
1116 2657 1416 2727 πράγματα
1471 2659 1735 2725 διεξάγων
1777 2660 1876 2729 τὴν

286 2744 390 2797 διὰ
426 2745 633 2813 πασῶν,
667 2749 742 2809 ὡς
794 2749 987 2812 εἰπεῖν,
1023 2749 1287 2819 ἁρμονίαν
1340 2751 1575 2823 ἀρμόζῃ,
1610 2752 1686 2814 ὼς
1734 2748 1875 2806 εἶναι

288 2842 909 2913 συνᾴδεινπανταχόθεν
954 2846 1121 2914 ἑαυτῇ
1172 2845 1433 2898 κάλλιστά
1479 2864 1537 2899 τε
1602 2847 1745 2917 ἔχειν
1784 2848 1876 2899 καὶ

285 2936 376 2997 ὡς
412 2937 479 2987 ἂν
513 2935 711 2998 πάντες
742 2937 1009 2989 πεισθεῖεν
1055 2936 1188 2990 Θεὸν
1237 2933 1380 2991 εἶναι
1434 2938 1619 3004 σαφῶς
1660 2939 1751 2992 τὸν
1791 2940 1878 2993 διὰ

287 3022 402 3075 σοῦ
448 3024 519 3075 τὰ
553 3023 673 3093 τῇδε
708 3024 1125 3093 καθιστάμενον.
1152 3024 1309 3080 Οὕτω
1341 3027 1400 3080 σὲ
1452 3027 1594 3080 θεῖόν
1623 3046 1748 3082 τινα
1783 3032 1878 3082 καὶ

286 3116 443 3186 ὑπὲρ
496 3116 780 3187 ἄνθρωπον
828 3117 1112 3188 ἄνθρωπον
1168 3119 1369 3182 πάντες
1419 3121 1734 3190 νομίζουσιν
1778 3122 1875 3177 ἄν·

286 3208 534 3277 θρωποι.
576 3206 802 3270 Φθάνεις
825 3206 933 3277 γὰρ
989 3211 1053 3276 τῇ
1094 3206 1187 3261 τοῦ
1233 3208 1324 3262 νοῦ
1381 3210 1718 3278 καθαρότητι
1779 3210 1876 3274 τὰς
1905 3195 1951 3256 C

284 3297 413 3350 τῶν
442 3298 697 3367 ὑπηκόων
759 3299 1012 3352 ἁπάντων
1064 3300 1405 3369 διερχόμενος
1462 3302 1730 3364 διαθέσεις
1782 3304 1878 3356 καὶ

286 3391 528 3462 γνώμας
556 3392 651 3444 καὶ
673 3393 795 3446 ὅποι
862 3393 1099 3461 μάλιστα
1154 3393 1420 3445 τείνουσιν
1468 3394 1730 3464 ἀρετῆςῆ
1774 3412 1875 3446 κα-

286 3482 429 3544 κῑας
487 3485 753 3537 κάλλιστα
793 3484 1190 3552 διαγινώσκωνο
1246 3484 1538 3537 κάντεῦθεν
1593 3486 1874 3556 ἁρμόζεις,

285 3574 636 3645 ὡςεῖρηται,
694 3577 890 3629 σαυτὸν
941 3576 1019 3639 ὡς
1057 3577 1139 3630 δεῖ
1183 3580 1294 3635 τοῖς
1343 3580 1508 3631 πᾶσιν
1546 3578 1874 3648 ἀνθρώποις*

286 3669 400 3722 καὶ
448 3671 738 3741 κυϐερνᾷς,
781 3670 922 3723 κατὰ
968 3670 1232 3738 Πίνδαρον
1258 3670 1393 3740 (85),
1447 3671 1547 3724 τᾶν
1577 3672 1878 3742 πολύστροο

289 3779 407 3830 φον
429 3762 656 3831 γνώμαν
682 3762 948 3827 ἑκάστων,
982 3764 1073 3816 καὶ
1107 3748 1350 3831 διατίθης
1374 3763 1497 3816 ὅποι
1536 3763 1602 3816 ἂν
1629 3764 1781 3834 σχοίη
1810 3766 1879 3817 τὰ

288 3854 608 3922 πράγματα
637 3853 928 3922 βέλτιστον.
964 3853 1244 3924 Γνώριμον
1266 3856 1312 3907 δ’
1331 3855 1417 3926 εἴη
1453 3856 1616 3909 παντί
1653 3873 1775 3920 που,
1802 3857 1878 3919 ὡς

286 3944 403 3997 οὐκ
434 3944 501 3997 ἄν
527 3962 654 3997 ποτε
702 3944 1077 4014 Θεμιστοκλῆς
1108 3946 1244 4015 πρὸς
1276 3947 1466 4017 φήμης
1494 3947 1659 4018 ἤλασε
1695 3946 1889 4000 τοσοῦθ’

281 4054 413 4101 τον,
436 4038 487 4088 εί
522 4038 595 4105 μὴ
627 4037 834 4108 Ξέρξης
861 4037 1060 4107 ήλασεν
1104 4039 1189 4105 ἐφ’
1212 4040 1503 4108 Ἕλληνας.
1555 4041 1670 4094 Οὐκ
1695 4039 1761 4094 ἂν
1818 4042 1876 4094 δὲ

283 4130 606 4199 Μιλτιάδης
634 4133 840 4194 ἐκεῖνος
867 4125 1021 4200 οἶμαι
1050 4131 1105 4195 ἐς
1136 4131 1305 4201 ὄνομα
1334 4134 1521 4203 ἤγετο,
1562 4136 1610 4187 εἰ
1638 4134 1713 4204 μή
1742 4136 1878 4204 Περ-

285 4222 451 4274 σικοὶ
474 4225 749 4291 σατράπαι
770 4226 861 4276 καὶ
888 4225 955 4277 τὰ
1003 4226 1100 4297 τῆς
1144 4227 1328 4288 Ἀσίας
1354 4228 1493 4281 ὅπλα
1527 4229 1662 4296 πρὸς
1703 4229 1877 4281 Ἀττι-

285 4315 404 4383 κὴν
436 4314 530 4367 καὶ
556 4314 869 4383 Μαραθῶνα
906 4318 1172 4372 διέϐαινον
1203 4302 1488 4389 πρότερον.
1548 4320 1686 4373 Ἀλλ’
1728 4318 1874 4392 εἶχον

278 4410 364 4459 ἂν
396 4407 498 4476 τὴν
534 4408 734 4476 ἀρετὴν
766 4409 1238 4480 θαλαμευομένην,
1270 4414 1346 4471 ὡς
1372 4416 1571 4477 εἰπεῖν,
1595 4416 1690 4467 καὶ
1716 4416 1875 4486 ἁτεχ-
1916 4459 1922 4463 .

1978 1929 2033 1974 et
2063 1919 2434 1973 Marathonem
2488 1926 2914 1987 penetrassent:
2946 1917 3039 1972 sed
3099 1932 3293 1971 eorum
3352 1916 3549 1981 virtus,

1980 2021 2038 2064 ut
2073 2021 2219 2064 terra
2270 2009 2452 2063 obruti
2509 2010 2767 2073 thesauri,
2803 2010 2857 2064 in
2912 2013 3146 2063 obscuro
3179 2011 3447 2065 latuisset.
3481 2010 3552 2065 At

1981 2112 2132 2156 tuutu
2191 2102 2436 2156 divinum
2500 2102 2777 2171 ingenium
2830 2119 2953 2156 cum
3017 2118 3083 2157 ex
3139 2104 3263 2157 aliis
3325 2100 3552 2158 inﬁnitis

1977 2195 2212 2266 perspici
2249 2205 2435 2264 queat,
2492 2206 2606 2248 tum
2643 2210 2776 2248 vero
2827 2211 2892 2250 ex
2935 2210 3022 2261 eo,
3074 2197 3222 2264 quod
3251 2212 3375 2251 cum
3418 2207 3552 2250 tem-

1979 2303 2109 2357 pora
2148 2287 2597 2351 adversarentur,
2629 2301 2727 2341 nec
2757 2296 2934 2341 tamen
2964 2301 3051 2340 res
3078 2295 3196 2340 tuas
3216 2270 3550 2348 everterent,

1979 2378 2031 2433 id
2063 2378 2537 2432 evidentissimum
2584 2378 2798 2447 signum
2855 2377 2959 2431 fuit
3000 2377 3308 2446 praestantis
3341 2386 3447 2430 tua:
3469 2392 3554 2428 διδ-

1979 2470 2218 2538 pientiae.
2274 2469 2409 2524 Nam
2444 2484 2567 2523 cum
2624 2470 2914 2538 imperium
2955 2469 3368 2537 perturbatione
3439 2469 3554 2536 ple-

1980 2581 2111 2618 num
2167 2563 2524 2631 suscepisses,
2558 2577 2661 2616 nec
2699 2562 2968 2615 dissimile
3002 2561 3245 2616 nubibus
3278 2562 3348 2616 ab
3381 2562 3554 2631 Aqui-

1979 2655 2104 2709 lone
2156 2654 2392 2724 agitatis.
2437 2664 2492 2708 et
2524 2668 2661 2723 pene
2691 2668 2885 2707 euntes
2937 2653 3190 2707 nationes
3220 2655 3272 2707 in
3305 2663 3552 2706 nostrum

1981 2747 2147 2817 338
2182 2745 2423 2817 exitium
2479 2743 2891 2812 conspirassent
2945 2751 3095 2796 tanta
3166 2742 3552 2804 vehementia,

1984 2850 2226 2910 quantus
2255 2840 2308 2891 in
2339 2837 2445 2892 Nili
2498 2836 2790 2890 cataractis
2815 2835 3054 2904 impetus
3089 2835 3207 2889 esse
3233 2834 3408 2890 fertur
3443 2853 3454 2886 :
3496 2846 3551 2887 tu

1980 2935 2130 2990 Solus
2171 2932 2560 3001 impressiones
2601 2931 2721 2984 illas
2772 2929 3047 2983 constanti
3110 2930 3327 2989 animo,
3383 2928 3554 2981 instar

1982 3027 2223 3081 immotae
2252 3025 2405 3094 rupis
2445 3023 2716 3077 violentos
2762 3022 2963 3075 ﬂuctus
3002 3020 3362 3088 aspernantis,
3397 3034 3557 3073 exce-

1983 3119 2139 3189 pisli.
2173 3126 2337 3186 atque
2395 3115 2640 3167 omnium
2696 3114 3068 3184 periculorum
3141 3112 3554 3181 tempestatibus

1981 3209 2189 3265 sedatis
2220 3210 2277 3261 in
2328 3206 2680 3274 tranquillum
2730 3216 2949 3274 portum
2987 3218 3087 3257 nos
3113 3203 3438 3272 perduxisti.
3476 3202 3553 3255 Ita

1982 3311 2038 3356 tu
2073 3302 2296 3372 quidem
2321 3309 2377 3354 et
2404 3299 2677 3353 deliberas
2710 3306 2766 3350 et
2790 3296 3039 3364 disponis
3064 3295 3271 3356 omnia,
3301 3303 3360 3347 ut
3390 3309 3553 3347 nemo

1979 3393 2225 3446 omnium
2267 3392 2417 3461 prius
2465 3389 2555 3443 illa
2596 3389 2839 3456 cogitare
2880 3386 3077 3456 possit,
3113 3400 3276 3454 quam
3313 3385 3551 3453 perfecta

1979 3486 2189 3541 fuerint
2223 3504 2236 3539 :
2291 3484 2457 3554 idque
2506 3483 2643 3536 adeo
2682 3481 2862 3557 facile,
2905 3492 2963 3535 ut
3011 3478 3288 3533 dillieilius
3321 3477 3393 3532 sit
3431 3477 3553 3530 aliis

1979 3596 2039 3632 ea
2075 3593 2527 3638 commemorare.
2574 3590 2735 3646 quam
2797 3573 2895 3627 tibi
2948 3572 3354 3626 administrare.
3393 3569 3551 3626 Unde

1981 3672 2060 3733 iit,
2097 3680 2157 3726 ut
2207 3670 2252 3724 si
2309 3670 2434 3738 quis
2489 3681 2816 3721 enumerare
2852 3665 2983 3718 velit
3032 3662 3461 3733 prudentissima
3494 3671 3552 3715 et

1979 3765 2126 3819 dicta
2157 3773 2213 3818 et
2253 3762 2393 3816 facta
2428 3770 2541 3825 tua,
2573 3775 2684 3813 non
2740 3758 2891 3812 aliud
2957 3765 3099 3827 agat,
3147 3770 3307 3825 quam
3332 3754 3426 3824 qui
3454 3771 3551 3811 cu-

1976 3857 2174 3926 jusque
2231 3855 2340 3908 diei
2392 3854 2556 3907 horas
2609 3864 2901 3904 numerare
2948 3847 3269 3909 instituerit,
3317 3861 3549 3917 quarum

1979 3948 2129 4002 nulla
2153 3946 2389 4000 elabitur
2438 3944 2931 4013 pulcherrimarum
2975 3948 3192 4001 tuarum
3232 3938 3315 3992 vel
3344 3937 3552 3991 oratio-

1980 4056 2109 4094 num
2142 4039 2225 4092 vel
2257 4038 2537 4091 actionum
2571 4048 2789 4103 expers.
2839 4032 2973 4086 Nam
3007 4031 3092 4086 vel
3138 4040 3243 4085 tua:
3276 4030 3425 4083 varis
3457 4044 3550 4082 so-

1976 4147 2083 4186 nus
2120 4144 2262 4185 unus
2298 4130 2512 4197 mitigat
2541 4136 2596 4179 et
2643 4124 3002 4179 mansuefacit
3068 4121 3345 4176 hominem
3383 4121 3548 4176 etiam

1980 4224 2438 4278 immanissimum
2465 4236 2476 4269 :
2507 4219 2670 4287 idque
2698 4218 2936 4278 facilius,
2962 4231 3123 4285 quam
3159 4215 3274 4285 lyra
3313 4214 3548 4270 'Davidis

1977 4319 2308 4374 tlzetnOnium
2343 4316 2526 4370 Saulis
2570 4313 2810 4383 l’ugabat.
2854 4311 3013 4366 Nunc
3047 4310 3216 4380 igitur
3258 4318 3351 4363 tuo
3385 4308 3552 4363 bene.

1979 4413 2103 4466 licio
2180 4417 2327 4463 metu
2389 4407 2536 4459 omni
2587 4403 2739 4458 vacui
2790 4416 3001 4456 sumus.
3061 4401 3193 4454 Nam
3241 4414 3358 4454 cum
3412 4399 3547 4453 tein

277 4498 407 4560 νὼς
434 4500 495 4550 ἐν
531 4499 712 4570 ἀδήλῳ
771 4504 1050 4571 κειμένην,
1085 4502 1275 4574 ὥσπερ
1321 4507 1369 4557 οἱ
1422 4505 1705 4575 θησαυροί.
1769 4508 1874 4559 Καὶ

1979 4503 2249 4574 puppi,ut
2280 4501 2352 4553 ita
2406 4497 2608 4559 dicam,
2661 4508 2847 4548 rerum
2905 4501 3217 4546 nostrarum
3268 4490 3546 4544 sedentem

278 4591 395 4644 σοῦ
428 4591 486 4642 δὲ
519 4591 615 4662 τὴν
641 4593 874 4663 οὐρανοῦ
907 4595 1186 4664 ψαύουσαν
1210 4598 1477 4667 φρόνησιν
1545 4599 1751 4652 κατίδοι
1809 4601 1874 4653 ἄν

276 4699 381 4743 τις
414 4684 481 4734 εκ
528 4685 736 4751 μυρίων
767 4688 865 4755 μὲν
897 4690 988 4740 καὶ
1016 4688 1211 4741 ἄλλων·
1244 4691 1370 4742 ἐπεὶ
1401 4690 1459 4743 δὲ
1488 4693 1581 4744 καὶ
1615 4695 1642 4745 ό
1684 4697 1875 4764 καιρδς

277 4770 629 4824 ἀντέπνευσε
654 4774 772 4839 μὲν,
804 4776 904 4828 οὐκ
930 4775 1230 4848 ἀνεσόόησε
1252 4778 1306 4830 δέ
1337 4796 1431 4830 σου
1453 4780 1519 4832 τὰ
1552 4781 1874 4849 πράγματα,

284 4862 489 4929 πάσης
532 4862 768 4930 βασάνου
835 4868 1171 4935 σαφέστερον
1219 4868 1366 4921 τοῦτ’
1391 4872 1458 4923 ἂν
1509 4873 1592 4940 εἴη
1654 4872 1874 4940 δεῖγμα,

282 4952 581 5022 ακιὸδήλῳ
605 4954 767 5021 φάναι
795 4957 982 5028 χρυσῷ
1034 4960 1472 5013 κατεσκευάσθαι
1520 4978 1613 5014 σου
1658 4964 1727 5014 τὰ
1773 4966 1873 5033 τῆς

278 5041 563 5103 διανοίας.
599 5043 799 5097 Πολλοῦ
828 5046 935 5116 γὰρ
957 5048 1025 5100 τὰ
1055 5051 1358 5119 πράγματα
1392 5052 1630 5120 εἰληφὼς
1652 5054 1870 5124 διατρέ-

284 5148 491 5201 λοντος
519 5135 813 5201 κυκεῶνος,
850 5136 960 5202 οἷος
993 5140 1060 5193 ἂν
1105 5141 1395 5213 διαδράμοι
1448 5146 1678 5214 νεφέλας
1737 5150 1875 5215 ὀλη-

1978 4599 2263 4651 videamus
2314 4599 2372 4646 et
2433 4590 2727 4659 diligenter
2774 4587 3160 4645 excubantem,
3206 4599 3275 4636 ex
3331 4583 3398 4637 iis
3428 4596 3550 4650 qua)
3612 4578 3627 4593 ’

1979 4693 2402 4761 praecesserunt,
2451 4682 2626 4753 parati
2683 4694 2876 4735 sumus
2906 4696 2919 4732 :
2946 4688 3002 4733 et
3036 4690 3211 4744 nuper
3235 4683 3547 4742 exspectata

1979 4780 2243 4851 pericula,
2302 4778 2618 4847 priusquam
2676 4772 2976 4844 periculum
3016 4782 3205 4824 eorum
3262 4767 3547 4828 facimnns,

1968 4872 2306 4937 avertimus,
2346 4881 2436 4924 tua
2491 4868 2761 4937 sapientia
2810 4865 2899 4919 illa
2952 4863 3143 4916 omnia
3171 4860 3547 4930 prepulsatum
3637 4878 3640 4887 λ

1979 4968 2043 5022 iri
2080 4966 2458 5036 prtevidentes.
2484 4963 2561 5016 Ac
2608 4959 2874 5027 tantisper
2901 4956 3126 5011 forsitan
3160 4954 3328 5025 aliqui
3356 4953 3552 5021 despe-

1980 5061 2175 5124 rarint,
2214 5061 2409 5127 donec,
2439 5070 2706 5108 summam
2762 5050 3111 5120 prudentiam
3163 5060 3308 5102 tuam
3340 5047 3550 5117 rogita-

1985 5153 2135 5204 rint:
2171 5161 2282 5203 tum
2328 5160 2458 5199 vero
2493 5145 2563 5197 ita
2614 5148 2954 5204 recreantur,
2985 5148 3044 5193 ut
3102 5138 3280 5193 alllatu
3325 5135 3547 5192 Favonii

272 5222 425 5275 νίκα
455 5225 539 5295 εἴη
587 5230 833 5297 στροφῶν
880 5234 1192 5305 ἀπαρκτίας
1236 5239 1330 5290 καὶ
1400 5243 1598 5307 μικροῦ
1653 5240 1875 5292 πάντων

1979 5224 2291 5298 aestuantes.
2320 5237 2426 5291 Sed
2455 5236 2584 5305 quid
2620 5250 2720 5303 ego
2762 5231 3085 5301 imprudens
3104 5206 3269 5300 339
3291 5229 3343 5282 in
3370 5228 3551 5281 excel-

285 5311 476 5365 ὲθνῶν
506 5319 590 5384 ὲφ²
619 5320 764 5388 ήμᾶς
812 5326 1143 5393 κινουμένων
1190 5327 1331 5381 οὕτω
1382 5329 1644 5399 σφοδρῶς,
1687 5329 1877 5399 ὥσπερ

284 5405 395 5468 οὓς
420 5424 553 5473 φασι
587 5415 935 5480 καταράκτας
970 5416 1189 5483 Νείλου,
1246 5422 1405 5490 μόνος
1441 5422 1599 5485 αὖτδς
1631 5426 1728 5484 τὰς
1782 5424 1880 5492 ἐμ-

288 5497 465 5559 εολᾶς
490 5501 545 5563 ἒς
584 5502 807 5558 σεαυτόν
834 5510 1228 5579 ἀναδεχόμενος
1290 5516 1484 5566 ἑστῶτι
1537 5517 1875 5585 φρονήματι,

1976 5336 2158 5389 lenti-.e
2214 5343 2319 5386 tua:
2380 5329 2624 5400 gurgites
2691 5340 2777 5379 me
2837 5323 3099 5395 paulatim
3160 5318 3436 5375 immitto?
3490 5318 3548 5372 id

1977 5426 2155 5495 ipsum
2187 5440 2316 5477 vero
2345 5434 2447 5484 est,
2478 5418 2621 5488 quod
2662 5417 2820 5481 initio
2851 5415 3117 5471 orationis
3150 5411 3545 5472 detrectabam,

1978 5531 2103 5571 cum
2129 5514 2386 5571 omnibus
2418 5514 2525 5567 tuis
2573 5511 2831 5566 laudibus
2857 5507 3221 5580 pratdicandis
3248 5507 3403 5575 plane
3442 5517 3546 5557 IIII-

1648 5652 1977 5713 Variorum
2011 5656 2195 5712 uotm.

373 5771 490 5844 (35)
540 5774 608 5830 Ea
645 5779 863 5837 Pindari
896 5785 1056 5841 verba
1100 5787 1369 5859 Gregoras
1401 5805 1429 5845 a
1465 5789 1689 5844 Platone
1722 5798 2030 5861 acceperat,
2060 5784 2202 5859 apud
2232 5800 2394 5854 quem
2428 5795 2645 5843 exstant
2684 5787 2781 5843 lib.
2811 5805 2829 5842 ι
2862 5787 2937 5841 De
2971 5781 3193 5855 Republ.
3230 5780 3436 5836 Bon‘rx.
