4016 6580
385 374 486 437 521

636 371 710 443 [λ-
752 386 802 426 c-
851 370 985 444 '28?-
1021 386 1090 425 λυ
1133 369 1290 443 1328]
1368 375 1816 437 BYZANTIN/E
1854 375 2238 438 HISTORUE
2279 361 2422 438 Ll'B.
2467 376 2631 436 vm.

3289 292 3305 318 \

2719 371 2857 443 [ιιιν.
2902 383 3183 424 ANNIO-Nic.
3227 367 3370 438 sera]

3515 371 3614 434 522

377 489 461 558 τῷ
493 492 720 562 παρόντι
742 492 1014 562 ἠνάγκαζε
1042 493 1297 558 δέξασθαί
1345 512 1433 564 με,
1469 495 1534 549 ἵν’
1561 496 1643 566 εἴη
1673 513 1756 559 τις
1814 498 1933 549 τοῦτ

2058 495 2132 550 illi
2169 495 2240 549 ob
2271 495 2434 550 talem
2461 510 2586 564 erga
2622 508 2704 549 me
2731 493 3080 549 affectionem
3129 489 3614 553 conviciabantur;

380 582 740 648 εὐπρόσωπος
764 583 909 653 αὐτῷ
942 585 1164 656 ἀφορμὴ
1217 589 1354 657 πρὸς
1404 588 1530 652 τοὺς
1562 587 1949 658 βασκαίνοντας

379 672 478 724 καὶ
505 673 599 725 ὐπ’
630 675 816 728 ὀδόντα
848 675 1286 746 λοιδορουμένους
1336 679 1484 750 αὐτῷ
1527 683 1626 750 τῆς
1668 680 1944 751 ἡμετέρας

379 761 569 815 είνεκα
589 767 776 833 τιμῆς,
801 760 868 834 ἦς
889 766 1017 837 παρ’
1036 767 1198 820 αὐτοῦ
1223 769 1487 839 λαμπρῶς
1507 770 1666 833 εὐθὺς
1684 771 1954 842 ἐκαρπού-

383 867 514 920 μην,
580 853 718 922 μήτε
767 854 958 924 χρόνον
1024 858 1475 927 προεισενεγκὼν,
1543 859 1618 922 ὡς
1673 859 1794 924 ἔθος
1844 863 1956 923 τοῖς

380 945 677 1011 πλείστοις,
711 948 848 1014 μήτε
886 948 1007 1002 τινὰ
1041 950 1232 1002 πολιὰν
1254 951 1436 1020 τρίχα,
1477 953 1614 1021 μήτε
1645 953 1767 1005 τινὰ
1789 951 1955 1022 τιμὴν

381 1035 683 1105 ἱερατικὴν.
725 1037 1027 1106 Ηύτρέπιξε
1061 1039 1116 1091 δέ
1146 1057 1236 1110 μοι
1263 1041 1390 1112 ἤδη,
1424 1042 1499 1104 ὡς
1522 1041 1609 1111 ἐφ’
1639 1042 1841 1112 ἑτοίμῳ
1876 1041 1953 1112 τῷ
1985 1094 2001 1104 ,

377 1129 688 1195 πράγματι,
725 1132 816 1181 καὶ
840 1129 875 1182 ἃ
893 1134 957 1200 τῇ
976 1131 1098 1200 ἀξίᾳ
1126 1134 1469 1200 προσήκοντα
1497 1129 1636 1203 ἦσαν
1661 1133 1950 1202 ἐνδύματα.

2055 579 2232 657 quod-
2259 603 2359 643 nec
2409 601 2661 658 provecta
2695 596 2850 643 aetate
2900 601 2999 641 nec
3053 599 3190 639 cano
3223 583 3482 653 capillitio
3521 596 3620 637 nec

2056 678 2362 733 sacerdotio
2395 679 2581 747 aliquo
2629 679 3069 742 commendatus,
3111 685 3171 731 ut
3200 675 3443 745 plerique
3478 674 3620 728 soleo

2054 779 2195 831 rent.
2227 772 2316 826 illa
2351 771 2584 826 fruerer.
2619 771 2734 828 Iam
2763 785 2912 834 vero,
2941 780 2998 824 ut
3027 784 3083 823 re
3107 784 3214 823 non
3242 767 3426 831 dubia,
3445 767 3615 822 etiam

2054 862 2306 932 dignitati
2356 873 2755 918 consentaneas
2805 871 2986 917 vestes
3038 861 3169 914 mihi
3223 859 3468 929 parabat.
3508 859 3618 930 Ego

2053 967 2209 1019 vero,
2245 969 2368 1007 cum
2404 953 2828 1008 adolescentiam
2874 966 3049 1006 meam
3083 959 3138 1004 et
3174 963 3386 1019 tempus
3418 948 3613 1017 hujus-

2054 1044 2198 1098 modi
2233 1045 2395 1120 rebus
2428 1044 2664 1098 alienum
2701 1043 3158 1106 considerassetn,
3203 1044 3272 1095 ad
3320 1041 3466 1132 hunc
3506 1053 3623 1092 mo-

2051 1134 2182 1189 dum
2223 1135 2387 1190 verba
2411 1134 2516 1189 feci
2543 1151 2558 1188 :

390 1215 536 1284 Ἐγὼ
564 1216 608 1269 δ’
638 1221 693 1276 ἐς
715 1218 816 1282 τὴν
856 1218 1104 1287 ἐμαυτοῦ
1137 1220 1364 1290 νεότητα
1395 1221 1602 1274 ἀπιδὼν
1631 1222 1726 1276 καὶ
1755 1224 1853 1292 τὴν
1891 1221 2000 1277 τῶν
2023 1223 2276 1277 τοιούτων
2302 1224 2510 1294 ἀωρίαν
2535 1225 2876 1296 πραγμάτων
2900 1223 3183 1298 παρελθὼν
3219 1222 3373 1289 ἐὶεξτ
3401 1219 3615 1286 τοιάδεβ

451 1311 526 1365 B'.
574 1330 592 1362 t
629 1313 760 1384 Περὶ
787 1316 885 1381 μὲν
926 1315 1167 1384 ἐμαυτοῦ
1219 1316 1330 1387 (89)
1374 1320 1466 1371 καὶ
1519 1318 1592 1380 ὡς
1642 1319 1793 1372 οὓπω
1853 1337 1933 1390 μοι

2114 1319 2179 1374 ll.
2227 1339 2246 1372 ι
2291 1321 2444 1387 Quod
2473 1322 2540 1375 ad
2571 1337 2657 1375 me
2687 1328 2742 1374 et
2781 1321 3125 1374 immaturam
3153 1316 3463 1371 sacerdotio
3489 1328 3621 1371 ata-

374 1405 571 1473 καίρια
600 1405 668 1456 τὰ
719 1407 817 1474 τῆς
873 1407 1140 1476 ίερατείας
1204 1407 1410 1478 βραχύν
1447 1426 1570 1463 τινα
1608 1412 1933 1481 ἀποχρήσειι

2046 1417 2152 1462 tem
2188 1411 2406 1473 attinet,
2441 1425 2548 1464 non
2583 1424 2776 1477 magna
2808 1423 2946 1477 Opus
2971 1421 3090 1462 esse
3115 1406 3360 1460 arbitror
3385 1421 3620 1460 excusa-

373 1509 472 1560 μοι
499 1493 642 1546 δοκῶ
667 1495 758 1545 τὸν
785 1496 1069 1564 ἀπόλογον.
1109 1498 1177 1550 Ὅ
1230 1515 1287 1550 τε
1318 1499 1424 1571 γάρ
1454 1517 1545 1569 μοι
1577 1501 1764 1570 χρόνος
1793 1501 1933 1556 οὔπα

2044 1497 2210 1554 tione.
2237 1501 2370 1554 Nam
2389 1509 2443 1554 et
2469 1501 2596 1554 anni
2630 1501 2733 1556 mei
2768 1501 2968 1554 talibus
2991 1500 3155 1554 rebus
3193 1508 3322 1554 sunt
3354 1498 3615 1568 impares,

366 1580 579 1650 ὡραῖος
619 1582 754 1653 πρός
799 1600 862 1651 γε
906 1586 972 1638 τά
999 1584 1242 1639 τοιαῦταο
1269 1588 1364 1640 καὶ
1415 1589 1593 1658 μέντοι
1644 1607 1708 1658 γε
1766 1593 1859 1645 καὶ
1895 1595 1933 1645 oi

2041 1601 2096 1644 et
2128 1591 2224 1646 otii
2262 1608 2324 1645 ac
2365 1593 2670 1645 litterarum
2705 1592 2930 1646 insanus
2963 1608 3026 1646 ac
3066 1593 3306 1647 furiosus
3337 1607 3490 1645 amor
3520 1589 3618 1643 ad-

362 1675 471 1740 τῆς
503 1675 728 1743 ἡσυχίας
761 1680 854 1731 καὶ
882 1676 990 1729 τῶν
1021 1679 1195 1747 λόγων
1217 1680 1515 1753 ’μανιώδεις
1548 1684 1642 1735 καὶ
1682 1683 1933 1754 λελυττη-

2047 1684 2158 1738 huc
2181 1683 2324 1752 apud
2358 1699 2442 1737 me
2477 1683 2651 1738 fervet
2679 1702 2691 1738 :
2729 1699 2832 1738 nec
2861 1699 2946 1738 me
2978 1684 3202 1738 missum
3235 1683 3505 1737 facturum
3539 1684 3620 1735 af-

368 1767 532 1826 κότες
565 1765 761 1836 ἔρωτες
793 1766 1000 1837 ήδῶσιν
1034 1769 1114 1823 ἔτι
1146 1770 1276 1842 παρ’
1303 1773 1423 1840 ἐμοὶ
1459 1773 1553 1825 καί
1592 1790 1659 1842 με
1693 1773 1791 1846 μὴ,
1815 1776 1945 1844 πρὶν

366 1859 454 1917 εἰς
483 1857 643 1926 κόρον
699 1858 970 1928 ἐξήκεινη
999 1864 1264 1942 παρήσειν
1315 1863 1756 1933 διῖσχυρίζονται.
1807 1865 1941 1920 Τότε

363 1951 480 2014 γὰρ
507 1948 602 2000 καὶ⁵
644 1949 709 2001 τὰ
744 1951 842 2018 τῆς
895 1949 1133 2013 διανοίας
1177 1951 1237 2003 τὸ
1271 1954 1468 2020 ἄφετον
1501 1951 1644 2030 ἕξειν
1685 1957 1778 2008 καὶ
1807 1956 1943 2008 ἀπο⁴

365 2045 522 2108 χρῶν
537 2041 670 2108 πρὲις
684 2041 819 2094 Θεοῦ
839 2041 1196 2113 λειτουργίαν.
1218 2044 1291 2097 Τὸ
1315 2045 1370 2098 δὲ
1395 2044 1488 2098 νῦν
1517 2047 1942 2118 ὲμὸριθεστέραν

369 2128 515 2182 εἶναι
551 2119 651 2200 τὴν
679 2132 786 2183 τῶν
820 2135 1132 2204 μυστηρίων
1164 2135 1387 2206 τόλμαν.
1414 2137 1447 2206 ἦ
1475 2137 1547 2200 ὡς
1579 2139 1677 2208 ἐμέ
1719 2155 1781 2208 γε
1810 2142 1943 2194 ὲνεϊ-

370 2237 464 2272 ναι
505 2221 700 2291 ῥᾳδίως
733 2222 975 2290 ἐνέγκαι,
1007 2224 1164 2277 τοῦτο
1203 2225 1249 2278 δ’
1269 2224 1362 2280 οὖν
1402 2228 1450 2279 εί
1473 2229 1546 2296 μή
1591 2246 1668 2299 τῳ
1718 2230 1783 2300 δὴ
1833 2231 1939 2284 τῶν

369 2312 594 2363 πάντων
619 2311 780 2382 ἄλλῳ,
813 2312 949 2366 ἀλλά
971 2315 1078 2384 γὰρ
1109 2316 1162 2368 εί
1187 2332 1238 2367 τι
1262 2316 1369 2369 τῶν
1398 2317 1653 2371 ἁπάντων
1687 2320 1814 2374 ἄλλο
1832 2323 1938 2374 ’καὶ

365 2401 533 2455 τοῦτο
562 2402 625 2472 δὴ
645 2401 750 2455 τῶν
780 2405 920 2457 πάνυ
953 2423 1034 2458 τοι
1055 2407 1337 2478 προδήλων
1354 2410 1562 2480 ἔμοιγε.
1583 2406 1814 2481 Ὁπόσην
1829 2413 1938 2482 γὰρ

376 2491 554 2558 ἐχρῆν
582 2490 674 2542 τοῦ
703 2495 1023 2562 πράγματος
1051 2495 1149 2563 τὴν
1175 2499 1391 2566 πεῖραν,
1430 2499 1616 2569 τόσην,
1650 2500 1724 2562 ὡς
1741 2503 1934 2568 εἰπεῖν,

362 2582 529 2636 ἀσκῶ
562 2583 658 2654 τὴν
688 2586 942 2656 ἀπειρίαν
971 2589 1026 2639 ὲν
1064 2577 1291 2659 γοῦντῷ
1313 2591 1561 2660 παρόντι.
1591 2595 1662 2646 Τὸ
1683 2595 1729 2648 δ’
1762 2595 1936 2660 οὕτως

367 2677 551 2746 ἔχοντ’
569 2677 790 2748 ἀμαθῶς
815 2680 1162 2752 κατατολμᾷν
1184 2683 1292 2734 τῶν
1330 2682 1491 2736 Θείων
1515 2685 1608 2738 καὶ
1621 2687 1931 2756 ἀψαύστων,

363 2767 559 2836 ὅμοιον
574 2766 631 2821 ὃν
649 2767 836 2840 ὥσπερ
853 2767 918 2822 ἂν
936 2770 988 2821 εί
1001 2771 1339 2841 τιςὲπεπήδα
1358 2772 1617 2845 θαλάττῃ,
1637 2777 1764 2846 πρὶν
1781 2775 1813 2847 ἢ
1831 2794 1934 2846 μα-

363 2856 487 2909 Θεῖν
502 2857 873 2929 διανήχεσθαι,
892 2858 1008 2913 οὐθ’
1029 2862 1180 2929 ὑγιὲς
1201 2860 1415 2932 ἥγημαι
1429 2868 1521 2917 καὶ
1545 2867 1662 2920 οὐδὲ
1685 2866 1932 2922 πλείστου

359 2949 476 3002 δέω
499 2949 890 3021 θαυμάζειν,ζεί
908 2968 988 3013 τις
1004 2953 1289 3022 ἀνάσχοιτό
1308 2971 1432 3006 ποτε
1449 2957 1716 3028 τοσαύτην
1733 2959 1934 3029 τόλμαν

362 3041 704 3111 ἀνασχέσθαι
743 3042 988 3114 λογισμῴ
1039 3043 1400 3114 καθεστηκότι
1446 3046 1696 3117 πλήττων
1719 3050 1929 3107 ἑαυτόν.

370 3133 556 3186 Ποίων
587 3137 685 3204 μὲν
735 3136 844 3207 γὰρ
873 3137 972 3188 οὐκ
995 3135 1059 3189 ἂν
1089 3137 1173 3206 εἴη
1206 3119 1557 3208 πρηστήρων,
1583 3140 1746 3195 ποίων
1762 3141 1808 3194 δ’
1830 3144 1930 3197 οὐκ
1957 3157 2000 3215 c

362 3225 436 3278 ἂν
468 3225 765 3282 θαλαττίων
795 3227 1082 3298 πυθμένων
1136 3227 1196 3279 τὸ
1226 3230 1458 3299 πρᾶγμα
1486 3230 1740 3299 ὲπάξιον;
1787 3229 1926 3289 Εἶεν.

361 3319 444 3370 Τό
475 3335 538 3386 γε
609 3321 714 3389 μὴν
769 3319 904 3388 πρὸς
942 3319 1042 3388 ἐμὲ
1075 3322 1320 3390 εὐμενὲς,
1346 3323 1438 3375 καὶ
1493 3324 1786 3393 κηδόμενον
1836 3326 1930 3380 τοῦ

363 3408 465 3461 σοῦ
485 3411 718 3478 κράτους
750 3413 844 3464 καὶ
879 3413 1012 3482 πρὸς
1045 3413 1270 3476 εὐποῖας
1292 3413 1433 3467 πάνυ
1463 3431 1545 3467 τοι
1574 3417 1776 3486 σφόδρα
1811 3420 1932 3470 ἐπι-

360 3499 543 3562 κλινὲς
562 3505 652 3554 καὶ
671 3493 986 3573 ὀξύρροπὸν,
1006 3503 1225 3575 [P.Q-IO]
1244 3504 1398 3576 είπερ
1410 3505 1472 3576 δή
1490 3507 1660 3560 τιτῶν
1679 3507 1930 3562 ἁπάντων

357 3589 552 3658 ἕτερον
578 3593 668 3641 καὶ
701 3590 857 3643 τοῦτο
881 3591 924 3644 δ’
947 3593 1005 3644 ἐν
1032 3595 1142 3655 τοῖς
1179 3595 1415 3663 μάλιστα
1463 3596 1651 3665 ἔγωγε.
1693 3598 1928 3668 ἄγαμαιο

357 3685 458 3734 καί
486 3681 586 3734 οὐκ
607 3683 714 3752 ἔχω
764 3684 1099 3748 παντοδαπὸς
1146 3688 1462 3757 γιγνόμενος
1500 3688 1607 3742 τίσι
1645 3692 1929 3762 χρησάμε-

358 3788 452 3833 νος
477 3773 741 3837 ἐπινοίαις
770 3774 955 3843 γνοίην
984 3777 1130 3838 ὅπως
1156 3775 1286 3828 ποτὲ
1349 3780 1444 3831 καὶ⁵
1474 3775 1672 3832 οἷστισι
1702 3782 1812 3844 τοῖς
1846 3782 1929 3834 al-

356 3862 499 3924 τίοις
544 3864 702 3927 αὐτὸς
749 3865 1113 3937 χρησάμενος,
1150 3861 1195 3920 ὦ
1257 3867 1501 3938 βασιλεῦ,
1542 3871 1781 3936 τοιοῦτός
1834 3879 1925 3944 μοι

353 3956 547 4023 γίγνῃ.
591 3953 752 4021 ⁹Αλλ’,
795 3955 867 4016 ὼς
895 3951 1066 4021 ἔοικε,
1127 3959 1260 4027 πρὸς
1311 3960 1400 4012 τὸν
1431 3959 1607 4014 κοινὸν
1647 3949 1924 4035 Δεσπότην

351 4043 552 4113 ὥσπερ
588 4046 724 4114 πρὸς
754 4047 1059 4115 ἀρχέτυπον
1113 4051 1327 4117 εὐφυῶς
1393 4053 1770 4124 ἁμιλλώμενος
1823 4057 1923 4110 οὐκ

350 4134 648 4203 ἀναμένεις
676 4137 854 4198 αίτίας
885 4139 971 4191 ἀεὶ
999 4139 1126 4209 περὶ
1145 4141 1252 4193 πᾶν
1280 4143 1506 4210 ἀγαθόν’
1529 4145 1666 4198 ἀλλά
1694 4149 1770 4217 πῆ
1799 4147 1919 4216 μὲν,

355 4228 440 4294 πῆ
464 4226 750 4290 δ’άναίτιος
779 4230 940 4300 γίγνῃ
995 4233 1088 4283 καὶ
1129 4233 1333 4302 σφόδρα
1361 4235 1642 4304 φιλότιμος
1697 4241 1919 4310 εὐεργέ-

349 4335 478 4387 της.
511 4320 574 4370 ’0
607 4319 669 4388 δὴ
692 4321 787 4373 καὶ
826 4322 1055 4389 μάλιστα
1088 4323 1292 4386 πάσαις
1343 4327 1539 4397 ἀρχαῖς
1591 4330 1920 4386 οἰκειότατον

347 4427 414 4462 τε
449 4411 542 4463 καὶ
573 4411 1038 4479 πρεπωδέστατον.
1102 4416 1176 4467 Τὸ
1200 4416 1309 4488 γάρ
1339 4421 1804 4492 προῦπηργμένης
1829 4425 1918 4476 αἱ-

345 4502 473 4563 τίας
498 4503 801 4571 εὐεργετεῖν
849 4507 909 4555 οὐ
941 4505 1138 4574 μᾶλλόν
1167 4507 1218 4574 γ’
1241 4508 1308 4560 ἂν
1330 4509 1416 4579 εἴη
1457 4511 1552 4562 τοῦ
1598 4512 1851 4582 δρῶντος,
1883 4515 1916 4586 ἢ
1956 4494 1993 4546 D

346 4593 450 4646 τοῦ
482 4597 578 4662 τὴν
607 4595 785 4646 αἰτίαν
818 4595 1278 4665 προόεὸλημένου.
1326 4601 1435 4652 Καὶ
1470 4599 1566 4652 νῦν
1614 4602 1805 4671 γέγονέ
1839 4623 1918 4658 σοι

343 4687 412 4738 τὸ
444 4687 542 4756 τῆς
574 4684 733 4749 ἕξεως
757 4687 916 4753 φύσις
939 4688 1329 4768 άμεταϐλήτως
1363 4692 1584 4761 ἐχουσαο
1621 4696 1712 4748 καὶ
1731 4697 1920 4768 ὥσπερ

346 4778 563 4829 ἕκαστα
589 4779 695 4829 τῶν
740 4779 909 4830 ὄντων
955 4781 1014 4831 τὸ
1046 4781 1145 4850 τῆς
1181 4781 1392 4851 φύσεως
1425 4785 1558 4837 ίδιον
1598 4766 1918 4856 αὐτομάτως

343 4862 609 4920 ἀποτελεῖ
646 4872 738 4922 καὶ
774 4871 1024 4939 ὑγραίνει
1075 4872 1176 4942 μὲν
1206 4872 1369 4946 ὕδωρ,
1401 4877 1525 4929 κάει
1564 4877 1622 4932 δὲ
1675 4879 1784 4951 πῦρ
1827 4885 1920 4937 καὶ

338 4959 519 5013 τᾶλλα
542 4960 612 5022 ὡς
679 4964 712 5030 ὴ
768 4963 927 5031 φύσις
970 4963 1182 5034 ἑκάστῳ
1246 4969 1712 5040 κεχειροτόνηκεν,
1775 4971 1918 5026 οὕτω

338 5053 506 5105 δίεισι
542 5053 632 5106 τδν
664 5054 842 5107 πάντα
865 5056 1036 5109 αἰῶνα
1073 5057 1438 5126 διατελοῦντα,
1496 5063 1708 5135 οὐδαμῆ
1754 5066 1918 5120 οὐδαο

341 5144 471 5212 μῶς
495 5145 824 5198 οὐδεπώποτ’
865 5147 1120 5217 οὐδεμιᾶς
1171 5152 1659 5225 ἁποχειροτονῆσαι
1697 5157 1917 5230 δεδυνη-

343 5238 522 5304 μενης
557 5237 785 5306 τροπῆς,
812 5236 953 5290 οὕτω
983 5239 1050 5310 δὴ
1080 5241 1172 5292 καὶ
1225 5243 1388 5306 αὐτὸς
1450 5245 1710 5314 πεφυκὼς
1776 5252 1912 5320 πρὸς

338 5327 666 5395 εὐεργεσίας
692 5331 849 5384 τοῦτο
881 5333 975 5388 καὶ
1008 5333 1186 5401 λόγοις

2051 1780 2251 1858 firmat,
2287 1777 2606 1845 priusquam
2648 1777 2716 1832 iis
2748 1777 3163 1849 adsalietatem
3207 1777 3443 1832 fruatur.
3477 1775 3616 1829 Tum

2050 1869 2196 1922 enim
2228 1879 2284 1922 et.
2315 1869 2544 1922 liberant
2574 1869 2688 1924 fore
2723 1885 2900 1923 meum
2932 1871 3171 1923 animum
3208 1878 3266 1923 rt
3292 1869 3357 1922 ad
3392 1866 3486 1923 Dei
3518 1883 3618 1920 mt-

2050 1961 2334 2015 nisterium
2388 1959 2665 2014 idoneum.
2723 1959 2877 2014 Nune
2931 1976 3057 2015 vero
3114 1961 3378 2015 audacem
3416 1969 3618 2032 myste-

2049 2052 2254 2106 riorum
2300 2053 2678 2109 tractationem
2731 2069 2869 2109 onus
2911 2069 3030 2110 esse
3079 2054 3316 2125 gravius,
3350 2069 3513 2122 quam
3557 2063 3619 2106 ut

2047 2140 2207 2196 facile
2237 2142 2368 2196 illud
2396 2145 2600 2212 possint
2627 2145 2918 2209 sustinere,
2947 2145 2992 2198 si
3039 2160 3199 2198 nemo
3237 2145 3376 2198 alius
3406 2143 3616 2197 intelli-

2045 2232 2143 2302 git,
2191 2249 2292 2304 ego
2322 2243 2470 2290 certe
2505 2235 2584 2290 sic
2634 2236 2902 2306 intelligo,
2943 2245 3004 2292 ut
3058 2236 3198 2291 nihil
3245 2237 3441 2306 magis.
3476 2235 3612 2303 Nam

2046 2334 2308 2394 quantam
2358 2342 2446 2382 res
2500 2328 2895 2398 experientiam
2948 2330 3246 2398 postulant,
3279 2339 3440 2384 tanta:
3475 2328 3612 2383 mihi

2046 2431 2168 2470 sum
2203 2417 2491 2487 imperitia:
2519 2421 2796 2493 conscius,
2835 2420 2938 2476 hoc
2966 2421 3186 2490 quidem
3215 2430 3482 2491 tempore.
3512 2421 3613 2476 At-

2044 2509 2135 2578 qui
2159 2510 2448 2565 hominem
2481 2511 2619 2567 adeo
2651 2512 2843 2567 rudem
2871 2513 3072 2568 divinis
3101 2525 3153 2568 et
3187 2530 3291 2568 non
3328 2515 3612 2585 tangendis

2041 2615 2164 2656 sese
2221 2603 2386 2658 rebus
2447 2603 2717 2675 ingerere,
2769 2621 2878 2658 non
2932 2605 3080 2659 aliud
3129 2605 3318 2670 fuerit,
3365 2622 3528 2679 quam
3565 2607 3611 2660 si

2043 2695 2166 2764 quis
2222 2695 2446 2751 natandi
2505 2697 2728 2753 nescius
2774 2697 2828 2753 in
2897 2714 3047 2753 mare
3105 2699 3322 2755 desiliat
3377 2717 3390 2754 :
3447 2699 3603 2771 34],

2042 2799 2222 2855 neque
2263 2786 2380 2841 sani
2406 2787 2647 2845 hominis
2675 2805 2776 2862 ego
2811 2806 2931 2847 esse
2974 2800 3105 2862 puto
3138 2803 3196 2848 et
3228 2795 3386 2850 valde
3416 2797 3608 2860 mirer,

2041 2878 2088 2932 si
2128 2879 2252 2949 quis
2297 2881 2482 2935 animo
2527 2890 2784 2938 constans
2833 2886 2916 2940 vel
2971 2885 3211 2956 cogitare
3261 2887 3364 2941 tale
3397 2888 3608 2958 aliquid

2040 2973 2325 3028 sustineat.
2358 2973 2566 3041 Quibus
2611 2977 2757 3031 enim
2810 2977 3154 3042 fulminibus,
3205 2980 3406 3050 quibus
3443 2984 3609 3038 maris

2041 3065 2348 3134 gurgitibus
2382 3082 2490 3121 non
2531 3068 2692 3138 digna
2716 3069 2880 3124 fuerit
2918 3071 3007 3124 illa
3039 3072 3407 3127 confidentia?
3431 3073 3607 3129 ϐοείου

2034 3173 2154 3210 rutn
2186 3171 2292 3212 tua:
2325 3160 2625 3229 majestatis
2653 3161 3000 3217 clementiam
3027 3179 3156 3234 erga
3188 3180 3296 3229 me,
3328 3166 3596 3225 sollicitu-

2037 3247 2222 3301 dinem
2278 3257 2334 3302 et
2386 3263 2653 3303 summam
2693 3251 2759 3304 ad
2816 3251 2952 3305 bene
2991 3253 3312 3307 merendum
3357 3269 3600 3323 propen-

2035 3339 2270 3406 sionem,
2307 3341 2352 3395 si
2384 3341 2516 3411 quid
2550 3357 2777 3411 usquam
2805 3343 2951 3396 aliud
2997 3344 3078 3397 vel
3117 3345 3168 3398 itt
3201 3345 3394 3414 primis
3427 3346 3603 3400 admi-

2035 3448 2126 3486 ror
2157 3453 2170 3487 :
2204 3444 2258 3488 et
2287 3450 2620 3505 quocunque
2672 3451 2758 3490 me
2805 3446 3044 3500 vertero,
3094 3453 3204 3492 non
3255 3439 3452 3508 habeo,
3490 3457 3602 3511 quo

2033 3525 2264 3580 consilio
2290 3526 2585 3594 adductus,
2625 3528 2894 3598 quibuSVe
2921 3531 3251 3597 rationibus,
3276 3534 3595 3601 imperator,

2034 3626 2087 3673 te
2118 3619 2252 3690 mihi
2286 3620 2448 3675 talem
2477 3621 2723 3690 praebeas
2750 3639 2765 3677 :
2797 3622 2902 3678 nisi
2937 3624 3083 3693 quod
3115 3634 3359 3695 apparet,
3396 3635 3446 3681 te
3470 3642 3596 3681 cum

2030 3711 2276 3763 omnium
2313 3711 2543 3766 Domino
2571 3713 2849 3784 ingeniose
2892 3717 3317 3773 contendentem
3365 3737 3471 3775 non
3511 3722 3597 3776 ul—

2029 3802 2109 3858 las
2134 3813 2448 3873 exspectare
2483 3807 2859 3862 beneficentia:
2893 3825 3086 3865 causas
3119 3828 3132 3864 :
3171 3811 3266 3866 sed
3313 3813 3446 3868 illud
3476 3824 3596 3869 tan-

2030 3900 2144 3947 tum
2205 3907 2473 3964 spectare,
2517 3898 2634 3968 'qua
2693 3901 2906 3955 ratione
2971 3901 3109 3957 bene
3150 3905 3345 3959 mereri
3399 3907 3594 3974 possis.

2027 3985 2184 4053 Quod
2217 4005 2348 4044 sane
2402 3993 2654 4046 omnibus
2700 3992 2949 4063 imperiis
2992 3994 3371 4064 dignissimum
3413 4009 3496 4053 est
3538 4006 3596 4054 et

2029 4079 2262 4134 maxime
2289 4081 2592 4150 proprium.
2623 4081 2759 4136 Nam
2795 4084 3172 4140 beneficentia:
3207 4103 3370 4142 causa
3395 4104 3596 4160 suppe-

2024 4173 2193 4227 ditata
2229 4173 2575 4240 benefacere,
2602 4190 2712 4229 non
2764 4182 2870 4229 tant
2925 4176 3156 4233 benefici
3193 4178 3377 4245 fuerit,
3424 4199 3588 4251 quam

2021 4265 2141 4334 ejus
2175 4264 2268 4334 qui
2301 4266 2354 4320 id
2383 4268 2648 4324 meruerit
2683 4285 2696 4321 :
2729 4277 2782 4323 et
2830 4283 2977 4323 nunc
3029 4270 3289 4330 diuturna
3336 4274 3424 4330 illa
3454 4292 3590 4331 con-

2022 4352 2258 4407 suetudo
2293 4361 2382 4407 tua
2427 4352 2482 4407 in
2509 4354 2902 4410 immutabilem
2937 4366 3184 4413 naturam
3221 4371 3304 4416 est
3335 4372 3540 4418 mutata
3571 4384 3584 4420 :

2022 4454 2077 4498 et
2107 4445 2179 4498 ita
2216 4453 2273 4498 ut
2316 4460 2506 4500 omnes
2547 4446 2665 4500 alia:
2696 4462 2781 4501 res
2822 4447 2935 4504 sive
2962 4459 3167 4504 natura:
3206 4467 3402 4507 munus
3444 4455 3587 4509 ultro

2023 4529 2248 4593 faciunt,
2277 4541 2334 4585 ut
2363 4548 2501 4602 aqua
2538 4533 2836 4601 humectat,
2863 4547 2920 4591 ut
2954 4537 3094 4607 ignis
3122 4539 3254 4604 urit,
3281 4541 3588 4611 eodemque
3617 4549 3625 4559 ‘

2018 4622 2180 4676 modo
2207 4631 2403 4678 caetera
2444 4640 2539 4693 per
2587 4641 2750 4681 omne
2781 4645 2954 4682 aevum
3007 4641 3231 4686 naturas
3269 4647 3397 4686 suas
3453 4634 3587 4688 reti-
3624 4669 3630 4675 ς

2019 4720 2171 4775 nent,
2211 4728 2311 4767 nec
2340 4713 2443 4768 ulla
2482 4732 2719 4785 unquam
2754 4717 2806 4772 vi
2843 4720 2910 4774 ab
2957 4719 3023 4774 iis
3074 4721 3423 4788 depelluntur
3455 4739 3469 4776 :
3503 4722 3583 4778 sic

2017 4812 2072 4858 et
2104 4804 2217 4872 ipse
2245 4804 2314 4858 ad
2343 4804 2791 4863 benefaciendum
2813 4821 2972 4866 natus
2997 4826 3172 4882 neque
3199 4812 3379 4869 verbis
3403 4829 3582 4884 neque

2018 4893 2176 4950 factis
2227 4896 2366 4954 bene
2420 4900 2621 4954 mereri
2667 4901 2906 4958 desistis.
2961 4903 3141 4970 Quare
3192 4921 3315 4961 cum
3366 4915 3585 4977 gratum

2016 4985 2260 5040 animum
2316 4988 2596 5046 declarare
2627 4993 2810 5047 verbis
2844 4993 2896 5046 in
2952 4996 3176 5080 primis"
3203 4998 3443 5065 cupiam,
3480 5013 3583 5054 nec

2016 5078 2068 5132 id
2114 5094 2215 5149 pro
2265 5079 2528 5152 dignitate
2571 5083 2752 5140 facere
2778 5085 2958 5158 342'
2985 5078 3215 5158 possim,
3250 5106 3358 5144 non
3397 5091 3582 5146 minus

2013 5178 2069 5224 et
2104 5173 2332 5242 tempori
2363 5182 2419 5228 et
2467 5176 2726 5240 orationi,
2756 5193 2917 5247 quam
2955 5179 3057 5250 ipsi
3087 5180 3219 5236 ntihi
3256 5198 3578 5248 succenseo,

2015 5277 2138 5317 cum
2191 5273 2482 5334 utrumque
2531 5281 2597 5321 ex
2651 5283 2806 5337 aequo
2862 5273 3292 5340 reprehensione
3354 5275 3580 5348 dignum

1235 5337 1330 5389 καὶ
1382 5341 1723 5411 πράγμασιν,
1750 5346 1913 5399 οἱονεί

2037 5355 2340 5410 xistitnent.
2372 5357 2506 5412 Nam
2538 5360 2716 5414 oratio
2759 5377 2883 5414 cum
2932 5365 3216 5420 materiam
3259 5378 3477 5438 superet
3516 5378 3575 5424 et

1693 5477 2028 5543 Variorum
2069 5494 2251 5548 notae.

647 5561 1644 5662 393...?"3il9i1‘i’f'f..‘Z"_‘{°E'E“E$Ei°is
1706 5577 1898 5662 [galina
1998 5585 2186 5662 Neque
2216 5605 2347 5662 ergo
2378 5607 2557 5661 opera:
2588 5609 2710 5649 esse
2742 5595 3046 5651 existimavi
3079 5614 3174 5652 eas
3208 5600 3388 5654 denuo
3423 5601 3540 5658 Lati

329 5632 621 5715 vertendis
647 5631 875 5715 Wolfius
904 5651 1010 5715 non
1039 5640 1172 5692 adeo
1203 5641 1344 5715 fidus
1374 5657 1436 5696 ac
1462 5645 1692 5715 diligens
1724 5631 1895 5705 inter:

329 5717 467 5786 pre-5
496 5705 619 5786 fuit:
650 5702 917 5786 lVlllllrtlm
956 5711 1004 5759 ei
1033 5723 1144 5786 _tton
1181 5711 1313 5764 lauti
1340 5727 1460 5786 esse
1489 5702 1617 5770 vis}?
1653 5702 1894 5786 suntrut

327 5774 567 5828 multum
593 5774 798 5826 laboris
831 5775 1167 5843 impenderet
1199 5794 1386 5835 earum
1427 5774 1887 5855 interpretationi.

605 5868 616 5876 '
656 5869 900 5926 PATROL
959 5869 1075 5931 Gn.
1123 5873 1413 5941 CXLVIII

2000 5672 2098 5711 nas
2141 5658 2340 5736 facere.
2383 5658 2526 5736 Satis
2567 5681 2689 5720 esse
2740 5667 2892 5733 duxi,
2941 5684 3060 5736 qua:
3111 5669 3342 5724 Wolfius
3392 5673 3576 5730 minus

1998 5729 2284 5851 Εοιιιιιιὲοο
2313 5735 2542 5798 veubse
2576 5729 2887 5801 videretur,
2908 5729 2972 5793 ea
3013 5740 3176 5793 aliter
3218 5755 3371 5794 versa
3414 5729 3574 5798 cxiii;

2033 5813 2145 5852 ere.
2221 5814 2384 5854 oms.

3183 5908 3249 5966 f7
