3906 6592
502 351 612 419 Σ27
760 352 815 425 [Α
879 368 935 409 ιι.
978 351 1110 410 6791
1156 368 1222 409 AD
1260 351 1423 426 6836]

1706 355 2128 421 NICEPIIORI
2168 314 2551 424 causam

2858 353 2993 428 [ιιιιι.
3032 368 3316 413 munem.
3354 366 3479 449 sein]
3594 382 3673 445 εδδ

498 468 577 520 sit
607 464 945 537 δάθιοηεο
977 465 1226 537 inferius.
1253 465 1330 520 lta
1352 465 1499 520 enim
1527 471 1653 519 sunt
1682 481 1770 520 res
1803 466 2058 545 humana:

2176 469 2417 540 ὑμνῆσαι
2446 471 2644 535 κάλλος
2666 469 2831 525 αὐτοῦ
2859 474 2954 525 καὶ
3008 472 3239 542 μέγεθος
3272 474 3360 528 καὶ
3381 488 3672 560 τερπνότητα,

501 566 566 613 ut
597 558 731 614 alias
758 557 914 626 COpia
949 556 1248 620 abundent,
1303 555 1694 625 alias‘penuria
1731 540 1981 611 laborent
2010 563 2068 610 et

502 651 736 706 subinde
773 650 933 705 aliter
978 658 1142 717 atque
1188 649 1348 703 aliter
1390 662 1513 703 sese
1564 647 1825 701 habeant.
1890 645 2070 710 Quare

498 743 775 799 medicina
827 742 935 796 illis
966 756 1075 796 non
1137 739 1389 810 simplex,
1438 738 1532 795 sed
1583 739 1732 793 varia
1778 747 1860 792 est
1912 735 2071 789 adhi—

500 836 727 900 benda,
788 834 934 889 unde
1005 833 1135 888 illud
1207 832 1560 902 proverbium
1618 849 1634 886 :
1700 831 1760 883 Ὀ
1814 828 2069 896 δεύτερος

503 926 687 988 πλοῦς.
727 925 796 979 Et
836 925 881 980 si
938 924 1039 979 hac
1067 925 1248 978 minus
1280 922 1568 986 successit,
1598 936 1686 976 res
1727 920 1830 974 alia
1863 921 1950 974 via
1978 935 2071 988 ag-

495 1014 819 1086 gredienda.
854 1015 949 1068 Est
978 1015 1124 1068 enim
1150 1014 1394 1067 omnium
1424 1026 1607 1067 rerum
1638 1010 1897 1081 cognatio
1922 1025 2070 1079 quze-

495 1107 625 1162 dam
669 1115 725 1161 et
773 1106 1100 1169 similitudo,
1131 1113 1419 1176 prepterea
1447 1102 1594 1173 quod
1635 1117 1704 1157 ex
1734 1102 1928 1155 iisdem
1959 1102 2072 1155 ele-

497 1199 706 1255 mentis
728 1202 921 1254 omnes
949 1207 1227 1254 constant.
1264 1195 1402 1251 Ecce
1430 1196 1577 1250 enim
1612 1194 1826 1249 facibus
1846 1203 1901 1246 et
1926 1196 2072 1264 mgis

499 1287 733 1351 utimur,
761 1301 884 1342 cum
914 1287 1047 1341 solis
1076 1284 1367 1355 splendore
1411 1283 1765 1338 destituimur
1803 1292 1869 1337 et
1904 1293 2071 1338 nertu

501 1378 671 1432 veluti
716 1378 884 1432 alium
916 1376 1207 1446 quemdam
1251 1374 1423 1429 solem
1460 1372 1863 1427 machinamur.
1895 1374 2073 1443 Atque

496 1466 665 1520 etiam
700 1481 826 1521 cum
855 1473 1028 1519 totum
1061 1462 1325 1517 mundum
1358 1463 1670 1531 exprimere
1698 1462 1985 1517 studemus
2008 1476 2074 1516 ac

499 1557 738 1612 circulos
762 1567 819 1611 et
850 1555 1123 1609 motiones
1166 1552 1290 1607 σαιιὶ
1321 1561 1377 1608 et
1410 1566 1556 1606 cum-
1582 1559 1725 1606 terra
1766 1542 2074 1622 configura-

499 1650 704 1710 tiones,
756 1647 940 1717 parvis
970 1644 1295 1715 quibusdam
1326 1659 1451 1699 eum
1494 1643 1732 1714 glebulis
1781 1644 2075 1699 adumbra-

499 1754 641 1792 mus.
671 1738 826 1802 Quod
857 1736 902 1791 si
949 1735 1013 1790 ad
1049 1736 1327 1805 pictorum
1349 1744 1496 1790 artes
1543 1749 1852 1790 sermonem
1889 1744 2069 1790 trans-

2174 561 2456 651 Μηδὲγὰρ
2486 561 2625 631 ἔχων
2649 562 2756 631 ὅτῳ
2780 578 2866 651 τις
2892 562 3165 632 παραθείη
3200 561 3304 614 τῶν
3324 566 3377 618 ἐν
3400 569 3674 651 etiamm).

2170 650 2368 704 πολλοῦ
2410 649 2476 705 ἂν
2508 652 2721 722 δεήσειε
2754 640 2942 721 σαφῶς
2994 670 3048 706 τι
3096 650 3372 719 ἀγγέλλειν
3397 664 3511 729 περὶ

2172 737 2355 805 Πολλῷ
2384 737 2442 791 δέ
2481 738 2654 808 δήπου
2708 741 2953 803 πλείονος
2993 742 3026 811 ἢ
3075 742 3273 812 μᾶλλον
3304 744 3389 798 τοῦ
3419 756 3588 819 παντός
3629 778 3678 827 γε

2168 830 2378 900 δεήσειε
2402 834 2509 893 πᾶς
2536 849 2617 893 τις
2649 832 2994 904 άρμοττούσῃ
3020 834 3235 906 γλώττῃ
3267 835 3505 901 διεξιέναι
3534 850 3589 898 τὰ
3607 855 3674 916 si,

2169 921 2225 985 ὃς
2254 920 2473 976 ἅπαντα
2499 921 2608 975 τῶν
2632 925 2690 976 ἐν
2714 923 3029 994 ἀνθρώποις
3062 924 3132 979 τὰ
3166 924 3417 981 κάλλιστα
3443 933 3527 985 καὶ
3545 934 3680 1008 ὑπερ-

2172 1012 2286 1081 φυᾶ
2319 1012 2618 1084 συλλήϐδην
2644 1013 2789 1082 ἔχεις
2824 1013 3119 1068 συλλαϐών.
3162 1016 3270 1069 Kal
3304 1017 3405 1088 μὴν
3430 1021 3474 1073 εἰ
3501 1022 3583 1092 μὲν
3597 1027 3678 1081 hx,

2174 1103 2266 1156 σοῦ
2291 1120 2353 1171 γε
2382 1099 2523 1171 ἦσαν
2549 1104 2820 1176 ’ήργμένοι
2846 1106 2954 1159 τῶν
3019 1106 3310 1176 ἐγκωμίων
3343 1109 3390 1161 oi
3438 1113 3592 1181 νόμοι,
3631 1120 3678 1170 οὐ

2176 1197 2338 1269 μόνον
2384 1197 2767 1267 ποικιλώτεροι
2820 1199 2885 1252 ἂν
2936 1199 3211 1267 ἐγίγνοντο
3275 1199 3365 1252 καὶ
3417 1203 3603 1268 πλείους
3629 1211 3679 1280 τῇ

2172 1288 2334 1358 τέχνῃ
2366 1290 2627 1359 παρεῖχον
2654 1288 2751 1351 τὰς
2777 1288 3053 1356 ἀφορμάς·
3080 1290 3127 1341 oi
3159 1287 3203 1341 δ’
3236 1288 3384 1341 αὐτοὶ
3414 1293 3499 1344 καὶ
3528 1297 3684 1364 νεαριὶι.

2172 1379 2322 1450 τεροί
2342 1396 2422 1432 σοι
2445 1379 2871 1452 προσωλλοντες
2898 1380 2995 1433 καὶ
3020 1379 3305 1447 ἁκίὸδηλοι
3358 1380 3415 1433 ού
3437 1382 3608 1447 τελέως
3633 1387 3684 1440 ἄν

2175 1471 2341 1524 ἐνδεῖν
2370 1471 2590 1525 ἐδόκουν
2613 1469 2708 1525 τοῦ
2738 1470 2967 1534 εἰκότος.
3017 1470 3155 1524 Νυνὶ
3186 1469 3240 1522 δὲ
3294 1468 3523 1539 καθάπερ
3566 1475 3684 1541 ῥόδον

2179 1560 2455 1630 μαλαχθέν
2481 1561 2577 1613 καὶ
2604 1560 2880 1614 άπολὲσαν
2917 1557 3017 1630 τήν
3051 1559 3204 1629 ὥραν
3237 1558 3295 1611 ἐν
3330 1553 3408 1620 οἷς
3439 1561 3528 1612 οὐκ
3555 1562 3687 1632 ἐχρῆν

2174 1652 2353 1716 ἄλλοις
2390 1652 2489 1722 μέν
2530 1655 2594 1721 δή
2628 1669 2738 1705 τισι
2763 1653 2983 1719 φανεῖεν
3014 1651 3080 1705 ἂν
3116 1650 3245 1711 ἴσως
3278 1650 3376 1703 ούκ
3398 1651 3685 1719 άξυντελεῖς·

2180 1741 2262 1795 σοὶ
2293 1743 2337 1796 δ’
2363 1743 2505 1796 οὕτω
2533 1742 2631 1796 καὶ
2667 1742 2809 1796 πάνυ
2854 1759 2935 1809 τοι
2963 1743 3171 1814 σφόδρα
3192 1740 3511 1810 ἀξυντελεῖς,
3536 1740 3688 1817 ὥσπερ

502 1829 805 1892 tulerimus,
849 1828 923 1882 ibi
956 1842 1084 1898 vero
1107 1827 1406 1897 imaginum
1452 1836 1510 1881 et
1548 1827 1916 1895 exemplorum
1970 1841 2064 1882 co-

2168 1832 2280 1892 τοῖς
2302 1827 2638 1898 ἁεροδάμοσι
2676 1830 2898 1898 πτηνοῖς
2927 1827 2996 1881 τὰ
3023 1829 3088 1881 ἐκ
3110 1828 3217 1880 τῶν
3252 1827 3407 1881 λίνων
3442 1829 3687 1899 ἐνδύματα.

495 1921 642 1992 piam
696 1920 1044 1974 inveniemus
1084 1930 1137 1973 et
1187 1934 1314 1972 vere
1353 1933 1570 1973 scenam
1605 1918 1897 1988 quamdam
1951 1928 2067 1973 arte

500 2014 824 2069 histrionica
854 2013 1133 2074 refertam,
1169 2028 1290 2081 qua:
1315 2012 1517 2065 indicia
1540 2010 1788 2080 qua'dam
1821 2009 2067 2065 veritatis

498 2113 779 2171 utcunque
837 2102 1115 2156 coloribus
1171 2100 1453 2156 nonnullis
1516 2108 1891 2170 reprmsentet.
1932 2098 2065 2153 Nam

498 2205 623 2243 cum
682 2190 809 2254 alia,
868 2204 992 2243 cum
1056 2188 1432 2242 universitatis
1486 2190 1646 2259 hujus
1701 2186 2129 2248 architectum-

497 2279 798 2342 imitantes,
843 2293 968 2333 eum
1005 2292 1181 2348 neque
1216 2278 1472 2347 spiritum
1506 2278 1594 2343 iis,
1649 2293 1788 2348 quas
1836 2278 2065 2343 faciunt,

480 2372 711 2425 umbris
743 2369 1015 2439 impertiri
1048 2370 1282 2439 possint,
1322 2384 1500 2439 neque
1534 2370 1810 2424 vivificum
1839 2369 2067 2435 semini-

496 2464 601 2518 bus
631 2462 799 2517 solem
832 2480 846 2515 :
878 2461 933 2514 in
960 2461 1189 2515 materia
1213 2462 1448 2525 colores,
1479 2460 1592 2515 ludi
1625 2470 1679 2515 et
1700 2461 1811 2532 joci
1846 2461 2066 2532 quidam

488 2562 624 2609 sunt
643 2553 881 2607 illorum.
902 2554 979 2606 Ac
997 2552 1124 2608 inde
1138 2551 1356 2622 quidem
1375 2552 1769 2622 germinantem
1785 2562 2019 2624 segetem
2038 2568 2068 2608 e

491 2650 642 2713 terra
671 2639 986 2708 producunt
1017 2648 1073 2692 et
1098 2638 1511 2693 herbescentem
1547 2638 1878 2695 viriditatem
1909 2657 1926 2695 :
1961 2641 2069 2696 illic

496 2745 629 2784 vero
659 2729 899 2784 adultam
932 2727 1253 2794 ostendunt,
1278 2742 1400 2798 qua:
1439 2743 1618 2798 neque
1651 2730 1855 2796 culmo,
1891 2746 2068 2802 neque

494 2818 686 2887 spicis,
728 2830 908 2886 neque
949 2816 1132 2869 aristis
1173 2816 1282 2884 jam
1315 2830 1373 2870 se
1401 2817 1670 2871 contineri
1704 2819 1837 2872 velit
1869 2826 1925 2873 et
1968 2819 2069 2874 fal-

496 2923 616 2962 cem
640 2916 859 2960 tantum
893 2920 1001 2959 non
1032 2903 1196 2976 347
1228 2902 1432 2973 flagitet
1463 2923 1477 2960 :
1509 2920 1680 2975 eaque
1723 2907 1929 2963 faciunt
1967 2926 2068 2965 nec

492 3009 744 3069 tempore
777 3006 1112 3067 exspectato,
1147 3012 1249 3051 nec
1294 3006 1567 3052 astrorum
1603 3011 1799 3054 οισι-ιιι
1840 3004 1924 3056 νιξι
1973 3018 2068 3057 οε-

491 3107 623 3146 casu
663 3129 675 3143 .
708 3090 804 3145 sed
837 3105 946 3142 uno
993 3104 1135 3158 saepe
1169 3089 1257 3143 die
1287 3097 1343 3143 et
1375 3099 1614 3160 segetem
1663 3094 2062 3163 germinantem

421 3190 433 3200 '
491 3190 551 3238 et
591 3191 864 3236 maturum
913 3180 1250 3234 frumentum
1301 3181 1619 3237 ostendunt.
1670 3184 1752 3239 Ad
1805 3188 2061 3243 eumdem

494 3272 720 3327 modum
764 3282 819 3326 et
850 3269 971 3335 nes,
1006 3272 1099 3341 qui
1129 3273 1417 3327 veritatem
1467 3274 1685 3344 assequi
1742 3278 2059 3347 nequimus,

486 3367 548 3420 id
583 3366 812 3420 facimus
844 3363 988 3434 quod
1015 3364 1179 3435 .licet,
1221 3365 1594 3435 exemplisque
1636 3366 1873 3439 utimur,
1915 3369 2062 3424 indi-

488 3458 617 3529 gnis
666 3456 774 3512 illis
819 3456 1065 3528 quidem,
1101 3454 1196 3510 sed
1226 3470 1294 3510 ex
1324 3457 1508 3513 animo
1547 3459 1760 3514 sincero
1803 3460 2061 3530 deprom-

492 3553 625 3622 ptis.
666 3551 824 3606 Nune
866 3552 1015 3604 enim
1048 3549 1332 3618 oportebat
1376 3554 1565 3610 stellas
1604 3554 1979 3626 magnitudine
2006 3563 2062 3607 et

484 3644 787 3715 splendore
821 3644 1061 3699 illuStres
1105 3650 1156 3698 in
1206 3660 1373 3700 unum
1405 3648 1529 3702 caeli
1575 3648 1754 3703 locum
1796 3657 2061 3702 coeuntes

484 3737 663 3807 signis
690 3744 747 3791 et
778 3736 1192 3793 cbaracteribus
1228 3740 1395 3793 certis
1418 3754 1504 3805 ea,
1537 3754 1658 3809 quae
1692 3738 1747 3794 in
1785 3748 1837 3795 te
1869 3738 2059 3808 singu-

485 3828 625 3883 laria
652 3837 707 3882 et
738 3829 1111 3899 pulcherrima
1149 3839 1298 3893 sunt,
1324 3830 1660 3898 describere,
1697 3840 1755 3886 ut
1788 3832 2058 3902 quemad-

482 3915 716 3972 inodum
774 3918 868 3974 Dei
912 3920 1145 3990 gloriam
1193 3920 1319 3976 caeli
1363 3931 1641 3988 enarrant,
1681 3923 1754 3977 ita
1802 3932 1859 3977 et
1910 3933 2059 3979 tuam

484 4012 811 4066 memoriam
852 4013 907 4067 in
936 4015 1197 4071 omnibus
1234 4017 1352 4071 suis
1386 4018 1842 4076 conversionibus
1886 4022 2061 4092 expli-

482 4113 681 4158 carent
740 4114 797 4158 et
855 4104 1291 4161 illustrissimum
1337 4106 1706 4177 imperatoriae
1759 4111 2060 4182 majestatis

486 4196 845 4267 archetypum
879 4208 931 4253 te
956 4184 1266 4268 posteritati
1313 4212 1709 4271 proponerent.
1739 4201 1898 4257 Nunc
1940 4217 2056 4257 om-

478 4301 588 4341 .nes
610 4286 870 4342 homines
908 4289 963 4342 in
1007 4303 1175 4343 unum
1217 4289 1462 4361 aliquem
1495 4291 1710 4347 telluris
1734 4305 2059 4362 congressos

474 4380 669 4433 locum
706 4396 874 4434 unum
911 4381 1016 4437 hoc
1060 4391 1251 4438 votum
1286 4383 1469 4438 facere
1507 4383 1799 4453 oportebat
1830 4384 1896 4437 ad
1929 4398 2054 4438 eum

2171 1916 2330 1968 Ὥστε
2347 1932 2434 1984 μοι
2447 1915 2787 1985 διαποροῦντι
2809 1916 2900 1968 καὶ
2917 1912 3119 1984 ἥκιστα
3133 1916 3414 1986 δυναμένῳ
3438 1918 3559 1986 πρὸς
3574 1918 3691 1980 ἄξιον

2167 2006 2458 2074 ἀναφέρειν
2474 2008 2563 2059 τὸν
2576 2005 2735 2073 λόγον
2752 2005 3355 2076 παράδειγμαζχρῆσθαι
3373 2007 3538 2059 ἔπεισι
3549 2007 3691 2075 πολλῷ

2169 2099 2261 2152 τοῦ
2290 2100 2498 2164 δέοντος
2526 2099 2776 2153 ἐνδέοντι.
2808 2098 3046 2153 Τοιαῦτα
3081 2098 3278 2170 γὰρτὰ
3310 2100 3414 2151 τῶν
3432 2101 3693 2169 ἀνθρώπων

2171 2196 2493 2264 πράγματα,
2555 2190 2633 2263 πὴ
2680 2192 2780 2262 μὲν
2830 2190 3189 2263 εὐποροῦντα,
3249 2190 3328 2261 πὴ
3361 2179 3408 2245 δ’
3433 2193 3694 2264 ἀποροῦντα

2170 2285 2264 2339 καὶ
2291 2283 2379 2337 ἀεὶ
2410 2283 2591 2337 ἄλλοτ’
2623 2285 2799 2346 ἄλλως
2832 2284 3046 2353 ἔχοντα.
3068 2352 3083 2365 .
3106 2282 3275 2337 Ὅθεν
3324 2285 3415 2337 καὶ
3442 2284 3533 2354 ούχ
3575 2285 3694 2357 ἁπλῆ

2166 2392 2272 2442 τις,
2301 2377 2382 2429 ὅτι
2420 2365 2496 2446 μὴ
2524 2377 2618 2429 καὶ
2653 2375 2797 2446 μάλα
2846 2391 2910 2443 γε
2941 2373 3279 2444 πολύτροπος
3338 2375 3371 2446 ή
3410 2375 3596 2429 τούτων
3623 2377 3695 2431 θε-

2170 2467 2390 2536 ραπεία.
2468 2466 2748 2521 Ἐντεῦθεν
2803 2468 2883 2529 είς
2937 2467 3242 2536 παροιμίαν
3294 2468 3389 2519 καὶ
3426 2470 3452 2520 ὁ
3486 2466 3696 2538 δεύτερος

2168 2557 2336 2622 πλοῦς
2364 2559 2729 2629 ἐξενήνεκται·
2762 2558 2986 2612 καὶτῶν
3018 2556 3250 2628 πρώτων
3274 2559 3697 2628 ἀποτυγχάνοντες

2166 2649 2437 2718 δευτέρων
2507 2648 2795 2720 ἁπτόμεθα
2850 2650 2946 2704 καὶ
2990 2649 3191 2720 τρίτων
3232 2650 3385 2714 ῖσως.
3442 2651 3700 2719 Συγγένεια

2167 2742 2276 2813 γάρ
2306 2759 2390 2804 τις
2417 2740 2546 2811 ἥκει
2576 2740 2662 2794 διὰ
2696 2740 2917 2796 πάντων
2963 2739 3058 2795 καὶ
3085 2741 3364 2812 ὁμοιότης,
3409 2742 3489 2796 ἆτ’
3513 2746 3571 2795 ἐκ
3614 2743 3698 2795 τῶν

2170 2832 2470 2902 στοιχείων,
2495 2833 2684 2901 ὥσπερ
2707 2835 2771 2886 ἐκ
2818 2833 2948 2902 μιᾶς
2983 2849 3127 2895 τινος
3179 2833 3392 2905 μητρὸς
3448 2834 3536 2887 καὶ
3572 2833 3698 2904 ῥίζης

2168 2919 2467 2990 εἰληφότων
2499 2919 2598 2988 τὴν
2629 2918 2721 2971 τοῦ
2772 2915 2914 2972 εἶναι
2969 2919 3253 2976 σύστασιν.
3320 2921 3450 2974 Ἰδοὺ
3481 2921 3577 2991 γάρ
3626 2920 3702 2973 καὶ

2167 3011 2410 3082 λαμπάσι
2442 3011 2537 3064 καὶ
2566 3014 2789 3081 πυρσοῖς
2821 3010 3162 3082 κεχρήμεθα,
3193 3011 3302 3069 ἕως
3334 3013 3391 3065 ἐν
3429 3011 3522 3081 μὲν
3541 3012 3701 3081 «rapi;
3762 3060 3773 3066 -

2169 3120 2250 3158 σει
2278 3104 2377 3174 τῆς
2401 3104 2469 3157 τὰ
2492 3102 2669 3156 πάντα
2701 3102 3003 3174 βοσκούσης
3042 3102 3358 3172 λαμπάδος,
3413 3103 3565 3157 οἱονεί
3605 3120 3701 3156 τινα

2164 3192 2416 3269 δεύτερον
2446 3200 2509 3252 ἐκ
2571 3196 2820 3267 μηχανῆς
2867 3197 3020 3266 ἥλιον
3078 3200 3418 3266 πράττοντες
3461 3200 3526 3268 τῇ
3555 3196 3699 3250 νυκτί.

2165 3292 2272 3344 Καὶ
2313 3291 2472 3343 αὐτὸν
2503 3290 2560 3344 δὲ
2590 3291 2682 3345 τὸν
2712 3290 3116 3361 πάνταηιότμον
3148 3291 3442 3354 εἰκονίζειν
3468 3290 3703 3355 ἐθέλοντες

2162 3384 2255 3435 καὶ
2291 3382 2528 3445 κύκλους
2551 3383 2646 3436 καὶ
2680 3385 2927 3454 κινήσεις
2953 3384 3188 3455 ούρανοῦ
3224 3388 3320 3439 καὶ
3359 3385 3430 3449 ὡς
3462 3386 3567 3457 ἔχει
3595 3385 3703 3455 σχή-

2164 3485 2334 3538 ματος
2359 3470 2438 3532 είς
2471 3470 2540 3524 τὰ
2572 3472 2849 3542 περίγεια,
2879 3477 3095 3543 μικροῖς
3122 3491 3232 3527 τισι
3275 3473 3491 3544 σώμασι
3519 3492 3704 3546 σφαιριο

2163 3560 2277 3624 κοῖς
2314 3560 2712 3631 ὑποφαίνομεν.
2738 3562 2836 3623 “Av
2867 3561 2923 3615 δὲ
2977 3563 3072 3615 καὶ
3107 3563 3247 3633 πρὸς
3281 3564 3582 3634 ζωγράφων
3607 3565 3705 3632 τέχ-

2161 3668 2255 3714 νας
2278 3653 2660 3724 ἀπαγάγωμεν
2686 3654 2778 3706 τὸν
2806 3654 2986 3721 λόγον,
3046 3654 3286 3709 ἐνταῦθα
3317 3655 3383 3723 δὴ
3432 3657 3523 3709 καὶ
3569 3655 3706 3723 ἀφθο-

2159 3743 2278 3797 νίαν
2328 3746 2555 3799 είκόνων
2602 3748 2698 3800 xal
2756 3749 3217 3820 παραδειγμάτων
3290 3749 3588 3819 εὑρήσομεν
3631 3746 3707 3800 καὶ

2162 3837 2369 3911 σκηνὴν
2391 3838 2467 3904 ὡς
2494 3839 2709 3911 άληθῶς
2730 3839 3072 3910 ὑποκρίσεως
3102 3840 3391 3915 γέμουθσαν
3431 3841 3524 3893 καὶ
3549 3839 3708 3908 ἀμωσ-

2162 3930 2345 3999 γέπως
2376 3934 2490 3996 τοῖς
2521 3932 2811 4003 χρώμασιν
2837 3933 3305 4002 ἐπιπλανωμένας
3329 3933 3554 4004 ἔχουσαν
3573 3930 3708 3999 τάλη-

2162 4018 2291 4083 θοῦς
2318 4018 2416 4084 τὰς
2448 4020 2738 4090 ἐμφάσεις.
2780 4020 2862 4075 Τά
2911 4037 2972 4074 τε
3008 4019 3120 4090 γὰρ
3165 4020 3307 4075 ἄλλα
3371 4021 3466 4074 καὶ
3509 4019 3593 4072 τὸν
3634 4016 3710 4070 τοῦ

2161 4113 2362 4176 παντὸς
2377 4113 3138 4183 ὑποκρινόμενοιξδημιουργδν
3150 4115 3379 4169 ἐκεῖνοι.
3399 4110 3584 4164 ἔπειτα
3599 4110 3710 4177 μήτε

2160 4199 2329 4270 πνοὴν
2352 4194 2446 4263 αἷς
2486 4197 2571 4271 [1).
2597 4197 2729 4270 215]
2754 4196 3149 4270 δημιουργοῦσι
3180 4201 3369 4263 σκιαῖς
3399 4194 3712 4266 δεδυνημένοι

2158 4288 2503 4359 χαρίζεσθαι,
2536 4289 2673 4356 μήτε
2728 4287 2996 4355 ζωογόνον
3049 4290 3161 4349 τοῖς
3193 4289 3518 4358 σπέρμασιν
3563 4285 3708 4354 ἣλιον.

2159 4375 2450 4441 παίζουσιν
2488 4374 2652 4428 οἱονεὶ
2673 4379 2791 4439 ταῖς
2821 4373 2975 4437 ὕλαις
3024 4378 3119 4429 καὶ
3156 4378 3270 4439 τοῖς
3314 4376 3606 4446 χρώμασι·
3638 4380 3715 4425 και

486 4470 583 4540 gui
616 4471 715 4525 tibi
750 4481 1071 4542 potestatem
1106 4475 1265 4529 istam
1293 4474 1470 4540 dedit,
1506 4483 1566 4530 ut
1603 4484 1659 4530 et
1690 4475 2054 4530 immortalem

2168 4469 2289 4538 τῇδε
2319 4469 2418 4537 μὲν
2443 4468 2506 4520 ἐκ
2532 4467 2635 4537 γῆς
2661 4468 2922 4535 ἀνάγουσι
2969 4467 3059 4521 τὸν
3091 4470 3238 4521 σῖτον
3266 4468 3435 4538 eam
3461 4468 3540 4517 ἔτι
3579 4463 3713 4532 χλοάο

482 4561 588 4614 tibi
623 4561 790 4615 vitam
818 4561 1069 4628 donaret,
1099 4578 1210 4633 quo
1239 4565 1498 4634 magister
1530 4579 1722 4620 eorum
1762 4580 1935 4630 esses,
1964 4565 2058 4635 qui

480 4652 675 4706 .ubivis
707 4663 977 4708 terrarum
1009 4669 1238 4724 regnare
1269 4655 1494 4718 vellent.
1522 4655 1684 4722 ,velut
1735 4655 1917 4710 omnis
1947 4655 2061 4710 vir-

485 4745 623 4798 tutis
668 4757 964 4815 gymnastae
1016 4756 1071 4802 et
1109 4747 1403 4802 universali
1467 4746 1854 4801 llellanodicte.
1904 4745 2063 4800 Nunc

485 4837 669 4891 omnis
709 4836 949 4893 humana
1000 4839 1186 4911 lingua
1250 4838 1487 4894 debebat
1539 4853 1720 4892 meum
1773 4829 2061 4893 assumere

469 4932 755 4995 animum,
787 4947 978 4987 eorum
1015 4948 1137 5003 quae
1168 4931 1486 4987 dicerentur
1510 4920 1786 5001 promum,
1827 4937 1887 4983 ut
1931 4930 2061 4986 inde

482 5025 798 5075 communis
827 5020 1075 5090 quaadatn
1116 5020 1384 5076 festivitas
1416 5031 1468 5074 et
1516 5017 1839 5073 solemnitas
1874 5025 1933 5072 et
1981 5027 2056 5083 to-

478 5112 598 5166 tius
637 5112 828 5167 mundi
855 5113 924 5168 de
957 5121 1007 5168 te
1043 5121 1099 5168 et
1130 5112 1240 5166 tuis
1270 5108 1565 5167 consensio
1588 5108 1903 5163 exsisteret.
1936 5107 2055 5163 Ca:-

474 5211 693 5270 .terum,
726 5204 854 5274 quia
879 5204 990 5275 jam
1026 5202 1268 5258 confessi
1316 5216 1529 5264 sumus,
1563 5199 1887 5270 ampliorem
1940 5213 2063 5255 esse

474 5294 707 5351 laudum
737 5308 953 5351 tuarum
992 5294 1446 5366 magnitudinem,
1472 5308 1636 5363 quant
1667 5308 1791 5361 quae
1817 5293 2067 5347 oratione

475 5384 886 5454 comprehendi
920 5392 1107 5454 queat,
1142 5398 1206 5438 ac
1258 5397 1328 5436 ne
1375 5381 1562 5435 multis
1605 5380 1830 5450 quidem
1861 5379 2068 5450 linguis

2166 4560 2327 4625 ζοντα
2354 4559 2447 4613 καὶ
2482 4560 3121 4630 γαλακτοτροφούμενον,
3147 4562 3278 4633 τῇδε
3312 4562 3361 4615 δ’
3390 4554 3459 4615 αὖ
3488 4555 3718 4624 τελεσφόο

2169 4667 2260 4722 ρον
2312 4649 2640 4712 δεικνύουσι,
2698 4650 2825 4720 μήθ’
2855 4650 2960 4704 ὑπὸ
3000 4650 3223 4722 καλάμῃ
3291 4651 3392 4703 καὶ
3440 4646 3601 4717 φλοιῷ
3640 4644 3716 4697 καὶ

2165 4740 2440 4813 ἀνθέριξιν
2477 4741 2560 4794 ἔτι
2596 4741 2967 4797 καλύπτεσθαι
3017 4742 3240 4797 θέλοντα
3269 4742 3369 4796 καὶ
3427 4739 3640 4811 μονονοὺ
3668 4734 3717 4787 τὸ

2164 4828 2434 4901 δρέπανον
2462 4829 2934 4899 προκαλούμενον·
2990 4831 3084 4883 καὶ
3144 4828 3323 4883 ταῦτα
3379 4827 3589 4883 ποιοῦσι
3612 4819 3716 4892 μήθ’

2165 4918 2316 4991 ὥραν
2347 4924 2759 4990 περιμένοντες,
2815 4920 2942 4991 μήτ’
2969 4920 3185 4991 ἄστρων
3236 4920 3501 4993 ἐπιτολάς
3543 4931 3600 4969 τε
3640 4910 3719 4965 καὶ

2176 5009 2522 5075 δύσεις,άλλὰ
2549 5011 2674 5079 μιᾶς
2707 5010 2920 5080 ἡμέρας
2936 5002 3105 5062 ἐνίοτε
3131 5009 3379 5079 βλάστην
3397 5023 3461 5061 τε
3486 5008 3624 5059 σίτου
3641 5000 3720 5054 καὶ

2155 5102 2357 5164 ἅλωνος
2371 5100 2520 5171 ὥραν
2537 5100 2868 5164 δεικνύντες.
2886 5102 2994 5155 Kal
3007 5102 3164 5170 ἡμεῖς
3183 5100 3484 5170 τοιγαροῦν
3501 5093 3717 5168 μηδυνά-

2162 5211 2311 5265 μενοι
2326 5192 2622 5264 τάκριὸσῦς
2642 5195 2700 5247 ἐν
2725 5193 2801 5264 τῷ
2820 5195 3048 5263 παρόντι
3069 5194 3467 5262 κατευστοχεῖν
3494 5188 3720 5255 δεύτερον

2167 5289 2395 5357 μέτιμεν
2423 5286 2611 5339 πλοῦν·
2642 5287 2735 5339 καὶ
2758 5286 3167 5355 παρεδείγμασι
3212 5283 3544 5357 κεχρήμεθα
3605 5276 3719 5347 πρὸς

2168 5379 2428 5450 ἀληθείας
2458 5379 2682 5446 ἔνδειξιν
2714 5381 2772 5432 οὐ
2806 5378 2952 5450 μάλα
2983 5380 3083 5450 μὲν
3132 5380 3330 5445 ἀξίοις,
3393 5381 3542 5448 μάλα
3568 5373 3608 5426 δ’
3632 5368 3721 5424 απὸ

1832 5468 2169 5556 ι’δτίοὶευω
2210 5501 2396 5556 nota.

554 5602 668 5680 (93)
688 5600 929 5680 ρολνιοῦ
957 5596 1485 5680 annulati-addit
1515 5595 1861 5680 c.0d.)'a_tic.;
1893 5605 2056 5680 atque

478 5668 835 5796 {ta'Wnllium
863 5673 1058 5739 legisse
1085 5670 1263 5738 arguit
1288 5668 1479 5722 Latina
1503 5668 1624 5737 ejus
1653 5668 2054 5736 interpretatio.

504 5748 690 5798 iotvm.

2234 5591 2518 5665 (95)4Vide
2543 5591 2850 5655 Munodiam
2883 5590 3179 5665 inohitum
3215 5589 3523 5665 Andronici
3561 5587 3698 5664 senio

2166 5663 2264 5730 ris,
2294 5663 2432 5716 infra
2460 5664 2560 5716 lih.
2591 5678 2645 5726 κ,
2666 5677 2783 5731 cap.
2819 5666 2867 5724 l,
2911 5663 3001 5716 ubi
3034 5665 3149 5718 hate
3195 5664 3396 5717 iisdem
3427 5664 3541 5717 fere
3565 5663 3724 5713 verbis

2166 5735 2391 5803 repetita
2421 5744 2737 5788 occurrunt.
2769 5733 2978 5787 nomn.
