3906 6588
454 396 552 452 535
695 393 771 464 [Α.
812 413 846 450 »ι
910 399 1039 454 679i
1091 418 1154 455 Αιι
1195 404 1354 476 6836]

1640 414 1687 473 Ν
1705 414 2060 477 lCEPllORI
2104 419 2484 480 GREGORxE
2577 459 2582 465 -

2789 416 2920 489 [tum
2963 430 3244 470 nonnum.
3283 414 3429 488 ses]
3577 421 3669 481 5.96

453 521 538 559 res
563 506 826 605 Thracica
855 520 910 565 et
951 514 1299 572 Macedonica
1334 519 1494 592 353
1529 525 1726 593 praedia
1776 541 2006 596 recupe-

2112 531 2358 599 καρδίας,
2391 532 2727 587 ἐλπισάντων
2750 533 2947 588 αὐτίκα
2973 534 3108 605 πρὸς
3141 535 3230 587 τὸν
3259 533 3493 603 γηραιὸν
3523 530 3668 594 αὖθις

452 604 684 653 raturos.
718 597 824 654 Sed
851 615 976 656 eum
1005 603 1147 659 idem
1189 607 1300 662 Deo
1339 611 1512 666 visura
1545 628 1652 667 non
1684 626 1849 681 esset,
1882 632 2007 671 mox

451 687 598 741 Inani
633 688 818 745 studio
848 701 966 746 acta
995 707 1061 748 ea
1105 694 1274 751 fuisse
1307 701 1578 770 apparuit,
1614 713 1674 758 ut
1719 720 2008 776 progressu

451 778 718 859 orationis
749 796 780 835 a
821 781 982 837 nobis
1013 799 1337 854 exponetur.

2117 622 2412 692 ἐπανήξειν
2455 623 2526 678 τὰ
2561 627 2866 694 πράγματα
2919 623 3165 705 βασιλέα,
3216 625 3469 692 καθάπερ
3498 622 3671 676 ’κύϐου

2121 715 2548 784 μεταπεσόντος,
2573 716 2669 770 καὶ
2685 716 3120 784 ἀποδοθήσεσθαι
3151 717 3220 769 τά
3270 715 3400 786 περὶ
3458 715 3672 784 Θρᾴκην

2116 805 2212 859 καὶ
2238 806 2586 861 Μακεδονίαν
2627 808 2803 879 χωρία
2843 810 2957 871 τοῖς
3005 806 3423 878 προῦπάρξασιν
3483 807 3540 868 ἐς
3590 803 3673 856 τὸν

451 872 863 972 κῆἧρον.υἈλλ’
902 879 1032 972 ἐπεὶ
1099 881 1196 935 καὶ
1225 882 1304 954 τῷ
1352 885 1480 956 θείῳ
1530 887 1717 958 σκοπῷ
1788 889 2088 961 δεδογμένα
2120 897 2296 954 ταῦτα
2357 901 2456 954 οὑκ
2487 896 2577 971 ἦν,
2629 872 2863 972 μάταιος
2915 903 2974 954 ἐν
3024 872 3382 970 βραχεῖ-τῶν
3426 911 3674 966 πεπραγ-

451 965 631 1034 μένων
677 966 921 1039 ἕδθξενή
985 972 1210 1043 σπουδὴν
1259 975 1333 1037 ὡς
1381 977 1660 1046 εἰρήσεται
1726 981 2011 1051 προϊοῦσιν
2050 988 2200 1057 ἡμῖν,
2510 965 2522 971 ’
2562 965 2571 968 ⁷
2635 965 2647 972 ’
3024 965 3072 970 ’⁷
3131 965 3163 970 ’⁷
3436 980 3465 989 -

515 1059 607 1115 ΙΙΙ.
650 1061 947 1117 Enimvero
978 1063 1165 1133 junior
1195 1067 1515 1136 imperat0r,
1566 1070 1659 1139 qui
1709 1072 1872 1144 longo
1904 1075 2012 1144 jam

449 1161 696 1222 tempore
728 1155 912 1219 sciret,
947 1157 1235 1226 Byzantios
1274 1159 1357 1212 sui
1407 1160 1837 1219 studiosissimos
1871 1180 2013 1230 esse,

447 1245 646 1318 quippe
679 1259 708 1298 a
741 1246 944 1314 quibus
978 1248 1116 1301 clam
1159 1261 1548 1317 arcesseretur,
1587 1253 1817 1307 turbatae
1866 1264 2015 1324 pacis

446 1335 734 1389 occasione
769 1352 899 1390 usus
925 1337 989 1391 ad
1024 1339 1214 1391 urbem
1242 1341 1477 1404 accedit,
1511 1351 1567 1396 et
1597 1345 1744 1398 omni
1779 1346 2014 1401 Thracio

444 1427 690 1482 exercitu
723 1443 907 1482 secum
953 1429 1187 1484 addueto
1221 1447 1388 1501 prope
1429 1433 1693 1491 Cosmidii
1739 1449 2013 1495 monaste-

444 1518 588 1571 rium
622 1529 1090 1575 castrametatnr:
1136 1521 1281 1576 unde
1326 1525 1589 1593 palatium
1641 1530 2014 1598 conspiciebat

445 1613 669 1682 triginta
695 1615 916 1685 circiter
941 1615 1131 1671 stadiis
1163 1616 1395 1673 distans.
1429 1619 1506 1673 Ac
1538 1619 1652 1690 ipse
1687 1620 1906 1688 quidem
1936 1619 2011 1674 ibi

442 1702 672 1758 biduum
715 1704 1052 1774 totidemque
1097 1718 1287 1762 noctes
1330 1709 1604 1774 subsistit,
1654 1709 2011 1778 frigidissime

443 1794 912 1872 spirante_Borea,
963 1795 1136 1865 ipsius
1170 1798 1380 1853 bruma:
1411 1807 1676 1869 tempore.
1711 1800 2006 1855 Excubito-

442 1897 532 1938 res
559 1897 692 1938 vero
707 1867 771 1937 in
801 1882 902 1937 viis
924 1884 1281 1940 circumcirca
1307 1861 1588 1942 distributi
1623 1888 2005 1951 observabant,
2034 1861 2083 1922 Β

439 1990 507 2030 ne
537 1974 687 2045 ipsos
723 1974 908 2044 aliquo
939 1983 1326 2046 stratagemate
1356 1979 1628 2048 deciperet
1656 1977 2007 2050 Syrgiannes,

438 2065 532 2137 qui
590 2074 705 2120 tum
766 2065 1015 2122 Perinthi
1076 2069 1400 2124 versabatur
1453 2078 1509 2125 et
1562 2071 2006 2143 circumjacentia

436 2158 656 2214 castella
689 2159 1013 2215 melioribus
1045 2160 1330 2230 promissis
1358 2163 1410 2216 in
1439 2161 1543 2215 lide
1576 2164 1812 2217 retinere
1841 2178 2011 2218 cona-

437 2249 621 2305 batur.
651 2247 833 2302 Tertia
867 2264 998 2303 vero
1029 2257 1190 2303 nocte
1241 2248 1570 2321 Syrgiannes
1615 2253 1879 2307 trecentis
1922 2267 2008 2306 ar-

440 2341 604 2396 matis
634 2341 862 2396 delectis
891 2343 1036 2396 circa
1068 2356 1350 2410 vesperam
1383 2343 1682 2412 equitando
1714 2354 2008 2412 provectus

436 2440 564 2485 ante
623 2431 756 2487 solis
808 2443 993 2487 ortum
1042 2432 1364 2503 Byzantium
1422 2435 1692 2502 pervenit,
1751 2434 2010 2490 omnibus

437 2524 548 2578 illis
579 2509 932 2594 imperatoris
959 2525 1375 2580 excubitoribus
1404 2541 1466 2579 ac
1493 2526 1834 2580 stationariis
1868 2527 2010 2580 mili-

439 2616 608 2680 tibus,
639 2615 748 2670 nan
777 2631 936 2672 secus
970 2631 1033 2670 ac
1065 2617 1112 2670 si
1141 2631 1335 2670 somno
1364 2617 1610 2686 oppressi
1639 2617 1896 2680 fuissent,
1928 2619 2010 2671 in-

438 2708 715 2775 terceptis.
759 2706 827 2762 Et
853 2707 906 2760 ni
941 2723 1108 2761 senex
1151 2708 1448 2776 imperator
1497 2708 1784 2773 vetuisset,
1833 2709 2008 2779 impe-

436 2810 551 2854 tum
586 2801 642 2854 in
667 2813 764 2854 eos
798 2799 962 2854 istius
989 2799 1252 2854 facinoris
1283 2801 1466 2855 adhuc
1501 2801 1722 2870 ignaros
1762 2803 2007 2858 facturus

437 2891 560 2945 fuit.
589 2889 696 2946 Sed
738 2906 863 2945 cum
904 2890 1211 2955 diluxisset,
1253 2891 1438 2945 audita
1475 2892 1796 2962 Syrgiannis
1845 2894 2003 2948 inex-

435 2991 678 3053 spectata
714 2983 1052 3043 incursione.
1087 2999 1210 3037 cum
1254 2999 1358 3038 nec
1406 2985 1650 3056 Byzantii
1684 2986 1789 3040 ulla
1825 3001 1883 3040 re
1914 2987 2004 3056 ju-

434 3075 610 3129 nioris
641 3074 939 3128 Andronici
972 3074 1205 3129 co‘natus
1227 3075 1506 3145 juvarent,
1536 3090 1638 3130 nec
1670 3077 1785 3145 ipse
1831 3078 2003 3146 impe-

433 3176 583 3220 rator
627 3169 766 3221 istos
800 3168 918 3234 (eos
951 3166 1234 3227 nimirum.
1268 3167 1362 3235 qui
1408 3183 1533 3222 cum
1577 3169 1790 3238 iuniore
1822 3172 2000 3237 erant)

2185 1083 2260 1137 1".
2305 1084 2364 1138 Ὀ
2403 1085 2585 1154 μέντοι
2627 1086 2881 1155 βασιλεὺς
2914 1085 3026 1156 (96)
3059 1088 3087 1140 6
3110 1084 3230 1146 νέος
3273 1083 3427 1145 εἰδὼς
3462 1084 3528 1135 ἐκ
3560 1082 3674 1135 πολ-

2113 1173 2206 1229 λοῢ
2225 1176 2352 1239 τοὺς
2377 1177 2706 1242 Βυζαντίους
2743 1179 2894 1242 ὅλαις
2910 1178 3166 1249 γνώμαις
3219 1176 3676 1248 προστιθεμένους

2113 1266 2261 1336 αύτῷ
2300 1268 2395 1321 καὶ
2426 1269 2601 1338 λάθρα
2652 1269 3190 1339 προσκαλουμένους,
3242 1268 3430 1338 ἐπειδὴ
3470 1267 3676 1335 πρόφα-

2115 1375 2199 1411 σιν
2231 1359 2332 1428 ήδη
2356 1361 2455 1428 τὴν
2485 1359 2584 1428 τῆς
2611 1361 2833 1428 εἰρήνης
2857 1361 3015 1413 ἔλαϐε
3077 1359 3363 1428 σύγχυσιν,
3404 1359 3499 1410 ἐπὶ
3525 1357 3675 1408 τοῦτο

2111 1447 2404 1516 πορεύεται
2431 1449 2569 1517 μετὰ
2592 1450 2792 1511 παντὸς
2813 1449 2905 1502 τοῦ
2935 1449 3214 1518 Θρᾳκικοῦ
3247 1447 3673 1518 στρατεύματος,

2111 1541 2206 1592 καὶ
2224 1535 2393 1592 ἐλθὼν
2440 1541 2933 1608 στρατοπεδεύεται
2975 1541 3102 1610 περί
3134 1558 3235 1592 που
3296 1540 3365 1592 τὰ
3411 1539 3676 1606 πρεαύλια

2109 1631 2206 1700 τῆς
2231 1632 2323 1685 τοῦ
2368 1633 2661 1704 Κοσμιδίου
2689 1635 2892 1704 μονῆςο
2930 1632 3024 1702 ἀφ’
3055 1629 3114 1684 οὗ
3163 1633 3257 1684 καὶ
3302 1633 3369 1686 τά
3437 1630 3676 1701 βασίλεια

2110 1718 2367 1787 καθεώρα
2405 1719 2702 1787 τριάκοντά
2757 1739 2858 1774 που
2897 1719 3147 1781 σταδίους
3177 1721 3385 1771 τούτων
3440 1721 3678 1787 ἀφεστη-

2110 1807 2222 1871 κώς
2246 1811 2380 1880 (97).
2413 1811 2583 1874 Αὐτὸς
2606 1811 2736 1883 ,μὲν
2791 1807 2886 1866 οὖν
2940 1812 3108 1866 αὐτοῦ
3159 1811 3254 1864 δύο
3310 1810 3562 1877 διήνυσεν
3589 1810 3677 1862 ὅλα

2111 1898 2447 1970 νυχθήμερα,
2480 1900 2820 1970 ψυχροτάτου
2841 1901 2964 1954 κατ’
2991 1901 3169 1952 αὐτῶν
3194 1900 3572 1960 ἀντιπνέοντος
3589 1899 3676 1951 τοῦ

2109 1982 2301 2054 βορρᾶ,
2334 1985 2453 2038 κατ’
2483 1986 2651 2055 αὐτὴν
2685 1986 2784 2058 τὴν
2837 1987 3022 2056 ἀκμὴν
3049 1985 3142 2039 τοῦ
3193 1987 3467 2055 χειμῶνος
3524 1987 3674 2048 δντος

2107 2071 2202 2124 τοῦ
2263 2072 2477 2141 χρόνου.
2513 2074 2578 2126 Ol.
2609 2074 2666 2130 δὲ
2700 2073 2943 2143 φύλακες
3000 2073 3342 2142 πανταχόθεν
3398 2073 3677 2142 διανειμά-

2110 2178 2263 2232 μενοι
2292 2164 2390 2226 τὰς
2417 2165 2570 2225 ὁδοὺς
2599 2167 2854 2236 ἐτήρουν,
2916 2167 2991 2237 μὴ
3031 2161 3171 2236 λάθῃ
3212 2167 3678 2236 καταστρατηγή-

2109 2272 2206 2320 σας
2239 2257 2439 2319 αύτοὺς
2461 2259 2488 2310 6
2518 2259 2861 2328 Συργιάννης
2911 2259 3014 2324 ἐξω
3056 2259 3360 2328 τηνικαῦτα
3393 2259 3528 2328 περὶ
3589 2258 3677 2328 τὴν

2109 2347 2395 2417 Πείρινθον
2451 2349 2742 2417 διατρίϐων
2792 2352 2886 2405 καὶ
2941 2351 3284 2418 πειρώμενος
3354 2349 3678 2418 ὑποσχέσεσι

2108 2439 2508 2508 χρηστοτέραις
2579 2440 2646 2493 τά
2705 2440 2866 2510 πέριξ
2938 2440 3339 2508 ἐφελκύσασθαι
3421 2439 3675 2510 φρούρια.

2107 2528 2186 2597 Τῇ
2213 2527 2268 2578 δέ
2294 2529 2455 2598 τρίτῃ
2483 2529 2642 2581 νυκτὶ
2676 2529 3030 2595 τριακοσίους
3058 2528 3468 2598 ἀπολεξάμενος
3529 2527 3678 2580 ὁπλί-

2106 2619 2624 2689 ταςὸΣυργιάννης
2689 2621 2782 2673 καὶ
2824 2621 2880 2685 ἐξ
2936 2620 3176 2690 ἑσπέρας
3231 2619 3677 2686 ἐξιππασάμενος

2105 2706 2209 2780 ἦκε
2233 2711 2367 2781 πρὸς
2388 2711 2446 2764 τὸ
2482 2711 2795 2774 Βυζάντιον,
2829 2711 2957 2780 πρὶν
3026 2710 3308 2764 ἀνατεῖλαι
3353 2709 3446 2763 τὸν
3504 2709 3674 2778 ἥλιον,

2106 2804 2316 2864 πάντας
2348 2801 2589 2863 ἐκείνους
2619 2802 2742 2864 τοὺς
2768 2801 3076 2870 βασιλικοὺς
3140 2800 3436 2862 δδοστάτας
3465 2801 3566 2852 καὶ
3585 2797 3674 2864 φύ-

2104 2894 2276 2957 λακας
2307 2891 2496 2961 ὥσπερ
2546 2890 2849 2955 ὑπνοῦντας
2910 2892 3084 2962 ἄρδην
3150 2890 3485 2961 συνειληφώς
3546 2890 3672 2961 (98).

2104 2988 2214 3042 Kal.
2239 2988 2288 3040 εί
2306 2987 2380 3057 μὴ
2396 2985 2683 3040 διεκώλυεν
2713 2986 2740 3038 6
2777 2987 3009 3054 γηραιὸς
3038 2985 3310 3055 βασιλεὺς,
3347 2989 3441 3038 καὶ
3470 2987 3659 3037 ἐπεισ-

2103 3081 2290 3132 πεσείν
2330 3079 2513 3141 αὐτοῖς
2559 3079 2672 3148 (99)
2722 3079 2973 3132 ἐϐούλετο
3004 3079 3078 3133 ἔτ’
3101 3079 3360 3146 ἀγνοοῦσι
3387 3079 3447 3131 τὸ
3468 3079 3669 3146 δρᾶμα.

2119 3173 2272 3225 Ἐπεὶ
2303 3171 2348 3224 δ’
2376 3172 2558 3242 ἡμέρα
2604 3172 2826 3239 ἐγένετο
2857 3173 2950 3225 καὶ
2973 3172 3074 3244 τὴν
3109 3171 3202 3224 τοῦ
3232 3171 3544 3241 Συργιάννη
3574 3164 3676 3222 παὶ

430 3257 557 3312 faeti
591 3259 924 3322 praenitentes
962 3267 1292 3328 recepturus
1321 3273 1442 3314 esse
1474 3236 1780 3325 videretur,
1822 3236 2001 3330 fugam

2112 3257 2329 3329 ράδοξον
2369 3236 2462 3310 καὶ
2491 3236 2756 3327 αἰφνίδιον
2807 3236 3145 3329 ἠκηκόεισαν
3203 3236 3415 3326 ἔφοδον,
3443 3236 3670 3310 ἐόλεπον

431 3352 809 3430 arripuerunt.

2120 3351 2177 3404 δέ
2208 3351 2301 3404 καὶ
2327 3351 2502 3413 άλλως
2526 3349 2649 3404 οὔτε
2676 3352 2802 3414 τοὺς
2834 3349 3163 3413 Βυζαντίους
3187 3348 3446 3414 άνύοντας
3502 3348 3672 3418 λάθρα

431 3462 486 3498 τι
512 3437 661 3515 ύπέρ
690 3445 875 3528 αὐτού,
909 3446 1159 3518 μήτετδν
1225 3443 1449 3516 βασιλέα
1511 3443 1911 3513 προσδέξασθαι
1980 3443 2240 3515 μέλλοντα
2290 3442 2718 3513 ἐπιστρέφοντας
2770 3441 2907 3512 πρὸς
2975 3442 3268 3512 μετάνοιαν
3321 3443 3421 3512 (l),
3474 3441 3672 3512 ᾤχοντο

432 3527 766 3608 φεύγοντες..

503 3631 668 3702 354
719 3631 808 3686 ιν.
848 3631 1044 3688 Postea
1091 3633 1315 3702 despota
1365 3630 1761 3686 Constantinus
1817 3630 2002 3683 statim

432 3737 532 3791 per
549 3738 711 3780 .mare
741 3723 1187 3778 Thessalonicam
1229 3725 1485 3786 mittitur,
1523 3733 1577 3776 ut
1611 3736 1795 3776 rerum
1825 3721 2004 3774 Mace-

434 3815 762 3869 doniearum
809 3797 1367 3870 administrationem
1436 3810 2004 3882 gubernationemque

433 3908 699 3975 suscipiat
728 3916 783 3960 et
822 3905 1037 3972 chen,
1069 3906 1307 3976 junioris
1358 3903 1706 3974 imperatoris
1751 3910 2002 3967 matrem,

434 3998 751 4068 Byzantium
794 3997 1008 4063 mittat;
1042 4005 1419 4067 pra‘tereaque
1455 3995 1685 4048 militem
1728 3994 1805 4048 ibi
1840 3995 2002 4063 legat,

436 4100 498 4145 ut
544 4089 664 4159 ipso
709 4088 837 4143 inde
889 4103 1012 4144 cum
1060 4088 1426 4142 Macedonicis
1475 4087 1646 4153 copiis
1689 4086 2001 4152 invadente,

439 4182 570 4236 hinc
595 4196 727 4236 vero
756 4180 1055 4252 Syrgianne
1085 4196 1208 4236 cum
1241 4180 1475 4234 Turcico
1521 4178 1765 4233 exercitu
1811 4188 1867 4231 et
1912 4177 2004 4231 Bi-

437 4274 620 4344 thynis
669 4273 929 4327 Romanis
983 4280 1330 4332 occurrente,
1366 4271 1556 4339 junior
1603 4271 1900 4338 imperator
1948 4270 2000 4323 in

436 4363 619 4419 medio
653 4365 1066 4418 circumventus
1107 4379 1230 4416 cum
1265 4362 1378 4415 suis
1411 4363 1680 4430 capiatur.
1730 4360 1835 4415 Sed
1879 4375 2002 4414 cum

430 4455 540 4526 jam
591 4455 846 4523 despotes
877 4469 906 4508 e
941 4454 1242 4522 Byzantina
1299 4461 1460 4521 portu
1513 4451 1794 4505 soluturus
1831 4460 2002 4515 esset,

432 4546 617 4600 statim
649 4561 678 4600 e
713 4545 900 4599 fartiuli
931 4544 1183 4598 manibus
1216 4544 1399 4597 omnia
1429 4557 1492 4596 ea
1533 4543 1749 4612 delapsa
1781 4541 1916 4597 vidit
1948 4549 2004 4596 et

435 4639 490 4693 in
526 4638 754 4692 fundum
793 4638 958 4692 maris
987 4637 1260 4697 demersa,
1301 4650 1422 4704 qua:
1453 4634 1519 4689 ad
1552 4633 1853 4688 ornandam
1884 4635 2005 4704 ejus

2921 3567 2952 3600 ο

2178 3628 2259 3698 [Ρ.
2283 3625 2411 3699 218]
2435 3625 2505 3680 Δ’.
2529 3627 2809 3697 Πέμπεται
2828 3627 2925 3697 μὲν
2948 3626 3210 3696 Milon-16v
3237 3625 3399 3688 εὐθὺς
3417 3627 3445 3679 6
3478 3625 3669 3679 δεσπό-

2106 3737 2203 3790 της
2239 3723 2643 3784 Κωνσταντῖνος
2685 3722 2760 3790 (2)
2784 3721 2871 3774 διὰ
2894 3719 3158 3790 θαλάττης
3184 3723 3240 3782 ἐς
3276 3717 3670 3787 Θεσσαλονίκην

2107 3812 2405 3882 ἐπίτροπος
2448 3814 2541 3866 καὶ
2571 3813 2846 3883 διοικητὴς
2866 3814 2976 3866 τῶν
3003 3813 3104 3881 τῆς
3137 3812 3479 3874 Μακεδονίας
3497 3828 3670 3880 πραγ-

2110 3904 2299 3971 μάτων
2343 3905 2441 3973 τήν
2469 3921 2528 3957 τε
2567 3905 2857 3958 δέσποιναν
2908 3906 3080 3973 Ξένην
3108 3905 3208 3974 τὴν
3247 3906 3342 3958 τοῦ
3372 3905 3493 3958 νέου
3519 3905 3668 3973 βασι-

2104 3995 2242 4059 λέως
2288 3997 2503 4068 μητέρα
2538 3995 2616 4066 (5)
2677 3997 2906 4066 πέμψων
2940 3999 2996 4060 ἐς
3051 3998 3349 4060 Βυζάντιον
3415 3999 3505 4060 καὶ
3535 3997 3664 4066 πρός

2106 4104 2169 4155 γε
2206 4087 2660 4158 στρατολογήσων
2699 4088 2931 4149 ἐκεῖθεν,
2970 4088 3038 4141 ἵν’
3077 4089 3289 4142 ἐκείνου
3321 4088 3422 4158 μὲν
3462 4089 3663 4142 ἐκεῖθεν

2106 4179 2358 4240 ἐπιόντος
2389 4179 2527 4247 μετά
2553 4178 2646 4230 τοῦ
2686 4178 3058 4232 Μακεδονικοῦ
3094 4181 3523 4250 στρατεύματος,
3579 4181 3662 4230 ἐν-

2106 4269 2297 4323 τεῦθεν
2327 4269 2382 4323 δὲ
2409 4269 2500 4322 τοῦ
2531 4270 2860 4340 Συργιάννου
2888 4271 2984 4324 σύν
3021 4288 3084 4340 γε
3117 4272 3408 4343 Τουρκικῷ
3459 4271 3660 4343 στρατῷ

2108 4361 2204 4414 καὶ
2229 4361 2344 4414 ὅσοι
2379 4363 2442 4414 ἐκ
2472 4361 2727 4424 Βιθυνίας
2786 4361 3074 4431 Ῥωμαίων
3124 4364 3365 4430 ὁπλῖται,
3429 4366 3587 4434 μέσος
3634 4365 3660 4416 6

2109 4453 2234 4514 νέος
2289 4453 2668 4521 συγκλεισθεὶς
2721 4453 2974 4522 βασιλεὺς
3047 4454 3147 4523 τὴν
3203 4457 3467 4524 ταχίστην
3517 4455 3660 4524 ἁλοίη

2111 4541 2204 4608 ξύν
2236 4559 2297 4611 γε
2334 4545 2444 4606 τοῖς
2473 4544 2611 4613 ἀμφ’
2641 4544 2822 4598 αὐτόν.
2858 4545 3085 4598 Μέλλων
3105 4544 3150 4614 δέ
3183 4546 3283 4616 ἤδη
3324 4546 3434 4598 τῶν
3469 4547 3660 4610 Βυζαν-

2108 4633 2240 4686 τίων
2268 4633 2501 4702 λιμένων
2522 4635 2788 4686 ἀποπλεῖν
2819 4635 2847 4687 6
2876 4634 3146 4706 δεσπότης
3203 4633 3340 4690 εἶδεν
3381 4636 3536 4696 εὐθὺς
3560 4635 3658 4686 τῶν

437 4743 680 4783 mensam
715 4743 877 4782 aurea
908 4735 964 4781 et
997 4739 1254 4794 argentea
1301 4739 1430 4778 vasa
1482 4723 1707 4778 collecta
1760 4722 1999 4776 fuerant.

2112 4722 2203 4775 τοῦ
2261 4722 2449 4776 δούλου
2497 4723 2695 4793 χείρῶν
2749 4723 3108 4795 ὀλισθήσαντα
3149 4725 3327 4779 πάντα
3388 4725 3656 4795 συνηθροιο

435 4821 567 4889 Quae
601 4835 689 4876 res
730 4835 984 4892 magnum
1019 4819 1094 4874 illi
1136 4817 1379 4873 dolorem
1411 4816 1614 4882 attulit,
1643 4831 1749 4870 non
1788 4827 1898 4870 tam
1929 4815 2000 4870 ob

2110 4815 2490 4882 σμένα,δπὸσα
2519 4819 2617 4886 τὴν
2650 4817 2858 4871 ἐκείνου
2889 4816 3168 4886 τράπεζαν
3196 4819 3433 4888 ἐπλήρου
3467 4818 3651 4888 χρύσεα

1768 4941 2105 5005 Variorum
2146 4947 2336 5004 notte.

510 5051 621 5120 (96)
662 5048 1099 5120 Phranzestlib.
1147 5061 1350 5120 l,___cap.
1402 5041 1767 5120 10;__!.aonic.
1814 5042 2004 5120 lib_._j,

439 5135 496 5190 p.
518 5112 576 5182 Β,
609 5112 738 5175 edit.
773 5121 931 5189 Ρωςά
962 5118 1158 5174 Juann.
1188 5112 1483 5180 Villancus,
1507 5112 1604 5167 lib.
1638 5128 1712 5176 Ix,
1737 5126 1858 5182 cap.
1882 5113 2002 5168 152.

441 5191 688 5246 Ducam;

512 5263 620 5327 (97)
659 5263 723 5315 A.
752 5260 812 5316 C.
855 5258 1011 5318 1392.
1043 5256 1244 5327 hieme.

517 5322 629 5401 (98')
671 5333 774 5386 Aul
840 5330 1064 5401 verbum
1090 5395 1102 5401 _
1129 5323 1489 5401 συλλαμϐάνω
1552 5323 1696 5401 aliud
1741 5322 2005 5401 _Greg_or:e

447 5393 738 5468 significat.
780 5409 876 5453 aut
912 5395 1200 5468 legendum
1232 5393 1494 5468 λεληθὼς,
1536 5395 1620 5446 vel
1657 5393 2002 5468 διεληλυθὼς,

445 5464 527 5524 vel
585 5471 790 5540 aliquid
834 5464 1034 5523 simile.
1086 5464 1272 5540 Neque
1320 5467 1464 5518 enim
1517 5464 2009 5540 comprehenderat

444 5556 558 5601 eos,
593 5542 644 5593 in
676 5534 811 5608 quos
843 5541 1102 5607 impetum
1137 5534 1536 5608 facturuserat.
1564 5534 1836 5608 Ὤγου-ωε.

522 5614 633 5679 (99)
676 5604 893 5664 Scilicet
918 5604 1030 5679 τοῖς
1058 5605 1185 5672 περὶ
1203 5605 1306 5679 τὸν
1337 5605 1476 5668 νέον,
1505 5605 1560 5656 in
1589 5605 1758 5679 ipsum
1780 5604 2008 5679 junioris

445 5675 728 5737 exercitum
757 5687 871 5732 erat
909 5678 1158 5745 impetum
1192 5675 1448 5739 facturus,
1483 5688 1590 5745 non
1637 5676 1690 5726 in
1728 5677 1864 5745 ipsos
1897 5675 2006 5726 via-

445 5771 559 5806 rum
591 5751 848 5810 custodes,
870 5748 959 5816 qui
985 5743 1096 5816 jam
1124 5743 1513 5816 cmuprelleusi
1537 5743 1771 5816 fuerant.
1796 5744 2002 5797 Bonvm.

514 5825 588 5891 (Ι)
627 5821 831 5874 Dubius
867 5813 1036 5883 locus,
1065 5825 1246 5870 utrum
1280 5815 1542 5885 Byzantii,
1573 5813 1851 5882 repudiata
1879 5829 2006 5884 per-

2107 5043 2254 5116 fidia,
2276 5045 2549 5116 iuniorem
2575 5043 2947 5098 Andronicum
2979 5045 3225 5116 recipere
3251 5044 3521 5116 noluerint
3548 5061 3559 5096 :
3587 5059 3646 5096 an

2098 5114 2340 5184 junioris
2362 5114 2582 5175 milites,
2601 5116 2887 5182 desperata
2907 5114 3142 5169 senioris
3157 5116 3468 5177 clementia,
3489 5115 3644 5181 fugam

2104 5185 2366 5252 ceperint.
2388 5185 2490 5238 Sed
2516 5184 2664 5252 prior
2687 5186 2953 5238 sententia
2982 5186 3151 5253 magis
3178 5186 3371 5254 placet.
3396 5185 3643 5239 Womus.

2102 5283 2172 5293 —
2210 5254 2372 5319 Μήτε
2419 5256 2523 5308 τὸν
2568 5254 2833 5318 ,βασιλέα
2881 5255 3325 5320 προσδέξασθαι
3369 5255 3646 5322 μέλλοντα

2102 5322 2721 5392 ἐπιστέέφονταςμειο.
2753 5323 2980 5377 Wolﬁus
3009 5324 3138 5394 legit
3167 5325 3478 5394 μέλλοντας,
3503 5333 3644 5390 atque

2103 5407 2165 5447 ea
2197 5395 2428 5447 lectione
2456 5394 2716 5462 deceptus
2741 5409 2767 5444 a
2793 5409 2923 5446 vero
2943 5393 3104 5447 sensu
3135 5395 3429 5448 aberravit.
3459 5393 3641 5462 lion-ta.

2178 5464 2254 5532 (2)
2290 5461 2604 5534 Andronici
2639 5464 2770 5530 imp.
2802 5463 2956 5516 ﬁlius.
2988 5464 3230 5534 secundo
3265 5466 3497 5534 genitus.
3530 5461 3643 5514 Vide

2105 5532 2470 5588 Cautacuzen.
2506 5533 2602 5586 lib.
2641 5547 2680 5597 ι,
2711 5547 2830 5601 cap.
2865 5534 2953 5586 51.
2989 5531 3223 5588 Ducmc.

2178 5603 2254 5671 (3)
2308 5603 2611 5671 Antequam
2671 5603 2831 5654 vidua
2883 5611 3056 5666 esset,
3121 5603 3284 5656 Maria
3351 5602 3639 5671 vocabatur.

2106 5669 2330 5736 Lib.'\'l,
2378 5669 2498 5738 cap.
2531 5672 2584 5735 8,
2618 5680 2752 5724 sect.
2790 5672 2851 5736 2;
2891 5672 2987 5725 lib.
3028 5689 3122 5737 vn,
3163 5689 3284 5740 cap.
3328 5674 3379 5734 6,
3414 5684 3540 5725 seet.
3583 5669 3640 5726 ες

2106 5751 2161 5795 οι
2201 5757 2324 5809 cap.
2374 5742 2461 5803 15,
2495 5751 2628 5794 sect.
2671 5742 2732 5802 l;
2768 5741 2862 5795 ltb.
2895 5759 3011 5805 vm,
3063 5758 3183 5810 cap.
3231 5745 3281 5804 1,
3331 5752 3461 5796 sect.
3499 5742 3546 5794 i.
3573 5742 3639 5791 An

2109 5822 2324 5866 mortuo
2356 5812 2550 5866 marito
2579 5811 2822 5865 habitum
2852 5813 3188 5867 mutaverat?
3216 5813 3420 5868 Boma.
