4016 6606
415 443 530 508 537

677 439 753 513 [Α-
791 455 842 496 c-
887 439 1024 495 1282
1060 454 1141 495 ω
1179 439 1338 514 i328]
1413 447 1859 509 BYZANTIN/E
1897 447 2284 509 HISTORIA!
2325 448 2473 507 LIB.
2515 446 2680 507 VIII.

2782 441 2916 516 [tum
2956 458 3245 502 annuoutc.
3283 458 3423 516 sum

3570 448 3677 513 538

415 562 523 615 καὶ
553 561 807 631 ἀργύρεα
827 560 996 630 σκεύη
1030 561 1125 613 καὶ
1151 561 1280 632 ἄχρι
1340 561 1630 633 πυθμένων
1685 578 1994 618 καταουντα

2106 563 2216 633 ejus
2243 561 2599 633 supellectilis
2622 563 2913 633 iacturam,
2936 578 3098 632 quam
3125 563 3197 617 ob
3224 554 3424 617 malum
3446 562 3502 616 in
3529 563 3673 631 ipso,
3707 618 3718 628 ,

416 654 700 724 θαλάττης
724 670 740 685 ·
768 653 797 707 δ
842 654 938 709 καὶ
965 654 1054 708 διὰ
1085 654 1334 727 μεγάλης
1377 656 1556 728 ἦγαγε
1591 657 1771 727 λύπης
1814 657 1999 720 αὑτὸν,

415 746 487 799 οὐ
511 745 768 799 τοσοῦτον
791 746 879 801 διὰ
910 748 1010 815 τὴν
1043 748 1302 820 στέρησιν
1328 751 1437 802 τῶν
1491 750 1722 814 σκευῶν,
1757 749 1881 804 δσον
1914 750 2004 803 διὰ

417 834 489 888 τὸ
513 836 579 889 ἐκ
614 835 844 906 πρώτης
863 836 1033 906 φάναι
1073 839 1344 908 γραμμῆς
1370 838 1758 895 δυσοιώνιστόν
1804 841 2001 895 συνάν-

420 943 581 995 τημα
614 928 710 980 καὶ
762 928 826 981 τὺ
880 928 983 997 τῆς
1034 930 1265 1000 μελέτης
1312 931 1563 985 έντεῦθεν
1620 932 1996 990 δυσέλπιστον.

431 1018 600 1073 Ἀλλά
624 1020 730 1090 γάρ
770 1019 1023 1074 ἀπελθὼν
1067 1023 1125 1075 ὲν
1180 1023 1551 1095 Θεσσαλονίκῃ
1595 1024 1800 1087 πάντας
1838 1024 2001 1088 εὐθὺς

418 1110 833 1180 συλλαϐόμενος
870 1112 998 1175 τοὺς
1033 1114 1162 1183 περὶ
1206 1113 1306 1184 τὴν
1335 1115 1625 1168 δέσποιναν
1677 1115 1844 1187 Ξένην
1883 1117 1998 1185 ἅμα

421 1203 572 1273 αὖτῇ
612 1204 707 1256 καὶ
745 1204 891 1272 μάλα
923 1206 1181 1275 ἀκόσμως
1219 1207 1529 1277 ἐμϐιϐάσας
1559 1208 1615 1271 ἐς
1644 1209 1845 1280 τριήρη
1881 1208 1999 1274 ἐξέ-

421 1296 650 1364 στεμψεν
682 1297 739 1357 ὲς
772 1295 1100 1360 Βυζάντιον·
1135 1299 1169 1367 ἢ
1199 1298 1263 1367 δὴ
1295 1299 1388 1351 καὶ
1437 1299 1647 1352 ἀκουσα
1704 1300 1999 1370 ἐληλυθυῖα

417 1387 753 1457 ἐφρουρεῖτο
783 1389 914 1458 περὶ
940 1390 1019 1441 τὸ
1039 1389 1176 1457 ἑῷον
1209 1391 1376 1460 μέρος
1403 1390 1512 1444 τῶν
1548 1390 1864 1460 βασιλείων.
1904 1392 1998 1444 Ἐν

420 1480 530 1549 μὲν
560 1481 625 1547 δὴ
651 1481 810 1536 τοῦτο
841 1483 936 1535 καὶ
978 1469 1405 1537 σπουδαιότατον
1451 1485 1617 1554 ἔργον
1661 1483 2002 1538 Κωνσταντί-

416 1589 524 1626 νου
578 1573 673 1627 τοῦ
727 1574 992 1628 δεσπότου
1043 1576 1338 1645 γενομένου
1395 1575 1524 1645 περὶ
1575 1577 1996 1646 Θεσσαλονίκην.

416 1662 697 1737 Δεύτερον
728 1664 807 1728 δὲ.
837 1667 1019 1720 πάντα
1048 1666 1139 1720 τῦν
1188 1667 1253 1720 ὲκ
1282 1667 1625 1730 Μακεδονίας
1671 1669 2000 1739 συναγείρας

418 1746 668 1824 στρατὸν
696 1757 914 1828 ἔρχεται
972 1758 1112 1812 κατά
1163 1756 1258 1811 τοῦ
1316 1758 1540 1829 ἀνεψιοῦ
1589 1759 1854 1829 βασιλέως
1897 1760 1995 1831 (4).

433 1847 649 1902 Ἐλθὼν
716 1850 815 1918 μὲν
866 1849 931 1921 δὴ
975 1850 1130 1921 παρὰ
1182 1852 1293 1921 τὴν,
1331 1852 1727 1922 Χριστούπολιν
1776 1851 1998 1923 πέμψας

420 1938 604 2010 ᾔτησε
629 1940 799 1994 δίοδον
830 1943 962 2013 παρ’
986 1943 1229 1997 ἑκόντων
1262 1942 1369 1997 τῶν
1399 1944 1673 2015 φρουρῶν,
1710 1946 1840 2015 πρὶν
1873 1947 2001 2017 παρ’
2035 1927 2077 1982 Β

2103 654 2250 725 φιοὰ
2276 652 2656 720 aiunt,limine
2680 668 2863 719 omen,
2891 668 3002 724 quo
3031 654 3248 709 animus
3271 655 3348 709 rei
3377 654 3676 709 conﬁcien-

2103 747 2187 802 dae
2214 762 2435 817 parvam
2476 760 2628 816 spem
2658 744 3028 816 concipiebat.
3070 745 3342 800 Caeterum
3375 744 3673 800 Thessalo-

2100 840 2285 894 nicam
2339 837 2620 909 profectus
2667 837 2857 893 Xenen
2912 853 3039 894 cum
3093 839 3356 919 omnibus
3406 838 3674 892 ministris

2101 930 2575 1000 comprehenSam,
2603 929 2751 983 nulla
2790 929 3055 985 modestia
3103 930 3311 985 triremi
3338 929 3670 1012 impositam,

2101 1022 2422 1094 Byzantium
2459 1022 2629 1076 misit.
2662 1020 2781 1087 Quo
2815 1036 2940 1077 cum
2982 1022 3071 1076 illa
3105 1022 3277 1076 invita
3306 1022 3672 1090 pervenisset.

2101 1113 2156 1168 in
2183 1112 2438 1168 orientali
2469 1113 2652 1183 palatii
2681 1122 2833 1182 parte
2869 1114 3306 1168 custodiebatur.
3344 1113 3411 1167 Et
3436 1114 3672 1182 primum

2102 1207 2207 1262 hoc
2240 1216 2406 1276 atque
2449 1206 2833 1275 gravissimum
2868 1222 3006 1275 opus
3049 1205 3153 1260 fuit
3198 1205 3543 1261 Constantini
3577 1208 3674 1260 tle-

2100 1308 2291 1367 spotaa.
2342 1298 2435 1353 ubi
2495 1301 2541 1354 is
2571 1282 3037 1356 .Thessalonicam
3096 1299 3339 1353 advenit.
3396 1300 3665 1363 Alterum,

2101 1393 2247 1463 quod
2293 1391 2523 1446 collecto
2569 1394 2718 1447 omni
2776 1391 3128 1447 Macedonico
3180 1391 3424 1445 exercitu
3476 1394 3667 1445 contra

2100 1483 2492 1552 imperatorem
2528 1483 2713 1539 fratris
2743 1482 2913 1538 lilium
2947 1483 3254 1539 contendit.
3302 1481 3470 1536 Porro
3510 1480 3671 1537 Chri-
3779 1527 3793 1537 .

2102 1577 2339 1646 stopoliu
2371 1591 2694 1646 progressus
2736 1591 2767 1631 a
2808 1577 3058 1646 praesidio
3085 1576 3374 1630 transitum
3427 1575 3671 1643 postula-

2100 1675 2201 1736 vit,
2239 1671 2517 1737 minitans,
2559 1671 2614 1725 ni
2650 1671 2794 1725 ultro
2821 1670 3034 1729 darent,
3070 1669 3137 1724 iis
3171 1666 3359 1722 invitis
3388 1682 3447 1723 se
3475 1667 3671 1722 transi-

2104 1772 2310 1819 turum.
2361 1763 2515 1829 Quod
2554 1778 2679 1817 cum
2721 1763 2798 1816 illi
2837 1770 3175 1823 recusarent,
3214 1768 3473 1830 perrupta
3521 1767 3675 1829 parte

2104 1855 2247 1925 longi
2278 1855 2419 1909 muri
2452 1855 2591 1908 viam
2621 1853 2782 1925 355
2808 1852 3244 1917 intercludentis,
3272 1865 3488 1904 omnem
3521 1866 3679 1905 exer—

2102 1949 2271 2003 citum
2304 1947 2635 2018 prohibente
2664 1946 2882 2000 nemine
2916 1943 3177 1999 traduxit.

419 2034 675 2087 ἀκόντων
702 2034 892 2088 λαϐεῖν
950 2035 1216 2091 ἀπειλῶν.
1262 2037 1384 2092 Τῶν
1437 2038 1495 2091 δὲ
1556 2038 1629 2109 μὴ
1677 2038 2026 2109 δεξαμένων,
2071 2040 2415 2125 βιασάμενος¹
2441 2040 2604 2103 αὑτὸς
2646 2039 2865 2110 διέκοψε
2893 2039 3057 2110 μέρος
3091 2034 3185 2090 τοῦ
3246 2036 3343 2109 τὴν
3372 2036 3541 2091 δίοδον
3557 2038 3677 2090 ὲπι-

414 2128 757 2199 τειχίζοντος
791 2131 1004 2202 μακροῦ
1034 2132 1271 2202 τείχους,
1290 2136 1383 2187 καὶ
1412 2133 1557 2187 οὕτω
1580 2135 1688 2197 πᾶς
1705 2135 1999 2192 ἀκωλύτως
2033 2136 2300 2190 διέϐαινεν
2329 2138 2357 2191 ό
2387 2136 2641 2208 στρατός.
2668 2136 2679 2143 “

502 2225 585 2280 E'.
615 2225 885 2293 Στραφεὶς
908 2224 966 2277 δὲ
994 2226 1129 2296 πρὸς
1156 2227 1349 2279 ἑαυτὸν
1372 2227 1399 2279 ὁ
1449 2227 1705 2297 βασιλεὺς
1746 2230 1840 2280 καὶ
1881 2245 2006 2279 συν-

424 2320 558 2374 ιδὼν
589 2319 664 2375 ὡς
692 2322 750 2373 ὲν
781 2320 953 2388 στενῷ
986 2319 1376 2374 συνελαύνεταί
1403 2321 1453 2373 ot
1479 2321 1548 2372 τὰ
1579 2322 1883 2391 πράγματα
1911 2320 2005 2374 τὸν

426 2415 534 2486 μὲν
592 2415 1064 2487 πρωτοστράτορα
1117 2416 1209 2468 τδν
1260 2415 1562 2484 Συναδηνδν
1626 2415 1696 2468 τὰ
1751 2416 2007 2486 Θρᾳκικὰ

426 2508 712 2578 παραδοὺς
769 2507 1160 2578 στρατεύματα
1232 2509 1442 2576 πέμπει
1493 2508 1731 2579 φρουρὸν
1792 2509 1900 2562 τῶν
1944 2526 2005 2563 τε

420 2598 569 2666 πρὸς
600 2598 894 2660 Βυζάντιον
929 2598 1235 2667 βλεπόντων
1275 2598 1438 2666 όρίων
1467 2598 1567 2668 τῆς
1606 2598 1757 2669 αὐτῷ
1784 2597 2004 2670 κληρω-

427 2688 627 2758 θείσης
673 2672 851 2759 ἀρχῆς
879 2691 975 2742 καὶ
1021 2691 1140 2751 ταῖς
1188 2687 1282 2741 τοῦ
1337 2689 1673 2759 Συργιάνυου
1713 2689 2006 2761 ἐκδρομαῖς

422 2780 749 2836 ἀντίπαλον.
790 2780 962 2843 Αὐτὸς
990 2781 1037 2834 δ’
1075 2779 1289 2834 ἐκεῖθεν
1318 2782 1627 2848 δαιμονίαις
1677 2782 1790 2835 τισὶ
1823 2800 2004 2853 μηχα-

423 2875 557 2935 ναῖς
609 2873 704 2926 καὶ
764 2872 941 2933 δόλοις
994 2872 1136 2941 ἔγνω
1182 2873 1443 2942 πολεμεῖν
1491 2872 1571 2943 τῷ
1624 2873 1754 2945 θείῳ
1786 2876 1880 2927 καὶ
1924 2874 2009 2928 δε-

426 2963 739 3036 61:6136).
795 2965 909 3018 Καὶ
946 2965 1140 3036 πρῶτα
1215 2966 1314 3034 μὲν
1363 2965 1713 3034 διατάγματα
1771 2966 2004 3021 πλεῖστα

427 3058 645 3126 σπουδῇ
677 3057 957 3126 γραφῆναι
986 3056 1448 3127 παρεκελεύσατο,
1484 3059 1541 3110 ἐν
1569 3052 1651 3121 οἷς
1679 3058 2006 3127 ὑποσχέσεις

422 3150 737 3216 ἐγράφοντο
773 3148 990 3218 ἔνορκοι
1047 3150 1353 3220 χρημάτων
1409 3149 1504 3202 καὶ
1555 3149 1858 3220 κτημάτων
1911 3150 2007 3203 καὶ

422 3241 613 3309 τιμῶν
673 3245 1060 3311 προσηκόντων
1115 3241 1368 3310 διανομαὶ
1412 3243 1547 3304 τοϊςί
1583 3241 2006 3313 συλληψομένας

419 3332 522 3384 τὸν
549 3332 816 3400 δεσπότην
850 3333 950 3385 καὶ
980 3332 1146 3386 θεῖον.
1186 3332 1253 3386 Ἀ
1280 3333 1343 3403 δὴ
1370 3334 1550 3386 πάντα
1583 3334 1874 3404 βαναύσοις
1894 3334 2006 3386 τισὶ

426 3424 713 3494 παροδίοις
744 3423 973 3493 ἀνδράσι
1027 3423 1279 3489 δεδωκὼς
1339 3426 1552 3498 ῥίπτειν
1609 3427 1863 3480 ἐκέλευσε
1911 3426 2006 3479 καὶ

2178 2229 2244 2285 ν.
2304 2228 2607 2299 lmperat’or
2654 2237 2834 2283 autem
2883 2216 3212 2297 cogitatione
3265 2224 3353 2279 his
3397 2223 3464 2280 de
3513 2225 3682 2279 rebus

2107 2329 2383 2390 suscepta,
2409 2336 2534 2374 cum
2570 2335 2628 2375 se
2678 2320 2732 2373 in
2786 2328 2998 2374 arctum
3044 2317 3163 2387 cogi
3196 2326 3464 2379 cerneret,
3495 2325 3684 2386 proto-

2108 2421 2400 2468 Stratorem
2433 2411 2807 2483 Synadenum.
2842 2410 3093 2465 Thraciis
3139 2407 3476 2462 exercitibus
3516 2407 3681 2473 datis,

2084 2496 2172 2561 ‘ad
2218 2503 2609 2561 custodiendos
2653 2502 2867 2573 imperii
2905 2501 2988 2556 sui
3026 2501 3182 2565 nues,
3222 2500 3315 2571 qui
3349 2515 3542 2555 versus
3579 2500 3682 2571 By-

2107 2596 2346 2649 zantium
2378 2602 2717 2663 spectarent,
2769 2603 2825 2648 et
2876 2592 2943 2646 ad
2983 2590 3301 2664 Syrgiannis
3339 2590 3685 2646 incursiones

2106 2683 2484 2756 prohibendas
2536 2682 2708 2738 misit.
2767 2682 2890 2751 Ipse
2954 2696 3089 2736 vero
3143 2681 3298 2736 miris
3354 2680 3686 2750 quibusdam

2106 2772 2610 2829 machinationibus
2653 2783 2709 2828 et
2763 2772 2901 2827 dolis
2934 2782 3190 2842 patruum
3237 2772 3517 2842 despotam
3556 2771 3684 2827 inde

2107 2880 2427 2937 oppugnare
2477 2865 2736 2920 instituit.
2798 2863 2876 2919 Ac
2928 2865 3168 2934 primum
3218 2863 3395 2918 edicta
3448 2860 3686 2932 plurima

2106 2959 2436 3014 festinanter
2493 2957 2769 3012 conscribi
2825 2956 3010 3025 jussit,
3065 2955 3268 3025 quibus
3325 2954 3717 3026 jurejurando'

2107 3049 2330 3106 sancitaa
2366 3048 2726 3118 pecuniarum
2760 3046 3190 3116 pollicitationes
3219 3046 3683 3101 continebantur:

2106 3144 2236 3198 item
2274 3142 2756 3211 possessionumet
2786 3138 3059 3193 honorum
3089 3139 3539 3194 convenientium
3573 3139 3686 3193 dis-

2107 3233 2440 3289 tributiones
2481 3231 2932 3301 proponebantur
2973 3231 3061 3296 iis,
3094 3231 3187 3300 qui
3220 3230 3504 3298 deSpotam
3537 3244 3687 3283 com-

2106 3323 2429 3396 prehensuri
2470 3330 2658 3377 essent
2695 3339 2710 3374 :
2757 3336 2931 3389 eaque
2964 3320 3425 3390 pra-tereunttbus
3460 3320 3689 3389 plebeiis

2108 3415 2423 3470 hominibus
2448 3414 2616 3479 dedit,
2646 3424 2704 3468 ut
2733 3414 3037 3483 abjicerent
3063 3424 3119 3468 et
3144 3415 3211 3470 de
3235 3414 3509 3469 industria
3533 3429 3662 3483 spar

423 3493 777 3580 διασπείρειν
803 3511 1118 3582 ἐξεπίτηδες
1149 3513 1301 3582 παρά
1322 3493 1381 3567 τε
1437 3513 1499 3567 τὸ
1533 3515 1893 3582 στρατόπεδον
1917 3514 2006 3567 τοῦ

2111 3518 2325 3580 gerent.
2363 3522 2489 3561 cum
2521 3508 2675 3577 juxta
2707 3506 2950 3576 despota:
2985 3516 3186 3570 castra,
3230 3516 3344 3560 tntn
3384 3507 3586 3576 passim
3629 3506 3686 3559 in

424 3610 698 3663 δεσπότου
748 3610 842 3663 καὶ
891 3610 1142 3680 πανταχῆ
1186 3609 1299 3662 τῶν
1361 3607 1517 3663 ὁδῶν.
1573 3608 1812 3660 Ἔπειτα
1865 3606 2006 3675 πρὸς

431 3701 647 3765 τούτοις
677 3702 908 3756 θάνατον
958 3704 1255 3775 κηρύττειν
1288 3702 1562 3763 ,ἐκέλευσε
1610 3699 1708 3754 τοῦ
1740 3699 2010 3768 βασιλέως

407 3795 531 3871 ,καὶ
567 3794 819 3858 πάππου,
841 3793 1250 3846 στασιασάντων
1276 3791 1433 3861 δῆθεν
1451 3791 1556 3844 τῶν
1576 3788 1888 3854 Βυζαντίων
1915 3789 2011 3841 καὶ

437 3888 880 3940 ἀποκτεινάντων
906 3885 1085 3939 αὐτόν.
1113 3880 1330 3956 [P.2l9]
1360 3884 1423 3937 Ὀ
1443 3882 1507 3952 δὴ
1531 3883 1625 3935 καὶ
1644 3879 2011 3950 διετράνωσαν

439 3975 757 4045 περιϊόντες
786 3972 1074 4043 ἅπανταχῆ
1113 3975 1161 4025 οῖ
1199 3973 1267 4024 τὰ
1322 3969 1548 4024 τοιαῦτα
1603 3968 1859 4021 πλάττειν
1899 3965 2010 4018 δεισ-

430 4069 536 4132 νοὶ,
575 4055 651 4120 ὧν
686 4068 739 4119 οἱ
798 4065 1016 4128 πλείους
1070 4065 1165 4119 καὶ
1220 4064 1417 4135 ὅρκους
1471 4060 1883 4135 προσετίθεσαν,
1933 4057 2012 4121 ὡς

430 4159 691 4228 παρῆσαν
738 4158 833 4211 καὶ
880 4158 1146 4211 αὐτόπται
1185 4158 1284 4225 τῆς
1326 4156 1530 4224 πικρᾶς
1578 4154 1787 4207 ἐκείνου
1812 4150 2010 4204 τελευ-

434 4249 541 4311 τῆς
574 4248 824 4315 ἐγένοντο
850 4263 864 4277 ·
893 4247 989 4300 καὶ
1023 4247 1368 4319 παράστασιν
1397 4244 1670 4299 ποιεῖσθαι
1698 4243 1792 4296 τοῦ
1831 4244 2010 4310 πράγ-

436 4357 610 4410 ματος
644 4339 894 4401 θέλοντες
944 4338 1139 4410 τρίχας
1185 4337 1500 4390 ἐδείκνυσαν
1530 4336 1752 4400 λευκάς,
1789 4335 1846 4388 αἶ
1870 4331 2011 4403 ἦσαν

437 4433 541 4502 μὲν
570 4433 633 4482 ὲκ
664 4430 954 4502 προϐάτων
978 4431 1210 4492 λευκῶν,
1240 4428 1551 4481 ἐδείκνυντο
1602 4428 1648 4480 δ’
1689 4426 1763 4489 ὡς
1821 4428 1885 4480 ὲκ
1914 4427 2012 4495 τῆς

434 4520 679 4591 κεφαλῆς
742 4520 835 4573 καὶ
881 4518 982 4586 τῆς
1022 4519 1237 4588 ὑπήνης
1282 4517 1377 4569 τοῦ
1433 4516 1665 4586 γηραιοῦ
1722 4514 2008 4586 βασιλέως,

431 4613 682 4676 ἀτετιῖς
718 4612 812 4664 τοῦ
864 4594 1036 4681 δήμου
1085 4608 1559 4663 διασκεδασθεῖσαι
1618 4608 1796 4678 χερσί.
1846 4608 2014 4661 Ταῦτ’

2111 3593 2236 3656 viis.
2286 3591 2497 3654 Deinde
2550 3598 2761 3653 obittnn
2810 3599 2896 3653 avi
2950 3599 3301 3667 imperatoris
3361 3597 3688 3667 proclamari

2105 3692 2293 3764 jussit,
2326 3691 2420 3761 qui
2464 3706 2495 3745 a
2527 3689 2805 3761 Byzantiis
2837 3705 2937 3759 per
2985 3690 3311 3745 seditionem
3348 3691 3564 3746 occisus
3593 3705 3684 3744 es-

2111 3794 2236 3841 set:
2268 3785 2439 3854 ldque,
2468 3782 2782 3855 hujusmodi
2812 3794 3251 3839 connuentorum
3291 3784 3530 3863 artilices
3565 3783 3690 3838 ubi-

2111 3893 2219 3948 que
2249 3879 2548 3947 vulgarunt
2574 3896 2588 3932 :
2617 3878 2866 3948 plerique
2895 3878 3060 3932 etiam
3088 3877 3450 3948 jurejurando
3478 3875 3685 3941 addito,

2112 3987 2172 4026 se
2204 3970 2521 4026 interfuisse
2553 3979 2608 4025 et
2641 3971 2758 4027 suis
2797 3971 2977 4025 oculis
3018 3970 3278 4025 acerbum
3319 3969 3468 4024 illius
3499 3969 3690 4024 interi-

2114 4075 2227 4119 tum
2259 4064 2482 4119 vidisse.
2531 4062 2599 4118 Et
2649 4073 2712 4119 ut
2744 4079 2859 4118 rem
2900 4063 3312 4125 conﬁrmarent,
3346 4062 3503 4117 albos
3550 4061 3691 4132 pilos

2113 4144 2485 4211 ostendebant
2513 4155 2762 4210 albarum
2786 4156 2997 4218 ovium,
3020 4154 3177 4224 quasi
3204 4170 3233 4209 e
3266 4154 3444 4224 capite
3470 4163 3525 4207 et
3547 4169 3690 4207 men-

2115 4257 2170 4303 to
2211 4248 2451 4303 senioris
2487 4248 2840 4318 imperatoris
2870 4249 3017 4318 vulgi
3075 4248 3333 4313 manibus
3383 4247 3553 4301 avulsi
3601 4261 3692 4301 es-

2115 4348 2237 4393 sent
2268 4348 2324 4394 et
2356 4339 2628 4407 dissipati.
2660 4337 2790 4405 Quae
2821 4353 2947 4392 cum
2984 4339 3038 4392 in
3074 4339 3235 4408 pagis
3259 4347 3316 4393 et
3346 4337 3576 4393 urbibus
3609 4348 3692 4391 at.

2113 4447 2221 4501 que
2277 4431 2333 4485 in
2392 4430 2586 4500 primis
2641 4430 2697 4485 in
2751 4430 2993 4500 despota:
3045 4431 3290 4485 exercitu
3342 4430 3692 4498 audirentur,

2113 4524 2327 4579 animos
2342 4523 2625 4578 hominum
2648 4523 2815 4578 variis
2838 4522 3261 4592 cogitationibus
3281 4522 3630 4582 distraheban
3645 4531 3685 4577 t.

2117 4616 2279 4688 356
2309 4616 2446 4671 Tum
2474 4617 2715 4682 dispersa
2749 4617 2839 4670 illa
2873 4616 3053 4671 edicta
3098 4630 3222 4669 cum
3260 4624 3317 4669 et
3363 4615 3584 4685 juventa
3635 4626 3691 4670 et

435 4706 750 4773 ἀκουόμενα
774 4706 887 4766 τοῖς
910 4706 967 4757 ὲν
999 4703 1214 4781 κώμαις
1255 4704 1349 4754 καὶ
1397 4700 1587 4754 πόλεσι
1645 4701 1740 4754 καὶ
1778 4699 2006 4770 μάλιστα

2117 4707 2363 4776 ιιοεροιέιξη
2388 4708 2585 4762 tradita
2616 4717 2822 4774 essent,
2854 4717 3058 4762 metum
3089 4722 3153 4760 ac
3178 4716 3441 4761 terrorem
3476 4706 3551 4760 illi
3582 4719 3689 4761 non

433 4796 516 4866 τῷ
554 4799 647 4849 τοῦ
677 4797 939 4849 δεσπότου
976 4797 1193 4864 στρατῴ
1248 4795 1349 4847 οὐκ
1400 4794 1488 4848 εία
1533 4794 1720 4863 μένειν
1785 4796 1876 4846 ἐπὶ
1925 4793 2006 4863 βε-

2119 4798 2286 4853 nitnis
2318 4797 2643 4867 degenerem
2684 4799 3086 4854 incusserunt:
3127 4808 3186 4852 ut
3235 4798 3551 4851 intimorum
3595 4812 3689 4851 co-

442 4890 623 4953 ϐαίοις
662 4892 774 4952 τοῖς
801 4889 1101 4959 λογισμοῖς.
1144 4887 1285 4957 Ἤδη
1330 4886 1389 4938 δὲ
1416 4888 1508 4938 καὶ
1555 4887 1623 4939 τὰ
1645 4886 2006 4957 διασπαρέντα

2124 4889 2531 4945 hortationibus
2581 4891 2854 4945 adductus
2897 4890 3265 4960 proditionem
3308 4888 3386 4942 illi
3417 4893 3693 4943 exercitus

446 4984 635 5036 ἐκεῖνα
660 4982 917 5051 βασιλικά
949 4981 1295 5050 διατάγματα
1334 4978 1702 5050 εὑρισκόμενα
1741 4981 1837 5032 καὶ
1880 4979 2006 5033 διδό-

2118 4982 2342 5052 jamjam
2393 4981 2680 5037 imminere
2724 4980 3115 5036 aﬂirmantium
3144 4980 3585 5036 Thessalonicam
3634 4995 3693 5034 so

446 5094 586 5144 μενα
616 5077 695 5147 τῷ
725 5077 962 5147 δεσπότῃ
999 5062 1055 5138 ἐς
1105 5074 1307 5127 δειλίαν
1360 5072 1457 5126 καὶ
1528 5072 1692 5140 φόϐον
1732 5072 2006 5127 ὲνέϐαλλοι

2124 5072 2249 5143 fuga
2282 5073 2572 5142 reciperet.
2603 5072 2780 5143 Atque
2802 5073 2920 5127 haec
2951 5073 3054 5128 sub
3078 5073 3278 5128 hiemis
3301 5073 3509 5127 exitum
3540 5080 3692 5142 gesta

436 5169 503 5221 οὐ
564 5168 712 5237 μάλα
762 5169 964 5237 ἀγεννῆ
992 5182 1007 5198 °
1051 5165 1189 5219 ὥστε
1269 5158 1375 5217 καῖ’
1406 5164 1630 5232 φεύγειν
1670 5163 2018 5227 ἀναπεισθεὶς
2122 5176 2273 5218 sunt.
2837 5177 2840 5180 '
3120 5182 3123 5185 ·

441 5260 552 5314 ὑπὸ
578 5260 686 5314 τῶν
710 5261 1087 5323 οἰκειοτάτων,
1107 5260 1376 5326 λεγόντων
1402 5259 1477 5322 ὡς
1511 5259 1625 5312 Οὐκ
1695 5257 1761 5311 ἂν
1826 5256 2053 5325 φθάνοις
2091 5257 2483 5327 προδεδομένος
2538 5257 2644 5310 ὑπὸ
2679 5257 2771 5311 τοῦ
2812 5259 3199 5329 στρατοπέδου,
3237 5257 3409 5332 ᾤχετο
3453 5259 3509 5321 ὲς
3560 5257 3691 5310 Θεσς

444 5354 757 5423 σαλονίκην.
787 5354 894 5407 Καὶ
915 5352 1089 5407 ταῦτα
1127 5352 1227 5421 μὲν
1286 5351 1430 5404 οὕτω
1478 5349 1843 5413 τελευτῶντος
1904 5350 2170 5420 χειμῶνος
2200 5350 2499 5417 ἐγίγνοντο.

474 5466 480 5477 ·
516 5445 607 5510 (ζ’.
644 5437 819 5511 ἾΙρ-.ις
843 5442 888 5493 δ’
927 5444 1234 5512 ἀρχομένου
1261 5443 1546 5511 πέμπεται
1588 5441 1824 5512 τριήρης
1880 5442 2006 5510 πρὸς

2194 5439 2282 5495 Vl.
2321 5440 2478 5494 Veris
2512 5437 2671 5492 initio
2721 5453 2751 5493 a
2803 5439 3023 5496 seniore
3074 5441 3403 5512 imperatore
3451 5443 3696 5497 triremis

440 5533 535 5589 τοῦ
565 5532 802 5605 γηραιού
847 5533 1115 5603 βασιλέως
1144 5536 1200 5598 ἐς
1223 5533 1621 5605 Θεσσαλονίκην
1652 5537 1746 5586 καὶ
1784 5532 2006 5604 λαθραῖα

2126 5531 2567 5586 Τιιεεδιιῖοιιὶοαηι
2602 5530 2837 5585 mittitur
2859 5547 2984 5587 cum
3009 5536 3224 5589 arcanis
3253 5535 3467 5600 litteris,
3490 5535 3696 5604 quibus

1795 5663 2134 5726 Variorum
2171 5675 2358 5726 noue.

517 5801 593 5868 (Α)
624 5798 923 5855 Andronici
977 5798 1120 5853 ﬁlius
1178 5797 1282 5854 fuit
1335 5798 1425 5853 hic
1481 5797 1888 5863 Constantinus,
1942 5814 2008 5853 ex
2116 5798 2358 5869 ejusdem
2389 5813 2577 5869 nepos,
2605 5816 2636 5853 e
2661 5798 2922 5853 Michaele
2951 5799 3083 5853 tilio.
3111 5801 3383 5857 Womus.

442 5870 600 5927 lrene
622 5871 867 5927 secunda
893 5884 1084 5925 uxore.
1109 5868 1455 5925 Andronicus
1477 5871 1774 5939 imperator
1799 5869 2009 5940 junior,
2152 5868 2155 5869 ⁷
2193 5871 2269 5939 t5)
2307 5868 2498 5925 Eidem
2535 5868 2917 5925 Constantino.
2957 5875 3188 5926 Ducam.

428 5994 461 6011 θ
