4016 6584
497 388 603 451 543
742 384 816 457 [Α.
858 404 894 442 ιι
970 388 1103 445 679i
1147 409 1213 448 an
1249 391 1414 467 6856}

1696 358 2113 461 Nicernoal
2147 399 2533 466 saneea/ia

2840 407 2977 479 [ιιιιι.
3023 425 3304 469 Αιιυιιοιτιο.
3344 413 3484 487 sum]

3614 422 3706 490 514

574 503 815 589 reveriti.‘
838 502 1071 589 Μαςιὸιιια
1093 507 1349 589 [ναῖκεηῄ
1366 507 1529 589 ,τορὶα
1569 508 1625 560 in
1654 508 1832 589 urbem
1871 506 2147 589 liberatam
2174 508 2396 565 invecta.
2441 509 2765 589 Syrgiannea
2797 516 3179 589 imperatorum
3205 525 3478 579 concordia
3511 529 3702 585 minime

577 574 748 665 tit-tus.
782 575 969 665 Asianis
986 576 1272 630 Andronici
1302 574 1459 647 ﬁdem
1485 585 1673 631 tentat.
1708 580 1785 632 Ab
1813 593 1871 630 eo
1900 576 2044 647 apud
2071 578 2447 647 imperatorem
2481 574 2705 639 'de'totus
2738 588 2792 641 in
2838 574 3104 646 carcerem
3147 574 3704 665 coini'éiitfoiiihii't}

568 643 716 698 bonis
745 643 1023 699 multatur.

566 761 730 833 360
756 760 800 817 1.
832 762 912 817 Eo
936 771 1180 833 tempore
1203 763 1505 820 monachus
1529 763 1748 835 quidam
1779 778 1845 819 ex
1870 772 2055 818 monte

2239 765 2319 823 A'.
2357 766 2559 840 Ἔτυχε
2611 770 2793 840 μέντοι
2843 774 2920 843 (8)
2970 775 3383 848 ἐπιδεδημηκὼς
3425 787 3708 853 τηνικαῦτα

497 855 675 917 Atho,
725 856 1144 926 septuagenario
1192 856 1383 927 major,
1426 855 1573 909 nulla
1628 852 1949 909 sacerdotali
1983 853 2068 907 di-

496 944 707 1016 gnitate
734 944 1021 1014 pmditus,
1067 944 1322 1014 idemque
1368 944 1507 1000 adeo
1543 944 1855 1013 imperitus,
1876 953 1935 998 ut
1964 958 2067 998 nec

495 1039 672 1108 prima
710 1036 931 1104 quidem
977 1037 1281 1091 litterarum
1313 1036 1581 1091 elementa
1614 1034 1854 1103 perfecte
1886 1042 2067 1103 posset

501 1127 855 1195 conjungere.
890 1127 942 1180 in
978 1127 1168 1181 urbem
1195 1127 1364 1184 venit.
1388 1125 1558 1193 Quem
1591 1126 1662 1180 ob
1685 1125 1907 1179 nimiam
1946 1140 2064 1178 mo-

494 1232 617 1273 rum
638 1218 1038 1288 simplicitatem
1057 1219 1352 1288 imperator
1372 1219 1423 1273 in
1440 1217 1851 1288 patriarchalem
1879 1217 2062 1272 sedem

497 1318 611 1363 tum
643 1311 903 1379 temporis
928 1319 1210 1365 vacantem
1266 1309 1564 1380 imposuit;
1609 1310 1859 1379 quamvis
1895 1309 2062 1365 multa

495 1400 730 1455 crimina
772 1402 946 1458 libere
978 1401 1054 1454 illi
1089 1402 1298 1471 objecta
1327 1412 1381 1456 et
1408 1418 1437 1456 a
1485 1402 1670 1456 multis
1708 1410 1896 1455 testata
1930 1401 2062 1457 fuis-

495 1501 640 1556 sent,
683 1501 908 1561 propter
934 1509 1055 1562 quaa
1084 1494 1212 1549 olim
1236 1509 1377 1561 saepe
1404 1494 1656 1548 exclusus
1694 1494 1840 1548 omni
1876 1508 2061 1548 sacro-

496 1598 620 1637 rum
648 1583 902 1637 ordinum
928 1584 1096 1653 gradu
1122 1585 1317 1639 fuerat.
1343 1583 1707 1650 Quamobrem
1730 1585 1916 1639 divino
1934 1584 2059 1654 jure

493 1670 577 1724 ob'
598 1669 1265 1740 humanami-upiditatem
1306 1681 1492 1742 spreto
1525 1687 1717 1741 passus
1742 1681 1824 1726 est
1858 1673 2003 1726 Deus
2028 1687 2059 1726 a

492 1761 898 1830 simplicissimo
949 1764 1042 1817 illo
1088 1763 1310 1818 homine
1363 1779 1461 1818 eos
1503 1764 1815 1834 principatu:
1848 1763 2008 1834 dejici
2041 1804 2057 1826 ,

491 1851 586 1921 qui
622 1859 770 1906 tanto
809 1852 991 1907 Studio
1054 1870 1152 1923 pro
1180 1870 1246 1909 eo
1278 1855 1475 1926 injuste
1511 1855 1947 1921 contenderant;
2003 1863 2062 1912 ut

490 1957 783 2013 progressu
814 1944 1060 2021 historia:
1089 1961 1176 2001 res
1204 1945 1319 2017 ipsa
1356 1947 1674 2002 declarabit.

496 2270 507 2281 ι
564 2227 629 2281 ll.
669 2225 938 2282 Caeterum
976 2228 1023 2282 is
1066 2229 1373 2296 patriarcha
1400 2270 1414 2295 ,
1455 2245 1579 2284 cum
1608 2230 1843 2301 primum
1876 2232 1932 2286 in
1968 2247 2060 2303 pa-

490 2315 775 2370 triarchali
807 2316 946 2370 solio
974 2317 1272 2372 collocatus
1303 2329 1467 2384 esset,
1500 2321 1845 2389 imperatoris
1872 2324 2059 2394 singu-

489 2407 592 2463 lari
615 2408 995 2462 benevolentia
1026 2407 1200 2463 fretus
1228 2410 1433 2475 effecit,
1468 2421 1527 2464 ut
1549 2406 2057 2485 'Philanthropenus

490 2498 756 2566 pincerna
786 2499 839 2551 in
872 2498 1164 2567 prisﬁnum
1200 2504 1387 2569 gratia:
1425 2480 1605 2556 locum
1652 2506 2052 2575 restitueretur,

490 2605 654 2658 quem
681 2598 809 2645 ante
841 2606 1017 2645 annos
1033 2601 1160 2648 octo
1176 2603 1231 2647 et
1256 2594 1475 2663 triginta
1499 2610 1565 2649 ex
1585 2595 1786 2651 invidia
1810 2598 2057 2655 amisisse

490 2679 681 2733 oculos
715 2681 1080 2736 ostendimus.
1116 2681 1219 2746 Qui
1254 2683 1474 2753 quidem
1520 2686 1711 2740 statim.
1727 2687 1793 2741 in
1826 2689 2060 2757 negotiis

490 2769 862 2841 imperatoris,
897 2775 1198 2843 praesertim
1220 2791 1350 2830 vero
1369 2775 1420 2831 in
1454 2782 1626 2833 tantis
1649 2793 1828 2833 rerum
1862 2782 2055 2850 turbis,

491 2857 562 2911 ita
618 2861 846 2915 consilio
892 2864 1185 2932 excelluit,
1220 2875 1278 2920 ut
1322 2867 1785 2935 prudentissimus
1824 2871 2058 2941 quisque

488 2950 778 3019 Scipiones
807 2960 862 3007 et
886 2954 1177 3011 Thebanos
1207 2958 1613 3027 Epaminondas
1638 2960 1794 3030 361
1831 2977 2058 3018 cernere

488 3041 592 3095 sibi
624 3042 922 3098 videretur.
955 3046 1095 3111 Quin
1118 3054 1172 3100 et
1193 3047 1324 3100 illud
1355 3048 1771 3103 admirabantur
1801 3053 1942 3117 (cum
1973 3068 2059 3106 res

489 3132 742 3187 humana:
771 3134 912 3188 lirmi
944 3146 1000 3189 et
1030 3136 1235 3206 preprii
1265 3137 1403 3191 nihil
1428 3138 1686 3204 habeant,
1715 3140 1810 3195 sed
1842 3141 2056 3196 fortuna

489 3224 838 3295 continenter
885 3225 939 3279 in
982 3227 1196 3281 illarum
1234 3230 1534 3284 mutatione
1579 3239 1660 3309 et_
1679 3230 2056 3287 destructione

487 3315 597 3368 vim
628 3331 779 3370 suam
810 3327 1030 3372 exserat
1046 3328 1098 3373 et
1122 3320 1309 3384 vitam,
1338 3321 1492 3390 quasi
1526 3322 1841 3392 tragoediam
1870 3339 2058 3392 quam-

2176 856 2408 926 μοναχός
2431 874 2515 920 τις
2541 857 2599 925 ἐξ
2625 859 2786 934 ὅρους
2806 862 2901 916 τοῦ
2922 864 3070 919 Ἀθω
3097 865 3239 939 ὑπὲρ
3267 867 3334 922 τά
3361 870 3707 942 ἑϐδομήκοντα

2174 946 2302 1017 ἐτη.
2341 948 2468 1019 μήτ’
2492 948 2708 1018 ἀξίωμα
2741 950 2881 1023 ἔχων
2911 953 3063 1008 οὐδὲν
3098 960 3388 1027 ἱερατικὸν,
3426 964 3558 1035 μήτε
3590 966 3707 1033 γοῦν

2169 1041 2236 1095 τά
2272 1040 2463 1111 πρῶτα
2495 1043 2586 1095 καὶ
2618 1042 2929 1115 στοιχειώδη
2964 1047 3254 1103 συνάπτειν
3285 1054 3534 1122 ἀσφαλῶς
3564 1058 3707 1113 δυνά-

2172 1152 2331 1206 μενος
2363 1137 2690 1208 γράμματα.
2727 1139 2927 1195 Τοῦτον
2959 1142 3046 1197 διά
3078 1143 3176 1214 τὴν
3207 1145 3345 1209 ἄγαν
3374 1146 3480 1199 τῶν
3511 1149 3707 1218 τρόπων

2169 1224 2427 1291 ἀφέλειαν
2467 1227 2547 1290 είς
2590 1228 2717 1293 τοὺς
2758 1233 3190 1302 πατριαρχικοὺς
3230 1233 3356 1304 ἄρτι
3400 1238 3707 1307 χηρεύοντας

2170 1313 2390 1385 θρόνους
2435 1319 2461 1371 ό
2507 1317 2759 1388 βασιλεὺς
2802 1322 3091 1377 ἀνεϐίϐασε
3134 1324 3211 1390 (9)
3238 1342 3251 1356 ο
3297 1327 3472 1380 καίτοι
3516 1329 3709 1385 πολλῶν

2170 1405 2289 1459 κατ’
2314 1406 2477 1460 αὑτοῦ
2516 1411 3043 1487 λπαρῤησιασθὲντων
3082 1416 3444 1487 ἐγκλημάτων
3484 1422 3575 1473 καὶ
3616 1423 3708 1475 ὑπὸ

2166 1498 2379 1551 πολλῶν
2421 1484 2861 1572 όμδλογηθέντων
2884 1519 2898 1534 °
2939 1504 3005 1558 δι’
3030 1505 3065 1561 ἃ
3109 1510 3208 1561 καὶ
3240 1484 3421 1562 νπάλαι
3468 1510 3709 1577 πολλάκις

2166 1588 2472 1643 κεκώλυται
2515 1594 2702 1662 τυχεῖν
2746 1594 3022 1663 ἱερατικῆς
3070 1597 3330 1668 βαθμίδος
3371 1601 3536 1664 τινός.
3565 1603 3710 1656 Ὅθεν

2165 1679 2348 1750 ἐπειδὴ
2373 1682 2434 1735 τὸ
2456 1681 2549 1736 τοῦ
2574 1682 2707 1737 Θεοῦ
2734 1688 3209 1757 ίαταπεφρόνηται
3233 1689 3441 1744 δίκαιον
3462 1691 3527 1745 δι’
3547 1692 3710 1763 ὄρεξιν

2164 1767 2540 1859 ἀνθρωπίνην,
2579 1771 2998 1859 συιγκεχῶρηκιν
3031 1777 3058 1829 ὁ
3091 1776 3222 1841 Θεὸς
3252 1778 3352 1848 τῆς
3384 1780 3585 1844 οίκείας
3619 1799 3710 1836 κα-

2165 1856 2480 1929 θαιρεθῆναι
2502 1856 2728 1922 τούτους
2749 1862 2924 1932 ἀρχῆς
2946 1863 3049 1917 ὑπὸ
3068 1864 3164 1918 τοῦ
3187 1866 3548 1935 ἀφελεστάτου
3572 1869 3711 1924 τοῦδε

2163 1948 2383 2019 ἀνδρὸς,
2413 1950 2526 2003 ὅσοι
2554 1951 2822 2021 τοσαύτην
2847 1953 3045 2017 ἀδίκως
3076 1955 3214 2027 ὑπὲρ
3244 1958 3411 2011 αὐτοῦ
3442 1962 3537 2030 τὴν
3563 1976 3712 2014 σπου-

2162 2036 2259 2110 δὴν
2299 2041 2686 2113 είσηνέγκαντο
2707 2059 2723 2076 ο
2757 2043 2839 2116 [Ρ.
2866 2043 2992 2118 222]
3015 2047 3087 2113 ὼς
3128 2049 3267 2102 αύτά
3296 2040 3534 2119 ’δηλώσει
3574 2053 3713 2122 λεγό-

2090 2131 2131 2186 B
2163 2148 2298 2201 μενα
2338 2131 2407 2185 τὰ
2435 2133 2734 2203 πράγματα
2760 2136 3047 2208 προϊούσης
3078 2139 3179 2210 τῆς
3212 2141 3473 2212 ἱστορίας.
3540 2202 3545 2209 ,

2231 2223 2308 2280 B'.
2346 2225 2404 2278 '0
2438 2225 2623 2293 μέντοι
2656 2229 3007 2299 πατριάρχης
3035 2225 3190 2296 οὗτος
3224 2232 3342 2301 ἄμα
3374 2236 3439 2305 τῇ
3473 2235 3604 2302 πρδς
3633 2236 3712 2290 τὸν

2161 2315 2563 2386 πατριαρχικδν
2596 2316 2786 2389 θρόνον
2819 2319 3082 2374 ἀναϐάσει
3116 2321 3193 2393 τῷ
3230 2324 3409 2393 πολλῷ
3442 2325 3534 2378 τοῦ
3573 2326 3712 2396 βασι-

2161 2405 2299 2466 λέως
2329 2405 2464 2476 πρὸς
2492 2407 2656 2461 αὑτὸν
2686 2408 2894 2481 φίλτρῳ
2921 2411 3277 2484 τεθαρρηκὼς
3305 2417 3405 2486 τὴν
3431 2418 3594 2471 πάλαι
3623 2421 3711 2471 αὑ-

2159 2495 2255 2548 τοῦ
2291 2513 2353 2565 γε
2389 2498 2678 2567 εὐμένειαν
2709 2502 2900 2571 ὁμοίαν
2933 2503 3029 2557 καὶ
3063 2506 3302 2576 τήμερον
3336 2508 3416 2577 τῷ
3455 2512 3709 2582 πιγκὲρνῃ

2162 2589 2496 2659 προύξένησε
2529 2590 2972 2665 Φιλανθρωπηνῷ
2998 2611 3015 2628 ο
3049 2594 3109 2649 ὃν
3144 2598 3251 2666 πρὸ
3286 2598 3425 2651 ἑτῶν
3458 2599 3596 2654 ὀκτὼ
3626 2603 3712 2654 καὶ

2160 2682 2454 2752 τριάκοντα
2485 2682 2598 2753 (10)
2624 2685 2743 2746 ταῖς
2772 2685 2866 2737 τοῦ
2894 2685 3087 2753 φθόνου
3118 2687 3403 2757 παλάμαις
3429 2690 3525 2753 τὰς
3551 2691 3712 2759 αὐγὰς

2160 2772 2270 2825 τῶν
2299 2772 2561 2842 ὀμμάτων
2595 2775 2936 2830 ἀπολέσαντα
2977 2776 3384 2848 δεδηλώκαμεν.
3416 2782 3513 2844 Ὃς
3551 2779 3711 2844 οὕτως

2160 2863 2217 2915 ὲν
2249 2863 2366 2924 ταῖς
2400 2861 2611 2932 βουλαῖς
2647 2865 2866 2936 ἄριστος
2900 2867 3062 2930 εὐθὺς
3093 2870 3207 2932 τοῖς
3244 2869 3546 2939 βασιλικοῖς
3579 2870 3711 2935 ἔδοξε

2162 2951 2461 3020 πράγμασι
2482 2953 2576 3004 καὶ
2612 2948 2826 3022 μάλιστ’
2851 2957 2909 3007 ὲν
2941 2954 3158 3028 θορύϐῳ
3191 2958 3433 3030 τοσούτῳ
3466 2962 3713 3030 πραγμά-

2160 3058 2270 3094 των
2299 3043 2392 3095 καὶ
2420 3043 2683 3108 κλύδωνι,
2714 3044 2854 3099 ὥστε
2884 3047 3190 3112 Σκιπίωνας
3222 3051 3468 3115 ἐκείνους
3498 3053 3588 3106 καὶ
3614 3053 3713 3124 Θη-

2161 3131 2345 3196 ϐαίους
2376 3133 2817 3204 Ἐπαμεκνώνδας
2842 3136 3025 3202 ἔδοξαν
3050 3139 3268 3208 βλέπειν
3292 3142 3404 3195 τῶν
3427 3142 3713 3212 τηνικαῦτα

2162 3222 2443 3292 παρόντων
2473 3225 2521 3276 οἱ
2564 3224 2938 3296 συνετώτεροι.
2974 3228 3084 3281 Καὶ
3125 3216 3310 3297 μέντοι
3354 3231 3451 3284 καὶ
3490 3230 3712 3302 ἐθαύμα-

2162 3310 2287 3377 ζον,
2315 3312 2433 3376 πῶς
2458 3312 2566 3367 τῶν
2593 3314 2950 3386 ἀνθρωπίνων
2980 3318 3321 3387 πραγμάτων
3347 3321 3500 3374 οὐδὲν
3528 3338 3712 3393 κεκτη-

488 3404 611 3458 dam
638 3421 822 3476 agens,
860 3409 1027 3462 variis
1054 3410 1522 3465 vicissitudinibus
1546 3412 1739 3484 ludat),
1767 3430 1875 3484 quo
1897 3424 2056 3485 pacto

2166 3405 2340 3474 μένων
2371 3407 2647 3478 ἀκήρατον
2676 3407 2793 3462 οὐδὲ
2824 3409 3083 3478 μόνιμον,
3116 3412 3252 3466 ἀλλὰ
3283 3413 3382 3482 τῆς
3414 3414 3579 3486 τύχης
3606 3415 3718 3484 διη-,

489 3604 553 3643 ac
596 3589 824 3657 ﬁrmior,
863 3608 1026 3661 quam
1082 3592 1302 3648 fortuna
1352 3598 1688 3663 exstitisset,
1731 3594 2057 3668 tandemque

490 3678 689 3744 ipsum,
716 3681 855 3734 man
883 3682 1102 3736 invidiae
1132 3685 1292 3753 genio
1323 3685 1571 3757 depulso,
1594 3703 1625 3743 e
1645 3689 2058 3745 condemnatio-

489 3768 576 3824 nis
605 3770 910 3841 praecipitio
933 3783 1263 3829 revocasset.

560 4048 650 4105 Ill.
681 4041 1022 4107 Testimonio
1066 4065 1151 4110 est
1195 4057 1429 4111 orationi
1465 4072 1596 4112 mete
1632 4057 1765 4112 illud
1798 4067 2012 4127 tempus
2042 4099 2057 4124 ,

487 4156 599 4210 quo
629 4141 808 4198 virtus
856 4145 976 4215 ejus
1003 4147 1176 4200 veluti
1208 4147 1380 4220 Lydio
1428 4150 1605 4219 lapide
1634 4150 1906 4217 explorata
1938 4149 2056 4204 eniv

488 4233 611 4286 tuit.
665 4233 797 4288 Nam
835 4251 958 4290 cum
999 4238 1216 4293 ﬁnitimi
1260 4234 1317 4294 et
1348 4240 1649 4294 suburbani
1688 4241 1852 4295 Turci
1882 4241 2063 4296 Phila-

487 4322 763 4393 delphiam
795 4327 1083 4384 obsidione
1133 4339 1245 4384 tum
1285 4331 1584 4386 cinxissent
1613 4342 1668 4387 et
1706 4333 2052 4387 continenter

485 4415 680 4472 validis
719 4417 926 4474 viribus
956 4433 1368 4493 oppugnarent,
1401 4423 1534 4478 foris
1564 4424 1689 4492 ipsi,
1736 4425 1881 4478 intus
1919 4438 2052 4478 vero

486 4506 603 4560 dira
641 4507 812 4564 fames
848 4528 867 4564 >
895 4511 1184 4580 indigenae,
1220 4512 1313 4579 qui
1333 4512 1387 4565 in
1417 4528 1481 4566 ea
1506 4513 1726 4566 civitate
1750 4513 2049 4579 restabant,

487 4597 544 4652 in
576 4601 820 4667 periculo
842 4612 1021 4665 erant,
1065 4620 1133 4657 ne
1166 4603 1361 4657 Turcis
1399 4618 1523 4657 cum
1559 4605 1673 4673 ipsa
1719 4604 1857 4659 urbe
1886 4615 2051 4674 atque

484 4691 595 4747 aris
614 4703 669 4747 et
705 4692 842 4749 locis
870 4693 1240 4763 proderentur
1275 4712 1290 4749 :
1337 4694 1503 4764 idque
1535 4692 1675 4748 intra
1707 4708 1912 4763 paucos
1942 4696 2051 4749 tor-

385 3550 391 3556 ,
488 3496 781 3565 prudentia
815 3499 967 3555 illius
1006 3501 1215 3572 integra
1247 3512 1411 3574 atque
1445 3506 1735 3560 incolumis
1765 3508 2056 3564 mansisset

2157 3495 2326 3558 νεκῶς
2350 3477 2707 3568 ἀκμαζούσης
2731 3501 2789 3551 ὲν
2811 3477 2877 3570 τῇ
2900 3502 3106 3555 τούτων
3130 3477 3402 3571 μεταϐολῇ
3433 3477 3711 3575 καλ-φθορᾷ

2152 3586 2247 3638 καὶ
2279 3586 2576 3658 παιζούσης
2600 3588 2689 3641 τὸν
2719 3589 2832 3660 βίον
2858 3593 2976 3653 ταῖς
3007 3592 3272 3663 ἀμοιϐαῖς
3300 3594 3553 3664 καθάπερ
3586 3613 3710 3665 σκη-

2112 3714 2133 3756 ιῦ
2153 3673 2251 3744 νὴν
2275 3676 2543 3746 τραγικὴν
2570 3679 2850 3749 ἀκήρατος
2879 3682 2912 3751 ἡ
2938 3686 3037 3751 τῆς
3065 3682 3254 3736 τούτου
3286 3684 3541 3751 γνώσεως
3571 3685 3712 3755 ἔμει-

2152 3782 2239 3817 νεν
2269 3767 2435 3837 ἀρετὴ
2465 3769 2558 3822 κα)⁵
2589 3771 2919 3842 στερροτέρα
2948 3772 3047 3841 τῆς
3074 3773 3245 3845 τύχης
3268 3789 3286 3806 ⁸
3316 3775 3352 3845 ἢ
3382 3777 3446 3847 δὴ
3478 3782 3569 3829 καὶ
3595 3777 3712 3839 τοὺς

2152 3858 2246 3927 τῆς
2285 3857 2583 3928 βασκανίας
2621 3863 2964 3934 ἀπωσαμένη
2999 3865 3260 3936 Τελχῖνας
3293 3868 3404 3922 τῶν
3438 3868 3712 3939 πυθμένων

2155 3952 2254 4021 τῆς
2284 3952 2577 4023 καταδίκης
2608 3955 2992 4010 ἀνεκαλέσατο.
3657 4022 3660 4026 ,

2229 4046 2303 4100 Γ’.
2345 4047 2661 4116 Μαρτύριον
2703 4046 2811 4102 τῶν
2854 4046 3162 4119 λεγομένων
3207 4052 3301 4104 καὶ
3345 4051 3376 4105 ὃ
3419 4053 3713 4122 προήνεγκε

2154 4139 2292 4202 τέως
2318 4141 2346 4191 ό
2372 4139 2576 4208 χρόνος.
2604 4139 2852 4208 καθάπερ
2880 4142 2998 4192 τινά
3030 4140 3261 4209 βάσανον
3285 4144 3387 4213 τῆς
3412 4144 3504 4197 τοῦ
3532 4142 3711 4212 ἀνδρὸς

2159 4234 2381 4303 ἀρετῆς.
2413 4234 2503 4286 Ἐν
2536 4234 2644 4305 γὰρ
2675 4235 2848 4305 τούτῳ
2879 4237 2955 4306 τῷ
2986 4237 3162 4306 χρόλῳ
3197 4233 3713 4306 περιστρατοπεδευ-

2162 4323 2370 4375 σάντων
2412 4322 2511 4391 τὴν
2554 4323 2941 4390 Φιλαδέλφειαν
2984 4324 3093 4394 (11)
3138 4321 3245 4375 τῶν
3289 4321 3586 4392 περιοίκων
3627 4317 3713 4371 καὶ

2163 4416 2556 4483 ἀστυγειτόνων
2591 4415 2851 4486 Τούρκων
2886 4417 2980 4468 καὶ
3014 4417 3155 4468 κατὰ
3190 4416 3475 4485 συνέχειαν
3508 4412 3714 4479 πολιορ-

2159 4510 2430 4578 κουμένης
2450 4509 2548 4577 τῆς
2572 4494 2776 4573 πόλεως
2800 4507 3041 4579 σφοδρῶς
3063 4508 3263 4575 ἔξωθεν
3289 4510 3390 4577 μὲν
3416 4504 3710 4569 ὑπἀύτῶν,

2158 4602 2368 4655 ἔνδοθεν
2401 4603 2444 4655 δ’
2471 4601 2575 4654 ὑπὸ
2610 4600 2838 4671 σφοδροῦ
2873 4600 2966 4654 τοῦ
2999 4600 3253 4670 λιμοῦὲς
3287 4600 3533 4653 κίνδυνον
3563 4593 3713 4666 ἦλθον
3771 4609 3775 4612 ’

2155 4694 2205 4745 οἱ
2235 4690 2675 4761 περιλειπόμενοι
2701 4691 2807 4742 τῶν
2834 4689 3176 4761 αὐτοχθόνων
3203 4689 3437 4742 πολιτῶν
3465 4684 3713 4760 προδοθῆ-

1536 4868 1581 4897 κ
1817 4833 1904 4894 Va
1916 4833 2155 4896 riorum
2192 4839 2380 4895 notae.

561 4951 637 5024 (8)
671 4952 961 5024 Phranzes.
990 4954 1088 5009 lib.
1118 4970 1156 5014 ι.
1187 4969 1307 5024 cap.
1344 4956 1397 5009 9.
1428 4954 1661 5011 Ducam.

561 5022 638 5089 (9)
673 5022 831 5076 Anno
871 5022 1001 5077 Chr.
1034 5024 1188 5087 1525,
1221 5022 1396 5093 pridie
1449 5026 1564 5080 Kal.
1602 5029 1723 5082 Dec.
1761 5028 1952 5082 lndict.
1995 5027 2044 5079 7.

489 5093 583 5153 Εἰς
634 5097 1243 5167 τοὺς-πατριαρχικοὺς
1288 5096 1414 5167 ἄρτι
1442 5097 1775 5167 χηρεύοντας
1823 5098 2047 5167 θρόνους

488 5170 725 5236 verter_at
755 5162 1115 5236 Wolﬁusﬁn,
1135 5162 1587 5236 recens'defnncti
1632 5162 1948 5236 patriarcha:
1975 5165 2052 5219 Io-

487 5246 630 5307 cnm.
654 5232 766 5301 Ego
797 5233 955 5295 verti,
984 5235 1038 5287 in
1070 5235 1479 5307 patriarchatem
1506 5232 1679 5290 sedent
1706 5246 1813 5292 tum
1850 5248 2051 5307 tempoc

486 5303 558 5355 ris
607 5311 1013 5376 vacantem,_ea
1046 5305 1287 5376 ratione.
1332 5307 1475 5373 quod
1524 5315 1814 5376 antequam
1863 5303 2050 5360 Esaias

486 5382 766 5426 crearetur
803 5373 1134 5440 patriarcha,
1171 5378 1330 5429 sedes
1358 5376 1534 5431 tribus
1565 5373 1685 5431 fere
1709 5378 1866 5432 annis
1897 5392 2053 5429 vaea-

486 5441 746 5515 verit.‘ut
775 5452 986 5515 constat
1029 5460 1109 5515 ex,
1146 5444 1382 5515 Synopsi
1412 5446 1687 5501 Dorothei.
1722 5448 1870 5505 Adde
1911 5445 2057 5514 quod

490 5510 813 5634 adxergium
845 5512 970 5582 ἄρτι
1001 5510 1271 5584 accipitur
1298 5510 1709 5586 'nonnunquam
1754 5533 1853 5586 pro
1895 5510 2054 5579 τέως,

490 5589 629 5632 tunc.
706 5597 872 5634 omn.

490 5589 629 5632 tunc.
664 5589 872 5639 Bouvm.

560 5650 672 5718 (l0)
715 5652 827 5707 Imo
852 5663 977 5709 ante
1008 5670 1175 5708 annos
1214 5662 1327 5708 octo
1363 5664 1412 5709 et
1442 5657 1642 5725 viginti.
1671 5655 1803 5709 Nam
1841 5657 1925 5724 (ut
1963 5654 2062 5707 ad-

492 5730 736 5794 notatum
765 5740 926 5793 supra
961 5740 1085 5794 pag.
1111 5727 1323 5794 124,_A)
1377 5727 1840 5793 Philantbropeno
1875 5727 2058 5779 lmnen

494 5790 775 5846 oculorum
823 5780 1057 5851 ademit”
1088 5780 1413 5851 Libadarius
1460 5813 1605 5850 anno
1672 5780 1859 5850 ninndi
1924 5795 2064 5850 6805

1884 6064 1921 6084 ο

2082 4957 2255 5022 osuh
2303 4955 2463 5008 ﬁnem
2513 4953 2816 5019 auctumni,
2869 4953 2974 5008 hoc
3016 4962 3102 5010 est
3152 4968 3300 5009 anno
3332 4951 3538 5009 Christi
3586 4946 3711 5022 12913

2150 5034 2413 5099 {exeunti-4.
2444 5024 2596 5099 Adde
2615 5039 2802 5099 annos
2829 5024 2920 5087 28,
2942 5035 2998 5077 et
3023 5024 3228 5099 etiicics
3277 5040 3505 5099 annuur
3534 5020 3709 5099 mundi

2148 5096 2309 5154 6833.
2354 5094 2562 5149 Christi
2608 5093 2766 5158 1524,
2798 5109 2908 5162 quo
2957 5095 3347 5148 sciliceLanno
3384 5095 3593 5155 Esaias,
3619 5093 3707 5157 qui

2148 5167 2313 5233 paulo
2361 5173 2488 5219 ante
2542 5164 2852 5238 patriarcha
2922 5173 3141 5217 creatus
3197 5162 3413 5238 Γιιοιιειι,⁵
3447 5164 3709 5238 seniorem

2148 5229 2522 5290 Andronicum
2543 5229 3029 5300 'Philanthropeno
3063 5232 3465 5288 reconciliavit.
3512 5229 3703 5300 Quodsi

2150 5305 2381 5358 adderes
2424 5318 2597 5357 annos
2637 5302 2731 5365 58,
2777 5297 3021 5357 οῦῖέθτοε
3080 5319 3281 5356 annum
3334 5300 3521 5354 mundi
3557 5297 3705 5359 6845,

2150 5374 2355 5429 Christi
2387 5372 2543 5438 1354,
2577 5388 2688 5441 quo
2722 5387 2867 5425 anno
2897 5388 2998 5427 nec
3029 5372 3218 5427 Esaias
3249 5371 3578 5439 patriarcha,
3617 5381 3711 5423 nec

2158 5444 2505 5498 Andronicus
2530 5442 2715 5496 senior
2747 5442 2798 5495 in
2829 5444 2967 5516 vjvis
2993 5452 3181 5516 erant.
3203 5441 3413 5516 Bonna.
3528 5508 3568 5516 _
3667 5504 3679 5516 ο

2230 5514 2341 5584 (ii)
2382 5513 2523 5565 Hinc
2573 5523 2798 5584 apparet
2841 5512 3276 5584 Philadelphiam
3307 5510 3420 5584 “bis
3457 5525 3487 5564 a
3528 5508 3710 5584 [arcis

2159 5579 2471 5644 obsessam;
2514 5595 2576 5634 ac
2610 5579 2855 5648 primam
2907 5584 3125 5650 quidem
3162 5582 3500 5635 obsidionem
3546 5579 3711 5632 Theo-

2160 5653 2289 5719 lcpti
2351 5653 2555 5705 virtute
2620 5660 2676 5706 et
2734 5651 3120 5707 Catalanorum
3188 5652 3444 5713 adventu,
3495 5651 3708 5701 alteram

2161 5721 2613 5793 Pbilanthropeni
2652 5720 2977 5777 auctoritate
3008 5721 3242 5777 solutam
3287 5721 3473 5774 fuisse.
3508 5720 3706 5773 Bema.
