4016 6622
340 439 456 505 533

607 436 682 509 [Α.
714 447 768 489 c.
812 428 947 486 rasa
984 386 1049 485 AI)
1083 427 1241 501 1328]
1349 431 1795 492 nrzamtxaa
1830 430 1923 488 ut:

2024 425 2209 487 )RHE
2252 426 2396 484 LIB,
2441 423 2605 484 VIII,
2721 417 3167 487 [tur.asonoxtc.
3203 413 3347 489 seu]

3491 420 3595 485 554

338 554 527 622 ἒςλεινε
574 551 683 604 Καὶ
714 549 810 603 νῦν
832 547 1131 615 ὀφείλοντες
1162 550 1209 600 οἱ
1232 544 1330 614 τῆς
1363 548 1484 609 καθ’
1505 548 1652 617 ἡμᾶς
1686 547 1919 617 Ἐκκλη-

2025 544 2177 597 iunio
2229 551 2563 612 repetamus,
2596 541 2728 596 satis
2773 550 3009 605 constat,
3040 550 3253 598 mutato
3276 540 3593 612 aequinoctii

340 646 473 710 σίας
501 643 783 713 ἄνθρωποι
806 644 907 707 τὴν
938 642 1113 710 ἀρχὴν
1136 639 1234 709 τῆς
1258 640 1353 692 τοῦ
1380 641 1569 709 Πάσχα
1600 639 1928 709 παρατηρή-

341 755 489 800 σεως
518 736 624 804 πρὸ
676 737 776 801 τῆς
829 733 923 786 τοῦ
958 733 1202 801 Μαρτίου
1257 730 1499 805 ἔγγιστα,
1544 731 1812 784 ποιεῖσθαι
1856 731 1927 783 εί-

341 827 572 893 κοστῆς,
602 827 651 878 οἱ
700 824 747 877 δ’
776 826 840 876 ἐκ
872 824 972 893 τῆς
1012 824 1175 876 αὐτοῦ
1223 822 1488 887 δευτέρας
1535 824 1628 875 καὶ
1671 821 1927 890 εἰκοστῆς

266 934 269 937 λ
346 916 653 981 ποιοῦνται,
689 916 789 969 οὐκ
829 913 1006 984 ὀρθῶς
1029 930 1092 981 γε
1115 912 1577 976 ποιοῦντεςτουτί.
1619 912 1775 966 Ἐπεὶ
1819 912 1927 982 γὰρ

342 1011 449 1061 οὐκ
474 1008 697 1062 ἄλλοθέν
717 1008 903 1071 ποθεν,
923 1008 956 1076 ἢ
977 1010 1077 1077 τῆς
1095 1006 1233 1076 πρὸς
1259 1006 1300 1058 Κ
1314 1006 1426 1074 ριὺν
1452 1004 1686 1073 ἡλιακῆς
1718 1004 1926 1056 είσδδου

346 1099 419 1150 τὰ
459 1101 562 1168 τῆς
600 1098 896 1168 ἰσημερίας
939 1096 1388 1165 ἀποφαινόμεθα,
1424 1095 1522 1165 τὴν
1555 1096 1609 1148 δέ
1633 1112 1696 1162 γε
1728 1095 1928 1148 πανσέ-

345 1191 518 1259 ληνον
563 1190 767 1259 ὁμοίως
813 1190 914 1242 οὐκ
963 1188 1185 1241 ἄλλοθέν
1204 1187 1402 1253 ποθεν,
1454 1187 1616 1258 ἢτῆς
1649 1187 1742 1239 τοῦ
1773 1186 1927 1255 ἡλίου

341 1283 711 1351 διαμετρικῆς
756 1284 1136 1345 ἀποστάσεως,
1186 1281 1281 1334 καὶ
1314 1282 1395 1333 ἔτι
1448 1297 1511 1348 γε
1542 1280 1603 1332 τὸ
1642 1279 1834 1349 Πάσχα
1868 1279 1928 1332 τδ

346 1373 583 1442 νομικὸν
621 1374 724 1426 οὐκ
764 1372 986 1426 ἄλλοθέν
1030 1373 1194 1425 ποθεν
1233 1373 1265 1441 ἢ
1319 1374 1416 1440 τῆς
1448 1371 1808 1440 πανσελήνου·
1839 1369 1929 1422 εὔ-

343 1465 510 1533 δηλον
546 1465 678 1535 ἄρα,
719 1464 798 1528 ὡς
853 1469 950 1535 τῆς
994 1465 1290 1535 ἰσημερίας
1351 1464 1765 1533 μεταπεσούσης
1797 1482 1926 1533 μετ-

345 1557 519 1609 έπεσε
545 1558 638 1610 καὶ
668 1557 738 1610 τὰ
769 1559 868 1626 τῆς
895 1557 1262 1627 πανσελήνουο
1293 1555 1581 1625 καὶταύτῃ
1613 1571 1675 1622 γε
1720 1555 1928 1623 ἑπομέ-

345 1658 461 1710 νως
516 1648 943 1718 συμπαρήλλαξε
986 1648 1087 1700 καὶ
1144 1649 1201 1699 τὸ
1255 1647 1364 1698 τῶν
1408 1646 1674 1703 ’ἰδυδαίων
1715 1647 1925 1716 Πάσχα,

346 1741 599 1812 κάκείνῳ
632 1741 678 1794 δ’
723 1737 791 1795 αὖ
829 1742 1001 1812 δήπου
1055 1741 1570 1811 συμπαραλλάττειν
1614 1740 1795 1812 χρεὼν
1831 1743 1927 1794 καὶ

2028 634 2117 689 die
2150 634 2510 704 plenilunium
2542 634 2709 689 etiam
2745 643 3013 689 mutatum
3045 649 3187 690 esse.
3219 632 3374 689 Unde
3409 633 3596 701 sequi-

2030 736 2140 791 tur,
2171 726 2485 781 Iudaeorum
2537 727 2703 782 etiam
2734 726 2943 781 Pascha
2974 725 3292 791 variavisse,
3335 740 3400 779 ac
3431 723 3594 779 simul

2029 835 2151 872 cum
2182 834 2247 874 eo
2278 829 2526 873 nostrum
2561 818 2726 873 etiam
2751 819 2992 874 variasse
3019 826 3293 888 oportere,
3330 816 3590 886 quoniam

2030 923 2274 966 nostrum
2306 912 2374 964 ab
2420 912 2512 965 illo
2558 910 2759 981 pendet
2786 919 2842 965 et
2885 925 2952 965 ex
2999 925 3067 965 eo
3095 920 3350 980 tanquam
3387 908 3503 963 basi
3530 924 3595 960 ac

2029 994 2386 1058 fundamento
2413 997 2688 1058 educitur.
2725 1003 2905 1058 Facile
2953 1012 3134 1057 autem
3171 1003 3260 1057 hic
3288 1017 3444 1057 error
3472 1016 3597 1057 cor-

2031 1097 2258 1165 rigetur,
2289 1097 2332 1151 si
2373 1097 2537 1165 paulo
2563 1097 2685 1166 plus
2706 1097 2883 1152 biduo
2917 1097 3130 1167 integro
3172 1096 3461 1151 detrahere
3490 1111 3593 1149 vo-

2028 1188 2314 1244 luerimus.
2347 1188 2424 1242 Ita
2457 1189 2606 1275 enin}
2653 1196 2734 1244 tot
2760 1189 3178 1259 interjectorum
3211 1203 3479 1243 annorum
3511 1203 3599 1240 ra-

2032 1282 2164 1335 tioni
2197 1284 2490 1341 convenire
2518 1283 2811 1338 methodus
2841 1282 3191 1338 astronomiae
3222 1284 3402 1338 docet.
3434 1280 3596 1346 Quod

2030 1374 2133 1428 nisi
2159 1375 2272 1439 lict,
2296 1391 2449 1429 error
2472 1375 2615 1429 haud
2643 1391 2843 1445 parvus
2871 1375 3064 1430 incidit
3088 1393 3101 1429 :
3125 1386 3176 1431 et
3214 1375 3273 1429 Iit
3296 1373 3595 1437 interdum,

2033 1472 2092 1515 ut
2120 1478 2262 1532 saepe
2285 1466 2394 1534 jam
2426 1466 2627 1519 factum
2658 1474 2761 1531 est,
2794 1474 2854 1518 ut
2879 1466 3168 1534 opinemur
3201 1465 3377 1534 primo
3405 1473 3459 1518 et
3491 1464 3596 1517 Do-

2031 1553 2236 1609 minico
2276 1556 2631 1612 hebdomadis
2660 1557 2919 1612 instantis
2944 1558 3031 1611 die
3055 1556 3413 1626 plenilunium
3439 1555 3555 1611 fore
3580 1573 3596 1620 ;

2030 1646 2084 1700 id
2117 1657 2299 1702 autem
2342 1648 2475 1703 falso
2500 1650 2811 1718 Opinemur,
2860 1665 2985 1704 cum
3025 1649 3387 1719 plenilunium
3427 1647 3597 1702 biduo

2028 1747 2176 1802 ante,
2209 1737 2312 1792 hoc
2343 1748 2427 1793 est
2461 1740 2513 1794 in
2548 1748 2762 1795 sextum
2789 1742 2929 1811 ejus,
2960 1756 3084 1810 quae
3113 1741 3433 1803 antecessit,
3465 1740 3600 1794 heb-

346 1834 409 1883 τὸ
436 1834 731 1903 ἡμέτερον.
767 1834 911 1904 Πρὸς
954 1834 1064 1904 γὰρ
1097 1835 1274 1886 ἐκεῖνό
1312 1852 1376 1902 γε
1415 1835 1596 1904 ἀφορᾷ
1627 1834 1687 1886 τὸ
1722 1834 1923 1904 ἡμέτε-

2031 1828 2283 1883 domadis
2321 1830 2466 1884 diem
2508 1831 2782 1896 inciderit,
2830 1839 2887 1885 et
2944 1847 3042 1887 nos
3087 1831 3159 1886 ob
3187 1847 3312 1886 eum
3349 1846 3595 1906 errorem

346 1894 729 1996 ρονῖοιάκείνῳ
778 1894 1046 1979 τέτακταί
1073 1926 1302 1980 ἔπεσθαι
1325 1894 1496 1980 οἱονεί
1526 1894 1641 1980 ’τινι
1683 1894 1921 1998 κρηπῖδι

2029 1921 2197 1975 alium
2244 1934 2408 1991 atque
2454 1923 2620 1978 alium
2653 1923 2997 1979 Dominicum
3047 1925 3188 1979 diem
3219 1935 3599 1993 exspectemus

346 2013 744 2085 καὶ-θεμελίῳ.
782 2016 995 2087 Ῥᾴδιον
1048 2016 1095 2069 δ’
1152 2018 1216 2071 ἂν
1265 2018 1351 2088 εἴη
1410 2018 1753 2087 βουλομένοις
1792 2019 1925 2088 ἡμῖν

346 2106 691 2174 ποιήσασθαι
739 2105 838 2176 τὴν
878 2106 1186 2176 διόρθωσιν,
1243 2106 1417 2178 βραχύ
1464 2125 1517 2160 τι
1550 2108 1710 2161 πλέον
1756 2108 1789 2179 ἢ
1833 2107 1925 2163 δύο

345 2197 717 2268 νυχθημέρων
779 2201 1072 2270 ὑφαίρεσιν
1122 2200 1541 2271 ποιηδαμένοις.
1602 2201 1763 2255 Οὖτω
1813 2202 1922 2271 γὰρ

348 2291 586 2356 ἀνήκειν
614 2292 728 2350 τοῖς
765 2290 972 2358 μεταξῦ
1005 2291 1282 2354 τοσούτοις
1316 2292 1495 2344 ἔτεσιν
1530 2294 1561 2364 ἢ
1591 2295 1688 2364 τῆς
1730 2294 1925 2361 ἀστρο-

229 2370 237 2376 ’
344 2383 551 2448 νομίας
586 2382 986 2448 ἐπαγγέλλεται
1019 2381 1266 2450 μέθοδος.
1303 2382 1509 2436 Τούτου
1535 2383 1593 2437 δὲ
1639 2384 1714 2456 μὴ
1744 2402 1928 2453 γιγνο-

345 2482 517 2539 μένου
580 2473 641 2526 τὸ
719 2475 986 2543 σφαλερὸν
1033 2474 1094 2527 ού
1164 2477 1377 2545 μικρόν.
1444 2476 1756 2546 Συμπίπτει
1817 2478 1925 2546 γὰρ

341 2564 464 2615 ἐσθ’
503 2564 617 2630 ὅτε,
669 2564 811 2617 καθὰ
836 2567 934 2618 καὶ
956 2564 1215 2629 πολλάκις
1240 2565 1341 2637 ἤδη
1371 2567 1683 2637 γεγένηται,
1713 2568 1924 2622 οἴεσθαι

347 2655 458 2721 μὲν
504 2651 644 2708 εἶναι
700 2656 1033 2725 πανσέληνον
1062 2656 1162 2727 τὴν
1218 2657 1498 2727 Rupta:th
1550 2660 1646 2712 καὶ
1700 2660 1922 2731 πρώτην

338 2745 571 2816 ἡμέραν
596 2746 697 2815 τῆς
729 2746 1032 2816 μελλούσης
1081 2745 1396 2821 ἑϐδομάδος·
1443 2748 1653 2801 οἴεσθαί
1698 2765 1761 2817 γε
1816 2750 1923 2821 μὴν

333 2807 510 2892 τοῦτο
544 2807 754 2909 ψευδές-ο
785 2807 1118 2915 γεγενῆσθαι
1150 2807 1275 2910 ίγὲιέ»
1309 2807 1410 2912 ἤδη
1439 2842 1546 2911 πρὸ
1589 2842 1684 2895 δύο
1710 2807 1921 2915 auxiliq-

343 2933 566 3001 μέρων,
599 2934 740 2986 κατὰ
767 2935 866 3003 τὴν
914 2911 1081 3004 ἕκτην
1103 2933 1311 3003 δη>αδὴ
1335 2911 1453 3002 τῆς
1484 2911 1925 3004 παρεληλυθυίας

342 3022 648 3092 ὲῦδομάδος
702 3025 940 3095 ἡμέραν
972 3024 1265 3098 κάντεύθεν
1307 3026 1724 3096 σφαλλομένους
1757 3028 1924 3097 ἄλλην

347 3116 480 3168 ἀντ’
531 3118 696 3185 ἄλλης
750 3117 1068 3188 περιμένειν
1119 3118 1404 3187 Κυριακὴν
1455 3119 1548 3172 καὶ
1599 3122 1776 3172 ποιεῖν
1824 3121 1924 3192 τὴν

334 3208 726 3279 ἀναστάσιμον
757 3209 1031 3279 ἑὸδομάδα
1092 3208 1362 3279 ἑϐδομάδα
1409 3210 1518 3263 τῶν
1547 3209 1643 3264 τοῦ
1678 3210 1915 3280 Χριστοῦ

335 3302 714 3369 παθημάτων.
754 3303 862 3356 Καὶ
904 3302 973 3355 τὰ
1030 3303 1154 3373 ἑξῆς
1191 3302 1286 3356 τοῦ
1320 3303 1638 3372 σφάλματος
1668 3302 1920 3357 ἐντεῦθεν

336 3395 610 3462 γνώριμα
645 3396 757 3458 τοῖς
810 3394 1038 3449 ἅπασιν.
1079 3397 1200 3449 Ὀτι
1257 3395 1302 3448 δ’
1340 3396 1437 3467 οὐχ
1487 3396 1677 3458 ἁπλῶς
1723 3395 1921 3448 οὑτωσί

337 3503 469 3549 πως
494 3488 605 3539 οὐδ’
629 3487 751 3555 είκῆ
786 3488 899 3556 (‘28)
936 3491 1030 3540 καὶ
1066 3489 1245 3557 μάτην
1271 3490 1340 3542 τὰ
1372 3488 1599 3542 τοιαῦτα
1637 3488 1789 3558 παρά
1811 3489 1920 3540 τῶν

332 3582 595 3648 θεμένων
634 3581 920 3650 ἐτέθησαν,
958 3581 1077 3634 ἀλλ’
1109 3581 1318 3634 ἕκαστα
1368 3580 1525 3648 λόγον
1576 3581 1791 3651 ἔχουσιν
1834 3579 1922 3633 εύ-

335 3672 534 3736 ὶογον,
575 3671 733 3740 δῆλον
765 3671 865 3742 ήδη
902 3674 1219 3743 ποιήσομαι.
1265 3674 1328 3726 'II
1375 3673 1474 3744 μὲν
1505 3675 1614 3744 γὰρ
1654 3656 1920 3743 μετ’ίση-

302 3791 318 3802 ι
345 3764 556 3828 μερίαν
589 3765 918 3834 πανσέληνος
945 3768 1057 3830 τοῖς
1098 3765 1364 3836 Ἐϐραίων
1402 3766 1649 3835 ζητεῖται
1687 3766 1880 3818 παισίν
1904 3782 1918 3795 ⁶

341 3850 546 3919 ἐπειδὴ
587 3852 827 3916 τοιοῦτος
873 3855 966 3906 καὶ
992 3857 1018 3907 ὁ
1049 3855 1239 3924 καιρὸς
1281 3854 1392 3924 (29)
1433 3858 1637 3917 ἐκεῖνος
1665 3851 1754 3925 ἦν,
1798 3856 1921 3907 καθ’

330 3944 410 3993 ὃν
462 3944 555 3994 τόν
599 3961 658 3996 τε
701 3946 871 4014 ἀμνὸν
913 3945 1112 3999 ἔθυσαν
1168 3947 1261 3999 καὶ
1290 3948 1563 4014 Αἴγυπτον
1616 3926 1919 4015 ἑφυγον.⁹ίι

335 4034 451 4104 μὲν
468 4036 706 4106 γὰᾀτότε
723 4039 983 4107 ἰσημερία
1004 4040 1069 4108 τῇ
1092 4037 1181 4090 τοῦ
1197 4039 1441 4109 Μαρτίου
1455 4038 1651 4109 ἑννάτῃ
1670 4037 1762 4091 καὶ
1778 4040 1924 4091 είκο-
1944 4043 1947 4046 ⁴

332 4131 446 4198 οτῇ
467 4130 777 4213 γεγένηται·
797 4135 829 4200 η
850 4128 1071 4202 [P.227]
1096 4131 1149 4182 δὲ
1182 4133 1320 4199 μετὰ
1352 4130 1446 4199 τὴν
1474 4130 1768 4200 ἰσημερίαν
1802 4130 1922 4184 τότε
1960 4196 1963 4199 _

334 4222 684 4289 πανσέληνος
710 4223 774 4291 τῇ
802 4222 921 4291 μετ’
940 4221 1108 4288 αὐτὴν
1132 4221 1280 4291 ἑξῆς,
1303 4222 1425 4292 ἥτις
1452 4222 1572 4275 κατ’
1593 4222 1837 4287 ἐκείνους
1856 4219 1923 4291 ἦν

328 4314 918 4384 τεσσαρεσκαιδεκάτη
976 4314 1071 4367 τοῦ
1128 4314 1362 4367 Νισσάν·
1402 4316 1460 4379 ὃς
1509 4317 1630 4368 ἀντὶ
1670 4314 1764 4369 τοῦ
1800 4318 1922 4370 καθ’

330 4410 372 4471 ἡ
389 4406 503 4471 μᾶς
535 4404 782 4473 Μαρτίου
806 4407 1022 4475 πρῶτος
1050 4405 1231 4468 αὐτοῖς
1253 4406 1310 4458 ἑν
1334 4408 1445 4468 τοῖς
1467 4407 1601 4476 μησὶ
1631 4407 1722 4460 τοῦ
1741 4408 1922 4461 ἐνιαυ-

328 4488 439 4545 τὸῧ
472 4492 811 4564 ἀριθμεῖται.
853 4494 928 4545 Ού
976 4494 1084 4564 γὰρ
1123 4496 1326 4564 ὁμοίως
1355 4496 1487 4565 ἡμῖν
1509 4497 1617 4548 οὐδ’
1643 4496 1753 4548 ἀπὸ
1784 4499 1918 4565 μιᾶς

2028 2021 2084 2068 et
2118 2012 2321 2069 Christi
2359 2016 2667 2085 passionem
2698 2016 2754 2071 in
2799 2016 3142 2072 hebdomade
3172 2016 3598 2072 resurrectionis

2027 2094 2386 2160 celebremus.
2444 2106 2601 2162 Unde
2650 2122 2773 2177 qua:
2826 2116 3005 2162 errata
3036 2115 3466 2178 consequantur,
3500 2124 3600 2162 ne-

2027 2195 2161 2248 mini
2191 2204 2277 2249 est
2308 2195 2626 2255 obscurum.
2660 2199 2785 2253 Haec
2830 2207 3010 2254 autem
3044 2214 3152 2254 non
3190 2199 3373 2269 inepte
3417 2214 3598 2270 neque

2032 2294 2237 2342 temere
2281 2290 2350 2342 ab
2392 2291 2716 2346 auctoribus
2752 2306 2874 2346 esse
2929 2291 3126 2361 posita,
3176 2285 3273 2347 sed
3325 2292 3596 2347 rationem

2031 2378 2243 2449 singula
2276 2381 2612 2451 probabilem
2660 2383 2863 2438 habere
2885 2385 2997 2453 jam
3041 2384 3352 2439 declarabo.
3384 2384 3596 2440 Hebraei

2031 2470 2418 2538 plenilunium,
2464 2474 2609 2544 quod
2644 2483 2767 2544 post
2793 2476 3184 2545 aequinoctium
3222 2477 3459 2540 exsistit,
3495 2476 3598 2532 oh-

2027 2570 2270 2625 servant,
2299 2564 2558 2632 quoniam
2583 2575 2638 2620 et
2660 2565 2793 2619 illud
2819 2566 2984 2637 369
3014 2567 3192 2636 ipsum
3226 2576 3445 2638 tempus
3466 2568 3595 2632 luit,

2029 2668 2137 2721 quo
2167 2670 2365 2723 agnum
2421 2655 2796 2722 immolarunt,
2831 2668 2881 2712 et
2920 2675 2987 2713 ex
3029 2657 3262 2731 Egypto
3312 2660 3592 2732 fugerunt.

2026 2745 2159 2799 Nam
2195 2746 2341 2802 illius
2385 2749 2513 2802 anni
2561 2748 2950 2818 aequinoctium
2987 2753 3076 2808 die
3128 2751 3307 2808 Martii
3349 2770 3497 2810 nono
3541 2767 3599 2811 et

2026 2836 2290 2892 vicesimo
2323 2838 2425 2893 fuit
2451 2856 2464 2893 :
2506 2848 2562 2894 et
2590 2841 2977 2910 plenilunium,
3008 2845 3077 2900 ab
3092 2846 3441 2914 fequinoctio
3469 2863 3597 2918 pro-

2024 2933 2251 2997 ximum,
2281 2932 2547 2999 postridie
2572 2934 2806 3001 exstitit,
2837 2951 3034 3006 nempe
3056 2953 3123 2991 eo
3143 2937 3255 3002 die,
3280 2940 3373 3009 qui
3401 2955 3599 2994 secun-

2023 3022 2154 3077 dum
2206 3025 2330 3079 illos
2386 3026 2637 3081 decimus
2685 3037 2917 3097 quartus
2956 3030 3160 3085 mensis
3213 3030 3409 3087 Nissau
3466 3033 3610 3091 luit.

2024 3130 2184 3182 quem
2220 3115 2295 3168 illi
2328 3115 2506 3169 Martii
2543 3119 2712 3170 nostri
2759 3118 2882 3172 loco
2914 3119 3150 3189 primum
3186 3123 3316 3176 anni
3348 3138 3594 3179 mensem
3666 3178 3677 3202 κ

2029 3212 2340 3260 numerant.
2366 3205 2555 3276 Neque
2598 3208 2746 3261 enim
2790 3208 2952 3263 sicuti
2980 3225 3083 3265 nos
3114 3227 3214 3267 nec
3243 3214 3310 3267 ab
3355 3229 3465 3269 uno
3496 3231 3592 3270 eo-

2027 3294 2261 3364 demque
2312 3298 2397 3352 die
2432 3314 2648 3353 menses
2676 3308 2733 3354 et
2774 3315 2950 3356 annos
2993 3302 3196 3371 Persa,
3237 3304 3591 3364 Alexandrini

2025 3386 2342 3457 etAEgyptii
2374 3390 2752 3459 auspicantur,
2796 3407 2900 3447 nec
2944 3384 3048 3463 ipsi
3092 3406 3292 3466 prteter
3313 3399 3463 3454 alios
3490 3399 3593 3456 Ju-

2025 3488 2162 3552 dzei;
2220 3489 2315 3542 sed
2359 3489 2556 3559 singuli
2592 3490 2773 3545 aliter.
2826 3490 3183 3571 Alexandrini
3229 3509 3427 3566 quarto
3464 3501 3588 3554 Kal.

2025 3580 2363 3649 Septembris
2384 3583 2558 3635 nostri
2588 3598 2790 3638 annum
2814 3599 2971 3639 suum
3014 3586 3404 3656 auspicantur;
3426 3590 3593 3662 [Egy-

2024 3673 2123 3741 ptii
2168 3689 2313 3728 nunc
2358 3675 2425 3728 ab
2457 3676 2672 3735 eodem,
2705 3691 2853 3731 nunc
2897 3677 2967 3731 ab
2994 3679 3103 3732 alio
3129 3679 3240 3746 die,
3259 3691 3322 3751 et
3356 3683 3591 3740 subinde

2026 3764 2208 3819 aliter.
2233 3764 2433 3828 Persae,
2467 3763 2635 3832 Medi,
2670 3765 2787 3820 Indi
2821 3783 3000 3838 neque
3028 3785 3152 3824 cum
3178 3771 3266 3827 his
3299 3789 3480 3843 neque
3510 3777 3593 3831 in-

2027 3866 2110 3909 ter
2141 3871 2197 3910 se
2223 3857 2597 3911 consentiunt.
2630 3857 2805 3913 ludati
2841 3874 2970 3915 vero
3005 3877 3156 3929 nunc
3202 3863 3273 3917 ab
3305 3864 3407 3917 hoc
3441 3881 3591 3922 nunc

2025 3950 2095 4004 ab
2138 3950 2231 4004 illo
2274 3962 2439 4019 atque
2472 3952 2609 4019 ωδε
2649 3954 2717 4008 ab
2747 3955 2856 4008 alio
2886 3955 3062 4010 Martii
3092 3958 3263 4010 nostri
3296 3957 3384 4013 die
3426 3975 3591 4014 suum

2027 4039 2221 4094 Nissan
2252 4041 2567 4096 ordiuntur.
2597 4043 2729 4097 Nam
2761 4060 3103 4113 acongressu
3134 4048 3198 4101 ad
3232 4063 3586 4119 congressum

2024 4129 2259 4184 duorum
2294 4131 2563 4185 luminum
2589 4133 2854 4187 mensium
2882 4135 3148 4190 circuitus
3181 4153 3471 4192 numerare
3493 4154 3588 4194 so-

2024 4221 2104 4275 liti
2162 4237 2288 4276 eum
2336 4238 2602 4286 mensem,
2646 4224 2739 4292 qui
2771 4241 2997 4296 vernum
3028 4226 3420 4309 aequinoctium
3455 4243 3590 4287 con-

2026 4312 2184 4374 tinet,
2220 4311 2557 4399 reliquorutn
2594 4314 2863 4399 mensum
2895 4316 3223 4385 principium
3248 4320 3589 4375 coiistituunt
3697 4321 3707 4328 ’

2023 4419 2260 4485 euqu
2292 4390 2493 4457 Nissan'
2518 4415 2738 4490 uocant,
2776 4390 2933 4474 Eujus
2969 4406 3141 4475 ipsius
3183 4410 3452 4463 incertum
3502 4421 3590 4465 est

2024 4492 2379 4567 principium.
2430 4496 2696 4551 Dominus
2747 4496 2967 4567 quidem
3022 4498 3156 4553 Mosi
3218 4500 3347 4554 olim
3403 4501 3580 4555 dixit:

328 4588 439 4638 καὶ
483 4588 584 4657 τῆς
620 4588 787 4658 αὐτῆς
843 4588 1057 4657 ἡμέρας
1101 4589 1381 4641 ποιοῦνται
1415 4591 1512 4653 τὰς
1562 4590 1670 4644 τῶν
1726 4591 1911 4661 μηνῶν

2024 4607 2042 4639 ι
2073 4588 2277 4642 Mensis
2308 4588 2396 4642 hic
2445 4588 2601 4641 vobis
2649 4588 2977 4659 principium
3012 4590 3321 4645 mensium:
3369 4592 3584 4661 primus

327 4696 403 4730 τε
446 4679 544 4731 καὶ
599 4678 863 4732 ἐνιαυτῶν
915 4682 1088 4749 ἀρχὰς
1128 4681 1337 4750 Πέρσαι
1391 4681 1490 4734 καὶ
1540 4682 1912 4751 Ἀλεξανδρεῖς

328 4772 441 4824 καὶ
472 4773 760 4839 Αἰγύπτιοι
797 4773 890 4824 καὶ
929 4775 1065 4842 πρὸς
1113 4775 1227 4835 τοῖς
1265 4771 1445 4836 ἄλλοις
1481 4773 1754 4827 Ἰουδαίων
1782 4778 1913 4827 παϊ-

326 4869 394 4917 ὁε
407 4883 456 4929 ς,
486 4863 603 4917 ἀλλ’
632 4865 706 4928 ὡς
736 4866 937 4934 ἑτέρως
969 4865 1216 4918 ἕκαστοι.
1259 4864 1628 4937 ’Δλεξανδρεῖς
1669 4867 1770 4936 μὲν
1808 4868 1916 4939 γὰρ

332 4953 456 5022 πρὸ
512 4942 953 5026 τριῶν’ὴμερῶν
1007 4958 1107 5026 τῆς
1158 4956 1383 5028 πρώτης
1445 4956 1539 5010 τοῦ
1594 4958 1721 5011 καθ’
1769 4961 1917 5030 ἡμᾶς

334 5045 731 5115 Σεπτεμϐρίου
769 5046 881 5116 (50)
913 5049 1012 5115 τὴν
1050 5048 1228 5117 ἀρχὴν
1251 5046 1345 5100 τοῦ
1379 5049 1641 5120 σφετέρου
1674 5046 1914 5104 τίθενται

327 5138 524 5196 ὲτους·
557 5136 842 5203 Αἰγύπτιοι
868 5138 923 5189 δὲ
972 5138 1065 5191 νῦν
1117 5139 1218 5207 μὲν
1266 5138 1453 5208 αὐτὴν,
1489 5139 1584 5194 νῦν
1614 5140 1659 5194 δ’
1690 5141 1910 5213 ἑτέραν,

416 5278 431 5308 ⁸
463 5276 640 5332 Exod.
662 5292 758 5341 ιιι,
788 5276 844 5340 2,
875 5278 931 5331 5.

2020 4690 2104 4735 est
2134 4670 2287 4735 vobis
2316 4679 2372 4735 in
2419 4680 2698 4734 mensibus
2743 4681 2894 4735 anni.
2929 4679 3145 4740 Decima
3176 4685 3379 4737 mensis
3423 4682 3585 4752 hujus

2023 4781 2204 4829 sumat
2232 4771 2613 4842 unusquisque
2662 4772 2902 4826 ﬁliorum
2951 4773 3117 4828 Israel
3155 4789 3321 4843 pecus
3357 4789 3452 4843 per
3478 4776 3583 4828 do-

2015 4879 2188 4921 mum.
2237 4863 2306 4916 Et
2335 4863 2442 4917 erit
2481 4862 2634 4917 vobis
2671 4876 3058 4919 conservatum
3104 4879 3280 4934 usque
3313 4865 3381 4919 ad
3413 4880 3579 4933 quar-

2018 4970 2125 5014 tam
2160 4967 2214 5013 et
2240 4956 2507 5019 decimam
2535 4955 2740 5010 mensis
2777 4957 2960 5027 hujus.
2992 4957 3060 5011 Et
3090 4956 3347 5013 occident
3374 4957 3455 5013 ad.
3485 4973 3579 5013 ve-

2014 5063 2253 5117 speram.
2303 5046 2371 5101 Et
2406 5044 2836 5100 manducabunt.
2874 5045 2941 5098 Et
2984 5045 3196 5100 facietis
3238 5047 3383 5103 diem
3432 5047 3581 5103 hunc

2012 5140 2319 5210 legitimum
2349 5148 2614 5194 aeternum
2644 5135 2811 5206 37o
2856 5136 2911 5191 in
2941 5138 3228 5208 progenies
3258 5141 3528 5217 vestras‘.
3557 5159 3575 5191 ι

1700 5375 2030 5437 Veriorum
2063 5381 2248 5435 notm.

423 5479 540 5546 (28)
569 5480 694 5531 Ὅτι
740 5478 785 5530 δ’
817 5478 916 5546 οὐχ
959 5476 1141 5539 ἁπλῶς
1176 5476 1373 5531 οὑτωσί
1397 5494 1535 5541 πως.
1592 5478 1713 5531 οὐδε
1756 5478 1905 5548 εικῆ,

326 5558 469 5605 nul.
500 5551 672 5603 Vatic.
701 5548 915 5601 Borvm.

418 5622 533 5687 ἀεὶ)
576 5619 793 5686 ἰππειδὴ
849 5615 1091 5678 τοιοῦτος
1146 5617 1240 5670 καὶ
1287 5619 1315 5670 ὁ
1352 5618 1542 5689 καιρὸς
1594 5627 1726 5685 εις..
1779 5618 1904 5674 cod.

320 5692 519 5749 Vatic.
550 5690 758 5742 Bomrt.

410 5764 525 5827 tito)
564 5756 1019 5831 VertitiWollius,
1052 5758 1403 5831 Alexandrini
1432 5760 1584 5813 tertio
1614 5760 1737 5814 Kal.
1752 5758 1901 5831 Sept.

322 5835 571 5888 Vertere
597 5829 813 5890 debuit,
849 5831 1002 5891 tertio
1055 5838 1176 5881 ante
1225 5828 1351 5882 Kal.
1383 5831 1533 5899 Sept.
1565 5845 1661 5884 seu
1715 5828 1905 5900 quarto

659 5925 932 5985 PATROL.
976 5924 1092 5983 Gn.
1137 5922 1441 5983 CXLVIII

2007 5473 2134 5529 Kal.
2169 5473 2312 5546 Sept.
2337 5475 2471 5529 Nam
2505 5476 2689 5529 tertias
2723 5474 2994 5546 Kalendas
3035 5474 3181 5546 Sept.
3212 5484 3293 5531 est
3327 5475 3446 5530 dies
3463 5476 3580 5531 Au-

2008 5548 2150 5615 gusti
2181 5544 2284 5611 30;
2336 5549 2520 5598 tertius
2577 5555 2699 5598 ante
2726 5544 2997 5599 Kalendas
3029 5544 3171 5615 Sept.
3209 5558 3295 5600 est
3329 5548 3446 5600 dies
3469 5548 3580 5600 Αυ-

2006 5619 2153 5685 gusti
2178 5616 2270 5677 29,
2305 5632 2422 5685 quo
2455 5618 2548 5670 die
2578 5627 2796 5670 constat
2819 5620 3223 5673 Alexandrinos
3250 5625 3573 5684 auspicatos

2003 5700 2127 5739 esse
2166 5702 2370 5737 annum
2402 5703 2587 5739 suum.
2629 5687 2759 5739 \‘tde
2783 5686 2968 5739 I’ctav.
3005 5691 3079 5739 Ue
3103 5688 3348 5739 doctrina
3376 5695 3579 5756 tempo-

2004 5771 2126 5807 rum
2158 5756 2252 5809 lib.
2289 5772 2362 5818 Vl,
2396 5772 2519 5825 pag.
2552 5756 2678 5809 522.
2716 5757 2928 5809 Borvm.

3198 5927 3271 5986 18
