4016 6590
478 409 587 473 5Σι7

732 407 812 479 [Δ.
841 420 891 461 c.
928 407 1065 466 l282
1097 428 1162 466 su
1206 410 1368 484 1528]
1481 414 1923 479 BYZANTlN/E
1965 417 2054 477 HI

2163 418 2352 477 JBl/E
2398 419 2543 479 LIB.
2586 418 2751 480 VIII.
2860 407 2997 482 [ων.
3030 418 3308 463 ΑΝοιιοκισ.
3341 402 3482 471 δεῖν]

3590 380 3731 471 ἐδδ

476 523 615 594 λαδὴ
666 527 761 579 καὶ
793 528 854 580 τδ
895 529 996 598 τῆς
1042 530 1393 593 ἀναστάσεως
1430 530 1750 601 μυστήριον,
1795 530 1917 600 διχῆ
1968 531 2057 583 καὶ

2168 528 2477 583 Servatoris
2508 528 2816 596 passionem
2847 543 2972 582 cum
2999 527 3188 580 dolore
3218 540 3342 581 esse
3370 523 3686 578 recordatus
3712 540 3727 584 ;

477 617 656 686 τριχῆ
690 619 790 670 καὶ
837 619 1081 690 πολλαχῆ
1126 620 1425 690 διελόμενοι
1458 621 1520 675 τὸ
1548 622 1656 674 τῶν
1696 620 1936 675 εὐσεϐῶν
1969 620 2059 674 σύ-

478 724 672 778 στημα
706 711 757 762 οί
780 712 906 779 ’μὲν
936 713 1035 779 τὴν
1080 711 1172 764 τοῦ
1208 712 1377 781 μηνὸς
1414 713 1629 783 ἡμέραν
1660 713 1894 783 νόμιμον
1923 712 2058 766 αἰώ-

448 817 597 855 .νιον
632 796 776 871 ἦγον
817 801 942 870 ἑξῆς
994 803 1259 872 ὑπηρέτιν
1315 805 1413 872 τῆς
1460 804 1621 872 ἡμῶν
1656 804 2056 875 πανηγύρεωςο

472 893 531 945 οί
579 892 637 945 δὲ
680 893 782 962 τὴν
828 893 923 946 τοῦ
958 895 1184 962 νομικοῦ
1222 895 1413 964 Πάσχα
1448 896 1755 965 πανήγυριν
1793 896 2059 966 πρότερον

474 982 861 1051 ἁνιχνεύοντες
919 979 1040 1035 εἶτα
1084 982 1186 1053 τὴν
1238 982 1299 1047 ἐξ
1350 982 1569 1053 ἐκείνης
1611 985 1821 1056 τρίτην.
1850 984 2058 1054 ἑόρτιον

473 1068 616 1143 ἦγον
642 1071 741 1125 τοῦ
770 1073 895 1125 καθ’
926 1075 1076 1144 ἡμᾶς
1105 1076 1436 1144 μυστηρίουο
1471 1075 1769 1128 κάντεῦθεν
1801 1076 2059 1145 ἀνέορτον

476 1163 574 1215 καὶ
620 1162 681 1215 τὺ
732 1166 827 1233 τῆς
884 1166 1082 1235 ἑορτῆς
1135 1166 1387 1233 ἐφαίνετο
1422 1168 1516 1219 καὶ
1567 1166 1628 1218 ού
1683 1166 1878 1236 μικρόν
1910 1183 1962 1218 τι
1998 1165 2059 1219 τδ

476 1254 776 1318 στασιάζον
804 1258 900 1309 καὶ
942 1257 1213 1310 ἀτακτοῦν
1244 1259 1312 1326 τῇ
1357 1256 1449 1309 τοῦ
1482 1255 1720 1325 Χριστοῦ
1764 1256 2059 1328 Ἐκκλησία

473 1348 741 1416 ἐπήγετο.
801 1348 863 1400 Et
912 1348 1013 1418 μὲν
1042 1349 1149 1416 γὰρ
1192 1347 1279 1401 ἀεὶ
1310 1347 1411 1415 τὴν
1455 1350 1518 1400 ὲκ
1553 1347 1647 1399 τοῦ
1676 1346 1910 1415 ⁸νομικοῦ
1946 1349 2059 1402 Πά-

475 1455 590 1508 σχα
625 1439 817 1508 τρίτην
860 1440 917 1491 έν
951 1437 1138 1507 ταυτῷ
1167 1440 1463 1491 συνέπιπτε
1503 1439 1599 1491 καὶ
1630 1438 1886 1507 πέμπτην
1918 1434 2060 1492 εἶναι

473 1529 576 1582 τοῦ
611 1528 782 1598 μηνὸς
830 1530 925 1581 καὶ
961 1528 1241 1597 εἰκοστὴν,
1271 1527 1480 1597 βέλτιον
1534 1527 1597 1581 ἂν
1626 1523 1694 1598 ἦν
1730 1530 1823 1580 καὶ
1846 1528 2058 1597 ὁμήγυ-

483 1637 577 1691 ρις
611 1615 680 1690 ἦν
714 1622 751 1690 ἡ
800 1622 1131 1690 πανήγυρις.
1171 1619 1326 1672 Ἐπεὶ
1372 1620 1430 1671 δὲ
1468 1620 1528 1672 τὸ
1566 1620 1666 1690 μὲν
1715 1620 2060 1689 συμπίπτειν

474 1712 774 1782 ἀμφότερα
837 1713 983 1767 πάνυ
1034 1730 1117 1765 τοι
1175 1713 1404 1766 σπάνιον
1464 1714 1561 1765 καὶ
1610 1712 1769 1782 μόγις
1819 1729 1923 1766 που
1969 1711 2061 1766 διὰ

479 1803 759 1855 πλείστων
803 1802 959 1856 ἐτῶν*
992 1802 1053 1856 τὸ
1085 1802 1142 1856 δὲ
1191 1802 1468 1855 διεστάναι
1514 1802 1746 1872 θάτερον
1804 1800 2057 1871 θατέρου,

2165 619 2304 672 alios
2334 633 2466 672 vero
2506 617 2803 672 indulsisse
2852 617 3015 687 genio
3065 624 3124 670 et
3173 615 3294 684 eius
3326 613 3607 680 triumpho
3637 626 3732 665 ex-

2164 709 2417 772 sultasse,
2446 717 2502 762 et
2528 707 2675 777 quod
2709 718 2918 760 rectum
2940 715 3057 761 erat
3082 714 3314 759 neutros
3334 712 3480 756 recte
3505 702 3731 765 obiisse,

2163 816 2332 854 unum
2365 801 2418 852 in
2462 800 2628 865 multa
2676 797 2997 862 dividendo,
3054 805 3110 850 et
3143 794 3400 850 Ecclesia:
3438 793 3733 848 concordia

2161 891 2492 957 divellenda,
2519 900 2574 944 et
2602 889 2823 944 unionis
2850 888 3080 957 pulchro
3108 886 3327 941 vinculo
3357 884 3729 939 dissolvendo.

2163 984 2336 1052 Quam
2371 985 2444 1039 ita
2468 983 2694 1038 scissam
2726 982 2799 1035 ita
2832 981 3154 1073 distractam
3182 978 3469 1044 religionis
3498 991 3736 1046 propug-

2163 1086 2391 1131 natores
2416 1075 2704 1144 sanctique
2741 1071 3001 1128 doctores
3031 1086 3157 1125 cum
3187 1071 3733 1130 animadvertissem,

2161 1168 2446 1223 canonicis
2473 1166 2853 1221 sanctionibus
2881 1165 3031 1219 velut
3064 1164 3355 1234 aggeribus
3404 1162 3735 1232 quibusdam

2161 1261 2393 1331 objectis
2423 1259 2851 1329 prohibuerunt.
2883 1273 2951 1312 ne
2982 1256 3108 1326 quis
3142 1255 3319 1309 ﬁdelis
3344 1262 3472 1309 ante
3495 1270 3732 1309 vernum

2158 1354 2559 1421 aequinoctium
2591 1351 3037 1406 Resurrectionis
3064 1349 3265 1404 festum
3294 1348 3618 1411 celebraret;
3640 1346 3735 1400 sed

2162 1446 2251 1501 die
2277 1447 2585 1510 Dominico,
2638 1445 2731 1515 qui
2769 1454 2892 1515 post
2917 1443 3126 1498 Pascha
3158 1442 3443 1496 Judaicum
3474 1454 3571 1493 seu
3610 1448 3734 1508 post

2161 1539 2526 1608 plenilunium
2577 1538 2885 1607 proximum
2938 1536 3006 1589 ab
3036 1533 3372 1603 aequinoctio
3415 1532 3733 1587 exsisteret.

2161 1628 2374 1694 Quibus
2420 1628 2488 1683 de
2539 1629 2723 1683 causis
2773 1626 3001 1681 cuilibet
3049 1624 3196 1678 fideli
3248 1624 3537 1693 diligenter
3562 1631 3648 1676 est
3682 1621 3735 1674 id

2163 1721 2529 1789 plenilunium
2556 1718 2938 1789 quaerendum,
2972 1717 3115 1787 quod
3149 1716 3217 1770 ab
3243 1714 3576 1782 :eqninoctio
3606 1729 3736 1782 pro-

2163 1812 2370 1864 ximnm
2401 1819 2506 1874 est,
2562 1811 2664 1864 nisi
2701 1812 2842 1864 ritus
2876 1809 3136 1864 Ecclesiae
3182 1806 3388 1860 violare
3422 1806 3595 1859 malit.
3623 1804 3738 1859 Hoc

473 1892 643 1947 τοῦτο
674 1896 731 1948 δὲ
760 1895 963 1964 μικροῦ
997 1895 1245 1966 διηνεκὲς
1273 1895 1368 1947 καὶ
1399 1894 1639 1964 ὲτήσιοψ
1671 1895 1720 1947 ot
1756 1894 1857 1963 μὲν
1890 1895 2057 1964 ἔφθα-

2163 1902 2308 1955 enim
2341 1902 2593 1972 ignorato
2621 1898 2874 1970 sequittir
2928 1900 3092 1953 etiam
3122 1898 3265 1951 diem
3319 1896 3585 1966 ignorari,
3615 1911 3738 1964 qme

478 1999 577 2035 νον
629 1985 730 2054 τὴν
778 1984 898 2051 μετ’
957 1985 1252 2055 ἰσημερίαν
1283 1984 1643 2052 πανσέληνον,
1676 1986 1725 2036 οἱ
1755 1986 1802 2036 δ’
1842 1986 2055 2053 ὑστέρι-

2162 1991 2322 2045 nobis
2349 1992 2485 2045 festa
2508 2006 2629 2045 esse
2646 1990 2844 2054 debet;
2868 2003 3082 2055 nosque
3099 1987 3246 2041 velut
3271 1986 3322 2038 in
3345 1988 3529 2056 ignoto
3548 1984 3737 2055 pelago

476 2074 600 2138 ζον.
637 2077 822 2129 Ἄλλοι
879 2077 937 2130 δὲ
990 2078 1205 2147 χαίρειν
1258 2079 1563 2146 φάσκοντες
1610 2079 1902 2148 ἰσημερίας
1960 2079 2055 2133 καὶ

2163 2080 2341 2135 facere
2365 2080 2731 2150 naufragium,
2755 2078 2981 2147 perinde
2995 2092 3056 2131 ac
3071 2085 3346 2131 errantem
3373 2090 3587 2134 navem,
3614 2089 3738 2143 qua:

477 2167 694 2238 ἁμνοῦς
727 2168 840 2239 (52)
893 2171 984 2223 καὶ
1034 2170 1251 2239 θύματα
1284 2170 1381 2221 καὶ
1410 2170 1590 2222 πάντα
1638 2169 1850 2238 νόμιμα
1889 2168 2053 2239 ἔθιμα

2163 2184 2318 2228 nocte
2336 2182 2390 2227 et
2418 2173 2834 2243 tempestatibus
2862 2172 3166 2240 intercepta
3195 2178 3251 2224 et
3280 2168 3537 2224 abscissis
3561 2182 3736 2222 anco-

480 2261 656 2327 μόνην
691 2262 788 2331 τὴν
819 2261 1407 2331 τεσσαρακονθήμερον
1435 2261 1860 2330 ἐξαριθμοῦντες
1887 2262 2053 2333 ἤνυον

2163 2265 2237 2319 ris
2263 2266 2490 2335 spoliata
2515 2268 2583 2319 ab
2606 2275 2916 2335 opportuna
2939 2264 3175 2318 statione
3202 2264 3363 2332 longe
3395 2262 3739 2315 abducatur.

474 2357 765 2426 νηστείαν.
796 2356 918 2408 ὅποι
956 2372 1017 2407 τε
1082 2356 1176 2408 καὶ
1209 2357 1358 2418 ὅπως
1425 2354 1666 2423 τύχοιεν.
1715 2355 1998 2410 Ἐντεῦθεν
2025 2355 2122 2411 καὶ
2162 2357 2439 2427 σύγχυσίς
2464 2376 2547 2421 τις
2606 2360 2701 2410 καὶ
2734 2355 2948 2424 κυκεὼν
2977 2351 3045 2425 ἦν
3074 2356 3185 2426 (53)
3222 2356 3320 2407 καὶ
3350 2351 3633 2419 γλωσσῶν,
3664 2349 3741 2412 ὡς

480 2452 686 2511 εἰπεῖν,
719 2448 987 2519 μερισμὸς
1019 2450 1103 2516 ἐφ’
1136 2449 1215 2502 ένί
1253 2465 1361 2501 τινι
1387 2449 1699 2519 πράγματι.
1733 2442 1916 2503 Ἧπου
1948 2450 2056 2519 γὰρ
2094 2451 2265 2515 εἰκὸς,
2294 2453 2420 2515 τοὺς
2488 2452 2587 2522 μὲν
2659 2450 2876 2503 ἀσιτίαν
2921 2449 3111 2501 ἀσκεῖν
3164 2450 3259 2501 καὶ
3294 2444 3600 2515 συμπαθεῖν
3625 2444 3744 2529 ἰεοῖς

471 2543 574 2596 τοῦ
608 2544 861 2612 Σωτῆρος
894 2541 1111 2594 πάθεσι·
1145 2541 1272 2604 τοὺς
1310 2542 1366 2594 δὲ
1398 2543 1613 2613 τρυφᾷν
1681 2543 1777 2595 καὶ
1842 2544 1957 2606 τοῖς
2026 2542 2236 2596 ἐκείνου
2292 2544 2580 2606 ἐπινικίοις
2615 2540 2955 2612 συνήδεσθαιο
2998 2542 3092 2595 καὶ
3148 2540 3208 2594 τὸ
3257 2539 3421 2594 καλὸν
3450 2539 3511 2592 οὐ
3561 2538 3743 2599 καλῶς

474 2632 775 2703 ἑκατέρους
839 2634 1132 2699 ἐπιτελεῖν,
1189 2633 1362 2688 πολλὰ
1418 2633 1707 2700 ποιοῦντας
1756 2636 1818 2689 τὺ
1873 2635 1934 2689 ἒν
1984 2635 2082 2688 καὶ
2121 2635 2469 2699 διασπῶντας
2524 2634 2627 2706 τὴν
2675 2635 2776 2704 τῆς
2806 2632 3137 2704 Ἐκκλησίας
3174 2634 3431 2702 ὁμόνοιαν
3501 2631 3601 2684 καὶ
3649 2629 3744 2703 τὸν

472 2727 663 2791 καλῶς
696 2727 1222 2800 ,ἀλληλουχούμενον
1263 2729 1659 2801 μεριζομένους
1706 2708 2049 2801 σύνδεσμον.
2090 2730 2262 2785 Τοῦτο
2317 2729 2502 2784 τοίνυν
2560 2728 2705 2784 οὕτω
2743 2728 3076 2799 τεμνόμενον
3144 2726 3241 2779 καὶ
3285 2724 3429 2779 οὓτω
3498 2721 3743 2776 διασπώ-

476 2840 647 2892 μενον
677 2823 729 2904 οί
759 2823 855 2892 τῆς
889 2822 1174 2897 εὐσεϐείας
1228 2821 1487 2891 πρόδολοι
1521 2822 1616 2876 καὶ
1650 2821 2128 2889 θεῖοιλσυνιδόντες
2188 2824 2504 2878 διδάσκαλοι
2538 2824 2651 2895 (54)
2720 2823 3057 2891 θεσπίσμασι
3120 2820 3428 2880 κανονικοῖς
3497 2816 3743 2886 ὡσπερεί

471 2932 592 2968 τισι
652 2914 1025 2985 χαρακώμασι
1087 2914 1543 2989 περιφράττουσι,
1607 2915 1812 2985 μηδένα
1861 2916 2055 2970 πιστὸν
2093 2916 2201 2986 πρό
2233 2933 2297 2985 γε
2374 2916 2476 2985 τῆς
2507 2915 2706 2987 ὴρινῆς
2759 2915 3053 2987 ἰσημερίας
3113 2912 3289 2965 τελεῖν
3339 2910 3438 2981 τὴν
3472 2910 3571 2981 τῆς
3611 2910 3744 2962 ἀνα-

475 3008 723 3070 στάσεως
752 3009 1222 3078 νομοθετήσαντες
1256 3008 1589 3077 πανήγυριν
1618 3007 1735 3061 ἀλλ’
1765 3011 1824 3060 ἐν
1853 3011 2107 3081 κυριακῇ
2177 3012 2247 3081 τῇ
2295 3009 2494 3087 έφεξῆς
2555 3009 2694 3080 μετά
2729 3009 2789 3062 τὸ
2833 3006 3125 3060 Ἰουδαϊκὸν
3177 3000 3393 3075 Πάσχα,
3464 3005 3530 3074 τῇ
3602 3002 3745 3072 μετά

473 3102 817 3171 πανσέληνον
844 3098 1046 3171 δηλαδὴ
1078 3102 1142 3170 τῇ
1186 3097 1304 3170 μετ’
1353 3097 1646 3168 ἰσημερίαν
1682 3099 1771 3171 [Ρ.
1803 3099 1954 3173 229].
1998 3099 2164 3154 Ταῦτ’
2200 3101 2311 3171 ἀρα
2341 3102 2436 3153 καὶ
2466 3098 2641 3171 χρεὼν
2673 3100 2851 3154 πάντα
2884 3097 3075 3151 πιστδν
3124 3096 3223 3149 σὺν
3267 3096 3529 3163 ἀκριϐείᾳ.
3557 3097 3742 3167 ζητεῖν

473 3197 581 3265 τὴν
638 3197 1076 3267 μετ’ίσημερίαν
1125 3195 1489 3266 πανσέληνον,
1540 3197 1592 3249 εί
1647 3196 1893 3267 βούλοιτο
1926 3196 2002 3269 μὴ
2046 3197 2408 3267 παραϐαίνειν
2444 3198 2515 3250 τά
2569 3195 2665 3265 τῆς
2700 3194 3034 3264 Ἐκκλησίας
3094 3192 3294 3263 θεσμά.
3362 3184 3583 3263 Ταύτης
3631 3195 3742 3273 γὰρ

472 3286 847 3358 λανθανούσης
877 3289 1071 3342 ’ἐπεται
1101 3288 1385 3343 λανθάνειν
1413 3288 1510 3343 καὶ
1538 3288 1642 3359 τὴν
1667 3291 1805 3360 ἡμῖν
1830 3289 2193 3361 ὀφειλομένην
2216 3289 2434 3362 ἡμέραν
2499 3288 2712 3359 ἑόρτιον
2779 3284 3099 3357 καὶιῶσπερ
3158 3288 3219 3339 έν
3272 3283 3456 3356 ἀδήλῳ
3509 3285 3740 3358 ’πελάγι-ι

472 3383 738 3449 ναυαγεῖν
771 3383 921 3451 ημᾶς
955 3380 1047 3435 ίσα
1104 3400 1169 3451 γε
1208 3383 1535 3454 πλανωμένῃ
1591 3382 1705 3449 νηῒ,
1747 3385 1814 3455 ἢν
1842 3384 2218 3438 άπολαδοῦσαι
2240 3384 2436 3447 νύκτες
2468 3383 2563 3437 καὶ
2601 3381 2873 3453 χειμῶνες
2931 3382 3031 3444 τάς
3094 3395 3153 3432 τε
3237 3379 3486 3450 ἀγκύρας
3551 3377 3741 3446 έξέκο-

472 3475 589 3546 ψαν
638 3475 737 3527 καὶ
782 3474 954 3547 αὐτὴν
982 3475 1083 3545 τῆς
1113 3475 1502 3547 προσηκούσης
1554 3476 1702 3546 μάλα
1732 3474 2054 3546 ἀπήλλαξαν
2088 3476 2448 3547 καταγωγῆς.

548 3588 626 3647 I'.
657 3589 874 3645 Τούτων
910 3588 1054 3645 οὕτω
1100 3590 1399 3662 λεχθέντων
1433 3591 1526 3646 καὶ
1554 3591 1698 3646 οὕτω
1745 3592 2050 3663 διατρανω-

2224 3592 2316 3649 lll.
2352 3590 2481 3648 Haec
2520 3590 2589 3648 ad
2640 3590 2789 3646 hunc
2832 3588 3055 3645 modum
3092 3588 3361 3660 explicata
3394 3596 3452 3645 et
3499 3588 3745 3645 demoné

474 3681 683 3738 θέντων
718 3684 1034 3754 προσήκατο
1057 3681 1172 3754 (55)
1203 3683 1305 3753 μιν
1333 3681 1427 3737 καὶ
1452 3682 1597 3755 ἥσθη
1626 3685 1693 3755 τῇ
1725 3683 2000 3751 ἀποδείξει
2029 3686 2059 3738 ὁ

478 3773 773 3845 βασιλεύςο
802 3776 944 3845 τάχα
974 3775 1019 3828 δ’
1049 3773 1118 3829 ἀν
1166 3774 1263 3830 καὶ
1314 3774 1584 3845 ἐμέλλησε
1631 3778 1731 3843 τὴν
1771 3775 2060 3846 διόρθωσιν

478 3867 683 3922 αὐτίκα
733 3868 1054 3936 ἐπενεγκεῖν
1080 3882 1093 3901 ·
1149 3865 1269 3921 ἀλλ’
1326 3867 1414 3921 ἵνα
1467 3868 1545 3941 μὴ
1582 3865 1739 3921 τοῦτο
1798 3868 2059 3936 σύγχυσις

478 3957 689 4027 μᾶλλον
715 3956 831 4021 τοῖς
857 3958 1097 4029 ἀμαθέσι
1149 3959 1292 4029 φανῇ
1326 3957 1421 4011 καὶ
1456 3961 1744 4028 ·μερισμδν
1802 3961 2056 4031 ἐπαγάγῃ

475 4052 549 4119 τῇ
592 4049 892 4120 Ἐκκλησία
927 4048 1062 4120 (56),
1101 4050 1464 4120 σεσιγημένον
1512 4051 1694 4118 ἀφῆκε
1734 4052 1795 4103 τὸ
1828 4053 2060 4122 πρᾶγμα

477 4146 578 4195 καὶ
624 4142 760 4204 ὅλως
796 4143 1237 4215 ἀνεπιχείρητον.
1279 4143 1432 4213 Μηδὲ
1461 4143 1569 4213 γάρ
1599 4142 1665 4196 ἂν
1700 4139 1839 4197 εἶναι
1877 4143 2058 4215 ῥᾴδιον

476 4235 713 4306 ἔφησεν,
742 4233 986 4301 ἅπαντας
1016 4237 1073 4287 ὲν
1108 4234 1290 4303 ταυτῷ
1330 4235 1456 4296 τοὺς
1484 4235 1587 4287 ἀνά
1618 4234 1798 4288 πᾶσαν
1831 4235 2059 4305 ἤπειρον

476 4327 576 4377 καὶ
604 4326 768 4394 νῆσον
798 4325 1108 4395 ὁμοφύλους
1158 4325 1480 4396 διαδραμεῖν
1514 4328 1610 4379 καὶ
1655 4331 1838 4380 πεῖσαι
1888 4344 2055 4397 μετα-

480 4417 683 4486 μαθεῖν
717 4421 815 4487 τὴν
846 4418 1169 4489 διόρθωσινο
1207 4417 1529 4489 μερίζεσθαι
1562 4419 1608 4471 δ’
1638 4416 1703 4473 αὖ
1740 4422 1831 4472 καὶ
1865 4420 2059 4483 ἀλλους

475 4510 650 4578 ἀλλην
678 4510 1077 4578 πανηγυρίζειν
1115 4511 1210 4563 καὶ
1240 4510 1436 4580 ἑτέραν
1475 4510 1699 4581 ἑτέρους
1734 4512 1888 4579 ἀγειν
1934 4512 2057 4582 ἑόρ-

411 4643 426 4679 ,
474 4618 617 4664 τιον,
652 4601 814 4655 τοῦτο
836 4602 882 4656 δ’
908 4602 969 4655 οὐ
1012 4602 1219 4673 σφόδρα
1263 4604 1521 4674 χρηστόν.
1568 4604 1719 4657 Ὣστ’
1763 4606 1821 4671 ἐξ
1868 4606 2058 4658 ἑκατέ-

415 4693 431 4764 l
481 4707 596 4760 ρων
659 4690 887 4759 θάτερον
937 4691 1262 4761 κουφότερον
1317 4693 1513 4764 ἐφάνη,
1573 4696 1787 4747 κεῖσθαι
1840 4697 1907 4748 τὰ
1964 4694 2057 4749 τοῦ

411 4752 433 4819 δ
475 4752 813 4852 πράγματος
847 4782 923 4846 ὡς
954 4752 1135 4837 ἔκειτο
1166 4752 1261 4836 καὶ
1306 4752 1511 4854 μένειν,
1540 4788 1617 4849 ὡς
1656 4785 1816 4855 ἔμενε
1865 4790 2059 4859 μέχρις

475 4873 657 4944 ἡμῶν.
691 4873 918 4942 Ἐμοὶδὶ
949 4874 1260 4929 τούναντίον
1285 4874 1487 4945 μᾶλλον
1509 4876 1684 4930 ἐδόκει
1706 4881 2055 4950 κουφότερον.

2160 3692 2331 3738 strata
2366 3683 2665 3754 imperator
2696 3698 2822 3738 cum
2851 3682 3134 3752 voluptate
3181 3681 3437 3753 accepit;
3489 3680 3740 3738 fortassis

2160 3773 2328 3829 etiam
2362 3774 2768 3829 correctionem
2807 3774 2995 3828 statim
3030 3788 3414 3845 aggressurus,
3447 3774 3556 3830 nisi
3591 3773 3740 3830 veri-

2161 3872 2250 3919 tus
2272 3872 2440 3931 esset,
2466 3879 2537 3919 ne
2571 3863 2780 3919 indocti
2820 3864 3086 3936 majorem
3124 3863 3507 3929 confusionem
3550 3864 3738 3922 invehi

2160 3970 2259 4026 per
2306 3971 2427 4011 eam
2488 3954 2889 4013 correctionem
2939 3956 3382 4019 crederent..ac
3443 3957 3739 4015 dissideret

2163 4050 2422 4105 Ecclesia.
2480 4050 2669 4120 Itaque
2725 4066 2841 4105 rem
2897 4049 3119 4105 silentio
3161 4049 3323 4120 373
3370 4052 3642 4120 praeteriit
3681 4061 3740 4107 et

2160 4140 2322 4211 plane
2367 4142 2627 4195 intactam
2673 4140 2912 4209 reliquit.
2945 4140 3177 4211 Negavit
3208 4144 3356 4196 enim
3396 4156 3520 4196 esse
3548 4140 3736 4208 facile,

2162 4234 2448 4286 universos
2479 4232 2643 4286 simul
2678 4233 2926 4287 omnium
2953 4232 3106 4287 orbis
3135 4233 3419 4304 regionum
3446 4239 3502 4287 ct
3529 4233 3741 4288 Insula-

2162 4337 2284 4376 rum
2339 4322 2671 4376 habitatores
2719 4321 2988 4390 percurri,
3038 4332 3093 4375 et
3145 4322 3546 4377 correctionem
3594 4322 3739 4377 hanc

2162 4414 2382 4467 demum
2418 4414 2664 4467 edoceri.
2701 4412 2941 4467 Rursum
2971 4414 3343 4468 dissensiones
3366 4428 3487 4470 esse
3520 4424 3574 4467 et
3600 4413 3740 4469 alios

2162 4505 2271 4559 alio
2298 4504 2385 4559 die
2413 4505 2615 4561 festum
2657 4504 2958 4567 celebrare.
2994 4521 3063 4560 ne
3100 4505 3154 4558 id
3189 4504 3412 4574 quidem
3444 4504 3602 4559 valde
3635 4506 3738 4560 bo-

2163 4616 2293 4654 num
2345 4615 2483 4654 esse.
2537 4597 2748 4666 Quibus
2802 4598 3168 4654 incommodis
3214 4598 3361 4652 inter
3412 4612 3472 4652 se
3520 4598 3737 4652 collatis

2161 4698 2421 4762 praestare
2460 4691 2632 4744 risum
2668 4706 2737 4744 ne
2768 4688 2902 4760 quid
2930 4698 3269 4754 novaretur;
3299 4687 3394 4743 sed
3431 4690 3502 4743 ita
3533 4702 3735 4747 .mane—

2162 4792 2285 4838 rent
2332 4782 2540 4847 omnia,
2596 4791 2656 4835 ut
2699 4782 2765 4837 ad
2811 4797 2914 4838 nos
2963 4780 3364 4852 pervenissent.
3417 4780 3555 4836 Mihi
3605 4794 3737 4835 vero

2160 4875 2503 4932 contrarium
2529 4875 2700 4945 magis
2723 4874 3083 4945 probabatur.
3113 4872 3247 4928 Nam
3275 4888 3467 4928 omnes
3487 4874 3734 4946 ejusdem

416 4974 423 4977 '
475 4963 554 5015 Τὸ
591 4962 701 5033 γάρ
731 4962 859 5027 τοὺς
901 4963 1210 5034 ὁμοφύλους
1256 4962 1508 5028 ἃπαντας
1557 4965 1814 5032 καθάπαξ
1864 4947 2054 5025 πεῖσαι

2163 4967 2375 5037 imperii
2412 4967 2583 5033 cives,
2623 4970 2670 5021 si
2715 4982 2824 5022 non
2854 4981 2969 5021 uno
2996 4975 3052 5020 at
3094 4966 3269 5021 altero
3297 4975 3352 5021 et
3384 4967 3548 5021 tertio
3588 4979 3736 5019 anno

474 5055 548 5124 τῇ
576 5053 865 5123 διορθώσει
895 5054 1206 5122 συνθέσθαι,
1240 5056 1291 5109 εί
1350 5059 1426 5127 μὴ
1483 5057 1669 5128 ῥᾴδιον
1718 5061 1899 5130 χρόνῳ
1946 5062 2050 5131 ἑνὶ,

448 5144 620 5197 ,ἀλλά
650 5145 775 5199 δυσὶ
805 5146 900 5199 καὶ
924 5147 1071 5216 τρισὶ
1120 5146 1304 5218 ῥᾴδιον
1334 5148 1402 5201 ἂν
1427 5143 1495 5218 ἦν
1516 5162 1532 5178 °
1576 5147 1767 5220 ὥσπερ
1801 5151 1907 5204 κάν
1935 5154 2053 5217 τοῖς

477 5241 588 5309 np“:
626 5238 809 5311 ἡμῶν,
842 5238 917 5304 ὡς
950 5239 1186 5311 ἔφημεν,
1228 5238 1397 5294 πάλαι
1431 5238 1694 5304 πολλάκις
1736 5243 2052 5314 γεγένηται.

2159 5059 2322 5115 facile
2369 5059 2567 5114 adduci
2608 5074 2790 5129 posse,
2823 5067 2885 5113 ut
2919 5058 3321 5114 correctionem
3359 5058 3508 5113 illam
3560 5065 3731 5112 ratam

2162 5153 2467 5209 baberent:
2509 5152 2563 5209 id
2592 5153 2742 5224 quod
2782 5160 2841 5209 et
2870 5164 3000 5210 ante
3035 5168 3133 5211 nos
3177 5154 3330 5216 olim,
3364 5164 3425 5209 ut
3468 5154 3732 5220 diximus,

2163 5260 2307 5316 saepe
2353 5244 2556 5301 factum
2608 5253 2714 5300 est.
2764 5245 3040 5302 Ceterum
3089 5246 3161 5302 ob
3212 5261 3308 5302 eas
3351 5260 3567 5311 causas,
3596 5259 3735 5315 quas

1840 5429 2170 5494 Variorum
2202 5440 2390 5525 notae.

581 5599 673 5668 52)
702 5598 875 5668 Abest
905 5598 999 5654 καὶ
1024 5596 1233 5668 ἀμνοῦς
1261 5613 1293 5652 a
1320 5599 1444 5659 cod.
1471 5599 1592 5656 Vat.
1627 5598 1839 5653 Betvm.

580 5664 669 5739 33)
700 5664 812 5722 Ἦν
838 5670 993 5723 addit
1030 5664 1156 5739 cod.
1192 5669 1316 5723 Vat.
1344 5668 1556 5724 Bmvuv.

561 5738 670 5809 (54)
702 5741 879 5793 Συνιδ.
906 5738 1195 5809 ἀπόστολοι
1228 5740 1352 5809 cod.
1386 5740 1503 5794 Vat.
1534 5741 1739 5796 Bonna.
1832 5792 1838 5797 .

563 5807 675 5883 (55)
717 5807 1039 5873 Ἀπεδέξιτο
1071 5808 1197 5861 cod.
1235 5808 1349 5865 Vat.
1385 5810 1596 5865 BOlVlN.

2217 5601 2333 5670 (36)
2363 5600 2529 5656 Addit
2566 5601 2689 5657 cod.
2718 5600 2868 5669 Vah,
2921 5602 2990 5674 ἢν
3047 5601 3214 5674 αὐτὸς
3238 5598 3476 5674 ’πολλοῖς
3519 5592 3723 5674 -ίδρῶσι

2161 5668 2552 5740 συνεστήσατο,
2580 5674 2674 5725 καὶ¹
2698 5668 3177 5741 συντετρίμμένην
3201 5670 3413 5731 ἰάσατο,
3446 5668 3538 5719 καὶ
3572 5681 3729 5719 απω-

2158 5743 2362 5813 σμένην
2391 5743 2779 5806 ἀνεκαλέσατο,
2809 5757 3069 5811 σεσιγημ.
3107 5742 3312 5794 Bomx.
