4016 6580
311 372 402 439 561

552 370 630 444 [λ.
672 386 723 426 c.
767 369 908 427 1232
945 386 1013 425 AD
1057 368 1219 442 1328]
1321 342 1768 438 BYZAl‘iTlN/E
1807 373 1891 434 Ill

1993 363 2194 433 'OthE
2234 371 2376 461 LI‘B.
2420 372 2587 435 VIII.
2701 367 2835 440 [Im
2879 381 3157 425 Asnnoulc-
3190 366 3347 433 smmi
3440 371 3565 435 562‘

378 490 449 545 Γ.
476 489 609 542 τότε
634 489 816 542 τοίνυν
841 487 1153 557 ἀπεστάλην
1177 487 1332 556 κάγὼ
1360 487 1604 558 πρέσϐυς
1637 490 1694 552 ἐς
1718 487 1869 558 Κρά-

2020 485 2141 541 οιιῐ.
2185 487 2363 557 Atque
2411 486 2528 556 ipse
2562 502 2782 557 quoque
2817 493 2948 541 tunc
2976 487 3190 555 legatus
3232 483 3298 539 ad
3336 483 3549 540 Cralem

309 580 406 653 λην
435 582 533 635 σύν
558 598 620 635 τε
651 580 831 645 ἄλλοις
859 580 1055 650 καὶτῷ
1081 579 1298 650 ἀδελφῷ
1322 578 1494 647 αὐτῆς
1524 579 1592 634 δι’
1624 579 1689 643 ἀς
1716 579 1882 649 ἔφθη-

312 690 409 740 μεν
457 673 745 743 εἰρηκότες
786 673 968 735 αἰτίας
1019 671 1155 743 (40).
1221 671 1628 742 Ἐπειράθημεν
1679 671 1735 724 δὲ
1779 671 1881 723 οὐκ

308 766 506 833 όλίγων
538 767 598 818 ἐν
627 769 694 835 τῇ
731 765 834 834 ὁδῷ
859 766 969 818 τῶν
1002 764 1190 818 δεινῶν
1237 758 1376 832 (41),
1427 766 1620 834 φήμης
1658 781 1716 817 τε
1755 765 1886 833 μελ-

308 862 506 923 λούσης
536 861 811 929 Σκυθικῆς
847 859 1037 926 ἐφόδου
1068 859 1461 931 διατρεχούσης
1492 859 1586 917 καὶ
1618 858 1885 930 θορυϐούσ

309 971 408 1022 σης
436 954 539 1020 τὴν
565 952 788 1022 Θρᾴκην
821 953 915 1005 καὶ
949 952 1254 1023 διωκούσης
1295 953 1358 1004 ἐκ
1383 952 1481 1018 τῆς
1508 950 1693 1022 χώρας
1727 952 1782 1013 ἐς
1817 952 1886 1004 τά

307 1046 544 1112 φρούρια
592 1045 716 1105 τοὺς
748 1044 1073 1112 ἀνθρώπους
1107 1046 1201 1098 καὶ
1248 1045 1377 1108 τοὺς
1419 1044 1601 1105 οἴκους
1644 1044 1885 1115 ἐρήμους

305 1138 608 1201 ποιούσης,
668 1136 756 1203 ἐφ’
805 1132 881 1189 ὧν
913 1137 1059 1207 ἡνίκ’
1103 1137 1201 1205 ὀψὲ
1256 1138 1340 1206 είη
1396 1136 1687 1190 καταλύειν
1739 1138 1887 1206 ἡμᾶς

307 1229 476 1295 ἐχρῆν
507 1228 603 1280 καὶ⁵
653 1228 744 1280 τὸν
794 1230 861 1281 ἐκ
898 1228 1001 1294 τῆς
1032 1228 1155 1283 όδοῦ
1207 1229 1406 1298 μόχθον
1462 1228 1887 1297 ἀποτρίϐεσθαι.

306 1321 417 1372 Καὶ
454 1320 525 1373 τά
580 1320 679 1387 μὲν
727 1321 855 1390 ἄχρι
900 1320 1208 1389 Στρυμόνος
1255 1323 1698 1389 συμπεπτωκότα
1755 1324 1887 1390 ἡμῖν

303 1410 399 1464 ἐῶ.
447 1411 659 1465 Ἐκεῖσε
690 1414 794 1480 μὴν
820 1412 1136 1479 γενομένοις
1166 1412 1463 1483 ξυνηνέχθη
1493 1432 1545 1466 τι
1570 1419 1663 1467 καὶ
1692 1414 1889 1483 παθεῖν

302 1502 456 1569 ἡμᾶς
516 1502 679 1555 πλέον
731 1502 904 1572 ἀκοῆς
943 1503 1178 1573 μάλιστα
1228 1482 1451 1558 πάντων
1503 1501 1677 1567 ἀξιον,
1716 1482 1889 1558 ὁπόσὶ

304 1593 488 1663 λύπης
542 1597 640 1647 καὶ
693 1595 931 1661 γέλωτος
985 1595 1143 1665 φέρει
1189 1597 1418 1661 σπονδὰς
1482 1600 1539 1650 ἐν
1594 1597 1886 1667 ἀνθρώπου

300 1683 480 1756 ψυχῇ.
522 1686 775 1757 Ἀΰουλίᾳ
800 1687 909 1757 γάρ
934 1706 1016 1741 τοι
1048 1688 1275 1760 τοιαύτῃ
1304 1690 1695 1760 χρησαμένοις,
1726 1690 1889 1745 ὁποία

188 1842 207 1863 Ι
304 1778 408 1827 καὶ
467 1776 816 1844 Δημοκρίτου
870 1776 1015 1846 μάλα
1063 1796 1148 1832 τοι
1201 1779 1471 1847 γελῶντος
1517 1778 1670 1850 ἐρῴη
1705 1782 1791 1839 ἀν.
1829 1783 1887 1843 ἐς

300 1865 552 1920 τοιοῦτον
581 1868 853 1939 συνηλάθη
887 1870 1130 1925 κίνδυνον
1157 1873 1289 1941 ἡμῖν
1312 1872 1381 1925 τὰ
1411 1873 1677 1942 ἡμέτερα.
1704 1875 1885 1936 ὁποῖος

303 1957 410 2009 καὶ
461 1957 819 2029 Ἡρακλείτου
855 1961 999 2030 μάλα
1034 1962 1097 2031 γέ
1127 1980 1209 2016 τοι
1255 1963 1578 2032 δακρύοντος
1613 1963 1759 2037 ἐρῴη
1797 1964 1885 2020 ἀν.

305 2048 494 2102 Ἵσασι
510 2049 617 2119 γὰρ
635 2050 871 2114 ἅπαντες
898 2053 1083 2116 πεζοῖς
1093 2054 1184 2107 καὶ
1208 2054 1460 2115 ἱππόταις
1481 2054 1734 2124 ἀνδράσιν
1752 2054 1887 2108 ἀπο-

305 2158 408 2211 ρον
426 2141 554 2196 ὅντα
572 2144 855 2213 Στρυμόνα
874 2145 965 2199 τὸν
984 2147 1223 2216 ποταμόν
1246 2147 1350 2200 ’ὅτι
1373 2144 1458 2218 [Ρ.
1477 2143 1603 2216 3'51]
1619 2148 1710 2201 καὶ
1734 2147 1887 2216 μέγι-

306 2249 441 2295 στος
472 2234 737 2302 ἐπεφύκει
774 2236 958 2290 ὀπόσοι
997 2239 1220 2310 Θρᾴκην
1256 2240 1348 2292 καὶ
1381 2240 1726 2293 Μακεδονίαν
1751 2240 1887 2308 τέμ-

304 2343 503 2390 νοντες
552 2326 610 2391 ἐς
658 2345 717 2381 τε
762 2318 1163 2400 Ἑλλήσποντον
1202 2331 1295 2385 καὶ
1342 2330 1565 2398 Αἰγαῖον
1606 2330 1887 2385 ποιοῦνται

301 2418 713 2489 τὰς,ὲκ6ολάς.
761 2419 1018 2475 Τίκτουσι
1059 2421 1168 2492 γὰρ
1212 2422 1377 2476 αὐτὸν
1406 2422 1475 2476 τὰ
1511 2422 1887 2491 ὑπερκείμενα

305 2509 555 2577 μέγιστα
580 2509 705 2582 ὅρη,
752 2510 790 2566 ἀ
832 2514 974 2567 κατά
1002 2514 1065 2567 τὸ
1112 2517 1331 2586 συνεχὲς
1364 2515 1682 2585 παρατείνει
1726 2516 1886 2587 μέχρι

301 2598 405 2651 τοῦ
448 2598 635 2654 Ἰονίου
683 2602 954 2672 πελάγους
988 2606 1055 2659 ἐκ
1094 2606 1187 2660 τοῦ
1239 2608 1432 2660 πόντου
1464 2609 1749 2677 ἀρξάμενα
1794 2608 1886 2662 τοῦ

308 2691 602 2757 Εὐξείνου,
637 2693 891 2764 ὁρίζοντα
925 2697 1025 2765 μέν
1057 2699 1194 2767 πρὸς
1225 2699 1577 2771 μεσημϐρίαν
1611 2702 1889 2771 καὶξνότον

302 2782 405 2835 ἀνε
415 2800 514 2850 μον
542 2783 763 2855 Θρᾴκην
793 2788 887 2839 καὶ
907 2787 1275 2851 Μακεδονίαν.
1299 2789 1437 2859 πρὸς
1466 2790 1511 2843 δ’
1536 2790 1772 2862 ἄρκτους
1793 2794 1889 2857 τάς
1940 2798 1944 2803 ’

300 2891 361 2928 τε
412 2876 622 2929 Μυσῶν
663 2876 970 2965 χώραςκαὶ
1003 2882 1248 2951 ποταμὸν
1286 2883 1379 2935 τὸν
1411 2885 1625 2955 Ἴστρον
1646 2902 1661 2916 ο
1710 2885 1768 2948 ὃς
1798 2889 1891 2939 καὶ

299 2967 476 3030 αὐτὸς
514 2970 772 3037 μέγιστος
806 2970 950 3041 ὣνῆ
1007 2973 1239 3036 πάντες,
1296 2974 1410 3028 ὅσοι
1458 2975 1558 3045 τὴν
1618 2977 1889 3047 Σκυθικὴν

299 3060 524 3125 ἐπίασι,
580 3062 740 3116 πέντε
778 3064 1043 3135 στόμασιν
1088 3068 1146 3130 ἐς
1193 3067 1287 3120 τὸν
1336 3068 1588 3135 Εὔξεινον
1621 3070 1889 3125 ἐκδίδοται

1987 580 2062 635 ivi
2109 597 2235 636 eum
2281 582 2419 637 alios
2464 583 2852 649 comitaturus,
2890 592 3004 638 tum
3034 581 3342 638 Cresarissze
3384 582 3559 653 ipsius

1985 673 2234 738 fratrem,
2285 675 2356 729 ob
2399 689 2494 729 eas
2546 676 2755 730 scilicet
2788 691 2982 731 causas
3004 716 3019 740 ,
3057 691 3196 746 quas
3225 690 3389 744 supra
3417 673 3561 728 dixi-

1985 779 2128 819 mus.
2150 765 2207 819 lu
2237 780 2303 819 eo
2325 773 2508 820 autem
2536 765 2731 821 itinere
2761 782 2870 820 non
2904 781 3104 834 paucas
3131 765 3340 835 experti
3367 780 3561 819 sumus

1985 856 2356 922 diﬂicultates,
2387 873 2509 913 cum
2541 857 2811 930 Scythica:
2842 858 3173 915 incursionis
3202 859 3344 913 fama
3374 857 3561 911 Thra-

1985 949 2125 1004 ciam
2154 958 2549 1019 pervagaretur
2573 964 2636 1004 ac
2669 959 3002 1020 perterreret
3032 958 3087 1006 et
3115 950 3275 1022 375
3304 950 3558 1005 homines

1986 1054 2055 1093 ex
2086 1039 2229 1108 agris
2258 1040 2311 1093 in
2344 1040 2564 1095 castella
2599 1056 2656 1095 se
2690 1042 3021 1112 reciperent,
3056 1042 3293 1097 desertis
3323 1042 3586 1111 aedilium,

1988 1131 2042 1185 in
2085 1132 2285 1201 quibus
2325 1149 2425 1188 nos
2465 1135 2679 1203 vesperi
2722 1134 2988 1191 diversari
3034 1133 3089 1191 et
3135 1150 3366 1204 corpora
3414 1136 3557 1190 fessa

1988 1222 2055 1277 de
2090 1223 2177 1277 via
2212 1238 2462 1279 recreare
2492 1227 2801 1296 oportebat.
2830 1226 2907 1282 Ae
2937 1241 2998 1280 ea
3048 1241 3168 1297 quae
3202 1227 3267 1281 ad
3312 1226 3575 1297 Strymo-5

1988 1331 2112 1369 nem
2145 1331 2316 1385 usque
2345 1317 2508 1372 nobis
2539 1318 2883 1385 acciderunt,
2911 1296 3096 1374 mitto:
3118 1319 3198 1375 Ibi
3225 1296 3417 1373 autem?
3440 1333 3561 1387 gra-

1990 1408 2110 1460 vius
2139 1407 2345 1476 aliquid
2377 1409 2534 1464 nobis
2572 1409 2803 1475 accidit;
2846 1427 3041 1466 eorum
3070 1425 3265 1480 nempe
3289 1409 3559 1471 omnium,

1989 1513 2111 1568 quae
2142 1482 2386 1553 dolorem
2421 1509 2478 1553 et
2514 1500 2685 1555 risum
2727 1500 2781 1556 in
2811 1501 3098 1556 hominum
3130 1500 3330 1579 animis
3360 1515 3559 1556 consoo

1989 1584 2167 1656 ciant,
2216 1594 2449 1649 maxime
2514 1595 2737 1664 dignum
2782 1595 2996 1649 auditu.
3037 1594 3370 1650 Temeritate
3411 1594 3557 1648 enim

1990 1695 2201 1749 nostra,
2229 1701 2351 1755 qua:
2379 1687 2675 1741 Democriti
2710 1687 2956 1757 splenem
2993 1687 3250 1751 postulet.
3282 1686 3334 1739 in
3368 1685 3422 1741 id
3464 1702 3560 1755 pe-

1990 1776 2225 1831 riculum
2287 1778 2627 1843 devenimus,
2681 1796 2790 1849 quo
2842 1780 2923 1834 vel
2989 1778 3251 1833 Heracliti
3304 1778 3557 1847 lacrymm

1987 1869 2402 1924 exhauriantur.
2440 1870 2653 1925 Norunt
2680 1887 2900 1937 omnes,
2933 1869 3281 1942 Strymonem
3332 1868 3557 1923 ﬂuvium

1988 1970 2044 2016 et
2089 1962 2367 2034 peditibus
2395 1972 2449 2017 et
2490 1964 2774 2034 equitibus
2817 1979 2938 2019 esse
2988 1963 3359 2033 impervium:
3400 1978 3562 2034 prop-

1988 2063 2135 2106 terea
2188 2053 2333 2123 quod
2381 2055 2649 2110 maximus
2696 2064 2776 2110 est
2831 2054 3075 2109 omnium
3123 2057 3434 2117 ﬂuviorum,
3468 2058 3560 2124 qui

1988 2144 2362 2199 Macedoniam
2388 2161 2452 2199 ac
2482 2146 2771 2203 Thraciam
2804 2150 3036 2202 mediam
3071 2160 3321 2203 secantes
3354 2151 3407 2203 in
3436 2148 3564 2204 lit-l-

1986 2239 2296 2309 lespontum
2326 2250 2381 2293 et
2403 2238 2643 2311 Aigmum
2673 2256 2821 2296 mare
2847 2252 3182 2297 exonerant.
3200 2228 3388 2296 OFitur
3415 2243 3562 2296 enim

1987 2346 2019 2385 e
2065 2329 2683 2418 superimpepdentibus
2735 2333 2990 2388 maximis
3037 2334 3339 2397 montibus,
3370 2335 3489 2418 _qui
3534 2348 3566 2388 a

1987 2421 2162 2476 Ponto
2196 2410 2406 2477 Euxino
2440 2425 2623 2479 exorsi
2652 2426 3068 2480 continentibus
3103 2427 3251 2497 jngis
3291 2410 3463 2495 usque
3494 2427 3571 2481 ad‘

1992 2512 2203 2567 Ionium
2236 2527 2389 2568 mare
2419 2514 2878 2585 porriguntur,ac
2905 2515 3187 2572 meridiem
3221 2525 3277 2571 et
3307 2519 3564 2569 Austrum

1992 2622 2186 2662 versus
2218 2606 2522 2663 ‘Thraeiam
2558 2619 2615 2664 et
2660 2608 3062 2673 Macedoniam,
3095 2624 3288 2664 versus
3338 2618 3564 2679 septen-

1991 2711 2228 2769 trionem
2257 2711 2534 2783 Mysorum
2566 2721 2743 2769 terras
2790 2723 2846 2767 et
2879 2714 3080 2767 Istrum
3118 2712 3344 2767 ﬂuvium
3380 2714 3570 2767 termi-

1990 2814 2126 2859 nant
2158 2821 2172 2859 :
2206 2804 2299 2874 qui
2333 2813 2389 2858 et
2416 2805 2533 2876 ipse
2560 2806 2834 2859 maximus
2872 2806 3017 2859 inter
3039 2820 3133 2860 eos
3160 2805 3249 2874 qui
3287 2784 3566 2876 Si-ythiam

1992 2894 2277 2963 perﬂuunt
2312 2895 2559 2965 quinque
2593 2896 2753 2950 ostiis
2783 2896 2838 2949 in
2888 2896 3162 2950 Euxinum
3211 2906 3437 2964 pontum
3490 2896 3567 2948 ir-

1994 2987 2222 3057 rumpit.
2264 2986 2423 3041 lluuc
2450 2987 2618 3058 igitur
2659 2988 3035 3059 Strymonem,
3076 2988 3279 3042 talibus
3328 2987 3570 3041 fontibus

1992 3091 2178 3135 ortum
2232 3089 2288 3136 et
2336 3082 2473 3136 adeo
2527 3082 2889 3145 verticosum,
2937 3081 3099 3134 unica
3151 3095 3326 3149 eaque
3369 3080 3567 3149 exigua

303 3154 535 3207 πόντον.
579 3154 778 3210 Τοῦτον
807 3155 899 3211 οὖν
949 3159 1039 3212 τὸν
1088 3160 1374 3231 Στρυμόνα
1408 3165 1471 3215 ἐκ
1501 3166 1759 3218 τοιούτων
1790 3184 1889 3235 πη-

1996 3174 2247 3229 navieula
2282 3173 2607 3243 trajiciendo
2640 3189 2788 3228 nunc
2833 3174 3057 3243 singuli,
3090 3182 3257 3241 atque
3292 3173 3566 3226 interdum

299 3244 428 3313 γῶν
491 3246 783 3318 ἀνίσχοντα
852 3250 948 3303 καὶ
1002 3251 1145 3306 οὕτω
1206 3253 1496 3325 βαθυδίνην
1565 3256 1886 3326 γιγνόμενον

301 3337 527 3407 ἀκατίῳ
558 3338 640 3391 ἑνί
667 3356 775 3393 τινι
808 3341 948 3395 πάνυ
988 3344 1208 3415 σμικρῷ
1238 3345 1722 3417 διαπεραιούμενοι
1764 3348 1888 3402 καθ’

299 3427 410 3482 Eva.
459 3446 563 3482 που
614 3430 646 3500 ἢ
703 3434 796 3485 καὶ
828 3432 1076 3505 σύντρεις
1121 3436 1292 3489 ἐνίοτε
1327 3432 1421 3501 ξύν
1472 3454 1533 3489 τε
1573 3436 1891 3504 ὑποζυγίοις

302 3520 501 3583 αὐτοῖς
556 3520 759 3591 πολλήν
809 3540 930 3578 τινα
990 3524 1087 3594 τὴν
1136 3526 1348 3595 ἡμέραν
1387 3526 1889 3598 κατηναλώκειμεν.

313 3613 382 3667 '0
421 3615 529 3683 γὰρ
555 3615 664 3668 τῶν
695 3616 1004 3685 ὑποζυγίων
1040 3620 1134 3672 καὶ
1157 3620 1315 3690 ἡμῶν
1342 3622 1521 3674 αὐτῶν
1551 3622 1781 3693 ἀριθμὸς
1814 3624 1895 3685 είς

304 3708 368 3759 τὸ
404 3707 691 3762 διπλάσιον
736 3710 769 3777 ἧ
820 3711 942 3764 καθ’
971 3712 1339 3785 ἐπταπλᾲσιον
1391 3713 1589 3767 δεκάδά
1636 3710 1703 3785 ἦν
1731 3716 1898 3784 ἀνηγ‹

311 3799 507 3864 μένος.
542 3798 603 3851 ’0
634 3798 679 3851 δ’
705 3799 856 3870 ἥλιος
887 3801 978 3854 τὸν
1006 3782 1277 3872 ἡμέτερον
1299 3782 1897 3873 παραλλάξας-μεσημ-

310 3887 507 3958 ὁρινδν
542 3888 600 3951 ις
643 3905 702 3941 τε
738 3890 888 3943 δύσιν
925 3892 1020 3943 καὶ
1060 3891 1315 3962 ὁρίζοντα
1363 3892 1452 3945 τὸν
1496 3894 1753 3964 ἑσπέριον
1784 3894 1893 3966 ᾔει.

311 3980 432 4033 Καὶ
460 3980 581 4033 δέον
630 3979 690 4033 ὃν
736 3981 963 4053 σταθμῷ
997 3983 1308 4052 χρήσασθαι
1354 3986 1447 4037 καὶ
1483 3985 1776 4039 καταλύειν
1802 3988 1899 4040 αύ-

310 4072 417 4127 τοῦ
453 4091 578 4134 που,
611 4077 773 4145 ἡμεῖς
824 4076 871 4129 δ’
906 4076 1244 4146 ἁμαρτόντες
1294 4078 1398 4147 ὀδῷ
1445 4078 1527 4132 ἔτι
1582 4080 1894 4151 ἐχρώμεθα,

313 4168 645 4230 ἐλπίσαντες
678 4167 897 4230 πάντως
927 4169 1298 4237 καταγωγίοις
1338 4171 1655 4242 ἀποχρῶσιν
1699 4174 1898 4226 αὐτίκα

316 4261 716 4326 ἐντεύξεσθαι,
765 4264 896 4331 πρὶν
942 4263 976 4332 ἢ
1028 4263 1419 4316 πεντεκαίδεκα
1470 4263 1703 4317 σταδίων
1754 4264 1899 4335 ἔχειν

315 4352 548 4407 ἀνύτειν
590 4355 648 4417 ἐς
682 4355 743 4408 τὸ
774 4356 961 4424 πρόσω
990 4356 1130 4412 ὀδόν.
1164 4352 1273 4409 Ἦν
1296 4356 1352 4409 δὲ
1378 4357 1484 4429 ἄρα
1519 4358 1586 4410 τά
1616 4358 1722 4411 τῶν
1748 4358 1900 4411 ἐλπί-

1995 3265 2164 3326 etiam
2199 3265 2339 3321 terni
2370 3280 2495 3320 eum
2524 3265 2657 3334 ipsis
2679 3265 2967 3336 iumentis,
3010 3280 3261 3334 magnam
3293 3264 3404 3319 diei
3440 3281 3566 3333 par-

2000 3368 2109 3412 tem
2136 3359 2600 3427 consumpsimus.
2638 3356 2896 3411 Nostrum
2931 3359 3080 3412 enim
3109 3368 3165 3411 et
3190 3359 3566 3427 iumentorum

1999 3466 2268 3506 numerus
2316 3450 2400 3504 bis
2445 3448 2791 3520 septuaginta
2848 3448 3172 3504 excedebat.
3224 3448 3289 3503 Et
3327 3450 3437 3517 jam
3487 3451 3577 3504 sol

1999 3544 2165 3615 376
2208 3542 2494 3597 meridiem
2538 3551 2963 3611 praetergressus
3006 3542 3074 3596 ad
3120 3557 3377 3597 occasum
3413 3551 3466 3596 et
3500 3544 3568 3597 ad

1998 3635 2373 3703 vespertinum
2452 3632 2795 3687 horizontem
2851 3633 3130 3703 vergebat.
3185 3633 3437 3701 Cumque
3495 3632 3569 3687 ibi

1999 3724 2300 3778 subsiStere
2333 3734 2389 3776 et
2421 3720 2690 3776 diversari
2728 3722 3089 3789 deberemus,
3148 3725 3287 3778 ultra
3333 3741 3429 3794 per
3472 3723 3574 3777 imo

1998 3814 2352 3883 prudentiam
2383 3812 2754 3882 perreximus,
2787 3823 3093 3882 sperantes,
3129 3830 3229 3870 nos
3260 3824 3572 3883 opportuna

1997 3900 2300 3958 diversoria
2326 3903 2506 3957 statim
2542 3903 2886 3967 inventuros,
2919 3906 3237 3975 priusquam
3266 3907 3569 3961 stadiorum

1998 3992 2313 4065 quindecim
2346 3993 2449 4049 iter
2476 3992 2897 4050 conficeremus.
2926 3994 3030 4049 Sed
3058 4011 3122 4050 ea
3148 4013 3273 4066 spes
3306 3996 3571 4052 frustrata

2000 4100 2101 4139 nos
2134 4094 2235 4139 est.
2268 4083 2403 4138 Nam
2457 4083 2785 4153 praedonum
2834 4087 3180 4143 continentes
3225 4088 3573 4143 incursiones

2000 4175 2180 4231 locum
2210 4175 2360 4229 illum
2392 4175 2556 4245 paulo
2585 4190 2714 4232 ante
2745 4188 2958 4232 vastum
2987 4189 3043 4233 et
3081 4179 3358 4235 desertum
3395 4181 3573 4235 eeler-
3672 4234 3673 4237 η

2002 4267 2139 4320 rime
2171 4266 2490 4321 eﬂ'ecerant.
2523 4266 2760 4322 Proinde
2790 4270 2942 4323 velut
2969 4285 3196 4325 errones
3233 4270 3454 4340 quidam
3485 4284 3576 4324 re-

2002 4359 2104 4412 bus
2139 4356 2343 4411 nostris
2372 4356 2486 4411 Deo
2529 4357 2863 4428 incertaeque
2907 4363 3024 4430 spei
3069 4362 3380 4417 commissis
3411 4376 3574 4430 vaga-

313 4443 427 4497 δων
460 4446 523 4497 ού
562 4446 709 4514 μάλα
747 4447 1002 4517 ἐπιτυχῆ.
1042 4448 1259 4517 Ἐφοδοι
1286 4449 1395 4519 γάρ
1439 4468 1584 4514 τινες
1612 4450 1903 4523 λῃστρικαὶ
1937 4444 1979 4498 D
2007 4450 2221 4504 batnur.
3118 4512 3125 4519 ,

318 4537 578 4607 συνεχείᾳ
609 4540 949 4609 χρησάμεναι
977 4541 1083 4612 πρὸ
1113 4541 1312 4612 μικροῦ
1342 4545 1575 4614 τάχιστα
1610 4545 1700 4597 τὸν
1764 4547 1927 4596 τόπον
1970 4542 2176 4612 ἔρημον
2207 4543 2412 4595 ἐκεῖνον
2442 4544 2536 4597 καὶ
2599 4543 2797 4615 ἀτριϐῆ
2831 4545 3224 4614 πεποιήκεσαν.
3257 4547 3363 4601 Καὶ
3388 4547 3572 4615 μέντοι

317 4630 417 4681 καὶ
456 4631 767 4700 ἐφερόμεθα
796 4632 1047 4704 καθάπερ
1077 4634 1221 4698 τινὲς
1246 4636 1512 4707 πλάνητες
1543 4636 1664 4708 Θεῷ
1700 4655 1757 4690 τε
1794 4639 1885 4690 καὶ
1926 4637 2138 4713 ἀδήλοις
2172 4636 2353 4691 ἐλπίσι
2380 4638 2448 4691 τὰ
2479 4638 2725 4709 ἡμέτερα.
2755 4640 3179 4709 ἀναρτήσαντες.

390 4725 466 4817 an
499 4721 617 4787 Νὺξ
641 4723 686 4817 af
718 4725 810 4778 ἐπὶ
855 4726 1069 4789 τούτοις
1097 4727 1210 4798 (ιε)
1260 4730 1461 4801 παρῆν.
1511 4729 1749 4783 Δύσσετο
1786 4731 1919 4817 γάρ]

317 4814 506 4903 ἠέλιος
563 4815 820 4869 σκιόωντό
868 4834 927 4869 τε
980 4820 1154 4874 πᾶσαι
1208 4822 1419 4888 ἀγυιαί.
1490 4820 1555 4875 Ἥ
1610 4822 1665 4875 δέ
1698 4822 1895 4894 σελήνη

320 4904 498 4975 ἀπῆν.
547 4905 636 4970 Ἐς
668 4908 777 4978 γὰρ
832 4909 1220 4982 τδπερίγειον
1268 4912 1381 4982 (43)
1439 4913 1534 4966 τοῦ
1587 4914 1785 4983 ἑαυτῆς
1838 4916 1899 4967 τὸ

321 4993 584 5068 δεύτερον
614 4996 738 5069 ἄρτι
773 4997 1064 5070 ἐληλυθυῖα
1086 5002 1381 5073 ὲκκέντρου
1409 5003 1503 5056 καὶ
1530 5003 1668 5056 κατὰ
1699 5004 1898 5074 τετρά-

2075 4729 2164 4786 IV.
2208 4730 2416 4787 Deinde
2461 4748 2569 4787 nox
2617 4735 2955 4804 supervenit.
3000 4734 3137 4788 Nam
3188 4736 3268 4789 sul
3297 4736 3574 4791 occiderat

2004 4832 2059 4875 et
2090 4824 2188 4876 viae
2218 4837 2415 4877 omnes
2447 4824 2641 4878 umbra
2688 4825 3136 4881 involvebantur.
3182 4825 3322 4893 Quin
3356 4837 3413 4882 et
3443 4828 3572 4884 luna

2006 4913 2215 4968 aberat.
2276 4914 2434 4969 Modo
2490 4916 2633 4970 enim
2678 4917 2909 4972 alterum
2951 4934 3111 4972 suum
3166 4922 3311 4974 circa
3367 4929 3571 4976 terram

2006 5005 2374 5061 eceentricum
2403 5018 2785 5078 praetergressa
2812 5011 3190 5081 quadratoque
3214 5014 3368 5068 radio
3398 5017 3572 5071 solem

1680 5141 2017 5205 Variorum
2047 5151 2213 5205 notas

372 5265 513 5341 ,μω
546 5262 755 5341 Fuerat
780 5262 1071 5341 _§regoras
1118 5266 1448 5341 Qgesarissaa:
1486 5279 1787 5341 prteceptor
1842 5279 1897 5322 et

328 5334 515 5462 ginis
572 5334 714 5403 ejus.
780 5334 931 5391 Vide
970 5352 1095 5406 cap.
1141 5338 1192 5400 5,
1244 5348 1382 5393 sect.
1419 5334 1499 5401 7,'
1534 5334 1695 5410 hujus
1745 5339 1892 5393 libri.

406 5422 540 5461 tvm.

406 5422 540 5461 IVIN.

398 5478 512 5543 (ιι)
552 5476 755 5543 Exstat,
796 5475 852 5529 in
899 5475 1090 5530 codice
1145 5476 1401 5531 Vaticano
1439 5476 1591 5541 1086,
1649 5478 1741 5530 fol.
1774 5477 1895 5541 Hi,

331 5546 563 5615 epistola
599 5549 664 5603 ad
694 5545 1068 5601 Andronicum
1102 5544 1377 5609 Zaridam,
1410 5547 1463 5600 in
1501 5564 1605 5613 qua
1626 5544 1897 5616 Gregoras

337 5634 456 5682 quae
488 5617 594 5671 sibi
642 5619 697 5672 in
726 5618 810 5669 via
871 5616 1171 5670 acciderint
1224 5626 1431 5670 narrat.
1486 5617 1616 5671 Vide
1658 5616 1895 5671 Iudicem

342 5687 705 5755 Epistolarum
727 5686 980 5755 Gregorae
1020 5686 1177 5739 initio
1228 5684 1393 5754 hujus
1423 5686 1627 5740 volunt.
1675 5686 1895 5741 Initium

338 5770 438 5826 ς-ςι,
469 5753 640 5819 Οἶμαι
676 5757 750 5826 μὴ
784 5753 1150 5826 ἀνεγκλήτους
1178 5753 1454 5826 καθάπαξ.
1483 5756 1561 5810 Ita
1592 5756 1775 5824 accepi
1827 5772 1895 5809 ex

340 5823 383 5876 lt
436 5828 492 5881 ιι.
530 5828 589 5880 Ι).
626 5823 905 5882 Bernardo
938 5824 1374 5881 Montcl‘alconio.
1403 5826 1535 5880 Eant
1575 5823 1744 5895 ipsum
1782 5826 1896 5897 cpi-

1997 5268 2192 5322 stolam
2227 5280 2361 5338 puto
2383 5270 2491 5325 huc
2530 5272 3003 5329 translatamaesse
3044 5277 3112 5329 ab
3164 5284 3415 5340 auctore,
3480 5283 3569 5335 cui

1995 5340 2298 5414 δυσ-ἱρείης
2331 5341 2856 5414 serinia_compilare
2888 5346 3173 5414 pulchrum
3199 5348 3321 5400 fuit.
3357 5347 3568 5403 Bowm.

2075 5409 2187 5482 (όὲ)
2224 5410 2495 5465 Homerus
2528 5409 2711 5482 Odyss.
2753 5414 2819 5480 β’,
2846 5409 2901 5468 νζ
2933 5416 3056 5470 588.
3094 5416 3329 5471 Ducam.

2078 5479 2189 5553 (45)
2214 5479 2961 5553 astronomiefeeruditionis
2979 5486 3360 5553 intempestiva
3386 5497 3572 5542 osten-

2006 5549 2160 5625 tatio.
2224 5547 2481 5625 Sic‘inl'ra
2524 5551 2620 5605 lib.
2653 5568 2747 5625 xu,
2779 5568 2899 5625 cap.
2934 5554 3019 5616 15,
3061 5547 3195 5609 seet.
3234 5556 3288 5616 6,
3350 5556 3428 5607 Τὸ
3458 5559 3568 5625 γὰρ

2004 5617 2286 5692 περίγειον
2312 5621 2373 5692 ἐκ
2404 5624 2778 5692 περιστροφῆς
2803 5617 2897 5676 τοῦ
2930 5626 3133 5677 οίκείου
3176 5617 3564 5692 ἐπαναλαμϐά-

2004 5704 2167 5766 νουσι
2225 5689 2446 5766 κύκλου,
2475 5689 3055 5766 ’καλςίέςῂτετράγωνον
3108 5694 3262 5757 αὖθις
3310 5694 3386 5765 τῷ
3432 5689 3569 5766 ἡλίῳ

2002 5756 2380 5878 ἓὲᾒιρταμένη
2441 5761 2501 5815 τὸ
2552 5754 2823 5829 δεύτετιοί
2864 5754 2967 5833 ἤδη
3013 5754 3419 5835 σχηματξσμὸν,
3452 5754 3562 5823 ὸιοί

2044 5842 2208 5880 οινιΝ.
