3842 6604
343 324 451 391 563
592 319 671 397 [Α.
714 338 770 388 ιι,
805 324 938 385 6791
980 343 1047 383 Αο
1081 328 1246 405 6836]

1524 343 2383 413 ΝΙΟΕΡΗΟΒΙἭΒΕῦΟΒΑΞ
2483 310 2489 315 ’

2696 348 2832 420 lustr.
2871 363 3150 406 ANDBONIC.
3188 359 3323 432 sm]

3448 372 3543 441 ιιι

346 438 573 495 intuens
613 454 807 512 parum
857 457 961 501 nos
993 459 1095 502 suo
1132 445 1345 505 lumine
1361 447 1627 522 iuvabat.
1651 454 1834 523 Quare
1867 455 1923 513 in

2032 475 2228 553 rwvov-
2252 462 2330 533 τῷ
2389 462 2531 535 ἡλίῳ
2583 464 2854 553 γενομένη
2906 471 3283 541 σχηματισμὸν
3321 480 3377 534 οὐ
3423 438 3545 553 μάλξ

344 531 696 591 densissimis
733 535 1011 604 tenebris,
1058 547 1121 597 ut
1169 540 1208 596 ii
1262 540 1356 611 qui
1390 556 1491 613 per
1530 544 1818 603 Taenarum
1853 547 1919 603 ad

345 620 558 678 inferos
587 624 924 680 descendere
964 636 1060 682 aut
1089 627 1432 702 Throphonii
1478 643 1698 692 antrum
1737 636 1924 694 fatidi-

346 730 476 770 cum
523 715 713 772 subire
764 719 1152 790 perhibentur,
1187 723 1628 785 ambulabamus.
1663 728 1800 786 Nam
1854 730 1923 786 ad

344 804 573 861 illunem
602 815 817 864 noctem
843 811 1008 867 etiam
1054 815 1323 872 montium
1369 817 1426 875 in
1451 819 1686 881 circuitu
1717 821 1923 893 posito-

346 910 470 949 rum
525 895 734 953 umbras
789 900 1148 969 accedebant,
1214 921 1452 977 quorum
1514 912 1750 967 vertices
1798 910 1922 967 cmli

349 996 707 1056 conspectum
738 989 813 1045 ita
846 993 1010 1048 nobis
1040 995 1373 1068 eripiebant,
1405 1009 1464 1056 ut
1502 1000 1688 1057 infelix
1721 1002 1827 1059 iter
1857 1018 1925 1059 ne

349 1077 635 1133 stellarum
681 1081 930 1151 quidem,
978 1095 1040 1140 ut
1088 1088 1264 1155 aiunt,
1298 1090 1682 1148 observatione
1732 1108 1926 1164 regere

347 1181 660 1239 possemus.
694 1172 833 1229 Tum
876 1192 1007 1232 vero
1056 1180 1272 1234 animus
1314 1194 1470 1237 meus
1516 1180 1694 1252 l‘rangi
1734 1184 1923 1254 «epit,

352 1276 479 1315 cum
536 1278 623 1317 me
675 1263 888 1333 ingredi
940 1277 1220 1335 oporteret
1267 1269 1481 1340 longam
1538 1286 1602 1326 ac
1644 1272 1922 1328 difﬁcilem

349 1351 519 1406 viam.
556 1350 614 1405 in
648 1352 843 1408 silvam
875 1357 1023 1410 enim
1071 1357 1295 1415 densam
1324 1367 1380 1413 et
1422 1360 1747 1431 inaequalem
1788 1362 1927 1418 inci-

350 1443 556 1505 dimus,
592 1444 930 1503 latebrarum
979 1449 1196 1521 plenam
1228 1459 1285 1505 et
1323 1450 1614 1522 profundis
1643 1456 1925 1526 voragini-

346 1532 454 1586 bus
479 1536 681 1603 passim
708 1538 996 1607 abruptam
1025 1556 1041 1597 :
1074 1541 1129 1596 in
1156 1557 1263 1612 qua
1299 1543 1503 1614 caligas
1526 1554 1582 1599 et
1610 1546 1927 1618 chlamyles

345 1634 567 1679 nostras
593 1628 874 1694 spinarum
923 1630 1201 1687 morsibus
1238 1631 1383 1688 foede
1414 1634 1683 1689 laceratae
1719 1636 1791 1690 ita
1827 1653 1925 1690 ne-

347 1715 714 1784 gligebamus,
748 1730 807 1775 ut
857 1721 1020 1791 377
1064 1738 1189 1777 cum
1222 1729 1432 1780 crebrae
1463 1735 1519 1780 et
1556 1742 1623 1781 ex
1654 1726 1778 1781 aliis
1806 1728 1926 1782 aliae

346 1824 628 1864 ramorum
674 1826 841 1868 comae
887 1814 942 1869 in
974 1815 1159 1870 vultus
1200 1825 1419 1871 nostros
1449 1818 1659 1897 infesta:
1690 1819 1919 1874 invade—
1958 1799 1997 1853 Β

346 1903 688 1967 rent,oculis
721 1905 860 1975 ipsis
888 1916 1287 1975 metueremus;
1320 1909 1658 1981 habenisque
1684 1923 1741 1967 et
1767 1912 1920 1979 loris,

244 2046 259 2058 ,
348 1994 554 2063 quibus
581 2012 756 2067 equos
789 2000 1135 2071 regebamus,
1167 2001 1389 2058 omissis
1414 2019 1675 2059 manuum
1706 2005 1924 2075 objectu

345 2085 545 2143 faciem
586 2096 1030 2159 protegeremus.
1078 2090 1149 2146 At
1178 2093 1231 2147 in
1270 2091 1565 2160 famulitio,
1597 2095 1745 2166 quod
1776 2111 1919 2166 pone

349 2177 708 2245 sequebatur,
732 2179 982 2234 nonnulli
1003 2182 1297 2251 praesentia
1323 2182 1566 2252 pericula
1589 2200 1781 2254 parum
1809 2200 1926 2239 me-

352 2275 574 2324 tuentes
602 2270 1052 2326 vociferabantur
1070 2280 1126 2327 et
1156 2273 1375 2343 tragicis
1404 2274 1658 2331 cantibus
1683 2276 1928 2331 celebra-

350 2359 490 2415 bant
519 2360 711 2417 laudes
742 2371 994 2419 veterum
1028 2366 1281 2431 heroum,
1312 2381 1549 2436 quorum
1592 2366 1792 2423 famam
1839 2382 1929 2422 so-

348 2450 481 2511 lam
514 2453 850 2520 audivimus,
893 2470 984 2512 res
1035 2464 1218 2512 autem
1269 2469 1451 2529 gestas
1506 2474 1616 2514 non
1664 2460 1945 2515 vidimus.-

348 2544 600 2614 Abrupta
654 2554 839 2601 autem
892 2556 949 2603 et
999 2563 1277 2617 concava,
1310 2550 1508 2606 vicinis
1560 2551 1928 2622 undecunque

353 2636 639 2691 montibus
670 2639 983 2709 intcrjecta,
1014 2640 1309 2707 clamorem
1349 2642 1561 2696 editum
1611 2644 1927 2713 intercipie-

354 2728 509 2790 bant,
541 2737 597 2782 et
625 2730 779 2797 quasi
814 2731 1054 2786 animata
1094 2748 1325 2802 corpora
1355 2734 1629 2805 integrum
1657 2744 1712 2790 et
1747 2735 1928 2789 illiba-

352 2808 470 2871 tum
503 2828 556 2872 ct
584 2822 835 2873 articulis
866 2821 983 2877 suis
1012 2821 1335 2876 distinctum
1369 2826 1686 2886 servabant,
1731 2840 1930 2880 accen-

351 2920 549 2980 tusquc
579 2923 633 2963 ut
664 2928 827 2965 voc-vs
858 2915 1086 2969 alternis
1119 2915 1431 2968 rcf‘rebant
1458 2933 1474 2979 ;
1508 2932 1571 2970 ac
1610 2926 1668 2970 ut
1699 2917 1752 2971 iu
1789 2917 1926 2972 cho-

354 3002 466 3055 reis
503 3002 617 3055 licri
660 3004 822 3063 solet.
870 3004 984 3073 ipsa
1036 3008 1202 3065 etiam
1247 3002 1489 3063 vicissim
1538 3010 1927 3076 audiebantur,

2026 549 2398 623 ἀκρονύκτους
2423 552 2557 642 ἡμῖν
2610 552 2862 611 ισούλετο
2893 556 3219 627 χαρίζεσθαι
3247 563 3342 629 τὰς
3381 549 3545 642 ad?“

2027 639 2215 710 Ταύτῃ
2246 658 2330 694 τοι
2364 642 2463 695 καὶ
2489 640 2685 713 ᾔειμεν
2733 643 2824 697 διὰ
2866 645 3183 716 παχυτάτου
3216 650 3308 706 τοῦ
3338 639 3546 730 ακότους,

2027 732 2284 803 καθάπερ
2306 731 2399 796 οὓς
2431 732 2520 787 διὰ
2548 733 2642 788 τοῦ
2673 733 2944 819 Ταινάρου
2964 737 3066 803 τὰς
3095 740 3154 803 ἐς
3179 740 3300 811 ᾅδου
3329 747 3552 819 καθόδους

2028 822 2300 877 ποιεῖσθαί
2325 824 2550 896 φασινῆ
2599 825 2668 879 τά
2722 802 2952 895 ὑπόγεια
3008 802 3312 902 Τροφωνίου

2030 930 2197 984 ματα.
2232 912 2598 983 Προσετίθετο
2650 915 2757 985 γὰρ
2788 919 2855 987 τῇ
2905 917 3153 988 ἀσελήνῳ
3200 920 3376 995 ἐκείνῃ
3420 935 3556 986 νυκτὶ.

2027 1006 2122 1060 καὶ
2149 1008 2182 1076 ἠ
2218 1004 2328 1060 τῶν
2380 1006 2722 1061 κυκλούντων
2772 1008 2952 1079 λόφων
2983 1009 3134 1065 σκιά.
3180 1014 3247 1065 Al
3283 1015 3386 1088 γὰρ
3428 1023 3555 1089 σφῶν

2028 1099 2328 1164 ὑπερϐολαὶ
2359 1101 2512 1172 παρά
2538 1103 2761 1158 τοσοῦτο
2788 1106 2882 1157 καὶ
2906 1104 3138 1176 ούρανοῦ
3167 1106 3264 1176 τὴν
3292 1108 3410 1164 θέαν
3431 1115 3555 1184 ἡμᾶς

2028 1190 2355 1260 ἀφῃροῦντο,
2390 1192 2520 1264 παρ’
2553 1194 2677 1251 ὅσον
2708 1195 2817 1249 οὐδ’
2844 1196 3066 1266 ἄστροις
3106 1196 3169 1249 τὸ
3194 1197 3555 1272 θρυλλούμενον

2026 1284 2424 1353 τεκμαίρεσθαι
2457 1285 2645 1353 σαφῶς
2695 1287 2795 1357 τὴν
2842 1287 3077 1359 δυστυχῆ
3111 1293 3333 1362 πορείαν
3370 1295 3558 1366 είχομεν

2026 1376 2262 1445 ἐκείνην.
2295 1376 2480 1447 Αὐτὰρ
2514 1377 2700 1444 ἔμοιγε
2731 1380 2843 1447 (44)
2876 1381 3218 1451 κατεκλάσθη
3247 1383 3393 1451 φίλον
3413 1372 3561 1458 ἦτορ·

2026 1468 2229 1523 οθνεκά
2261 1487 2352 1538 μοι
2390 1471 2528 1525 ἰέναι
2561 1471 2721 1542 ἐπῄει
2769 1471 2986 1543 δολιχὴν
3041 1472 3160 1526 όδὸν
3190 1475 3451 1546 ἀργαλέην
3491 1497 3561 1549 τε.

2028 1556 2221 1627 Λόχμῃ
2242 1556 2350 1629 γὰρ
2378 1559 2778 1629 ἐντυγχάνομεν
2803 1561 2944 1615 πάνυ
2967 1562 3158 1632 δασείᾳ
3180 1563 3278 1618 καὶ
3305 1565 3563 1636 ἀνωμάλῳ,

2028 1648 2255 1715 συχνοὺς
2292 1647 2412 1701 κατ’
2445 1649 2626 1716 ὀλίγον
2668 1650 2868 1723 ἐχούσῃ
2914 1651 3103 1722 λόχους
3136 1655 3230 1707 καὶ
3271 1655 3562 1724 φάραγγας·

2028 1740 2110 1792 ὅθι
2139 1739 2205 1808 δὴ
2231 1740 2324 1792 καὶ
2348 1742 2404 1803 ἐς
2430 1741 2681 1795 τοσοῦτον
2714 1742 2933 1812 ἀμελῶς
2957 1741 3191 1814 ἔσχομεν
3222 1748 3279 1809 ἐς
3298 1745 3355 1798 τὸ
3379 1748 3568 1816 δαψιλὲς

2025 1831 2512 1903 διαρρηγνυμένων
2548 1834 2657 1888 τῶν
2687 1835 2975 1917 ἡμετέρων
3003 1837 3112 1891 τῶν
3144 1854 3205 1892 τε
3235 1838 3454 1894 πεδίλων
3479 1843 3570 1897 τῶν

2025 1939 2085 1975 τε
2133 1924 2422 1994 χλαμύδων
2475 1928 2601 1988 ταῖς
2652 1926 2763 1980 τῶν
2811 1928 3063 1983 ἀκανθῶν
3110 1928 3413 1996 ἀνθολκαῖς,
3451 1933 3573 1988 ῶστε

2026 2013 2157 2084 περὶ
2184 2012 2292 2067 τῶν
2321 2013 2498 2083 ὄψεων
2526 2014 2706 2070 αὐτῶν
2730 2016 3045 2088 εδεδίειμεν,
3082 2021 3297 2090 συχνοῖς
3326 2023 3416 2075 καί
3439 2022 3576 2077 ἀλλε-

2025 2103 2320 2173 παλλήλοις
2355 2107 2469 2167 τοῖς
2494 2105 2604 2160 τῶν
2636 2107 2952 2180 ἀκροδρύων
2980 2107 3301 2183 βοστρύχοις
3328 2112 3578 2183 χρώμενοι

2026 2198 2311 2266 πολεμίοις
2341 2198 2451 2254 τῶν
2483 2197 2769 2272 ἡμετέρων
2802 2201 3135 2273 προσώπων.
3161 2203 3276 2258 Καὶ
3305 2203 3480 2273 μέντοι
3500 2207 3580 2257 καὶ

2028 2290 2403 2368 ἀμελήσαντες
2437 2293 2602 2365 ἡνιῶν
2618 2294 2714 2347 καὶ
2737 2295 3005 2367 ῥυτήρων,
3023 2290 3107 2360 οἷς
3130 2296 3260 2359 τοὺς
3276 2295 3582 2359 ῖππουςίθύ-

2026 2375 2436 2456 νομενξσκέπην
2454 2385 2784 2459 ἐποιούμεθα
2798 2388 2898 2452 τὰς
2914 2390 3102 2459 χεῖρας
3131 2386 3244 2442 τῶν
3276 2388 3465 2460 ὄψεων.
3486 2391 3583 2459 Τῆς

2030 2474 2112 2549 [Ρ.
2130 2473 2257 2549 252]
2277 2494 2339 2548 γε
2362 2479 2459 2547 μὲν
2486 2479 2755 2550 ἑπομένης
2776 2478 3093 2551 θεραπείας,
3112 2476 3199 2547 οἷς
3222 2481 3343 2535 οὐδὲ
3359 2480 3492 2535 πάνυ
3514 2500 3583 2536 τοι

2027 2569 2136 2623 τῶν
2166 2569 2447 2639 παρόντων
2469 2571 2629 2639 ἔμελε
2659 2572 2859 2643 φόϐων,
2893 2568 3034 2645 ἦσαν
3059 2572 3108 2627 οἳ
3135 2575 3347 2640 φωναῖς
3370 2574 3586 2643 ἐχρῶντο

2030 2664 2124 2717 καὶ
2174 2661 2361 2732 μέλεσι
2394 2667 2679 2737 τραγικοῖς
2700 2680 2715 2698 ⁸
2768 2661 2937 2738 *ῌδον
2976 2666 3022 2720 δ’
3068 2666 3186 2736 ἄρα.
3216 2666 3349 2720 κλέα
3375 2666 3584 2736 ἀνδρῶν,

2028 2747 2103 2810 ὧν
2130 2749 2240 2809 οἷον
2276 2755 2431 2816 κλέος
2474 2757 2768 2826 ἀκούομεν,
2797 2756 2919 2811 ούδέ
2963 2774 3046 2810 τοι
3090 2758 3269 2820 ἴδμεν.
3303 2757 3373 2810 Αἵ
3398 2774 3453 2810 τε
3477 2756 3591 2826 περὶ

2028 2850 2178 2919 ἡμᾶς
2208 2848 2514 2919 φάραγγες,
2567 2854 2662 2903 καὶ
2694 2851 2797 2904 ὅσα
2847 2850 3051 2918 μεταξὺ
3084 2850 3248 2904 κοῖλα
3292 2850 3401 2903 τῶν
3448 2848 3593 2917 πέριξ

2029 2938 2192 3009 ὀρῶν,
2246 2938 2755 3009 περιλαμϐάνουσαι
2808 2939 2907 3010 τὴν
2956 2939 3216 3009 κραυγὴν
3276 2939 3372 2991 καὶ
3421 2936 3592 3006 ὥσπερ

2031 3029 2266 3100 ἔμψυχοι
2307 3047 2453 3094 τινες
2509 3032 2787 3102 ἀκήρατον
2844 3030 3222 3100 φυλάττουσαι
3264 3029 3467 3101 ταύτην
3511 3028 3595 3083 xci.

352 3103 408 3147 et
457 3096 522 3147 ad
570 3098 920 3164 praescriptos
967 3098 1218 3152 modulos
1252 3099 1592 3154 accincbant.
1647 3101 1757 3169 Ego
1794 3118 1926 3155 vero

2244 3124 2338 3176 καὶ
2373 3125 2480 3176 τῶν
2524 3096 2743 3195 ἄρθρων
2796 3096 2997 3191 ὁμοίως
3042 3124 3282 3195 ἔχουσαν
3332 3096 3470 3177 κατὰ
3492 3121 3593 3175 δια-

354 3188 563 3242 interea
588 3191 831 3242 animttm
863 3206 1043 3243 meum
1069 3191 1327 3262 jubebam
1362 3209 1614 3247 recreare
1636 3204 1691 3248 et
1712 3195 1925 3264 erigere

353 3295 434 3337 se.
469 3295 572 3333 nec
606 3282 910 3337 terroribus
938 3284 1174 3337 subinde
1203 3285 1584 3353 ingruentibus
1606 3288 1793 3357 jacere
1831 3304 1929 3358 op-

353 3388 625 3438 pressum.
673 3377 739 3427 At
781 3375 872 3428 illc
909 3392 1016 3430 non
1052 3377 1308 3444 parebat:
1348 3378 1441 3433 sed
1473 3389 1527 3433 et
1568 3381 1711 3433 viam
1746 3380 1926 3435 alieno

356 3470 606 3531 tempore
654 3473 966 3534 susceptam
1005 3482 1175 3536 usque
1226 3470 1562 3537 exprobrare
1592 3472 1733 3525 velle
1774 3472 1927 3525 vide;

354 3548 540 3615 batur,
569 3561 624 3606 et
653 3554 718 3605 ad
753 3555 995 3623 seipsum
1032 3554 1337 3611 identidem
1372 3573 1675 3614 conversus
1701 3560 1927 3614 insidias

355 3653 413 3724 et
462 3645 708 3698 latrones
746 3646 906 3700 tacite
960 3647 1367 3713 ruminabatur,
1418 3665 1482 3704 ac
1519 3652 1669 3706 viros
1701 3652 1929 3719 sangui-
1977 3654 1986 3661 '

356 3752 488 3791 num
525 3738 628 3792 sibi
671 3739 930 3807 tingebat,
960 3740 1052 3809 qui
1090 3756 1156 3794 ex
1183 3741 1423 3796 obscuro
1463 3760 1561 3796 nos
1589 3744 1836 3797 adorturi
1875 3752 1931 3798 et

356 3830 539 3885 oecisu
550 3831 589 3883 ri
623 3840 831 3886 essent.

429 4120 489 4173 V.
542 4122 676 4172 llum
705 4127 889 4174 autem
923 4119 976 4173 in
1011 4119 1096 4174 lllS
1130 4135 1341 4186 sumus,
1365 4120 1550 4175 subito
1576 4120 1679 4175 viri
1703 4121 1928 4191 quidam

355 4226 422 4264 ex
454 4210 564 4263 illis
593 4211 828 4278 rupibus
851 4219 905 4264 et
932 4211 1186 4265 cavernis
1211 4208 1534 4282 exSurgunt,
1556 4211 1726 4281 nigris
1749 4212 1929 4267 induti

357 4303 606 4358 vestibus
638 4320 667 4356 e
715 4304 857 4359 lanis
889 4313 946 4358 et
980 4304 1299 4369 velleribus,
1333 4321 1453 4375 qure
1484 4304 1790 4374 pecudibus
1836 4307 1933 4359 tle-

360 4405 648 4451 traxerant
681 4397 748 4450 iis
782 4396 986 4466 quibus
1021 4413 1159 4467 opus
1206 4397 1422 4463 fuerat,
1454 4398 1725 4452 diabolica
1775 4397 1934 4467 plane

2032 3211 2192 3282 δοχὴν
2215 3208 2327 3265 οἷον
2354 3213 2619 3283 ἀντήχουν
2652 3213 2746 3265 καλ⁹
2773 3214 3135 3282 ἀντεφώνουν,
3170 3212 3367 3283 ῶαπερ
3403 3214 3458 3265 ἐν
3490 3213 3602 3274 ταῖς

2031 3307 2276 3376 χορείαις
2306 3308 2572 3376 ἑπόμεναι
2602 3309 2698 3362 καὶ
2722 3301 2885 3361 αὗται
2918 3309 3010 3361 καὶ
3038 3308 3373 3379 άντᾴδουσαι
3401 3307 3527 3377 πρὸς
3546 3307 3597 3359 τὸ

2031 3398 2125 3452 τοῦ
2166 3398 2363 3468 μέλους
2393 3398 2862 3469 ὲνδόσιμον.Ἐγὼ
2889 3398 2934 3452 δ’
2966 3400 3023 3451 ὲν
3058 3398 3288 3462 τούτοις
3326 3399 3600 3471 ἀναφέρειν

2033 3485 2312 3557 παρῄνουν
2344 3485 2433 3539 τὸν
2478 3487 2739 3556 λογισμὸν
2781 3489 2872 3540 καὶ
2901 3486 2976 3558 μὴ
3006 3491 3233 3558 συχνοῖς
3278 3487 3603 3557 περιαντλεῖ-

2033 3575 2157 3629 σθαι
2176 3578 2296 3657 ’τοῖς
2326 3577 2534 3641 φόόοις.
2573 3577 2632 3630 '0
2667 3578 2715 3631 δ’
2742 3578 2840 3631 οὐκ
2873 3579 3122 3632 ἐπείθετο
3143 3595 3161 3612 ·
3203 3579 3346 3633 ἀλλά
3373 3577 3524 3646 δῆλος
3545 3574 3602 3646 ἦν

2031 3663 2155 3719 οὔτε
2186 3667 2286 3736 τὴν
2324 3668 2444 3720 ὁδὸν
2487 3668 2585 3735 τῆς
2619 3669 2878 3739 ἀκαιρίας
2908 3670 3289 3739 ἀφιστάμενος
3321 3669 3600 3741 λοιδορεῖν*

2033 3757 2195 3820 αύτός
2242 3761 2425 3835 τεῆὲφ⁹
2466 3760 2628 3812 αὑτὸν
2669 3760 2838 3831 συχνὰ
2882 3760 3250 3832 ἀναστρέφων
3291 3760 3481 3832 λόχους
3520 3759 3606 3813 καὶ

2032 3847 2349 3912 λωποδύτας
2381 3850 2672 3905 ὰνεκύκλει
2716 3851 2812 3904 καὶ
2850 3851 3048 3922 ἄνδρας
3099 3851 3385 3921 αἱμάτων,
3428 3853 3607 3920 μήπως

2034 3939 2092 4006 ἐξ
2149 3941 2395 4006 ἀφανοῦς
2457 3942 2801 4007 εἰσπεσόντες
2866 3944 3025 4014 ἔργον
3085 3945 3244 4014 ἡμᾶς
3301 3943 3607 4014 ἀποφήνωσι

2035 4029 2247 4098 ξίφους.
3004 4011 3031 4038 ’

2110 4125 2184 4178 Ε¹.
2230 4122 2437 4176 Ούκοῦν
2467 4122 2582 4175 ἁλλ’
2616 4124 2673 4174 ὲν
2708 4122 2921 4187 τούτοις
2960 4123 3129 4177 ὄντων
3168 4123 3337 4194 ἡμῶν
3369 4121 3609 4189 ἐξαίφνης

2034 4216 2363 4270 ἀνίστανται
2410 4233 2554 4278 τινες
2605 4216 2794 4283 ἄνδρες
2843 4217 2948 4269 τῶν
3009 4218 3194 4270 ἐκεῖσε
3257 4216 3480 4285 πετρῶν
3527 4213 3611 4266 καὶ

2036 4308 2342 4376 φαράγγων
2388 4305 2643 4374 μελαίνας
2676 4306 2908 4376 ἐσθῆτάς
2934 4323 3085 4369 τινας
3114 4306 3528 4377 περικείμενοι,
3560 4302 3614 4356 αῖ

2036 4399 2176 4451 εἰσιν
2210 4397 2267 4460 ἐξ
2301 4396 2465 4464 ἐρίων
2501 4398 2595 4449 καὶ
2623 4398 2860 4462 κωδίων,
2893 4396 3029 4451 ἀττα
3063 4398 3200 4450 ποτὲ
3242 4395 3405 4461 ζώων
3431 4392 3617 4449 ἀπεδύ-

358 4497 598 4558 spectra.
638 4487 745 4542 Sed
785 4488 948 4543 iidem
981 4504 1090 4543 non
1124 4488 1275 4559 gravi
1321 4481 1602 4542 armatura
1655 4487 1927 4553 instrueti,

2041 4507 2201 4541 σκντο
2250 4483 2329 4550 οἷς
2373 4489 2544 4558 δήπου
2579 4489 2632 4556 γ’
2674 4491 2839 4558 ἐχρῆν
2862 4507 2876 4518 ’
2910 4489 3171 4557 ἄντικρυς
3223 4488 3486 4558 δαιμόνια
3520 4485 3616 4553 φά-

355 4580 470 4635 imo
501 4582 726 4634 omnino
775 4581 923 4636 leves
950 4590 1006 4636 et
1053 4580 1293 4650 expediti
1332 4589 1512 4634 erant.
1564 4582 1640 4634 Ac
1681 4580 1930 4649 plerique

355 4690 506 4729 arma
543 4674 607 4728 ad
649 4675 816 4744 378
854 4675 1108 4729 cominus
1132 4673 1484 4743 pugnandum
1522 4683 1641 4740 apta
1670 4673 1722 4724 in
1758 4671 1933 4724 mani-

354 4764 464 4818 bus
514 4764 811 4825 habebant,
841 4779 1040 4834 nempe
1078 4765 1262 4817 hastas
1316 4774 1373 4817 et
1411 4777 1657 4817 secures.
1698 4760 1928 4827 Quidam

357 4864 415 4910 et
445 4857 547 4909 tela
575 4857 803 4911 missilia
829 4856 1138 4927 gestabant.
1161 4855 1238 4910 Ac
1261 4854 1531 4924 principio
1554 4853 1775 4923 quidem
1810 4853 1931 4908 ﬁeri

359 4965 468 5003 non
515 4960 765 5016 poterat,
802 4948 934 5018 quin
991 4948 1150 5003 nobis
1200 4956 1255 5001 et
1302 4946 1629 5015 intempesta
1676 4954 1834 5000 nocte
1878 4955 1934 5001 et

364 5040 565 5105 igua-tis
613 5043 663 5090 in
714 5039 850 5093 locis
887 5050 1155 5093 terrorem
1215 5039 1569 5092 incuterent:
1628 5039 1931 5106 praesertim

366 5150 489 5187 cum
521 5142 707 5189 nostra
731 5133 913 5202 lingua
944 5131 1088 5185 haud
1123 5141 1432 5185 uterentur.
1468 5130 1619 5185 llllIiS
1649 5132 1796 5184 enim
1829 5131 1931 5185 loci

364 5225 832 5295 incolm‘plerique
862 5224 1134 5295 Mysorum
1170 5223 1350 5278 coloni
1380 5231 1531 5286 sunt,
1566 5220 1810 5275 ﬁnitimae
1843 5236 1931 5273 na-

365 5318 553 5382 tionis,
590 5327 647 5371 et
677 5316 957 5371 communi
991 5296 1115 5370 cum
1166 5313 1368 5369 nostris
1397 5312 1756 5383 popularibus
1785 5314 1932 5367 victu

364 5422 619 5465 utuntur.
642 5410 848 5463 Deinde
878 5408 1188 5477 recepimus
1213 5408 1424 5462 animos
1452 5415 1508 5461 et
1532 5406 1598 5460 ad
1633 5421 1733 5459 nos
1762 5405 1933 5459 redii-

370 5519 512 5558 mus.
543 5502 679 5560 Nam
710 5517 806 5557 sua
842 5502 1025 5570 lingua
1059 5516 1171 5556 nos
1190 5501 1422 5556 comiter
1449 5511 1505 5553 ct
1559 5498 1810 5553 hilariter
1843 5513 1932 5553 sa-

2004 4626 2015 4635 .
2040 4596 2248 4648 σματα·
2282 4581 2421 4650 πλὴν
2463 4581 2523 4633 ού
2554 4580 2932 4651 κατάφρακτοί
2968 4598 3111 4645 τινες
3153 4580 3409 4646 ὁπλῖται,
3446 4580 3526 4633 ὅτι
3551 4576 3615 4647 μὴ

2038 4673 2294 4740 καθάπαξ
2353 4673 2560 4744 ψιλοίο¹
2584 4675 2679 4727 καὶ
2735 4673 3028 4744 ἀγχέμαχα
3077 4691 3205 4726 τινα
3257 4673 3473 4742 ὄργανα
3506 4672 3616 4723 ταῖν

2036 4771 2218 4837 χεροῖν
2248 4770 2297 4821 οἱ
2349 4766 2564 4830 πλείους
2613 4766 2851 4839 ἔχοντες,
2882 4767 2980 4820 ὅσα
3009 4768 3068 4820 ἐν
3103 4766 3344 4837 λόγχαις
3390 4765 3497 4819 εἰσὶ
3536 4764 3619 4815 καὶ

2040 4859 2348 4913 πελέκεσιν.
2381 4855 2561 4912 ’Ἡσαν
2594 4859 2639 4910 δ’
2675 4859 2725 4912 οἲ
2769 4858 2863 4912 καὶ
2893 4859 2993 4913 ὅσα
3027 4860 3084 4914 ὲν
3128 4859 3480 4931 τηλεϐὀλοις.
3520 4857 3617 4908 Καὶ

2041 4949 2104 5004 τὸ
2139 4952 2238 5026 μὲον
2278 4951 2782 5021 πρῶτονιὲκπλήξει
2816 4951 2912 5003 καὶ
2964 4950 3069 5004 δέει
3119 4948 3527 5004 καθυπὲὗαλον
3563 4947 3623 4998 τά

2041 5048 2308 5115 ἡμέτερα.
2340 5044 2465 5107 Πῶς
2493 5045 2600 5112 γὰρ
2643 5041 2740 5109 οὓς
2788 5045 2845 5095 ἐν
2879 5042 3065 5106 τόποις
3100 5042 3425 5111 ἀλλοτρίοις
3465 5040 3622 5093 ὄντων

2040 5135 2135 5187 καὶ
2187 5133 2363 5204 ἀωρίᾳ
2412 5132 2585 5201 τοιᾷδε
2640 5128 2739 5184 καὶ
2789 5128 3011 5199 γλώσσῃ
3068 5129 3213 5196 πρὸς
3265 5128 3484 5188 τούτοις
3535 5123 3623 5191 οὐχ

2040 5227 2289 5297 ἡμετέρᾳ
2326 5213 2634 5295 χρώμενοι;
2671 5222 2873 5277 Μυσῶν
2908 5223 3017 5289 γὰρ
3046 5220 3278 5276 ἄποικοι
3306 5218 3420 5273 τῶν
3456 5219 3623 5272 ἐκεῖπε

2046 5300 2478 5384 προσοικούντων
2529 5311 2670 5363 είσὶν
2714 5310 2955 5381 ἀρχῆθεν
3003 5309 3051 5360 οἱ
3094 5307 3329 5370 πλείους
3381 5307 3479 5362 καὶ
3521 5305 3623 5365 τοῖς

2040 5408 2172 5476 ἡμῖν
2202 5404 2495 5473 ὁμοφύλοις
2522 5403 2726 5471 ἀναμὶξ
2747 5402 2845 5469 τὴν
2873 5401 3080 5454 δίαιταν
3111 5399 3370 5469 ἔχοντες.
3405 5400 3626 5451 Ἔπειτα

2039 5499 2381 5568 ἀνεφέρομεν
2430 5496 2524 5551 καὶ
2569 5498 2780 5551 ἑαυτῶν
2814 5493 3138 5566 ἐγιγνόμεθα
3190 5493 3386 5559 αὖθις.
3427 5489 3621 5548 Ἦσπά·

1590 5638 1593 5645 ’
1703 5636 2039 5698 Variorum
2081 5649 2265 5698 noue.

440 5772 554 5841 (44)
598 5768 867 5826 Homerus
892 5768 1073 5855 Odyss.
1108 5771 1155 5836 δ,
1183 5787 1234 5823 v.
1265 5767 1389 5822 481.
1433 5766 1644 5821 ῡι-(ιτικις.
