4088 6642
408 400 527 468 569

703 401 778 474 [Α.
819 418 870 457 c.
914 402 1050 460 1282
1080 421 1144 459 an
1182 402 1346 476 1528}
1417 406 1870 495 BXZANTINKE
1904 404 2289 465 HlSTOHhE
2331 406 2476 466 LIB.
2524 406 2687 464 Vlll.
2765 398 2905 471 [ιιιρο
2952 412 3231 470 mamma.
3273 395 3419 467 SEN-1
3566 398 3669 460 5'0

407 530 651 588 xpovoc'
701 519 839 573 ἀλλὰ
887 522 952 591 δὴ
999 524 1092 576 καὶ⁵
1128 504 1366 588 ξυνιέναι
1422 522 1660 589 ὀξύτατα
1722 522 1820 576 καλ⁴
1871 520 1962 574 νοῦ

2062 522 2407 590 »ρετιίηετει
2455 520 2835 581 aﬂ'erentibus.
2891 522 3169 591 planctum
3210 518 3431 589 quidem
3483 527 3542 574 et
3595 517 3674 573 la-

409 610 693 675 ﬂOéoﬂat,
724 614 779 667 ετ
801 631 885 677 τις
927 617 987 666 ἐν
1034 616 1211 688 καιρῷ
1260 615 1620 685 συμϐουλεύοί
1668 613 1735 667 τὰ
1773 614 1985 682 καίρια,

408 699 570 770 δεινὴ
610 703 832 758 πάντων
867 705 1090 774 μᾶλλον.
1128 706 1236 760 Καὶ
1287 704 1350 775 δὴ
1384 708 1479 759 καὶ
1519 705 1634 759 τόθ’
1659 704 1814 775 ήμῶν
1847 720 1991 772 χρω-

413 793 603 861 μένων
635 796 810 850 ὁπόσα
841 797 1008 867 ἐχρῆν
1055 800 1136 861 είς
1166 797 1520 869 παραμυθίας
1549 798 1725 865 λόγον,
1764 780 1860 850 cui":
1895 795 1993 865 μέν

411 886 827 955 σπαράττεσθαι
856 887 941 963 [Ρ.
969 888 1100 962 235]
1127 892 1221 944 καὶ
1272 889 1530 962 δακρύειν
1578 891 1829 958 ἐπεῖχεν·
1863 889 1894 958 ή
1933 886 1991 940 δέ

405 975 563 1048 ΨυΧῆ
604 979 775 1047 αὐτῆς
807 980 1120 1050 ἀπηνήνατο
1152 982 1240 1035 διὰ
1285 982 1346 1036 τὸ
1385 982 1483 1051 τῆς
1503 983 1788 1053 συμφορᾶς
1819 981 1988 1050 ὑπερ-

408 1068 613 1120 ϐάλλον
646 1071 1103 1142 παρακληθῆναι·
1130 1072 1248 1127 ἀλλ’
1281 1075 1376 1129 ἐπὶ
1394 1074 1496 1143 τῆς
1529 1073 1711 1138 δεξιᾶς
1732 1074 1990 1144 ἐρείσασα

404 1161 514 1228 τὴν
548 1162 792 1229 κεφαλὴν
830 1164 960 1226 ὅλας
984 1166 1224 1233 συνῆγεν
1249 1168 1401 1227 ἐντὸς
1423 1168 1522 1230 τὰς
1540 1166 1822 1235 αἰσθήσεις
1844 1167 1898 1228 ἐς
1921 1167 1988 1218 τὰ

401 1254 509 1319 τῆς
542 1252 784 1317 διανοίας
836 1259 1138 1326 μυστήρια·
1189 1259 1284 1312 καὶ
1336 1261 1510 1329 συχνὰ
1543 1260 1604 1313 τὸ
1642 1258 1863 1312 εἴδωλον
1894 1256 1986 1326 ἐφ’

399 1340 610 1410 ἑαυτῆς
639 1345 1060 1401 ἀναπλάττοντα
1092 1351 1186 1403 τοῦ
1230 1350 1465 1416 συζύγου
1514 1352 1607 1405 καὶ
1642 1352 1743 1413 τὰς
1774 1338 1986 1419 παρού·

401 1447 508 1495 σας
538 1436 706 1503 τύχας
732 1437 1112 1519 ἀνακυκλοῦσα
1140 1440 1236 1510 ὅλη
1269 1441 1378 1495 τῶν
1397 1441 1672 1510 λογισμῶν
1698 1437 1790 1512 ἦν,
1820 1440 1984 1510 στρέ-

397 1540 587 1591 φουσα
614 1526 684 1580 τά
712 1545 771 1580 τε
812 1528 949 1583 ἄλλα
980 1531 1074 1583 καὶ
1125 1533 1296 1594 ὅπως,
1343 1534 1418 1595 ὡς
1451 1535 1646 1593 εἰπεῖν,
1692 1532 1839 1602 ὑπὲρ
1884 1531 1985 1595 τὰς

394 1613 630 1681 κέδρους
664 1617 941 1685 sedeam
992 1621 1083 1673 τοῦ
1122 1622 1359 1676 Λιϐάνου
1395 1625 1489 1677 καὶ
1539 1624 1679 1693 ὑπὲρ
1710 1622 1776 1676 τὰ
1814 1624 1982 1692 κρῖνα

392 1706 691 1775 ἀνθήσασα
746 1710 839 1762 τοῦ
905 1711 1079 1780 ἀγροῦ
1128 1715 1223 1766 καλ⁸
1275 1715 1688 1784 ἐνευτυχήσασα
1744 1713 1823 1782 τῷ
1879 1713 1979 1783 βίῳ

396 1797 608 1866 μᾶλλον
641 1799 896 1881 ἁπασῶν,
932 1804 1091 1858 ὅσσαι
1124 1806 1173 1857 οἱ
1205 1806 1345 1876 ὁμοῦ
1388 1806 1594 1876 τράφεν
1645 1804 1727 1875 ἡδ’
1760 1805 1975 1872 ἐγένον-

2098 628 2317 684 crymas
2342 613 2723 683 compescuit:
2757 613 2977 666 animus
3018 627 3148 666 vero
3185 613 3304 681 ejus
3331 610 3402 665 ob
3445 611 3672 667 calami-

2095 705 2223 760 tatis
2271 704 2703 773 magnitudinem
2742 694 2948 758 nullam
3002 702 3434 757 consolationem
3469 702 3669 780 admit-

2097 797 2269 850 tebat.
2299 786 2404 850 Se’d
2440 796 2621 864 capite
2648 796 2835 849 manui
2868 796 3125 864 imposito
3147 811 3340 849 omnes
3364 809 3563 847 sensus
3598 793 3665 846 ad

2093 887 2260 941 animi
2309 886 2623 957 penetralia
2662 887 2957 941 revocabat
2987 903 3006 949 ;
3035 881 3099 940 ac
3149 886 3330 960 mariti
3368 886 3658 950 imaginem

2092 977 2198 1032 sibi
2232 977 2334 1047 ipsi
2371 978 2607 1033 subinde
2641 977 2904 1046 elllngens
2940 987 2995 1032 et
3032 978 3083 1030 in
3120 976 3363 1030 animum
3401 992 3665 1030 revocans

2091 1087 2156 1126 ac
2205 1072 2444 1127 fortuna
2489 1072 2781 1142 praesentis
2812 1081 3016 1126 statum
3050 1079 3333 1139 reputans,
3367 1079 3477 1123 tnta
3513 1068 3665 1136 cogi-

2092 1164 2397 1218 tationibns
2434 1165 2585 1219 hisce
2616 1164 2992 1233 occupabatur
3022 1170 3079 1215 et
3115 1178 3301 1217 secum
3352 1162 3514 1215 tacite
3549 1170 3662 1214 tum

2087 1255 2191 1309 alia
2220 1259 2495 1321 versabat,
2529 1265 2642 1311 tum
2675 1265 2735 1310 ut
2758 1271 2919 1325 supra
2954 1255 3150 1311 cedros
3177 1253 3371 1307 Libani
3403 1254 3660 1315 exaltata,

2087 1346 2319 1427 et.liliis
2352 1347 2466 1415 agri
2503 1346 2713 1415 pridem
2755 1344 3027 1406 ﬂoridior,
3060 1356 3116 1399 et
3154 1344 3417 1399 felicitate
3469 1358 3664 1395 omnes

2085 1440 2325 1509 aequales
2355 1455 2483 1494 suas
2513 1449 2922 1509 prmtergressa,
2953 1438 3135 1494 subito
3186 1437 3518 1491 concidissct
3566 1434 3665 1497 ilo-

2086 1547 2532 1601 remque,snum
2585 1529 2978 1586 miserabiliter
3007 1531 3158 1598 carpi
3208 1540 3265 1583 et
3322 1542 3663 1582 marcescere

2078 1621 2320 1676 videret.
2377 1619 2459 1676 0b
2506 1621 2623 1677 haec
2674 1620 2843 1691 igitur
2891 1635 3013 1675 cum
3065 1619 3356 1685 profundis
3402 1618 3660 1691 suspiriis

2083 1702 2354 1779 gemebat,
2378 1712 2530 1766 velut
2554 1727 2585 1765 e
2618 1724 2815 1781 magno
2839 1711 3059 1766 camino
3080 1712 3398 1765 acerbitatis
3424 1712 3657 1765 internze

2084 1804 2263 1876 fumus
2295 1803 2551 1857 evolvens
2582 1801 2860 1856 ferventes
2887 1810 2943 1855 et
2989 1800 3298 1854 ﬂammeos.
3331 1801 3574 1855 Tandem
3600 1809 3656 1854 et

388 1903 461 1940 το
487 1888 623 1958 (49),
663 1873 765 1942 εἶτ’
809 1892 1063 1964 ἀπερρύη
1110 1873 1253 1964 ταχὺν
1283 1894 1378 1947 καὶ
1415 1873 1478 1948 τὸ
1513 1873 1682 1957 ἄνθος
1730 1894 1962 1955 ἐλεεινῶς

2086 1873 2277 1949 nostro
2301 1901 2577 1947 conventu
2610 1892 2755 1947 inter
2782 1892 2901 1948 haec
2934 1891 3205 1946 dissoluto
3234 1907 3394 1947 suum
3416 1892 3657 1962 quisque

389 1977 505 2032 εἶδε
548 1985 864 2053 κειρόμενον
906 1987 1105 2054 ἑαυτῆς
1152 1988 1250 2040 καὶ
1296 1987 1493 2057 κομιδῆ
1545 1987 1968 2057 μαραινόμενον.

2081 1984 2459 2040 diversorium
2481 1983 2662 2054 petiit.
2738 2024 2752 2040 .

390 2070 561 2125 Ταῦτ’
585 2074 696 2139 ἄρα
727 2079 820 2129 καὶ
859 2078 1041 2147 βύθιον
1088 2078 1368 2144 ἐστέναξε,
1397 2076 1651 2148 καθάπερ
1716 2079 1782 2132 ἐκ
1863 2076 2109 2148 μεγάλης
2169 2075 2405 2145 καμίνου
2479 2073 2580 2143 τῆς
2633 2073 2783 2129 ἔνδον
2831 2071 3063 2145 πικρίας
3112 2074 3356 2136 καπνοὺς
3388 2072 3656 2143 ἀναπέμ-

384 2176 575 2216 πουσα
614 2166 834 2229 ζέοντας
873 2170 969 2222 καὶ
999 2170 1316 2237 φλογώδεις.
1351 2170 1425 2224 Τὸ
1465 2171 1510 2223 δ’
1542 2170 1636 2224 οὖν
1694 2169 2005 2223 τελευταῖον
2038 2169 2097 2222 ἐν
2159 2168 2370 2231 τούτοις
2411 2168 2506 2221 καὶ
2544 2170 2571 2222 ὁ
2603 2167 2872 2239 ἡμέτερος
2925 2166 3201 2220 διελέλυτο
3248 2164 3501 2234 σύλλογος
3554 2167 3650 2218 καὶ

389 2258 483 2326 ἐφ’
519 2253 584 2313 οὗ
621 2263 885 2317 κατέλυεν
916 2265 1149 2330 ἐκαστος
1180 2266 1627 2336 ἀπηλλάττομεν.

462 2380 548 2435 H'.
601 2379 836 2452 Ἡμέραι
867 2385 1069 2452 μεταξὺ
1098 2387 1492 2458 παρερῤύησαν
1521 2388 1651 2441 δέκα
1682 2389 1776 2441 καὶ
1814 2388 1967 2440 ἐπει.-

384 2470 569 2541 δήπερ
608 2474 834 2541 ἔγγιστα
869 2477 1159 2549 διατρίϐων
1197 2476 1266 2551 ῆν
1306 2483 1333 2534 ό
1375 2482 1485 2533 τῶν
1519 2481 1838 2552 Τριϐαλλῶν
1867 2481 1966 2551 ἄρ-

386 2577 524 2629 χων,
563 2564 732 2618 τᾶλλα
780 2567 882 2636 τῆς
931 2570 1231 2639 πρεσϐείας
1275 2572 1638 2642 τετελεσμένα
1685 2575 1965 2643 παραδοὺς

384 2653 500 2704 τῶν
528 2656 811 2735 πρέσϐειον
849 2662 931 2712 ἐνὶ
976 2662 1067 2714 καὶ
1113 2663 1332 2718 ἀπιέναι
1367 2663 1627 2727 κελεύσας
1652 2662 1810 2737 θῆκεν
1845 2666 1962 2734 ἅμα

380 2749 613 2810 γυναικὶ
642 2752 1180 2823 παραμυθησόμενος
1209 2756 1311 2826 τὴν
1342 2757 1506 2819 αὐτὸς
1544 2757 1739 2809 ἐαυτοῦ
1769 2758 1962 2809 πενθε-

382 2837 489 2903 ρὰν
540 2841 634 2891 καὶ
688 2842 748 2894 τὸ
799 2844 985 2897 λεῖπον
1037 2849 1102 2917 τῇ
1158 2849 1425 2920 πρεσϐείᾳ
1482 2850 1955 2920 προσαποδώσων.

377 2930 549 2983 Τουτὶ
579 2933 635 2984 δὲ
673 2930 761 3003 ῆν,
792 2937 1118 3007 προπέμψαι
1151 2939 1244 3003 ξύν
1272 2956 1337 3008 γε
1362 2942 1553 3011 κόσμῳ
1580 2944 1672 2994 καί
1694 2943 1791 3009 ὅση
1823 2942 1957 3012 ἀνή-

377 3038 556 3074 κουσα
583 3023 668 3094 εἴη
709 3026 892 3089 αἰδὼς,
917 3028 1078 3082 τοῦτο
1104 3031 1205 3099 μὲν
1235 3032 1330 3084 καὶ⁸
1359 3031 1433 3096 ὡς
1461 3034 1633 3101 αὐτῆς
1664 3032 1954 3104 κηδεστὴς,

373 3113 541 3167 τοῦτο
569 3115 627 3168 δέ
658 3119 747 3169 καὶ
776 3117 852 3183 ὡς
887 3120 1125 3188 μεγάλου
1153 3121 1414 3192 βασιλέως
1443 3126 1662 3195 νύμφην
1697 3124 1832 3197 (50),
1861 3126 1955 3178 καὶ

373 3208 569 3274 τρίτον
602 3207 676 3271 ὡς
711 3212 839 3279 περὶ
869 3213 937 3263 τὰ
971 3191 1161 3281 καίρια
1187 3191 1593 3284 δυστυχοῦσαν·
1619 3191 1661 3271 γᾶ
1685 3191 1842 3272 πάν-τ’
1895 3219 1953 3271 ἐν
1979 3191 2023 3247 c

377 3292 585 3365 βραχεῖ
608 3299 987 3369 διεπεπράχει,
1019 3302 1093 3363 ὡς
1131 3303 1229 3371 μὲν
1260 3306 1454 3375 ἐκείνῳ
1498 3307 1696 3371 ἐδόκει,
1727 3308 1910 3369 καλῶς
1933 3325 1951 3341 ·

374 3392 444 3456 τῇ
473 3387 518 3439 δ’
537 3388 763 3473 αληθεία
792 3392 972 3463 πολλῴ
1001 3394 1094 3446 τοῦ
1126 3395 1336 3473 δέοντος
1354 3397 1571 3460 ἐνδεῶς.
1602 3399 1746 3452 Ἀλλ’
1775 3401 1826 3452 οἱ
1859 3400 1952 3454 πί-

378 3468 565 3549 θηκοδ,
602 3486 754 3552 φησὶ,
788 3485 1168 3554 πιθηκίζοντες
1199 3469 1372 3544 καὶόί
1407 3491 1698 3561 μύρμηκες
1729 3510 1952 3565 μυρμη-

376 3573 627 3638 κίζοντες
651 3576 719 3629 τὰ
743 3578 894 3669 σφῷν
922 3581 1168 3634 ποιοῦσιν
1200 3584 1381 3640 αὐτῶν
1403 3600 1417 3615 ⁸
1451 3588 1500 3638 εί
1529 3586 1586 3640 δὲ
1617 3588 1692 3657 μὴ
1741 3589 1839 3641 καὶ
1884 3588 1953 3641 τὰ

376 3669 559 3720 ἀετῶν
587 3671 681 3722 καὶ
711 3670 812 3722 ὅσα
842 3673 1057 3726 λέουσιν
1091 3675 1254 3745 ἔθιμα
1286 3677 1562 3740 δύνανται,
1599 3679 1673 3750 μὴ
1717 3682 1779 3732 οὐ
1815 3681 1951 3750 πρὸς

377 3760 563 3811 αὐτῶν
594 3763 660 3813 ἂν
693 3762 914 3834 ὑπάρχῃ
944 3768 1092 3818 τουτὶ
1140 3768 1437 3840 φαυλότητι
1466 3772 1680 3840 φύσεως
1714 3774 1951 3844 ἀρχῆθεν

378 3853 879 3925 συντεθραμμένων
911 3860 1005 3911 καὶ
1048 3860 1290 3932 ἀπουσίᾳ
1321 3863 1416 3916 τοῦ
1450 3861 1511 3918 εὖ
1541 3883 1599 3919 τε
1631 3868 1723 3918 καὶ
1756 3883 1952 3934 τεταγ-

378 3945 560 4013 μένως
589 3949 967 4017 ήνιοχήσοντος
987 3953 1273 4022 λογισμοῦ.
1305 3951 1382 4008 Ἦ
1409 3958 1570 4024 σοφὸς
1602 3954 1670 4029 ἦν
1692 3958 1781 4029 ἄρ’
1810 3962 1951 4013 ἐκεῖ·

373 4053 489 4125 νος,
523 4036 581 4098 ὃς
610 4040 822 4106 πρῶτον
848 4045 905 4095 ἐν
931 4043 1137 4125 γνώμῃ.
1159 4046 1265 4099 τόδ’
1299 4048 1569 4103 ἐϐάστασε
1606 4054 1701 4105 καὶ
1727 4054 1946 4125 γλώσσῂ

371 4124 871 4196 διεμυθολόγησεν,
924 4133 1036 4186 εἴτε
1086 4123 1267 4206 Θαλῆς
1313 4140 1341 4189 ό
1390 4139 1657 4208 Μιλήσιος
1690 4139 1795 4214 ἦν,
1835 4123 1947 4198 εἴτε

375 4218 605 4270 Πλάτων
633 4220 662 4272 6
699 4221 1039 4302 'Aplat'wvog,
1071 4228 1183 4279 εἴτε
1208 4230 1300 4281 καὶ
1324 4230 1510 4301 ἄμφω.
1543 4236 1695 4304 παρὰ
1719 4236 1947 4306 θατέρου

372 4310 572 4379 ἅτερος
602 4313 976 4383 ἐκδεξάμενος,
1013 4319 1072 4370 τό
1107 4320 1159 4388 γ’
1191 4322 1383 4376 ἑαυτὸν
1425 4327 1754 4398 μακαρίζειν
1787 4331 1947 4383 ἐκθύ-

375 4420 518 4471 μως,
573 4404 654 4455 ὅτι
707 4408 780 4474 μὴ
819 4407 1098 4481 βάρϐαρος
1125 4451 1140 4475 ,
1188 4414 1306 4466 ἀλλ’
1353 4417 1553 4489 Ἕλλην
1598 4422 1893 4490 γεγένηται
1928 4463 1942 4476 .

2135 2397 2274 2453 Vlll.
2314 2395 2520 2451 Diebus
2550 2394 2768 2449 interim
2801 2392 2989 2449 decem
3032 2392 3237 2457 elapsis
3276 2391 3645 2446 Triballorum

2064 2493 2342 2563 princeps.
2362 2490 2451 2558 qui
2477 2490 2530 2543 in
2545 2487 2792 2556 proximo
2811 2486 3285 2546 versabatur.cum
3305 2492 3500 2539 caatera
3521 2477 3653 2552 per?

2044 2580 2288 2653 'cgisset,
2317 2581 2385 2635 de
2408 2581 2609 2651 quibus
2645 2579 2833 2634 eadem
2867 2578 3135 2649 legatione
3165 2575 3414 2646 proximo
3449 2574 3644 2643 ageba-

2065 2687 2177 2737 tur,
2193 2689 2456 2743 responso
2479 2673 2568 2726 uni
2591 2688 2620 2727 e
2645 2673 2834 2741 legatis
2850 2670 2976 2725 dato
2995 2685 3171 2739 eoque
3187 2669 3337 2724 abire
3347 2669 3520 2739 jussu,
3534 2683 3643 2721 una

2064 2783 2187 2821 cum
2212 2783 2378 2821 uxore
2399 2765 2465 2821 ad
2484 2781 2702 2820 socrum
2722 2761 3107 2819 consolandam
3125 2762 3365 2816 advenit.
3386 2759 3644 2831 legationi

2054 2860 2232 2930 quoad
2270 2859 2481 2922 reliqua
2523 2858 2925 2914 satisfacturos.
2951 2856 3007 2910 Id
3040 2870 3172 2910 vero
3206 2864 3343 2921 erat,
3375 2864 3438 2920 ut
3460 2854 3612 2909 Caesa
3628 2883 3654 2927 ο,

2055 2953 2246 3007 rissam
2279 2950 2582 3006 honoriﬁce
2630 2949 2923 3020 debitaque
2957 2964 3081 3002 cum
3126 2947 3453 3011 reverentia,
3503 2929 3627 3016 par-

2054 3044 2153 3098 tim
2219 3053 2279 3097 ut
2338 3059 2555 3099 socrum
2598 3057 2777 3106 suam,
2841 3042 3038 3110 partim
3101 3049 3161 3095 ut
3223 3041 3402 3110 magni
3467 3039 3641 3107 impe-

2054 3136 2254 3191 ratoris
2284 3152 2505 3203 nurum,
2541 3136 2780 3206 denique
2827 3146 2887 3189 ut
2934 3135 3132 3205 insigni
3161 3134 3467 3189 calamitate
3497 3132 3632 3189 ειπε-

2056 3238 2196 3281 ctam
2224 3227 2599 3282 comitaretur.
2629 3225 2760 3289 Quae
2790 3226 2972 3279 omnia
2997 3225 3192 3294 exiguo
3228 3232 3471 3292 tempore
3502 3240 3640 3277 con-

2059 3317 2219 3380 fecit;
2252 3326 2310 3371 ut
2358 3317 2472 3387 ipse
2519 3317 2682 3388 383
2724 3317 2972 3387 putabat,
3007 3316 3266 3387 pulchre;
3314 3315 3408 3369 sed
3443 3331 3632 3369 revera

2058 3409 2286 3462 multum
2351 3408 2494 3462 infra
2554 3409 2899 3479 dignitatem.
2956 3408 3178 3471 Verum,
3226 3416 3288 3461 ut
3345 3406 3639 3476 proverbio

2055 3500 2278 3563 dicitur,
2308 3500 2482 3554 simiae
2502 3499 2810 3564 simiarum,
2839 3498 3084 3554 formica:
3109 3499 3460 3553 formicarum
3485 3513 3637 3552 more

2053 3607 2183 3647 suas
2227 3608 2318 3646 res
2365 3591 2774 3647 administrant.
2811 3589 2965 3657 Quod
3018 3591 3063 3645 si
3097 3589 3405 3659 aquilarum
3437 3598 3494 3642 et
3527 3589 3640 3642 leo-

2052 3696 2184 3735 num
2234 3683 2343 3737 ritu
2390 3682 2538 3737 haud
2582 3690 2833 3752 possunt,
2867 3682 2918 3735 id
2964 3681 3017 3735 in
3052 3696 3238 3735 earum
3273 3688 3539 3749 potestate
3569 3679 3641 3734 si-

2055 3782 2166 3827 tum
2204 3788 2312 3827 non
2343 3783 2446 3837 est,
2474 3790 2597 3843 quae.
2631 3783 2881 3828 naturam
2914 3774 3181 3840 abjectam
3205 3772 3274 3827 ab
3310 3772 3467 3826 initio
3514 3788 3637 3825 sor-

2054 3865 2165 3918 titae
2191 3876 2247 3918 et
2279 3865 2502 3933 ingenio
2544 3864 2684 3918 bene
2711 3880 2777 3919 ac
2813 3864 2916 3917 rite
2949 3879 3041 3918 eas
3087 3865 3439 3916 moderaturo
3469 3861 3640 3915 desti-

2053 3965 2180 4012 tutae
2205 3956 2585 4010 adoleverunt.
2614 3954 2793 4022 Quare
2827 3956 3047 4025 sapiens
3089 3955 3179 4008 ille
3213 3953 3335 4017 fuit,
3383 3954 3475 4022 qni
3519 3952 3633 4022 pri-

2050 4064 2173 4103 mus
2226 4050 2407 4102 animo
2455 4048 2709 4117 concepit
2740 4055 2796 4101 et
2837 4047 3020 4117 lingua
3071 4045 3367 4115 expressit,
3418 4044 3533 4098 sive
3588 4045 3635 4098 is

2048 4140 2091 4195 Τ
2099 4141 2248 4197 hales
2292 4139 2533 4194 Milesius
2581 4139 2768 4201 fuerit,
2808 4138 2923 4193 sive
2960 4140 3132 4203 Plato,
3165 4137 3436 4192 Aristonis
3467 4138 3630 4204 filius,

2047 4251 2144 4290 seu
2191 4233 2376 4303 potius
2406 4243 2661 4302 uterque,
2696 4234 2770 4286 ita
2805 4242 2866 4286 ut
2904 4232 3043 4286 alter
3085 4232 3154 4285 ab
3193 4231 3367 4285 altero
3406 4245 3633 4300 accepe-

2047 4327 2121 4380 rit
2147 4343 2160 4379 :
2195 4327 2420 4380 Beatum
2446 4340 2567 4379 esse
2594 4339 2737 4387 sese,
2773 4324 2864 4393 qui
2895 4340 3004 4377 non
3035 4323 3329 4386 Barbarus,
3361 4322 3455 4377 sed
3477 4322 3627 4377 Grae-

2047 4434 2146 4472 cus
2172 4427 2332 4472 natus
2364 4426 2533 4471 esset.
2569 4417 2705 4471 Nam
2746 4428 2801 4471 et
2847 4418 2980 4469 milii
3027 4416 3234 4485 aliquid
3280 4417 3422 4470 haud
3454 4417 3624 4470 dissi-

385 4493 519 4546 Ἰδοὺ
546 4496 651 4563 γὰρ
682 4500 913 4563 ἐκείνοις
945 4503 1240 4575 ὁμόστοιχα
1289 4505 1470 4575 λέγειν
1501 4510 1659 4582 ἐπῄει
1686 4514 1831 4581 κάμὲ
1861 4516 1945 4583 βέ-

2062 4510 2319 4579 milejpsa
2352 4509 2696 4578 experientia
2725 4509 2924 4563 edocto
2958 4508 3013 4562 in
3052 4520 3294 4563 mentem
3317 4510 3488 4563 venit.
3517 4508 3622 4562 Sed
3668 4562 3671 4565 .

371 4586 529 4637 ϐαιον
554 4587 646 4639 τὸν
676 4590 799 4641 νοῦν
832 4592 894 4643 ἐκ
923 4593 1023 4663 τῆς
1053 4597 1250 4664 πείρας
1274 4597 1642 4669 ξυνειλοχότα.
1692 4603 1829 4657 Ἀλλ’
1859 4605 1946 4657 ἵνα.

370 4679 449 4748 μὴ
466 4679 853 4751 διατρίϐωμεν,
874 4685 1157 4741 ἐπανιτέον
1178 4691 1307 4759 ἡμῖν
1329 4692 1507 4744 ἐκεῖσε
1527 4692 1697 4748 ἐστιν.
1729 4696 1945 4767 Ἐπειδὴ

294 4789 319 4801 ο
364 4773 483 4838 γὰρ
531 4773 793 4835 ἐπανόδου
844 4773 997 4847 ἦμεν
1044 4783 1311 4850 ἡμμένοι,
1363 4787 1578 4856 ἡμέρας
1629 4788 1945 4859 διηνυκότες

366 4864 497 4955 ὁδὸν
514 4862 629 4917 εἶτα
656 4869 1129 4942 ἀπαλλαττόμεθα.
1148 4877 1224 4947 Τῇ
1261 4878 1358 4947 μὲν
1381 4881 1488 4951 γὰρ
1508 4884 1572 4951 τῇ
1595 4883 1942 4955 Καισαρίσσῃ

374 4954 563 5024 σφόδρ’
594 4960 890 5027 ἀναγκαίου
917 4959 984 5034 ἦν
1014 4965 1111 5035 τὴι
1141 4970 1196 5030 ἐς
1225 4970 1631 5039 Θεσσαλονίκην
1664 4975 1799 5044 όμοῦ
1829 4954 1943 5038 τοῖς

369 5044 555 5109 ἄλλοις
581 5048 733 5114 ζένιι,
767 5052 842 5114 ὠς
872 5054 941 5106 ἂν
985 5056 1083 5119 τὰς
1117 5059 1430 5122 τελευταίας
1476 5066 1810 5126 ἐπιτελέσειε
1844 5069 1938 5121 τοῦ

365 5139 559 5210 ἀνδρὸς
606 5142 844 5206 ἐντολάς.
893 5148 1088 5216 Φθά·.ει
1138 5152 1245 5222 γὰρ
1287 5156 1493 5219 ἐκεῖνος
1542 5157 1629 5211 ἐπ’
1682 5159 1940 5229 ἐσχάταις

363 5231 461 5284 τοῦ
488 5233 605 5301 βίου
660 5240 852 5301 πνοαῖς
882 5241 1261 5311 ἐπισκήπτων,
1300 5246 1450 5308 ἐντός
1503 5264 1606 5300 που
1646 5250 1743 5319 τῆς
1786 5253 1939 5319 εἰρη-

364 5324 537 5393 μένης
574 5328 1044 5400 μετακομισθῆναι
1079 5335 1128 5386 οἱ
1168 5336 1374 5398 πόλεως
1406 5341 1497 5391 τὶν
1543 5340 1759 5410 νεκρόν.
1806 5343 1937 5412 Ἐμέ

360 5414 409 5467 δ’
442 5416 581 5487 αὑτὴ
612 5418 721 5471 τῶν
761 5422 902 5473 κατὰ
935 5424 1191 5497 βούλησιν
1219 5429 1317 5481 ὅσα
1346 5431 1395 5481 οἱ
1441 5432 1576 5502 πρὸς
1630 5433 1939 5505 βουλήσεως

2047 4618 2115 4656 ne
2149 4603 2373 4671 longum
2409 4600 2693 4667 faciamus,
2740 4600 2870 4653 illuc
2919 4599 3081 4654 nobis
3128 4600 3470 4673 redeundum
3521 4608 3624 4652 est.

2041 4693 2177 4749 Cum
2232 4694 2381 4747 enim
2435 4693 2660 4747 domum
2717 4692 2901 4747 redire
2950 4692 3407 4753 instituissemus,
3460 4690 3625 4745 unius

2042 4785 2148 4838 diei
2188 4786 2292 4839 iter
2324 4787 2600 4855 progressi
2647 4785 3025 4841 discessimus.
3071 4783 3422 4839 Caesarissau:
3474 4774 3622 4837 enini

2045 4879 2272 4947 urgebat
2305 4878 2603 4933 necessitas
2634 4894 2740 4931 una
2780 4893 2902 4931 cum
2935 4878 3150 4932 c-eteris
3179 4858 3348 4931 eundi
3386 4877 3624 4931 Thessa-

2040 4968 2320 5036 lonicam,
2401 4979 2460 5024 ut
2518 4978 2764 5024 extrema
2835 4969 3083 5040 conjugis
3147 4968 3399 5022 mandata
3467 4984 3626 5024 exse-

2039 5069 2322 5128 queretur.
2375 5060 2435 5115 ln
2488 5070 2736 5117 extremo
2785 5063 2934 5117 enim
2998 5063 3089 5117 ille
3145 5062 3344 5132 spiritu
3395 5063 3624 5117 manda-

2041 5161 2161 5216 rat,
2234 5159 2293 5204 ut
2341 5168 2500 5206 suum
2542 5146 2773 5209 cadaver
2826 5154 2880 5208 in
2931 5170 3049 5208 eam
3107 5156 3293 5210 urbem
3346 5154 3627 5224 perferre-

2043 5251 2152 5295 tur.
2207 5242 2334 5296 Mihi
2365 5259 2515 5307 vero,
2578 5260 2702 5299 cum
2732 5245 2996 5314 quidquid
3035 5247 3194 5301 libuit
3240 5247 3623 5301 commendas-

2038 5339 2144 5394 set,
2189 5347 2351 5399 quam
2409 5333 2648 5401 primutn
2682 5335 2998 5405 Byzantium
3033 5338 3111 5391 ire
3154 5338 3438 5407 permisit,
3495 5337 3620 5389 Tri-

2041 5422 2185 5476 ballo
2236 5424 2422 5479 nescio
2476 5441 2586 5495 quo
2638 5428 2918 5497 adjuncto,
2960 5432 3053 5500 qui
3088 5432 3244 5486 nobis
3308 5444 3405 5500 per
3458 5446 3619 5499 aspe-

1713 5601 2049 5666 Variorum
2092 5616 2281 5669 notae.

429 5726 545 5795 (49)
581 5727 859 5790 llotn.0d.
897 5752 968 5791 Iv.
1016 5737 1221 5796 BOIVIN.

427 5798 546 5871 (50)
575 5800 704 5857 Erat
750 5814 907 5875 quasi
942 5825 1138 5866 nurus.
1186 5814 1321 5868 Nam
1357 5816 1703 5878 Andronicus
1750 5823 1936 5901 senior
1977 5842 2097 5884 eam
2138 5844 2361 5886 uxorem
2394 5828 2670 5904 delegerat
2693 5832 2803 5893 filio
2830 5834 3015 5892 fratris
3045 5836 3150 5892 sui.
3188 5836 3393 5893 Bomn.
