4088 6614
288 461 396 524 ὗῖτ
589 460 671 530 [λ.
709 478 758 518 c.
806 461 944 518 1282
981 479 1048 518 an
1088 462 1250 536 1528]

1356 462 1802 528 BYZANTINXE
1847 463 2233 525 HISTORI/E
2264 466 2404 531 LIB.
2439 467 2539 528 IX.

2655 464 2790 535 [nun
2831 477 3116 519 sannosrc.
3159 464 3296 537 sam]
3444 472 3551 535 ειτὸ

294 575 504 629 πόλεων
530 577 595 631 ἐκ
627 579 723 649 τῆς
755 581 863 635 τῶν
897 581 1190 652 Ῥωμαίων
1234 574 1560 652 ἡγεμονίάς’
1594 579 1751 634 τοῦτο
1780 581 1865 647 im

1980 581 2128 635 socio
2155 582 2402 635 laborum
2451 596 2605 652 ergo.
2639 581 2733 636 llis
2774 583 2847 636 ita
2882 583 3117 653 peractis
3161 583 3388 639 Michael
3425 600 3550 640 cum

293 668 389 721 καὶ
445 669 523 733 ὡς
581 672 823 743 γαμὸρῷ
880 674 1106 744 προικὸς
1161 673 1345 738 ἕνεκα,
1382 674 1541 726 τοῦτο
1583 675 1639 725 δὲ
1680 675 1772 725 καὶ
1803 673 1878 736 ὡς

294 761 571 833 συμμάχῳ
595 763 704 815 τῶν
737 764 913 816 πόνων
945 765 1126 820 ἕνεκα.
1162 765 1378 818 Τούτων
1398 765 1540 817 οὕτω
1573 767 1880 817 καταστάν-

1986 686 2152 727 uxore
2180 672 2402 726 domum
2423 674 2588 737 redit,
2614 675 2986 733 amantissime
3014 654 3278 731 trdctatus
3309 693 3338 731 a
3365 693 3550 741 socru,

1983 763 2277 833 multisque
2323 764 2563 833 acceptis
2604 766 2928 820 muneribus
2966 778 3021 822 et
3054 769 3339 837 promissis
3385 770 3557 840 ιιιθῇοο

294 867 401 904 των
426 854 456 905 δ
489 853 775 924 Μιχάηλος
824 857 961 923 μετὰ
1014 855 1114 924 τῆς
1160 855 1396 923 συζύγου
1452 858 1510 917 ἐς
1539 857 1638 923 τὴν
1670 855 1865 907 οίκείαι

1978 855 2133 910 ribus
2164 858 2216 909 in
2259 867 2538 925 posterum
2568 867 2806 914 erectus.

293 939 454 1003 αὖθις
486 943 655 1011 ἀπῄει
691 945 888 1013 ἀρχὴν,
929 945 1142 1013 συχνῶν
1170 948 1306 1017 πρὸς
1335 948 1432 1008 τῆς
1464 945 1753 1015 δεσποίνῃ
1789 948 1879 998 καὶ

295 1034 566 1103 πενθερᾶς
592 1035 981 1098 ἀπολελαυκὼς
1013 1038 1122 1089 τῶν
1150 1037 1385 1107 χαρίτων
1410 1037 1501 1089 καὶ
1529 1036 1745 1107 δωρεῶν
1786 1034 1879 1088 καὶ

294 1127 683 1195 χρηστοτὲρων
713 1126 1057 1192 ἐπαγγελιῶν
1080 1130 1137 1190 ἐς
1171 1130 1265 1180 τοὺ
1279 1131 1418 1182 πιόν.

367 1219 440 1268 Δθ.
474 1216 565 1286 Τῷ
623 1217 806 1286 μέντοι
865 1220 965 1284 νέῳ
1002 1219 1216 1287 βασιλεῖ
1260 1222 1381 1282 ταῖς
1441 1220 1719 1283 τοιαύταις
1775 1221 1876 1291 ἤδη

295 1304 636 1377 θαρῤήσαντι
680 1314 1107 1370 καταστάσεσιν,
1159 1311 1358 1378 ὁρῶντι
1408 1310 1463 1362 δὲ
1502 1314 1585 1362 καὶ
1619 1315 1741 1374 τοὺς
1777 1314 1872 1382 δή·

298 1417 433 1470 μους
467 1400 574 1453 τῶν
601 1398 817 1454 ’πόλεων
851 1404 959 1453 τῶν
989 1419 1049 1454 τε
1082 1402 1260 1457 ἄλλων
1283 1404 1375 1454 καὶ
1414 1404 1510 1470 τῆς
1553 1402 1874 1471 βασιλευού-

295 1511 393 1563 σης
412 1488 584 1561 αὐτῆς
612 1494 759 1564 αὐτῴ
795 1495 1258 1563 προστιθεμένους
1291 1497 1382 1547 καὶ
1411 1492 1599 1565 ’λάθρα
1626 1497 1725 1564 τὴν
1753 1496 1875 1565 ἐφο-

291 1584 379 1638 δον
446 1584 611 1637 αὐτοῦ
669 1587 1092 1653 κατεπείγοντας
1152 1587 1332 1657 (κόρον
1384 1587 1493 1656 γὰρ
1534 1587 1631 1658 ἤδη
1664 1589 1872 1657 μακρὸν

291 1676 576 1746 εἰληφέναι
606 1678 704 1744 τῆς
744 1677 836 1729 τοῦ
866 1678 1095 1730 πάππου
1135 1678 1568 1748 μακροϐιότητος
1599 1680 1693 1731 καὶ⁵
1745 1680 1869 1733 ἀκι-

292 1767 507 1837 νησίας)
551 1766 802 1837 μελέταις
844 1767 1002 1839 ἐπῄει
1043 1769 1247 1822 διδόναι
1300 1771 1393 1822 καὶ
1432 1771 1871 1840 σκέμμασι,τίσι

290 1859 469 1922 δὸλιις
501 1862 592 1912 καὶ
627 1861 988 1929 πανουργίαις
1015 1863 1366 1931 χρησάμενος
1394 1864 1489 1915 καὶ
1526 1866 1753 1932 νικήσας
1778 1866 1871 1916 τὸν

2052 1220 2142 1273 ιν.
2186 1219 2300 1275 Hoc
2330 1229 2471 1275 statu
2513 1237 2697 1276 rerum
2733 1224 2904 1278 fretus
2933 1223 3121 1295 jnnior
3154 1226 3471 1295 imperator,
3501 1236 3558 1281 et

1976 1323 2177 1379 przeter
2201 1320 2427 1366 canoras
2460 1313 2626 1368 urbes
2660 1314 2952 1386 Byzantios
2987 1333 3207 1386 quoque
3242 1318 3422 1373 favere
3449 1319 3557 1383 sibi

1976 1417 2226 1468 cernens,
2264 1419 2291 1456 a
2325 1405 2525 1472 quibus
2560 1406 2697 1459 clam
2723 1408 2788 1461 ad
2818 1408 3199 1463 maturandam
3242 1411 3556 1478 expeditio-

1977 1509 2099 1547 nem
2133 1494 2478 1560 incitaretur,
2512 1497 2831 1553 diuturnam
2862 1499 3026 1553 vitam
3053 1509 3108 1555 et
3149 1509 3425 1572 torporem
3459 1504 3545 1558 avi

1968 1585 2079 1654 jam
2139 1585 2565 1653 fastidientibus,
2602 1590 2854 1644 meditari
2889 1592 3057 1660 coepit
3109 1606 3173 1647 ac
3223 1591 3555 1658 deliberare,

1975 1676 2178 1746 quibus
2207 1679 2348 1732 dolis
2378 1696 2441 1735 ac
2474 1683 2977 1737 machinationibus
3008 1699 3109 1738 avo
3144 1684 3359 1740 devicto
3404 1687 3558 1742 solus

1975 1766 2236 1823 Romanis
2289 1769 2659 1839 imperaturus
2708 1781 2872 1826 esset.
2908 1772 3045 1827 Cum
3096 1781 3277 1828 autem
3321 1775 3555 1845 pecunia

1975 1859 2023 1912 ei
2053 1871 2199 1913 esset
2230 1876 2368 1930 opus
2415 1863 2482 1916 ad
2523 1863 2657 1918 tales
2690 1872 2940 1926 conatus,
2992 1868 3278 1934 pecuniam
3312 1876 3556 1935 quaesto-

291 1956 520 2021 πάππον
562 1954 896 2024 αὑταρχήσει
939 1955 1249 2024 Ῥωμαίων.
1294 1950 1553 2008 Ἐπεὶοῦν
1577 1956 1865 2026 χρημάτωι

1984 1950 2135 2005 ribus
2163 1966 2190 2004 a
2219 1953 2437 2008 seniore
2469 1954 2521 2006 in
2550 1954 2841 2017 Thraciam
2869 1956 3050 2009 missis
3071 1970 3167 2025 per
3191 1957 3298 2008 vim
3325 1956 3551 2025 eripuit.

292 2044 444 2113 αὐτῷ
493 2045 603 2098 ἔδει
660 2047 796 2114 πρὸς
848 2046 1123 2108 τοιούτους
1176 2045 1396 2114 ἀγῶνας
1443 2048 1596 2114 ίόντι,
1651 2049 1876 2118 πέμψας

292 2137 479 2203 ἀφεῖλε
538 2137 798 2206 χρήματα
864 2136 995 2208 παρ’
1051 2138 1296 2193 ἀκόντων
1326 2137 1432 2192 τῶν
1481 2141 1541 2192 ἐν
1587 2142 1652 2209 τῇ
1685 2140 1875 2212 Θρᾴκῃ

294 2226 653 2296 πεμφθέντων
687 2227 823 2298 πρὸς
860 2228 954 2281 τοῦ
991 2227 1224 2299 γηραιοῦ
1279 2230 1547 2299 βασιλέως
1579 2228 1874 2297 ὲξισωτῶν,

295 2322 471 2387 φήσας
526 2319 586 2381 ἐς
630 2320 939 2388 τάναγκαῖα
1013 2318 1238 2390 χρῄζειν
1292 2319 1489 2374 αὐτόν.
1547 2319 1771 2390 βασιλέα
1828 2322 1875 2376 δν

290 2408 430 2462 εἶναι
463 2411 557 2463 καὶ
597 2410 761 2464 αὐτόν
782 2426 796 2442 ·
832 2411 1043 2481 βασιλεῖ
1079 2410 1125 2464 δ’
1150 2413 1361 2465 ὲκ..τῶν
1411 2413 1606 2466 κοινῶν
1638 2413 1870 2484 χρημά-

289 2519 398 2555 των
456 2504 556 2567 τὰς
621 2503 925 2573 ἀναγκαίας
990 2504 1416 2573 ἀποπιμπλάναι
1475 2506 1688 2575 χρείας,
1759 2504 1870 2579 τῶν

289 2593 480 2662 σφόδρ’
510 2596 962 2661 ἀναγκαιοτάτων
994 2595 1129 2665 ὁμοῦ
1170 2597 1264 2651 καὶ
1296 2596 1657 2651 δικαιοτάτων
1705 2593 1867 2651 εἶναι.

289 2687 529 2739 Ἔπειτα
570 2686 773 2756 σκῆψιν
796 2688 1225 2759 προϐαλόμενος,
1252 2687 1540 2758 βούλεσθαι
1576 2690 1870 2760 πρεσϐείαν

293 2780 513 2848 πέμψαι
570 2783 629 2843 ἐς
674 2780 765 2834 τὸν
822 2784 922 2851 τῆς
981 2782 1263 2849 Αἰγύπτου
1290 2780 1690 2835 δυναστεύοντα
1741 2782 1870 2852 περί

287 2888 450 2923 τινων
494 2871 830 2942 ζητημάτων
878 2872 973 2926 καὶ
1022 2873 1322 2945 χρειωδῶν,
1375 2873 1673 2945 ἐπορεύετο
1729 2876 1884 2943 πρὸς

281 2965 388 3034 τὴν
436 2963 855 3049 βασιλεύουσαν.
915 2964 1148 3018 Μέλλειν
1201 2965 1312 3033 γὰρ
1358 2963 1609 3018 ἐντεῦθεν
1669 2964 1869 3019 ὁλκάδα

284 3055 560 3126 μεγίστην
601 3056 821 3109 ἐκπλεῖν
856 3059 952 3110 καὶ
983 3059 1038 3119 ες
1078 3056 1489 3127 Ἀλεξάνδρειαν
1514 3058 1615 3127 τὴν
1643 3059 1868 3141 πορείαν

286 3146 585 3201 ποιεῖσθαι.
623 3147 862 3220 [P.240]
909 3148 1230 3218 Ἑπορεύετο
1256 3148 1299 3200 δ’
1344 3149 1442 3218 οὐχ
1487 3148 1691 3212 ἁπλῶς,
1732 3149 1868 3200 ἀλλὰ

1980 2038 2093 2093 Sibi
2127 2041 2273 2095 enim
2308 2044 2371 2096 ad
2408 2047 2746 2099 necessarios
2774 2054 3028 2116 sumptus
3053 2060 3192 2116 opus
3230 2061 3351 2102 esse
3386 2061 3556 2116 pecu-

1979 2131 2070 2184 nia
2105 2146 2120 2184 :
2161 2132 2549 2212 imperatorem
2583 2149 2641 2189 se
2676 2150 2898 2205 quoque
2928 2132 3049 2190 esse
3087 2153 3099 2188 :
3129 2151 3340 2191 summe
3366 2146 3550 2191 autem

1976 2226 2348 2279 necessarium
2394 2236 2558 2297 atque
2603 2229 2977 2298 aequissimum
3020 2244 3162 2294 esse,
3214 2239 3272 2284 ut
3318 2232 3553 2300 publica:

1978 2317 2225 2386 pecuniae
2244 2318 2296 2372 in
2325 2334 2454 2374 usus
2477 2325 2817 2376 necessarios
2848 2322 3317 2392 impenderentur.
3344 2324 3553 2380 Deinde

1976 2407 2184 2479 legatos
2239 2410 2630 2466 Alexandriam
2665 2414 2731 2468 ad
2778 2412 2995 2484 Egypti
3045 2417 3349 2486 principem
3384 2416 3552 2472 certis

1976 2500 2045 2555 de
2079 2502 2264 2559 causis
2292 2504 2589 2558 missurum
2619 2520 2677 2560 se
2711 2504 2983 2560 simulans
3027 2504 3349 2578 Byzantium
3386 2508 3552 2578 proti-
3606 2522 3621 2528 ‘

1975 2596 2205 2650 ciscitur
2232 2615 2244 2650 :
2276 2596 2404 2652 inde
2446 2597 2591 2652 enim
2628 2599 2939 2653 onerariam
2982 2601 3274 2655 maximam
3312 2617 3343 2656 c
3389 2612 3550 2671 portu

1974 2689 2302 2751 soluturam,
2366 2705 2487 2759 qrwe
2542 2690 2928 2746 Alexandriam
2993 2693 3120 2748 iret.
3171 2692 3359 2764 Neque
3421 2708 3553 2748 vero

1974 2779 2301 2846 simpliciter
2328 2778 2801 2849 proﬁciscebatur,
2846 2770 2942 2835 sed
2977 2795 3171 2851 magna
3217 2796 3380 2834 manu
3433 2781 3551 2834 col-

1974 2870 2116 2925 lecta
2149 2870 2316 2938 prius,
2351 2870 2601 2926 Thraciis
2638 2871 2866 2925 urbibus
2899 2872 3167 2933 universis
3206 2871 3553 2941 perlustratis

1972 2979 2035 3018 ac
2060 2963 2163 3017 sibi
2195 2956 2537 3027 conciliatis;
2582 2979 2709 3017 cum
2745 2972 2800 3018 et
2831 2978 2925 3017 eas
2979 2963 3324 3028 munivisset,
3369 2972 3424 3018 ct
3457 2977 3552 3016 sn-

1973 3066 2189 3126 spectos
2220 3071 2412 3110 omnes
2452 3055 2612 3126 393
2641 3056 2790 3110 illinc
2824 3056 3126 3126 exegisset;
3164 3057 3412 3109 homines
3451 3070 3552 3109 au-

1973 3158 2082 3203 tem
2127 3148 2228 3202 sibi
2268 3148 2516 3202 addictos
2557 3157 2612 3201 et
2645 3162 2832 3201 secum
2871 3146 3251 3216 conspirantes
3299 3146 3553 3200 intromi-

279 3241 446 3310 χεῖρα
477 3241 677 3310 συχνὴν
725 3239 1119 3309 συλλεξάμενος
1159 3243 1425 3311 πρότερον
1466 3241 1558 3294 καὶ
1594 3241 1693 3304 τάς
1730 3241 1874 3312 Θρᾳ-
1898 3226 1944 3282 (ἶ
1974 3240 2157 3293 sisset.

280 3339 447 3400 κικάς
476 3339 658 3399 πόλεις
696 3338 927 3407 περιιὼν
960 3337 1178 3398 ἁπάσας
1229 3339 1326 3390 καὶ¹
1368 3337 1740 3407 οἰκειούμενος
1774 3338 1866 3390 καὶ
1893 3333 2328 3403 ἀσφαλιζόμενος
2358 3332 2451 3385 καὶ
2515 3331 2727 3396 πάντας
2758 3332 2860 3403 μὲν
2918 3332 3198 3396 ὑπόπτους
3266 3333 3550 3399 ὲξοικίξων

277 3426 517 3490 inille),
554 3426 761 3489 πάντας
793 3426 841 3479 δ’
875 3425 1111 3488 οἰκείους
1165 3427 1260 3477 καὶ
1301 3425 1695 3497 ὁμογνώμονας
1752 3426 2062 3493 είσοικίζων
2087 3427 2289 3480 ἐκεῖσε.
3356 3427 3367 3435 ’

357 3519 433 3595 E’.
473 3518 614 3572 Ἀλλ’
656 3521 716 3573 ὲν
770 3519 984 3582 τούτοις
1041 3518 1194 3582 ὄντος
1236 3518 1400 3573 αὑτοῦ
1430 3519 1608 3591 λάθρα
1642 3536 1728 3584 τις
1757 3520 1866 3573 τῶν

275 3612 636 3666 οἰκειοτάτων
686 3611 852 3666 αὐτοῦ
909 3611 1098 3682 φυγὼν
1136 3613 1261 3683 ἥκει
1298 3613 1452 3683 παρὰ
1504 3613 1594 3666 τὸν
1639 3612 1865 3682 βασιλέα

274 3706 381 3759 καὶ
418 3707 644 3758 πάππον
686 3706 780 3758 καὶ
812 3706 1022 3767 πάντας
1063 3705 1187 3758 καθ’
1209 3692 1418 3769 ἕκαστα
1446 3706 1554 3758 τῶν
1589 3706 1709 3758 ἐκεῖ
1739 3705 1865 3775 βου-

270 3799 572 3867 λευμάτων
604 3799 751 3875 ,τοὺς
811 3797 998 3861 δόλους
1049 3798 1442 3864 άνακαλύπτει,
1491 3796 1560 3851 τά
1606 3814 1665 3850 τε
1724 3797 1860 3867 ἄλλα

274 3891 468 3959 φήσας
502 3889 580 3959 τῷ
615 3889 827 3958 βασιλεί
857 3890 950 3943 καὶ
986 3887 1504 3952 ὡςἘϐουλεύσαντο
1535 3892 1584 3944 oi
1613 3892 1738 3960 περὶ
1765 3890 1855 3944 τὸν

276 3982 381 4034 σὸν
405 3981 630 4048 ἔγγονον
660 3983 754 4034 καὶ
786 3983 1069 4034 συνέθεντο
1106 3982 1447 4052 καθαίρεσιν,
1482 3981 1515 4051 ἢ
1544 3984 1636 4035 καὶ
1683 3982 1855 4050 αὐτῆς

269 4073 384 4141 τῆς
424 4077 523 4142 σῆς
556 4074 723 4143 ζωῆς,
758 4075 811 4127 εί
854 4092 936 4137 τις
988 4075 1303 4138 ἀντίστασις
1336 4078 1550 4143 γένοιτο
1571 4092 1586 4107 ο
1613 4075 1645 4144 ἢ
1674 4076 1722 4127 εί
1759 4078 1855 4146 ῥα-

268 4164 398 4217 δίαν
428 4167 523 4217 καὶ⁵
566 4166 735 4236 μηδὲν
764 4167 1013 4237 ἐμποδὼν
1046 4170 1395 4238 κεκτημένην
1426 4167 1578 4238 εὖροι
1627 4170 1688 4221 τὸ
1732 4162 1857 4239 βού-

268 4254 464 4324 λευμα
493 4258 590 4328 τὴν
620 4259 759 4323 ὁδὸν,
789 4258 1085 4327 ἀφελέσθαι
1137 4261 1237 4329 μέν
1269 4278 1363 4312 σου
1417 4262 1554 4330 μετὰ
1580 4262 1675 4330 τῆς
1704 4261 1855 4331 βασι⁶

267 4347 433 4409 λείας
469 4351 564 4401 καὶ
602 4351 669 4403 τά
714 4352 815 4420 τῆς
847 4353 1098 4416 ἐξουσίας
1148 4351 1428 4423 σύμϐολα⁶
1481 4355 1562 4406 σοὶ
1596 4354 1651 4406 δὲ
1690 4356 1856 4422 ῥάκος

274 4439 579 4507 μοναδικὸν
612 4441 926 4510 περιθέντες
950 4446 1235 4529 οφρουροῖς
1267 4442 1604 4512 πχραδοῦναι
1632 4447 1730 4494 καὶ
1758 4460 1858 4509 φυ-

2041 3518 2108 3574 V.
2150 3517 2254 3573 Sed
2288 3516 2417 3573 dum
2448 3519 2565 3573 haac
2597 3518 2785 3589 agitat,
2826 3519 3048 3588 quidam
3079 3534 3147 3575 ex
3189 3519 3309 3591 ejus
3339 3517 3549 3575 intimis

1969 3608 2110 3664 clam
2139 3608 2264 3679 fuga
2294 3609 2515 3677 elapsus
2544 3616 2720 3663 avum'
2750 3609 3135 3679 imperatorem
3182 3611 3460 3678 convenit,
3491 3620 3550 3667 et

1966 3720 2160 3759 omnes
2195 3704 2507 3774 singulatim
2544 3704 2903 3759 consiliorum
2952 3706 3171 3763 illorum
3215 3707 3371 3763 dolos
3395 3707 3552 3764 dcte-

1963 3795 2061 3866 git,
2095 3810 2217 3848 cum
2245 3803 2442 3849 caetera
2488 3794 2760 3862 elocutus,
2794 3803 2909 3850 tum
2940 3796 3077 3851 illud
3119 3798 3305 3864 etiam,
3348 3806 3411 3854 ut
3454 3814 3552 3855 ne-

1964 3902 2064 3956 pos
2088 3887 2367 3940 statuisset
2401 3886 2451 3941 ei
2482 3886 2565 3941 vel
2601 3887 2766 3940 vitam
2821 3887 2991 3957 ipsam
3040 3889 3278 3959 eripere,
3311 3889 3359 3945 si
3404 3889 3549 3945 resi-

1969 3988 2227 4042 steretur,
2258 3979 2341 4032 vel
2375 3972 2420 4033 Si
2461 3979 2740 4050 negotium
2772 3980 2906 4035 nihil
2941 3979 3274 4039 ditlicullatis
3302 3983 3548 4039 facilem-

1969 4089 2077 4144 quc
2108 4088 2460 4144 progressum
2507 4073 2756 4139 haberet,
2790 4089 2896 4127 una
2930 4090 3069 4129 cum
3122 4061 3354 4145 imperio
3393 4082 3545 4144 pote-

1971 4152 2100 4223 tatis
2139 4168 2303 4221 etiam
2334 4166 2568 4236 insignia
2607 4166 2658 4219 ei
2704 4165 2991 4235 abrogare,
3016 4176 3073 4222 et
3113 4169 3420 4222 mouastico
3449 4182 3549 4222 cu-

1968 4260 2114 4313 cullo
2165 4258 2418 4312 indutum
2471 4258 2523 4310 in
2572 4257 2878 4312 custodiam
2917 4256 3069 4311 dare.
3114 4275 3133 4309 ι
3166 4256 3371 4325 Quare,
3407 4276 3427 4309 ι
3463 4256 3548 4312 in-
3608 4306 3613 4307 ,

1966 4352 2105 4420 quit,
2153 4367 2170 4398 ι
2212 4348 2551 4412 cavendum,
2590 4363 2655 4402 ne
2700 4347 2792 4402 ille
2819 4349 3039 4403 solitam
3074 4349 3218 4403 viam
3265 4350 3547 4420 ingressus

1966 4444 2020 4499 in
2056 4444 2243 4498 urbem
2274 4442 2461 4495 furtim
2494 4442 2728 4494 introeat
2756 4456 2773 4495 :
2803 4448 2859 4494 et
2882 4455 2979 4493 vos
3010 4450 3227 4509 oportet
3251 4457 3361 4496 non
3392 4443 3546 4512 pigre

268 4533 504 4593 κακαῖς.
553 4524 868 4599 Σκέψασθαι
920 4524 1098 4586 τοίνυν
1150 4536 1345 4605 χρεὼν,
1387 4535 1514 4605 μήτ’
1538 4537 1745 4588 ἐκεῖνον
1790 4539 1855 4607 τῇ

1970 4536 2044 4589 illi
2075 4550 2385 4590 occurrere.
2419 4534 2471 4585 In
2505 4548 2780 4587 summum
2812 4536 2958 4587 enim
2993 4532 3291 4588 discrimen
3334 4548 3421 4588 res
3444 4532 3545 4588 ad-

270 4624 505 4693 συνήθει
539 4627 739 4696 πορείᾳ
770 4629 1122 4697 χρησάμενον
1178 4628 1308 4681 εισω
1359 4628 1543 4681 πυλῶν
1574 4629 1671 4698 τῆς
1702 4628 1828 4698 βασι

267 4715 851 4786 λευούσηςογενέσθαι
903 4719 1154 4782 λαθόντα,
1224 4718 1353 4791 μήθ’
1407 4721 1550 4790 ὑμᾶς
1600 4720 1861 4792 ῥᾳθύμως

267 4810 597 4878 διατεθῆναι
641 4811 778 4880 πρὸς
824 4810 921 4881 τὴν
961 4814 1291 4881 ἀπάντησιν.
1326 4814 1460 4882 Περὶ
1481 4813 1591 4883 γὰρ
1613 4812 1723 4864 τῶν
1770 4829 1865 4884 με·

267 4903 487 4971 γίστων
521 4906 571 4955 οί
612 4903 866 4958 κίνδυνοι.
924 4905 1110 4957 Ταῦτα
1155 4906 1458 4975 ἀκηκοὼςὸ
1485 4905 1741 4972 βασιλεὺς
1771 4906 1865 4958 καὶ

266 4991 364 5055 οἷς
416 4995 641 5047 ἔναυλον
703 4996 805 5066 ἤδη
852 4995 949 5067 τὴν
996 4996 1164 5065 ἀκοὴν
1208 4997 1269 5061 ἐξ
1316 4986 1488 5049 ἄλλων
1515 4993 1627 5067 εἶχε
1652 4998 1860 5050 πολλῶν

268 5086 611 5158 παράλληλα
639 5086 751 5151 θεὶς
778 5090 869 5140 καὶ
897 5088 1354 5158 άκριῦωσάμενος
1389 5092 1479 5142 καὶ
1517 5091 1688 5160 μηδὲν
1718 5087 1862 5145 εἶναι

261 5178 474 5244 ψευόες
499 5176 752 5246 εὑρηκὼς
795 5176 823 5228 δ
849 5180 1138 5230 ανὶσταται
1173 5179 1266 5230 καὶ
1308 5179 1503 5240 αὑτός·
1531 5181 1626 5247 καὶ
1659 5179 1861 5251 βοήσας

264 5269 421 5333 πρῆς
452 5269 676 5336 Κύριον,
735 5267 809 5331 ὡς
842 5287 858 5317 ι
885 5270 1140 5333 Δίκασον,
1174 5270 1366 5338 Κύριε,
1396 5271 1521 5335 τοὺς
1544 5271 1861 5337 ἀδικοῦντάς

271 5380 391 5432 με’
426 5362 520 5412 καὶ
551 5363 602 5412 οἱ
650 5363 1075 5432 ἐπανιστάμενοί
1122 5380 1212 5430 μοι
1251 5365 1702 5434 αἰσχυνοήτωσαν
1725 5380 1740 5396 ο
1766 5367 1860 5417 καὶ

263 5455 639 5503 ἐπανάσωσον
667 5451 809 5520 ἐμοὶ
858 5453 918 5502 τὸ
981 5452 1253 5520 βασίλειον
1318 5453 1539 5523 κράτος,
1592 5453 1621 5506 ὃ
1649 5454 1712 5506 σὺ
1759 5454 1859 5523 μὲν

259 5545 523 5615 ἐχαρίσω
576 5561 688 5613 μοι,
742 5544 800 5596 ὃν
829 5542 872 5596 δ’
906 5544 1015 5612 ἐγὼ
1057 5546 1363 5617 γεγέννηκά
1407 5552 1501 5600 καὶ
1541 5546 1752 5618 ὓψωσα,
1785 5530 1850 5602 ὲκ
1891 5548 1997 5601 τῶν
2034 5548 2182 5617 ὲμῶν
2248 5546 2487 5616 ἁρπάζει
2530 5547 2749 5619 χειρῶν.
2778 5566 2796 5599 ι
2838 5543 2964 5602 Εἶτα
3000 5547 3137 5619 πρὸς
3203 5546 3364 5614 ἔργον
3404 5541 3591 5611 ὲχώο,
3640 5528 3669 5561 ⁸

306 5654 383 5689 ει.
1272 5690 1276 5695 .

306 5654 383 5689 ει.
1272 5690 1276 5695 ο
1779 5664 1787 5680 ι

259 5654 300 5707 ρ
351 5732 444 5796 ς’.
476 5731 587 5783 Καὶ
606 5728 801 5802 πρῶτα
824 5730 923 5799 μὲν
948 5730 1005 5793 ὲς
1036 5732 1130 5782 τὸν
1160 5728 1382 5797 ἔγγονον
1408 5729 1489 5783 ἔτι
1519 5732 1647 5802 περὶ
1677 5733 1849 5804 μέσην

349 5893 365 5921 ⁸
405 5888 555 5942 l’sal.
580 5903 764 5953 ustv,
810 5887 834 5943 l
868 5904 881 5951 ;
922 5886 1059 5942 Psal.
1089 5904 1245 5953 cvm,
1276 5888 1347 5944 28
1370 5906 1385 5956 ;
1412 5886 1518 5946 lsa.
1545 5907 1584 5957 ι,
1613 5891 1668 5947 2.
1764 5900 1769 5905 ‘

1965 4628 2142 4682 ducta:
2167 4638 2316 4682 sunt.
2367 4645 2384 4677 ι
2433 4625 2529 4681 liis
2562 4627 2862 4696 imperator
2891 4625 3095 4680 auditis
3139 4633 3196 4680 et
3234 4625 3300 4679 ad
3327 4641 3392 4681 ea
3422 4639 3547 4694 quae

1960 4733 2024 4772 ex
2067 4718 2188 4770 aliis
2233 4716 2502 4780 audierat,
2543 4731 2704 4772 aures
2736 4716 2919 4770 adhuc
2951 4716 3119 4771 veluti
3170 4717 3541 4785 personantia.

1961 4806 2174 4860 collatis
2204 4815 2260 4860 et
2290 4806 2570 4876 expensis,
2603 4821 2727 4860 cum
2758 4806 2891 4881 nihil
2920 4804 3042 4859 falsi
3080 4822 3203 4860 esse
3235 4807 3542 4877 comperis-

1960 4908 2064 4964 set,
2101 4900 2335 4967 insurgit
2360 4906 2415 4953 et
2445 4898 2562 4969 ipse
2610 4911 2775 4971 atque
2802 4899 2869 4952 ad
2900 4899 3188 4967 Dominum
3213 4899 3538 4963 clamitans;

1972 5008 1990 5041 ι
2026 4990 2218 5045 Judica
2269 5006 2386 5053 eos,
2429 4990 2700 5054 Domine,
2767 4976 2980 5059 inquit,
3045 4990 3138 5060 qui
3195 4989 3394 5060 injuria
3454 5005 3542 5046 me

1967 5083 2251 5138 alliciunt:
2283 5092 2339 5137 et
2363 5085 2455 5153 qui
2486 5093 2677 5138 contra
2712 5084 2797 5136 me’
2833 5087 3143 5152 insurgunt,
3176 5084 3541 5139 erubescant:

1962 5188 2018 5231 ct
2056 5177 2470 5245 imperatoriam
2508 5176 2644 5229 mihi
2679 5185 3009 5245 potestatem
3049 5192 3333 5253 conserva,
3374 5191 3539 5246 quam

1956 5269 2060 5329 abs
2101 5276 2151 5321 te
2186 5254 2442 5323 donatam
2492 5267 2539 5322 is
2569 5279 2818 5336 ereptum
2876 5269 3025 5323 venit
3074 5269 3326 5327 manibus
3380 5270 3539 5339 uteie.

1958 5377 2122 5431 quem
2172 5360 2461 5430 egogenui
2491 5368 2549 5414 et
2597 5360 2755 5415 evexi
2796 5362 2836 5418 ³.
2878 5378 2897 5413 ι
2941 5360 3152 5416 Deinde
3200 5360 3268 5414 ad
3305 5374 3417 5414 rem
3453 5372 3540 5428 ge-

1962 5460 2186 5507 rendam
2224 5451 2456 5507 accedit.
3098 5466 3103 5471 ·

2030 5732 2116 5789 Vl.
2156 5732 2233 5788 Ac
2278 5732 2518 5804 primum
2571 5731 2638 5787 ad
2690 5742 2942 5803 nepotem
2998 5732 3053 5785 in
3108 5727 3291 5785 medio
3339 5726 3537 5783 itinere
