3842 6594
530 420 635 485 579
816 416 894 491 [Α.
936 432 997 471 ιι.
1030 384 1171 472 679i.
1208 431 1275 469 Αι)
1319 412 1482 485 6836]
1738 418 2162 479 NICEPHORI
2204 419 2586 481 GuﬁﬁoﬂJ‘E
2839 413 2971 486 [tum
3010 428 3282 469 axunoxtc.
3321 419 3447 492 statu]
3602 439 3675 504 580

523 532 710 588 adhuc
745 543 995 603 agentem
1026 530 1218 594 mittit,
1253 530 1346 600 qui
1378 531 1428 582 ei
1459 529 1610 586 urbis
1639 530 1891 601 ingressu
1940 529 2108 584 inter-

2214 530 2344 586 ὄντα
2373 533 2476 603 τὴν
2506 531 2735 603 πορείαν
2769 531 2979 601 πέμπει
3024 530 3150 592 τοὺς
3182 530 3593 607 ἀπαγορεύσοντας
3611 552 3680 618 τὴν

525 624 730 678 dicant.
752 644 770 674 ι
798 625 1033 686 Etenim,
1055 623 1252 692 inquit,
1274 637 1470 677 novum
1491 620 1541 677 id
1559 622 1781 687 esset,si
1801 631 1908 676 tam
1924 628 2108 692 aperte

2215 625 2351 693 πρὸς
2403 625 2466 678 τὺ
2520 625 2811 689 Βυζάντιον
2850 624 3075 679 εἴσοδον.
3132 643 3153 677 ι
3177 625 3478 697 Καινότερον
3525 634 3609 705 γὰρ
3636 640 3681 695 ιν

532 715 875 785 fmdit‘ragus,
926 729 1097 783 eaque
1139 714 1341 783 quibus
1375 714 1675 783 respublica
1719 713 1884 785 395
1932 716 2108 798 ρει-ρο]

2214 713 2324 783 εἴη,
2354 733 2374 766 ι
2417 717 2571 784 φησὶ,
2607 733 2625 766 ι
2654 716 2744 768 τὸν
2795 714 3328 783 ἀνακεκαλυμμένως
3359 716 3531 774 οὑτωσὶ
3555 742 3683 793 παρα.

531 823 699 876 agens
745 817 800 860 et
836 807 1090 870 moliens,
1117 807 1286 861 latere
1318 814 1546 860 conatus
1580 820 1709 860 suos
1735 805 2057 875 postularet.
2088 823 2106 857 ι

2215 806 2544 861 σπονδοῦντα
2600 808 2697 860 καὶ
2742 803 2824 871 οἷς
2879 807 2944 860 ἂν
3006 807 3081 859 τὰ
3138 805 3289 859 κοινὰ
3339 808 3536 881 φθαρείη
3561 817 3683 874 ταῦτα

532 900 667 953 Erat
697 910 879 954 autem
914 898 1003 963 iis,
1028 900 1121 969 qui
1151 899 1217 954 ad
1253 900 1404 953 illum
1439 894 1592 953 missi
1624 897 1857 960 iverant,
1888 900 2108 949 manda-

2214 895 2525 966 πράττοντά
2592 912 2649 949 τε
2724 896 2821 948 καὶ⁴
2872 892 3408 962 κατασκευαζόμενον
3467 898 3684 958 λανθάνειν

528 1000 667 1055 tum,
698 1000 761 1044 ut
789 990 1127 1060 coarguendi
1178 991 1298 1061 ejus
1332 990 1497 1043 animi
1545 1002 1707 1043 causa
1759 995 2108 1041 recenserent

2214 986 2466 1050 ἀξιοῦν.»
2504 980 2613 1039 Ἦν
2669 985 2727 1038 δὲ
2774 986 2886 1047 τοῖς
2932 982 3229 1052 πεμφθείσι
3284 995 3684 1057 προστεταγμένον,

529 1081 673 1151 apud
705 1096 853 1143 eum,
894 1092 1029 1150 quot
1056 1082 1373 1135 occasiones
1400 1079 1548 1149 pacis
1579 1079 1759 1134 denuo
1786 1076 2108 1147 rumpendas

2214 1076 2501 1142 διεξελθεῖν
2528 1076 2614 1129 ἐπ’
2644 1074 2812 1130 αὐτοῦ
2868 1074 3002 1143 πρὸς
3048 1073 3272 1142 ἔλεγχον
3299 1075 3389 1142 τῆς
3416 1076 3601 1148 γνώμης
3622 1087 3689 1137 αὐ.

527 1171 874 1241 praebuisset,
907 1180 969 1225 ut
998 1184 1054 1227 et
1084 1172 1241 1225 irrita
1270 1171 1466 1225 llerent
1517 1186 1602 1234 ea,
1635 1169 1703 1224 de
1735 1170 1938 1238 quibus
1979 1183 2108 1222 con-

2214 1164 2327 1228 τοῦ,
2364 1164 2461 1217 καὶ
2501 1164 2626 1216 ὅσαι
2677 1161 2980 1231 προφάσεις
3034 1161 3279 1228 ἐγένοντο
3304 1162 3427 1230 παρ’
3453 1165 3690 1232 αὑτοῦ,τοῦ

529 1268 861 1325 venerat,'et
890 1262 1290 1316 oﬂ‘ensionilius
1319 1262 1471 1315 locus
1498 1270 1666 1314 esset.
1693 1259 1892 1313 Eorum
1924 1269 2108 1313 autem

2214 1269 2270 1304 τε
2326 1253 2427 1317 τὴν
2477 1252 2703 1321 εἰρήνην
2733 1249 2888 1313 αὖθις
2922 1252 3021 1304 καὶ
3056 1249 3156 1311 τὰς
3198 1247 3453 1319 συνθήκας
3500 1252 3691 1312 λελύσθαι

537 1369 658 1422 qua:
685 1353 1113 1408 recensebantur
1129 1366 1339 1406 summa
1361 1333 1489 1407 haec
1505 1362 1644 1405 eral.
1674 1352 1939 1414 Primum,
1963 1350 2107 1420 quod

2214 1342 2305 1395 καὶ
2335 1341 2521 1412 χώραν
2548 1342 2617 1394 τὰ
2668 1340 2942 1394 σκάνδαλα
3002 1341 3176 1420 σχεῖν.
3196 1334 3374 1392 Ἶίσαν
3409 1341 3447 1392 δ’
3474 1342 3537 1405 ὡς
3562 1346 3607 1396 ἐν
3628 1363 3692 1399 κε.

528 1443 901 1514 imperatoriis
933 1442 1300 1512 quaestoribus
1345 1442 1604 1496 omnibus
1662 1442 1948 1511 pecuniam
2003 1442 2107 1497 eri-

2214 1433 2430 1504 φαλαίῳ
2462 1433 2638 1488 εἰπεῖν
2682 1432 2795 1486 αἵδε
2817 1448 2833 1465 ο
2865 1431 2966 1502 μία
2997 1433 3118 1501 μὲν,
3155 1430 3238 1483 ὅτι
3265 1430 3375 1483 ὅσοι
3404 1433 3510 1496 τοὺς
3537 1435 3693 1503 βασιλι.

529 1532 760 1603 puisset,
817 1532 973 1600 cujus
1029 1546 1307 1612 nunquam
1360 1531 1533 1600 major
1586 1530 1820 1599 penuria
1885 1530 2104 1590 fuisset.

530 1638 656 1678 cum
681 1639 744 1677 ea
773 1631 965 1676 essent
991 1631 1258 1690 tempora.
1292 1636 1413 1690 qua:
1432 1622 1500 1676 ob
1530 1621 1855 1676 divisionem
1891 1620 2105 1689 imperii

530 1722 780 1782 sumptus
830 1711 1488 1781 maximos'postularent.
1525 1713 1792 1773 Alterum,
1827 1712 1975 1781 quod
2014 1726 2107 1763 ur-

533 1804 697 1858 bibus
725 1805 1046 1872 pra‘positos
1074 1807 1141 1857 ab
1185 1820 1288 1859 avo
1334 1804 1594 1875 praasides
1628 1821 1690 1859 ac
1723 1812 2107 1873 procuratores

2214 1793 2501 1847 τωνδντων
2543 1793 2630 1847 διὰ
2663 1794 2754 1846 τὸν
2779 1793 2879 1861 τῆς
2908 1791 3181 1863 βασιλείας
3236 1793 3499 1862 μερισμόν.
3523 1796 3704 1867 Δευτέρσ

530 1895 622 1949 ille
678 1868 975 1965 ignominia
1023 1894 1252 1951 allectos
1300 1868 1546 1965 ejiceret,
1596 1868 1758 1965 atque
1802 1895 1858 1949 in
1912 1900 2106 1950 eorum

2214 1886 2292 1952 δὲ,
2323 1887 2405 1940 ὅτι
2438 1888 2565 1950 τοὺς
2611 1886 3007 1955 πεμπομένους
3038 1884 3273 1954 ἐφόρους
3305 1883 3404 1936 τῶν
3443 1885 3618 1939 πόλεων
3640 1894 3704 1943 καὶ

530 1982 709 2037 locum
746 1968 1215 2053 quoscunque'ei
1271 1985 1485 2040 libitum
1521 1995 1666 2040 esset
1720 1985 2105 2040 substitueret.

2214 1976 2489 2047 διοικητὰς
2508 1975 2734 2046 ἀτίμους
2752 1976 2960 2028 ἐκεῖθεν
2982 1972 3260 2027 ἐκϐάλλων
3278 1973 3556 2039 ἐκπέμπεν
3574 1975 3703 2044 τίθησι

532 2072 802 2136 Tertium.
831 2074 979 2144 quod
1009 2073 1332 2139 Cralzcnam,
1381 2075 1602 2131 amitam
1634 2092 1787 2130 suam
1824 2085 1881 2131 et
1924 2091 2108 2130 mona-

2214 2064 2256 2117 δ’
2281 2064 2395 2118 ἀντ’
2428 2065 2653 2117 ἐκείνων
2680 2064 2843 2125 αὐτὸς
2880 2062 3121 2132 ἐτέρους,
3149 2059 3242 2123 οὓς
3270 2060 3333 2113 ἂν
3376 2060 3550 2114 ἐθέλοι.
3579 2062 3706 2132 Τρίτη

456 2190 465 2203 ~
531 2166 670 2221 stico
703 2165 951 2219 indutam
986 2166 1203 2232 habitu,
1238 2167 1612 2237 indignantem
1655 2175 1711 2221 et
1743 2167 2107 2223 reluctantem

2214 2155 2278 2219 δ’,
2315 2157 2396 2210 ὅτι
2430 2158 2526 2211 καὶ
2555 2158 2655 2226 τὴν
2694 2156 3015 2225 Κράλαιναν
3040 2151 3152 2224 (60)
3197 2156 3401 2223 πατρός
3440 2171 3493 2206 τε
3533 2155 3708 2224 ἀδελφήν

531 2256 598 2311 ad
653 2258 925 2312 incestum
971 2259 1175 2313 coitum
1228 2259 1607 2328 compulisset.
1663 2257 2015 2315 Accedebant
2057 2265 2108 2312 et

2215 2243 2382 2301 οὖσαν
2406 2247 2498 2300 καὶ
2534 2247 2828 2319 μοναχικὺν
2859 2245 3257 2317 περικειμένην
3284 2248 3461 2315 σχῆμα
3481 2247 3594 2315 πρὸς
3619 2246 3708 2299 ἄθι-

531 2345 653 2400 alia:
679 2361 879 2410 causae,
907 2355 1132 2417 prapter
1159 2362 1296 2417 quas
1324 2348 1373 2403 ei
1409 2347 1567 2402 urbis
1594 2349 1843 2418 ingressu
1878 2347 2107 2403 interdi-

2218 2357 2358 2410 σμον
2412 2339 2663 2402 ἐϐιάζετο
2713 2338 2885 2408 μίξιν,
2932 2337 3427 2407 δυνανασχετοῦσάν
3453 2353 3505 2389 τε
3536 2339 3613 2389 καὶ
3645 2338 3711 2390 οὖν

531 2446 754 2490 ceretur
814 2455 827 2491 :
894 2436 1141 2506 plurima:
1212 2437 1318 2492 illa:
1389 2437 1628 2509 quidem,
1694 2438 1787 2494 sed
1873 2453 1981 2494 non
2033 2440 2108 2494 ita

2214 2432 2506 2485 ἐθέλουσαν
2554 2431 2746 2500 αὐτήν.
2771 2426 2956 2482 1Ἦσαν
2990 2429 3046 2481 δέ
3082 2430 3219 2500 πρὸς
3241 2427 3459 2489 ταύταις
3479 2430 3558 2481 καὶ
3577 2430 3712 2498 ἓτεριι

533 2524 724 2581 ﬁrmae.
2215 2518 2541 2591 προφάσεις,
2569 2516 2635 2570 δι’
2663 2517 2726 2578 ἃς
2758 2517 3138 2587 ἀπηγορεύετο
3167 2518 3201 2585 ή
3245 2518 3380 2584 πρὸς
3404 2517 3460 2568 τὸ
3490 2514 3716 2579 Βυζάντιον

2132 2652 2139 2655 ‹
2214 2608 2364 2680 αὐτῷ
2398 2608 2624 2673 εἴσοδος,
2679 2605 2930 2659 πλεῖσται
2993 2604 3092 2676 μὲν
3127 2602 3216 2676 [Ρ.
3252 2600 3401 2674 ειη,
3429 2603 3483 2654 οὑ
3526 2602 3716 2655 τοσοῦτον

2212 2700 2270 2754 δὲ
2296 2701 2357 2752 τὸ
2390 2700 2606 2771 ἰσχυρὸν
2637 2699 2878 2768 ἔχουσαι.

2289 2795 2365 2850 Ζ’.
2413 2796 2537 2846 Ἐπὶ
2570 2792 2783 2856 τούτοις
2818 2790 3039 2862 γραφὰς
3082 2787 3457 2850 λανθανούσας
3505 2786 3717 2857 ἐξέπεμψε

2210 1524 2343 1587 κοῦς
2379 1524 2579 1595 φόρους
2610 1522 3077 1594 δασμολογοῦντες
3103 1517 3245 1591 ἦσαν
3282 1519 3510 1586 ἅπαντας
3552 1525 3695 1581 συλλα.

2210 1615 2319 1668 ϐὼν
2337 1616 2524 1684 ἀφεῖλε
2548 1617 2617 1670 τὰ
2639 1618 2915 1687 χρήματα,
2940 1618 3212 1669 σπανιωτέ
3221 1632 3327 1682 ρων
3351 1618 3441 1685 μὲν
3459 1619 3589 1690 εἴπερ
3607 1621 3698 1675 ποτὲ

607 2792 725 2849 νιι.
765 2793 970 2850 Deinde
995 2794 1353 2850 clandestinis
1383 2795 1585 2850 litteris
1614 2796 1681 2851 ad
1725 2795 1939 2853 Cralem
1985 2798 2114 2854 Ser-

537 2886 637 2941 vis:
667 2885 853 2941 missis
890 2886 1154 2941 auxilium
1192 2886 1263 2941 ab
1288 2902 1356 2942 eo
1389 2887 1545 2957 petit.
1576 2887 1782 2944 Scribit
1813 2899 1868 2945 et
1898 2890 1967 2946 ad
2013 2891 2108 2946 De-

2217 2889 2354 2956 πρός
2383 2902 2446 2954 γε
2488 2884 2579 2939 τὸν
2625 2881 2849 2954 Κράλην
2898 2880 3132 2952 Σερϐίας
3165 2879 3300 2951 περὶ
3353 2879 3637 2949 συμμαχίας
3658 2879 3724 2933 καὶ

538 2980 795 3050 metrium
834 2978 1117 3047 despotam
1150 2979 1320 3033 lilium
1369 2995 1554 3046 suum,
1595 2979 1688 3050 qui
1729 2990 1844 3035 tum
1876 2980 2108 3037 Thessa-

2217 2980 2351 3051 πρὸς
2404 2979 2494 3031 τὸν
2542 2976 2739 3030 ἑαυτοῦ
2789 2976 2904 3029 υίὸν
2956 2975 3281 3045 Δημήτριον
3340 2973 3430 3026 τὸν
3490 2972 3721 3040 δεσπότην,

2207 1702 2302 1757 νῦν
2318 1706 2425 1758 τῶν
2446 1706 2763 1778 χρημάτων,
2785 1704 3319 1773 πολυδαπανωτέρων
3331 1705 3382 1757 δέ
3396 1706 3489 1758 τῶν
3509 1712 3702 1779 πραγμά.
3778 1766 3789 1777 ν

538 3070 733 3125 Ionicae
771 3081 827 3124 et
881 3070 1248 3137 adiacentium
1309 3071 1554 3126 locorum
1606 3088 1796 3147 curam
1853 3072 2050 3144 agebat
2097 3092 2110 3129 :

2217 3069 2649 3137 ἐπιτροπεύοντα
2704 3064 3009 3135 τηνικαῦτα
3065 3064 3473 3133 Θεσσαλονίκης
3531 3065 3612 3116 καὶ
3647 3062 3725 3113 τιῖεν

536 3163 699 3232 eique
730 3161 971 3225 mandat,
1002 3171 1061 3215 ut
1087 3161 1228 3217 duos
1281 3160 1468 3217 fratris
1502 3164 1666 3229 ﬁlios,
1698 3164 1792 3235 qui
1838 3164 2107 3236 Bellegra-

2216 3160 2425 3231 πέριξ,
2494 3156 3014 3232 παρακελευομένας
3038 3195 3054 3220 ,
3113 3154 3598 3226 συμπαραλαϐόντα
3638 3152 3724 3222 μεθ’

537 3254 625 3309 dis
666 3264 723 3308 et
765 3254 988 3323 reliqua:
1023 3254 1354 3311 Macedonia:
1399 3268 1689 3327 praeerant,
1734 3258 2108 3314 Andronicum

2214 3249 2411 3304 ἑαυτοῦ
2439 3250 2533 3302 καὶ
2575 3252 2699 3312 τοὺς
2736 3248 2829 3301 δύο
2854 3247 3112 3317 ἀνεψιοὺς
3156 3248 3342 3300 ἐκεῖσε
3384 3247 3509 3316 περὶ
3533 3246 3616 3315 τὴν
3642 3246 3726 3297 ἐπι·

538 3344 1020 3414 protovestiarium
1068 3353 1128 3400 et
1174 3347 1492 3403 Michaelem
1545 3352 1780 3404 Asanem
1840 3351 2113 3422 simulque

477 3473 480 3477 ι
537 3435 919 3491 Macedonicas
969 3436 1212 3508 legiones
1273 3455 1459 3495 secum
1516 3441 1678 3512 395
1729 3441 1999 3512 adducat;
2049 3460 2114 3499 ac

538 3527 774 3595 primum
801 3523 1024 3603 quidem
1066 3527 1442 3586 Macedonicas
1473 3534 1638 3587 nrbes
1670 3531 1885 3589 idoneis
1921 3536 2115 3604 praesi-

537 3617 644 3672 diis
670 3617 902 3681 muniat,
934 3625 990 3672 et
1024 3632 1121 3672 eos
1158 3634 1371 3685 omnes,
1407 3621 1502 3690 qui
1543 3637 1766 3693 quoquo
1809 3625 1976 3680 modo
2014 3641 2109 3679 su-

538 3708 711 3778 specti
767 3708 900 3772 sint,
938 3721 1222 3765 removeat
1271 3727 1284 3763 :
1337 3711 1538 3768 deinde
1572 3730 1697 3769 cum
1754 3716 2113 3773 auxiliaribus

538 3798 735 3867 cupiis,
778 3812 915 3868 quas
968 3797 1158 3855 Crales
1220 3800 1426 3858 Serviat:
1483 3803 1754 3861 missurus
1804 3807 1897 3873 sit,
1934 3808 2113 3877 primo

541 3905 765 3960 quoque
829 3900 1078 3960 tempore
1137 3903 1327 3949 contra
1388 3895 1665 3965 juniorem
1722 3899 2109 3968 imperatorem

539 3976 913 4032 Andronicum
975 3992 1217 4036 moveat.
1266 3983 1539 4040 Caeterum
1589 3986 1813 4051 litterae,
1866 4005 2002 4058 quas
2042 3990 2110 4045 ad

537 4069 754 4124 Cralem
814 4065 1039 4135 Set-viae,
1094 4073 1161 4127 ad
1198 4073 1503 4145 despotain,
1534 4077 1601 4131 ad
1646 4087 1874 4134 caeteros
1897 4096 2110 4149 omnes,

539 4168 810 4232 quotquot
863 4163 1215 4234 imperatoris
1269 4168 1489 4237 negotia
1542 4171 1595 4223 in
1632 4170 1934 4239 provinciis
1985 4187 2112 4242 pro-

539 4256 830 4322 curabant,
877 4261 1113 4324 scriptas
1147 4274 1267 4315 esse
1302 4260 1560 4325 diximus,
1595 4263 1793 4331 partim
1829 4265 1896 4318 ab
1929 4264 2116 4334 junio-

540 4347 618 4402 ris
644 4347 988 4419 imperatoris
1037 4349 1307 4405 militibus
1349 4350 1468 4405 vias
1517 4350 1960 4407 custodientibus
2013 4370 2111 4407 ex-

2211 3342 2422 3415 τροπὴν
2449 3342 2556 3394 τῶν
2583 3339 2966 3410 Βιλλεγράδων
3002 3338 3224 3409 καὶτῆς
3259 3337 3429 3409 ἄλλης
3453 3338 3725 3396 Μακεδονίας

2215 3433 2519 3505 τηνικαῦτα
2559 3430 2938 3499 διατρίϐοντας
2974 3429 3320 3501 Ἀνδρόνικόν
3347 3444 3405 3484 τε
3434 3430 3520 3484 τὸν
3564 3447 3729 3500 πρωιοι

2214 3525 2522 3597 ϐεστιάριον
2544 3527 2638 3578 καὶ
2661 3525 2882 3596 Μιχαὴλ
2902 3522 2995 3577 τὸν
3035 3519 3204 3575 ’Δσὰν
3234 3523 3335 3577 καὶ
3364 3522 3478 3594 ἅμα
3505 3522 3567 3577 τὰ
3587 3523 3730 3576 Μακε-

2215 3619 2402 3672 δονικὰ
2435 3615 2777 3688 στρατόπεδα
2823 3614 3238 3683 ἀσφαλίσασθαι
3302 3614 3405 3685 μὲν
3450 3613 3641 3685 πρῶτον
3665 3612 3732 3674 τὰς

2214 3710 2598 3772 Μακεδονικὰς
2628 3708 2815 3771 πόλεις
2861 3706 2937 3771 ὡς
2987 3706 3156 3773 εἰκὸς,
3190 3708 3258 3761 ἐκ
3285 3707 3456 3778 μέσου
3491 3705 3733 3776 ποιησάμε-

2210 3820 2303 3855 νον
2340 3804 2455 3856 ὅσοι
2499 3801 2599 3855 ούκ
2652 3798 2758 3866 ἔξω
2808 3798 2903 3853 τοῦ
2956 3799 3376 3855 ὑποπτεύεσθαι
3446 3797 3733 3867 πεφύκασιν·

2213 3894 2386 3948 ἔπειτ’
2420 3892 2629 3948 ἐκεῖθεν
2660 3893 2910 3962 ἄραντας
2934 3891 3028 3956 ξύν
3061 3908 3126 3959 γε
3147 3890 3229 3963 τῷ
3266 3891 3592 3963 συμμαχικῷ
3614 3904 3737 3957 στρι-

2210 3986 2290 4056 τῷ
2312 3985 2389 4057 τῷ
2422 3986 2486 4039 ἐκ
2506 3984 2598 4038 τοῦ
2615 3984 2806 4055 Κράλη
2829 3984 3060 4055 Σερϐίας
3087 3984 3203 4056 (6i)
3232 3983 3494 4056 ἔρχεσθαι
3512 3983 3602 4052 τὴν
3628 3980 3740 4051 taxi-

2214 4096 2349 4151 στην
2390 4077 2534 4131 κατὰ
2560 4075 2654 4129 τοῦ
2688 4075 2955 4147 βασιλέως
2999 4060 3354 4148 Ἀνδρονίκου
3374 4075 3468 4130 τοῦ
3498 4076 3625 4127 νέου.
3650 4074 3738 4125 Τὼν

2212 4173 2269 4225 δὲ
2299 4168 2617 4237 σταλεισῶν,
2652 4167 2725 4232 ὡς
2768 4168 2999 4239 ἔφημεν,
3024 4169 3257 4240 γραφῶν
3280 4169 3422 4241 πρός
3451 4185 3510 4222 τε
3532 4168 3611 4221 τὸν
3630 4166 3745 4236 Κρὰ-

2213 4264 2314 4328 ληιρ
2340 4260 2573 4331 Σερϐίας
2596 4261 2689 4312 καὶ
2716 4260 2856 4326 πρὸς
2889 4260 2978 4312 τὸν
3016 4258 3295 4329 δεσπότην
3327 4263 3427 4313 καὶ
3456 4261 3581 4330 πρὸς
3596 4257 3744 4316 ἄλλους

2211 4355 2327 4407 ὅσοι
2376 4352 2663 4423 βασιλικὰς
2697 4351 2928 4421 διῴκουν
2961 4353 3272 4422 ἐπιτροπὰς
3332 4354 3392 4405 αἱ
3427 4352 3523 4423 μὲν
3553 4350 3745 4403 ἑάλωσαν

540 4449 714 4508 cepta
761 4449 926 4507 sunt;
976 4444 1054 4496 ea:
1108 4442 1393 4509 nimirum,
1430 4459 1552 4513 quae
1585 4443 1790 4498 chartis
1834 4445 2108 4514 inscripta:

2214 4444 2362 4514 παρὰ
2418 4442 2526 4494 τῶν
2573 4444 2672 4504 τὰς
2709 4442 2862 4505 ὁδοὺς
2900 4442 3299 4512 φρουρούντων
3362 4444 3647 4512 ἀνθρώπων
3676 4436 3745 4489 τοῦ

541 4540 701 4585 erant
743 4549 759 4585 :
795 4533 995 4601 partim
1038 4532 1106 4587 iis
1130 4532 1375 4603 deceptis
1397 4544 1713 4598 evaserunt,
1744 4546 1799 4587 et
1834 4550 1943 4604 quo
1982 4537 2108 4590 mit-

2214 4538 2332 4591 νέου
2397 4535 2681 4606 βασιλέως,
2745 4535 2871 4588 ὅσαι
2920 4536 3012 4588 ἐπὶ
3070 4535 3283 4605 χάρτου
3335 4536 3621 4606 γραφεῖσαι
3664 4528 3745 4597 (ἣῖ)

543 4621 798 4676 tebantur
824 4633 1237 4692 pervenerunt:
1272 4623 1378 4679 illa:
1410 4623 1685 4689 videlicet,
1711 4640 1832 4694 quae
1864 4626 2013 4680 tenui
2052 4635 2108 4681 et

2214 4628 2547 4696 ἐτύγχανον*
2589 4622 2727 4678 αἰδὲ
2754 4623 3015 4679 λαθοῦσαι
3067 4626 3360 4697 παρῆλθόν
3416 4641 3476 4676 τε
3527 4626 3611 4676 καὶ
3650 4620 3750 4686 πρὶς

540 4711 667 4766 albo
692 4713 859 4768 linteo
891 4715 1168 4785 inscriptae
1203 4715 1913 4771 tabellariorum‘vestibus
1942 4717 2108 4771 soler-

2216 4719 2312 4784 οὓς
2345 4718 2712 4791 ἐπέμφθησαν
2764 4718 3045 4787 ἀφίκοντο,
3081 4721 3206 4773 ὅσαι
3242 4720 3348 4774 ἐπὶ
3393 4718 3541 4773 λίνου
3571 4713 3751 4769 λεπτοῦ-

543 4812 629 4858 ter
661 4805 860 4862 insutte
888 4806 1131 4864 fuerant.
1163 4807 1300 4863 Nam
1330 4807 1636 4878 imperator
1680 4809 1868 4880 junior
1894 4823 2018 4863 cum
2053 4808 2106 4862 in

2217 4812 2350 4883 φοῦς
2403 4814 2502 4866 καὶ
2552 4809 2749 4865 λευκοῦ
2784 4814 3092 4883 γραφεῖσαι
3115 4815 3230 4877 τοῖς
3262 4812 3382 4866 τῶν
3405 4820 3751 4882 γραμματοκο-

537 4895 660 4950 aliis
713 4898 924 4954 viarum
969 4899 1261 4971 angustiis,
1306 4910 1423 4956 tum
1464 4900 1522 4955 in
1556 4900 1625 4956 iis
1654 4914 1776 4971 qua-
1805 4909 1935 4956 sunt
1963 4903 2108 4973 apud

2221 4904 2431 4977 μιστῶν
2489 4903 2787 4976 ἐνδύμασιν
2842 4905 3061 4976 εὐφυῶς
3117 4907 3577 4980 συνερράφησαν.
3639 4892 3753 4951 Κατά

1888 5049 2229 5114 Variorum
2262 5057 2450 5114 nota.

600 5183 711 5262 (σο)
731 5185 1094 5262 Simonidem,
1120 5180 1424 5246 Andronici
1451 5190 1585 5262 imp.
1637 5205 1706 5246 ex
1736 5191 1894 5247 lrene
1942 5192 2112 5251 altera

532 5257 769 5330 conjuge
816 5257 1007 5330 tiliam.
1060 5274 1184 5330 qua
1215 5275 1341 5315 cum
1380 5262 1449 5317 ad
1494 5257 1681 5317 lienes
1727 5264 1921 5318 matris
1954 5278 2113 5319 exse-

533 5326 695 5397 quias
721 5326 1263 5400 Constantinopolim
1286 5332 1558 5394 venisset,
1599 5332 1682 5386 uti
1732 5342 1924 5387 narrat
1967 5331 2111 5389 ϐεε-

533 5411 720 5465 goras,
744 5397 841 5453 lib.
873 5415 973 5465 vn,
1032 5397 1153 5470 cap.
1190 5399 1280 5474 30,
1342 5400 1410 5455 ad
1462 5401 1749 5474 coniugem
1788 5402 1973 5460 redire
2014 5419 2105 5458 re-

533 5477 750 5543 tineret,
778 5484 808 5523 a
848 5484 958 5543 quo
985 5485 1110 5543 cum
1135 5485 1232 5541 per
1265 5471 1474 5542 legatos
1498 5488 1529 5527 a
1555 5471 1710 5542 patre
1738 5481 2102 5543 repeteretur,

533 5533 836 5612 illaquene
858 5533 925 5612 ad
971 5533 1209 5612 reditum
1249 5533 1969 5612 cogeretur'monacliicuni
2003 5533 2101 5598 bal

534 5601 711 5682 bitu'm
745 5607 1038 5682 induisset,
1074 5609 1225 5666 illius
1255 5601 1426 5666 frater
1459 5613 1902 5682 consangnineus
1947 5611 2095 5667 Cou-

531 5677 811 5753 stantiuus
848 5678 1353 5753 despotaglacerato
1382 5682 1503 5753 ejus
1529 5677 1751 5753 cucullo
1781 5683 2010 5753 invitam
2043 5692 2099 5738 et

530 5742 840 5868 BLorantem
876 5742 1267 5821 ad'conjugem
1290 5742 1594 5810 remiserat.
1627 5751 1777 5808 Idem
1801 5752 2095 5824 Gregoras,

614 5850 630 5867 .
653 5829 774 5868 vm.
809 5831 931 5868 can.
965 5818 1017 5868 1.
1053 5820 1288 5868 numne-

554 5812 630 5868 ib.
653 5829 774 5883 vm,
809 5831 931 5891 cap.
965 5818 1017 5874 1.
1053 5812 1289 5877 υύιῖλινο.

2292 5193 2409 5269 (6t)
2439 5192 2523 5269 Ad
2550 5208 2718 5269 quem
2744 5195 2947 5269 missus
2969 5195 3281 5269 Callinicus
3328 5195 3548 5269 legatus
3570 5192 3651 5269 3b
3670 5191 3755 5246 Δηο

2217 5262 2714 5336 drouicojnniore.
2737 5265 3105 5321 Cantacuzen.
3133 5266 3238 5322 lib.
3268 5283 3312 5331 ι,
3329 5262 3463 5336 οεῐρ.
3486 5265 3539 5321 8.
3565 5263 3754 5336 Ducam-

2289 5334 2404 5404 (62)
2438 5331 2585 5406 [luas
2607 5335 2921 5390 chartarum
2950 5337 3162 5406 species
3222 5337 3325 5392 hic
3378 5331 3626 5392 recenset
3653 5331 3755 5386 Gre-

2214 5402 2398 5473 goras,
2431 5402 2659 5475 alteram
2690 5420 2854 5475 quam
2874 5402 3116 5461 chartam
3150 5417 3353 5464 vocat.
3377 5409 3603 5461 alteram
3628 5411 3756 5471 quam

2208 5488 2276 5528 ex
2318 5472 2676 5548 tenui_linte_o
2701 5472 3003 5548 confectam
3036 5475 3261 5533 scribit.
3300 5477 3503 5531 Priore
3535 5486 3657 5548 voce
3679 5482 3754 5548 pa;

2210 5557 2415 5615 pyrum
2438 5540 2813 5615 Egyptiacam
2855 5544 3074 5602 videtur
3105 5548 3380 5611 innuere,
3410 5558 3592 5615 quam
3612 5540 3753 5597 Graeci

2210 5612 2557 5685 iécgntiores'
2582 5612 2936 5685 ξυλοχάρτιον
2966 5617 3287 5672 vocabant:
3321 5612 3504 5672 altera
3547 5613 3754 5685 chartam

2207 5697 2274 5737 ex
2301 5674 2474 5763 linteo
2498 5674 2861 5763 eon'cepi'is'et
2884 5686 3145 5763 contusis
3162 5696 3457 5763 paratam,
3478 5678 3761 5763 quarump-

2207 5768 2356 5823 ξεινον
2384 5752 2594 5823 χάρτην
2621 5752 2834 5808 dicunt.
2884 5753 3021 5813 Vide
3076 5755 3261 5814 Gloss.
3299 5758 3449 5813 med.
3483 5752 3679 5812 Grecis.
3714 5752 3757 5801 in

2206 5821 2296 5877 bis
2330 5821 2577 5879 vocibus.
2615 5824 2847 5880 Ducena.
