4088 6588
374 452 471 519 581

623 453 701 527 [ιο
744 470 795 511 C-
839 455 979 512 ηθῖ
1014 472 1080 511 AD
1124 456 1283 529 ⁸δῖδῖ
1396 460 2271 528 ΒΥΖΑΝΤΙΝίΕἨΙὸῙῸΒΗΕ
2309 470 2461 531 LIB.
2507 471 2616 531 IX.

2726 466 2859 539 line.
2900 479 3182 523 ANDROMC.
3225 466 3366 539 sem]
3511 473 3616 539 5.82

368 573 476 643 γὰρ
529 574 631 634 τὰς
674 575 869 637 στενὰς
914 576 1023 628 τῶν
1074 576 1209 631 ὁδῶν
1250 581 1346 632 καὶ
1399 580 1638 648 μάλιστα
1675 582 1816 635 κατὰ
1846 580 1935 644 τὰς

2048 582 2463 655 Christopolin,
2536 585 2794 641 custodes
2847 586 3182 648 collocarat,
3249 586 3345 656 qui
3394 576 3616 645 omnes

355 665 483 734 τῖερὶ
521 665 922 735 Χριστούπολιν
954 668 1068 738 (65)
1097 669 1272 734 πύλας
1303 674 1574 743 φρουροὺς
1601 676 1649 727 oi
1681 675 1808 744 περὶ
1853 664 1944 729 τὸν

353 757 472 811 νέον
511 758 710 812 ἔθεσαν
747 759 994 829 βασιλέα,
1022 760 1071 813 οἶ
1112 763 1317 825 πάντας
1335 765 1464 827 τοὺς
1488 766 1788 835 παριόντας
1823 767 1947 836 ἐξή-

358 845 547 910 ταζον,
575 850 625 900 εί
653 849 870 916 γραφὰς
904 851 966 902 ἐκ
1020 850 1315 914 Βυζαντίου
1355 855 1636 922 κομίζοιεν
1661 871 1676 887 ν
1717 856 1815 908 καὶ
1858 852 1929 928 ἦν

348 938 618 1007 δυσχερὲς
650 939 849 992 οὕτωσί
896 939 1129 995 λαθόντα
1152 946 1271 996 τινὰ
1296 943 1613 1015 παρελθεῖν.

322 1070 345 1108 ξ
423 1030 504 1083 H'.
532 1030 839 1095 Κάκείνους
868 1033 967 1101 μὲν
1001 1032 1100 1086 οὖν
1148 1034 1308 1087 οὐδὲν
1343 1036 1586 1108 ἐλελήθει
1611 1036 1717 1091 τῶν
1743 1039 1801 1091 ἐν
1830 1039 1939 1091 Βυ-

332 1098 554 1191 1ζαντίῳ
582 1122 770 1205 κρύφα
797 1098 1192 1193 μελετωμένων
1216 1144 1273 1180 τε
1300 1129 1392 1179 καὶ
1438 1098 1734 1199 δρωμένων
1752 1148 1766 1161 ·
1812 1131 1938 1185 τού-

344 1228 477 1275 τους
531 1214 588 1265 δὲ
639 1206 821 1268 πάντα
887 1216 1133 1286 ξλελήθᾶ
1173 1219 1274 1271 ὅσα
1312 1221 1453 1274 κατὰ
1506 1222 1714 1276 τούτων
1740 1222 1938 1289 ἔξωθεν

342 1308 552 1359 ἐκεῖνοι
607 1305 781 1377 ἔδρων
824 1308 884 1362 τὲ
941 1311 1037 1363 καὶ
1086 1313 1381 1379 ἐμελέτων.
1411 1314 1619 1376 Πάντες
1645 1315 1759 1385 γάρ
1784 1333 1937 1383 σφισι

341 1398 737 1470 προσεχώρουν
791 1400 1087 1468 ἐθελονταὶ,
1142 1404 1192 1456 οἱ
1238 1404 1337 1474 μὲν
1392 1407 1450 1468 ἐς
1488 1407 1799 1475 τούμφανὲς
1835 1410 1935 1461 αὑ-

339 1493 469 1553 ταῖς
527 1491 781 1560 γνώμαις
840 1495 933 1547 καὶ
986 1496 1171 1559 αὐτοῖς
1226 1499 1513 1567 σώμασιν⁸
1571 1501 1686 1552 ὅσοι
1747 1500 1806 1552 δὲ
1859 1501 1934 1570 μὴ

340 1583 631 1647 ἐδύναντο,
685 1586 735 1638 οί
779 1586 835 1641 δὲ
893 1589 1028 1642 ἀλλὰ
1064 1592 1182 1653 ταῖς
1209 1590 1458 1661 γνώμαις
1494 1593 1680 1661 σφίσιν
1711 1592 1933 1662 ὁλοσχε-

344 1675 457 1742 ρῶς
511 1678 871 1747 προσέκειντο
891 1696 904 1709 ο
938 1681 997 1733 οὗ
1039 1682 1200 1750 μόνον
1231 1683 1431 1752 μικροῦ
1464 1687 1667 1748 πάντες
1692 1686 1809 1738 ὅσοι
1838 1684 1933 1738 τοῦ

337 1767 521 1837 δήμου
579 1768 692 1822 τῶν
731 1770 1067 1835 Βυζαντίων,
1106 1773 1243 1827 ἀλλὰ
1277 1777 1373 1827 καὶ
1411 1776 1525 1829 ὅσοι
1555 1775 1664 1830 τῶν
1698 1777 1936 1847 συγκλη-

2049 685 2448 745 prmtereuntes
2481 678 2856 743 excutiebant,
2890 680 2933 733 si
2969 677 3112 734 forte
3156 679 3369 735 litteras
3409 680 3616 752 Byzan-

2048 769 2123 824 tio
2157 768 2439 837 afferrent,
2478 785 2616 841 quos
2644 769 2831 825 l‘allcre
2861 758 3182 841 perdimcile
3207 784 3346 828 erat.

2117 1056 2252 1111 VIII.
2291 1057 2366 1112 Ac
2392 1057 2516 1112 illos
2541 1058 2765 1128 quidem
2808 1074 2999 1114 eorum
3031 1076 3154 1129 quae
3201 1060 3444 1130 Byzantii
3477 1062 3620 1115 clam

2041 1152 2345 1223 agebantur
2379 1162 2432 1208 et
2485 1154 2834 1225 agitabantur
2866 1154 3003 1207 nihil
3041 1153 3281 1209 latebat:
3328 1156 3460 1209 istos
3490 1170 3621 1209 vero

2038 1244 2285 1299 latebant
2316 1246 2525 1308 omnia.
2554 1262 2676 1316 qua:
2709 1246 2787 1300 illi
2842 1245 2981 1300 loris
3035 1255 3091 1300 et
3109 1247 3344 1316 agebant
3371 1256 3427 1302 et
3449 1248 3621 1315 agita-

2039 1335 2192 1391 bant;
2248 1336 2383 1392 Nam
2446 1353 2636 1393 omnes
2672 1346 2866 1408 sponte.
2915 1337 2981 1390 ad
3013 1352 3109 1392 eos
3145 1338 3498 1402 inclinabant,
3525 1339 3619 1394 alii

2038 1437 2228 1496 aperte
2258 1437 2314 1487 et
2337 1429 2538 1483 animis
2566 1439 2621 1483 et
2643 1427 2968 1497 corporibus
2998 1445 3012 1492 ;
3054 1427 3147 1498 qui
3206 1443 3337 1482 vero
3370 1428 3623 1499 corpori-

2037 1519 2141 1574 bus
2168 1535 2277 1574 non
2313 1529 2587 1589 poterant,
2618 1520 2818 1574 animis
2845 1530 2993 1574 certe
3022 1529 3079 1574 et
3105 1528 3219 1574 toto
3245 1531 3466 1589 pectore
3492 1536 3617 1575 eum

2036 1608 2146 1663 illis
2173 1611 2451 1681 conjuncti
2480 1620 2664 1669 erant:
2700 1628 2808 1665 non
2845 1612 3008 1667 modo
3053 1612 3236 1666 omnis
3264 1610 3379 1665 fere
3415 1611 3623 1683 Byzan-

2038 1700 2151 1754 tina
2184 1701 2360 1770 plebs,
2396 1701 2490 1755 sed
2513 1710 2569 1755 et
2594 1702 2855 1757 senatorii
2908 1714 2964 1757 et
3014 1703 3177 1756 aulici
3214 1717 3474 1771 proceres
3505 1702 3620 1757 etii

2039 1789 2133 1862 qui
2168 1792 2441 1846 seniorem
2476 1792 2868 1861 imperatorem
2919 1793 3247 1862 c0gnatinne
3285 1790 3515 1845 maxime
3541 1801 3622 1845 at-

338 1865 518 1913 τικιῗιν
567 1862 662 1914 καὶ
712 1863 1010 1917 οίκειακῶν
1045 1868 1138 1918 καὶ
1168 1867 1285 1919 ὅσοι
1313 1866 1421 1919 τῶν
1451 1868 1599 1937 μάλα
1632 1866 1756 1922 καθ’
1793 1862 1935 1939 αἷμα

2042 1882 2347 1953 tingebant.
2376 1887 2453 1939 Ae
2514 1884 2565 1937 ii.
2594 1900 2937 1953 quaecunque
2960 1884 3123 1954 396
3157 1884 3269 1938 illic
3289 1884 3620 1953 gerebantur

336 1955 422 2025 τῷ
460 1956 680 2025 γηραιῷ
711 1954 922 2027 βασιλεῖ
953 1960 1341 2030 προσηκόντων
1366 1957 1508 2032 ἦσαν
1529 1975 1542 1991 ⁶
1582 1960 1633 2015 οἳ
1663 1961 1727 2031 δὴ
1752 1963 1935 2018 πάντα

274 2103 287 2119 ⁸
335 2046 465 2101 καθ’
492 2046 552 2100 ἒν
581 2048 648 2100 τὰ
676 2047 926 2102 ἐντεῦθεν
957 2051 1334 2122 ἀνιχνεύοντες
1386 2053 1622 2115 ἐκείνοις
1676 2055 1928 2124 ἐμήνυον.

335 2132 439 2192 Ὧν
460 2134 541 2202 εἷς
564 2133 633 2210 ἦν
667 2142 764 2195 καὶ⁵
799 2144 826 2195 ό
859 2140 953 2196 τοῦ
993 2142 1261 2213 βασιλέως
1293 2145 1407 2208 υἱὸς
1440 2144 1716 2215 Θεόδωρος
1756 2145 1869 2217 (64)
1907 2146 1936 2199 δ
2015 2145 2018 2149 ’

238 2297 247 2306 ο
336 2233 661 2304 μαρκέσιος.
693 2235 791 2297 ⁸ος
821 2233 928 2304 πρὸ
944 2235 1083 2288 ἐτῶν
1116 2236 1327 2305 συχνῶν
1360 2238 1440 2301 είς
1468 2235 1564 2308 τὴν
1592 2238 1692 2305 τῆς
1727 2236 1961 2309 μητρδς¹

333 2323 573 2394 πατρίδα
590 2326 865 2397 πεμφθεὶς
909 2323 1014 2381 ὑπὸ
1070 2328 1165 2398 τῆς
1199 2328 1429 2399 μητρὸς,
1457 2328 1533 2392 ὡς
1576 2330 1921 2401 εἰρήκειμεν,

333 2415 534 2486 γάμων
555 2417 719 2471 ἕνεκα
742 2419 838 2471 καὶ
854 2418 924 2472 δι’
939 2418 1196 2473 ἀδουλίαν
1228 2420 1324 2474 καὶ
1361 2419 1636 2492 ῥαθυμίαν
1660 2421 1740 2492 τῷ
1760 2424 1935 2493 χρόνῳ

213 2566 225 2576 ο
333 2507 655 2577 κατάχρεως
711 2509 947 2577 γενονὼς
983 2510 1120 2579 μετᾶ
1153 2510 1245 2563 τὸν
1296 2511 1393 2580 τῆς
1447 2510 1653 2583 μητρὸς
1707 2513 1934 2566 θάνατον

331 2592 575 2668 ιπανῆκε
597 2599 735 2670 πρὸς
761 2599 853 2652 τὸν
880 2602 1090 2670 πατέρα
1115 2602 1208 2653 καὶ
1239 2600 1462 2672 βασιλέα
1484 2604 1681 2668 παῖδας
1716 2604 1810 2656 καὶ
1838 2621 1937 2671 γυ-

329 2693 500 2744 ναῖκα.
529 2693 708 2744 ἐκεῖσε
734 2682 1070 2745 ’καταλιπών
1092 2708 1105 2723 ⁸
1132 2697 1228 2747 καὶ
1260 2689 1328 2764 ἦν
1360 2694 1458 2747 τοῦ
1495 2694 1688 2747 λοιποῦ
1716 2695 1933 2765 διατρί-

331 2779 444 2835 ϐων
473 2783 533 2834 ὲν
567 2781 846 2849 Βυζαντίῳ
869 2800 884 2815 ο
915 2784 1002 2836 ὅτε
1034 2782 1099 2853 δὴ
1135 2784 1230 2837 καὶ
1266 2783 1432 2857 ἄλλης
1478 2802 1539 2838 τε
1581 2788 1763 2857 πάσης
1792 2787 1936 2857 ἀπή-

327 2872 462 2927 λαυε
494 2876 634 2943 πρὸς
688 2872 783 2926 τοῦ
820 2872 1087 2943 βασιλέως
1142 2878 1472 2947 κηδεμονίας
1505 2879 1599 2931 καὶ
1633 2869 1926 2948 εὐμενείας

328 2967 424 3019 καὶ
452 2966 720 3035 χορηγίας
752 2969 815 3018 ἐκ
846 2964 939 3019 τοῦ
972 2966 1256 3037 βασιλικοῦ
1307 2970 1658 3039 πρυτανείου,
1690 2968 1777 3042 [Ρ.
1802 2966 1931 3041 ειε]

330 3058 426 3109 καὶ
458 3057 524 3125 δὴ
557 3056 654 3109 καὶ
688 3057 908 3112 πάντων
943 3057 1119 3127 χρεῶν
1143 3058 1491 3129 ἀπήλλακται
1530 3059 1620 3114 διὰ
1643 3062 1751 3114 τῶν
1785 3059 1936 3130 βασι-

327 3146 501 3201 λικῶν
530 3148 850 3218 χρημάτων.
882 3143 984 3201 Ὧν
1023 3148 1281 3203 ἁπάντων
1332 3149 1692 3221 ἐκλαθόμενος
1731 3151 1936 3214 ἐκεῖνος

2039 1975 2257 2029 curiose
2293 1974 2619 2045 indagantes
2650 1976 2865 2042 singula
2900 1975 3011 2029 illis
3043 1974 3450 2046 signiﬁcabant.
3475 1972 3623 2038 Quo-

2038 2082 2160 2122 rum
2196 2082 2340 2123 unus
2386 2065 2489 2123 fuit
2523 2067 2685 2122 etiam
2718 2067 3072 2135 imperatoris
3117 2066 3260 2122 (ilius
3295 2066 3621 2123 Theodorus

2038 2155 2307 2210 marchio.
2341 2154 2444 2221 Qui
2481 2155 2533 2208 in
2573 2154 2765 2211 matris
2802 2156 3039 2223 patriam
3071 2164 3197 2208 ante
3220 2155 3421 2208 multos
3447 2169 3621 2208 annos

2039 2242 2225 2297 uxoris
2255 2242 2520 2296 ducendae
2552 2256 2717 2297 causa
2762 2245 2831 2295 ab
2856 2244 2971 2310 ipsa
3004 2250 3202 2302 matre.
3236 2251 3293 2295 ut
3323 2241 3456 2306 dixi,
3492 2241 3623 2295 mis-

2036 2346 2131 2387 sus
2183 2345 2247 2385 ac
2297 2331 2627 2400 procedente
2677 2342 2925 2398 tempore
2991 2344 3088 2398 per
3150 2329 3514 2385 temeritatem
3565 2338 3622 2383 ει

2037 2420 2347 2475 socordiam
2378 2434 2534 2475 suam
2569 2435 2677 2474 aere
2705 2418 2885 2474 alieno
2920 2434 3219 2491 Oppressus
3262 2431 3385 2488 post
3430 2420 3623 2473 matris
3737 2454 3743 2461 -

2038 2512 2248 2566 obitum
2283 2510 2349 2565 ad
2386 2519 2594 2580 patrem
2652 2511 3070 2580 imperatorem,
3104 2525 3274 2565 uxore
3335 2519 3391 2565 et
3430 2508 3623 2563 liberis

2036 2603 2148 2658 illic
2199 2604 2427 2668 relictis,
2466 2617 2727 2665 reversus
2778 2601 2995 2666 fuerat;
3027 2609 3194 2670 atque
3219 2617 3287 2655 ex
3314 2615 3381 2657 eo
3412 2600 3624 2672 Byzan-

2040 2700 2100 2755 tii
2134 2697 2603 2754 commorabatur.
2634 2696 2735 2753 Ubi
2801 2704 3027 2766 paterna
3090 2694 3444 2765 imperatoris
3487 2709 3620 2748 cura

2035 2806 2099 2846 ac
2129 2789 2513 2852 benevolentia
2568 2804 2636 2844 ex
2670 2787 2822 2842 omni
2864 2794 3018 2857 parte
3050 2786 3372 2847 sublevatus
3402 2795 3458 2841 et
3488 2801 3623 2856 sup-

2035 2883 2295 2954 peditatis
2360 2897 2428 2934 ex
2482 2880 2618 2935 ﬁsco
2677 2878 2993 2949 sumptibus
3054 2884 3396 2932 sustentatus
3456 2892 3621 2931 omne

2034 2976 2200 3048 etiam
2235 2991 2310 3029 ωε
2339 2974 2580 3039 alienum
2622 2972 2855 3042 pecunia
2888 2970 3242 3041 imperatoria
3276 2969 3616 3025 dissolverat.

2035 3068 2167 3134 Quae
2191 3068 2280 3121 ille
2309 3082 2406 3137 per
2438 3066 2737 3119 amentiam
2775 3073 2972 3119 cuncta
3013 3062 3222 3117 oblitus
3258 3062 3447 3118 debita
3476 3062 3620 3132 pani

2036 3158 2391 3213 observantia
2445 3170 2674 3225 prorsus
2702 3154 2950 3225 neglecta
2982 3153 3181 3209 Judam
3214 3153 3416 3208 imitari
3442 3163 3500 3208 et
3525 3169 3623 3223 pa-

331 3240 424 3293 διὰ
456 3241 671 3311 φρενῶν
700 3230 915 3294 ἔνδειαν
936 3244 1035 3295 καὶ
1063 3245 1244 3298 πᾶσαν
1279 3242 1414 3297 αίδῶ
1456 3246 1732 3315 πατρικὴν
1757 3244 1934 3297 ὀπίσω

2040 3251 2142 3304 tris
2179 3248 2527 3318 imperatoris
2554 3245 2804 3319 proditor
2850 3260 2972 3303 esse
3004 3246 3221 3302 maluit.
3252 3245 3389 3300 Nam
3422 3245 3622 3299 [Ioma-

330 3331 510 3385 λιπὼν
562 3334 829 3402 προδότης
875 3334 1048 3386 εἵλετο
1084 3335 1344 3402 γενέσθαι
1380 3335 1474 3388 τοῦ
1512 3336 1778 3406 βασιλέως
1832 3338 1930 3392 καὶ

333 3423 545 3493 πατρὸς
580 3422 677 3476 καὶ
707 3423 805 3494 τῆς
849 3420 1020 3478 Ἰούδα
1054 3425 1265 3478 ἐκείνου
1321 3428 1631 3497 μιμήσεως.
1686 3428 1932 3499 Ὢνειρο-

336 3514 620 3585 πόλειγάρ
650 3517 751 3586 τὴν
793 3516 1112 3586 Ῥωμαϊκὴν
1150 3519 1247 3570 καὶ
1291 3518 1454 3581 αὐτὸς
1484 3518 1810 3589 ήγεμὸνίαν,
1832 3522 1929 3575 ὲκ-

339 3607 524 3661 ποδὼν
556 3607 853 3677 ἱσταμένου
898 3609 993 3662 τοῦ
1030 3609 1309 3679 διαδόχοψ
1352 3612 1447 3663 καὶ
1475 3610 1811 3665 κατανεῦσαι
1853 3612 1932 3682 μὴ

337 3699 661 3771 βουλόμενον
693 3701 786 3755 τὸν
816 3702 1031 3773 πατέρα
1049 3702 1258 3757 πολλῶν
1289 3703 1478 3767 ἕνεκα,
1510 3705 1593 3757 ὅτι
1617 3707 1713 3777 καὶ
1735 3704 1930 3777 γνώμῃ

336 3795 431 3847 καὶ
458 3796 641 3848 πίστει
675 3797 770 3848 καὶ
807 3799 1051 3867 σχήματι
1085 3798 1180 3851 καὶ
1215 3799 1446 3866 γενείων
1492 3803 1665 3873 κουρᾷ
1700 3784 1813 3872 (65)
1839 3803 1935 3857 καὶ

340 3891 475 3942 πᾶσι
514 3888 698 3943 ἔθεσιν
746 3892 975 3954 Λατῖνος
1003 3886 1073 3961 ἦν
1100 3892 1437 3961 ἀκραιφνὴς,
1490 3891 1632 3961 ἔγνω
1669 3893 1934 3963 λυπήσειν

335 3982 499 4062 ⁴ιὐτδν
553 3984 632 4054 τῷ
678 3984 781 4049 νέῳ
835 3984 1163 4051 προστεθεὶς
1204 3982 1441 4054 βασιλεῖ.
1467 3984 1630 4039 Ὅθεν
1674 3988 1771 4039 καὶ
1821 3988 1933 4056 ὅσῳ

2037 3358 2170 3396 num
2224 3340 2517 3410 imperium
2575 3338 2891 3401 somniabat
2951 3338 3066 3409 ipse
3123 3353 3364 3408 quoque,
3395 3340 3621 3393 excluso

2037 3431 2293 3487 videlicet
2316 3445 2404 3495 eo,
2423 3429 2491 3484 ad
2523 3443 2683 3499 quem
2715 3428 2994 3483 successio
3026 3427 3361 3499 pertinebat.
3394 3427 3462 3482 Et
3491 3442 3618 3481 cum

2037 3533 2193 3593 pater
2223 3522 2413 3577 multis
2434 3523 2502 3576 de
2532 3520 2734 3582 causis.
2759 3519 2910 3592 quod
2944 3530 3000 3574 et
3044 3517 3231 3573 animo
3271 3529 3329 3574 et
3357 3518 3620 3589 religio-.e

2035 3622 2093 3674 et
2127 3612 2316 3668 habitu
2346 3621 2405 3668 et
2461 3628 2584 3667 rasa
2638 3612 2808 3666 barba
2856 3620 2914 3665 et
2944 3611 3053 3664 alio
3083 3610 3235 3665 omni
3268 3612 3393 3667 vitae
3416 3627 3619 3681 genere

2036 3721 2186 3762 mere
2198 3704 2440 3760 Latinus
2466 3711 2631 3768 esset,
2662 3701 2954 3773 postulatis
2978 3702 3098 3774 ejus
3115 3717 3361 3758 annuere
3395 3702 3567 3760 nollet
3598 3720 3616 3760 :

2037 3801 2179 3870 ipse,
2215 3812 2325 3868 quo
2368 3798 2521 3851 illum
2558 3794 2936 3860 contristaret,
2969 3793 3034 3848 ad
3066 3795 3343 3864 juniorem
3376 3795 3617 3865 impera-

2038 3902 2212 3947 torem
2244 3890 2465 3945 del'ecit.
2501 3888 2580 3943 lta
2613 3902 2724 3958 quo
2764 3896 2885 3943 erat
2933 3888 3202 3960 sanguine
3245 3889 3615 3959 conjunctior,

2037 4001 2105 4042 eo
2130 3983 2384 4040 acerbior
2433 3979 2605 4053 patris
2636 3978 2985 4050 imperatoris
3014 3978 3276 4035 inimicus
3309 3980 3541 4036 exstitit.

337 4079 554 4133 πάντων
589 4079 791 4151 μᾶλλον
823 4077 1109 4149 καθἀίμα
1142 4078 1220 4151 τῷ
1256 4079 1465 4147 βασιλεῖ
1497 4082 1906 4152 προσῳκείωτο,
1954 4080 2196 4151 τοσούτῳ
2228 4080 2324 4133 καὶ
2378 4077 2707 4149 θερμότερος
2772 4074 2992 4135 πάντων
3047 4073 3240 4145 ἐχθρὸς
3301 4072 3397 4127 τοῦ
3462 4073 3616 4141 βασι-

333 4173 472 4240 λίως
517 4176 615 4230 καὶ
660 4176 869 4247 πατρὸς
922 4174 1177 4245 γενέσθαι
1226 4175 1649 4246 πεφιλονείκηκε
1711 4176 1916 4249 μᾶλλον
1952 4175 2135 4239 αὑτός.

402 4267 481 4322 Θ¹.
506 4268 600 4339 Τῷ
618 4266 663 4321 δ’
694 4269 1077 4338 ὲπιγενομένῳ
1106 4268 1237 4339 μηνὶ
1268 4268 1563 4340 Νοεμϐρίῳ
1596 4269 1706 4341 (66)
1739 4270 1807 4322 τὰ
1833 4267 1931 4339 βα-

337 4362 517 4416 σιλικὰ
554 4359 846 4430 δεξάμενος
896 4360 1199 4431 γράμματα
1242 4362 1556 4430 Δημήτριος
1599 4365 1625 4414 ὁ
1654 4360 1926 4429 δεσπότης

337 4461 392 4512 ἐν
426 4455 802 4527 Θεσσαλονίκῃ
832 4438 1202 4522 διεμηνύοατυ
1247 4454 1410 4516 εὐθὺς
1438 4454 1529 4505 τόν
1556 4471 1615 4505 τε
1650 4452 1929 4523 πρωιτοὸε-

338 4548 585 4616 στιάριον
624 4546 719 4598 καὶ
748 4546 838 4598 τὸν
875 4544 1060 4601 Ἀσάν.
1096 4544 1200 4598 Καὶ
1230 4545 1420 4614 ἐπειδὴ
1448 4544 1718 4613 συνῆλθον
1761 4562 1927 4616 στρα-

2100 4265 2193 4321 ΙΧ.
2231 4262 2497 4335 Sequenti
2526 4275 2716 4317 mense
2744 4259 3045 4341 Novembri
3070 4259 3382 4314 Demetrius
3413 4260 3613 4330 despo-

2031 4368 2105 4425 ta,
2138 4355 2493 4429 imperatoris
2526 4353 2731 4409 litteris
2763 4350 3171 4406 Thessalonicae
3211 4353 3475 4420 acceptis,
3505 4365 3615 4407 sta-

2033 4453 2128 4506 tim
2155 4449 2642 4522 pretovestiarium
2679 4456 2735 4501 et
2783 4445 3019 4500 Asanem
3045 4448 3292 4499 arcessit.
3322 4443 3426 4510 Qui
3483 4459 3611 4499 cum

2028 4545 2439 4609 convenissent,
2467 4540 2615 4596 illico
2654 4538 2818 4613 397
2877 4545 2932 4593 et
2960 4536 3236 4591 exercitus
3265 4537 3386 4606 cogi
3417 4545 3473 4591 et
3516 4552 3613 4592 eo-

334 4640 584 4710 τεύματά
638 4655 696 4692 τε
749 4628 1124 4709 συνεκροτεῖτο
1184 4640 1276 4690 καὶ
1328 4638 1445 4708 ἅμα
1489 4639 1546 4691 αί
1576 4637 1682 4691 τῶν
1711 4638 1787 4708 τῷ
1818 4641 1924 4709 νέῳ

2036 4654 2174 4703 rum,
2197 4638 2292 4707 qui
2347 4636 2416 4692 ad
2461 4635 2740 4707 juniorem
2791 4647 2852 4688 se
2902 4627 3304 4701 adjunxissent,
3360 4629 3504 4684 bona
3553 4638 3612 4686 et

333 4732 547 4801 βασιλεῖ
602 4730 870 4784 συνόντων
916 4730 1095 4782 οὐσίαι
1142 4729 1237 4783 καὶ
1296 4730 1365 4783 τὰ
1435 4732 1716 4800 κτήματα,
1746 4731 1919 4785 ὁπόσα

2036 4731 2430 4803 possessiones,
2492 4741 2838 4800 quaecunque
2883 4724 2941 4780 in
2979 4723 3348 4779 Macedonicis
3377 4723 3612 4780 urbibus

336 4825 463 4894 περὶ
502 4826 603 4886 τὰς
635 4824 692 4877 ὲν
747 4822 1061 4895 Μακεδονίᾳ
1104 4824 1290 4885 πόλεις
1336 4826 1431 4876 καὶ
1485 4822 1672 4894 χώρας
1718 4824 1915 4896 ἔτυχον

2036 4836 2074 4881 ιι
2104 4824 2253 4893 agris
2279 4830 2467 4886 erant,
2493 4818 2769 4876 militibus
2819 4815 3082 4874 distribui
3125 4823 3436 4887 cmperunt.
3464 4816 3615 4889 Ape-

332 4917 483 4981 δντα,
515 4917 696 4971 πάντα
721 4917 836 4978 τοῖς
864 4913 1231 4986 στρατιώταις
1252 4913 1656 4988 διεμερίζοντοσ
1684 4915 1829 4969 οτ-ιου
1856 4932 1917 4970 τε

2036 4915 2306 4972 -ἱεὺιιηιιιι-
2360 4927 2553 4969 eorum
2617 4907 2873 4982 granaria
2919 4919 2979 4967 et
3037 4908 3191 4965 cella:
3244 4907 3508 4975 vinariae;
3553 4916 3611 4964 et

334 5012 432 5068 καὶ
459 5010 610 5063 σίτου
644 5006 798 5077 σφῶν
825 5006 1107 5077 ⁴ηνοίγοντο
1128 5005 1407 5075 ἁποθῆκαι
1428 5023 1443 5037 ⁸
1472 5006 1571 5060 καὶ
1594 5008 1707 5070 τοῖς
1738 5008 1921 5076 ἀρπά-

2036 5010 2247 5064 :uilibet
2274 5021 2465 5078 rapere
2487 5004 2693 5062 volenti
2717 5004 2901 5059 omnia
2925 5002 3129 5073 passim
3153 5000 3404 5071 exposita
3426 5008 3608 5065 erant.

333 5105 449 5168 ζειν
473 5100 755 5156 ιθιλουσιν
784 5097 992 5167 ἄφθονα
1039 5096 1364 5169 προῦκειντο
1396 5098 1596 5166 πάντα,
1621 5097 1828 5166 ἑξορίαι
1854 5112 1916 5152 τε

2036 5104 2288 5158 Praeterea
2342 5100 2438 5171 qui
2502 5098 2730 5154 minime
2788 5094 3049 5173 assentiri
3104 5095 3348 5158 vellent,
3412 5107 3605 5148 eorum

334 5198 426 5252 καὶ
464 5193 766 5268 δημεύσεις
803 5189 918 5244 τῶν
962 5189 1168 5259 ἥκιστα
1208 5192 1545 5263 συμφρονεῖν
1587 5188 1910 5244 ἐθελόντων.

2036 5200 2168 5252 bona
2203 5192 2637 5265 publicabantur
2685 5199 2743 5245 et
2795 5189 2902 5258 ipsi
2953 5186 3150 5245 exsilio
3204 5184 3608 5241 multnbantur.

334 5290 517 5344 nam
567 5286 670 5356 μιν
713 5282 891 5337 ταῦτα
936 5282 1205 5341 ἔτι-λεῖπ’
1249 5283 1447 5353 tum;
1476 5283 1524 5339 δ’
1547 5283 1674 5338 ὅσον
1700 5283 1915 5338 οὐδέπω

2036 5290 2103 5343 Ac
2153 5287 2229 5341 ibi
2290 5284 2511 5356 quidem
2561 5285 2679 5338 haec
2723 5281 2947 5337 ﬁebant.
2982 5281 3154 5336 Erant
3213 5278 3378 5336 etiam
3431 5275 3610 5333 Cralis

332 5382 429 5434 καὶ
466 5378 530 5434 τὸ
558 5374 657 5431 τοῦ
688 5374 885 5447 Κράλη
931 5375 1286 5445 συμμαχικὸν
1331 5376 1391 5439 ἐς
1442 5374 1644 5440 αὐτοὺς
1677 5376 1922 5446 ἀφικνεῖ-

2036 5379 2231 5435 auxilia
2260 5378 2481 5448 jamjam
2515 5375 2579 5429 ad
2601 5389 2698 5430 eos
2732 5382 2987 5429 ventura.
3320 5376 3323 5377 ⁷

335 5473 481 5529 σθαι.

1686 5582 2025 5647 Variorum
2059 5591 2250 5644 noue.

409 5686 524 5759 (63)
565 5686 697 5754 Quae
729 5685 864 5759 urbe
897 5683 966 5739 ad
1008 5683 1194 5755 fugam
1221 5683 1912 5759 abAndronicojupiore
2022 5691 2254 5759 venerat
2305 5699 2320 5737 :

339 5754 517 5814 electa
562 5759 756 5814 fuerat.
811 5754 1182 5826 Qantacuien.
1253 5755 1355 5811 lib.
1391 5773 1431 5824 ι,
1492 5772 1618 5828 cap.
1650 5754 1703 5821 4,
1747 5757 1804 5825 7,
1850 5759 1904 5813 8.
2021 5756 2266 5828 Ducitis.
2698 5794 2701 5797 ς

340 5828 567 5885 Dacus.
826 5820 840 5826 ’
875 5843 898 5874 ι
1416 5820 1426 5824 ’
1562 5820 1578 5828 ’
1690 5820 1697 5821 ⁷
1788 5820 1799 5825 ⁷

2092 5825 2206 5893 (65)
2234 5823 2539 5894 Supralib.
2573 5840 2666 5885 vn.
2701 5838 2820 5890 cap.
2852 5821 2942 5877 t2.
2982 5820 3215 5894 Ducam.

408 5899 516 5971 (tit)
551 5899 601 5956 Is
630 5897 798 5971 paulo
828 5906 957 5957 ante
996 5894 1066 5953 ad
1099 5904 1312 5968 patrem
1358 5895 1903 5969 Constantinopolim
2095 5891 2207 5967 (66)
2230 5891 2332 5950 An'.
2374 5893 2509 5953 Cbr.
2544 5895 2682 5950 1527
2714 5902 2971 5949 exeunte.
3006 5891 3209 5946 ltoivn.

2378 5681 2459 5739 uti
2499 5691 2693 5739 narrat
2751 5681 3126 5739 Cantacuzen.
3169 5677 3270 5735 lib.
3293 5692 3332 5745 I,
3361 5690 3481 5747 cap.
3509 5673 3599 5732 51.
