4088 6590
291 459 403 522 585

548 454 626 528 [Α.
669 471 717 510 c.
762 454 897 513 isse
931 470 997 513 AD
1042 414 1203 527 13223}
1315 456 1760 519 eumn-ne
1798 453 2183 518 Htsronus
2230 453 2375 513 us.
2421 454 2524 513 1x.

2642 448 2779 518 (tua.
2819 461 3099 502 asumma.
3144 445 3288 519 smn]
3430 450 3533 512 586

291 576 406 646 γὰρ
436 575 590 637 ὅπως
624 573 725 642 τῆς
766 572 1008 642 ἐμαυτοῦ
1041 572 1190 641 ζωῆς
1215 570 1440 639 ἁφειδῶ,
1478 571 1624 640 μητέ
1646 574 1887 638 γᾶστμε

2004 579 2035 621 ιι
2069 581 2171 622 nec
2229 568 2353 621 vitae
2404 581 2535 620 mete
2575 581 2834 636 parcam;
2870 580 2978 620 non
3029 566 3247 634 corpori
3276 569 3543 633 curando,
3594 623 3601 633 ,

290 665 528 737 ξάμενος
558 667 654 720 καὶ
680 666 924 736 τρυφῶν,
961 665 1102 735 μήτε
1144 663 1473 733 δορυφόρους
1499 662 1533 731 ἢ
1569 660 1875 731 πελεκοφό-

298 776 429 828 ρους
462 758 578 829 (68)
607 760 971 827 ἐπαγόμενος,
996 757 1070 820 ὡς
1101 756 1339 813 είθισται
1365 755 1449 827 μὴ
1472 756 1555 810 δτι
1588 753 1872 824 βασιλεῦσι

301 851 396 904 διὰ
426 855 491 904 τὺ
516 852 804 919 ἐπίφθονον
857 850 956 921 τῆς
993 849 1190 921 ἀρχῆς,
1218 849 1356 904 ἀλλὰ
1403 848 1497 902 καὶ⁹
1540 846 1635 910 οὓς
1670 848 1702 917 ἡ
1737 847 1874 917 τύχη

301 943 415 996 τῶν
441 943 653 1011 γονέων
678 943 771 996 καὶ
803 941 1078 1011 ξυγγενῶν
1104 940 1398 1012 ἑξορίσασα
1424 942 1698 1009 πλανήτας
1724 939 1877 991 ἐνθεν

303 1036 571 1091 κάκεῖθεν
601 1036 881 1106 ἠνάγκασε
915 1032 1314 1107 περιφέρεσθαι
1340 1034 1437 1087 καλ⁸
1481 1031 1752 1103 διηνεκῶς
1779 1030 1877 1101 τὴν

301 1128 402 1182 τοῦ
435 1129 636 1182 αὐτίκα
664 1127 1019 1197 τεθνήξεσθαι
1046 1126 1149 1198 πρὸ
1178 1124 1473 1196 ὀφθαλμῶν
1493 1123 1636 1196 ἔχειν
1665 1122 1877 1177 ὲλπίδα.

303 1219 374 1275 Et
388 1220 437 1273 δ’
458 1216 577 1287 οὖν,
608 1221 873 1291 φρασάτω
900 1236 985 1282 τις
1011 1220 1136 1288 ἐμοὶ
1165 1214 1471 1288 παρελθὼν,
1501 1214 1816 1285 ὑπὲρ-τίνος
1844 1212 1882 1267 ἃ

305 1312 603 1381 περιφίρω
635 1312 923 1382 τραύματα
948 1311 1041 1362 ἐπὶ
1076 1309 1178 1380 τῆς
1217 1306 1419 1378 σαρκὸς
1455 1304 1747 1376 ἐδεξάμην,
1766 1307 1882 1369 τοῖς

304 1404 419 1455 τῶν
464 1402 754 1473 Ῥωμαίων
798 1403 1012 1473 ἐχθροῖς
1058 1402 1566 1474 παραϐαλλόμενος,
1593 1400 1778 1454 ὁπόσοι
1823 1416 1882 1452 τε

306 1495 367 1560 ἐξ
417 1495 606 1556 Ἀσίας
666 1498 746 1556 είς
782 1494 1006 1565 Θρᾴκην
1036 1494 1384 1548 ναυστολοῦσι
1424 1496 1517 1547 καὶ
1540 1495 1653 1547 ὅσοι
1680 1493 1773 1546 τὸν
1804 1493 1883 1546 'I-

312 1593 480 1654 ατρον
504 1585 895 1656 παροικοῦντες
920 1586 1206 1657 βάρϐαροι,
1229 1586 1400 1639 ἔπειτ’
1429 1585 1639 1640 ὶκεῖθεν
1668 1583 1888 1655 ὲξελαύέ

308 1694 501 1741 νοντες
535 1679 967 1749 κατατρέχουσιν
993 1679 1198 1751 ὁμοίως
1217 1679 1315 1732 καὶ
1341 1670 1487 1732 οὗτοι
1515 1678 1613 1748 τὴν
1642 1677 1884 1747 δυστυχῆ

310 1768 574 1837 θρᾲκηνς
610 1765 696 1839 [Ρ.
726 1766 856 1838 2H]
889 1767 1031 1837 Ἐγὼ
1058 1767 1187 1836 γὰρ,
1220 1768 1310 1822 ἵνα
1341 1769 1520 1822 πᾶσαν
1547 1766 1769 1832 ἐξείπω
1788 1767 1886 1836 τὴν

1984 675 2093 714 non
2153 659 2315 730 genio
2338 658 2686 729 indulgeam;
2719 675 2828 713 non
2887 658 3173 724 satellites,
3202 675 3311 715 non
3358 660 3553 732 bipen-

1983 752 2191 808 niferos
2213 751 2479 807 adducam
2514 769 2529 805 ι
2563 760 2623 806 ut
2679 767 2785 806 non
2845 754 3009 807 modo
3039 752 3259 821 regibus
3289 768 3407 809 mos
3443 762 3550 819 est,

1982 854 2208 915 propter
2255 845 2583 900 invidiosam
2635 845 2849 915 imperii
2905 832 3301 913 conditionem,
3330 846 3424 901 sed
3484 846 3555 902 iis

1981 937 2171 1002 etiam,
2204 952 2344 1008 quos
2374 937 2588 993 fortuna
2625 953 2655 993 a
2705 938 3029 1009 parentibus
3069 947 3122 992 et
3148 940 3395 1007 cognatis
3422 955 3555 1007 pro-

1982 1030 2070 1085 cul
2104 1021 2526 1099 relegatos'huc
2564 1038 2728 1099 alque
2770 1029 2902 1085 illuc
2941 1029 3071 1084 l'crri
3106 1037 3161 1083 et
3207 1031 3557 1085 continenter

1984 1132 2218 1176 mortem
2254 1112 2325 1176 ob
2349 1124 2538 1177 oculos
2569 1123 2770 1178 habere
2789 1125 2987 1195 coegit.
3024 1123 3116 1179 Sin
3153 1121 3561 1195 399minus,

1985 1215 2133 1269 dicat
2158 1215 2286 1268 mihi
2323 1214 2618 1284 quispiam.
2659 1216 2910 1280 vulnera,
2938 1230 3059 1285 qua:
3087 1216 3141 1270 in
3168 1230 3400 1284 corpore
3434 1232 3556 1271 meo

1987 1315 2163 1375 gesto.
2196 1319 2303 1376 qua
2331 1306 2398 1358 de
2432 1320 2596 1360 causa
2655 1290 2986 1377 acceperim,
3012 1323 3136 1362 cum
3180 1307 3556 1363 Romanorum

1987 1395 2242 1451 hostibus
2275 1396 2596 1466 pugnando,
2619 1396 2713 1466 qui
2743 1412 2809 1451 ex
2846 1397 2971 1451 Asia
3011 1399 3063 1452 in
3088 1397 3375 1452 Thraciam
3405 1398 3560 1471 traji-

1987 1488 2160 1553 ciunt,
2188 1499 2243 1544 et
2269 1493 2393 1543 cu'm
2424 1487 2700 1553 Barbaris,
2732 1490 2826 1558 qui
2864 1489 3063 1544 Istrum
3096 1492 3370 1557 accolunt,
3414 1492 3560 1547 unde

1987 1579 2147 1635 lactis
2168 1580 2590 1634 excursionibus
2616 1589 2670 1635 et
2714 1581 2815 1651 ipsi
2864 1582 3070 1651 pariter
3099 1582 3351 1638 miseram
3383 1583 3561 1639 Thra-

1986 1672 2130 1727 ciam
2180 1673 2441 1726 vastant?
2505 1674 2615 1744 Ego
2667 1674 2840 1738 enim,
2899 1682 2961 1727 ut
3007 1690 3224 1728 omnem
3273 1676 3560 1730 veritatem

1987 1764 2132 1834 apud
2166 1779 2264 1819 vos
2291 1765 2542 1834 eloquar,
2565 1779 2689 1819 cum
2745 1764 3128 1835 imperatorem
3157 1783 3266 1838 pra:
3312 1768 3465 1823 senio
3495 1768 3563 1823 ad

311 1859 582 1925 ἀλήθειαν
618 1859 754 1929 πρὸς
778 1860 943 1929 ὑμᾶς,
979 1859 1120 1929 δρῶν
1155 1859 1248 1912 τὸν
1284 1858 1507 1929 βασιλέα
1552 1859 1610 1921 ἐς
1650 1856 1786 1911 πολὺ
1823 1857 1886 1910 τὸ

2004 1856 2302 1911 socordiam
2328 1865 2384 1911 et
2414 1866 2694 1925 stuporem
2755 1857 2862 1911 labi
2895 1858 3137 1913 viderem
3175 1868 3230 1913 et
3257 1874 3287 1914 e
3335 1848 3565 1915 veterno

313 1948 525 2016 νωθρὸν
560 1951 658 2002 καὶ⁸
686 1949 992 2019 ἀνάλγητον
1022 1953 1086 2003 ὲκ
1119 1949 1214 2004 τοῦ
1267 1951 1459 2020 γήρως
1508 1947 1886 2002 ἀποκλίναντα

317 2042 412 2093 καὶ
451 2042 623 2111 μηδὲν
648 2042 789 2105 ὅλως
823 2041 1255 2112 διεγειρόμενον,
1285 2041 1411 2112 μηδ’
1450 2038 1891 2108 ά).γοῦντα,’τῶν

318 2130 671 2199 Χριστιανῶν
724 2131 813 2185 άεὶ
856 2130 1071 2201 νύκτωρ
1098 2130 1193 2185 καὶ
1234 2129 1355 2202 μεθ’
1400 2130 1613 2202 ἡμέραν
1642 2129 1752 2182 τῶν
1790 2130 1891 2200 μὲν

318 2223 676 2292 κοπτομένων
712 2224 817 2278 ὑπὸ
850 2224 961 2277 τῶν
1001 2222 1294 2296 βαρὸάρων
1335 2224 1535 2292 ἱερείου
1576 2222 1754 2292 δίκην,
1782 2222 1893 2275 τῶν

315 2317 360 2369 δ’
386 2316 947 2387 αίχμαλωτιζομένων
1002 2317 1096 2371 καὶ
1152 2315 1725 2385 άνδραποδιζομένων,
1782 2315 1895 2369 τῶν

317 2408 377 2461 δὲ
404 2410 633 2477 γυμνῶν
672 2408 1051 2480 ἐλαυνομένων
1078 2409 1260 2480 πάσης
1299 2408 1485 2478 χώρας
1516 2408 1616 2463 καὶ
1640 2407 1853 2470 πόλεως
1875 2422 1889 2436 ’

323 2496 409 2552 ἶνα
441 2495 517 2568 μὴ
546 2497 695 2566 λόγω
722 2498 792 2552 τὰ
840 2496 1014 2576 μείζω
1067 2497 1169 2568 τῆς
1219 2498 1405 2563 Ἀσίας
1441 2497 1590 2571 πάθη
1639 2498 1734 2552 καὶ
1783 2497 1894 2551 τῶν

319 2586 504 2638 ἐκεῖσε
538 2585 773 2649 πόλεων,
802 2585 925 2638 ὅσαι
956 2588 1070 2649 τοῖς
1121 2585 1421 2656 βαρϐάροις
1466 2586 1777 2656 ήλώκεισαν
1805 2584 1896 2639 διὰ

318 2676 423 2744 τὴν
453 2675 550 2728 τοῦ
583 2675 851 2746 βασιλέως
908 2676 1174 2747 ἀμέλειαν
1222 2679 1319 2730 καὶ
1354 2676 1672 2749 νωθρότητα
1694 2694 1711 2710 ο
1751 2677 1897 2749 ὁρῶν

321 2765 420 2823 οὖν
453 2768 629 2839 ταῦτα
668 2771 844 2841 ἔγωγε
872 2770 968 2825 καὶ
1009 2770 1312 2842 περιαλγὴς
1338 2770 1461 2825 λίαν
1490 2770 1776 2842 γινόμενος
1804 2771 1900 2825 καὶ

317 2860 423 2931 τὴν
454 2861 565 2913 τῶν
598 2859 922 2931 σπλάγχνων
966 2860 1159 2933 ὀδύνην
1190 2862 1378 2933 φέρειν
1418 2861 1519 2918 οὐκ
1551 2862 1713 2932 ἔχων,
1745 2862 1902 2930 ἐξῆλ-

324 2954 421 3007 θον
452 2953 599 3007 δυοῖν
634 2954 821 3010 ἕνεκα.
854 2956 925 3008 Ἦ
963 2955 1073 3026 γὰρ
1105 2954 1324 3026 θανάτῳ
1373 2955 1646 3027 οἱῳδήτινι
1674 2972 1903 3027 περιπε-

322 3045 562 3109 πτωκὼς
596 3046 716 3115 ἅμα
739 3046 817 3117 τῷ
846 3046 948 3119 ζῇν
974 3046 1069 3103 καὶ
1091 3046 1182 3101 τὸν
1211 3039 1312 3117 τῆς
1343 3046 1518 3113 λύπης
1551 3049 1900 3121 συναπορρῆ-

328 3137 422 3202 ξαι
458 3137 661 3208 φόρτον
692 3139 942 3210 ἐνόμισα,
976 3140 1010 3211 ἦ
1044 3140 1143 3212 τὴν
1183 3126 1474 3211 Ῥωμαίων
1524 3139 1696 3210 τύχην
1741 3142 1798 3203 ἐς
1840 3139 1905 3195 τδ

1916 1917 1965 1976 Β

1993 1960 2101 2000 non
2129 1946 2378 2010 excitari,
2413 1962 2593 2016 neque
2628 1946 2837 2011 dolere,
2866 1963 2990 2002 cum
3020 1949 3319 2004 Christiani
3348 1965 3566 2019 semper

1991 2042 2155 2089 noctu
2185 2045 2349 2105 atque
2390 2034 2629 2091 interdiu
2667 2036 2863 2107 partim
2903 2038 3054 2092 velut
3104 2039 3339 2094 victimae
3372 2056 3400 2094 a
3436 2040 3568 2094 Bar-

1991 2127 2143 2182 baris
2192 2135 2525 2194 mactentur,
2556 2130 2758 2198 partim
2815 2130 3016 2199 captivi
3059 2132 3349 2186 trahantur
3404 2142 3461 2188 et
3510 2132 3567 2187 in

1994 2221 2317 2275 servitutem
2377 2219 2744 2285 abducantur,
2790 2223 2987 2291 partim
3052 2223 3186 2277 nudi
3232 2238 3299 2277 ex
3362 2224 3571 2277 rudibus

1993 2321 2161 2381 atque
2212 2311 2447 2366 urbibus
2500 2312 2849 2383 expellantor
2884 2314 3154 2384 (graviora
3204 2314 3342 2368 maia
3380 2325 3569 2385 taceo,

1995 2404 2139 2459 Asia:
2178 2404 2432 2461 videlicet
2462 2413 2519 2459 et
2558 2404 2805 2471 urbium,
2842 2421 3184 2476 quaecunque
3223 2407 3573 2477 imperatoris

1998 2496 2209 2551 incuria
2232 2507 2288 2551 et
2317 2496 2531 2568 ignavia
2569 2508 2742 2567 capta:
2772 2501 2922 2566 sunt)
2956 2515 2970 2551 :
3003 2513 3128 2552 cum
3165 2514 3287 2568 ego,
3322 2501 3572 2570 inquam,

2000 2589 2117 2644 haec
2143 2590 2409 2669 viderem,
2439 2591 2725 2662 aagerrime
2757 2591 2879 2658 tuli,
2912 2600 2968 2646 ct
3020 2588 3247 2645 inﬁxum
3280 2578 3433 2645 cordi
3475 2591 3576 2645 do-

1998 2680 2174 2737 lorem
2210 2674 2320 2737 non
2353 2682 2541 2738 ferens
2575 2682 2789 2737 duabus
2823 2683 2891 2738 de
2922 2682 3106 2737 causis
3147 2697 3268 2738 sum
3302 2696 3577 2753 egressus;

2002 2784 2063 2830 ut
2119 2784 2216 2830 aut
2251 2774 2449 2846 quovis
2468 2775 2620 2832 letlto
2669 2777 2834 2832 vitam
2881 2775 3042 2831 simul
3090 2784 3146 2831 et
3197 2776 3579 2846 gravissimum

2000 2881 2297 2923 maerorem
2352 2866 2764 2935 abrumperem,
2820 2876 2914 2923 aut
2947 2868 3208 2923 Romanae
3262 2869 3579 2939 reipublicae

2000 2974 2102 3029 pro
2153 2958 2300 3014 virili
2353 2960 2725 3016 subvenirem.
2779 2959 2940 3014 Nullo
2992 2959 3139 3015 enim
3198 2959 3382 3024 modo,
3427 2957 3579 3014 nullo

2003 3050 2168 3107 modo
2194 3050 2311 3105 ﬁeri
2361 3058 2565 3120 potest,
2592 3051 2725 3120 quin
2764 3052 2949 3115 homo,
2973 3059 3030 3106 et
3062 3050 3106 3106 is
3136 3051 3300 3122 longo
3333 3061 3579 3120 tempore

2002 3157 2188 3198 rerum
2211 3144 2441 3214 potitus,
2470 3142 2690 3198 fastidio
2715 3142 2787 3197 sit
2812 3143 2879 3198 iis
2913 3143 3005 3213 qui
3043 3153 3259 3213 parent,
3290 3153 3347 3197 et
3375 3143 3581 3213 capita-

328 3233 542 3304 βέλτιον
578 3237 807 3289 καθόσον
839 3234 1062 3306 ὲφικτδν
1099 3234 1426 3300 ἀπαλλάξαι.
1474 3236 1550 3290 Οὐ
1584 3235 1691 3304 γάρ
1721 3234 1894 3303 ἐστιν,

2005 3235 2077 3289 lia
2105 3249 2300 3290 eorum
2353 3234 2479 3289 odia
2549 3235 2835 3304 suscipiat.
2874 3233 3020 3289 Nihil
3085 3235 3294 3290 scilicet
3331 3235 3477 3290 Deus
3524 3234 3580 3289 in

322 3327 429 3380 οὐκ
466 3328 618 3382 ἐστιν
655 3328 900 3397 ἐφικτὸν,
923 3328 1212 3400 ἄνθρωπον
1233 3328 1362 3384 ὅντα
1387 3328 1511 3382 τινὰ
1528 3329 1623 3381 καὶ
1649 3329 1904 3382 πλεῖστον

327 3418 753 3491 ἐνδιατρίψαντα
784 3415 978 3493 χρόνον
1003 3421 1080 3493 τῷ
1110 3422 1305 3494 ἄρχειν
1345 3425 1420 3494 μὴ
1462 3423 1623 3493 κόρον
1669 3422 1905 3491 ἐμποιῆ-

332 3526 430 3564 σαι
458 3514 572 3575 τοῖς
607 3512 938 3584 ἀρχομένοις
966 3517 1063 3569 καὶ
1093 3518 1253 3586 μῖσος
1287 3516 1454 3584 φόνου
1505 3516 1694 3570 πνέον.
1737 3514 1905 3570 Οὐδὲν

332 3602 446 3671 γὰρ
483 3602 864 3674 ἀμετάϐλητον
895 3604 1020 3659 οὐδὲ
1065 3605 1295 3677 μόνιμον
1327 3608 1386 3661 ἐν
1412 3606 1490 3677 τῷ
1530 3606 1631 3678 βίῳ
1656 3607 1757 3673 τὴν
1802 3606 1907 3675 φύ-

296 3706 301 3709 ‘
333 3709 424 3746 σιν
470 3693 773 3764 πεποίηκεν
799 3696 829 3748 ό
860 3696 1014 3760 Θεός.
1054 3698 1153 3752 Διὰ
1188 3696 1349 3752 τοῦτο
1383 3698 1480 3752 καὶ
1514 3700 1573 3753 ὲν
1614 3699 1692 3769 τῷ
1739 3716 1907 3769 μετα-

345 3781 645 3838 ϐάλλεσθαι
682 3784 956 3856 βλέπομεν
983 3786 1083 3857 τὴν
1112 3785 1262 3859 ὤραν
1305 3789 1405 3859 τῆς
1432 3790 1776 3861 εὐφροσύνης
1812 3791 1910 3844 καὶ

341 3875 539 3947 ἡδονῆς
564 3876 784 3947 [σχοντα
806 3880 985 3934 πάντα
1021 3879 1304 3948 τάπίγεια.
1324 3881 1385 3934 Ei
1415 3881 1472 3936 δέ
1499 3900 1583 3946 τις
1613 3882 1775 3953 βιαίῳ
1798 3884 1908 3937 τινὶ

334 3969 435 4023 καὶ
462 3972 964 4043 κατηναγκασμένῃ
988 3973 1132 4044 φορᾷ
1164 3973 1447 4043 χρώμενος
1472 3975 1566 4028 ἐπὶ
1599 3976 1729 4043 μιᾶς
1759 3975 1910 4029 ἵστα-

339 4058 469 4113 σθαι
499 4059 666 4131 τύχης
693 4060 891 4129 ὲθέλοι,
927 4056 1082 4126 οὗτος
1107 4065 1165 4126 ἐς
1193 4064 1294 4134 τὴν
1333 4064 1485 4134 παρὰ
1539 4064 1703 4134 φύσιν
1751 4067 1911 4135 κίνη-

341 4170 428 4207 σιν
460 4152 585 4220 ἄγει
612 4153 682 4206 τὰ
706 4154 1028 4225 πράγματα.
1061 4158 1176 4211 Πᾶν
1201 4156 1258 4212 δὲ
1285 4157 1348 4213 τὸ
1373 4159 1524 4228 παρὰ
1557 4158 1720 4227 φύσιν
1747 4159 1913 4230 ὕπερ-

339 4246 530 4298 6αῖνον
559 4246 687 4310 τοὺς
716 4246 1089 4317 ἁρμόττοντας
1135 4249 1298 4319 ὅρους
1333 4250 1687 4320 ὑπερϐαίνειν
1728 4266 1914 4321 παρα-

339 4337 603 4400 σκευάζει
629 4339 870 4402 καὶτοὺς
897 4341 1061 4411 ὅρους
1090 4340 1190 4411 τῆς
1225 4341 1523 4414 ἐθελούσης
1558 4342 1789 4417 ἔπεσθαι
1818 4345 1911 4398 εὐ·-

341 4429 625 4500 φροσὺνης
652 4431 747 4483 καὶ
778 4431 993 4504 ἡδονῆς.
1050 4434 1139 4496 Ἐς
1169 4432 1333 4488 τοῦτο
1371 4433 1483 4505 γὰρ
1519 4433 1686 4489 τείνει
1716 4436 1813 4490 καὶ
1842 4436 1914 4491 τὰ

341 4519 489 4590 σοφὰ
504 4518 611 4574 τῶν
643 4520 887 4576 παλαιῶν
922 4524 1451 4596 γνωματεύματαξι
1477 4523 1660 4594 Μηδὲν
1697 4524 1842 4593 ἄγαν
1886 4544 1905 4577 ο

343 4612 645 4681 λεγόντων,
689 4614 805 4679 καὶ,
848 4635 867 4668 ι
900 4617 1016 4671 Πᾶν
1044 4593 1243 4689 μέτρον
1273 4619 1520 4689 ἄριστον.
1550 4617 1783 4689 »Ὁρᾶτε
1807 4619 1915 4689 γὰρ
1946 4593 1990 4653 D

343 4708 497 4767 ὅπως
522 4705 622 4758 καὶ
648 4704 677 4757 ό
703 4707 837 4777 ὲμδς
870 4710 1094 4774 πάππος
1129 4714 1212 4773 είς
1259 4710 1395 4781 βαθὺ
1426 4709 1607 4780 γῆρας
1634 4709 1919 4779 ἐληλακὼς

345 4800 440 4850 καὶ
478 4796 719 4850 τοσαῦτα
750 4797 847 4870 ἐτη
872 4800 934 4852 τὸ
960 4789 1235 4869 βασίλειον
1259 4800 1398 4871 ἔχων
1440 4800 1662 4871 κράτος,
1693 4800 1795 4855 ὅσα
1829 4816 1920 4872 μι-

346 4886 485 4955 κροῦ
519 4887 625 4940 δέω
664 4886 844 4957 λέγειν
875 4890 1054 4953 οὐδείς
1083 4908 1173 4945 πω
1217 4891 1326 4944 τῶν
1374 4890 1596 4944 πώποτε
1629 4888 1921 4962 βασιλέων,

353 4974 654 5044 μεμίσηται
682 4976 784 5043 μὲν
816 4979 964 5049 παρὰ
995 4978 1214 5033 πάντων
1238 4980 1515 5048 ὑπηκόων,
1537 4980 1636 5034 ούκ
1659 4981 1920 5052 ἐπιστρέ-

351 5079 511 5128 φεται
535 5059 582 5113 δ’
614 5064 752 5126 ὅλως
776 5063 899 5119 οὔτε
929 5069 1069 5136 πρὸς
1089 5068 1389 5139 θεραπείαν
1418 5069 1512 5124 τοῦ
1547 5070 1763 5141 μίσους,
1791 5070 1920 5126 οὔτε

353 5149 488 5213 πρὸς
517 5147 695 5216 ὁρμὴν
714 5149 1087 5223 βοηθήσουσαν
1108 5161 1221 5222 τοῖς
1255 5159 1541 5229 Ῥωμαίων
1575 5162 1919 5234 πράγμασιν,

354 5234 477 5287 οὕτε
513 5236 622 5303 μὴν
656 5238 813 5309 ἀλγεῖ
841 5241 1055 5311 βλέπων
1071 5244 1201 5307 τοὺς
1224 5246 1501 5318 διαδόχους
1518 5250 1615 5321 τῆς
1641 5251 1920 5321 βασιλείας

357 5329 935 5401 προαποθνῄσκοντας.
978 5336 1221 5408 Τέθνηκε
1255 5341 1354 5411 μὲν
1384 5340 1493 5412 γὰρ
1527 5345 1554 5395 ό
1593 5343 1849 5412 βασιλεὺς
1890 5348 1920 5398 ὃ

242 5460 256 5474 .
360 5417 487 5486 ἐμὸς
513 5423 697 5490 πατὴρ
727 5426 951 5497 μηδενὸς
982 5428 1367 5495 ἀπολελαυκὼς
1401 5432 1635 5487 τῶν-ὅσα
1671 5434 1920 5505 βασιλεῦ-

365 5525 446 5563 σιν
475 5513 705 5581 ἐφεῖται,
748 5518 888 5589 πλὴν
920 5520 1014 5573 τοῦ
1051 5521 1337 5592 ὀνόματος.
1385 5524 1695 5596 Τεθνήκασι
1728 5527 1772 5581 δ’
1803 5528 1919 5582 ἓτε-

370 5615 449 5667 ροι
489 5607 598 5659 τῶν
629 5608 749 5664 καθ’
782 5606 921 5683 αἷμα
952 5613 1098 5684 μάλα
1131 5632 1215 5670 τοι
1264 5620 1650 5689 προσηκόντων
1692 5622 1788 5675 καὶ
1823 5624 1921 5692 τὴν

2007 3339 2194 3383 rerum
2226 3332 2422 3379 natura
2451 3340 2518 3380 ex
2546 3339 2604 3380 se
2637 3325 2976 3381 immutabile
3010 3334 3066 3381 et
3108 3326 3302 3381 stabile
3331 3341 3455 3381 esse
3480 3328 3581 3381 vo-

2006 3416 2131 3472 luit.
2161 3416 2317 3475 Unde
2346 3416 2427 3478 ﬁt,
2457 3426 2517 3472 ut
2538 3417 2723 3472 omnia
2773 3428 2990 3473 terrena
3031 3418 3425 3473 mutationibus
3453 3434 3586 3489 gau-

2008 3509 2140 3565 dere
2162 3524 2225 3564 ac
2255 3508 2518 3587 delectari
2553 3510 2867 3569 videamus.
2896 3511 3051 3580 Quod
3083 3514 3126 3569 si
3161 3516 3285 3583 quis
3315 3512 3584 3585 injurioso

2009 3600 2251 3670 quodam
2302 3614 2369 3656 ac
2425 3601 2669 3656 violento
2724 3612 2922 3657 conatu
2958 3603 3088 3657 velit
3116 3604 3351 3669 ellicere,
3380 3616 3467 3680 _ut
3496 3621 3587 3659 res

2009 3706 2126 3747 suae
2152 3691 2316 3763 5,00
2342 3690 2538 3747 eodem
2566 3707 2789 3762 semper
2810 3700 2952 3748 statu
2979 3695 3301 3761 consistant,
3330 3697 3375 3751 is
3403 3713 3586 3753 rerum

2010 3786 2263 3841 ordinem
2304 3785 2611 3840 naturalem
2647 3784 2904 3839 invertal.
2940 3782 3218 3854 Quidquid
3244 3796 3426 3841 autem
3457 3804 3584 3843 rum

2010 3889 2207 3933 natura
2259 3888 2484 3948 pugnat,
2520 3876 2571 3931 id
2627 3892 2752 3931 cum
2795 3877 2999 3932 limites
3036 3878 3265 3933 excedat
3290 3879 3585 3949 legitimos,

2013 3972 2171 4034 facit,
2210 3981 2270 4026 ut
2302 3971 2667 4040 iucunditatis
2703 3979 2758 4025 et
2809 3971 3130 4040 voluptatis,
3158 3987 3279 4041 quae
3331 3982 3583 4027 naturam
3621 3967 3629 3975 ’

2012 4054 2169 4135 sequi
2196 4064 2398 4129 solent,
2432 4064 2636 4118 limites
2669 4062 3029 4117 excedautur.
3062 4063 3269 4117 Eodem
3308 4066 3591 4132 pertinent

2014 4157 2293 4226 sapientes
2345 4154 2596 4210 veterum
2635 4157 2943 4221 sententias,
2979 4157 3400 4227 praecipientes:
3450 4177 3469 4211 ι
3513 4159 3594 4213 Ne

2013 4248 2147 4319 quid
2184 4249 2381 4313 nimis;
2423 4266 2443 4299 ι»
2498 4255 2553 4301 et
2595 4264 2609 4301 :
2649 4264 2669 4297 ι
2715 4246 2932 4301 Modum
2993 4263 3114 4303 esse
3168 4250 3593 4317 pulcherrimam

2014 4341 2300 4406 virtutem,
2338 4357 2356 4390 ι
2402 4338 2850 4407 pronuntiantes.
2888 4338 3093 4394 Videtis
3141 4341 3312 4403 enim,
3348 4353 3406 4395 ut
3439 4357 3596 4398 meus

2016 4448 2149 4487 avus
2173 4431 2242 4486 ad
2275 4438 2582 4487 extremum
2614 4430 2831 4484 senium
2857 4444 3201 4500 prOgressus,
3226 4442 3284 4487 et
3313 4440 3392 4485 tot
3419 4448 3595 4487 annos

2018 4523 2247 4594 imperio
2281 4524 2507 4592 potitus,
2565 4528 2700 4592 quot
2731 4523 2944 4591 (parum
2998 4522 3154 4578 abest
3203 4523 3334 4593 quin
3389 4523 3591 4595 dicam)

2019 4628 2182 4670 nemo
2214 4614 2483 4678 omnium,
2509 4613 2603 4682 qui
2640 4628 2878 4683 unquam
2908 4612 3059 4669 fuere
3099 4613 3513 4685 imperatorum,
3537 4616 3591 4669 in

2020 4707 2193 4762 totius
2220 4706 2407 4777 populi
2453 4718 2535 4761 est
2569 4706 2697 4761 odio
2730 4724 2743 4761 :
2783 4722 2885 4762 nec
2941 4709 3104 4762 ullam
3138 4723 3322 4762 curam
3361 4709 3442 4763 vel
3477 4711 3588 4763 odii

2021 4798 2171 4853 illius
2204 4814 2235 4853 a
2261 4813 2318 4854 se
2343 4799 2655 4866 amovendi,
2690 4799 2774 4854 vel
2823 4798 3083 4855 Romanae
3136 4800 3453 4870 reipublicae
3495 4818 3591 4856 su-

2021 4894 2327 4949 stentanda:
2357 4895 2610 4964 suscipit,
2632 4911 2809 4966 neque
2826 4896 2974 4952 dolet
3004 4911 3352 4954 successores
3379 4899 3594 4971 imperii

2023 4994 2151 5040 ante
2192 5000 2251 5040 se
2286 4986 2447 5040 mori.
2493 4985 2642 5042 Obiit
2672 4989 2820 5042 enim
2882 4988 3180 5057 imperator
3233 4999 3388 5058 pater
3441 5006 3597 5046 meus

2027 5080 2146 5132 sine
2203 5077 2314 5132 ullo
2366 5078 2586 5148 imperii
2649 5079 2855 5145 fructu,
2908 5081 3015 5135 nisi
3049 5097 3247 5136 nomen
3294 5085 3597 5154 exceperis.

2026 5166 2300 5224 Obierunt
2323 5179 2378 5224 et
2407 5170 2497 5224 alii
2533 5173 2800 5241 sanguine
2830 5171 2880 5226 ei
2938 5174 3371 5243 coniunctissimi
3406 5183 3462 5231 et
3499 5177 3602 5231 mi-

2031 5275 2196 5315 nores
2231 5271 2413 5316 aetate.
2450 5261 2655 5316 Moriar
2704 5271 2760 5317 et
2814 5263 2928 5332 ipse
2973 5266 3244 5330 fortassis,
3284 5268 3600 5337 priusquam
3692 5280 3697 5285 ‘

2028 5364 2097 5403 ex
2131 5350 2381 5420 imperio‘
2419 5352 2629 5406 fructus
2680 5353 2884 5423 aliquid
2919 5369 3136 5425 cepero.
3173 5356 3315 5423 Quid
3346 5358 3491 5411 enim
3523 5357 3604 5411 fa-

2028 5440 2189 5497 cilius
2219 5441 2427 5499 accidit
2458 5442 2689 5510 homini,
2726 5446 3028 5514 prasertim
3056 5447 3269 5501 nullum
3299 5447 3607 5517 perieulum

2028 5531 2330 5601 defugieuti
2386 5541 2441 5588 et
2490 5532 2558 5589 de
2595 5533 2706 5590 vita
2754 5535 2979 5591 minime
3012 5536 3287 5592 sollicito?
3336 5535 3603 5591 Fortassis

2030 5632 2215 5678 autem
2266 5637 2352 5679 me
2404 5624 2668 5696 regnandi
2707 5626 3006 5698 cupiditate
3035 5627 3287 5684 laborare
3312 5627 3479 5699 aliqui
3505 5640 3601 5682 su-

1669 5738 2011 5800 Vario’rum
2048 5745 2234 5800 notae.

441 5822 546 5895 (68)
578 5825 873 5900 Varangns,
915 5831 992 5887 uti
1016 5849 1181 5905 supra
1205 5834 1305 5891 lib.
1332 5852 1448 5901 vni,
1472 5853 1593 5909 cap.
1620 5841 1673 5903 ὅ,
1696 5832 1833 5896 sect.
1859 5841 1914 5895 ‘2.
1962 5840 2196 5895 Ducam.

611 5921 887 5986 PATROL.
925 5928 1044 5989 GR.
1106 5928 1403 5991 CXLVIII

3220 5940 3294 6003 l9
