4088 6606
625 458 730 524 595
909 457 987 533 [Α.
1027 476 1085 515 u.
1125 460 1254 516 679l
1303 478 1370 518 an
1411 462 1574 534 6856|

1831 465 2252 527 NICEPIIORI
2283 465 2678 528 .GREGOIUE

2928 465 3062 538 [ιιιρ.
3106 481 3391 524 Αιιωιοιιιο.
3411 469 3562 560 μοι]

3711 484 3800 552 596

627 576 846 632 latenus
887 581 1343 639 admittebantur.
1387 583 1494 640 Sed
1538 592 1594 640 et
1641 583 1909 640 acerrime
1955 579 2177 652 repelle-

2291 583 2394 637 οῦκ
2419 581 2716 655 εῖχενὸλως
2743 583 2853 640 οὔτ’
2883 589 3068 656 αὐτὸς,
3104 589 3228 644 οὔτε
3263 586 3332 644 τά
3377 591 3506 660 προς
3550 595 3691 652 αὑτοῦ
3729 603 3806 656 λα-

623 667 808 736 hutur,
834 671 1108 742 lapidibus
1138 689 1374 745 superne
1401 677 1676 745 appetitus
1705 677 1774 732 ab
1807 676 1906 740 iis,
1936 674 2029 746 qui
2058 687 2186 743 pro-

623 763 932 831 pugnacula
988 766 1252 820 mmnium
1313 768 1649 833 tuebantur;
1713 768 1807 839 qui
1870 783 1939 823 ne
1994 781 2184 822 vocem

618 851 840 919 quidem
865 855 988 926 ejus
1019 856 1290 924 ferebant,
1315 858 1994 930 eumqueucontnmeliosis
2021 855 2185 912 dictis

619 941 848 1010 impune
895 946 1248 1005 incessebant
1287 960 1343 1006 et
1383 951 1748 1020 ignominiosa
1791 950 2180 1016 dimittebant,

619 1033 900 1108 ingenium
921 1048 976 1094 et
1007 1041 1172 1096 verba
1201 1043 1322 1112 ejus
1349 1043 1476 1100 dolo
1508 1044 1667 1114 plena
1697 1059 1818 1100 esse
1843 1043 2181 1098 dictitantes.

615 1123 808 1197 itaque
834 1129 925 1186 ille
950 1133 1034 1187 sic
1055 1133 1318 1190 dimissus
1338 1137 1621 1207 paululum
1637 1153 1664 1192 a
1685 1151 1844 1192 muro
1863 1135 2179 1192 declinavit.

681 1303 750 1361 li.
790 1306 908 1362 Nox
937 1325 1068 1368 vero
1093 1312 1204 1381 iam
1233 1313 1426 1368 aderat
1450 1353 1465 1376 ,
1498 1329 1626 1374 cum
1661 1315 1884 1386 quidam
1910 1331 1938 1371 e
1967 1315 2178 1388 plebeia

613 1398 772 1454 turba
809 1401 1061 1469 factiosi,
1113 1404 1262 1474 iique
1313 1421 1424 1460 non
1472 1407 1674 1477 pauci,
1719 1409 1860 1463 clam
1906 1409 1960 1463 iu
2005 1425 2176 1464 unum

609 1489 795 1545 locum
829 1495 1140 1564 congregati
1190 1497 1406 1552 occulte
1451 1497 1530 1553 illi
1577 1498 1920 1569 signiﬁcant,
1971 1509 2032 1555 ut
2073 1500 2178 1556 sub

612 1581 846 1635 mediam
875 1595 1092 1640 noctem
1120 1629 1133 1652 ,
1165 1603 1276 1656 quo
1317 1597 1563 1660 tempore
1604 1599 1660 1644 et
1701 1591 1944 1662 Byzantii
1985 1607 2176 1648 omnes

609 1673 887 1730 dormiant
933 1686 987 1732 et
1041 1680 1303 1736 mmnium
1364 1683 1628 1740 custodes
1668 1683 1734 1738 ad
1785 1684 2173 1755 negligentiam

605 1767 720 1822 labi
754 1767 1059 1840 incipiant,
1093 1772 1345 1841 proxime
1399 1777 1598 1830 moenia
1645 1777 1853 1832 veniat.
1903 1777 1973 1832 Se
2024 1776 2172 1830 enim
2213 1838 2224 1849 ,

605 1868 829 1926 paratos
862 1874 984 1916 esse
1017 1862 1088 1916 ad
1117 1878 1242 1917 eum
1278 1863 1406 1920 fune
1441 1863 1498 1919 lu
1543 1867 1956 1936 propugnacula
2000 1875 2174 1921 attra-

609 1947 883 2006 hendum.
933 1951 1090 2017 Quod
1139 1953 1188 2009 si
1239 1954 1434 2021 licret,
1487 1963 1662 2011 totum
1721 1957 2002 2028 negotium
2055 1955 2174 2012 fore

603 2039 941 2096 conlectum.
991 2043 1319 2099 Persuasum
1375 2045 1580 2116 quippe
1630 2045 1835 2101 habere
1891 2061 1981 2111 se,
2019 2044 2064 2101 si
2117 2047 2172 2100 in

605 2127 796 2189 media
821 2137 958 2190 urbe
988 2137 1424 2208 conspiceretur;
1455 2139 1743 2210 Byzantios
1767 2153 1960 2195 omnes
1987 2137 2172 2194 statim

607 2225 676 2280 ad
705 2241 831 2282 eum
863 2226 1200 2286 defecturos.
1236 2231 1412 2286 Media
1435 2232 1545 2302 jam
1576 2242 1770 2298 nocte,
1805 2246 1930 2286 cum
1961 2231 2176 2286 videret

607 2318 908 2388 imperator
949 2323 1298 2378 excubitores
1332 2333 1656 2395 perpetuam
1692 2333 1910 2379 noctem
1945 2322 2174 2378 alternis

608 2415 980 2471 custodiendo
1033 2419 1374 2488 transigere,
1429 2425 1486 2472 et
1539 2417 1780 2473 assiduis
1835 2417 2174 2472 clamoribus

604 2505 847 2560 invicem‘
877 2505 950 2560 ad
981 2507 1316 2576 vigilandum
1367 2507 1649 2564 exhortari
1702 2523 1810 2563 non
1865 2508 2170 2573 desistere;

604 2599 941 2655 necessitate
991 2602 1222 2677 adactus
1275 2616 1332 2656 se
1370 2601 1560 2677 ipsum
1608 2617 1734 2656 cum
1783 2600 2172 2656 Cantacuzeno

605 2705 804 2761 magno
833 2672 1138 2748 domestico
1170 2703 1226 2748 et
1257 2672 1546 2765 Synadeno
1579 2701 1986 2765 protostratore
2017 2692 2174 2748 navi-

606 2782 746 2837 cula:
779 2785 1095 2848 committit,
1127 2786 1512 2857 declinataque
1545 2787 1770 2843 australi
1812 2785 1976 2842 Urbis
2005 2785 2172 2858 409

604 2881 765 2944 parte
800 2877 1000 2931 sensim
1039 2877 1108 2932 ad
1144 2880 1372 2933 alteram
1406 2881 1582 2949 ripam
1620 2879 1966 2950 provehitur,
2001 2879 2174 2932 mari-

609 2967 806 3022 timum
841 2984 1058 3026 murum
1092 2973 1255 3027 tacite
1305 2974 1670 3037 circumiens,
1721 2972 1902 3028 sicubi
1955 2971 2170 3027 facilem

607 3059 917 3130 ingressum
958 3062 1204 3132 reperire
1249 3073 1458 3132 posset.
1505 3063 1661 3129 Quod
1709 3063 1743 3116 ii
1789 3062 1884 3134 qui
1935 3062 1990 3118 in
2037 3078 2173 3120 mte—

603 3151 770 3208 nihus
798 3153 1142 3209 excubabant
1171 3169 1298 3209 eum
1327 3153 1665 3220 sensissent,
1703 3157 1954 3226 aSpcrius
1983 3165 2039 3210 et
2072 3169 2170 3210 vo-

2289 677 2545 750 λούμενα.
2601 677 2887 736 Ἐδιώκετο
2915 680 2971 734 δέ
3007 681 3152 754 μάλα
3184 682 3428 753 σφοδρῶς
3456 684 3608 751 λίθοις
3629 689 3806 758 βαλλόν-

2285 787 2396 824 των
2421 771 2583 826 αὐτὸν
2622 771 2732 826 τῶν
2758 773 2870 829 ἀνω
2893 774 3046 845 παρά
3083 775 3180 838 τὰς
3228 773 3473 840 ἐπάλξεις
3521 777 3608 832 τοῦ
3632 783 3808 852 τείχους

2285 863 2630 934 καθημένων,
2669 864 2720 917 οἳ
2739 866 2857 920 οὐδέ
2888 867 3072 938 φωνῆς
3097 865 3262 921 αὑτοῦ
3303 866 3514 922 ἀκούειν
3544 872 3804 943 ἠνείχοντοο

2283 954 2420 1010 ἀλλά
2448 957 2538 1008 καὶ
2563 955 2787 1027 ὕϐρεσιν
2819 949 3049 1012 ἔπλυνον
3082 956 3252 1020 ἀδεῶς
3285 959 3380 1012 καὶ
3429 960 3663 1030 ἀσέμνως
3700 968 3808 1018 ἀπέ-

2285 1062 2524 1116 πεμπον,
2575 1046 2958 1118 δεδολιευμένα
2989 1047 3286 1115 φάσκοντες
3331 1043 3468 1103 εἶναι
3523 1049 3586 1104 τά
3623 1068 3674 1106 τε
3721 1056 3807 1128 ῆθη

2283 1139 2378 1194 καὶ
2435 1139 2565 1203 τοὺς
2618 1139 2810 1208 λόγους
2858 1139 3048 1195 αὑτοῦ.
3093 1142 3331 1204 Ἐκεῖνος
3383 1142 3481 1210 μὲν
3509 1137 3618 1222 χοὖν
3663 1140 3808 1211 οὕτως

2230 1226 2236 1230 ’
2282 1229 2662 1299 ἀποπεμφθεὶς
2691 1229 2965 1295 ἐξέκλινεν
2993 1230 3103 1284 ἀπὸ
3141 1231 3234 1286 τοῦ
3261 1230 3472 1302 τείχους
3499 1234 3693 1302 μικρόν.

2353 1321 2427 1376 B'.
2469 1321 2585 1388 Νὺξ
2607 1321 2660 1376 δὲ
2687 1322 2786 1394 ἤδη
2821 1326 3001 1394 παρῆν
3027 1323 3122 1377 καί
3150 1340 3293 1386 τινες
3311 1323 3421 1378 τῶν
3444 1323 3532 1378 τοῦ
3569 1326 3808 1382 πολιτικοῦ

2280 1409 2454 1481 δήμου
2527 1411 2842 1466 στασιωτῶν
2895 1413 2996 1466 οὐκ
3045 1411 3238 1482 ὀλίγοι,
3273 1411 3720 1484 συναθροισθέντες
3745 1417 3810 1478 είς

2279 1503 2338 1556 ἓν
2375 1503 2550 1576 λάθρα
2577 1503 2776 1576 τούτῳ-
2801 1502 3219 1574 διεμηνύσαντο,
3267 1501 3491 1572 ἔγγιστα
3534 1505 3812 1574 ἐληλυθέναι

2279 1594 2372 1648 τοῦ
2404 1569 2618 1665 τείχους
2653 1569 2784 1667 περῖ
2813 1569 2984 1665 μέσας
3014 1569 3240 1660 νύκτας,
3266 1569 3426 1649 ὁπότε
3447 1595 3536 1650 καὶ¹
3563 1569 3812 1661 Βυζάντιοι

2279 1687 2477 1750 πάντες
2507 1683 2844 1740 ὑπνώττουσι
2883 1687 2977 1740 καὶ
3011 1687 3060 1740 oi
3103 1688 3194 1740 ἔπι
3241 1687 3334 1741 τοῦ
3381 1687 3586 1756 τείχους
3614 1689 3812 1758 φρουροὶ

2279 1777 2413 1845 πρὸς
2439 1777 2498 1829 τὸ
2549 1777 2918 1852 ῥᾳθυμότερον
2971 1778 3387 1834 ἀναπίπτουσιν.
3428 1758 3692 1849 Ἐτοίμους
3723 1779 3813 1850 γὰρ

2278 1868 2415 1924 εἷναι
2437 1872 2577 1940 σφᾶς
2609 1871 2974 1940 ἀνιμήσασθαι
2991 1871 3153 1926 αὐτὸν
3173 1873 3262 1926 διὰ
3289 1871 3549 1942 μηρίνθου
3572 1873 3702 1936 τινὸς
3720 1872 3814 1924 ἀπὸ

2276 1963 2384 2016 τῶν
2403 1961 2696 2028 ἐπάλξεων.
2722 1962 2806 2035 [Ρ.
2828 1963 3131 2034 ἓὸοιτοῦτο
3149 1962 3196 2018 δ’
3209 1965 3258 2017 εί
3279 1963 3507 2033 γένοιτο,
3529 1963 3686 2034 πέρας
3700 1959 3824 2016 εἶναι

2275 2051 2376 2125 τῆς
2398 2054 2526 2125 ὅλης
2549 2055 2782 2126 σπουδῆς
2814 2051 3021 2109 καὶτοῦ
3053 2054 3267 2126 μακροῦ
3293 2055 3516 2126 δρόμου.
3550 2054 3816 2123 Πεπεισμέο

2275 2163 2400 2210 νους
2421 2146 2528 2216 γὰρ
2553 2139 2712 2212 εἶναι,
2739 2145 2945 2210 πάντας
2966 2145 3292 2211 Βυζαντίους
3313 2145 3477 2210 εὐθὺς
3497 2137 3818 2215 ἀκολουθῆσαι

2277 2238 2499 2308 φανέντι
2555 2237 2686 2310 περὶ
2729 2238 2901 2312 μέσην
2953 2237 3054 2309 τὴν
3108 2237 3524 2308 βασιλεύουσαν.
3579 2236 3744 2308 Μέσης
3771 2235 3817 2288 δὲ

2274 2330 2378 2402 ἤδη
2403 2330 2595 2394 νυκτὸς
2627 2329 2929 2400 γενομένης
2989 2331 3085 2384 καὶ
3138 2330 3352 2400 βλέπων
3405 2329 3434 2382 ό
3469 2328 3724 2400 βασιλεὺς,
3755 2327 3818 2390 ὡς

2275 2423 2574 2494 ἀμοιϐαδὸν
2603 2422 2652 2476 oi
2681 2422 2914 2493 φρουροὶ⁵
2941 2422 3040 2494 τὴν
3071 2423 3241 2476 νύκτα
3283 2424 3478 2477 οπᾶσαν
3536 2419 3816 2490 παραλλάτ-

2275 2493 2458 2578 τοντες
2491 2515 2554 2568 οὐ
2592 2513 2860 2568 παύονταί
2893 2493 3098 2583 φωναῖς
3121 2513 3544 2584 ἀλλεπαλλήλοις
3589 2509 3818 2579 ἀλλήλους

2274 2606 2412 2680 προς
2439 2608 2499 2662 τὺ
2521 2607 2820 2678 ἐγρηγορὸς
2842 2605 3221 2678 διεγείροντες,
3243 2604 3456 2676 ἀκατίῳ
3477 2603 3580 2659 τινὶ
3603 2600 3820 2657 πιστεύει

2275 2700 2468 2756 ἑαυτὸν
2495 2700 2555 2767 ἐξ
2590 2698 2833 2768 ἀνάγκης
2857 2698 2951 2764 ξύν
2967 2715 3030 2766 γε
3058 2696 3497 2766 Καντακουζηνῷ
3530 2696 3604 2766 τῷ
3629 2693 3822 2764 μεγάλῳ

2272 2789 2574 2862 ἃομεστίκῳ
2601 2788 2694 2842 καὶ
2720 2787 3005 2858 Συναδηνῷ
3029 2785 3106 2858 τῷ
3130 2789 3569 2858 πρωτοστρᾶτορι
3587 2802 3600 2816 °
3621 2783 3683 2838 δι⁹
3702 2777 3755 2837 οὗ
3771 2781 3823 2834 τδ

2275 2883 2448 2938 νότιον
2479 2882 2646 2953 μέρος
2701 2879 2800 2950 τῆς
2854 2879 3484 2942 Κωνσταντινουπόλεως
3534 2866 3819 2946 κάμψαντες

2271 2972 2486 3043 ὁμαλῶς
2503 2969 2908 3041 διεπεραιοῦντο
2932 2969 3240 3043 περιιόντες
3265 2969 3484 3040 ἡσύχως
3505 2970 3562 3022 τὸ
3587 2965 3822 3037 παράλιον

2271 3067 2470 3134 τεῖχος,
2508 3063 2688 3116 εἵπου
2721 3063 3000 3134 δυνηθεῖεν
3029 3063 3232 3116 εἷσοδόν
3261 3079 3380 3114 τινα
3431 3061 3617 3134 ῥᾳδίαν
3645 3057 3818 3127 εὑρεῖν.

2285 3154 2428 3210 Ἀλλ’
2450 3154 2500 3206 οί
2533 3155 2626 3208 ἐπὶ
2669 3153 2732 3207 τὸ
2795 3157 2972 3225 τεῖχος
3006 3153 3235 3223 φρουροὶ⁵
3285 3151 3686 3220 συναισθόμενοι
3713 3165 3848 3216 τραο.

601 3242 818 3297 cil'erati
869 3253 927 3297 et
974 3245 1291 3300 tumultuati
1333 3255 1504 3309 sum,
1549 3256 1606 3302 et
1660 3245 1713 3300 in
1746 3247 1868 3302 illos
1900 3245 2036 3300 nihil
2086 3262 2170 3301 re-

2276 3250 2479 3334 xueép}
2528 3251 2593 3320 τῇ
2641 3247 2736 3319 βοῇ
2790 3249 2883 3300 καὶ
2915 3247 2993 3317 τῷ
3049 3244 3262 3317 θορύϐῳ
3294 3245 3628 3316 ἐχρήσαντο·
3652 3240 3736 3336 καὶ
3761 3238 3824 3310 μὴ

606 3333 946 3402 εροιιιιοιῆοε
984 3351 1114 3391 saxa
1149 3338 1312 3393 etiam
1343 3339 1621 3410 coniicere
1647 3347 1964 3408 coeperunt,
1995 3338 2172 3394 donec

2276 3333 2721 3412 ἀποκρινομένων
2773 3342 2864 3392 καὶ
2909 3337 3090 3400 λίθους
3121 3339 3220 3410 ἤδη
3254 3339 3378 3390 κατ’
3410 3336 3588 3390 αὐτῶν
3621 3334 3826 3406 ἧρξαντο

600 3423 772 3480 iidem
802 3427 978 3482 territi
1024 3444 1320 3486 recessere.
1378 3430 1456 3486 Ac
1491 3439 1606 3486 tum
1642 3431 1866 3502 quidem
1900 3431 2015 3487 haec
2050 3441 2170 3485 acta

599 3529 752 3574 δυηι.
1465 3592 1470 3596 ἡ

670 3611 764 3667 Ill.
806 3612 1060 3670 insecuta
1085 3625 1270 3670 autem
1301 3631 1486 3670 mense
1515 3615 1803 3672 Decembri
1831 3617 2040 3688 iuniori
2073 3615 2174 3669 im-

601 3705 845 3773 peratori
895 3707 1090 3762 litterae
1140 3707 1722 3764 TheSsalonicensium
1760 3709 1896 3764 clam
1929 3708 2174 3764 alferuu-

604 3807 716 3858 tur,
749 3795 954 3866 quibus
989 3812 1152 3867 quam
1205 3799 1445 3868 primum
1491 3800 1900 3855 arcessebatur.
1954 3797 2171 3854 Etenim

601 3889 854 3958 plebeios
906 3905 1098 3945 omnes
1150 3901 1204 3946 et
1253 3907 1512 3962 proceres
1563 3894 1854 3964 plerosque
1883 3903 1940 3950 ct
1985 3885 2170 3965 ipsum

602 3980 924 4053 pontiﬁcem
959 3983 1267 4053 composito
1299 3983 1613 4040 decrevisse
1638 4026 1652 4049 ,
1689 3986 1877 4040 statim
1915 3996 2079 4056 atque
2128 3989 2175 4044 is

602 4089 776 4146 prope
813 4075 1014 4130 mtenia
1048 4075 1340 4131 adfuturus
1369 4083 1539 4141 esset,
1569 4076 1637 4132 ad
1674 4076 1850 4146 ipsum
1883 4094 2174 4136 accurrere

605 4175 658 4220 et
697 4174 884 4236 portas
933 4168 985 4220 ci
1033 4167 1270 4237 aperire.
1327 4166 1538 4232 Quibus
1584 4168 1824 4240 cognitis
1873 4169 2174 4240 imperator

606 4271 860 4330 magnam
897 4257 1136 4313 militum
1172 4275 1398 4315 manum
1435 4261 1824 4329 protostratori
1862 4262 2048 4327 dedit,
2087 4266 2172 4320 ei-

606 4365 716 4418 que
745 4350 1042 4420 prmcepit,
1080 4360 1139 4406 ut
1175 4331 1588 4421 impcratricem
1626 4351 1818 4407 urbem
1857 4353 2178 4410 circumiret

601 4453 660 4500 ct
711 4441 928 4497 eminus
975 4443 1129 4496 velut
1177 4443 1376 4498 castris
1422 4444 1846 4522 cingeret,.nec
1883 4445 2176 4522 Byzantios

533 4520 558 4536 ’
604 4550 777 4608 usque
810 4535 876 4590 ad
917 4534 1188 4606 Rhegium
1230 4535 1417 4604 egredi
1460 4520 1663 4590 ferisve
1707 4520 2042 4594 commorari
2077 4555 2177 4608 pa-

2275 3431 2538 3500 πέμπειν,
2571 3429 2644 3493 ὡς
2673 3430 2868 3482 ἐκεῖνοι
2897 3429 3226 3500 φοϐηθέντες
3269 3428 3700 3502 ἀναστρέψαντες
3735 3425 3826 3479 ἀπο

2273 3522 2459 3594 ᾔεσαν.
2499 3521 2631 3574 Τότε
2669 3521 2768 3592 μέν
2793 3517 2888 3574 οὖν
2921 3520 3091 3574 ταῦτα
3121 3520 3394 3592 ἐπράχθηο

2346 3615 2422 3668 I".
2450 3614 2556 3667 Τοῦ
2582 3613 2627 3666 δ’
2663 3614 2907 3676 ἐπιόντος
2958 3614 3126 3683 μηνὸς
3161 3613 3504 3683 Δεκεμϐρίου
3532 3610 3638 3684 (74)
3669 3608 3828 3680 γράμ-

2279 3726 2426 3781 ματα
2483 3708 2617 3779 πρὸς
2690 3707 2798 3760 τῶν
2855 3705 3294 3760 Θεσσαλονικέων
3359 3705 3536 3776 λάθρα
3607 3703 3680 3774 τῷ
3738 3701 3828 3768 νέῳ

2277 3800 2596 3872 κομίζονται
2651 3797 2880 3869 βασιλεῖ,
2939 3796 3396 3868 προσκαλούμενα
3441 3798 3542 3868 τὴν
3591 3793 3826 3864 ταχίστην

2277 3893 2460 3947 αὐτόν.
2486 3888 2638 3945 Εἶναι
2671 3891 2780 3961 γὰρ
2803 3885 3153 3962 ξυγκείμενον
3171 3894 3283 3954 τοῖς
3304 3908 3362 3944 τε
3399 3891 3654 3962 δημόταις
3679 3887 3828 3940 ἅπασι

2277 3985 2371 4039 καὶ
2405 3987 2516 4049 τοῖς
2565 3985 2771 4038 πλείοσι
2845 3983 2954 4038 τῶν
2979 3983 3322 4054 προύχόντων
3362 3983 3462 4037 καὶ
3504 3981 3648 4052 αὐτῷ
3693 3995 3748 4047 γε
3773 3975 3828 4046 δὴ

2277 4077 2355 4147 τῷ
2381 4077 2645 4146 ἀρχιερεῖ,
2682 4073 2800 4145 ἅμα
2844 4075 2920 4144 τῷ
2950 4073 3176 4144 πλησίον
3219 4061 3460 4144 φανῆναι
3512 4073 3606 4126 τοῦ
3642 4071 3829 4141 τείχους

2276 4169 2438 4223 αὑτὸν
2461 4167 2768 4238 δραμόντας
2799 4165 3006 4231 ἀνοίξαί
3025 4166 3074 4219 οί
3109 4165 3208 4230 τὰς
3258 4166 3458 4230 πύλας.
3505 4165 3652 4218 Ἐπεὶ
3679 4161 3828 4215 ταῦτα

2279 4261 2627 4331 ἐμεμαθήκει
2649 4261 2674 4312 ό
2713 4258 2984 4329 βασιλεὺς,
3024 4260 3247 4330 συχνοὺς
3283 4261 3562 4332 παραδοῦς
3593 4257 3667 4329 τῷ
3698 4270 3830 4325 πρωο

2277 4355 2599 4427 τοστράτορι
2627 4355 2962 4425 στρατιώτας
2986 4353 3254 4423 περιιέναι
3285 4351 3719 4424 παρεκελεύσατο
3751 4345 3832 4399 καὶ

2277 4448 2390 4505 οἷον
2423 4447 2996 4520 περιστρατοπεδεύειν
3059 4445 3156 4518 τὴν
3212 4445 3612 4516 βασιλεύουσαν
3659 4440 3831 4513 μικρὸν

2280 4543 2498 4600 ἄπωθεν
2539 4544 2630 4596 καὶ
2674 4541 2746 4612 μὴ
2772 4543 2866 4612 ἐᾷν
2910 4540 3038 4611 ἀχρι
3082 4537 3302 4609 Ῥηγίου
3354 4539 3481 4601 τοὺς
3532 4532 3830 4600 Βυζαντίους

605 4636 843 4696 teretpr,
884 4627 1227 4695 eosdemque
1257 4627 1477 4682 arcanis
1499 4627 1702 4684 litteris
1729 4639 1784 4684 et
1819 4631 2170 4699 pollicitatio-

2284 4637 2522 4704 ἐξιόντας
2571 4633 2869 4706 διατρίϐειν
2889 4650 2903 4666 ο
2935 4634 3027 4684 καὶ
3057 4633 3191 4702 πρός
3243 4647 3306 4694 γε
3363 4629 3643 4698 λαθραίοις
3673 4622 3832 4692 γράμο

606 4721 791 4784 nibus,
817 4735 938 4788 quae
977 4719 1177 4787 cuique
1223 4708 1608 4785 convenirmit,
1645 4722 1883 4778 ambiret
1913 4733 1967 4778 et
1997 4735 2129 4804 pote
2153 4753 2179 4766 -

603 4814 730 4868 stati
761 4827 874 4866 sua:
907 4811 1370 4882 subjicerethse
1404 4827 1531 4866 vero
1565 4829 1686 4868 cum
1727 4816 1916 4884 paucis
1949 4817 2178 4873 delectis

606 4904 1055 4960 Thessalonicam
1105 4903 1265 4958 abiit.
1299 4903 1436 4958 Tum
1466 4921 1614 4968 vero,
1651 4918 1878 4976 propter
1907 4909 2180 4978 suspicio-

606 5014 705 5054 nes
745 4999 1109 5060 tumultuum,
1161 4998 1476 5052 Demetrius
1527 4998 1756 5068 despota
1809 5009 1868 5054 et
1921 5013 2177 5070 protoveo

601 5091 832 5148 etiarius
860 5090 1210 5146 Andronicus
1248 5097 1304 5145 et
1338 5089 1565 5144 Michael
1602 5092 1748 5145 Asan
1780 5107 1904 5146 cum
1933 5093 2172 5148 auxilia-

603 5185 762 5240 ribus
813 5183 1186 5238 Triballorum
1236 5182 1411 5252 copiis
1463 5191 1617 5236 extra
1669 5184 1873 5238 muenia
1928 5184 2172 5240 diversa-

601 5278 828 5341 bantnr,
861 5285 917 5330 et
967 5275 1348 5331 Macedonicas
1382 5276 1548 5329 etiam
1585 5275 1958 5329 Romanorum
2004 5277 2174 5348 legiu-

607 5384 710 5424 nes
756 5383 940 5424 secum
993 5365 1291 5423 habebant.
1322 5367 1424 5434 Qui
1476 5367 1608 5421 rixis
1639 5375 1695 5421 et
1725 5369 2174 5425 contentionibus

508 5467 519 5476 '
607 5460 840 5530 privatis
865 5475 988 5513 cum
1021 5468 1448 5530 occuparentur,
1485 5475 1622 5530 quas
1652 5457 1882 5513 ambitio
1917 5469 1968 5512 ct
1999 5473 2175 5516 caecus

603 5567 762 5607 amor
785 5550 869 5606 sui
907 5551 989 5604 vel
1019 5553 1200 5620 potius
1231 5551 1308 5605 ira
1336 5549 1587 5604 Numinis
1619 5548 1786 5621 410
1815 5549 2172 5616 accendebat,

609 5651 668 5696 nt
728 5643 893 5698 rebus
933 5642 1175 5712 ipsorum
1227 5635 1476 5714 confﬁsis
1529 5641 1632 5712 ipsi
1694 5639 1800 5694 sibi
1867 5643 2170 5710 perniciem

2283 4747 2414 4801 μασι
2447 4728 2540 4783 καὶ
2575 4725 2930 4796 ὑποσχέσεσιν
2961 4723 3292 4792 ὑπέρχεσθαι
3325 4721 3421 4776 καὶ
3475 4714 3828 4774 ὑποποιεῖσθαι

2277 4800 2404 4882 τοὺς
2439 4817 2765 4882 Βυζαντίους
2799 4813 2937 4866 κατά
2989 4811 3050 4865 τὸ
3100 4813 3374 4883 προσῆκον
3434 4812 3664 4880 ἑκάστῳ.
3718 4804 3768 4857 Ὀ
3793 4800 3831 4854 δ’

2275 4911 2489 4978 ὀλίγους
2516 4909 2667 4971 τινὰς
2695 4907 3092 4975 ἀπολεξάμενος
3128 4904 3300 4975 (exsto
3335 4891 3522 4956 ἀπιὼν
3571 4903 3623 4961 ἐς
3647 4898 3830 4950 Θεσσα-

2278 5004 2519 5072 λονίκην.
2579 5003 2808 5070 Ἔτυχον
2869 4999 2924 5052 δὲ
2984 4995 3294 5062 τηνικαῦτα
3336 4993 3706 5066 διατρίϐοντες
3745 4985 3834 5052 ἔξω

2278 5095 2472 5166 τειχῶν
2503 5093 2588 5146 διά
2615 5093 2712 5154 τὰς
2745 5091 2980 5160 ὑποψίας
3007 5089 3112 5142 τῶν
3140 5087 3386 5159 θορύϐων
3443 5085 3584 5156 μετά
3623 5082 3711 5136 τοῦ
3741 5076 3833 5132 ἀπὸ

2279 5189 2390 5240 τῶν
2424 5185 2742 5254 Τριϐαλλῶν
2772 5183 3122 5254 συμμαχικοῦ
3155 5179 3388 5251 στρατοῦ
3425 5182 3455 5234 ὅ
3476 5195 3534 5234 τε
3593 5175 3834 5238 δεσπότης
3935 5189 3950 5207 ε

2273 5281 2578 5351 Δημήτριος
2627 5283 2716 5332 καῖ
2756 5282 2784 5333 ό
2843 5276 3334 5351 πρωτοϐεστιάριος
3387 5272 3721 5342 ’Λνδρόνικος
3755 5264 3832 5318 καὶ

2270 5375 2298 5426 ὁ
2337 5350 2500 5425 γἈσάν
2529 5371 2747 5442 Μιχαὴλ
2788 5371 2900 5440 (75)
2927 5406 2944 5436 ,
2979 5350 3311 5438 ἐπαγόμενοι
3340 5368 3439 5420 καὶ
3465 5367 3534 5419 τά
3553 5361 3836 5419 Μακεδονι-

2278 5463 2350 5518 κά
2379 5463 2488 5516 τῶν
2531 5463 2819 5534 Ῥωμαίων
2847 5461 3252 5532 στρατεύματα.
3281 5453 3380 5512 Ὦν
3402 5458 3469 5523 δὴ
3497 5457 3595 5511 καὶ
3616 5453 3834 5524 ἀσχόλων

2269 5555 2444 5609 ὄντων
2477 5553 2606 5625 περὶ
2633 5555 2730 5616 τὰς
2776 5553 2897 5607 κατ’
2948 5554 3144 5615 αὐτοὺς
3178 5551 3382 5622 ἔριδας,
3425 5549 3494 5614 ἃς
3554 5541 3834 5614 ἁνέφλεξαν

2277 5647 2576 5714 κενοδοξίας
2629 5648 2722 5699 καὶ
2759 5644 3042 5714 φιλαυτίας
3094 5645 3248 5716 τε).χῖ
3279 5644 3332 5708 ές
3388 5660 3559 5711 τινες,
3591 5642 3622 5712 ἢ
3657 5636 3835 5712 μᾶλλον

1954 5739 2288 5805 Variorum
2325 5755 2513 5807 notae.

676 5838 790 5904 ΓΜ)
830 5834 1202 5897 Cantacuzeu.
1241 5842 1336 5897 lib.
1364 5857 1404 5905 ι,
1430 5855 1552 5910 cap.
1613 5841 1704 5906 5|,
1763 5839 1853 5902 55,
1916 5841 2002 5896 54.
2039 5840 2272 5899 Demus.

684 5911 794 5982 ('75)
818 5910 1044 5967 Joannis
1073 5913 1268 5971 Asanis
1303 5905 1571 5982 Bulgariae
1601 5914 1747 5982 regis
1779 5911 1921 5968 lilius
1965 5915 2388 5980 priinOgenitus-
2418 5905 2554 5964 Vide
2586 5905 2783 5963 Famil.
2823 5909 3049 5982 Byzanl.
3085 5925 3207 5979 pag.
3233 5910 3354 5966 525.
3396 5909 3638 5964 υκαιἓίοο

3968 4097 3972 4224 ι
