  <div class='ocr_page' id='page_1' title='image "/cluster/home/n/w/nwhite01/storage/ocr_20150623/148/hvd.32044019208362/309.png"; bbox 0 0 4088 6600; ppageno 0'>
   <div class='ocr_carea' id='block_1_1' title="bbox 527 382 1399 461">
    <p class='ocr_par' dir='ltr' id='par_1_1' title="bbox 527 382 1399 461">
     <span class='ocr_line' id='line_1_1' title="bbox 527 382 1399 461; baseline 0 -20"><span class='ocrx_word' id='word_1_1' title='bbox 527 384 632 449; x_wconf 71' lang='lat'><strong>599</strong></span> <span class='ocrx_word' id='word_1_2' title='bbox 779 382 853 455; x_wconf 63' lang='grc' dir='ltr'><strong>[Α.</strong></span> <span class='ocrx_word' id='word_1_3' title='bbox 885 383 1106 453; x_wconf 71' lang='lat' dir='ltr'><strong>u.;679t</strong></span> <span class='ocrx_word' id='word_1_4' title='bbox 1145 401 1212 442; x_wconf 72' lang='lat' dir='ltr'><strong>AD</strong></span> <span class='ocrx_word' id='word_1_5' title='bbox 1237 384 1399 461; x_wconf 70' lang='lat' dir='ltr'><strong>esse]</strong></span> 
     </span>
    </p>
   </div>
   <div class='ocr_carea' id='block_1_2' title="bbox 1722 397 2570 463">
    <p class='ocr_par' dir='ltr' id='par_1_2' title="bbox 1722 397 2570 463">
     <span class='ocr_line' id='line_1_2' title="bbox 1722 397 2570 463; baseline 0.005 -5"><span class='ocrx_word' id='word_1_6' title='bbox 1722 397 2145 459; x_wconf 81' lang='lat' dir='ltr'><strong>NICEPHORI</strong></span> <span class='ocrx_word' id='word_1_7' title='bbox 2185 400 2570 463; x_wconf 67' lang='lat' dir='ltr'><strong>GREGORE</strong></span> 
     </span>
    </p>
   </div>
   <div class='ocr_carea' id='block_1_3' title="bbox 2888 354 3736 475">
    <p class='ocr_par' dir='ltr' id='par_1_3' title="bbox 2888 354 3736 475">
     <span class='ocr_line' id='line_1_3' title="bbox 2888 354 3736 475; baseline 0.009 -22"><span class='ocrx_word' id='word_1_8' title='bbox 2888 398 3334 472; x_wconf 42' lang='grc' dir='ltr'><strong>[παραμυθίαι.</strong></span> <span class='ocrx_word' id='word_1_9' title='bbox 3371 401 3513 475; x_wconf 61' lang='lat' dir='ltr'><strong>sum]</strong></span> <span class='ocrx_word' id='word_1_10' title='bbox 3586 354 3595 365; x_wconf 20' lang='grc' dir='ltr'><strong>ἢ</strong></span> <span class='ocrx_word' id='word_1_11' title='bbox 3653 405 3736 472; x_wconf 76' lang='lat'><strong>600</strong></span> 
     </span>
    </p>
   </div>
   <div class='ocr_carea' id='block_1_4' title="bbox 530 497 2086 587">
    <p class='ocr_par' dir='ltr' id='par_1_4' title="bbox 530 497 2086 578">
     <span class='ocr_line' id='line_1_4' title="bbox 530 497 2086 578; baseline 0.008 -27"><span class='ocrx_word' id='word_1_12' title='bbox 530 497 707 562; x_wconf 86' lang='lat' dir='ltr'><strong>tiavit,</strong></span> <span class='ocrx_word' id='word_1_13' title='bbox 742 513 821 562; x_wconf 84' lang='lat' dir='ltr'><strong>se,</strong></span> <span class='ocrx_word' id='word_1_14' title='bbox 856 499 901 555; x_wconf 86' lang='lat' dir='ltr'><strong>si</strong></span> <span class='ocrx_word' id='word_1_15' title='bbox 938 501 1122 565; x_wconf 85' lang='lat' dir='ltr'><strong>vellet.</strong></span> <span class='ocrx_word' id='word_1_16' title='bbox 1164 505 1406 574; x_wconf 54' lang='lat' dir='ltr'><strong>Opem‘ei</strong></span> <span class='ocrx_word' id='word_1_17' title='bbox 1438 515 1628 562; x_wconf 90' lang='lat' dir='ltr'><strong>contra</strong></span> <span class='ocrx_word' id='word_1_18' title='bbox 1661 520 1917 578; x_wconf 79' lang='lat' dir='ltr'><strong>nepotem</strong></span> <span class='ocrx_word' id='word_1_19' title='bbox 1956 511 2086 566; x_wconf 88' lang='lat' dir='ltr'><strong>latu-</strong></span> 
     </span>
    </p>
   </div>
   <div class='ocr_carea' id='block_1_5' title="bbox 2189 497 3739 587">
    <p class='ocr_par' dir='ltr' id='par_1_5' title="bbox 2201 511 3739 587">
     <span class='ocr_line' id='line_1_5' title="bbox 2201 511 3739 587; baseline 0.007 -25"><span class='ocrx_word' id='word_1_20' title='bbox 2201 511 2526 583; x_wconf 80' lang='grc' dir='ltr'>Βουλγάρων</span> <span class='ocrx_word' id='word_1_21' title='bbox 2570 512 2754 585; x_wconf 80' lang='grc' dir='ltr'>ἄρχων</span> <span class='ocrx_word' id='word_1_22' title='bbox 2790 515 3099 585; x_wconf 77' lang='grc' dir='ltr'><strong>λημμάτων</strong></span> <span class='ocrx_word' id='word_1_23' title='bbox 3135 516 3309 571; x_wconf 60' lang='grc' dir='ltr'>ἑλπίδι</span> <span class='ocrx_word' id='word_1_24' title='bbox 3353 517 3601 587; x_wconf 81' lang='grc' dir='ltr'><strong>μεγάλων</strong></span> <span class='ocrx_word' id='word_1_25' title='bbox 3631 519 3739 573; x_wconf 77' lang='grc' dir='ltr'>ἑαν-</span> 
     </span>
    </p>
   </div>
   <div class='ocr_carea' id='block_1_6' title="bbox 529 587 2092 671">
    <p class='ocr_par' dir='ltr' id='par_1_6' title="bbox 529 587 2092 671">
     <span class='ocr_line' id='line_1_6' title="bbox 529 587 2092 671; baseline 0.011 -32"><span class='ocrx_word' id='word_1_26' title='bbox 529 602 672 640; x_wconf 87' lang='lat' dir='ltr'><strong>rum.</strong></span> <span class='ocrx_word' id='word_1_27' title='bbox 710 587 779 643; x_wconf 78' lang='lat' dir='ltr'><strong>At</strong></span> <span class='ocrx_word' id='word_1_28' title='bbox 831 587 1150 658; x_wconf 76' lang='lat' dir='ltr'><strong>imperator,</strong></span> <span class='ocrx_word' id='word_1_29' title='bbox 1179 593 1329 648; x_wconf 89' lang='lat' dir='ltr'><strong>velut</strong></span> <span class='ocrx_word' id='word_1_30' title='bbox 1372 610 1402 648; x_wconf 92' lang='lat' dir='ltr'><strong>e</strong></span> <span class='ocrx_word' id='word_1_31' title='bbox 1437 610 1632 664; x_wconf 82' lang='lat' dir='ltr'><strong>magna</strong></span> <span class='ocrx_word' id='word_1_32' title='bbox 1681 607 2004 671; x_wconf 74' lang='lat' dir='ltr'><strong>tempestate</strong></span> <span class='ocrx_word' id='word_1_33' title='bbox 2036 611 2092 656; x_wconf 89' lang='lat' dir='ltr'><strong>et</strong></span> 
     </span>
    </p>
   </div>
   <div class='ocr_carea' id='block_1_7' title="bbox 527 677 2091 757">
    <p class='ocr_par' dir='ltr' id='par_1_7' title="bbox 527 677 2091 757">
     <span class='ocr_line' id='line_1_7' title="bbox 527 677 2091 757; baseline 0.011 -29"><span class='ocrx_word' id='word_1_34' title='bbox 527 677 812 748; x_wconf 79' lang='lat' dir='ltr'><strong>naufragio</strong></span> <span class='ocrx_word' id='word_1_35' title='bbox 860 688 1079 749; x_wconf 88' lang='lat' dir='ltr'><strong>portum</strong></span> <span class='ocrx_word' id='word_1_36' title='bbox 1137 683 1418 752; x_wconf 86' lang='lat' dir='ltr'><strong>insperato</strong></span> <span class='ocrx_word' id='word_1_37' title='bbox 1473 687 1748 757; x_wconf 83' lang='lat' dir='ltr'><strong>adeptus,</strong></span> <span class='ocrx_word' id='word_1_38' title='bbox 1809 691 2091 746; x_wconf 82' lang='lat' dir='ltr'><strong>mordicus</strong></span> 
     </span>
    </p>
   </div>
   <div class='ocr_carea' id='block_1_8' title="bbox 527 771 2089 852">
    <p class='ocr_par' dir='ltr' id='par_1_8' title="bbox 527 771 2089 852">
     <span class='ocr_line' id='line_1_8' title="bbox 527 771 2089 852; baseline 0.01 -30"><span class='ocrx_word' id='word_1_39' title='bbox 527 785 677 838; x_wconf 87' lang='lat' dir='ltr'><strong>spem</strong></span> <span class='ocrx_word' id='word_1_40' title='bbox 726 771 871 825; x_wconf 84' lang='lat' dir='ltr'><strong>illam</strong></span> <span class='ocrx_word' id='word_1_41' title='bbox 942 774 1142 828; x_wconf 85' lang='lat' dir='ltr'><strong>tenuit.</strong></span> <span class='ocrx_word' id='word_1_42' title='bbox 1188 775 1394 830; x_wconf 87' lang='lat' dir='ltr'><strong>Deinde</strong></span> <span class='ocrx_word' id='word_1_43' title='bbox 1436 777 1604 852; x_wconf 83' lang='lat' dir='ltr'><strong>legati</strong></span> <span class='ocrx_word' id='word_1_44' title='bbox 1656 780 1800 834; x_wconf 90' lang='lat' dir='ltr'><strong>ultro</strong></span> <span class='ocrx_word' id='word_1_45' title='bbox 1840 780 2089 851; x_wconf 88' lang='lat' dir='ltr'><strong>citroque</strong></span> 
     </span>
    </p>
   </div>
   <div class='ocr_carea' id='block_1_9' title="bbox 526 862 2089 942">
    <p class='ocr_par' dir='ltr' id='par_1_9' title="bbox 526 862 2089 942">
     <span class='ocr_line' id='line_1_9' title="bbox 526 862 2089 942; baseline 0.01 -28"><span class='ocrx_word' id='word_1_46' title='bbox 526 862 678 916; x_wconf 86' lang='lat' dir='ltr'><strong>missi</strong></span> <span class='ocrx_word' id='word_1_47' title='bbox 714 863 848 932; x_wconf 90' lang='lat' dir='ltr'><strong>quid</strong></span> <span class='ocrx_word' id='word_1_48' title='bbox 881 865 1154 935; x_wconf 79' lang='lat' dir='ltr'><strong>agendum</strong></span> <span class='ocrx_word' id='word_1_49' title='bbox 1191 869 1260 922; x_wconf 90' lang='lat' dir='ltr'><strong>sit</strong></span> <span class='ocrx_word' id='word_1_50' title='bbox 1299 869 1645 926; x_wconf 87' lang='lat' dir='ltr'><strong>deliberant:</strong></span> <span class='ocrx_word' id='word_1_51' title='bbox 1684 871 1813 928; x_wconf 89' lang='lat' dir='ltr'><strong>item</strong></span> <span class='ocrx_word' id='word_1_52' title='bbox 1847 874 1915 927; x_wconf 90' lang='lat' dir='ltr'><strong>de</strong></span> <span class='ocrx_word' id='word_1_53' title='bbox 1961 889 2089 942; x_wconf 89' lang='lat' dir='ltr'><strong>pro-</strong></span> 
     </span>
    </p>
   </div>
   <div class='ocr_carea' id='block_1_10' title="bbox 528 953 2091 1030">
    <p class='ocr_par' dir='ltr' id='par_1_10' title="bbox 528 953 2091 1030">
     <span class='ocr_line' id='line_1_10' title="bbox 528 953 2091 1030; baseline 0.008 -24"><span class='ocrx_word' id='word_1_54' title='bbox 528 953 710 1008; x_wconf 84' lang='lat' dir='ltr'><strong>missis</strong></span> <span class='ocrx_word' id='word_1_55' title='bbox 748 961 806 1008; x_wconf 89' lang='lat' dir='ltr'><strong>et</strong></span> <span class='ocrx_word' id='word_1_56' title='bbox 844 957 1193 1024; x_wconf 79' lang='lat' dir='ltr'><strong>pactionibus</strong></span> <span class='ocrx_word' id='word_1_57' title='bbox 1224 970 1418 1030; x_wconf 79' lang='lat' dir='ltr'><strong>agunt,</strong></span> <span class='ocrx_word' id='word_1_58' title='bbox 1453 962 1708 1017; x_wconf 89' lang='lat' dir='ltr'><strong>omnibus</strong></span> <span class='ocrx_word' id='word_1_59' title='bbox 1739 963 1956 1018; x_wconf 79' lang='lat' dir='ltr'><strong>interim</strong></span> <span class='ocrx_word' id='word_1_60' title='bbox 1993 965 2091 1019; x_wconf 87' lang='lat' dir='ltr'><strong>ho-</strong></span> 
     </span>
    </p>
   </div>
   <div class='ocr_carea' id='block_1_11' title="bbox 529 1049 2089 1122">
    <p class='ocr_par' dir='ltr' id='par_1_11' title="bbox 529 1049 2089 1122">
     <span class='ocr_line' id='line_1_11' title="bbox 529 1049 2089 1122; baseline 0.012 -23"><span class='ocrx_word' id='word_1_61' title='bbox 529 1063 650 1100; x_wconf 88' lang='lat' dir='ltr'><strong>rum</strong></span> <span class='ocrx_word' id='word_1_62' title='bbox 678 1049 1036 1105; x_wconf 83' lang='lat' dir='ltr'><strong>consiliorum</strong></span> <span class='ocrx_word' id='word_1_63' title='bbox 1063 1052 1523 1122; x_wconf 79' lang='lat' dir='ltr'><strong>ignaris,duobus</strong></span> <span class='ocrx_word' id='word_1_64' title='bbox 1549 1067 1645 1110; x_wconf 89' lang='lat' dir='ltr'><strong>aut</strong></span> <span class='ocrx_word' id='word_1_65' title='bbox 1669 1058 1847 1114; x_wconf 90' lang='lat' dir='ltr'><strong>tribus</strong></span> <span class='ocrx_word' id='word_1_66' title='bbox 1880 1061 2089 1118; x_wconf 89' lang='lat' dir='ltr'><strong>intimis</strong></span> 
     </span>
    </p>
   </div>
   <div class='ocr_carea' id='block_1_12' title="bbox 523 1140 2088 1219">
    <p class='ocr_par' dir='ltr' id='par_1_12' title="bbox 523 1140 2088 1219">
     <span class='ocr_line' id='line_1_12' title="bbox 523 1140 2088 1219; baseline 0.011 -27"><span class='ocrx_word' id='word_1_67' title='bbox 523 1149 579 1194; x_wconf 89' lang='lat' dir='ltr'><strong>et</strong></span> <span class='ocrx_word' id='word_1_68' title='bbox 616 1140 862 1196; x_wconf 75' lang='lat' dir='ltr'><strong>Cralmna</strong></span> <span class='ocrx_word' id='word_1_69' title='bbox 917 1145 1358 1215; x_wconf 72' lang='lat' dir='ltr'><strong>exceptiszquze</strong></span> <span class='ocrx_word' id='word_1_70' title='bbox 1404 1147 1638 1204; x_wconf 82' lang='lat' dir='ltr'><strong>subinde</strong></span> <span class='ocrx_word' id='word_1_71' title='bbox 1683 1160 1892 1219; x_wconf 84' lang='lat' dir='ltr'><strong>patrem</strong></span> <span class='ocrx_word' id='word_1_72' title='bbox 1944 1154 2088 1209; x_wconf 87' lang='lat' dir='ltr'><strong>bona</strong></span> 
     </span>
    </p>
   </div>
   <div class='ocr_carea' id='block_1_13' title="bbox 527 1233 2088 1312">
    <p class='ocr_par' dir='ltr' id='par_1_13' title="bbox 527 1233 2088 1312">
     <span class='ocr_line' id='line_1_13' title="bbox 527 1233 2088 1312; baseline 0.012 -28"><span class='ocrx_word' id='word_1_73' title='bbox 527 1245 622 1300; x_wconf 75' lang='lat' dir='ltr'><strong>spe</strong></span> <span class='ocrx_word' id='word_1_74' title='bbox 669 1233 954 1302; x_wconf 81' lang='lat' dir='ltr'><strong>implebat,</strong></span> <span class='ocrx_word' id='word_1_75' title='bbox 980 1252 1144 1305; x_wconf 90' lang='lat' dir='ltr'><strong>quam</strong></span> <span class='ocrx_word' id='word_1_76' title='bbox 1190 1240 1314 1292; x_wconf 88' lang='lat' dir='ltr'><strong>vani</strong></span> <span class='ocrx_word' id='word_1_77' title='bbox 1363 1249 1537 1307; x_wconf 85' lang='lat' dir='ltr'><strong>vates,</strong></span> <span class='ocrx_word' id='word_1_78' title='bbox 1577 1251 1632 1297; x_wconf 87' lang='lat' dir='ltr'><strong>et</strong></span> <span class='ocrx_word' id='word_1_79' title='bbox 1662 1244 1755 1312; x_wconf 87' lang='lat' dir='ltr'><strong>qui</strong></span> <span class='ocrx_word' id='word_1_80' title='bbox 1807 1261 1995 1301; x_wconf 88' lang='lat' dir='ltr'><strong>vocem</strong></span> <span class='ocrx_word' id='word_1_81' title='bbox 2032 1247 2088 1303; x_wconf 80' lang='lat' dir='ltr'><strong>in</strong></span> 
     </span>
    </p>
   </div>
   <div class='ocr_carea' id='block_1_14' title="bbox 523 1321 1382 1388">
    <p class='ocr_par' dir='ltr' id='par_1_14' title="bbox 523 1321 1382 1388">
     <span class='ocr_line' id='line_1_14' title="bbox 523 1321 1382 1388; baseline 0.014 -18"><span class='ocrx_word' id='word_1_82' title='bbox 523 1329 715 1374; x_wconf 80' lang='lat' dir='ltr'><strong>ventre</strong></span> <span class='ocrx_word' id='word_1_83' title='bbox 746 1321 972 1388; x_wconf 83' lang='lat' dir='ltr'><strong>habent,</strong></span> <span class='ocrx_word' id='word_1_84' title='bbox 1005 1324 1055 1378; x_wconf 92' lang='lat' dir='ltr'><strong>ei</strong></span> <span class='ocrx_word' id='word_1_85' title='bbox 1084 1325 1382 1381; x_wconf 79' lang='lat' dir='ltr'><strong>faciebant.</strong></span> 
     </span>
    </p>
   </div>
   <div class='ocr_carea' id='block_1_15' title="bbox 592 1601 2087 1684">
    <p class='ocr_par' dir='ltr' id='par_1_15' title="bbox 592 1601 2087 1684">
     <span class='ocr_line' id='line_1_15' title="bbox 592 1601 2087 1684; baseline 0.008 -28"><span class='ocrx_word' id='word_1_86' title='bbox 592 1601 657 1656; x_wconf 85' lang='lat' dir='ltr'><strong>ll.</strong></span> <span class='ocrx_word' id='word_1_87' title='bbox 695 1603 921 1674; x_wconf 79' lang='lat' dir='ltr'><strong>Magnus</strong></span> <span class='ocrx_word' id='word_1_88' title='bbox 974 1615 1156 1660; x_wconf 87' lang='lat' dir='ltr'><strong>autem</strong></span> <span class='ocrx_word' id='word_1_89' title='bbox 1207 1607 1484 1676; x_wconf 75' lang='lat' dir='ltr'><strong>logotheta</strong></span> <span class='ocrx_word' id='word_1_90' title='bbox 1546 1609 1888 1674; x_wconf 79' lang='lat' dir='ltr'><strong>Metochites,</strong></span> <span class='ocrx_word' id='word_1_91' title='bbox 1925 1612 2087 1684; x_wconf 68' lang='grc'><strong>412</strong></span> 
     </span>
    </p>
   </div>
   <div class='ocr_carea' id='block_1_16' title="bbox 522 1695 2086 1771">
    <p class='ocr_par' dir='ltr' id='par_1_16' title="bbox 522 1695 2086 1771">
     <span class='ocr_line' id='line_1_16' title="bbox 522 1695 2086 1771; baseline 0.007 -26"><span class='ocrx_word' id='word_1_92' title='bbox 522 1702 811 1761; x_wconf 81' lang='lat' dir='ltr'><strong>postquam</strong></span> <span class='ocrx_word' id='word_1_93' title='bbox 850 1695 1120 1750; x_wconf 76' lang='lat' dir='ltr'><strong>seniorem</strong></span> <span class='ocrx_word' id='word_1_94' title='bbox 1168 1696 1557 1766; x_wconf 82' lang='lat' dir='ltr'><strong>imperatorem</strong></span> <span class='ocrx_word' id='word_1_95' title='bbox 1594 1709 1650 1754; x_wconf 90' lang='lat' dir='ltr'><strong>et</strong></span> <span class='ocrx_word' id='word_1_96' title='bbox 1690 1701 2086 1771; x_wconf 87' lang='lat' dir='ltr'><strong>rempublicam</strong></span> 
     </span>
    </p>
   </div>
   <div class='ocr_carea' id='block_1_17' title="bbox 525 1780 2089 1855">
    <p class='ocr_par' dir='ltr' id='par_1_17' title="bbox 525 1780 2089 1855">
     <span class='ocr_line' id='line_1_17' title="bbox 525 1780 2089 1855; baseline 0.008 -22"><span class='ocrx_word' id='word_1_97' title='bbox 525 1780 664 1835; x_wconf 85' lang='lat' dir='ltr'><strong>vidit</strong></span> <span class='ocrx_word' id='word_1_98' title='bbox 708 1780 928 1836; x_wconf 82' lang='lat' dir='ltr'><strong>fortuna</strong></span> <span class='ocrx_word' id='word_1_99' title='bbox 985 1782 1170 1853; x_wconf 89' lang='lat' dir='ltr'><strong>iniqua</strong></span> <span class='ocrx_word' id='word_1_100' title='bbox 1221 1799 1284 1839; x_wconf 87' lang='lat' dir='ltr'><strong>ac</strong></span> <span class='ocrx_word' id='word_1_101' title='bbox 1330 1796 1583 1854; x_wconf 85' lang='lat' dir='ltr'><strong>proterva</strong></span> <span class='ocrx_word' id='word_1_102' title='bbox 1614 1788 1938 1855; x_wconf 81' lang='lat' dir='ltr'><strong>conflictari,</strong></span> <span class='ocrx_word' id='word_1_103' title='bbox 1971 1807 2089 1845; x_wconf 91' lang='lat' dir='ltr'><strong>om—</strong></span> 
     </span>
    </p>
   </div>
   <div class='ocr_carea' id='block_1_18' title="bbox 2193 605 3732 680">
    <p class='ocr_par' dir='ltr' id='par_1_18' title="bbox 2193 605 3732 680">
     <span class='ocr_line' id='line_1_18' title="bbox 2193 605 3732 680; baseline 0.003 -23"><span class='ocrx_word' id='word_1_104' title='bbox 2193 605 2284 657; x_wconf 84' lang='grc' dir='ltr'><strong>τδν</strong></span> <span class='ocrx_word' id='word_1_105' title='bbox 2314 606 2526 676; x_wconf 75' lang='grc' dir='ltr'>ἐπάρας</span> <span class='ocrx_word' id='word_1_106' title='bbox 2557 607 2922 677; x_wconf 78' lang='grc' dir='ltr'>διεμηνύσατο</span> <span class='ocrx_word' id='word_1_107' title='bbox 2957 608 3135 678; x_wconf 88' lang='grc' dir='ltr'>λάθρα</span> <span class='ocrx_word' id='word_1_108' title='bbox 3163 611 3243 679; x_wconf 84' lang='grc' dir='ltr'>τῷ</span> <span class='ocrx_word' id='word_1_109' title='bbox 3270 609 3488 680; x_wconf 83' lang='grc' dir='ltr'>γηραιῷ</span> <span class='ocrx_word' id='word_1_110' title='bbox 3517 609 3732 680; x_wconf 82' lang='grc' dir='ltr'>βασιλεῖ,</span> 
     </span>
    </p>
   </div>
   <div class='ocr_carea' id='block_1_19' title="bbox 2194 697 3741 771">
    <p class='ocr_par' dir='ltr' id='par_1_19' title="bbox 2194 697 3741 771">
     <span class='ocr_line' id='line_1_19' title="bbox 2194 697 3741 771; baseline 0.006 -23"><span class='ocrx_word' id='word_1_111' title='bbox 2194 699 2242 749; x_wconf 86' lang='grc' dir='ltr'><strong>εί</strong></span> <span class='ocrx_word' id='word_1_112' title='bbox 2270 697 2535 767; x_wconf 85' lang='grc' dir='ltr'>βούλοιτο,</span> <span class='ocrx_word' id='word_1_113' title='bbox 2574 701 2936 770; x_wconf 80' lang='grc' dir='ltr'><strong>συμμαχῆσαι</strong></span> <span class='ocrx_word' id='word_1_114' title='bbox 2970 700 3120 771; x_wconf 82' lang='grc' dir='ltr'><strong>αὒτῷ</strong></span> <span class='ocrx_word' id='word_1_115' title='bbox 3175 705 3318 755; x_wconf 85' lang='grc' dir='ltr'>κατὰ</span> <span class='ocrx_word' id='word_1_116' title='bbox 3371 701 3467 753; x_wconf 86' lang='grc' dir='ltr'>τοῦ</span> <span class='ocrx_word' id='word_1_117' title='bbox 3511 701 3741 768; x_wconf 78' lang='grc' dir='ltr'>ὲγγόνου.</span> 
     </span>
    </p>
   </div>
   <div class='ocr_carea' id='block_1_20' title="bbox 2204 791 3746 862">
    <p class='ocr_par' dir='ltr' id='par_1_20' title="bbox 2204 791 3746 862">
     <span class='ocr_line' id='line_1_20' title="bbox 2204 791 3746 862; baseline 0.004 -20"><span class='ocrx_word' id='word_1_118' title='bbox 2204 791 2264 842; x_wconf 88' lang='lat'><strong>&#39;0</strong></span> <span class='ocrx_word' id='word_1_119' title='bbox 2307 791 2364 844; x_wconf 75' lang='grc' dir='ltr'>δὲ</span> <span class='ocrx_word' id='word_1_120' title='bbox 2408 791 2682 860; x_wconf 65' lang='grc' dir='ltr'>βασιλεὺς,</span> <span class='ocrx_word' id='word_1_121' title='bbox 2717 792 2906 860; x_wconf 80' lang='grc' dir='ltr'>ὥσπερ</span> <span class='ocrx_word' id='word_1_122' title='bbox 2959 793 3023 845; x_wconf 81' lang='grc' dir='ltr'>ὲκ</span> <span class='ocrx_word' id='word_1_123' title='bbox 3079 793 3319 862; x_wconf 80' lang='grc' dir='ltr'><strong>μεγάλου</strong></span> <span class='ocrx_word' id='word_1_124' title='bbox 3362 794 3626 858; x_wconf 72' lang='grc' dir='ltr'><strong>ναυαγίου</strong></span> <span class='ocrx_word' id='word_1_125' title='bbox 3673 798 3746 848; x_wconf 76' lang='grc' dir='ltr'>καὶ</span> 
     </span>
    </p>
   </div>
   <div class='ocr_carea' id='block_1_21' title="bbox 2194 881 3746 956">
    <p class='ocr_par' dir='ltr' id='par_1_21' title="bbox 2194 881 3746 956">
     <span class='ocr_line' id='line_1_21' title="bbox 2194 881 3746 956; baseline 0.001 -20"><span class='ocrx_word' id='word_1_126' title='bbox 2194 881 2464 946; x_wconf 87' lang='grc' dir='ltr'>κλύδωνος</span> <span class='ocrx_word' id='word_1_127' title='bbox 2513 885 2942 956; x_wconf 74' lang='grc' dir='ltr'>ἀπροσδοκήτως</span> <span class='ocrx_word' id='word_1_128' title='bbox 2995 885 3176 955; x_wconf 78' lang='grc' dir='ltr'>λιμένι</span> <span class='ocrx_word' id='word_1_129' title='bbox 3226 884 3559 956; x_wconf 82' lang='grc' dir='ltr'>περιτυχὼν,</span> <span class='ocrx_word' id='word_1_130' title='bbox 3593 886 3746 954; x_wconf 58' lang='grc' dir='ltr'>ἀπρὶξ</span> 
     </span>
    </p>
   </div>
   <div class='ocr_carea' id='block_1_22' title="bbox 2191 975 3749 1050">
    <p class='ocr_par' dir='ltr' id='par_1_22' title="bbox 2191 975 3749 1050">
     <span class='ocr_line' id='line_1_22' title="bbox 2191 975 3749 1050; baseline 0.002 -23"><span class='ocrx_word' id='word_1_131' title='bbox 2191 975 2494 1031; x_wconf 73' lang='grc' dir='ltr'>ἐπελάϐετο</span> <span class='ocrx_word' id='word_1_132' title='bbox 2547 977 2762 1033; x_wconf 88' lang='grc' dir='ltr'>τούτου.</span> <span class='ocrx_word' id='word_1_133' title='bbox 2817 979 2932 1031; x_wconf 79' lang='grc' dir='ltr'><strong>Καὶ</strong></span> <span class='ocrx_word' id='word_1_134' title='bbox 2955 978 3084 1050; x_wconf 78' lang='grc' dir='ltr'><strong>ἑξῆς</strong></span> <span class='ocrx_word' id='word_1_135' title='bbox 3133 978 3586 1049; x_wconf 80' lang='grc' dir='ltr'>διεπρεσϐεύοντο</span> <span class='ocrx_word' id='word_1_136' title='bbox 3628 978 3749 1047; x_wconf 65' lang='grc' dir='ltr'>πρὶς</span> 
     </span>
    </p>
   </div>
   <div class='ocr_carea' id='block_1_23' title="bbox 2191 1067 3749 1141">
    <p class='ocr_par' dir='ltr' id='par_1_23' title="bbox 2191 1067 3749 1141">
     <span class='ocr_line' id='line_1_23' title="bbox 2191 1067 3749 1141; baseline 0.001 -22"><span class='ocrx_word' id='word_1_137' title='bbox 2191 1067 2454 1138; x_wconf 76' lang='grc' dir='ltr'><strong>ἀλλήλους</strong></span> <span class='ocrx_word' id='word_1_138' title='bbox 2483 1070 2612 1138; x_wconf 76' lang='grc' dir='ltr'>περὶ</span> <span class='ocrx_word' id='word_1_139' title='bbox 2648 1067 2747 1123; x_wconf 83' lang='grc' dir='ltr'><strong>τοῦ</strong></span> <span class='ocrx_word' id='word_1_140' title='bbox 2809 1072 3066 1140; x_wconf 82' lang='grc' dir='ltr'><strong>ποιητέου</strong></span> <span class='ocrx_word' id='word_1_141' title='bbox 3103 1073 3196 1124; x_wconf 78' lang='grc' dir='ltr'>καὶ</span> <span class='ocrx_word' id='word_1_142' title='bbox 3238 1072 3368 1141; x_wconf 71' lang='grc' dir='ltr'>περὶ</span> <span class='ocrx_word' id='word_1_143' title='bbox 3423 1069 3749 1137; x_wconf 76' lang='grc' dir='ltr'><strong>ἐπαγγελιῶν</strong></span> 
     </span>
    </p>
   </div>
   <div class='ocr_carea' id='block_1_24' title="bbox 2191 1161 3752 1232">
    <p class='ocr_par' dir='ltr' id='par_1_24' title="bbox 2191 1161 3752 1232">
     <span class='ocr_line' id='line_1_24' title="bbox 2191 1161 3752 1232; baseline 0.001 -18"><span class='ocrx_word' id='word_1_144' title='bbox 2191 1161 2284 1214; x_wconf 72' lang='grc' dir='ltr'>καὶ</span> <span class='ocrx_word' id='word_1_145' title='bbox 2315 1161 2618 1230; x_wconf 80' lang='grc' dir='ltr'><strong>συνθηκῶν,</strong></span> <span class='ocrx_word' id='word_1_146' title='bbox 2655 1161 2887 1230; x_wconf 85' lang='grc' dir='ltr'>μηδενὸς</span> <span class='ocrx_word' id='word_1_147' title='bbox 2937 1163 3395 1229; x_wconf 72' lang='grc' dir='ltr'><strong>ἐπιγινώσκοντος</strong></span> <span class='ocrx_word' id='word_1_148' title='bbox 3444 1164 3512 1216; x_wconf 80' lang='grc' dir='ltr'><strong>τά</strong></span> <span class='ocrx_word' id='word_1_149' title='bbox 3547 1163 3752 1232; x_wconf 86' lang='grc' dir='ltr'>βουλεύ-</span> 
     </span>
    </p>
   </div>
   <div class='ocr_carea' id='block_1_25' title="bbox 2195 1252 3749 1324">
    <p class='ocr_par' dir='ltr' id='par_1_25' title="bbox 2195 1252 3749 1324">
     <span class='ocr_line' id='line_1_25' title="bbox 2195 1252 3749 1324; baseline 0.003 -20"><span class='ocrx_word' id='word_1_150' title='bbox 2195 1269 2363 1321; x_wconf 86' lang='grc' dir='ltr'>ματα,</span> <span class='ocrx_word' id='word_1_151' title='bbox 2393 1252 2533 1323; x_wconf 84' lang='grc' dir='ltr'>πλὴν</span> <span class='ocrx_word' id='word_1_152' title='bbox 2562 1252 2706 1304; x_wconf 84' lang='grc' dir='ltr'>δυοῖν</span> <span class='ocrx_word' id='word_1_153' title='bbox 2735 1253 2966 1324; x_wconf 79' lang='grc' dir='ltr'>ῆ·τριῶν</span> <span class='ocrx_word' id='word_1_154' title='bbox 2992 1255 3100 1308; x_wconf 89' lang='grc' dir='ltr'><strong>τῶν</strong></span> <span class='ocrx_word' id='word_1_155' title='bbox 3122 1255 3262 1308; x_wconf 79' lang='grc' dir='ltr'>πάνυ</span> <span class='ocrx_word' id='word_1_156' title='bbox 3295 1255 3635 1308; x_wconf 82' lang='grc' dir='ltr'><strong>πιστοτάτων</strong></span> <span class='ocrx_word' id='word_1_157' title='bbox 3660 1257 3749 1308; x_wconf 75' lang='grc' dir='ltr'>καὶ</span> 
     </span>
    </p>
   </div>
   <div class='ocr_carea' id='block_1_26' title="bbox 2190 1343 3752 1417">
    <p class='ocr_par' dir='ltr' id='par_1_26' title="bbox 2190 1343 3752 1417">
     <span class='ocr_line' id='line_1_26' title="bbox 2190 1343 3752 1417; baseline 0.003 -20"><span class='ocrx_word' id='word_1_158' title='bbox 2190 1345 2294 1412; x_wconf 81' lang='grc' dir='ltr'>τῆς</span> <span class='ocrx_word' id='word_1_159' title='bbox 2338 1343 2674 1414; x_wconf 88' lang='grc' dir='ltr'>Κραλαίνης,</span> <span class='ocrx_word' id='word_1_160' title='bbox 2703 1345 2736 1415; x_wconf 77' lang='grc' dir='ltr'><strong>ἢ</strong></span> <span class='ocrx_word' id='word_1_161' title='bbox 2769 1345 3030 1414; x_wconf 84' lang='grc' dir='ltr'>διηνεκῶς</span> <span class='ocrx_word' id='word_1_162' title='bbox 3055 1347 3152 1400; x_wconf 74' lang='grc' dir='ltr'>τὸν</span> <span class='ocrx_word' id='word_1_163' title='bbox 3175 1348 3386 1417; x_wconf 86' lang='grc' dir='ltr'>πατέρα</span> <span class='ocrx_word' id='word_1_164' title='bbox 3416 1348 3508 1401; x_wconf 76' lang='grc' dir='ltr'>καὶ</span> <span class='ocrx_word' id='word_1_165' title='bbox 3539 1348 3752 1417; x_wconf 75' lang='grc' dir='ltr'>βασιλέα</span> 
     </span>
    </p>
   </div>
   <div class='ocr_carea' id='block_1_27' title="bbox 2193 1428 3752 1505">
    <p class='ocr_par' dir='ltr' id='par_1_27' title="bbox 2193 1428 3752 1505">
     <span class='ocr_line' id='line_1_27' title="bbox 2193 1428 3752 1505; baseline 0.003 -21"><span class='ocrx_word' id='word_1_166' title='bbox 2193 1431 2414 1500; x_wconf 79' lang='grc' dir='ltr'>ἀγαθῶν</span> <span class='ocrx_word' id='word_1_167' title='bbox 2438 1433 2749 1502; x_wconf 75' lang='grc' dir='ltr'>ἐνεπίμπλα</span> <span class='ocrx_word' id='word_1_168' title='bbox 2776 1433 3029 1499; x_wconf 75' lang='grc' dir='ltr'><strong>ἐλπίδων,</strong></span> <span class='ocrx_word' id='word_1_169' title='bbox 3065 1428 3139 1488; x_wconf 70' lang='grc' dir='ltr'>ἄν</span> <span class='ocrx_word' id='word_1_170' title='bbox 3172 1437 3343 1503; x_wconf 75' lang='grc' dir='ltr'>αὐτὴν</span> <span class='ocrx_word' id='word_1_171' title='bbox 3376 1437 3424 1488; x_wconf 83' lang='lat' dir='ltr'><strong>oi</strong></span> <span class='ocrx_word' id='word_1_172' title='bbox 3456 1435 3752 1505; x_wconf 74' lang='grc' dir='ltr'>ψευδομάνο</span> 
     </span>
    </p>
   </div>
   <div class='ocr_carea' id='block_1_28' title="bbox 2190 1526 3396 1597">
    <p class='ocr_par' dir='ltr' id='par_1_28' title="bbox 2190 1526 3396 1597">
     <span class='ocr_line' id='line_1_28' title="bbox 2190 1526 3396 1597; baseline 0.004 -19"><span class='ocrx_word' id='word_1_173' title='bbox 2190 1542 2303 1587; x_wconf 91' lang='grc' dir='ltr'>τεις</span> <span class='ocrx_word' id='word_1_174' title='bbox 2341 1528 2434 1579; x_wconf 72' lang='grc' dir='ltr'>καὶ</span> <span class='ocrx_word' id='word_1_175' title='bbox 2465 1526 2894 1596; x_wconf 71' lang='grc' dir='ltr'>ὲγγαστρίμυθοι</span> <span class='ocrx_word' id='word_1_176' title='bbox 2951 1528 3396 1597; x_wconf 65' lang='grc' dir='ltr'>ἐνεπίμπλασαν.</span> 
     </span>
    </p>
   </div>
   <div class='ocr_carea' id='block_1_29' title="bbox 2262 1609 3758 1684">
    <p class='ocr_par' dir='ltr' id='par_1_29' title="bbox 2262 1609 3758 1684">
     <span class='ocr_line' id='line_1_29' title="bbox 2262 1609 3758 1684; baseline 0.003 -22"><span class='ocrx_word' id='word_1_177' title='bbox 2262 1609 2338 1663; x_wconf 87' lang='grc' dir='ltr'><strong>Β⁹.</strong></span> <span class='ocrx_word' id='word_1_178' title='bbox 2385 1609 2464 1662; x_wconf 87' lang='grc' dir='ltr'><strong>Ὀ·</strong></span> <span class='ocrx_word' id='word_1_179' title='bbox 2477 1609 2661 1678; x_wconf 83' lang='grc' dir='ltr'>μέντοι</span> <span class='ocrx_word' id='word_1_180' title='bbox 2695 1610 2868 1678; x_wconf 85' lang='grc' dir='ltr'><strong>μέγας</strong></span> <span class='ocrx_word' id='word_1_181' title='bbox 2899 1609 3193 1682; x_wconf 82' lang='grc' dir='ltr'>λογοθέτης</span> <span class='ocrx_word' id='word_1_182' title='bbox 3226 1615 3254 1665; x_wconf 70' lang='lat' dir='ltr'><strong>ii</strong></span> <span class='ocrx_word' id='word_1_183' title='bbox 3285 1613 3592 1684; x_wconf 81' lang='grc' dir='ltr'>Μετοχίτης</span> <span class='ocrx_word' id='word_1_184' title='bbox 3620 1615 3758 1684; x_wconf 72' lang='grc' dir='ltr'>ὀρῶν</span> 
     </span>
    </p>
   </div>
   <div class='ocr_carea' id='block_1_30' title="bbox 2137 1698 3756 1774">
    <p class='ocr_par' dir='ltr' id='par_1_30' title="bbox 2137 1698 3756 1774">
     <span class='ocr_line' id='line_1_30' title="bbox 2137 1698 3756 1774; baseline 0 -22"><span class='ocrx_word' id='word_1_185' title='bbox 2137 1767 2156 1774; x_wconf 86' lang='lat'><em>_</em></span> <span class='ocrx_word' id='word_1_186' title='bbox 2193 1699 2575 1770; x_wconf 59' lang='grc' dir='ltr'>στρεφομένην</span> <span class='ocrx_word' id='word_1_187' title='bbox 2597 1699 2903 1768; x_wconf 77' lang='grc' dir='ltr'><strong>ἀνωμάλως</strong></span> <span class='ocrx_word' id='word_1_188' title='bbox 2927 1700 3025 1769; x_wconf 79' lang='grc' dir='ltr'>τὴν</span> <span class='ocrx_word' id='word_1_189' title='bbox 3045 1698 3214 1769; x_wconf 86' lang='grc' dir='ltr'>τύχην</span> <span class='ocrx_word' id='word_1_190' title='bbox 3243 1701 3382 1752; x_wconf 67' lang='grc' dir='ltr'>κατὰ</span> <span class='ocrx_word' id='word_1_191' title='bbox 3407 1700 3500 1753; x_wconf 85' lang='grc' dir='ltr'><strong>τοῦ</strong></span> <span class='ocrx_word' id='word_1_192' title='bbox 3525 1700 3756 1770; x_wconf 87' lang='grc' dir='ltr'>γηραιοῦ</span> 
     </span>
    </p>
   </div>
   <div class='ocr_carea' id='block_1_31' title="bbox 2193 1789 3760 1861">
    <p class='ocr_par' dir='ltr' id='par_1_31' title="bbox 2193 1789 3760 1861">
     <span class='ocr_line' id='line_1_31' title="bbox 2193 1789 3760 1861; baseline 0 -15"><span class='ocrx_word' id='word_1_193' title='bbox 2193 1791 2462 1861; x_wconf 82' lang='grc' dir='ltr'>βασιλέως</span> <span class='ocrx_word' id='word_1_194' title='bbox 2513 1792 2606 1845; x_wconf 74' lang='grc' dir='ltr'>καὶ</span> <span class='ocrx_word' id='word_1_195' title='bbox 2646 1791 3094 1860; x_wconf 83' lang='grc' dir='ltr'>κατορχουμένην</span> <span class='ocrx_word' id='word_1_196' title='bbox 3142 1789 3285 1843; x_wconf 71' lang='grc' dir='ltr'>οὕτω</span> <span class='ocrx_word' id='word_1_197' title='bbox 3337 1791 3406 1845; x_wconf 81' lang='grc' dir='ltr'><strong>τὰ</strong></span> <span class='ocrx_word' id='word_1_198' title='bbox 3455 1791 3760 1861; x_wconf 83' lang='grc' dir='ltr'>πράγματα</span> 
     </span>
    </p>
   </div>
   <div class='ocr_carea' id='block_1_32' title="bbox 528 1865 2086 1954">
    <p class='ocr_par' dir='ltr' id='par_1_32' title="bbox 528 1869 2086 1947">
     <span class='ocr_line' id='line_1_32' title="bbox 528 1869 2086 1947; baseline 0.008 -25"><span class='ocrx_word' id='word_1_199' title='bbox 528 1869 681 1924; x_wconf 89' lang='lat' dir='ltr'><strong>nium</strong></span> <span class='ocrx_word' id='word_1_200' title='bbox 706 1873 940 1927; x_wconf 83' lang='lat' dir='ltr'><strong>maxime</strong></span> <span class='ocrx_word' id='word_1_201' title='bbox 971 1873 1076 1927; x_wconf 87' lang='lat' dir='ltr'><strong>sibi</strong></span> <span class='ocrx_word' id='word_1_202' title='bbox 1110 1874 1328 1928; x_wconf 85' lang='lat' dir='ltr'><strong>timuit:</strong></span> <span class='ocrx_word' id='word_1_203' title='bbox 1364 1875 1567 1946; x_wconf 84' lang='lat' dir='ltr'><strong>quippe</strong></span> <span class='ocrx_word' id='word_1_204' title='bbox 1599 1878 1822 1947; x_wconf 89' lang='lat' dir='ltr'><strong>quicum</strong></span> <span class='ocrx_word' id='word_1_205' title='bbox 1860 1881 1949 1936; x_wconf 90' lang='lat' dir='ltr'><strong>ille</strong></span> <span class='ocrx_word' id='word_1_206' title='bbox 1977 1897 2086 1936; x_wconf 91' lang='lat' dir='ltr'><strong>om-</strong></span> 
     </span>
    </p>
   </div>
   <div class='ocr_carea' id='block_1_33' title="bbox 2189 1865 3758 1954">
    <p class='ocr_par' dir='ltr' id='par_1_33' title="bbox 2194 1882 3758 1954">
     <span class='ocr_line' id='line_1_33' title="bbox 2194 1882 3758 1954; baseline -0.001 -16"><span class='ocrx_word' id='word_1_207' title='bbox 2194 1884 2382 1938; x_wconf 77' lang='grc' dir='ltr'>ἐδεδίει</span> <span class='ocrx_word' id='word_1_208' title='bbox 2416 1885 2545 1954; x_wconf 69' lang='grc' dir='ltr'>περὶ</span> <span class='ocrx_word' id='word_1_209' title='bbox 2577 1883 2755 1952; x_wconf 81' lang='grc' dir='ltr'>ἑαυτῷ</span> <span class='ocrx_word' id='word_1_210' title='bbox 2791 1884 3026 1952; x_wconf 85' lang='grc' dir='ltr'>μάλιστα</span> <span class='ocrx_word' id='word_1_211' title='bbox 3059 1883 3278 1937; x_wconf 86' lang='grc' dir='ltr'>πάντων</span> <span class='ocrx_word' id='word_1_212' title='bbox 3321 1883 3506 1948; x_wconf 75' lang='grc' dir='ltr'>αὐτὸς,</span> <span class='ocrx_word' id='word_1_213' title='bbox 3538 1882 3634 1937; x_wconf 78' lang='grc' dir='ltr'>ἅτε</span> <span class='ocrx_word' id='word_1_214' title='bbox 3664 1887 3758 1936; x_wconf 72' lang='grc' dir='ltr'>καὶ</span> 
     </span>
    </p>
   </div>
   <div class='ocr_carea' id='block_1_34' title="bbox 530 1959 2089 2042">
    <p class='ocr_par' dir='ltr' id='par_1_34' title="bbox 530 1959 2089 2042">
     <span class='ocr_line' id='line_1_34' title="bbox 530 1959 2089 2042; baseline 0.009 -30"><span class='ocrx_word' id='word_1_215' title='bbox 530 1959 620 2016; x_wconf 79' lang='lat' dir='ltr'><strong>nia</strong></span> <span class='ocrx_word' id='word_1_216' title='bbox 648 1961 880 2017; x_wconf 87' lang='lat' dir='ltr'><strong>dicenda</strong></span> <span class='ocrx_word' id='word_1_217' title='bbox 915 1963 1254 2034; x_wconf 87' lang='lat' dir='ltr'><strong>tacendaque</strong></span> <span class='ocrx_word' id='word_1_218' title='bbox 1283 1968 1716 2024; x_wconf 80' lang='lat' dir='ltr'><strong>communicaret</strong></span> <span class='ocrx_word' id='word_1_219' title='bbox 1745 1978 1800 2024; x_wconf 90' lang='lat' dir='ltr'><strong>et</strong></span> <span class='ocrx_word' id='word_1_220' title='bbox 1830 1971 1947 2026; x_wconf 86' lang='lat' dir='ltr'><strong>sine</strong></span> <span class='ocrx_word' id='word_1_221' title='bbox 1978 1988 2089 2042; x_wconf 90' lang='lat' dir='ltr'><strong>quo</strong></span> 
     </span>
    </p>
   </div>
   <div class='ocr_carea' id='block_1_35' title="bbox 522 2058 2090 2131">
    <p class='ocr_par' dir='ltr' id='par_1_35' title="bbox 522 2058 2090 2131">
     <span class='ocr_line' id='line_1_35' title="bbox 522 2058 2090 2131; baseline 0.009 -20"><span class='ocrx_word' id='word_1_222' title='bbox 522 2058 658 2112; x_wconf 74' lang='lat' dir='ltr'><strong>nihil</strong></span> <span class='ocrx_word' id='word_1_223' title='bbox 683 2059 1112 2116; x_wconf 89' lang='lat' dir='ltr'><strong>decerneretaut</strong></span> <span class='ocrx_word' id='word_1_224' title='bbox 1129 2073 1334 2131; x_wconf 80' lang='lat' dir='ltr'><strong>ageret.</strong></span> <span class='ocrx_word' id='word_1_225' title='bbox 1353 2063 1533 2130; x_wconf 85' lang='lat' dir='ltr'><strong>Quare</strong></span> <span class='ocrx_word' id='word_1_226' title='bbox 1559 2067 1726 2120; x_wconf 90' lang='lat' dir='ltr'><strong>tristis</strong></span> <span class='ocrx_word' id='word_1_227' title='bbox 1749 2079 1804 2124; x_wconf 92' lang='lat' dir='ltr'><strong>et</strong></span> <span class='ocrx_word' id='word_1_228' title='bbox 1821 2069 2090 2125; x_wconf 82' lang='lat' dir='ltr'><strong>sollicitus</strong></span> 
     </span>
    </p>
   </div>
   <div class='ocr_carea' id='block_1_36' title="bbox 523 2153 2088 2228">
    <p class='ocr_par' dir='ltr' id='par_1_36' title="bbox 523 2153 2088 2228">
     <span class='ocr_line' id='line_1_36' title="bbox 523 2153 2088 2228; baseline 0.008 -24"><span class='ocrx_word' id='word_1_229' title='bbox 523 2167 742 2220; x_wconf 89' lang='lat' dir='ltr'><strong>semper</strong></span> <span class='ocrx_word' id='word_1_230' title='bbox 773 2162 970 2208; x_wconf 88' lang='lat' dir='ltr'><strong>eratet</strong></span> <span class='ocrx_word' id='word_1_231' title='bbox 1003 2153 1314 2208; x_wconf 88' lang='lat' dir='ltr'><strong>futurorqu</strong></span> <span class='ocrx_word' id='word_1_232' title='bbox 1360 2157 1574 2225; x_wconf 87' lang='lat' dir='ltr'><strong>plenus,</strong></span> <span class='ocrx_word' id='word_1_233' title='bbox 1611 2175 1843 2228; x_wconf 91' lang='lat' dir='ltr'><strong>quorum</strong></span> <span class='ocrx_word' id='word_1_234' title='bbox 1882 2164 2088 2218; x_wconf 83' lang='lat' dir='ltr'><strong>exitum</strong></span> 
     </span>
    </p>
   </div>
   <div class='ocr_carea' id='block_1_37' title="bbox 521 2244 2090 2326">
    <p class='ocr_par' dir='ltr' id='par_1_37' title="bbox 521 2244 2090 2326">
     <span class='ocr_line' id='line_1_37' title="bbox 521 2244 2090 2326; baseline 0.01 -30"><span class='ocrx_word' id='word_1_235' title='bbox 521 2244 625 2297; x_wconf 85' lang='lat' dir='ltr'><strong>sibi</strong></span> <span class='ocrx_word' id='word_1_236' title='bbox 659 2261 850 2314; x_wconf 85' lang='lat' dir='ltr'><strong>parum</strong></span> <span class='ocrx_word' id='word_1_237' title='bbox 878 2246 1086 2299; x_wconf 84' lang='lat' dir='ltr'><strong>felicem</strong></span> <span class='ocrx_word' id='word_1_238' title='bbox 1116 2245 1229 2300; x_wconf 90' lang='lat' dir='ltr'><strong>fore</strong></span> <span class='ocrx_word' id='word_1_239' title='bbox 1274 2249 1625 2317; x_wconf 65' lang='lat' dir='ltr'><strong>praevidebat.</strong></span> <span class='ocrx_word' id='word_1_240' title='bbox 1657 2252 1901 2318; x_wconf 85' lang='lat' dir='ltr'><strong>Quadam</strong></span> <span class='ocrx_word' id='word_1_241' title='bbox 1925 2255 2090 2326; x_wconf 82' lang='lat' dir='ltr'><strong>igitur</strong></span> 
     </span>
    </p>
   </div>
   <div class='ocr_carea' id='block_1_38' title="bbox 523 2338 2092 2408">
    <p class='ocr_par' dir='ltr' id='par_1_38' title="bbox 523 2338 2092 2408">
     <span class='ocr_line' id='line_1_38' title="bbox 523 2338 2092 2408; baseline 0.011 -20"><span class='ocrx_word' id='word_1_242' title='bbox 523 2345 682 2396; x_wconf 85' lang='lat' dir='ltr'><strong>nocte</strong></span> <span class='ocrx_word' id='word_1_243' title='bbox 703 2353 894 2392; x_wconf 77' lang='lat' dir='ltr'><strong>novam</strong></span> <span class='ocrx_word' id='word_1_244' title='bbox 925 2338 1092 2408; x_wconf 77' lang='lat' dir='ltr'><strong>ignoti</strong></span> <span class='ocrx_word' id='word_1_245' title='bbox 1119 2340 1360 2395; x_wconf 82' lang='lat' dir='ltr'><strong>hominis</strong></span> <span class='ocrx_word' id='word_1_246' title='bbox 1386 2340 1614 2397; x_wconf 91' lang='lat' dir='ltr'><strong>formam</strong></span> <span class='ocrx_word' id='word_1_247' title='bbox 1637 2345 1822 2402; x_wconf 89' lang='lat' dir='ltr'><strong>videre</strong></span> <span class='ocrx_word' id='word_1_248' title='bbox 1842 2347 1992 2404; x_wconf 89' lang='lat' dir='ltr'><strong>visus</strong></span> <span class='ocrx_word' id='word_1_249' title='bbox 2008 2361 2092 2404; x_wconf 92' lang='lat' dir='ltr'><strong>est</strong></span> 
     </span>
    </p>
   </div>
   <div class='ocr_carea' id='block_1_39' title="bbox 522 2427 2090 2509">
    <p class='ocr_par' dir='ltr' id='par_1_39' title="bbox 522 2427 2090 2509">
     <span class='ocr_line' id='line_1_39' title="bbox 522 2427 2090 2509; baseline 0.01 -29"><span class='ocrx_word' id='word_1_250' title='bbox 522 2427 845 2497; x_wconf 84' lang='lat' dir='ltr'><strong>sibijacenti</strong></span> <span class='ocrx_word' id='word_1_251' title='bbox 877 2433 1423 2500; x_wconf 68' lang='lat' dir='ltr'><strong>astantem,pi-a3doni</strong></span> <span class='ocrx_word' id='word_1_252' title='bbox 1448 2445 1503 2489; x_wconf 91' lang='lat' dir='ltr'><strong>et</strong></span> <span class='ocrx_word' id='word_1_253' title='bbox 1529 2437 1728 2504; x_wconf 82' lang='lat' dir='ltr'><strong>agresti</strong></span> <span class='ocrx_word' id='word_1_254' title='bbox 1750 2437 1944 2495; x_wconf 88' lang='lat' dir='ltr'><strong>latroni</strong></span> <span class='ocrx_word' id='word_1_255' title='bbox 1965 2456 2090 2509; x_wconf 89' lang='lat' dir='ltr'><strong>per-</strong></span> 
     </span>
    </p>
   </div>
   <div class='ocr_carea' id='block_1_40' title="bbox 523 2516 2090 2593">
    <p class='ocr_par' dir='ltr' id='par_1_40' title="bbox 523 2516 2090 2593">
     <span class='ocr_line' id='line_1_40' title="bbox 523 2516 2090 2593; baseline 0.011 -25"><span class='ocrx_word' id='word_1_256' title='bbox 523 2516 793 2581; x_wconf 85' lang='lat' dir='ltr'><strong>similem,</strong></span> <span class='ocrx_word' id='word_1_257' title='bbox 831 2521 922 2587; x_wconf 89' lang='lat' dir='ltr'><strong>qui</strong></span> <span class='ocrx_word' id='word_1_258' title='bbox 959 2536 1152 2578; x_wconf 87' lang='lat' dir='ltr'><strong>manus</strong></span> <span class='ocrx_word' id='word_1_259' title='bbox 1203 2524 1309 2578; x_wconf 87' lang='lat' dir='ltr'><strong>sibi</strong></span> <span class='ocrx_word' id='word_1_260' title='bbox 1347 2523 1618 2593; x_wconf 82' lang='lat' dir='ltr'><strong>injiceret,</strong></span> <span class='ocrx_word' id='word_1_261' title='bbox 1654 2527 1803 2582; x_wconf 91' lang='lat' dir='ltr'><strong>etde</strong></span> <span class='ocrx_word' id='word_1_262' title='bbox 1835 2529 2090 2585; x_wconf 87' lang='lat' dir='ltr'><strong>cervicali</strong></span> 
     </span>
    </p>
   </div>
   <div class='ocr_carea' id='block_1_41' title="bbox 525 2610 2092 2690">
    <p class='ocr_par' dir='ltr' id='par_1_41' title="bbox 525 2610 2092 2690">
     <span class='ocr_line' id='line_1_41' title="bbox 525 2610 2092 2690; baseline 0.01 -28"><span class='ocrx_word' id='word_1_263' title='bbox 525 2610 708 2664; x_wconf 78' lang='lat' dir='ltr'><strong>claves</strong></span> <span class='ocrx_word' id='word_1_264' title='bbox 733 2612 972 2667; x_wconf 82' lang='lat' dir='ltr'><strong>cubiculi</strong></span> <span class='ocrx_word' id='word_1_265' title='bbox 1008 2616 1226 2684; x_wconf 90' lang='lat' dir='ltr'><strong>eripere</strong></span> <span class='ocrx_word' id='word_1_266' title='bbox 1259 2617 1446 2682; x_wconf 84' lang='lat' dir='ltr'><strong>vellet,</strong></span> <span class='ocrx_word' id='word_1_267' title='bbox 1485 2618 1537 2672; x_wconf 92' lang='lat' dir='ltr'><strong>in</strong></span> <span class='ocrx_word' id='word_1_268' title='bbox 1575 2635 1684 2688; x_wconf 91' lang='lat' dir='ltr'><strong>quo</strong></span> <span class='ocrx_word' id='word_1_269' title='bbox 1737 2622 1980 2690; x_wconf 78' lang='lat' dir='ltr'><strong>supellex</strong></span> <span class='ocrx_word' id='word_1_270' title='bbox 2035 2634 2092 2678; x_wconf 89' lang='lat' dir='ltr'><strong>et</strong></span> 
     </span>
    </p>
   </div>
   <div class='ocr_carea' id='block_1_42' title="bbox 523 2706 2086 2779">
    <p class='ocr_par' dir='ltr' id='par_1_42' title="bbox 523 2706 2086 2779">
     <span class='ocr_line' id='line_1_42' title="bbox 523 2706 2086 2779; baseline 0.01 -26"><span class='ocrx_word' id='word_1_271' title='bbox 523 2715 748 2768; x_wconf 76' lang='lat' dir='ltr'><strong>gemma:</strong></span> <span class='ocrx_word' id='word_1_272' title='bbox 783 2706 1032 2772; x_wconf 69' lang='lat' dir='ltr'><strong>reposita:</strong></span> <span class='ocrx_word' id='word_1_273' title='bbox 1058 2718 1215 2761; x_wconf 87' lang='lat' dir='ltr'><strong>erant</strong></span> <span class='ocrx_word' id='word_1_274' title='bbox 1247 2717 1302 2761; x_wconf 78' lang='lat' dir='ltr'><strong>et</strong></span> <span class='ocrx_word' id='word_1_275' title='bbox 1329 2708 1596 2778; x_wconf 88' lang='lat' dir='ltr'><strong>quidquid</strong></span> <span class='ocrx_word' id='word_1_276' title='bbox 1627 2725 1794 2779; x_wconf 89' lang='lat' dir='ltr'><strong>opum</strong></span> <span class='ocrx_word' id='word_1_277' title='bbox 1829 2713 2086 2768; x_wconf 86' lang='lat' dir='ltr'><strong>habebat.</strong></span> 
     </span>
    </p>
   </div>
   <div class='ocr_carea' id='block_1_43' title="bbox 526 2789 2091 2872">
    <p class='ocr_par' dir='ltr' id='par_1_43' title="bbox 526 2789 2091 2872">
     <span class='ocr_line' id='line_1_43' title="bbox 526 2789 2091 2872; baseline 0.009 -27"><span class='ocrx_word' id='word_1_278' title='bbox 526 2789 730 2845; x_wconf 80' lang='lat' dir='ltr'><strong>Somno</strong></span> <span class='ocrx_word' id='word_1_279' title='bbox 773 2803 955 2847; x_wconf 88' lang='lat' dir='ltr'><strong>autem</strong></span> <span class='ocrx_word' id='word_1_280' title='bbox 998 2795 1050 2848; x_wconf 83' lang='lat' dir='ltr'><strong>\i</strong></span> <span class='ocrx_word' id='word_1_281' title='bbox 1104 2811 1334 2852; x_wconf 76' lang='lat' dir='ltr'><strong>excusso</strong></span> <span class='ocrx_word' id='word_1_282' title='bbox 1375 2806 1523 2854; x_wconf 90' lang='lat' dir='ltr'><strong>totus</strong></span> <span class='ocrx_word' id='word_1_283' title='bbox 1571 2800 1751 2856; x_wconf 85' lang='lat' dir='ltr'><strong>adhuc</strong></span> <span class='ocrx_word' id='word_1_284' title='bbox 1809 2803 2091 2872; x_wconf 83' lang='lat' dir='ltr'><strong>trepidans</strong></span> 
     </span>
    </p>
   </div>
   <div class='ocr_carea' id='block_1_44' title="bbox 525 2886 2090 2958">
    <p class='ocr_par' dir='ltr' id='par_1_44' title="bbox 525 2886 2090 2958">
     <span class='ocr_line' id='line_1_44' title="bbox 525 2886 2090 2958; baseline 0.009 -24"><span class='ocrx_word' id='word_1_285' title='bbox 525 2899 840 2953; x_wconf 85' lang='lat' dir='ltr'><strong>quanquam</strong></span> <span class='ocrx_word' id='word_1_286' title='bbox 899 2886 1316 2956; x_wconf 76' lang='lat' dir='ltr'><strong>expergefactus</strong></span> <span class='ocrx_word' id='word_1_287' title='bbox 1367 2889 1682 2944; x_wconf 74' lang='lat' dir='ltr'><strong>inclamavit</strong></span> <span class='ocrx_word' id='word_1_288' title='bbox 1740 2891 1996 2958; x_wconf 89' lang='lat' dir='ltr'><strong>famulos,</strong></span> <span class='ocrx_word' id='word_1_289' title='bbox 2030 2905 2090 2948; x_wconf 89' lang='lat' dir='ltr'><strong>ut</strong></span> 
     </span>
    </p>
   </div>
   <div class='ocr_carea' id='block_1_45' title="bbox 526 2977 2087 3054">
    <p class='ocr_par' dir='ltr' id='par_1_45' title="bbox 526 2977 2087 3054">
     <span class='ocr_line' id='line_1_45' title="bbox 526 2977 2087 3054; baseline 0.007 -24"><span class='ocrx_word' id='word_1_290' title='bbox 526 2977 838 3044; x_wconf 74' lang='lat' dir='ltr'><strong>praedonem</strong></span> <span class='ocrx_word' id='word_1_291' title='bbox 881 2988 1364 3047; x_wconf 84' lang='lat' dir='ltr'><strong>persequerentur,</strong></span> <span class='ocrx_word' id='word_1_292' title='bbox 1411 2993 1482 3036; x_wconf 76' lang='lat' dir='ltr'><strong>ne&quot;</strong></span> <span class='ocrx_word' id='word_1_293' title='bbox 1534 2998 1640 3037; x_wconf 91' lang='lat' dir='ltr'><strong>una</strong></span> <span class='ocrx_word' id='word_1_294' title='bbox 1675 2998 1799 3038; x_wconf 86' lang='lat' dir='ltr'><strong>cum</strong></span> <span class='ocrx_word' id='word_1_295' title='bbox 1853 2978 2087 3054; x_wconf 86' lang='lat' dir='ltr'><strong>pecunia</strong></span> 
     </span>
    </p>
   </div>
   <div class='ocr_carea' id='block_1_46' title="bbox 527 3067 2085 3144">
    <p class='ocr_par' dir='ltr' id='par_1_46' title="bbox 527 3067 2085 3144">
     <span class='ocr_line' id='line_1_46' title="bbox 527 3067 2085 3144; baseline 0.008 -24"><span class='ocrx_word' id='word_1_296' title='bbox 527 3067 812 3138; x_wconf 78' lang='lat' dir='ltr'><strong>etlugeret.</strong></span> <span class='ocrx_word' id='word_1_297' title='bbox 855 3069 1146 3138; x_wconf 78' lang='lat' dir='ltr'><strong>lgnorabat</strong></span> <span class='ocrx_word' id='word_1_298' title='bbox 1177 3072 1326 3126; x_wconf 90' lang='lat' dir='ltr'><strong>enim</strong></span> <span class='ocrx_word' id='word_1_299' title='bbox 1353 3073 1470 3128; x_wconf 90' lang='lat' dir='ltr'><strong>visa</strong></span> <span class='ocrx_word' id='word_1_300' title='bbox 1516 3074 1606 3128; x_wconf 88' lang='lat' dir='ltr'><strong>illa</strong></span> <span class='ocrx_word' id='word_1_301' title='bbox 1636 3077 1912 3132; x_wconf 87' lang='lat' dir='ltr'><strong>somnium</strong></span> <span class='ocrx_word' id='word_1_302' title='bbox 1937 3093 2085 3144; x_wconf 90' lang='lat' dir='ltr'><strong>esse,</strong></span> 
     </span>
    </p>
   </div>
   <div class='ocr_carea' id='block_1_47' title="bbox 527 3166 2087 3231">
    <p class='ocr_par' dir='ltr' id='par_1_47' title="bbox 527 3166 2087 3231">
     <span class='ocr_line' id='line_1_47' title="bbox 527 3166 2087 3231; baseline 0.007 -14"><span class='ocrx_word' id='word_1_303' title='bbox 527 3178 635 3219; x_wconf 90' lang='lat' dir='ltr'><strong>non</strong></span> <span class='ocrx_word' id='word_1_304' title='bbox 687 3179 796 3218; x_wconf 91' lang='lat' dir='ltr'><strong>rem</strong></span> <span class='ocrx_word' id='word_1_305' title='bbox 832 3179 1040 3220; x_wconf 87' lang='lat' dir='ltr'><strong>veram.</strong></span> <span class='ocrx_word' id='word_1_306' title='bbox 1092 3166 1196 3231; x_wconf 72' lang='lat' dir='ltr'><strong>Qui</strong></span> <span class='ocrx_word' id='word_1_307' title='bbox 1241 3181 1367 3220; x_wconf 91' lang='lat' dir='ltr'><strong>cum</strong></span> <span class='ocrx_word' id='word_1_308' title='bbox 1411 3169 1593 3224; x_wconf 86' lang='lat' dir='ltr'><strong>statim</strong></span> <span class='ocrx_word' id='word_1_309' title='bbox 1639 3171 2006 3226; x_wconf 87' lang='lat' dir='ltr'><strong>surrexissent</strong></span> <span class='ocrx_word' id='word_1_310' title='bbox 2031 3182 2087 3228; x_wconf 90' lang='lat' dir='ltr'><strong>et</strong></span> 
     </span>
    </p>
   </div>
   <div class='ocr_carea' id='block_1_48' title="bbox 461 3255 2087 3334">
    <p class='ocr_par' dir='ltr' id='par_1_48' title="bbox 461 3255 2087 3334">
     <span class='ocr_line' id='line_1_48' title="bbox 461 3255 2087 3334; baseline 0.009 -28"><span class='ocrx_word' id='word_1_311' title='bbox 461 3271 466 3274; x_wconf 78' lang='grc'><strong>-</strong></span> <span class='ocrx_word' id='word_1_312' title='bbox 527 3255 674 3312; x_wconf 86' lang='lat' dir='ltr'><strong>fores</strong></span> <span class='ocrx_word' id='word_1_313' title='bbox 709 3259 922 3312; x_wconf 82' lang='lat' dir='ltr'><strong>clausas</strong></span> <span class='ocrx_word' id='word_1_314' title='bbox 964 3259 1320 3328; x_wconf 84' lang='lat' dir='ltr'><strong>reperissent,</strong></span> <span class='ocrx_word' id='word_1_315' title='bbox 1365 3269 1422 3315; x_wconf 90' lang='lat' dir='ltr'><strong>et</strong></span> <span class='ocrx_word' id='word_1_316' title='bbox 1476 3260 1856 3326; x_wconf 83' lang='lat' dir='ltr'><strong>allirmassent.</strong></span> <span class='ocrx_word' id='word_1_317' title='bbox 1895 3265 2087 3334; x_wconf 68' lang='lat' dir='ltr'><strong>imagi«</strong></span> 
     </span>
    </p>
   </div>
   <div class='ocr_carea' id='block_1_49' title="bbox 527 3351 2087 3424">
    <p class='ocr_par' dir='ltr' id='par_1_49' title="bbox 527 3351 2087 3424">
     <span class='ocr_line' id='line_1_49' title="bbox 527 3351 2087 3424; baseline 0.004 -20"><span class='ocrx_word' id='word_1_318' title='bbox 527 3353 804 3405; x_wconf 86' lang='lat' dir='ltr'><strong>nationem</strong></span> <span class='ocrx_word' id='word_1_319' title='bbox 841 3365 964 3406; x_wconf 89' lang='lat' dir='ltr'><strong>esse</strong></span> <span class='ocrx_word' id='word_1_320' title='bbox 988 3366 1019 3405; x_wconf 91' lang='lat' dir='ltr'><strong>e</strong></span> <span class='ocrx_word' id='word_1_321' title='bbox 1045 3351 1262 3407; x_wconf 90' lang='lat' dir='ltr'><strong>diurnis</strong></span> <span class='ocrx_word' id='word_1_322' title='bbox 1290 3352 1720 3424; x_wconf 77' lang='lat' dir='ltr'><strong>cogitationibus</strong></span> <span class='ocrx_word' id='word_1_323' title='bbox 1754 3365 1927 3411; x_wconf 88' lang='lat' dir='ltr'><strong>ortam</strong></span> <span class='ocrx_word' id='word_1_324' title='bbox 1948 3397 1962 3422; x_wconf 94' lang='lat'><strong>,</strong></span> <span class='ocrx_word' id='word_1_325' title='bbox 1998 3359 2087 3413; x_wconf 90' lang='lat' dir='ltr'><strong>ille</strong></span> 
     </span>
    </p>
   </div>
   <div class='ocr_carea' id='block_1_50' title="bbox 527 3442 2085 3518">
    <p class='ocr_par' dir='ltr' id='par_1_50' title="bbox 527 3442 2085 3518">
     <span class='ocr_line' id='line_1_50' title="bbox 527 3442 2085 3518; baseline 0.004 -22"><span class='ocrx_word' id='word_1_326' title='bbox 527 3443 613 3497; x_wconf 86' lang='lat' dir='ltr'><strong>vix</strong></span> <span class='ocrx_word' id='word_1_327' title='bbox 639 3443 707 3497; x_wconf 90' lang='lat' dir='ltr'><strong>ad</strong></span> <span class='ocrx_word' id='word_1_328' title='bbox 734 3458 792 3498; x_wconf 91' lang='lat' dir='ltr'><strong>se</strong></span> <span class='ocrx_word' id='word_1_329' title='bbox 820 3442 998 3513; x_wconf 89' lang='lat' dir='ltr'><strong>ipsum</strong></span> <span class='ocrx_word' id='word_1_330' title='bbox 1026 3459 1278 3499; x_wconf 83' lang='lat' dir='ltr'><strong>reversus</strong></span> <span class='ocrx_word' id='word_1_331' title='bbox 1314 3445 1760 3502; x_wconf 82' lang='lat' dir='ltr'><strong>ardentissimum</strong></span> <span class='ocrx_word' id='word_1_332' title='bbox 1784 3449 2085 3518; x_wconf 76' lang='lat' dir='ltr'><strong>suSpirium</strong></span> 
     </span>
    </p>
   </div>
   <div class='ocr_carea' id='block_1_51' title="bbox 525 3534 2086 3597">
    <p class='ocr_par' dir='ltr' id='par_1_51' title="bbox 525 3534 2086 3597">
     <span class='ocr_line' id='line_1_51' title="bbox 525 3534 2086 3597; baseline 0.004 -10"><span class='ocrx_word' id='word_1_333' title='bbox 525 3549 592 3587; x_wconf 88' lang='lat' dir='ltr'><strong>ex</strong></span> <span class='ocrx_word' id='word_1_334' title='bbox 635 3534 745 3587; x_wconf 91' lang='lat' dir='ltr'><strong>imo</strong></span> <span class='ocrx_word' id='word_1_335' title='bbox 797 3535 981 3597; x_wconf 86' lang='lat' dir='ltr'><strong>traxit,</strong></span> <span class='ocrx_word' id='word_1_336' title='bbox 1023 3551 1086 3590; x_wconf 87' lang='lat' dir='ltr'><strong>ac</strong></span> <span class='ocrx_word' id='word_1_337' title='bbox 1135 3551 1243 3590; x_wconf 91' lang='lat' dir='ltr'><strong>non</strong></span> <span class='ocrx_word' id='word_1_338' title='bbox 1291 3545 1399 3590; x_wconf 86' lang='lat' dir='ltr'><strong>tam</strong></span> <span class='ocrx_word' id='word_1_339' title='bbox 1453 3537 1781 3594; x_wconf 84' lang='lat' dir='ltr'><strong>diurnarqu</strong></span> <span class='ocrx_word' id='word_1_340' title='bbox 1830 3555 2086 3594; x_wconf 88' lang='lat' dir='ltr'><strong>curarum</strong></span> 
     </span>
    </p>
   </div>
   <div class='ocr_carea' id='block_1_52' title="bbox 525 3621 2087 3693">
    <p class='ocr_par' dir='ltr' id='par_1_52' title="bbox 525 3621 2087 3693">
     <span class='ocr_line' id='line_1_52' title="bbox 525 3621 2087 3693; baseline 0.006 -19"><span class='ocrx_word' id='word_1_341' title='bbox 525 3621 854 3691; x_wconf 82' lang='lat' dir='ltr'><strong>imaginem,</strong></span> <span class='ocrx_word' id='word_1_342' title='bbox 917 3638 1079 3692; x_wconf 90' lang='lat' dir='ltr'><strong>quam</strong></span> <span class='ocrx_word' id='word_1_343' title='bbox 1127 3625 1450 3693; x_wconf 70' lang='lat' dir='ltr'><strong>praesagium</strong></span> <span class='ocrx_word' id='word_1_344' title='bbox 1503 3627 1810 3682; x_wconf 86' lang='lat' dir='ltr'><strong>eversionis</strong></span> <span class='ocrx_word' id='word_1_345' title='bbox 1866 3628 2087 3683; x_wconf 69' lang='lat' dir='ltr'><strong>familia:</strong></span> 
     </span>
    </p>
   </div>
   <div class='ocr_carea' id='block_1_53' title="bbox 525 3713 2084 3786">
    <p class='ocr_par' dir='ltr' id='par_1_53' title="bbox 525 3713 2084 3786">
     <span class='ocr_line' id='line_1_53' title="bbox 525 3713 2084 3786; baseline 0.005 -20"><span class='ocrx_word' id='word_1_346' title='bbox 525 3728 658 3778; x_wconf 63' lang='lat' dir='ltr'><strong>suae,</strong></span> <span class='ocrx_word' id='word_1_347' title='bbox 706 3713 974 3768; x_wconf 84' lang='lat' dir='ltr'><strong>visionem</strong></span> <span class='ocrx_word' id='word_1_348' title='bbox 1029 3715 1175 3769; x_wconf 89' lang='lat' dir='ltr'><strong>illam</strong></span> <span class='ocrx_word' id='word_1_349' title='bbox 1217 3730 1338 3770; x_wconf 91' lang='lat' dir='ltr'><strong>esse</strong></span> <span class='ocrx_word' id='word_1_350' title='bbox 1384 3715 1673 3786; x_wconf 75' lang='lat' dir='ltr'><strong>judicavit.</strong></span> <span class='ocrx_word' id='word_1_351' title='bbox 1727 3717 1908 3784; x_wconf 85' lang='lat' dir='ltr'><strong>Quare</strong></span> <span class='ocrx_word' id='word_1_352' title='bbox 1959 3734 2084 3774; x_wconf 90' lang='lat' dir='ltr'><strong>cum</strong></span> 
     </span>
    </p>
   </div>
   <div class='ocr_carea' id='block_1_54' title="bbox 524 3803 2080 3880">
    <p class='ocr_par' dir='ltr' id='par_1_54' title="bbox 524 3803 2080 3880">
     <span class='ocr_line' id='line_1_54' title="bbox 524 3803 2080 3880; baseline 0.006 -25"><span class='ocrx_word' id='word_1_353' title='bbox 524 3803 833 3867; x_wconf 86' lang='lat' dir='ltr'><strong>diluxisset,</strong></span> <span class='ocrx_word' id='word_1_354' title='bbox 863 3805 1152 3875; x_wconf 87' lang='lat' dir='ltr'><strong>plerasque</strong></span> <span class='ocrx_word' id='word_1_355' title='bbox 1178 3821 1310 3875; x_wconf 88' lang='lat' dir='ltr'><strong>opes</strong></span> <span class='ocrx_word' id='word_1_356' title='bbox 1351 3822 1383 3862; x_wconf 87' lang='lat' dir='ltr'><strong>e</strong></span> <span class='ocrx_word' id='word_1_357' title='bbox 1424 3807 1540 3864; x_wconf 90' lang='lat' dir='ltr'><strong>suis</strong></span> <span class='ocrx_word' id='word_1_358' title='bbox 1575 3809 1787 3864; x_wconf 75' lang='lat' dir='ltr'><strong>aedibus</strong></span> <span class='ocrx_word' id='word_1_359' title='bbox 1824 3818 2080 3880; x_wconf 89' lang='lat' dir='ltr'><strong>tanquam</strong></span> 
     </span>
    </p>
   </div>
   <div class='ocr_carea' id='block_1_55' title="bbox 523 3897 2087 3967">
    <p class='ocr_par' dir='ltr' id='par_1_55' title="bbox 523 3897 2087 3967">
     <span class='ocr_line' id='line_1_55' title="bbox 523 3897 2087 3967; baseline 0.005 -17"><span class='ocrx_word' id='word_1_360' title='bbox 523 3897 827 3965; x_wconf 74' lang='lat' dir='ltr'><strong>deSperatis</strong></span> <span class='ocrx_word' id='word_1_361' title='bbox 841 3898 948 3967; x_wconf 83' lang='lat' dir='ltr'><strong>jam</strong></span> <span class='ocrx_word' id='word_1_362' title='bbox 965 3899 1253 3955; x_wconf 72' lang='lat' dir='ltr'><strong>translatas</strong></span> <span class='ocrx_word' id='word_1_363' title='bbox 1272 3899 1628 3956; x_wconf 88' lang='lat' dir='ltr'><strong>interamieos</strong></span> <span class='ocrx_word' id='word_1_364' title='bbox 1643 3902 1936 3957; x_wconf 80' lang='lat' dir='ltr'><strong>fidissimos</strong></span> <span class='ocrx_word' id='word_1_365' title='bbox 1949 3904 2087 3959; x_wconf 89' lang='lat' dir='ltr'><strong>clam</strong></span> 
     </span>
    </p>
   </div>
   <div class='ocr_carea' id='block_1_56' title="bbox 524 3987 2088 4048">
    <p class='ocr_par' dir='ltr' id='par_1_56' title="bbox 524 3987 2088 4048">
     <span class='ocr_line' id='line_1_56' title="bbox 524 3987 2088 4048; baseline 0.004 -7"><span class='ocrx_word' id='word_1_366' title='bbox 524 3987 806 4042; x_wconf 88' lang='lat' dir='ltr'><strong>distribuit</strong></span> <span class='ocrx_word' id='word_1_367' title='bbox 828 3989 1233 4045; x_wconf 78' lang='lat' dir='ltr'><strong>eusmdiendas.</strong></span> <span class='ocrx_word' id='word_1_368' title='bbox 1259 3989 1438 4046; x_wconf 83' lang='lat' dir='ltr'><strong>Uxore</strong></span> <span class='ocrx_word' id='word_1_369' title='bbox 1470 4007 1601 4046; x_wconf 85' lang='lat' dir='ltr'><strong>vero</strong></span> <span class='ocrx_word' id='word_1_370' title='bbox 1623 4003 1676 4047; x_wconf 89' lang='lat' dir='ltr'><strong>et</strong></span> <span class='ocrx_word' id='word_1_371' title='bbox 1704 3993 1915 4048; x_wconf 89' lang='lat' dir='ltr'><strong>ancillis</strong></span> <span class='ocrx_word' id='word_1_372' title='bbox 1939 3993 2088 4048; x_wconf 91' lang='lat' dir='ltr'><strong>domi</strong></span> 
     </span>
    </p>
   </div>
   <div class='ocr_carea' id='block_1_57' title="bbox 524 4079 2088 4153">
    <p class='ocr_par' dir='ltr' id='par_1_57' title="bbox 524 4079 2088 4153">
     <span class='ocr_line' id='line_1_57' title="bbox 524 4079 2088 4153; baseline 0.004 -21"><span class='ocrx_word' id='word_1_373' title='bbox 524 4080 730 4134; x_wconf 82' lang='lat' dir='ltr'><strong>relictis</strong></span> <span class='ocrx_word' id='word_1_374' title='bbox 757 4081 869 4150; x_wconf 91' lang='lat' dir='ltr'><strong>ipse</strong></span> <span class='ocrx_word' id='word_1_375' title='bbox 892 4079 1174 4150; x_wconf 66' lang='lat' dir='ltr'><strong>infpalatio</strong></span> <span class='ocrx_word' id='word_1_376' title='bbox 1205 4081 1530 4136; x_wconf 90' lang='lat' dir='ltr'><strong>commorari</strong></span> <span class='ocrx_word' id='word_1_377' title='bbox 1555 4081 1718 4153; x_wconf 65' lang='grc'><strong>413</strong></span> <span class='ocrx_word' id='word_1_378' title='bbox 1752 4097 1816 4136; x_wconf 92' lang='lat' dir='ltr'><strong>ac</strong></span> <span class='ocrx_word' id='word_1_379' title='bbox 1847 4083 2088 4139; x_wconf 87' lang='lat' dir='ltr'><strong>residere</strong></span> 
     </span>
    </p>
   </div>
   <div class='ocr_carea' id='block_1_58' title="bbox 522 4173 2089 4245">
    <p class='ocr_par' dir='ltr' id='par_1_58' title="bbox 522 4173 2089 4245">
     <span class='ocr_line' id='line_1_58' title="bbox 522 4173 2089 4245; baseline 0.001 -17"><span class='ocrx_word' id='word_1_380' title='bbox 522 4189 588 4228; x_wconf 83' lang='lat' dir='ltr'><strong>ex</strong></span> <span class='ocrx_word' id='word_1_381' title='bbox 619 4189 684 4228; x_wconf 89' lang='lat' dir='ltr'><strong>eo</strong></span> <span class='ocrx_word' id='word_1_382' title='bbox 708 4173 872 4243; x_wconf 66' lang='lat' dir='ltr'><strong>erepit</strong></span> <span class='ocrx_word' id='word_1_383' title='bbox 894 4192 907 4238; x_wconf 90' lang='lat'><strong>;</strong></span> <span class='ocrx_word' id='word_1_384' title='bbox 929 4174 1073 4228; x_wconf 88' lang='lat' dir='ltr'><strong>unde</strong></span> <span class='ocrx_word' id='word_1_385' title='bbox 1114 4189 1213 4229; x_wconf 91' lang='lat' dir='ltr'><strong>nec</strong></span> <span class='ocrx_word' id='word_1_386' title='bbox 1243 4174 1390 4231; x_wconf 88' lang='lat' dir='ltr'><strong>foras</strong></span> <span class='ocrx_word' id='word_1_387' title='bbox 1427 4175 1831 4245; x_wconf 80' lang='lat' dir='ltr'><strong>egrediebatur,</strong></span> <span class='ocrx_word' id='word_1_388' title='bbox 1866 4175 2089 4230; x_wconf 88' lang='lat' dir='ltr'><strong>seditio-</strong></span> 
     </span>
    </p>
   </div>
   <div class='ocr_carea' id='block_1_59' title="bbox 525 4265 2084 4336">
    <p class='ocr_par' dir='ltr' id='par_1_59' title="bbox 525 4265 2084 4336">
     <span class='ocr_line' id='line_1_59' title="bbox 525 4265 2084 4336; baseline 0.003 -18"><span class='ocrx_word' id='word_1_389' title='bbox 525 4281 649 4320; x_wconf 88' lang='lat' dir='ltr'><strong>nem</strong></span> <span class='ocrx_word' id='word_1_390' title='bbox 670 4267 858 4336; x_wconf 90' lang='lat' dir='ltr'><strong>populi</strong></span> <span class='ocrx_word' id='word_1_391' title='bbox 885 4275 1074 4320; x_wconf 89' lang='lat' dir='ltr'><strong>contra</strong></span> <span class='ocrx_word' id='word_1_392' title='bbox 1105 4281 1162 4320; x_wconf 91' lang='lat' dir='ltr'><strong>se</strong></span> <span class='ocrx_word' id='word_1_393' title='bbox 1193 4265 1644 4322; x_wconf 71' lang='lat' dir='ltr'><strong>effervescentem</strong></span> <span class='ocrx_word' id='word_1_394' title='bbox 1665 4266 2084 4336; x_wconf 87' lang='lat' dir='ltr'><strong>pertimescens.</strong></span> 
     </span>
    </p>
   </div>
   <div class='ocr_carea' id='block_1_60' title="bbox 2195 1975 3760 2048">
    <p class='ocr_par' dir='ltr' id='par_1_60' title="bbox 2195 1975 3760 2048">
     <span class='ocr_line' id='line_1_60' title="bbox 2195 1975 3760 2048; baseline -0.003 -17"><span class='ocrx_word' id='word_1_395' title='bbox 2195 1979 2429 2048; x_wconf 88' lang='grc' dir='ltr'>μάλιστα</span> <span class='ocrx_word' id='word_1_396' title='bbox 2458 1978 2676 2030; x_wconf 75' lang='grc' dir='ltr'>πάντων</span> <span class='ocrx_word' id='word_1_397' title='bbox 2718 1977 2882 2039; x_wconf 79' lang='grc' dir='ltr'>αὐτὸς</span> <span class='ocrx_word' id='word_1_398' title='bbox 2911 1977 3182 2029; x_wconf 88' lang='grc' dir='ltr'>κοινωνῶν</span> <span class='ocrx_word' id='word_1_399' title='bbox 3229 1977 3306 2044; x_wconf 85' lang='grc' dir='ltr'>τῷ</span> <span class='ocrx_word' id='word_1_400' title='bbox 3340 1975 3548 2045; x_wconf 84' lang='grc' dir='ltr'>βασιλεῖ</span> <span class='ocrx_word' id='word_1_401' title='bbox 3578 1976 3760 2045; x_wconf 81' lang='grc' dir='ltr'>ῥητῶν</span> 
     </span>
    </p>
   </div>
   <div class='ocr_carea' id='block_1_61' title="bbox 2193 2068 3758 2141">
    <p class='ocr_par' dir='ltr' id='par_1_61' title="bbox 2193 2068 3758 2141">
     <span class='ocr_line' id='line_1_61' title="bbox 2193 2068 3758 2141; baseline -0.001 -19"><span class='ocrx_word' id='word_1_402' title='bbox 2193 2071 2286 2122; x_wconf 74' lang='grc' dir='ltr'>καὶ</span> <span class='ocrx_word' id='word_1_403' title='bbox 2319 2071 2644 2141; x_wconf 73' lang='grc' dir='ltr'>ἀπορρήτων</span> <span class='ocrx_word' id='word_1_404' title='bbox 2695 2070 2790 2123; x_wconf 71' lang='grc' dir='ltr'>καὶ</span> <span class='ocrx_word' id='word_1_405' title='bbox 2842 2068 3068 2138; x_wconf 78' lang='grc' dir='ltr'>γνώμης</span> <span class='ocrx_word' id='word_1_406' title='bbox 3121 2071 3212 2122; x_wconf 68' lang='grc' dir='ltr'><strong>καὶ</strong></span> <span class='ocrx_word' id='word_1_407' title='bbox 3253 2069 3506 2138; x_wconf 80' lang='grc' dir='ltr'>πράξεως</span> <span class='ocrx_word' id='word_1_408' title='bbox 3552 2068 3758 2138; x_wconf 75' lang='grc' dir='ltr'>πάσης.</span> 
     </span>
    </p>
   </div>
   <div class='ocr_carea' id='block_1_62' title="bbox 2192 2156 3760 2230">
    <p class='ocr_par' dir='ltr' id='par_1_62' title="bbox 2192 2156 3760 2230">
     <span class='ocr_line' id='line_1_62' title="bbox 2192 2156 3760 2230; baseline -0.004 -15"><span class='ocrx_word' id='word_1_409' title='bbox 2192 2162 2282 2215; x_wconf 86' lang='grc' dir='ltr'><strong>Διὸ</strong></span> <span class='ocrx_word' id='word_1_410' title='bbox 2314 2163 2408 2215; x_wconf 74' lang='grc' dir='ltr'>καὶ</span> <span class='ocrx_word' id='word_1_411' title='bbox 2437 2161 2662 2223; x_wconf 80' lang='grc' dir='ltr'>σύννους</span> <span class='ocrx_word' id='word_1_412' title='bbox 2698 2179 2780 2223; x_wconf 91' lang='grc' dir='ltr'><strong>τις</strong></span> <span class='ocrx_word' id='word_1_413' title='bbox 2810 2156 2878 2230; x_wconf 74' lang='grc' dir='ltr'>ἦν</span> <span class='ocrx_word' id='word_1_414' title='bbox 2908 2161 3000 2214; x_wconf 74' lang='grc' dir='ltr'>καὶ</span> <span class='ocrx_word' id='word_1_415' title='bbox 3039 2161 3381 2230; x_wconf 81' lang='grc' dir='ltr'>ἐμμέριμνος</span> <span class='ocrx_word' id='word_1_416' title='bbox 3413 2161 3501 2214; x_wconf 69' lang='grc' dir='ltr'><strong>ἀεὶ</strong></span> <span class='ocrx_word' id='word_1_417' title='bbox 3527 2161 3621 2213; x_wconf 81' lang='grc' dir='ltr'>καὶ</span> <span class='ocrx_word' id='word_1_418' title='bbox 3649 2159 3760 2210; x_wconf 87' lang='grc' dir='ltr'><strong>τῶν</strong></span> 
     </span>
    </p>
   </div>
   <div class='ocr_carea' id='block_1_63' title="bbox 2195 2250 3762 2322">
    <p class='ocr_par' dir='ltr' id='par_1_63' title="bbox 2195 2250 3762 2322">
     <span class='ocr_line' id='line_1_63' title="bbox 2195 2250 3762 2322; baseline -0.003 -18"><span class='ocrx_word' id='word_1_419' title='bbox 2195 2252 2495 2322; x_wconf 81' lang='grc' dir='ltr'>μελλόντων</span> <span class='ocrx_word' id='word_1_420' title='bbox 2548 2250 2783 2321; x_wconf 79' lang='grc' dir='ltr'>πλήρης,</span> <span class='ocrx_word' id='word_1_421' title='bbox 2814 2252 2872 2304; x_wconf 86' lang='grc' dir='ltr'>οὐ</span> <span class='ocrx_word' id='word_1_422' title='bbox 2917 2251 3062 2321; x_wconf 84' lang='grc' dir='ltr'>μάλα</span> <span class='ocrx_word' id='word_1_423' title='bbox 3115 2269 3199 2303; x_wconf 88' lang='grc' dir='ltr'><strong>τοι</strong></span> <span class='ocrx_word' id='word_1_424' title='bbox 3229 2251 3400 2316; x_wconf 81' lang='grc' dir='ltr'>δεξιὸν</span> <span class='ocrx_word' id='word_1_425' title='bbox 3461 2250 3521 2302; x_wconf 82' lang='grc' dir='ltr'>τὸ</span> <span class='ocrx_word' id='word_1_426' title='bbox 3567 2251 3762 2318; x_wconf 79' lang='grc' dir='ltr'>μέλλον</span> 
     </span>
    </p>
   </div>
   <div class='ocr_carea' id='block_1_64' title="bbox 2193 2340 3762 2412">
    <p class='ocr_par' dir='ltr' id='par_1_64' title="bbox 2193 2340 3762 2412">
     <span class='ocr_line' id='line_1_64' title="bbox 2193 2340 3762 2412; baseline -0.003 -15"><span class='ocrx_word' id='word_1_427' title='bbox 2193 2343 2564 2412; x_wconf 80' lang='grc' dir='ltr'>σκοπούμενος</span> <span class='ocrx_word' id='word_1_428' title='bbox 2596 2343 2768 2396; x_wconf 80' lang='grc' dir='ltr'>ἐπιόν.</span> <span class='ocrx_word' id='word_1_429' title='bbox 2813 2343 2903 2395; x_wconf 84' lang='grc' dir='ltr'>Ἐν</span> <span class='ocrx_word' id='word_1_430' title='bbox 2951 2343 3051 2412; x_wconf 76' lang='grc' dir='ltr'><strong>μιᾷ</strong></span> <span class='ocrx_word' id='word_1_431' title='bbox 3095 2341 3225 2409; x_wconf 75' lang='grc' dir='ltr'>γοῦν</span> <span class='ocrx_word' id='word_1_432' title='bbox 3255 2341 3364 2394; x_wconf 86' lang='grc' dir='ltr'><strong>τῶν</strong></span> <span class='ocrx_word' id='word_1_433' title='bbox 3394 2341 3607 2395; x_wconf 75' lang='grc' dir='ltr'>νυκτῶν</span> <span class='ocrx_word' id='word_1_434' title='bbox 3641 2340 3762 2393; x_wconf 67' lang='grc' dir='ltr'>ἔδοι</span> 
     </span>
    </p>
   </div>
   <div class='ocr_carea' id='block_1_65' title="bbox 2193 2432 3759 2502">
    <p class='ocr_par' dir='ltr' id='par_1_65' title="bbox 2193 2432 3759 2502">
     <span class='ocr_line' id='line_1_65' title="bbox 2193 2432 3759 2502; baseline -0.003 -15"><span class='ocrx_word' id='word_1_435' title='bbox 2193 2436 2283 2500; x_wconf 82' lang='grc' dir='ltr'>ξεν</span> <span class='ocrx_word' id='word_1_436' title='bbox 2313 2434 2602 2490; x_wconf 83' lang='grc' dir='ltr'>ἀλλόκοτόν</span> <span class='ocrx_word' id='word_1_437' title='bbox 2648 2451 2771 2486; x_wconf 90' lang='grc' dir='ltr'>τινα</span> <span class='ocrx_word' id='word_1_438' title='bbox 2806 2432 3106 2487; x_wconf 82' lang='grc' dir='ltr'>θεάσασθαι</span> <span class='ocrx_word' id='word_1_439' title='bbox 3136 2433 3424 2502; x_wconf 79' lang='grc' dir='ltr'>ἄνθρωπον</span> <span class='ocrx_word' id='word_1_440' title='bbox 3455 2433 3759 2484; x_wconf 77' lang='grc' dir='ltr'>ἐπιστάντα</span> 
     </span>
    </p>
   </div>
   <div class='ocr_carea' id='block_1_66' title="bbox 2191 2520 3755 2595">
    <p class='ocr_par' dir='ltr' id='par_1_66' title="bbox 2191 2520 3755 2595">
     <span class='ocr_line' id='line_1_66' title="bbox 2191 2520 3755 2595; baseline -0.008 -14"><span class='ocrx_word' id='word_1_441' title='bbox 2191 2528 2240 2581; x_wconf 73' lang='grc' dir='ltr'>οἱ</span> <span class='ocrx_word' id='word_1_442' title='bbox 2271 2525 2529 2595; x_wconf 84' lang='grc' dir='ltr'>κειμένῳ,</span> <span class='ocrx_word' id='word_1_443' title='bbox 2559 2522 2798 2594; x_wconf 82' lang='grc' dir='ltr'>ἀτεχνῶς</span> <span class='ocrx_word' id='word_1_444' title='bbox 2837 2523 3125 2594; x_wconf 85' lang='grc' dir='ltr'>λωποδύτῃ</span> <span class='ocrx_word' id='word_1_445' title='bbox 3158 2523 3263 2576; x_wconf 78' lang='grc' dir='ltr'>τινὶ</span> <span class='ocrx_word' id='word_1_446' title='bbox 3315 2523 3411 2576; x_wconf 73' lang='grc' dir='ltr'>καὶ</span> <span class='ocrx_word' id='word_1_447' title='bbox 3447 2522 3625 2591; x_wconf 80' lang='grc' dir='ltr'>ἀγρίῳ</span> <span class='ocrx_word' id='word_1_448' title='bbox 3655 2520 3755 2590; x_wconf 78' lang='grc' dir='ltr'><strong>λῃ-</strong></span> 
     </span>
    </p>
   </div>
   <div class='ocr_carea' id='block_1_67' title="bbox 2193 2612 3758 2688">
    <p class='ocr_par' dir='ltr' id='par_1_67' title="bbox 2193 2612 3758 2688">
     <span class='ocr_line' id='line_1_67' title="bbox 2193 2612 3758 2688; baseline -0.006 -17"><span class='ocrx_word' id='word_1_449' title='bbox 2193 2621 2292 2688; x_wconf 76' lang='grc' dir='ltr'>ςτῇ</span> <span class='ocrx_word' id='word_1_450' title='bbox 2318 2618 2530 2671; x_wconf 72' lang='grc' dir='ltr'>ἐοικότα</span> <span class='ocrx_word' id='word_1_451' title='bbox 2561 2617 2658 2686; x_wconf 77' lang='grc' dir='ltr'>τὴν</span> <span class='ocrx_word' id='word_1_452' title='bbox 2687 2615 2848 2686; x_wconf 84' lang='grc' dir='ltr'>χεῖρά</span> <span class='ocrx_word' id='word_1_453' title='bbox 2883 2631 2943 2667; x_wconf 89' lang='grc' dir='ltr'><strong>τε</strong></span> <span class='ocrx_word' id='word_1_454' title='bbox 2979 2613 3306 2684; x_wconf 74' lang='grc' dir='ltr'>ἐμϐαλόντα,</span> <span class='ocrx_word' id='word_1_455' title='bbox 3335 2613 3632 2680; x_wconf 76' lang='grc' dir='ltr'>ἀφελέσθαι</span> <span class='ocrx_word' id='word_1_456' title='bbox 3662 2612 3758 2663; x_wconf 74' lang='grc' dir='ltr'>τοῦ</span> 
     </span>
    </p>
   </div>
   <div class='ocr_carea' id='block_1_68' title="bbox 2193 2701 3758 2780">
    <p class='ocr_par' dir='ltr' id='par_1_68' title="bbox 2193 2701 3758 2780">
     <span class='ocr_line' id='line_1_68' title="bbox 2193 2701 3758 2780; baseline -0.006 -18"><span class='ocrx_word' id='word_1_457' title='bbox 2193 2708 2629 2780; x_wconf 75' lang='grc' dir='ltr'>προσκεφαλαίου</span> <span class='ocrx_word' id='word_1_458' title='bbox 2656 2709 2752 2769; x_wconf 72' lang='grc' dir='ltr'><strong>τὰς</strong></span> <span class='ocrx_word' id='word_1_459' title='bbox 2778 2705 2872 2759; x_wconf 80' lang='grc' dir='ltr'><strong>τοῦ</strong></span> <span class='ocrx_word' id='word_1_460' title='bbox 2896 2705 3137 2775; x_wconf 80' lang='grc' dir='ltr'>θαλάμου</span> <span class='ocrx_word' id='word_1_461' title='bbox 3172 2705 3406 2767; x_wconf 83' lang='grc' dir='ltr'>κλεῖδας,</span> <span class='ocrx_word' id='word_1_462' title='bbox 3432 2703 3516 2775; x_wconf 85' lang='grc' dir='ltr'><strong>[Ρ.</strong></span> <span class='ocrx_word' id='word_1_463' title='bbox 3543 2701 3672 2774; x_wconf 71' lang='grc'><strong>255]</strong></span> <span class='ocrx_word' id='word_1_464' title='bbox 3701 2703 3758 2753; x_wconf 71' lang='grc' dir='ltr'>ἐν</span> 
     </span>
    </p>
   </div>
   <div class='ocr_carea' id='block_1_69' title="bbox 2190 2795 3757 2870">
    <p class='ocr_par' dir='ltr' id='par_1_69' title="bbox 2190 2795 3757 2870">
     <span class='ocr_line' id='line_1_69' title="bbox 2190 2795 3757 2870; baseline -0.007 -13"><span class='ocrx_word' id='word_1_465' title='bbox 2190 2796 2234 2870; x_wconf 78' lang='grc' dir='ltr'>ᾧ</span> <span class='ocrx_word' id='word_1_466' title='bbox 2265 2804 2333 2856; x_wconf 88' lang='grc' dir='ltr'><strong>τά</strong></span> <span class='ocrx_word' id='word_1_467' title='bbox 2358 2819 2417 2855; x_wconf 87' lang='grc' dir='ltr'><strong>τε</strong></span> <span class='ocrx_word' id='word_1_468' title='bbox 2457 2801 2659 2854; x_wconf 77' lang='grc' dir='ltr'>ἔπιπλα</span> <span class='ocrx_word' id='word_1_469' title='bbox 2689 2799 2784 2853; x_wconf 74' lang='grc' dir='ltr'>καὶ</span> <span class='ocrx_word' id='word_1_470' title='bbox 2835 2799 2884 2850; x_wconf 78' lang='grc' dir='ltr'>οἱ</span> <span class='ocrx_word' id='word_1_471' title='bbox 2914 2797 3224 2860; x_wconf 82' lang='grc' dir='ltr'>πολυτελεῖς</span> <span class='ocrx_word' id='word_1_472' title='bbox 3258 2797 3466 2849; x_wconf 85' lang='grc' dir='ltr'>ἔκειντο</span> <span class='ocrx_word' id='word_1_473' title='bbox 3501 2795 3636 2847; x_wconf 85' lang='grc' dir='ltr'>λίθοι</span> <span class='ocrx_word' id='word_1_474' title='bbox 3662 2796 3757 2848; x_wconf 79' lang='grc' dir='ltr'>καὶ</span> 
     </span>
    </p>
   </div>
   <div class='ocr_carea' id='block_1_70' title="bbox 2191 2885 3843 2962">
    <p class='ocr_par' dir='ltr' id='par_1_70' title="bbox 2191 2885 3843 2962">
     <span class='ocr_line' id='line_1_70' title="bbox 2191 2885 3843 2962; baseline -0.007 -16"><span class='ocrx_word' id='word_1_475' title='bbox 2191 2895 2292 2947; x_wconf 79' lang='grc' dir='ltr'>ὅσα</span> <span class='ocrx_word' id='word_1_476' title='bbox 2345 2893 2453 2946; x_wconf 84' lang='grc' dir='ltr'><strong>τῶν</strong></span> <span class='ocrx_word' id='word_1_477' title='bbox 2482 2892 2781 2962; x_wconf 85' lang='grc' dir='ltr'>χρημάτων</span> <span class='ocrx_word' id='word_1_478' title='bbox 2832 2887 2982 2959; x_wconf 73' lang='grc' dir='ltr'>αὐτῷ</span> <span class='ocrx_word' id='word_1_479' title='bbox 3025 2887 3242 2958; x_wconf 78' lang='grc' dir='ltr'>περιῆν.</span> <span class='ocrx_word' id='word_1_480' title='bbox 3281 2887 3385 2952; x_wconf 66' lang='grc' dir='ltr'><strong>Τὸν</strong></span> <span class='ocrx_word' id='word_1_481' title='bbox 3435 2887 3491 2939; x_wconf 83' lang='grc' dir='ltr'>δὲ</span> <span class='ocrx_word' id='word_1_482' title='bbox 3543 2885 3635 2956; x_wconf 79' lang='grc' dir='ltr'>βίᾳ</span> <span class='ocrx_word' id='word_1_483' title='bbox 3664 2886 3754 2936; x_wconf 65' lang='grc' dir='ltr'><strong>τὸν</strong></span> <span class='ocrx_word' id='word_1_484' title='bbox 3839 2945 3843 2956; x_wconf 40' lang='grc' dir='ltr'><strong>Ι</strong></span> 
     </span>
    </p>
   </div>
   <div class='ocr_carea' id='block_1_71' title="bbox 2193 2977 3755 3052">
    <p class='ocr_par' dir='ltr' id='par_1_71' title="bbox 2193 2977 3755 3052">
     <span class='ocr_line' id='line_1_71' title="bbox 2193 2977 3755 3052; baseline -0.008 -11"><span class='ocrx_word' id='word_1_485' title='bbox 2193 2988 2359 3041; x_wconf 81' lang='grc' dir='ltr'>ὕπνον</span> <span class='ocrx_word' id='word_1_486' title='bbox 2384 2983 2814 3048; x_wconf 76' lang='grc' dir='ltr'>ἁποτινάξασθαι</span> <span class='ocrx_word' id='word_1_487' title='bbox 2853 2984 2946 3036; x_wconf 70' lang='grc' dir='ltr'>καὶ</span> <span class='ocrx_word' id='word_1_488' title='bbox 2973 2981 3202 3052; x_wconf 90' lang='grc' dir='ltr'>θορύϐου</span> <span class='ocrx_word' id='word_1_489' title='bbox 3226 2980 3423 3049; x_wconf 80' lang='grc' dir='ltr'>μεστὸν</span> <span class='ocrx_word' id='word_1_490' title='bbox 3459 2977 3755 3049; x_wconf 76' lang='grc' dir='ltr'>ἐγερθέντα</span> 
     </span>
    </p>
   </div>
   <div class='ocr_carea' id='block_1_72' title="bbox 2193 3060 3755 3151">
    <p class='ocr_par' dir='ltr' id='par_1_72' title="bbox 2193 3070 3755 3151">
     <span class='ocr_line' id='line_1_72' title="bbox 2193 3070 3755 3151; baseline -0.008 -19"><span class='ocrx_word' id='word_1_491' title='bbox 2193 3080 2322 3151; x_wconf 80' lang='grc' dir='ltr'>βοᾷν</span> <span class='ocrx_word' id='word_1_492' title='bbox 2349 3079 2441 3131; x_wconf 61' lang='grc' dir='ltr'><strong>καὶ⁵</strong></span> <span class='ocrx_word' id='word_1_493' title='bbox 2471 3079 2582 3138; x_wconf 85' lang='grc' dir='ltr'>τοῖς</span> <span class='ocrx_word' id='word_1_494' title='bbox 2615 3075 2951 3145; x_wconf 84' lang='grc' dir='ltr'>θεράπουσιν</span> <span class='ocrx_word' id='word_1_495' title='bbox 2990 3071 3374 3140; x_wconf 70' lang='grc' dir='ltr'>ἐγκελεύεσθαι</span> <span class='ocrx_word' id='word_1_496' title='bbox 3409 3070 3631 3124; x_wconf 81' lang='grc' dir='ltr'>διώκειν</span> <span class='ocrx_word' id='word_1_497' title='bbox 3665 3071 3755 3121; x_wconf 82' lang='grc' dir='ltr'>τὸν</span> 
     </span>
    </p>
   </div>
   <div class='ocr_carea' id='block_1_73' title="bbox 2191 3163 3752 3242">
    <p class='ocr_par' dir='ltr' id='par_1_73' title="bbox 2191 3163 3752 3242">
     <span class='ocr_line' id='line_1_73' title="bbox 2191 3163 3752 3242; baseline -0.005 -19"><span class='ocrx_word' id='word_1_498' title='bbox 2191 3171 2530 3239; x_wconf 70' lang='grc' dir='ltr'>λωποδύτην,</span> <span class='ocrx_word' id='word_1_499' title='bbox 2569 3168 2641 3237; x_wconf 77' lang='grc' dir='ltr'>μὴ</span> <span class='ocrx_word' id='word_1_500' title='bbox 2675 3167 2857 3238; x_wconf 82' lang='grc' dir='ltr'>φθάσῃ</span> <span class='ocrx_word' id='word_1_501' title='bbox 2879 3165 3099 3234; x_wconf 82' lang='grc' dir='ltr'>διαδρὰς</span> <span class='ocrx_word' id='word_1_502' title='bbox 3131 3163 3269 3228; x_wconf 76' lang='grc' dir='ltr'>μετὰ</span> <span class='ocrx_word' id='word_1_503' title='bbox 3300 3163 3408 3242; x_wconf 79' lang='grc' dir='ltr'><strong>τῶν</strong></span> <span class='ocrx_word' id='word_1_504' title='bbox 3432 3163 3752 3232; x_wconf 80' lang='grc' dir='ltr'>χρημάτων.</span> 
     </span>
    </p>
   </div>
   <div class='ocr_carea' id='block_1_74' title="bbox 2202 3252 3755 3331">
    <p class='ocr_par' dir='ltr' id='par_1_74' title="bbox 2202 3252 3755 3331">
     <span class='ocr_line' id='line_1_74' title="bbox 2202 3252 3755 3331; baseline -0.009 -13"><span class='ocrx_word' id='word_1_505' title='bbox 2202 3263 2471 3331; x_wconf 80' lang='grc' dir='ltr'>Ἐλελήθει</span> <span class='ocrx_word' id='word_1_506' title='bbox 2507 3262 2613 3329; x_wconf 82' lang='grc' dir='ltr'>γὰρ</span> <span class='ocrx_word' id='word_1_507' title='bbox 2637 3261 2796 3312; x_wconf 73' lang='grc' dir='ltr'>αὑτὸν</span> <span class='ocrx_word' id='word_1_508' title='bbox 2825 3259 3075 3312; x_wconf 74' lang='grc' dir='ltr'>ἐνύπνιον</span> <span class='ocrx_word' id='word_1_509' title='bbox 3105 3252 3243 3310; x_wconf 76' lang='grc' dir='ltr'>εἶναι</span> <span class='ocrx_word' id='word_1_510' title='bbox 3283 3255 3350 3308; x_wconf 80' lang='grc' dir='ltr'><strong>τὰ</strong></span> <span class='ocrx_word' id='word_1_511' title='bbox 3381 3253 3755 3324; x_wconf 78' lang='grc' dir='ltr'>φαντασθέντα</span> 
     </span>
    </p>
   </div>
   <div class='ocr_carea' id='block_1_75' title="bbox 2189 3346 3754 3424">
    <p class='ocr_par' dir='ltr' id='par_1_75' title="bbox 2189 3346 3754 3424">
     <span class='ocr_line' id='line_1_75' title="bbox 2189 3346 3754 3424; baseline -0.01 -14"><span class='ocrx_word' id='word_1_512' title='bbox 2189 3359 2280 3410; x_wconf 77' lang='grc' dir='ltr'>καὶ</span> <span class='ocrx_word' id='word_1_513' title='bbox 2316 3356 2416 3409; x_wconf 73' lang='grc' dir='ltr'>οὐκ</span> <span class='ocrx_word' id='word_1_514' title='bbox 2440 3355 2722 3424; x_wconf 83' lang='grc' dir='ltr'>ἀλήθειαν.</span> <span class='ocrx_word' id='word_1_515' title='bbox 2748 3353 2868 3405; x_wconf 87' lang='grc' dir='ltr'><strong>Τῶν</strong></span> <span class='ocrx_word' id='word_1_516' title='bbox 2891 3352 2954 3420; x_wconf 81' lang='grc' dir='ltr'>δὴ</span> <span class='ocrx_word' id='word_1_517' title='bbox 2986 3351 3333 3418; x_wconf 73' lang='grc' dir='ltr'>θεραπόντων</span> <span class='ocrx_word' id='word_1_518' title='bbox 3363 3346 3754 3400; x_wconf 81' lang='grc' dir='ltr'>διανιστάντων</span> 
     </span>
    </p>
   </div>
   <div class='ocr_carea' id='block_1_76' title="bbox 2187 3441 3756 3517">
    <p class='ocr_par' dir='ltr' id='par_1_76' title="bbox 2187 3441 3756 3517">
     <span class='ocr_line' id='line_1_76' title="bbox 2187 3441 3756 3517; baseline -0.007 -14"><span class='ocrx_word' id='word_1_519' title='bbox 2187 3451 2349 3513; x_wconf 77' lang='grc' dir='ltr'>εὐθὺς</span> <span class='ocrx_word' id='word_1_520' title='bbox 2403 3448 2632 3512; x_wconf 76' lang='grc' dir='ltr'>καὶτὰς</span> <span class='ocrx_word' id='word_1_521' title='bbox 2671 3447 2840 3517; x_wconf 83' lang='grc' dir='ltr'>θύρας</span> <span class='ocrx_word' id='word_1_522' title='bbox 2891 3443 3287 3512; x_wconf 74' lang='grc' dir='ltr'>κεκλεισμένας</span> <span class='ocrx_word' id='word_1_523' title='bbox 3337 3441 3608 3509; x_wconf 79' lang='grc' dir='ltr'>εὑρόντων</span> <span class='ocrx_word' id='word_1_524' title='bbox 3661 3442 3756 3493; x_wconf 71' lang='grc' dir='ltr'>καὶ</span> 
     </span>
    </p>
   </div>
   <div class='ocr_carea' id='block_1_77' title="bbox 2187 3532 3757 3612">
    <p class='ocr_par' dir='ltr' id='par_1_77' title="bbox 2187 3532 3757 3612">
     <span class='ocr_line' id='line_1_77' title="bbox 2187 3532 3757 3612; baseline -0.008 -16"><span class='ocrx_word' id='word_1_525' title='bbox 2187 3543 2695 3596; x_wconf 80' lang='grc' dir='ltr'>διαϐεϐαιωσάντων</span> <span class='ocrx_word' id='word_1_526' title='bbox 2740 3539 3041 3608; x_wconf 76' lang='grc' dir='ltr'>φαντασίαν</span> <span class='ocrx_word' id='word_1_527' title='bbox 3099 3532 3238 3588; x_wconf 72' lang='grc' dir='ltr'>εἶναι</span> <span class='ocrx_word' id='word_1_528' title='bbox 3276 3534 3336 3586; x_wconf 71' lang='grc' dir='ltr'><strong>τὺ</strong></span> <span class='ocrx_word' id='word_1_529' title='bbox 3381 3533 3613 3601; x_wconf 73' lang='grc' dir='ltr'>πρᾶγμα</span> <span class='ocrx_word' id='word_1_530' title='bbox 3661 3533 3757 3612; x_wconf 76' lang='grc' dir='ltr'>καὶ</span> 
     </span>
    </p>
   </div>
   <div class='ocr_carea' id='block_1_78' title="bbox 2195 3625 3752 3704">
    <p class='ocr_par' dir='ltr' id='par_1_78' title="bbox 2195 3625 3752 3704">
     <span class='ocr_line' id='line_1_78' title="bbox 2195 3625 3752 3704; baseline -0.009 -17"><span class='ocrx_word' id='word_1_531' title='bbox 2195 3634 2574 3704; x_wconf 84' lang='grc' dir='ltr'>μεθημερινῶν</span> <span class='ocrx_word' id='word_1_532' title='bbox 2610 3633 2907 3703; x_wconf 81' lang='grc' dir='ltr'>φροντίδων</span> <span class='ocrx_word' id='word_1_533' title='bbox 2961 3630 3270 3700; x_wconf 78' lang='grc' dir='ltr'>βλάστημα,</span> <span class='ocrx_word' id='word_1_534' title='bbox 3315 3627 3466 3696; x_wconf 82' lang='grc' dir='ltr'>μόλις</span> <span class='ocrx_word' id='word_1_535' title='bbox 3513 3627 3591 3685; x_wconf 74' lang='grc' dir='ltr'><strong>είς</strong></span> <span class='ocrx_word' id='word_1_536' title='bbox 3626 3625 3752 3675; x_wconf 75' lang='grc' dir='ltr'>ἑαυο</span> 
     </span>
    </p>
   </div>
   <div class='ocr_carea' id='block_1_79' title="bbox 2192 3714 3754 3796">
    <p class='ocr_par' dir='ltr' id='par_1_79' title="bbox 2192 3714 3754 3796">
     <span class='ocr_line' id='line_1_79' title="bbox 2192 3714 3754 3796; baseline -0.009 -17"><span class='ocrx_word' id='word_1_537' title='bbox 2192 3727 2283 3779; x_wconf 73' lang='grc' dir='ltr'>τὸν</span> <span class='ocrx_word' id='word_1_538' title='bbox 2342 3725 2512 3779; x_wconf 74' lang='grc' dir='ltr'>ἐλθὼν</span> <span class='ocrx_word' id='word_1_539' title='bbox 2543 3725 2873 3796; x_wconf 84' lang='grc' dir='ltr'>θερμότατόν</span> <span class='ocrx_word' id='word_1_540' title='bbox 2926 3740 3048 3774; x_wconf 89' lang='grc' dir='ltr'>τινα</span> <span class='ocrx_word' id='word_1_541' title='bbox 3102 3719 3406 3788; x_wconf 74' lang='grc' dir='ltr'>στεναγμὸν</span> <span class='ocrx_word' id='word_1_542' title='bbox 3450 3720 3514 3769; x_wconf 75' lang='grc' dir='ltr'>ἐκ</span> <span class='ocrx_word' id='word_1_543' title='bbox 3559 3714 3754 3784; x_wconf 79' lang='grc' dir='ltr'>βάθους</span> 
     </span>
    </p>
   </div>
   <div class='ocr_carea' id='block_1_80' title="bbox 2191 3807 3754 3885">
    <p class='ocr_par' dir='ltr' id='par_1_80' title="bbox 2191 3807 3754 3885">
     <span class='ocr_line' id='line_1_80' title="bbox 2191 3807 3754 3885; baseline -0.008 -16"><span class='ocrx_word' id='word_1_544' title='bbox 2191 3816 2498 3885; x_wconf 73' lang='grc' dir='ltr'>ἀνέπεμψε,</span> <span class='ocrx_word' id='word_1_545' title='bbox 2548 3818 2642 3868; x_wconf 74' lang='grc' dir='ltr'>καὶ</span> <span class='ocrx_word' id='word_1_546' title='bbox 2661 3817 2720 3868; x_wconf 76' lang='grc' dir='ltr'>οὐ</span> <span class='ocrx_word' id='word_1_547' title='bbox 2765 3813 3016 3868; x_wconf 76' lang='grc' dir='ltr'>τοσοῦτον</span> <span class='ocrx_word' id='word_1_548' title='bbox 3051 3809 3434 3882; x_wconf 87' lang='grc' dir='ltr'>μεθημερινῶν</span> <span class='ocrx_word' id='word_1_549' title='bbox 3459 3807 3754 3878; x_wconf 83' lang='grc' dir='ltr'>φροντίδων</span> 
     </span>
    </p>
   </div>
   <div class='ocr_carea' id='block_1_81' title="bbox 2191 3898 3750 3980">
    <p class='ocr_par' dir='ltr' id='par_1_81' title="bbox 2191 3898 3750 3980">
     <span class='ocr_line' id='line_1_81' title="bbox 2191 3898 3750 3980; baseline -0.008 -18"><span class='ocrx_word' id='word_1_550' title='bbox 2191 3909 2479 3980; x_wconf 83' lang='grc' dir='ltr'>βλάστημα</span> <span class='ocrx_word' id='word_1_551' title='bbox 2523 3909 2583 3961; x_wconf 82' lang='grc' dir='ltr'><strong>τὺ</strong></span> <span class='ocrx_word' id='word_1_552' title='bbox 2623 3906 2824 3976; x_wconf 85' lang='grc' dir='ltr'>φανθὲν</span> <span class='ocrx_word' id='word_1_553' title='bbox 2867 3907 3102 3972; x_wconf 77' lang='grc' dir='ltr'>ἔκρινεν,</span> <span class='ocrx_word' id='word_1_554' title='bbox 3142 3905 3265 3957; x_wconf 80' lang='grc' dir='ltr'>ὅσον</span> <span class='ocrx_word' id='word_1_555' title='bbox 3331 3901 3587 3971; x_wconf 81' lang='grc' dir='ltr'>μαντείαν</span> <span class='ocrx_word' id='word_1_556' title='bbox 3632 3898 3750 3951; x_wconf 75' lang='grc' dir='ltr'>τινὰ</span> 
     </span>
    </p>
   </div>
   <div class='ocr_carea' id='block_1_82' title="bbox 2187 3990 3748 4072">
    <p class='ocr_par' dir='ltr' id='par_1_82' title="bbox 2187 3990 3748 4072">
     <span class='ocr_line' id='line_1_82' title="bbox 2187 3990 3748 4072; baseline -0.008 -18"><span class='ocrx_word' id='word_1_557' title='bbox 2187 4001 2282 4054; x_wconf 72' lang='grc' dir='ltr'>καὶ</span> <span class='ocrx_word' id='word_1_558' title='bbox 2312 4002 2764 4072; x_wconf 68' lang='grc' dir='ltr'>προαναφὼνησιν</span> <span class='ocrx_word' id='word_1_559' title='bbox 2791 3999 2883 4052; x_wconf 81' lang='grc' dir='ltr'>τοῦ</span> <span class='ocrx_word' id='word_1_560' title='bbox 2912 3998 3198 4068; x_wconf 86' lang='grc' dir='ltr'>μέλλοντος</span> <span class='ocrx_word' id='word_1_561' title='bbox 3228 3993 3636 4064; x_wconf 73' lang='grc' dir='ltr'>καταλήψεσθαι</span> <span class='ocrx_word' id='word_1_562' title='bbox 3659 3990 3748 4042; x_wconf 79' lang='grc' dir='ltr'>τὸν</span> 
     </span>
    </p>
   </div>
   <div class='ocr_carea' id='block_1_83' title="bbox 2187 4085 3749 4158">
    <p class='ocr_par' dir='ltr' id='par_1_83' title="bbox 2187 4085 3749 4158">
     <span class='ocr_line' id='line_1_83' title="bbox 2187 4085 3749 4158; baseline -0.008 -14"><span class='ocrx_word' id='word_1_563' title='bbox 2187 4093 2390 4144; x_wconf 83' lang='grc' dir='ltr'>οἰκεῖον</span> <span class='ocrx_word' id='word_1_564' title='bbox 2435 4085 2584 4144; x_wconf 76' lang='grc' dir='ltr'>οἶκον</span> <span class='ocrx_word' id='word_1_565' title='bbox 2625 4089 2958 4158; x_wconf 70' lang='grc' dir='ltr'>ἀφανισμοῦ.</span> <span class='ocrx_word' id='word_1_566' title='bbox 2991 4087 3155 4140; x_wconf 82' lang='grc' dir='ltr'>Ὅθεν</span> <span class='ocrx_word' id='word_1_567' title='bbox 3195 4085 3404 4156; x_wconf 80' lang='grc' dir='ltr'>ἡμέρας</span> <span class='ocrx_word' id='word_1_568' title='bbox 3451 4085 3749 4151; x_wconf 72' lang='grc' dir='ltr'>γενομένης</span> 
     </span>
    </p>
   </div>
   <div class='ocr_carea' id='block_1_84' title="bbox 2186 4171 3745 4254">
    <p class='ocr_par' dir='ltr' id='par_1_84' title="bbox 2186 4171 3745 4254">
     <span class='ocr_line' id='line_1_84' title="bbox 2186 4171 3745 4254; baseline -0.008 -22"><span class='ocrx_word' id='word_1_569' title='bbox 2186 4181 2256 4235; x_wconf 76' lang='grc' dir='ltr'>τὰ</span> <span class='ocrx_word' id='word_1_570' title='bbox 2285 4182 2449 4234; x_wconf 87' lang='grc' dir='ltr'>πλείω</span> <span class='ocrx_word' id='word_1_571' title='bbox 2478 4180 2586 4232; x_wconf 88' lang='grc' dir='ltr'><strong>τῶν</strong></span> <span class='ocrx_word' id='word_1_572' title='bbox 2617 4180 2916 4254; x_wconf 81' lang='grc' dir='ltr'>χρημάτων</span> <span class='ocrx_word' id='word_1_573' title='bbox 2945 4177 3278 4245; x_wconf 64' lang='grc' dir='ltr'>ἀφελόμενος</span> <span class='ocrx_word' id='word_1_574' title='bbox 3309 4175 3408 4242; x_wconf 80' lang='grc' dir='ltr'>τῆς</span> <span class='ocrx_word' id='word_1_575' title='bbox 3437 4171 3633 4236; x_wconf 74' lang='grc' dir='ltr'>οἰκίας,</span> <span class='ocrx_word' id='word_1_576' title='bbox 3655 4171 3745 4222; x_wconf 71' lang='grc' dir='ltr'>ἅτε</span> 
     </span>
    </p>
   </div>
   <div class='ocr_carea' id='block_1_85' title="bbox 2187 4263 3748 4342">
    <p class='ocr_par' dir='ltr' id='par_1_85' title="bbox 2187 4263 3748 4342">
     <span class='ocr_line' id='line_1_85' title="bbox 2187 4263 3748 4342; baseline -0.009 -16"><span class='ocrx_word' id='word_1_577' title='bbox 2187 4272 2617 4342; x_wconf 84' lang='grc' dir='ltr'>άπεγνωσμένης</span> <span class='ocrx_word' id='word_1_578' title='bbox 2689 4271 2812 4340; x_wconf 70' lang='grc' dir='ltr'>ἤδη,</span> <span class='ocrx_word' id='word_1_579' title='bbox 2857 4269 3132 4340; x_wconf 82' lang='grc' dir='ltr'>διεμέρισέ</span> <span class='ocrx_word' id='word_1_580' title='bbox 3175 4287 3233 4321; x_wconf 83' lang='grc' dir='ltr'><strong>τε</strong></span> <span class='ocrx_word' id='word_1_581' title='bbox 3287 4267 3381 4319; x_wconf 78' lang='grc' dir='ltr'><strong>καὶ</strong></span> <span class='ocrx_word' id='word_1_582' title='bbox 3420 4266 3529 4316; x_wconf 86' lang='grc' dir='ltr'><strong>τῶν</strong></span> <span class='ocrx_word' id='word_1_583' title='bbox 3584 4263 3748 4331; x_wconf 81' lang='grc' dir='ltr'>φίλων</span> 
     </span>
    </p>
   </div>
   <div class='ocr_carea' id='block_1_86' title="bbox 521 4355 3750 4434">
    <p class='ocr_par' dir='ltr' id='par_1_86' title="bbox 521 4355 3750 4434">
     <span class='ocr_line' id='line_1_86' title="bbox 521 4355 3750 4434; baseline 0.004 -24"><span class='ocrx_word' id='word_1_584' title='bbox 521 4360 636 4421; x_wconf 85' lang='grc' dir='ltr'>τοῖς</span> <span class='ocrx_word' id='word_1_585' title='bbox 686 4359 1027 4420; x_wconf 87' lang='grc' dir='ltr'>πιστοτάτοις</span> <span class='ocrx_word' id='word_1_586' title='bbox 1071 4358 1247 4428; x_wconf 88' lang='grc' dir='ltr'>λάθρα</span> <span class='ocrx_word' id='word_1_587' title='bbox 1274 4357 1520 4412; x_wconf 74' lang='grc' dir='ltr'>ἐδεδώκει</span> <span class='ocrx_word' id='word_1_588' title='bbox 1567 4358 1868 4422; x_wconf 84' lang='grc' dir='ltr'>φυλάττειν</span> <span class='ocrx_word' id='word_1_589' title='bbox 1899 4361 2072 4432; x_wconf 77' lang='grc' dir='ltr'>αύτῷ.</span> <span class='ocrx_word' id='word_1_590' title='bbox 2130 4363 2189 4417; x_wconf 91' lang='lat'><strong>&#39;0</strong></span> <span class='ocrx_word' id='word_1_591' title='bbox 2233 4366 2290 4418; x_wconf 76' lang='grc' dir='ltr'>δὲ</span> <span class='ocrx_word' id='word_1_592' title='bbox 2336 4364 2437 4434; x_wconf 81' lang='grc' dir='ltr'>τὴν</span> <span class='ocrx_word' id='word_1_593' title='bbox 2469 4366 2705 4432; x_wconf 85' lang='grc' dir='ltr'>γυναῖκα</span> <span class='ocrx_word' id='word_1_594' title='bbox 2755 4361 2851 4416; x_wconf 74' lang='grc' dir='ltr'>καὶ</span> <span class='ocrx_word' id='word_1_595' title='bbox 2915 4361 3016 4424; x_wconf 80' lang='grc' dir='ltr'>τὰς</span> <span class='ocrx_word' id='word_1_596' title='bbox 3085 4360 3469 4430; x_wconf 82' lang='grc' dir='ltr'>θεραπαινίδας</span> <span class='ocrx_word' id='word_1_597' title='bbox 3503 4356 3631 4425; x_wconf 65' lang='grc' dir='ltr'>περὶ</span> <span class='ocrx_word' id='word_1_598' title='bbox 3661 4355 3750 4405; x_wconf 74' lang='grc' dir='ltr'><strong>τδν</strong></span> 
     </span>
    </p>
   </div>
   <div class='ocr_carea' id='block_1_87' title="bbox 522 4447 3750 4526">
    <p class='ocr_par' dir='ltr' id='par_1_87' title="bbox 522 4447 3750 4526">
     <span class='ocr_line' id='line_1_87' title="bbox 522 4447 3750 4526; baseline -0 -24"><span class='ocrx_word' id='word_1_599' title='bbox 522 4447 670 4503; x_wconf 75' lang='grc' dir='ltr'>οἷκον</span> <span class='ocrx_word' id='word_1_600' title='bbox 707 4451 867 4520; x_wconf 65' lang='grc' dir='ltr'>ἀφεὶς</span> <span class='ocrx_word' id='word_1_601' title='bbox 900 4447 1063 4509; x_wconf 76' lang='grc' dir='ltr'>αὐτὸς</span> <span class='ocrx_word' id='word_1_602' title='bbox 1112 4453 1241 4520; x_wconf 71' lang='grc' dir='ltr'>περὶ</span> <span class='ocrx_word' id='word_1_603' title='bbox 1273 4453 1341 4504; x_wconf 75' lang='grc' dir='ltr'><strong>τὰ</strong></span> <span class='ocrx_word' id='word_1_604' title='bbox 1374 4451 1625 4519; x_wconf 83' lang='grc' dir='ltr'>βασίλεια</span> <span class='ocrx_word' id='word_1_605' title='bbox 1665 4452 1931 4523; x_wconf 85' lang='grc' dir='ltr'>ἀπρόῖτον</span> <span class='ocrx_word' id='word_1_606' title='bbox 1987 4455 2082 4507; x_wconf 84' lang='grc' dir='ltr'><strong>τοῦ</strong></span> <span class='ocrx_word' id='word_1_607' title='bbox 2121 4455 2310 4510; x_wconf 84' lang='grc' dir='ltr'>λοιποῦ</span> <span class='ocrx_word' id='word_1_608' title='bbox 2345 4457 2443 4526; x_wconf 82' lang='grc' dir='ltr'>τὴν</span> <span class='ocrx_word' id='word_1_609' title='bbox 2513 4453 2796 4526; x_wconf 79' lang='grc' dir='ltr'>διατριϐὴν</span> <span class='ocrx_word' id='word_1_610' title='bbox 2871 4453 2964 4508; x_wconf 69' lang='grc' dir='ltr'>καὶ</span> <span class='ocrx_word' id='word_1_611' title='bbox 3008 4452 3322 4522; x_wconf 71' lang='grc' dir='ltr'>κᾶταμονὴν</span> <span class='ocrx_word' id='word_1_612' title='bbox 3367 4453 3623 4516; x_wconf 75' lang='grc' dir='ltr'>ἐποιεῖτο,</span> <span class='ocrx_word' id='word_1_613' title='bbox 3665 4449 3750 4501; x_wconf 83' lang='grc' dir='ltr'>δε-</span> 
     </span>
    </p>
   </div>
   <div class='ocr_carea' id='block_1_88' title="bbox 522 4540 2911 4618">
    <p class='ocr_par' dir='ltr' id='par_1_88' title="bbox 522 4540 2911 4618">
     <span class='ocr_line' id='line_1_88' title="bbox 522 4540 2911 4618; baseline 0.002 -22"><span class='ocrx_word' id='word_1_614' title='bbox 522 4542 650 4604; x_wconf 86' lang='grc' dir='ltr'>διὼς</span> <span class='ocrx_word' id='word_1_615' title='bbox 705 4542 802 4611; x_wconf 80' lang='grc' dir='ltr'>τὴν</span> <span class='ocrx_word' id='word_1_616' title='bbox 834 4540 928 4593; x_wconf 77' lang='grc' dir='ltr'>τοῦ</span> <span class='ocrx_word' id='word_1_617' title='bbox 965 4541 1138 4610; x_wconf 85' lang='grc' dir='ltr'>δήμου</span> <span class='ocrx_word' id='word_1_618' title='bbox 1166 4542 1352 4595; x_wconf 82' lang='grc' dir='ltr'>στάσιν</span> <span class='ocrx_word' id='word_1_619' title='bbox 1375 4543 1816 4611; x_wconf 79' lang='grc' dir='ltr'>φλεγμαίνουσαν</span> <span class='ocrx_word' id='word_1_620' title='bbox 1846 4547 1968 4598; x_wconf 73' lang='grc' dir='ltr'>κατ’</span> <span class='ocrx_word' id='word_1_621' title='bbox 1989 4545 2178 4600; x_wconf 82' lang='grc' dir='ltr'>αὑτοῦ.</span> <span class='ocrx_word' id='word_1_622' title='bbox 2815 4581 2820 4587; x_wconf 93' lang='grc'><strong>-</strong></span> <span class='ocrx_word' id='word_1_623' title='bbox 2907 4615 2911 4618; x_wconf 12' lang='grc' dir='ltr'><strong>γ</strong></span> 
     </span>
    </p>
   </div>
   <div class='ocr_carea' id='block_1_89' title="bbox 594 4632 2086 4707">
    <p class='ocr_par' dir='ltr' id='par_1_89' title="bbox 594 4632 2086 4701">
     <span class='ocr_line' id='line_1_89' title="bbox 594 4632 2086 4701; baseline 0.002 -13"><span class='ocrx_word' id='word_1_624' title='bbox 594 4635 678 4688; x_wconf 90' lang='lat' dir='ltr'><strong>lll.</strong></span> <span class='ocrx_word' id='word_1_625' title='bbox 712 4632 982 4688; x_wconf 66' lang='lat' dir='ltr'><strong>Craterum</strong></span> <span class='ocrx_word' id='word_1_626' title='bbox 1022 4632 1115 4700; x_wconf 89' lang='lat' dir='ltr'><strong>qui</strong></span> <span class='ocrx_word' id='word_1_627' title='bbox 1163 4647 1192 4685; x_wconf 89' lang='lat' dir='ltr'><strong>a</strong></span> <span class='ocrx_word' id='word_1_628' title='bbox 1241 4632 1456 4688; x_wconf 87' lang='lat' dir='ltr'><strong>seniore</strong></span> <span class='ocrx_word' id='word_1_629' title='bbox 1488 4633 1817 4701; x_wconf 88' lang='lat' dir='ltr'><strong>imperatore</strong></span> <span class='ocrx_word' id='word_1_630' title='bbox 1855 4635 2086 4691; x_wconf 82' lang='lat' dir='ltr'><strong>urbibus</strong></span> 
     </span>
    </p>
   </div>
   <div class='ocr_carea' id='block_1_90' title="bbox 2189 4632 3751 4707">
    <p class='ocr_par' dir='ltr' id='par_1_90' title="bbox 2202 4632 3751 4707">
     <span class='ocr_line' id='line_1_90' title="bbox 2202 4632 3751 4707; baseline -0.003 -18"><span class='ocrx_word' id='word_1_631' title='bbox 2202 4643 2205 4645; x_wconf 84' lang='grc'><em>’</em></span> <span class='ocrx_word' id='word_1_632' title='bbox 2264 4636 2338 4692; x_wconf 83' lang='lat' dir='ltr'><strong>I&quot;.</strong></span> <span class='ocrx_word' id='word_1_633' title='bbox 2373 4637 2435 4690; x_wconf 78' lang='lat' dir='ltr'><strong>Oi</strong></span> <span class='ocrx_word' id='word_1_634' title='bbox 2470 4638 2655 4707; x_wconf 88' lang='grc' dir='ltr'>μέντοι</span> <span class='ocrx_word' id='word_1_635' title='bbox 2692 4635 2846 4704; x_wconf 76' lang='grc' dir='ltr'>παρὰ</span> <span class='ocrx_word' id='word_1_636' title='bbox 2880 4633 2971 4688; x_wconf 78' lang='grc' dir='ltr'><strong>τοῦ</strong></span> <span class='ocrx_word' id='word_1_637' title='bbox 3007 4633 3240 4703; x_wconf 86' lang='grc' dir='ltr'>γηραιοῦ</span> <span class='ocrx_word' id='word_1_638' title='bbox 3278 4632 3543 4702; x_wconf 82' lang='grc' dir='ltr'>βασιλέως</span> <span class='ocrx_word' id='word_1_639' title='bbox 3580 4649 3751 4704; x_wconf 87' lang='grc' dir='ltr'>προα-</span> 
     </span>
    </p>
   </div>
   <div class='ocr_carea' id='block_1_91' title="bbox 519 4722 2086 4794">
    <p class='ocr_par' dir='ltr' id='par_1_91' title="bbox 519 4722 2080 4794">
     <span class='ocr_line' id='line_1_91' title="bbox 519 4722 2080 4794; baseline -0.003 -13"><span class='ocrx_word' id='word_1_640' title='bbox 519 4734 574 4781; x_wconf 90' lang='lat' dir='ltr'><strong>et</strong></span> <span class='ocrx_word' id='word_1_641' title='bbox 620 4723 921 4794; x_wconf 86' lang='lat' dir='ltr'><strong>provinciis</strong></span> <span class='ocrx_word' id='word_1_642' title='bbox 955 4722 1281 4776; x_wconf 75' lang='lat' dir='ltr'><strong>Macedonia:</strong></span> <span class='ocrx_word' id='word_1_643' title='bbox 1321 4722 1594 4791; x_wconf 61' lang='lat' dir='ltr'><strong>praepositi</strong></span> <span class='ocrx_word' id='word_1_644' title='bbox 1643 4733 1800 4778; x_wconf 86' lang='lat' dir='ltr'><strong>antea</strong></span> <span class='ocrx_word' id='word_1_645' title='bbox 1845 4725 2080 4789; x_wconf 84' lang='lat' dir='ltr'><strong>fuerant,</strong></span> 
     </span>
    </p>
   </div>
   <div class='ocr_carea' id='block_1_92' title="bbox 2189 4722 3751 4794">
    <p class='ocr_par' dir='ltr' id='par_1_92' title="bbox 2193 4723 3751 4794">
     <span class='ocr_line' id='line_1_92' title="bbox 2193 4723 3751 4794; baseline -0.003 -15"><span class='ocrx_word' id='word_1_646' title='bbox 2193 4727 2554 4790; x_wconf 85' lang='grc' dir='ltr'>ποσταλέντες</span> <span class='ocrx_word' id='word_1_647' title='bbox 2604 4729 2683 4788; x_wconf 89' lang='grc' dir='ltr'><strong>είς</strong></span> <span class='ocrx_word' id='word_1_648' title='bbox 2718 4725 2815 4794; x_wconf 79' lang='grc' dir='ltr'>τὴν</span> <span class='ocrx_word' id='word_1_649' title='bbox 2846 4724 2954 4777; x_wconf 88' lang='grc' dir='ltr'><strong>τῶν</strong></span> <span class='ocrx_word' id='word_1_650' title='bbox 2989 4726 3128 4776; x_wconf 71' lang='grc' dir='ltr'>κατὰ</span> <span class='ocrx_word' id='word_1_651' title='bbox 3170 4723 3508 4777; x_wconf 84' lang='grc' dir='ltr'>Μακεδονίαν</span> <span class='ocrx_word' id='word_1_652' title='bbox 3562 4723 3751 4794; x_wconf 84' lang='grc' dir='ltr'>χωρῶν</span> 
     </span>
    </p>
   </div>
   <div class='ocr_carea' id='block_1_93' title="bbox 522 4813 2086 4886">
    <p class='ocr_par' dir='ltr' id='par_1_93' title="bbox 522 4813 2083 4885">
     <span class='ocr_line' id='line_1_93' title="bbox 522 4813 2083 4885; baseline 0.001 -15"><span class='ocrx_word' id='word_1_653' title='bbox 522 4832 627 4870; x_wconf 89' lang='lat' dir='ltr'><strong>una</strong></span> <span class='ocrx_word' id='word_1_654' title='bbox 652 4831 774 4870; x_wconf 91' lang='lat' dir='ltr'><strong>cum</strong></span> <span class='ocrx_word' id='word_1_655' title='bbox 809 4815 1070 4868; x_wconf 85' lang='lat' dir='ltr'><strong>uxoribus</strong></span> <span class='ocrx_word' id='word_1_656' title='bbox 1098 4823 1150 4868; x_wconf 93' lang='lat' dir='ltr'><strong>et</strong></span> <span class='ocrx_word' id='word_1_657' title='bbox 1180 4813 1369 4867; x_wconf 89' lang='lat' dir='ltr'><strong>liberis</strong></span> <span class='ocrx_word' id='word_1_658' title='bbox 1391 4817 1471 4881; x_wconf 90' lang='lat' dir='ltr'><strong>(ut</strong></span> <span class='ocrx_word' id='word_1_659' title='bbox 1498 4821 1624 4866; x_wconf 88' lang='lat' dir='ltr'><strong>ante</strong></span> <span class='ocrx_word' id='word_1_660' title='bbox 1650 4813 1911 4885; x_wconf 84' lang='lat' dir='ltr'><strong>diximus)</strong></span> <span class='ocrx_word' id='word_1_661' title='bbox 1940 4817 2083 4884; x_wconf 87' lang='lat' dir='ltr'><strong>capti</strong></span> 
     </span>
    </p>
   </div>
   <div class='ocr_carea' id='block_1_94' title="bbox 2189 4813 3750 4886">
    <p class='ocr_par' dir='ltr' id='par_1_94' title="bbox 2192 4814 3750 4886">
     <span class='ocr_line' id='line_1_94' title="bbox 2192 4814 3750 4886; baseline -0.001 -17"><span class='ocrx_word' id='word_1_662' title='bbox 2192 4818 2285 4871; x_wconf 76' lang='grc' dir='ltr'><strong>καὶ</strong></span> <span class='ocrx_word' id='word_1_663' title='bbox 2321 4817 2527 4871; x_wconf 86' lang='grc' dir='ltr'>πόλεων</span> <span class='ocrx_word' id='word_1_664' title='bbox 2557 4816 2828 4886; x_wconf 87' lang='grc' dir='ltr'>διοίκησιν</span> <span class='ocrx_word' id='word_1_665' title='bbox 2859 4816 3103 4868; x_wconf 70' lang='grc' dir='ltr'>ἑάλωσαν</span> <span class='ocrx_word' id='word_1_666' title='bbox 3152 4814 3269 4883; x_wconf 78' lang='grc' dir='ltr'>ἃμα</span> <span class='ocrx_word' id='word_1_667' title='bbox 3317 4815 3531 4882; x_wconf 79' lang='grc' dir='ltr'>γυναιξί</span> <span class='ocrx_word' id='word_1_668' title='bbox 3559 4831 3619 4868; x_wconf 87' lang='grc' dir='ltr'><strong>τε</strong></span> <span class='ocrx_word' id='word_1_669' title='bbox 3659 4818 3750 4868; x_wconf 70' lang='grc' dir='ltr'>καὶ</span> 
     </span>
    </p>
   </div>
   <div class='ocr_carea' id='block_1_95' title="bbox 521 4906 2085 4980">
    <p class='ocr_par' dir='ltr' id='par_1_95' title="bbox 521 4906 2085 4980">
     <span class='ocr_line' id='line_1_95' title="bbox 521 4906 2085 4980; baseline 0 -17"><span class='ocrx_word' id='word_1_670' title='bbox 521 4919 669 4973; x_wconf 92' lang='lat' dir='ltr'><strong>sunt,</strong></span> <span class='ocrx_word' id='word_1_671' title='bbox 705 4919 760 4962; x_wconf 91' lang='lat' dir='ltr'><strong>et</strong></span> <span class='ocrx_word' id='word_1_672' title='bbox 793 4908 987 4978; x_wconf 80' lang='lat' dir='ltr'><strong>partim</strong></span> <span class='ocrx_word' id='word_1_673' title='bbox 1041 4906 1505 4969; x_wconf 89' lang='lat' dir='ltr'><strong>Thessalonicam,</strong></span> <span class='ocrx_word' id='word_1_674' title='bbox 1541 4909 1735 4976; x_wconf 88' lang='lat' dir='ltr'><strong>partim</strong></span> <span class='ocrx_word' id='word_1_675' title='bbox 1785 4909 2085 4980; x_wconf 82' lang='lat' dir='ltr'><strong>Didymoti-</strong></span> 
     </span>
    </p>
   </div>
   <div class='ocr_carea' id='block_1_96' title="bbox 519 4998 2082 5070">
    <p class='ocr_par' dir='ltr' id='par_1_96' title="bbox 519 4998 2082 5070">
     <span class='ocr_line' id='line_1_96' title="bbox 519 4998 2082 5070; baseline -0.001 -13"><span class='ocrx_word' id='word_1_676' title='bbox 519 5005 683 5058; x_wconf 82' lang='lat' dir='ltr'><strong>chum</strong></span> <span class='ocrx_word' id='word_1_677' title='bbox 711 5001 886 5065; x_wconf 90' lang='lat' dir='ltr'><strong>missi,</strong></span> <span class='ocrx_word' id='word_1_678' title='bbox 917 5015 1324 5063; x_wconf 73' lang='lat' dir='ltr'><strong>omnesearum</strong></span> <span class='ocrx_word' id='word_1_679' title='bbox 1363 4998 1576 5052; x_wconf 90' lang='lat' dir='ltr'><strong>urbium</strong></span> <span class='ocrx_word' id='word_1_680' title='bbox 1609 5015 1858 5055; x_wconf 87' lang='lat' dir='ltr'><strong>carceres</strong></span> <span class='ocrx_word' id='word_1_681' title='bbox 1893 5001 2082 5070; x_wconf 87' lang='lat' dir='ltr'><strong>imple-</strong></span> 
     </span>
    </p>
   </div>
   <div class='ocr_carea' id='block_1_97' title="bbox 518 5090 2084 5160">
    <p class='ocr_par' dir='ltr' id='par_1_97' title="bbox 518 5090 2084 5160">
     <span class='ocr_line' id='line_1_97' title="bbox 518 5090 2084 5160; baseline -0.002 -10"><span class='ocrx_word' id='word_1_682' title='bbox 518 5105 738 5153; x_wconf 89' lang='lat' dir='ltr'><strong>verunt.</strong></span> <span class='ocrx_word' id='word_1_683' title='bbox 791 5093 1098 5148; x_wconf 88' lang='lat' dir='ltr'><strong>Demetrius</strong></span> <span class='ocrx_word' id='word_1_684' title='bbox 1130 5106 1262 5146; x_wconf 90' lang='lat' dir='ltr'><strong>vero</strong></span> <span class='ocrx_word' id='word_1_685' title='bbox 1305 5090 1546 5160; x_wconf 85' lang='lat' dir='ltr'><strong>despota,</strong></span> <span class='ocrx_word' id='word_1_686' title='bbox 1584 5107 1753 5147; x_wconf 85' lang='lat' dir='ltr'><strong>uxore</strong></span> <span class='ocrx_word' id='word_1_687' title='bbox 1796 5101 1851 5147; x_wconf 91' lang='lat' dir='ltr'><strong>et</strong></span> <span class='ocrx_word' id='word_1_688' title='bbox 1895 5093 2084 5147; x_wconf 86' lang='lat' dir='ltr'><strong>liberis</strong></span> 
     </span>
    </p>
   </div>
   <div class='ocr_carea' id='block_1_98' title="bbox 518 5182 2079 5258">
    <p class='ocr_par' dir='ltr' id='par_1_98' title="bbox 518 5182 2079 5258">
     <span class='ocr_line' id='line_1_98' title="bbox 518 5182 2079 5258; baseline -0.003 -16"><span class='ocrx_word' id='word_1_689' title='bbox 518 5187 744 5254; x_wconf 86' lang='lat' dir='ltr'><strong>relictis,</strong></span> <span class='ocrx_word' id='word_1_690' title='bbox 778 5187 872 5258; x_wconf 88' lang='lat' dir='ltr'><strong>qui</strong></span> <span class='ocrx_word' id='word_1_691' title='bbox 911 5202 940 5240; x_wconf 91' lang='lat' dir='ltr'><strong>a</strong></span> <span class='ocrx_word' id='word_1_692' title='bbox 987 5182 1444 5254; x_wconf 87' lang='lat' dir='ltr'><strong>persequentibus</strong></span> <span class='ocrx_word' id='word_1_693' title='bbox 1489 5185 1629 5253; x_wconf 80' lang='lat' dir='ltr'><strong>capti</strong></span> <span class='ocrx_word' id='word_1_694' title='bbox 1667 5194 1815 5246; x_wconf 90' lang='lat' dir='ltr'><strong>sunt,</strong></span> <span class='ocrx_word' id='word_1_695' title='bbox 1857 5183 1979 5254; x_wconf 76' lang='lat' dir='ltr'><strong>fuga</strong></span> <span class='ocrx_word' id='word_1_696' title='bbox 2013 5187 2079 5239; x_wconf 91' lang='lat' dir='ltr'><strong>ad</strong></span> 
     </span>
    </p>
   </div>
   <div class='ocr_carea' id='block_1_99' title="bbox 520 5273 2083 5344">
    <p class='ocr_par' dir='ltr' id='par_1_99' title="bbox 520 5273 2083 5344">
     <span class='ocr_line' id='line_1_99' title="bbox 520 5273 2083 5344; baseline -0.004 -10"><span class='ocrx_word' id='word_1_697' title='bbox 520 5280 723 5334; x_wconf 78' lang='lat' dir='ltr'><strong>Serviae</strong></span> <span class='ocrx_word' id='word_1_698' title='bbox 751 5277 964 5332; x_wconf 87' lang='lat' dir='ltr'><strong>Cralem</strong></span> <span class='ocrx_word' id='word_1_699' title='bbox 995 5277 1233 5344; x_wconf 88' lang='lat' dir='ltr'><strong>elapsus.</strong></span> <span class='ocrx_word' id='word_1_700' title='bbox 1269 5273 1723 5329; x_wconf 87' lang='lat' dir='ltr'><strong>Protovestiarius</strong></span> <span class='ocrx_word' id='word_1_701' title='bbox 1752 5283 1934 5328; x_wconf 90' lang='lat' dir='ltr'><strong>autem</strong></span> <span class='ocrx_word' id='word_1_702' title='bbox 1974 5277 2083 5328; x_wconf 85' lang='lat' dir='ltr'><strong>An-</strong></span> 
     </span>
    </p>
   </div>
   <div class='ocr_carea' id='block_1_100' title="bbox 517 5365 2079 5437">
    <p class='ocr_par' dir='ltr' id='par_1_100' title="bbox 517 5365 2079 5437">
     <span class='ocr_line' id='line_1_100' title="bbox 517 5365 2079 5437; baseline -0.004 -9"><span class='ocrx_word' id='word_1_703' title='bbox 517 5371 796 5434; x_wconf 88' lang='lat' dir='ltr'><strong>dronicus,</strong></span> <span class='ocrx_word' id='word_1_704' title='bbox 829 5371 894 5425; x_wconf 90' lang='lat' dir='ltr'><strong>ad</strong></span> <span class='ocrx_word' id='word_1_705' title='bbox 930 5380 1142 5437; x_wconf 88' lang='lat' dir='ltr'><strong>tempus</strong></span> <span class='ocrx_word' id='word_1_706' title='bbox 1167 5375 1220 5420; x_wconf 86' lang='lat' dir='ltr'><strong>et</strong></span> <span class='ocrx_word' id='word_1_707' title='bbox 1251 5366 1365 5434; x_wconf 88' lang='lat' dir='ltr'><strong>ipse</strong></span> <span class='ocrx_word' id='word_1_708' title='bbox 1395 5365 1673 5435; x_wconf 83' lang='lat' dir='ltr'><strong>despotaiu</strong></span> <span class='ocrx_word' id='word_1_709' title='bbox 1705 5377 1944 5431; x_wconf 89' lang='lat' dir='ltr'><strong>secutus,</strong></span> <span class='ocrx_word' id='word_1_710' title='bbox 1973 5383 2079 5422; x_wconf 90' lang='lat' dir='ltr'><strong>non</strong></span> 
     </span>
    </p>
   </div>
   <div class='ocr_carea' id='block_1_101' title="bbox 517 5457 2076 5536">
    <p class='ocr_par' dir='ltr' id='par_1_101' title="bbox 517 5457 2076 5536">
     <span class='ocr_line' id='line_1_101' title="bbox 517 5457 2076 5536; baseline -0.007 -14"><span class='ocrx_word' id='word_1_711' title='bbox 517 5466 696 5536; x_wconf 88' lang='lat' dir='ltr'><strong>potuit</strong></span> <span class='ocrx_word' id='word_1_712' title='bbox 724 5473 991 5535; x_wconf 87' lang='lat' dir='ltr'><strong>perpetuo</strong></span> <span class='ocrx_word' id='word_1_713' title='bbox 1016 5457 1236 5529; x_wconf 84' lang='lat' dir='ltr'><strong>parasiti</strong></span> <span class='ocrx_word' id='word_1_714' title='bbox 1267 5472 1415 5511; x_wconf 83' lang='lat' dir='ltr'><strong>more</strong></span> <span class='ocrx_word' id='word_1_715' title='bbox 1439 5457 1610 5511; x_wconf 84' lang='lat' dir='ltr'><strong>aliena</strong></span> <span class='ocrx_word' id='word_1_716' title='bbox 1638 5457 1844 5526; x_wconf 84' lang='lat' dir='ltr'><strong>quadra</strong></span> <span class='ocrx_word' id='word_1_717' title='bbox 1869 5458 2076 5520; x_wconf 87' lang='lat' dir='ltr'><strong>vivere,</strong></span> 
     </span>
    </p>
   </div>
   <div class='ocr_carea' id='block_1_102' title="bbox 521 5550 2088 5624">
    <p class='ocr_par' dir='ltr' id='par_1_102' title="bbox 521 5550 2088 5624">
     <span class='ocr_line' id='line_1_102' title="bbox 521 5550 2088 5624; baseline -0.003 -14"><span class='ocrx_word' id='word_1_718' title='bbox 521 5565 578 5610; x_wconf 89' lang='lat' dir='ltr'><strong>ut</strong></span> <span class='ocrx_word' id='word_1_719' title='bbox 614 5557 724 5612; x_wconf 90' lang='lat' dir='ltr'><strong>ille.</strong></span> <span class='ocrx_word' id='word_1_720' title='bbox 777 5556 884 5611; x_wconf 81' lang='lat' dir='ltr'><strong>Sed</strong></span> <span class='ocrx_word' id='word_1_721' title='bbox 921 5559 1154 5624; x_wconf 79' lang='lat' dir='ltr'><strong>quantas</strong></span> <span class='ocrx_word' id='word_1_722' title='bbox 1183 5550 1346 5604; x_wconf 88' lang='lat' dir='ltr'><strong>modo</strong></span> <span class='ocrx_word' id='word_1_723' title='bbox 1388 5564 1540 5618; x_wconf 87' lang='lat' dir='ltr'><strong>opes,</strong></span> <span class='ocrx_word' id='word_1_724' title='bbox 1560 5551 1832 5620; x_wconf 87' lang='lat' dir='ltr'><strong>jumenta,</strong></span> <span class='ocrx_word' id='word_1_725' title='bbox 1867 5565 2088 5619; x_wconf 82' lang='lat' dir='ltr'><strong>posses—</strong></span> 
     </span>
    </p>
   </div>
   <div class='ocr_carea' id='block_1_103' title="bbox 518 5646 2089 5723">
    <p class='ocr_par' dir='ltr' id='par_1_103' title="bbox 518 5646 2089 5723">
     <span class='ocr_line' id='line_1_103' title="bbox 518 5646 2089 5723; baseline -0.004 -16"><span class='ocrx_word' id='word_1_726' title='bbox 518 5652 735 5718; x_wconf 85' lang='lat' dir='ltr'><strong>siones,</strong></span> <span class='ocrx_word' id='word_1_727' title='bbox 771 5652 1000 5723; x_wconf 75' lang='lat' dir='ltr'><strong>gloriam</strong></span> <span class='ocrx_word' id='word_1_728' title='bbox 1052 5664 1176 5703; x_wconf 89' lang='lat' dir='ltr'><strong>cum</strong></span> <span class='ocrx_word' id='word_1_729' title='bbox 1227 5646 1374 5701; x_wconf 86' lang='lat' dir='ltr'><strong>omni</strong></span> <span class='ocrx_word' id='word_1_730' title='bbox 1429 5661 1524 5715; x_wconf 90' lang='lat' dir='ltr'><strong>spe</strong></span> <span class='ocrx_word' id='word_1_731' title='bbox 1575 5647 1758 5701; x_wconf 90' lang='lat' dir='ltr'><strong>subito</strong></span> <span class='ocrx_word' id='word_1_732' title='bbox 1817 5646 2089 5701; x_wconf 85' lang='lat' dir='ltr'><strong>amisisset</strong></span> 
     </span>
    </p>
   </div>
   <div class='ocr_carea' id='block_1_104' title="bbox 519 5737 2086 5811">
    <p class='ocr_par' dir='ltr' id='par_1_104' title="bbox 519 5737 2086 5811">
     <span class='ocr_line' id='line_1_104' title="bbox 519 5737 2086 5811; baseline -0.003 -16"><span class='ocrx_word' id='word_1_733' title='bbox 519 5758 703 5796; x_wconf 80' lang='lat' dir='ltr'><strong>secum</strong></span> <span class='ocrx_word' id='word_1_734' title='bbox 740 5753 1024 5811; x_wconf 90' lang='lat' dir='ltr'><strong>reputans,</strong></span> <span class='ocrx_word' id='word_1_735' title='bbox 1053 5748 1108 5794; x_wconf 90' lang='lat' dir='ltr'><strong>et</strong></span> <span class='ocrx_word' id='word_1_736' title='bbox 1149 5740 1238 5792; x_wconf 82' lang='lat' dir='ltr'><strong>illa</strong></span> <span class='ocrx_word' id='word_1_737' title='bbox 1284 5739 1446 5792; x_wconf 82' lang='lat' dir='ltr'><strong>etiam</strong></span> <span class='ocrx_word' id='word_1_738' title='bbox 1482 5737 1548 5792; x_wconf 78' lang='lat' dir='ltr'><strong>de</strong></span> <span class='ocrx_word' id='word_1_739' title='bbox 1579 5753 1744 5791; x_wconf 74' lang='lat' dir='ltr'><strong>uxore</strong></span> <span class='ocrx_word' id='word_1_740' title='bbox 1779 5740 2086 5804; x_wconf 88' lang='lat' dir='ltr'><strong>suspicatus</strong></span> 
     </span>
    </p>
   </div>
   <div class='ocr_carea' id='block_1_105' title="bbox 521 5830 2082 5903">
    <p class='ocr_par' dir='ltr' id='par_1_105' title="bbox 521 5830 2082 5903">
     <span class='ocr_line' id='line_1_105' title="bbox 521 5830 2082 5903; baseline 0.002 -20"><span class='ocrx_word' id='word_1_741' title='bbox 521 5835 745 5903; x_wconf 74' lang='lat' dir='ltr'><strong>probra.</strong></span> <span class='ocrx_word' id='word_1_742' title='bbox 783 5837 983 5894; x_wconf 77' lang='lat' dir='ltr'><strong>quibus</strong></span> <span class='ocrx_word' id='word_1_743' title='bbox 1015 5833 1240 5892; x_wconf 71' lang='lat' dir='ltr'><strong>captiva&#39;</strong></span> <span class='ocrx_word' id='word_1_744' title='bbox 1273 5831 1526 5886; x_wconf 88' lang='lat' dir='ltr'><strong>mulieres</strong></span> <span class='ocrx_word' id='word_1_745' title='bbox 1559 5830 1696 5885; x_wconf 85' lang='lat' dir='ltr'><strong>allici</strong></span> <span class='ocrx_word' id='word_1_746' title='bbox 1725 5831 1790 5885; x_wconf 88' lang='lat' dir='ltr'><strong>ab</strong></span> <span class='ocrx_word' id='word_1_747' title='bbox 1829 5831 2082 5886; x_wconf 82' lang='lat' dir='ltr'><strong>hostibus</strong></span> 
     </span>
    </p>
   </div>
   <div class='ocr_carea' id='block_1_106' title="bbox 2188 4910 3750 4980">
    <p class='ocr_par' dir='ltr' id='par_1_106' title="bbox 2188 4910 3750 4980">
     <span class='ocr_line' id='line_1_106' title="bbox 2188 4910 3750 4980; baseline -0.003 -16"><span class='ocrx_word' id='word_1_748' title='bbox 2188 4913 2420 4977; x_wconf 84' lang='grc' dir='ltr'>τέκνοις,</span> <span class='ocrx_word' id='word_1_749' title='bbox 2451 4914 2526 4973; x_wconf 85' lang='grc' dir='ltr'><strong>ὡς</strong></span> <span class='ocrx_word' id='word_1_750' title='bbox 2556 4911 2798 4980; x_wconf 76' lang='grc' dir='ltr'>ἔφθημεν</span> <span class='ocrx_word' id='word_1_751' title='bbox 2826 4911 3142 4978; x_wconf 78' lang='grc' dir='ltr'>εἰρηκότες.</span> <span class='ocrx_word' id='word_1_752' title='bbox 3182 4911 3277 4961; x_wconf 74' lang='grc' dir='ltr'>καὶ</span> <span class='ocrx_word' id='word_1_753' title='bbox 3304 4910 3750 4980; x_wconf 79' lang='grc' dir='ltr'>διαμερισθέντες</span> 
     </span>
    </p>
   </div>
   <div class='ocr_carea' id='block_1_107' title="bbox 2189 5004 3752 5076">
    <p class='ocr_par' dir='ltr' id='par_1_107' title="bbox 2189 5004 3752 5076">
     <span class='ocr_line' id='line_1_107' title="bbox 2189 5004 3752 5076; baseline -0.004 -15"><span class='ocrx_word' id='word_1_754' title='bbox 2189 5009 2291 5061; x_wconf 78' lang='grc' dir='ltr'>ὅσα</span> <span class='ocrx_word' id='word_1_755' title='bbox 2321 5008 2449 5076; x_wconf 74' lang='grc' dir='ltr'>περὶ</span> <span class='ocrx_word' id='word_1_756' title='bbox 2490 5006 2895 5074; x_wconf 77' lang='grc' dir='ltr'>Θεσσαλονίκην</span> <span class='ocrx_word' id='word_1_757' title='bbox 2939 5005 3029 5056; x_wconf 75' lang='grc' dir='ltr'>καὶ</span> <span class='ocrx_word' id='word_1_758' title='bbox 3059 5004 3444 5074; x_wconf 78' lang='grc' dir='ltr'>Διδυμότειχον</span> <span class='ocrx_word' id='word_1_759' title='bbox 3467 5004 3752 5073; x_wconf 85' lang='grc' dir='ltr'>δεσμωτή-</span> 
     </span>
    </p>
   </div>
   <div class='ocr_carea' id='block_1_108' title="bbox 2193 5095 3751 5168">
    <p class='ocr_par' dir='ltr' id='par_1_108' title="bbox 2193 5095 3751 5168">
     <span class='ocr_line' id='line_1_108' title="bbox 2193 5095 3751 5168; baseline -0.003 -18"><span class='ocrx_word' id='word_1_760' title='bbox 2193 5117 2284 5168; x_wconf 90' lang='grc' dir='ltr'><strong>ρια</strong></span> <span class='ocrx_word' id='word_1_761' title='bbox 2335 5100 2510 5152; x_wconf 81' lang='grc' dir='ltr'>πάντα</span> <span class='ocrx_word' id='word_1_762' title='bbox 2550 5099 2722 5166; x_wconf 69' lang='grc' dir='ltr'>μεστὰ</span> <span class='ocrx_word' id='word_1_763' title='bbox 2775 5097 2981 5150; x_wconf 79' lang='grc' dir='ltr'>ἑαυτῶν</span> <span class='ocrx_word' id='word_1_764' title='bbox 3033 5097 3428 5165; x_wconf 76' lang='grc' dir='ltr'>πεποιήκεσαν.</span> <span class='ocrx_word' id='word_1_765' title='bbox 3500 5095 3558 5146; x_wconf 88' lang='lat'><strong>&#39;0</strong></span> <span class='ocrx_word' id='word_1_766' title='bbox 3605 5095 3660 5146; x_wconf 83' lang='grc' dir='ltr'><strong>δέ</strong></span> <span class='ocrx_word' id='word_1_767' title='bbox 3689 5112 3751 5161; x_wconf 90' lang='grc' dir='ltr'><strong>γε</strong></span> 
     </span>
    </p>
   </div>
   <div class='ocr_carea' id='block_1_109' title="bbox 2189 5183 3751 5256">
    <p class='ocr_par' dir='ltr' id='par_1_109' title="bbox 2189 5183 3751 5256">
     <span class='ocr_line' id='line_1_109' title="bbox 2189 5183 3751 5256; baseline -0.003 -15"><span class='ocrx_word' id='word_1_768' title='bbox 2189 5189 2454 5256; x_wconf 84' lang='grc' dir='ltr'>δεσπότης</span> <span class='ocrx_word' id='word_1_769' title='bbox 2492 5189 2800 5256; x_wconf 80' lang='grc' dir='ltr'>Δημήτριος</span> <span class='ocrx_word' id='word_1_770' title='bbox 2832 5187 3010 5254; x_wconf 82' lang='grc' dir='ltr'>φυγὰς</span> <span class='ocrx_word' id='word_1_771' title='bbox 3045 5184 3215 5255; x_wconf 71' lang='grc' dir='ltr'>ᾤχετο</span> <span class='ocrx_word' id='word_1_772' title='bbox 3249 5183 3428 5237; x_wconf 84' lang='grc' dir='ltr'>ἀπιὼν</span> <span class='ocrx_word' id='word_1_773' title='bbox 3460 5185 3610 5253; x_wconf 76' lang='grc' dir='ltr'>παρὰ</span> <span class='ocrx_word' id='word_1_774' title='bbox 3661 5184 3751 5236; x_wconf 76' lang='grc' dir='ltr'>τὸν</span> 
     </span>
    </p>
   </div>
   <div class='ocr_carea' id='block_1_110' title="bbox 2193 5276 3749 5349">
    <p class='ocr_par' dir='ltr' id='par_1_110' title="bbox 2193 5276 3749 5349">
     <span class='ocr_line' id='line_1_110' title="bbox 2193 5276 3749 5349; baseline -0.003 -18"><span class='ocrx_word' id='word_1_775' title='bbox 2193 5279 2414 5349; x_wconf 84' lang='grc' dir='ltr'>Κράλην</span> <span class='ocrx_word' id='word_1_776' title='bbox 2449 5278 2699 5349; x_wconf 80' lang='grc' dir='ltr'>Σερϐίας,</span> <span class='ocrx_word' id='word_1_777' title='bbox 2755 5279 2992 5346; x_wconf 84' lang='grc' dir='ltr'>γυναῖκα</span> <span class='ocrx_word' id='word_1_778' title='bbox 3041 5281 3133 5330; x_wconf 75' lang='grc' dir='ltr'>καὶ</span> <span class='ocrx_word' id='word_1_779' title='bbox 3185 5277 3378 5336; x_wconf 80' lang='grc' dir='ltr'>παῖδας</span> <span class='ocrx_word' id='word_1_780' title='bbox 3431 5276 3749 5329; x_wconf 84' lang='grc' dir='ltr'>καταλιπὼν</span> 
     </span>
    </p>
   </div>
   <div class='ocr_carea' id='block_1_111' title="bbox 2187 5368 3752 5440">
    <p class='ocr_par' dir='ltr' id='par_1_111' title="bbox 2187 5368 3752 5440">
     <span class='ocr_line' id='line_1_111' title="bbox 2187 5368 3752 5440; baseline -0.004 -16"><span class='ocrx_word' id='word_1_781' title='bbox 2187 5371 2494 5424; x_wconf 86' lang='grc' dir='ltr'>διώκουσιν.</span> <span class='ocrx_word' id='word_1_782' title='bbox 2543 5369 2600 5421; x_wconf 85' lang='lat' dir='ltr'><strong>&#39;t)</strong></span> <span class='ocrx_word' id='word_1_783' title='bbox 2624 5370 2680 5422; x_wconf 74' lang='grc' dir='ltr'>δὲ</span> <span class='ocrx_word' id='word_1_784' title='bbox 2735 5369 3232 5440; x_wconf 82' lang='grc' dir='ltr'>πρωτοϐεστιάριος</span> <span class='ocrx_word' id='word_1_785' title='bbox 3292 5368 3626 5437; x_wconf 80' lang='grc' dir='ltr'>Ἀνδρόνικος</span> <span class='ocrx_word' id='word_1_786' title='bbox 3654 5369 3752 5435; x_wconf 87' lang='grc' dir='ltr'>μέ-</span> 
     </span>
    </p>
   </div>
   <div class='ocr_carea' id='block_1_112' title="bbox 2187 5458 3758 5533">
    <p class='ocr_par' dir='ltr' id='par_1_112' title="bbox 2187 5458 3758 5533">
     <span class='ocr_line' id='line_1_112' title="bbox 2187 5458 3758 5533; baseline -0.005 -16"><span class='ocrx_word' id='word_1_787' title='bbox 2187 5480 2278 5533; x_wconf 79' lang='grc' dir='ltr'><strong>χρι</strong></span> <span class='ocrx_word' id='word_1_788' title='bbox 2309 5463 2451 5526; x_wconf 83' lang='grc' dir='ltr'>τινὸς</span> <span class='ocrx_word' id='word_1_789' title='bbox 2493 5463 2758 5530; x_wconf 78' lang='grc' dir='ltr'>ἑπόμενος</span> <span class='ocrx_word' id='word_1_790' title='bbox 2795 5461 2890 5514; x_wconf 72' lang='grc' dir='ltr'>καὶ</span> <span class='ocrx_word' id='word_1_791' title='bbox 2940 5462 3105 5523; x_wconf 75' lang='grc' dir='ltr'>αὐτὸς</span> <span class='ocrx_word' id='word_1_792' title='bbox 3133 5461 3211 5530; x_wconf 79' lang='grc' dir='ltr'>τῷ</span> <span class='ocrx_word' id='word_1_793' title='bbox 3233 5460 3465 5528; x_wconf 80' lang='grc' dir='ltr'>δεσπότῃ</span> <span class='ocrx_word' id='word_1_794' title='bbox 3511 5459 3610 5511; x_wconf 81' lang='grc' dir='ltr'><strong>οὐκ</strong></span> <span class='ocrx_word' id='word_1_795' title='bbox 3638 5458 3758 5512; x_wconf 75' lang='grc' dir='ltr'>ἐδυ-</span> 
     </span>
    </p>
   </div>
   <div class='ocr_carea' id='block_1_113' title="bbox 2185 5550 3752 5625">
    <p class='ocr_par' dir='ltr' id='par_1_113' title="bbox 2185 5550 3752 5625">
     <span class='ocr_line' id='line_1_113' title="bbox 2185 5550 3752 5625; baseline -0.003 -19"><span class='ocrx_word' id='word_1_796' title='bbox 2185 5555 2322 5625; x_wconf 85' lang='grc' dir='ltr'>νήθη</span> <span class='ocrx_word' id='word_1_797' title='bbox 2369 5556 2532 5624; x_wconf 84' lang='grc' dir='ltr'>μέχρι</span> <span class='ocrx_word' id='word_1_798' title='bbox 2554 5555 2738 5615; x_wconf 84' lang='grc' dir='ltr'>τέλους</span> <span class='ocrx_word' id='word_1_799' title='bbox 2774 5553 3022 5622; x_wconf 84' lang='grc' dir='ltr'>καθάπερ</span> <span class='ocrx_word' id='word_1_800' title='bbox 3057 5571 3140 5614; x_wconf 82' lang='grc' dir='ltr'><strong>τις</strong></span> <span class='ocrx_word' id='word_1_801' title='bbox 3167 5553 3468 5622; x_wconf 78' lang='grc' dir='ltr'>παράσιτος</span> <span class='ocrx_word' id='word_1_802' title='bbox 3503 5556 3560 5613; x_wconf 82' lang='grc' dir='ltr'><strong>ές</strong></span> <span class='ocrx_word' id='word_1_803' title='bbox 3593 5550 3752 5614; x_wconf 48' lang='lat' dir='ltr'><strong>alio-</strong></span> 
     </span>
    </p>
   </div>
   <div class='ocr_carea' id='block_1_114' title="bbox 2187 5640 3752 5716">
    <p class='ocr_par' dir='ltr' id='par_1_114' title="bbox 2187 5640 3752 5716">
     <span class='ocr_line' id='line_1_114' title="bbox 2187 5640 3752 5716; baseline -0.004 -20"><span class='ocrx_word' id='word_1_804' title='bbox 2187 5647 2342 5716; x_wconf 87' lang='grc' dir='ltr'>τρίαν</span> <span class='ocrx_word' id='word_1_805' title='bbox 2375 5645 2706 5698; x_wconf 84' lang='grc' dir='ltr'>ἀποϐλέπειν</span> <span class='ocrx_word' id='word_1_806' title='bbox 2754 5645 3255 5715; x_wconf 73' lang='grc' dir='ltr'>τράπεζαν,‹ῖ›σπερ</span> <span class='ocrx_word' id='word_1_807' title='bbox 3315 5644 3540 5704; x_wconf 73' lang='grc' dir='ltr'>ἐκεῖνος.</span> <span class='ocrx_word' id='word_1_808' title='bbox 3611 5640 3752 5693; x_wconf 80' lang='grc' dir='ltr'>Ἀλλ’</span> 
     </span>
    </p>
   </div>
   <div class='ocr_carea' id='block_1_115' title="bbox 2183 5733 3748 5806">
    <p class='ocr_par' dir='ltr' id='par_1_115' title="bbox 2183 5733 3748 5806">
     <span class='ocr_line' id='line_1_115' title="bbox 2183 5733 3748 5806; baseline -0.027 18"><span class='ocrx_word' id='word_1_809' title='bbox 2183 5737 2668 5806; x_wconf 55' lang='grc' dir='ltr'><strong>ἀνπλυτισάμενοςν</strong></span> <span class='ocrx_word' id='word_1_810' title='bbox 2727 5738 2850 5788; x_wconf 74' lang='grc' dir='ltr'><strong>ὅσον</strong></span> <span class='ocrx_word' id='word_1_811' title='bbox 2893 5736 3150 5803; x_wconf 73' lang='grc' dir='ltr'>ἐξαπίνης</span> <span class='ocrx_word' id='word_1_812' title='bbox 3185 5735 3460 5803; x_wconf 61' lang='grc' dir='ltr'>ἀφῄρηται</span> <span class='ocrx_word' id='word_1_813' title='bbox 3520 5733 3748 5785; x_wconf 77' lang='grc' dir='ltr'>πλοῦτον</span> 
     </span>
    </p>
   </div>
   <div class='ocr_carea' id='block_1_116' title="bbox 2185 5828 3742 5889">
    <p class='ocr_par' dir='ltr' id='par_1_116' title="bbox 2185 5828 3742 5889">
     <span class='ocr_line' id='line_1_116' title="bbox 2185 5828 3742 5889; baseline -0.003 -5"><span class='ocrx_word' id='word_1_814' title='bbox 2185 5832 2279 5884; x_wconf 71' lang='grc' dir='ltr'><strong>καὶ</strong></span> <span class='ocrx_word' id='word_1_815' title='bbox 2311 5832 2482 5889; x_wconf 68' lang='grc' dir='ltr'>κτήνη</span> <span class='ocrx_word' id='word_1_816' title='bbox 2516 5831 2604 5883; x_wconf 74' lang='grc' dir='ltr'>καὶ</span> <span class='ocrx_word' id='word_1_817' title='bbox 2635 5832 2890 5889; x_wconf 58' lang='grc' dir='ltr'>κτήματα</span> <span class='ocrx_word' id='word_1_818' title='bbox 2923 5828 3014 5881; x_wconf 65' lang='grc' dir='ltr'>καὶ</span> <span class='ocrx_word' id='word_1_819' title='bbox 3044 5829 3201 5888; x_wconf 77' lang='grc' dir='ltr'>δόξαν</span> <span class='ocrx_word' id='word_1_820' title='bbox 3247 5829 3384 5880; x_wconf 73' lang='grc' dir='ltr'>μετὰ</span> <span class='ocrx_word' id='word_1_821' title='bbox 3416 5829 3604 5882; x_wconf 84' lang='grc' dir='ltr'>πασῶν</span> <span class='ocrx_word' id='word_1_822' title='bbox 3637 5828 3742 5880; x_wconf 75' lang='grc' dir='ltr'><strong>τῶν</strong></span> 
     </span>
    </p>
   </div>
  </div>
