4088 6590
740 357 769 367 ε

347 431 455 499 605

625 428 706 502 [Α.
746 445 798 486 c.
849 428 990 486 ιεεε
1024 444 1090 484 AD
1134 426 1295 501 1528]
1369 432 1822 494 ΒΥΖΛΝΤΙΝᾹΞ
1861 386 1959 496 Hi:

2059 431 2257 493 DRUE
2298 433 2446 495 LIB,
2473 434 2581 494 1X,
2689 427 2819 503 [tum
2860 439 3136 482 ANDRONIC.
3172 423 3316 497 sam}

3484 424 3592 489 606

350 552 536 605 ϐαινεν
558 547 704 603 οὕτω
732 548 833 617 τῆς
866 548 1231 618 σιτοπομπίας
1280 546 1734 619 ἀποκλεισθείσης
1765 548 1923 619 λιμὸν
1952 596 1959 613 ι

2059 548 2355 605 ~ostulatam
2406 548 2697 619 pecuniam
2733 545 2965 602 reddere
3012 543 3331 599 Genuenses
3373 553 3595 621 recusa-

346 639 465 700 τοίς
497 635 824 699 Βυζαντίοις
848 636 1160 704 ἐγγίνεσθαι
1188 637 1250 690 οὐ
1277 637 1493 708 μικρόν.
1528 638 1795 709 Διήρκεσε
1817 640 1924 707 γὰρ

347 729 414 780 τδ
441 728 546 797 τῆς
576 727 835 796 τοιαύτης
866 727 1184 798 πολιορκίας
1214 730 1343 799 ἀχρι
1372 729 1765 783 πεντεκαίδεκα
1790 710 1928 801 με-

350 819 490 888 ρῶν,
525 820 584 872 ἐν
616 812 704 881 αἷς
737 803 972 891 πόλεμά
992 821 1094 889 μὲν
1116 821 1219 874 οὐκ
1248 822 1514 888 ἐγίγνετο.
1551 821 1626 875 Οὐ
1658 822 1766 892 γὰρ
1792 823 1929 874 ἀπε-

348 912 576 978 λέγοντο
610 911 708 981 τὴν
735 911 842 963 τῶν
877 911 1228 982 ζητουμένων
1257 913 1558 983 χρημάτων
1592 915 1640 967 οί
1677 912 1927 967 Γεννουῖ-

350 1020 451 1055 ται
486 1003 783 1067 ἀπόδοσινζ·
813 1002 926 1057 ἀλλ’
960 1003 1324 1072 ὑπισχνοῦντο
1377 1004 1499 1075 μὲν,
1547 1001 1932 1078 ύπερετίθεντο

2028 640 2192 708 bant;
2239 640 2334 697 sed
2377 656 2501 696 cum
2545 640 2963 712 pollicerentur,
3015 633 3363 690 dill'erebant.
3400 612 3595 686 Veneti

2028 743 2212 790 autem
2249 733 2401 788 nullo
2433 733 2596 787 modo
2641 730 2799 785 vacui
2831 729 2982 784 abire
3019 731 3295 798 poterant.
3324 722 3597 778 Caeterum

2030 842 2192 883 nemo
2227 837 2365 892 erat,
2401 825 2492 881 cui
2517 839 2647 886 ,non
2690 821 3041 878 admirationi
3080 827 3228 874 esset
3264 816 3599 873 Venetorum

2031 921 2319 993 disciplina
2351 918 2605 976 militaris
2626 904 2695 972 et
2728 932 2855 993 cum
2887 915 3143 985 arquitate
3176 904 3599 979 magnificentia.

2030 1014 2202 1071 Nemo
2252 1013 2397 1069 enim
2446 1013 2691 1066 omnium
2741 992 2961 1065 illdrum
2996 1005 3295 1075 quidquam
3346 999 3605 1067 cuiquam

349 1093 415 1147 δέ
440 1110 457 1126 ο
492 1095 603 1156 τοῖς
626 1093 684 1146 δὲ
715 1094 1026 1156 Βενιιτικοῖς⁴
1044 1094 1249 1162 ἥκιστα
1285 1094 1395 1148 τῶν
1423 1091 1668 1150 δυνατῶν
1694 1092 1763 1165 ἦν
1796 1095 1933 1158 ὅλως

2059 1105 2281 1159 ιάίωοτε
2317 1104 2419 1159 nisi
2475 1103 2703 1174 pecunia
2755 1102 2882 1157 data
2930 1098 3216 1161 sustinuit,
3255 1093 3426 1171 idque
3481 1102 3606 1144 cum

354 1185 637 1238 ἐπανιέναι
652 1184 865 1247 κενούς.
885 1178 1063 1237 Ἦσαν
1089 1201 1151 1253 γε
1185 1186 1291 1256 μὴν
1316 1186 1554 1252 οὖδὲνες,
1582 1185 1678 1250 οὒς
1700 1186 1760 1239 οὐ
1789 1186 1935 1257 μάλα

2062 1207 2187 1249 anta
2220 1201 2276 1248 et
2313 1194 2623 1264 promiscua
2656 1193 2815 1248 turba
2846 1206 2970 1245 cum
3005 1192 3086 1245 es
3114 1194 3283 1242 esset.
3312 1182 3611 1239 Enimvero

354 1278 659 1367 ἐξέπληξεν
685 1278 718 1346 η
750 1277 861 1330 τῶν
897 1276 1200 1330 Βενετικῶν
1224 1277 1450 1345 εὐταξία
1484 1280 1579 1332 καὶ
1607 1278 1639 1347 ἡ
1695 1278 1830 1348 μετά
1858 1276 1938 1331 δι-

2059 1286 2304 1342 iarebant
2345 1300 2538 1342 omnes
2582 1283 2988 1356 magistratibus
3031 1280 3167 1345 Suis,
3204 1286 3260 1333 ut
3299 1270 3612 1347 pastoribus

355 1365 658 1439 καιοσύνης
708 1366 1178 1439 μεγαλοπρέπεια.
1231 1367 1365 1421 Οὐδὲ
1409 1368 1519 1439 γὰρ
1580 1367 1782 1438 ⁴ίγξίωοέ
1831 1368 1939 1421 τῶν

2059 1395 2191 1446 ινεε,
2224 1387 2280 1434 et
2317 1393 2507 1433 omnes
2536 1378 2653 1433 dies
2685 1376 2808 1431 illos
2838 1376 2895 1429 in
2932 1372 3166 1428 navibus
3202 1368 3447 1430 stabant,
3480 1365 3614 1420 solis

358 1461 587 1515 πάντων
631 1461 854 1516 ἐκείνων
898 1461 1077 1524 οὐδεὶς
1125 1460 1360 1527 ἐξελθὼν
1403 1460 1698 1530 ἀφελέσθαι
1746 1479 1798 1515 τι
1826 1460 1937 1515 τῶν

2059 1470 2249 1535 trdori,
2286 1469 2379 1539 qui
2439 1477 2571 1524 tunc
2623 1448 3144 1523 vehementissimus
3197 1469 3336 1526 erat,
3384 1457 3615 1513 minime

356 1552 623 1607 ἁπάντων
648 1552 777 1607 ἀνευ
809 1554 971 1624 τιμῆς
1001 1554 1275 1625 ἀργυρίου
1298 1593 1314 1618 ,
1344 1554 1434 1607 καὶ
1466 1554 1638 1609 ταῦτα
1681 1554 1937 1610 τοσούτου

2059 1562 2325 1629 :cdentes.
2373 1561 2744 1615 Romanarum
2799 1573 2926 1613 vero
2982 1553 3357 1609 navicularum
3416 1563 3612 1618 magna

357 1642 733 1712 παμπληθοῦς
804 1659 864 1695 τε
923 1645 1018 1696 καὶ
1096 1642 1379 1728 σύρφακος
1426 1643 1590 1714 ὄχλου
1666 1645 1940 1707 συνόντος.

2059 1652 2341 1707 multitudo
2392 1650 2724 1705 circumiens
2775 1646 2993 1728 abunde
3041 1646 3122 1700 eis
3174 1640 3441 1713 quidquid
3495 1645 3615 1693 erat

346 1733 525 1786 ,Ἀλλ’
573 1728 714 1802 ἦσαν
744 1732 982 1795 ἅπαντες
1021 1734 1159 1804 πρὸς
1200 1726 1299 1805 τὴν
1329 1735 1441 1788 τῶν
1489 1736 1768 1806 ἀρχόντων
1791 1736 1945 1802 ἐξου-

2059 1759 2188 1814 οριιε
2222 1742 2544 1811 aﬂ‘erebant,
2589 1750 2645 1796 et
2694 1741 2762 1795 ab
2797 1717 2881 1793 'iis
2920 1731 3161 1792 vicissim
3216 1734 3416 1803 majus,
3451 1743 3616 1799 quam

364 1826 493 1880 σίαν
534 1827 811 1896 ἑπόμενοι,
857 1824 1111 1911 καθάπερ
1141 1828 1369 1895 ποιμὲσι
1417 1828 1487 1881 τὰ
1536 1829 1789 1899 ποίμνια.
1831 1827 1949 1882 Καὶ

2059 1837 2196 1909 quod
2249 1835 2575 1900 debebatur,
2610 1835 2845 1905 pretium
2895 1828 3255 1900 accipiebant.
3290 1825 3396 1880 Sed
3439 1835 3619 1892 neque

362 1911 517 1986 ἦσαν
543 1916 650 1969 ἀνὰ
676 1916 857 1979 πᾶσας
906 1908 1119 1980 ἐκείνας
1153 1916 1253 1978 τὰς
1281 1917 1497 1986 ἡμέρας
1533 1908 1941 1988 ίστάμενοιέπὶ

2059 1929 2120 1984 iis
2152 1927 2340 1995 rebus,
2394 1926 2595 1998 quibus
2642 1933 2814 1994 captae
2848 1921 2951 1976 illm
3003 1934 3169 1974 naves
3217 1917 3391 1987 plenm
3440 1920 3617 1977 erant,

365 2007 483 2063 τῶν
514 2006 672 2073 νεῶν,
701 2005 959 2076 μηδαμῶς
983 2006 1275 2069 ἐνδιδόντες
1304 2006 1441 2075 πρὸς
1462 2006 1564 2076 τὴν
1591 2006 1778 2077 ἀκμὴν
1801 2005 1947 2060 ὲκεί-

2059 2019 2220 2074 nllum
2256 2018 2482 2072 omnino
2514 2016 2905 2071 detrimentum
2941 2012 3264 2066 attulerunt.
3311 2006 3483 2061 Erant
3524 2018 3624 2057 au—

367 2120 471 2174 νην
520 2103 623 2174 τῆς
651 2103 746 2157 τοῦ
799 2102 948 2172 ἡλίου
999 2100 1219 2171 φλογός.
1272 2100 1355 2155 Τά
1395 2101 1452 2154 δὲ
1501 2100 1609 2153 τῶν
1662 2100 1949 2168 Ῥωμαίων

367 2197 573 2249 ἀκάτια
602 2195 744 2249 κατά
774 2193 978 2263 πλῆθος
1006 2189 1405 2262 περιεκύκλουν
1444 2191 1665 2256 αὐτοὺς,
1698 2189 1786 2263 [Ρ.
1816 2188 1949 2262 256]

370 2291 483 2342 πᾶν
517 2289 546 2341 ὅ
599 2304 654 2341 τι
684 2288 936 2359 χρειῶδες
959 2284 1225 2357 ἐτύγχανέ
1281 2300 1465 2354 σφισιν
1508 2284 1757 2353 ἀφθόνως
1784 2282 1945 2353 κομί-

374 2381 543 2446 ζοντα
595 2382 691 2435 καὶ
731 2377 1203 2448 ἀντιλαμϐάνοντα
1262 2377 1484 2431 πλείονα
1539 2375 1571 2447 ἢ
1633 2375 1802 2446 ἐχρῆν
1858 2375 1950 2428 τὸν

378 2473 600 2545 μισθόν.
646 2472 787 2526 Ἀλλ’
816 2472 936 2525 οὐδὲ
974 2470 1085 2522 τῶν
1136 2469 1513 2535 ἁλισκομένων
1554 2466 1778 2521 ἐκείνοιν
1816 2466 1952 2519 νεῶν

373 2565 611 2621 ἁπασῶν
650 2566 744 2619 τοῦ
790 2562 1158 2634 πληρώματος
1219 2561 1559 2632 ἐλυμήναντο
1592 2560 1653 2613 τὸ
1692 2559 1953 2632 παράπαν

376 2657 552 2710 οὐδέν.
587 2650 697 2709 Ἦν
726 2655 836 2725 γὰρ
862 2654 970 2706 τῶν
1002 2652 1100 2722 μὲν
1162 2650 1436 2721 πλήρωμα
1476 2653 1621 2713 σῖτος
1648 2650 1740 2704 καὶ
1768 2650 1952 2722 κριθὴ,

376 2749 487 2803 τῶν
526 2747 585 2801 δὲ
613 2746 760 2816 ὄψων
785 2745 1004 2816 ταρίχη,
1043 2744 1220 2797 ὁπόσα
1244 2742 1566 2812 ,γεωργοῦσι
1598 2741 1787 2812 λίμναι
1829 2744 1955 2796 Κω-

378 2842 576 2904 παῖδες
609 2857 673 2893 τε
699 2839 794 2892 καὶ
823 2837 1128 2900 Μαιώτιδες
1156 2836 1248 2889 καὶ
1275 2835 1508 2917 ποταμοὶ
1531 2835 1793 2897 Τανάῖδες
1818 2832 1870 2903 (8
1882 2832 1955 2903 4)*

379 2933 519 2986 ἀλλά
558 2931 886 3001 διετήρησαν
913 2930 969 2992 ἐς
998 2927 1257 2997 τάκριϐὲς
1293 2925 1572 2994 ἀλώὅητα,
1620 2926 1727 2987 ἓως
1753 2924 1958 2979 ἀπολα-

382 3025 573 3088 ϐόντες
602 3024 663 3077 τδ
695 3025 853 3093 χρέος
878 3021 1151 3075 ἀπέδοσαν
1175 3019 1419 3073 ἅπαντα.
1456 3019 1554 3070 Ἓν
1575 3018 1675 3086 μὲν
1707 3016 1772 3086 δὴ
1798 3014 1959 3070 τοῦτο

379 3117 556 3171 δεινὸν
589 3115 798 3186 ἐπέστη
831 3114 953 3167 τότε
1003 3114 1069 3182 τῇ
1112 3111 1288 3164 πόλει.
1324 3109 1637 3178 Δεινότερον
1683 3106 1731 3158 δ’
1766 3107 1832 3161 ἂν
1862 3101 1952 3176 ἦν,

384 3212 439 3263 εί
460 3211 557 3262 καὶ
582 3209 664 3273 είς
686 3210 860 3273 πέρας
883 3205 1216 3277 προύϐαινον
1239 3205 1305 3258 τὰ
1329 3202 1562 3271 λαθραία
1589 3198 1955 3273 βουλεύματα.

2051 2120 2159 2164 tem
2192 2110 2362 2180 plenae
2386 2108 2507 2163 alia:
2536 2107 2814 2162 frumento
2836 2113 2891 2159 et
2913 2102 3118 2157 hordeo
3135 2139 3155 2168 ,
3182 2099 3299 2153 alia:
3322 2098 3622 2152 salsamen-

2051 2198 2144 2265 tis,
2177 2208 2308 2269 quot
2337 2208 2392 2253 et
2425 2198 2606 2268 qnalia
2653 2194 2922 2266 Copaides
2967 2202 3023 2248 et
3067 2188 3344 2247 Maeotides
3374 2186 3625 2257 paludes,

2049 2302 2106 2347 et
2155 2290 2356 2346 Tanais
2405 2288 2641 2353 ﬂuvius,
2695 2286 3069 2356 suppeditant.
3125 2281 3233 2337 Sed
3284 2294 3348 2334 ea
3398 2290 3629 2349 prorsus

2053 2384 2223 2440 illmsa
2251 2383 2508 2454 religiose
2536 2387 2957 2445 conservarunt,
2980 2377 3157 2432 donec
3184 2381 3408 2443 recepto
3436 2370 3627 2426 debito

2053 2472 2238 2528 omnia
2274 2472 2661 2527 restituerunt.
2697 2469 2772 2523 Ac
2817 2483 2985 2523 unum
3016 2464 3250 2535 quidem
3283 2464 3389 2517 hoc
3413 2461 3628 2532 pericu-

2053 2564 2167 2618 lum
2200 2562 2323 2618 urbi
2359 2573 2487 2617 tunc
2535 2560 2878 2631 supervenit.
2910 2557 3146 2613 Gravius
3178 2564 3361 2609 autem
3414 2553 3628 2615 inisset,

2055 2653 2102 2708 si
2156 2667 2355 2707 arcana
2410 2651 2642 2708 consilia
2693 2662 3013 2705 successum
3071 2644 3417 2699 habuissent.
3476 2640 3637 2696 Foris

2056 2743 2259 2813 quippe
2284 2743 2586 2812 imperator
2618 2741 2779 2795 missa
2812 2738 2881 2793 ad
2908 2753 3003 2792 eos
3035 2735 3310 2807 legatione
3347 2730 3634 2802 pecunia-1

2055 2833 2191 2904 ipsis
2236 2834 2587 2904 promiserat,
2617 2832 2661 2886 si
2699 2829 2901 2886 occulti
2952 2828 3056 2885 sibi
3089 2826 3154 2880 ad
3189 2824 3381 2879 urbem
3417 2822 3641 2892 capien-

2057 2927 2182 2983 dam
2236 2927 2518 2997 adjutores
2573 2936 2776 2979 essent.
2831 2922 2890 2977 ld
2941 2936 3074 2975 vero
3131 2920 3335 2972 factum
3384 2929 3494 2968 non
3533 2921 3638 2976 est,

2057 3016 2224 3089 418
2249 3014 2366 3070 sive
2402 3013 2691 3085 repudiata
2722 3028 2751 3067 a
2783 3011 3007 3068 Venetis
3049 3008 3320 3079 legatione
3365 3004 3482 3067 tali,
3522 3003 3642 3056 sive

2060 3111 2207 3182 quod
2255 3124 2376 3163 eam
2420 3123 2535 3163 rem
2580 3106 2723 3161 haud
2773 3104 2990 3159 facilem
3019 3115 3140 3156 esse
3172 3103 3483 3159 cernerent,
3515 3107 3640 3148 cum

2052 3200 2477 3270 continentibus
2507 3196 2781 3270 praesidiis
2819 3195 3022 3250 mtenia
3056 3201 3111 3248 et
3144 3199 3314 3262 porta:
3353 3185 3636 3260 Byzantio.

398 3303 460 3356 Ὅ
494 3302 609 3372 γὰρ
644 3266 941 3372 ’βαέιλέὺξ
972 3299 1172 3363 ἔξωθεν
1235 3266 1533 3365 πρεσϐείαν
1581 3266 1720 3363 πρὸς
1761 3266 1959 3354 αὐτοὺς

2062 3305 2185 3344 rum
2219 3289 2429 3343 munita
2485 3296 2693 3342 essent.

386 3366 589 3467 κρύιξιια⁷
607 3366 940 3450 ἀπεστάλκει
982 3395 1241 3465 χρήματα
1274 3386 1726 3459 ὑπισχνούμενος,
1754 3387 1801 3440 εί
1857 3385 2114 3455 συνεργοὶ
2139 3383 2594 3453 συνεσκιασμένοι
2648 3380 2893 3450 γένοιντο
2961 3378 3011 3432 οί
3042 3376 3176 3449 πρὸς
3249 3374 3349 3445 τὴν
3387 3371 3488 3440 τῆς
3552 3366 3647 3420 πό-

385 3495 525 3554 λεως
548 3492 775 3547 ἅλωσιν.
809 3491 982 3545 Τοῦτο
1022 3489 1119 3560 μὲν
1151 3485 1246 3541 οὖν
1282 3487 1381 3541 οὐκ
1432 3484 1698 3552 ἐγεγόνει,
1736 3482 1847 3535 εἴτε
1882 3480 1958 3553 μὴ
1996 3481 2309 3551 δεξαμένων
2341 3479 2450 3532 τῶν
2514 3477 2820 3531 Βενετικῶν
2854 3475 2954 3544 τὴν
3019 3470 3278 3540 τοιαύτην
3310 3463 3645 3539 πρεσᾶείαν,

387 3588 500 3642 εἴτε
532 3587 598 3641 οὐ
637 3585 820 3657 ῥᾴδιον
886 3555 1034 3640 εἶναι·
1085 3581 1244 3636 τοῦτο
1301 3578 1735 3642 συννενοηκὸτων
1804 3574 1891 3628 διὰ
1939 3574 2000 3628 τὸ
2075 3572 2323 3644 συνεχέσι
2376 3571 2632 3644 φρουροῖς
2688 3564 3127 3639 πεπυργωμένον
3194 3557 3336 3614 εἶναι
3386 3557 3446 3610 τὸ
3470 3555 3647 3624 τεῖχος

394 3682 545 3736 ἅπαν
577 3677 712 3748 ὁμοῦ
748 3676 846 3731 καὶ
869 3675 966 3738 τὰς
997 3674 1171 3731 πύλας
1205 3671 1313 3726 τῶν
1345 3667 1684 3733 Βυζαντίων.
2262 3727 2267 3731 η

460 3777 538 3830 Z'.
567 3772 834 3841 Δεύτερον
885 3769 942 3822 δὲ
971 3770 1081 3821 τῶν
1133 3766 1510 3836 περιστάντων
1556 3765 1676 3818 τότε
1715 3764 1784 3833 τῇ
1814 3761 1959 3815 πόλει

2142 3754 2256 3811 Vll.
2304 3753 2554 3809 Alterum
2592 3750 2744 3805 urbis
2778 3745 3085 3819 periculum
3126 3742 3249 3806 luit,
3285 3756 3411 3796 cum
3456 3739 3651 3809 Bulga-

391 3865 606 3928 δεινῶν,
633 3832 965 3934 τρισχιλίους
1001 3832 1221 3922 ίππέας-
1258 3857 1402 3912 κατά
1455 3857 1523 3910 τὰ
1581 3832 1914 3925 ξυγκείμενα
1944 3855 1959 3907 ί

2073 3863 2258 3904 rerum
2292 3847 2552 3918 princeps
2582 3842 2788 3900 seniori
2812 3848 3016 3921 contra
3041 3836 3317 3908 jnniorem
3347 3833 3450 3887 tria
3485 3832 3653 3886 mil.ia

390 3958 501 4013 τῶν
556 3923 885 4022 ἰέουλγάρων
934 3951 1344 4020 ἀπολεξάμενος
1385 3947 1627 4019 ἀρχηγὸς
1662 3923 1959 4016 νωμμαχή-

2074 3923 2710 4008 ἀεὶτοιυτυηιόψιῐιυπι
2762 3932 3008 3990 subsidio
3060 3946 3125 3985 ex
3178 3939 3337 3998 pacto
3388 3927 3652 3990 misisset,

394 4062 591 4109 σοντας
642 4043 964 4098 ἀποστέλλει
989 4041 1067 4111 τῷ
1104 4040 1315 4111 βασιλεῖ
1362 4039 1502 4092 κατά
1532 4038 1624 4090 τοῦ
1658 4036 1780 4090 νέου
1818 4034 1959 4105 pm-

2076 4034 2279 4103 quibus
2315 4031 2655 4095 mandatum,
2696 4027 2885 4083 nescio
2909 4024 3109 4095 quibus
3138 4020 3486 4081 auctoribus,
3514 4018 3658 4071 lere-

391 4108 581 4201 λέωςί
615 4132 696 4199 οἷς
748 4135 813 4206 δὴ
867 4108 1345 4205 προστεταγμένον
1378 4127 1468 4202 ἦν,
1535 4131 1608 4191 ῶς
1665 4127 1959 4198 ἐθρυλλήθτ

2072 4130 2261 4190 batur,
2312 4134 2373 4179 ut
2427 4123 2551 4177 data
2601 4120 3015 4190 Opportunitate
3063 4131 3150 4171 res
3196 4128 3364 4168 novas
3406 4112 3461 4165 in
3523 4108 3658 4162 urbe

392 4230 528 4301 παρ’
558 4226 915 4292 ὡντινωνοῦν,
934 4227 980 4279 εί
1012 4226 1194 4288 ἀδείας
1225 4223 1534 4291 ἐπιτύχοιεν
1571 4218 1953 4290 προσηκούσης

2078 4216 2430 4272 molirentur.
2469 4213 2575 4268 Sed
2633 4213 2666 4267 ii
2713 4228 2837 4268 cum
2887 4210 3262 4270 advenissent,
3312 4205 3455 4258 intra
3507 4201 3661 4255 urbis

392 4326 765 4390 νεωτερισμόν
792 4335 917 4372 τινα
956 4316 1362 4386 διαπράξασθαι
1404 4315 1532 4384 περὶ
1558 4312 1619 4365 τὸ
1660 4312 1975 4376 Βυζάντιον.

404 4413 551 4468 Ἀλλ’
572 4411 885 4483 ἐληλυθόσιν
919 4408 978 4462 ού
1013 4405 1429 4479 συγκεχώρηταί
1467 4420 1651 4472 σφισιν
1697 4403 1847 4464 ἐντὸς
1881 4417 1976 4469 γε-

2080 4319 2268 4379 pnrtas
2303 4323 2410 4361 non
2448 4305 2671 4359 admissi
2706 4312 2857 4369 sunt,
2892 4317 3029 4371 quas
3062 4298 3275 4369 ingredi
3312 4294 3515 4351 nemini
3553 4292 3658 4346 nisi

2084 4415 2278 4455 eorum
2308 4399 2432 4452 duci
2468 4397 2794 4467 permissum
2821 4404 2927 4448 est.
2960 4389 3321 4458 Quamobrem
3349 4386 3474 4440 inde
3492 4384 3662 4438 declio

391 4502 588 4558 νέσθαι
640 4472 846 4563 πυλῶν,
880 4499 1017 4569 πλὴν
1058 4472 1102 4568 ἢ-
1472 4494 1626 4563 σφῶν
1660 4491 1952 4564 στρατηγῷ

2078 4503 2306 4554 narunt,
2337 4505 2401 4544 ac
2431 4490 2577 4543 circa
2610 4488 2790 4540 locum
2845 4483 3037 4539 stadiis
3087 4481 3333 4551 quinque
3385 4487 3441 4531 et
3488 4489 3662 4528 nona-

394 4597 491 4652 Διὸ
522 4596 616 4650 καὶ
645 4593 1108 4665 παρεκκλίναντες
1154 4586 1688 4656 ἐστρατοπεδεύκασι
1723 4588 1854 4654 περὶ
1884 4587 1975 4637 τό·

396 4705 501 4742 πον
528 4686 779 4749 σταδίους
804 4684 1077 4755 ἀπέχοντα
1106 4681 1206 4751 τῆς
1258 4677 1650 4751 βασιλευούσης
1686 4677 1848 4732 πέντε
1883 4676 1979 4729 καὶ

396 4780 781 4849 ἐννενήκοντα.
807 4836 813 4843 ,

472 4869 555 4926 Η’.
604 4855 766 4925 Ἀλλᾶ
813 4871 911 4940 μιᾷ
942 4866 1123 4939 ἡμέρᾳ
1158 4865 1425 4936 πρότερον
1476 4861 1923 4930 ἐξιππασάμενος
1953 4862 1982 4914 ὁ

401 4965 520 5025 νέος
553 4961 804 5034 βασιλεὺς
832 4959 945 5029 μετ’
978 4958 1176 5024 ὀλίγων
1220 4954 1363 5006 πάνυ
1402 4951 1566 5004 τινῶν
1600 4945 1731 5021 ἧκεν
1758 4948 1816 5015 ἐξ
1845 4949 1983 5016 ἀφα-

403 5055 530 5116 νοῦς
556 5052 770 5122 ἁθρόως
791 5050 1137 5119 είσπηδὴσων
1172 5047 1228 5109 ἐς
1255 5045 1313 5097 τὸ
1345 5042 1660 5107 Βυζάντιον.
1706 5040 1976 5110 M60093-

406 5163 515 5199 νων
581 5145 638 5197 δὲ
693 5142 802 5196 τῶν
849 5140 1116 5210 πυλωρῆν
1178 5134 1540 5201 ἀπεκλείσθη,
1599 5134 1673 5196 ὼς
1727 5130 1979 5185 ἐντεῦθεν

408 5232 823 5301 ἀναγκασθέντα
876 5228 1086 5284 δεῖσθαι
1140 5225 1234 5278 τοῦ
1287 5222 1547 5292 βασιλέως
1592 5219 1685 5272 καὶ
1755 5219 1979 5272 πάππου

412 5325 649 5397 θερμῶς,
691 5323 786 5376 καὶ
824 5317 1200 5389 ὑπισχνεῖσθαι
1226 5314 1360 5386 πρὸς
1421 5314 1567 5366 ἅπαν
1626 5308 1871 5373 ὑπείξειν
1920 5310 1982 5360 τ’)

413 5417 902 5489 προσταττόμενον,
929 5413 1003 5476 ὡς
1045 5406 1124 5473 εἷς
1156 5409 1262 5461 τῶν
1298 5404 1731 5476 ἀργυρωνήτων,
1768 5402 1901 5472 πρίν
1929 5418 1982 5454 τι

414 5507 665 5576 γενέσθαι
695 5505 804 5559 τῶν
832 5501 1122 5559 ἀπευκτῶν
1152 5497 1363 5568 θατέρῳ
1396 5495 1543 5547 δυοῖν
1570 5531 1586 5557 ,
1633 5490 1776 5544 οὕτω
1815 5508 1979 5560 κορυ-

2072 4586 2233 4657 .ginta
2264 4585 2332 4640 ab
2373 4583 2512 4637 urbe
2543 4581 2839 4636 distantem
2871 4584 3053 4633 castra
3084 4578 3409 4645 posuerunt.
3461 4646 3477 4661 ι

2159 4850 2297 4908 VIII.
2355 4847 2543 4904 Pridie
2603 4860 2734 4899 vero
2785 4842 2904 4914 ejus
2957 4840 3066 4894 diei
3116 4836 3302 4910 iunior
3365 4832 3664 4904 imperator

2089 4941 2388 5015 equitando
2422 4953 2744 5011 progressus
2777 4950 2900 4990 enm
2951 4928 3300 5002 paucissimis
3344 4926 3665 4982 hominibus

2078 5052 2146 5093 ex
2197 5033 2440 5107 occulto.
2475 5030 2793 5090 advenerat,
2854 5024 3045 5079 subito
3096 5023 3301 5091 impetu
3359 5020 3423 5074 in
3467 5018 3661 5072 urbem

2078 5129 2421 5196 irrupturus.
2460 5121 2564 5176 Sed
2604 5118 2991 5174 animadverso
3029 5118 3147 5187 ejus
3179 5121 3378 5169 conatu
3418 5127 3446 5165 a
3478 5121 3665 5194 custo—

2080 5219 2246 5274 dibus
2273 5217 2530 5271 exclusus
2560 5213 2756 5268 fuerat.
2798 5211 2931 5277 Quae
2971 5226 3058 5265 res
3088 5223 3214 5264 eum
3261 5208 3572 5276 subegerat,
3607 5213 3665 5258 nt

2084 5312 2443 5366 vehementer
2494 5321 2652 5364 avum
2717 5305 3104 5372 imperatorem
3163 5310 3379 5362 oraret,
3434 5313 3500 5352 ac
3560 5296 3664 5365 ipsi

2081 5400 2461 5469 poliieerctur,
2494 5408 2551 5449 se
2587 5391 2857 5464 quidquid
2891 5392 2934 5448 is
2975 5392 3232 5463 jussisset
3263 5389 3410 5443 dicto
3437 5385 3669 5440 audien-
3704 5414 3707 5417 -

2081 5501 2192 5551 tem
2231 5492 2347 5546 fore
2398 5488 2625 5559 perinde
2674 5501 2740 5541 ae
2788 5485 3146 5556 mancipium,
3182 5482 3366 5552 potius
3403 5493 3567 5548 quam
3604 5487 3666 5533 ut

1744 5619 2088 5683 Variorum
2125 5629 2311 5683 notte.

490 5735 598 5806 (is)
629 5732 756 5788 Ilaec
795 5730 977 5806 omnia
1017 5728 1284 5806 Gregoras
1320 5719 1515 5793 plurali
1552 5733 1802 5806 numero,
1837 5719 1984 5806 inso-

421 5791 593 5859 len‘ter'
645 5812 698 5858 et
725 5802 934 5873 poetica
967 5791 1234 5873 audacia:
1271 5791 1582 5873 quanquam
1611 5798 1665 5873 et
1696 5804 1800 5873 nos“
1822 5791 1983 5857 vulgo

425 5875 674 5941 dicimus,
711 5858 781 5928 l'cs
825 5858 1530 5932 Paius—lléotidesfc"pais,
1574 5860 1728 5930 palus
1765 5858 1984 5921 thottte

2093 5730 2196 5775 est.
2226 5721 2434 5775 Nomen
2467 5718 2620 5773 dedit
2653 5716 2788 5771 urbs
2822 5716 3043 5775 Κῶπαι,
3087 5710 3249 5781 cujus
3299 5705 3672 5763 meminerunt

2094 5791 2382 5858 Homerus,
2403 5789 2622 5858 Strabo,
2657 5786 2966 5858 Stephanus
2994 5794 3047 5840 et
3076 5779 3185 5837 alii.
3221 5779 3426 5835 Botvax.
