4088 6666
439 436 552 502 ω)

738 434 814 507 [.t.
856 449 912 490 c.
956 435 1094 494 1282
1127 456 1193 495 ιιι)
1235 439 1396 512 1328]
1472 443 1915 506 BYZANTIN/E
1954 445 1986 505 ΙῈ

2088 443 2340 504 ἸῸΒῙΕ
2382 446 2529 507 LlB.
2562 447 2665 509 IX.

2786 440 2923 515 [ιιιιδ.
2963 455 3243 498 Αιωιιοιιιο.
3286 446 3427 514 sem]

3569 446 3678 513 610

424 545 530 626 ἧκέ
561 572 645 621 τις
671 553 896 610 καὶτῶν
925 555 1154 624 ἔγγιστα
1197 559 1414 627 χωρίων
1439 556 1518 628 τῷ
1549 557 1736 629 δρόμῳ
1766 554 1986 625 ἀσθμαί·

2101 556 2247 627 agris
2270 555 2534 610 anhelans
2566 557 2826 621 accurrit.
2857 566 2915 613 et
2949 554 3278 629 Gyrolimna:
3306 568 3463 626 porta
3499 559 3670 616 vehe-
3712 616 3723 629 ,

425 660 570 697 νωνο
616 651 711 700 καὶ
743 644 981 717 κρούσας
1035 648 1131 709 τάς
1162 647 1312 717 παρά
1361 649 1427 717 τῇ
1481 646 1789 719 Γυρολίμνῃ
1824 647 2001 709 πύλας

425 734 839 804 ὖκπληκτικώτε
849 754 938 806 ρον
970 738 1151 791 ἐκάλει
1176 739 1302 791 τινὰ
1323 739 1430 792 τῶν
1452 740 1598 794 ἔνδον
1621 756 1637 771 ·
1671 738 1769 793 καὶ
1790 738 1998 792 ἐλθόντι

427 828 735 897 ἑωρακέναι
792 829 999 895 ἔφασκε
1057 830 1141 903 [Ρ.
1177 831 1447 903 2581πρδ
1500 832 1733 903 βραχέος
1768 831 1998 894 πολλούς

423 939 586 987 τινας
620 921 731 975 τῶν
758 921 851 975 τοῦ
885 922 1005 976 νέου
1041 921 1303 992 βασιλέως
1342 928 1546 995 σπουδῇ
1601 925 1998 996 προσελαύνονο

427 1029 530 1074 τας
565 1011 700 1081 πρὸς
736 1013 801 1066 τὰ
831 1014 958 1083 περὶ
982 1015 1076 1068 τὶν
1118 1014 1395 1086 Ῥωμανδν
1441 1017 1596 1086 τείχη
1632 1016 1743 1087 (86)
1771 1017 1867 1086 τῆς
1903 1018 2000 1071 πό·

424 1102 589 1166 λεως.
627 1103 806 1172 Ὅπερ
853 1104 1122 1159 ἀκουσθὲν
1164 1106 1242 1177 τῷ
1296 1107 1507 1177 βασιλεῖ
1546 1108 1710 1177 φόϐον
1775 1108 1995 1163 ἐνέϐαλε

427 1193 685 1247 πλεῖστον
717 1198 811 1250 καὶ⁵
854 1195 1084 1267 θόρυϐον
1113 1198 1397 1268 ἐνεποίησε
1427 1199 1725 1269 λογισμῶν.
1754 1200 1864 1254 Καὶ
1884 1199 1996 1253 ἐδο-

431 1284 525 1350 ξεν
573 1286 846 1351 ἀνοίξαντι
879 1288 1107 1358 συχνοὺς
1144 1289 1255 1343 τῶν
1287 1290 1633 1360 στρατιωτῶν
1680 1290 1997 1355 ἐξαποστεί-

425 1377 543 1441 lat,
571 1376 820 1447 φύλακας
844 1379 1169 1451 περιπόλους
1191 1380 1285 1434 τοῦ
1313 1381 1569 1452 χερσαίου
1591 1383 1995 1452 γενησομένους

422 1470 647 1539 τείχους
671 1470 777 1523 ἀπὸ
798 1469 1067 1542 θαλάττης
1088 1472 1217 1541 ἀχρι
1246 1471 1536 1543 θαλάττης.
1586 1471 1726 1525 Ἀλλ’
1756 1474 1785 1526 ό
1817 1473 1994 1542 μέγας

422 1557 683 1626 ἐμποδὼν
711 1560 1005 1629 γεγένηται
1038 1559 1346 1629 λογοθέτης,
1381 1559 1595 1624 ἀνάξιον
1622 1556 1763 1615 εἶναι
1810 1562 1994 1632 φήσας

424 1646 877 1718 μεγαλοπρεπέσι
944 1650 1289 1721 φρονήμασιν
1359 1650 1616 1706 ἐνδιδόναι
1666 1653 1802 1722 πρὸς
1850 1650 1993 1705 οὕτω

423 1743 867 1809 σμικροπρεπεϊς
916 1742 1085 1805 ἀκοάς
1115 1745 1214 1795 καὶ
1270 1744 1459 1813 φήμας
1489 1743 1757 1812 ἀγεῖθνεῖς·
1785 1745 1856 1798 Ἦ
1884 1744 1992 1815 γὰρ

427 1826 507 1899 μὴ
542 1825 780 1884 εἶναιτὸ
825 1833 1057 1903 λαληθὲν
1105 1834 1322 1903 ἀληθὲς,
1365 1835 1396 1906 ἢ
1456 1836 1647 1905 μωρὰν
1699 1832 1839 1890 εἶναι
1891 1837 1991 1905 τὴν

420 1917 772 1991 ἐπιχείρησιν
799 1961 815 1986 ,
853 1924 1130 1988 τοσούτοις
1179 1924 1366 1988 ὅπλοις
1411 1927 1521 1979 τῶν
1548 1944 1607 1980 τε
1642 1927 1829 1982 πυλῶν
1854 1928 1990 1998 ὁμοῦ

420 2010 524 2061 καὶ
550 2010 660 2064 τῶν
685 2012 883 2082 τειχῶν
932 2016 1359 2086 πεφραγμένων.
1396 2019 1607 2071 Ταυτδν
1633 2019 1744 2092 γάρ
1773 2021 1992 2074 πείσον-⁵

418 2112 516 2150 ται
533 2141 563 2163 ,.
583 2102 631 2153 εἰ
652 2104 716 2172 τῇ
740 2104 930 2175 είσόδῳ
958 2106 1054 2159 νῦν
1085 2108 1384 2178 ἐπιχειρεῖν
1409 2109 1726 2182 ἐθελήσαιεν
1755 2114 1804 2166 oi
1834 2113 1991 2168 πολέ-

426 2205 566 2256 μιοι.
595 2192 780 2246 ὁποῖον
802 2196 900 2247 καὶ
928 2198 975 2248 oi
1026 2196 1166 2268 πρὸς
1196 2200 1394 2269 κέντρα
1426 2201 1790 2268 λακτίζοντες.
1820 2206 1991 2260 Ταυτὶ

421 2279 471 2332 δ’
496 2281 740 2351 ἔφασκεν
787 2282 964 2353 οὗτος,
1019 2292 1129 2343 εἴτε
1159 2291 1248 2345 διὰ
1280 2293 1342 2346 τὸ
1369 2295 1538 2367 ἀδαὴς
1580 2298 1991 2367 στρατιωτικῶν

422 2368 567 2425 εἶναι
599 2378 953 2447 πραγμάτων,
988 2382 1098 2436 εἴτε
1121 2385 1215 2436 τοῦ
1240 2384 1374 2440 Θεοῦ
1401 2388 1706 2457 σφήλαντος
1730 2391 1834 2462 τὴν
1862 2390 1955 2445 τού
1973 2420 1989 2433 -

420 2476 519 2514 του
550 2463 786 2519 διάνοιαν
808 2507 822 2529 ,
859 2470 943 2522 ἵνα
977 2475 1070 2527 καὶ
1126 2476 1302 2547 πέρας
1353 2478 1386 2545 ἡ
1441 2479 1751 2548 κυρωθεῖσα
1778 2482 1991 2536 ἀνωθεν

420 2548 604 2619 ψῆφος
656 2554 807 2624 σχοίη
844 2559 985 2612 κατά
1029 2558 1127 2613 τοῦ
1159 2563 1391 2632 γηραιοῦ
1445 2564 1711 2635 βασιλέως
1744 2571 1839 2623 καὶ
1881 2570 1990 2625 τῶν

414 2644 617 2697 τούτου
644 2648 1005 2717 πραγμάτων.

495 2736 571 2794 I".
605 2739 769 2795 Οὔπω
811 2743 871 2796 τὸ
913 2744 1098 2815 τρίτον
1155 2746 1256 2815 τῆς
1314 2749 1507 2815 νυκτὸς
1533 2755 1843 2828 παρερῤύη,
1893 2760 1988 2814 καὶ

420 2833 613 2924 συχνοὶ
637 2837 786 2905 παρά
829 2837 928 2901 τὰς
962 2840 1132 2905 πύλας
1162 2839 1317 2906 αὖθις
1345 2849 1447 2916 τῆς
1474 2847 1814 2919 Γυρολίμνης
1850 2849 1986 2924 ἧκον

421 2922 677 2991 ἀγροίκοί
709 2941 855 2991 τινες
883 2928 948 2981 ἐκ
988 2930 1099 2983 τῶν
1153 2936 1491 3003 προαστείων
1536 2938 1637 3006 τῆς
1665 2922 1985 3007 Βυζαντίδος

420 3012 518 3102 καὶ
538 3013 710 3102 πολὺν
739 3017 961 3088 ἐδήλουν
993 3024 1106 3084 τοῖς
1146 3024 1374 3090 φύλαξιν
1403 3026 1754 3097 ἀθροίζεσθαι
1796 3033 1985 3102 ὅμιλον

419 3098 622 3164 ἔξωθεν
650 3105 800 3176 παρά
830 3107 925 3173 τάς
951 3108 1125 3176 πύλας
1162 3112 1258 3167 τοῦ
1302 3114 1602 3185 Ῥωμανοῦ.
1629 3118 1805 3192 Ὅπερ
1829 3098 1984 3187 αὖθις

2102 647 2340 702 mentius
2375 648 2587 717 pulsata
2633 647 2872 715 aliquem
2928 663 3119 702 eorum
3171 648 3263 719 qui
3320 648 3469 705 intus
3514 659 3673 705 erant

2099 753 2328 791 evocare
2355 739 2545 808 coepit,
2575 748 2630 793 et
2670 739 2718 793 ei
2754 740 2847 808 qui
2894 739 3135 795 venisset
3170 739 3329 806 dixit,
3369 740 3569 796 vidisse
3613 756 3673 798 se

2100 828 2264 896 paulo
2311 835 2439 882 ante
2469 843 2535 882 ex
2581 829 2818 898 jumoris
2852 827 3201 899 imperatoris
3228 831 3474 885 exercitu
3519 846 3671 884 com-

2099 918 2304 987 plures,
2338 919 2432 988 qui
2468 918 2534 973 ad
2572 919 2725 973 urbis
2770 920 2970 975 muenia
3022 920 3456 990 Romaniportae
3487 920 3669 977 vicina

2099 1023 2222 1064 cum
2259 1008 2610 1066 festinatione
2645 1012 3128 1082 progrederemur.
3172 1011 3307 1078 Quae
3355 1027 3443 1066 res
3479 1013 3668 1066 audita

2099 1108 2370 1155 terrorem
2424 1101 2741 1171 imperatori
2794 1102 3098 1156 maximum
3151 1103 3383 1157 incussit
3425 1117 3490 1157 ac
3546 1103 3668 1173 ejus

2096 1191 2340 1245 animum
2394 1193 2561 1247 variis
2603 1192 3031 1262 cogitationibus
3086 1194 3449 1263 perturbavit.
3511 1193 3665 1248 Unde

2096 1284 2274 1337 visum
2331 1284 2457 1355 ipsi,
2495 1291 2651 1354 porta
2697 1296 2905 1355 aperta,
2954 1301 3116 1355 quam
3165 1286 3430 1355 plurimos
3459 1285 3665 1341 milites

2094 1376 2371 1438 emittere,
2407 1377 2502 1447 qui
2558 1379 2834 1433 terrestria
2867 1378 3066 1433 mmnia
3098 1393 3126 1431 a
3175 1378 3312 1432 mari
3362 1393 3540 1448 usque
3588 1377 3659 1431 ad

2094 1481 2247 1522 mare
2277 1469 2640 1524 custodiendo
2667 1470 3052 1525 circumirent.
3091 1469 3195 1525 Sed
3230 1485 3459 1540 magnus
3505 1470 3663 1539 logo-

2097 1557 2243 1612 tlteta
2297 1558 2563 1628 impediit,
2598 1559 2879 1631 indignum
2935 1575 3054 1615 esse
3089 1575 3285 1630 magno
3340 1561 3526 1615 animo
3576 1561 3664 1617 in-

2093 1650 2309 1719 quiens,
2352 1659 2461 1706 tam
2495 1650 2602 1705 levi
2635 1666 2857 1707 rumore
2892 1662 2948 1708 et
2980 1652 3210 1723 ignobili
3244 1652 3386 1709 fama
3416 1668 3664 1708 camino-

2094 1740 2206 1795 veri
2236 1757 2251 1794 :
2286 1748 2382 1795 aut
2411 1740 2558 1795 enim
2594 1741 2791 1813 falsum
2840 1757 2965 1799 esse
2998 1743 3277 1808 nuntium,
3309 1752 3404 1798 aut
3434 1744 3661 1800 stultum

2092 1846 2215 1888 esse
2267 1841 2525 1887 conatum
2569 1826 2679 1887 tam
2731 1848 3055 1903 paucorum,
3091 1849 3215 1889 cum
3257 1842 3313 1889 et
3374 1835 3574 1889 mmnia
3606 1843 3665 1889 et

2097 1932 2267 1995 porta:
2297 1933 2377 1979 tot
2406 1925 2576 1980 armis
2601 1934 2770 1996 septas
2797 1927 2929 1981 sint.
2958 1926 3105 1982 ldem
3137 1928 3283 1982 enim
3311 1927 3584 1992 hostibus,
3616 1927 3662 1982 si

2097 2017 2134 2071 ii
2175 2032 2323 2073 nunc
2382 2017 2595 2088 ingredi
2652 2029 2945 2086 conentur,
2989 2035 3092 2076 usu
3148 2030 3464 2084 venturum,
3513 2018 3664 2089 quod

2098 2116 2288 2161 contra
2318 2106 2606 2161 stimulum
2635 2108 3076 2165 calcitrantibus.
3108 2108 3232 2163 Haec
3279 2123 3412 2163 vero
3443 2108 3667 2164 dicebat

2097 2199 2183 2253 vel
2215 2207 2276 2253 ut
2323 2200 2401 2255 rei
2452 2199 2708 2254 militaris
2733 2199 2893 2272 42],
2931 2202 3176 2272 ignarus,
3205 2200 3290 2255 vel
3342 2199 3469 2268 quia
3512 2200 3665 2255 Deus

2098 2291 2215 2362 ipse
2248 2302 2484 2351 mentem
2514 2294 2633 2364 ejus
2662 2294 3032 2359 subverterat,
3065 2292 3433 2349 ut'sententia
3468 2301 3663 2347 contra

2096 2383 2369 2438 seniorem
2399 2385 2789 2454 imperatorem
2816 2393 2873 2439 et
2901 2394 3092 2438 contra
3123 2398 3212 2439 res
3246 2382 3366 2454 ejus
3398 2379 3665 2436 divinitus

2094 2473 2199 2530 lata
2231 2475 2450 2531 tandem
2476 2485 2596 2531 rata
2620 2483 2786 2532 esset.

2162 2756 2255 2816 ιιι.
2304 2755 2560 2812 Nondum
2610 2754 2767 2810 tertia
2817 2763 2974 2825 parte
3022 2752 3202 2809 noctis
3253 2752 3436 2822 elapsa
3481 2752 3664 2810 denuo

2090 2849 2407 2920 complures
2434 2846 2627 2903 rustici
2656 2861 2688 2901 e
2717 2845 3002 2901 suburbiis
3028 2845 3273 2917 Byzantii
3297 2844 3366 2899 ad
3397 2843 3665 2916 Gyrolim-

2093 2956 2176 2996 nre
2205 2950 2417 3012 portam
2452 2939 2651 2994 adsunt
2677 2948 2734 2993 et
2759 2936 3083 2993 custodibus
3116 2936 3384 3000 indicant,
3414 2952 3663 3006 magnam

2092 3031 2375 3086 hominum
2425 3029 2837 3085 multitudinem
2878 3029 3010 3084 foris
3057 3027 3126 3083 ad
3168 3027 3400 3082 Romani
3448 3036 3663 3096 portast

2090 3123 2404 3178 convenire.
2439 3122 2595 3187 Quod
2630 3136 2824 3182 rursus
2860 3122 2926 3174 ad
2960 3117 3315 3188 imperatoris
3346 3131 3512 3171 aures
3540 3132 3664 3186 per-

418 3193 502 3256 είς
541 3197 648 3298 τᾶς
675 3197 982 3298 Δβασιλικὰς
1009 3203 1182 3269 ἀκοὰς
1234 3208 1666 3280 ἀνενηνεγμένον
1715 3216 1793 3279 είς
1820 3217 1982 3285 φόϐον

2088 3214 2258 3268 latum
2289 3215 2409 3283 ejus
2446 3224 2652 3267 metum
2696 3226 2760 3267 ac
2806 3210 3228 3281 trepidationem
3259 3209 3429 3263 auxit.
3476 3208 3664 3278 Itaque

419 3289 516 3341 καὶ
536 3288 762 3359 θόρυϐον
790 3293 966 3365 ἦγαγε
1000 3296 1255 3352 πλείονα·
1307 3302 1402 3356 καὶ
1435 3307 1747 3376 τραχυτέρᾳ
1776 3314 1987 3377 χρησά-

421 3399 584 3450 μενος
628 3387 693 3455 τῇ
723 3389 873 3458 φωνῇ
923 3388 1059 3460 πρὸς
1089 3391 1179 3446 τὸν
1212 3394 1385 3464 μέγαν
1416 3396 1621 3465 ἔφασκε
1656 3400 1947 3473 λογοθέτην
1969 3418 1984 3433 ο

424 3492 443 3524 ι
483 3475 726 3556 Ἔοικας,
754 3476 1029 3549 ἄνθρωπε,
1061 3482 1287 3553 σιδήρου
1317 3485 1480 3556 φύσιν
1529 3489 1834 3560 είληφέναι.
1887 3495 1986 3548 Διά

415 3566 527 3635 γὰρ
579 3569 737 3622 τοῦτο
763 3569 858 3624 καὶ
903 3571 1074 3633 ἀδεῶς
1116 3574 1261 3645 ἔχεις
1294 3579 1403 3632 τῶν
1431 3578 1709 3651 λογισμῶν
1755 3584 1853 3639 καὶ
1886 3586 1986 3641 ούκ

414 3661 723 3734 ἑπαισθάνῃ
746 3665 856 3718 τῶν
908 3671 1421 3740 περιστοιχιζόντων
1465 3676 1614 3745 ἡμᾶς
1643 3674 1769 3744 ἄρτι
1800 3679 1982 3732 κινδύ-

415 3768 545 3805 νων.
582 3753 652 3806 Ἠ
684 3755 782 3824 οὐχ
817 3756 967 3826 ὁρᾷς,
997 3758 1074 3822 ὼς
1116 3761 1217 3814 οὐκ
1254 3762 1318 3832 ἑᾷ
1373 3779 1440 3832 με
1471 3765 1531 3816 τὸ
1563 3767 1794 3836 πρᾶγμα
1816 3768 1985 3840 καθῆ-

415 3842 561 3907 σθαι,
602 3845 735 3915 μηδὲ
768 3848 1386 3920 καταδαρθάνεινςἎλλ*
1417 3853 1606 3927 ὥσπερ
1651 3873 1735 3921 τις
1765 3858 1985 3929 ίσχυρδς

415 3936 661 4002 πάταγος
692 3939 720 3991 ό
757 3938 852 3992 τοῦ
882 3941 1105 4009 έγγόνου
1144 3960 1246 4012 μου
1272 3945 1501 4015 θόρυϐος
1529 3953 1717 4017 κροτεῖ
1760 3969 1860 4021 μου
1885 3953 1980 4016 τὰς

412 4030 584 4092 ἀκοὰς
628 4029 722 4083 καὶ
759 4035 950 4102 συγχεῖ
985 4052 1088 4105 μου
1129 4037 1227 4106 τὴν
1255 4037 1496 4092 διάνοιαν
1526 4043 1619 4096 καὶ
1653 4041 1842 4096 δεινῶν
1892 4061 1982 4115 μοι

409 4119 649 4188 πέλαγος
670 4122 901 4194 ἔρρωγε,
931 4127 1031 4189 τάς
1057 4143 1122 4195 γε
1156 4129 1361 4200 φρένας
1388 4131 1653 4186 τινάττων
1683 4136 1855 4207 συχνὰ
1889 4136 1984 4189 καὶ

411 4216 598 4269 κυκῶν
619 4218 712 4269 καὶ
742 4218 976 4288 βυθίζων
1008 4236 1108 4289 μου
1143 4223 1242 4292 τὴν
1266 4223 1515 4293 καρδίαν.
1540 4243 1560 4277 ι
1589 4225 1704 4279 "06‘
1725 4228 1981 4297 ἄντικρυς

410 4309 772 4377 Μακκαϐαῖος
803 4307 894 4385 ἦν,
944 4316 1058 4378 τοῖς
1104 4315 1392 4387 προτέροις
1445 4318 1699 4388 ἐμμένων
1745 4319 1982 4390 δόγμασι

411 4403 507 4455 καὶ
540 4404 885 4474 περιφρονῶν
924 4407 994 4459 τὰ
1022 4405 1312 4478 λεγόμενα,
1345 4407 1597 4480 καθάπερ
1624 4427 1711 4473 τις
1736 4411 1983 4483 προϐλὴς

411 4489 732 4555 θαλάττιος·
768 4485 907 4547 ὥστε
948 4494 1042 4549 καὶ
1100 4497 1342 4561 ἀναστάς
1376 4497 1542 4569 ἀπῄει
1596 4500 1972 4572 καθευδήσων,

2089 3306 2374 3376 asperiore
2419 3319 2551 3359 voce
2597 3303 2931 3374 logothetam
2979 3302 3273 3370 increpans
3310 3318 3322 3354 :
3365 3317 3383 3350 ι
3426 3298 3660 3362 Videris,

2087 3397 2287 3467 inquit,
2315 3397 2481 3451 homo
2510 3395 2721 3450 ferreus
2748 3408 2872 3448 esse
2898 3393 3098 3454 factus,
3138 3391 3232 3461 qui
3263 3389 3403 3445 adeo
3428 3403 3662 3446 securus

2085 3489 2194 3554 sis,
2249 3501 2352 3542 nec
2401 3486 2644 3557 pericula
2688 3499 2809 3554 quae
2862 3497 2965 3539 nos
3013 3481 3374 3536 circumstant
3430 3480 3660 3536 sentias.

2086 3581 2277 3636 Nonne
2310 3579 2467 3634 vides
2499 3594 2612 3633 rem
2639 3575 2911 3649 ejusmodi
2943 3589 3087 3637 esse,
3125 3582 3188 3627 ut
3214 3587 3301 3626 me
3332 3587 3435 3626 nec
3465 3571 3660 3629 sedere

2085 3686 2187 3727 nec
2209 3671 2454 3727 dormire
2484 3669 2760 3741 patiatur?
2780 3666 3005 3736 Nepotis
3024 3666 3173 3720 enim
3201 3665 3468 3718 tumultus
3496 3676 3661 3718 aures

2084 3779 2235 3820 meas
2277 3772 2539 3833 tanquam
2589 3761 2887 3816 vehemens
2931 3758 3133 3827 aliquis
3175 3755 3359 3827 fragor
3400 3764 3660 3825 personat

2084 3870 2376 3926 meumque
2413 3854 2698 3925 perturbat
2746 3853 3014 3917 animum,
3060 3858 3116 3904 et
3155 3847 3434 3904 exundant
3469 3848 3526 3901 in
3570 3861 3658 3902 me

2083 3949 2306 4020 quidam
2328 3947 2497 4004 veluti
2527 3956 2800 4002 terrorum
2818 3944 3037 4006 ﬂuctus,
3065 3943 3160 4012 qui
3183 3948 3240 3995 et
3261 3948 3498 3994 mentem
3528 3939 3659 3993 sub-

2089 4041 2218 4096 inde
2272 4040 2593 4095 concutiunt
2640 4046 2698 4092 et
2764 4051 2858 4090 cor
2901 4032 3164 4104 agitatum
3230 4030 3657 4099 demersutnque

2083 4135 2344 4188 obruunt.
2391 4150 2410 4184 ι
2443 4131 2648 4187 Verum
2696 4129 2787 4183 ille
2826 4126 3170 4181 Machameus
3215 4133 3358 4189 erat,
3392 4132 3555 4192 atque
3600 4123 3656 4177 in

2084 4226 2266 4297 priore
2300 4224 2569 4280 sententia
2595 4235 2930 4292 permanens
2970 4217 3196 4272 nuntios
3225 4217 3349 4271 illos
3378 4216 3457 4270 uti
3489 4230 3655 4285 rupes

2084 4319 2295 4374 marina
2346 4315 2755 4373 contemnebat.
2802 4312 3039 4368 Proinde
3098 4310 3339 4390 surrexit
3403 4308 3652 4364 cubitum

2083 4410 2283 4475 iturus,
2327 4419 2387 4462 ut
2422 4423 2482 4462 re
2514 4407 2629 4476 ipsa
2663 4404 2982 4460 ostenderet
3008 4401 3228 4457 inanem
3269 4415 3391 4456 esse
3413 4391 3651 4454 hostium

2083 4503 2351 4566 laborem,
2382 4515 2445 4555 ac
2482 4499 2688 4554 nullam
2727 4496 2835 4551 vim
2875 4496 3130 4551 habitura
3165 4509 3228 4549 ea
3259 4507 3382 4564 quae
3413 4492 3492 4547 illi
3521 4491 3654 4547 foris

410 4572 555 4651 ἔργῳ
587 4583 803 4648 δεικνὺς
819 4584 892 4649 ὡς
928 4586 1157 4656 μάταιος
1173 4588 1328 4659 ὄχλος
1350 4590 1446 4645 καὶ
1475 4591 1628 4645 οὐδὲν
1657 4593 1879 4664 ἰσχυρὸν
1910 4595 1980 4647 τά
2013 4593 2056 4649 D
2085 4582 2329 4663 agerent.

410 4676 547 4745 πρὸς
578 4676 850 4745 πολεμίων
873 4677 1069 4742 ἔξωθεν
1100 4678 1377 4749 δρώμενα.

480 4765 555 4818 Δ⁹.
595 4766 655 4818 '0
679 4765 736 4819 δὲ
760 4766 1007 4837 βασιλεὺς
1037 4769 1195 4839 μόνος
1224 4770 1574 4839 ἀπολειφθεὶς
1595 4773 1689 4827 καὶ
1717 4774 1816 4828 οὐκ
1840 4774 1980 4844 ἔχων

408 4858 548 4929 πλὴν
577 4857 686 4911 τῶν
717 4856 1009 4915 οἱκεὶακῶν
1045 4863 1417 4933 μειρακίσκων
1450 4865 1660 4936 ἕτερον,
1700 4860 1745 4934 ᾧ
1785 4883 1979 4921 κοινω-

406 4952 561 5021 νήσει
589 4950 685 5004 τοῦ
716 4952 943 5021 πάθους,
981 4955 1074 5008 ἐπὶ
1096 4954 1195 5023 τῆς
1226 4953 1514 5025 βασιλικῆς
1550 4959 1645 5011 καὶ
1666 4957 1828 5022 αὐτὸς
1850 4958 1979 5010 sxu-

405 5045 496 5096 τὶν
526 5044 809 5099 κατέκλινε
862 5047 1050 5118 κλίνης
1076 5086 1093 5111 ,
1154 5048 1323 5119 μηδὲν
1374 5049 1482 5102 τῶν
1516 5051 1746 5120 ἱματίων
1778 5052 1937 5113 ἐκδύς
1958 5067 1973 5081 '

405 5135 522 5188 ἀλλ’
556 5135 674 5206 ἅμα
726 5137 934 5201 τούτοις
961 5142 1058 5193 καὶ
1111 5126 1247 5213 ὅλην
1295 5140 1641 5212 ἐνδεδυμένος
1681 5142 1825 5213 σαφῆ
1874 5142 1975 5213 τὴν

404 5228 713 5297 ἀπόγνωσιν
738 5231 915 5286 ἔκειτο
950 5235 1357 5304 μεμερισμένος
1395 5238 1613 5305 πικροῖς
1645 5235 1741 5290 καὶ
1766 5237 1971 5290 ἀλλεπ-

405 5320 657 5392 αλλήλοις
704 5322 983 5394 λογισμοῖς
1041 5324 1140 5397 τὴν
1197 5326 1385 5398 ψυχὴν
1419 5327 1514 5380 καὶ
1562 5327 1684 5381 ὅλον
1716 5328 1778 5380 τὸ
1810 5327 1970 5398 σῶμα

406 5415 902 5486 περιστρεφόμενος
954 5417 1079 5487 τῇδε
1121 5419 1344 5472 κάκεῖσε
1393 5419 1582 5491 συχνά,
1608 5418 1798 5491 ὥσπερ
1821 5417 1887 5473 ἂν
1921 5422 1971 5473 εί

2149 4772 2235 4829 IV.
2266 4772 2337 4825 At
2354 4769 2651 4840 imperator
2665 4766 2818 4823 solus
2831 4763 3075 4825 relictus,
3093 4777 3194 4818 nec
3207 4774 3534 4830 quemquam
3554 4759 3653 4815 ba-

2077 4862 2234 4930 bens,
2267 4861 2489 4931 quicum
2520 4859 2765 4915 dolorem
2807 4872 2968 4914 suum
2995 4846 3651 4922 communicaret’prazter

2077 4955 2407 5010 domesticos
2432 4950 2892 5016 adolescentulos,
2914 4952 2967 5003 in
2986 4961 3148 5004 suum
3172 4945 3435 5002 lectulum
3457 4956 3506 5000 el
3529 4946 3650 5017 ipse

2078 5047 2344 5104 incubuit.
2370 5047 2426 5101 ln
2444 5030 2551 5116 quo
2569 5044 2717 5099 nulla
2737 5052 2888 5099 veste
2908 5050 3094 5107 exuta,
3114 5040 3210 5094 sed
3234 5047 3475 5095 extrema
3499 5038 3650 5093 insu-

2075 5157 2172 5212 per
2220 5138 2598 5211 desperatione
2648 5135 2864 5204 induta,
2903 5135 3088 5189 animo
3120 5133 3332 5187 crebris
3387 5131 3550 5202 422
3590 5141 3649 5185 et

2071 5232 2304 5287 diversis
2346 5230 2770 5302 cogitationibus
2817 5239 3081 5284 aestuante
3129 5228 3352 5299 jaeebat
3399 5246 3412 5283 :
3471 5236 3646 5280 tutum

2073 5339 2274 5394 corpus
2295 5324 2402 5380 huc
2431 5334 2597 5393 atque
2618 5324 2747 5379 illuc
2768 5323 2999 5379 subinde
3026 5324 3331 5386 revolvens,
3350 5333 3460 5374 non
3489 5319 3649 5374 aliter

2071 5433 2236 5490 quam
2288 5417 2334 5472 si
2393 5431 2581 5486 pruna
2640 5415 2783 5471 lecto
2838 5416 3098 5487 subjecta
3152 5423 3358 5471 essent.
3420 5412 3644 5466 Interim

1756 5552 2090 5617 Variorum
2126 5560 2311 5615 notte.

616 5703 697 5792 Ag
721 5703 1013 5792 Romanam
1040 5716 1266 5790 portum.
1297 5708 1536 5792 (Wolfius
1570 5723 1705 5792 pro,_
1726 5711 1795 5764 ad
1822 5712 1961 5765 urbis
2058 5713 2420 5792 portamfpro
2447 5710 2672 5792 Romani
2695 5721 2942 5792 partem;
2968 5724 3089 5792 qum
3112 5708 3368 5792 sic‘dicta
3402 5714 3533 5792 est'u

406 5776 619 5851 moenia,
647 5774 873 5851 {gemant
898 5774 1062 5851 parte}
1080 5780 1273 5851 vicina.
1297 5778 1386 5833 Sic
1408 5780 1549 5835 idem
1570 5774 1745 5851 paulo
1775 5797 1961 5850 supra,

2062 5776 2459 5837 Romani-aede
2513 5776 2711 5836 vicina.
2776 5782 2909 5836 Vide
2970 5776 3368 5847 Comtantinop.
3437 5776 3637 5832 Christ.

405 5843 500 5918 τὴν
526 5844 620 5897 τοῦ
652 5843 935 5916 Ῥωμανοῦ
963 5847 1138 5920 πύλην
1177 5843 1642 5920 interpretabatur
1667 5843 1963 5907 Romanam

2089 5851 2164 5905 ib.
2197 5866 2235 5917 I,
2263 5860 2396 5911 sect.
2431 5853 2518 5917 15,
2552 5868 2604 5907 n.
2638 5852 2692 5905 9.
2725 5850 2935 5908 Bonus.
