3842 6606
303 357 404 423 611
555 352 627 428 [Α.
661 371 714 410 ιι.
754 355 885 424 6791
920 372 987 410 an
1015 353 1177 428 6856]

1498 359 1918 422 NICEPHORI
1947 359 2336 422 'GREGOBrl

2660 358 2796 432 [ιιιιι.
2827 412 2832 418 .
2844 374 3126 452 annuatim.
3158 359 3300 432 seru]

3442 361 3547 429 6i!

303 485 532 540 magnus
558 471 699 526 circa
729 470 988 540 palatium
1019 480 1074 526 et
1109 470 1174 526 ad
1215 469 1396 541 palatii
1429 468 1574 526 fores
1611 471 1868 526 tumultus

1981 471 2258 543 κρατῆρας
2291 466 2402 541 εἶχε
2441 471 2612 544 πυρὸς
2655 473 3002 542 ύφάπτοντσς
3035 473 3279 527 κάτωθεν
3308 475 3408 544 τὴν
3438 476 3584 557 xli-ﬂ

299 561 544 624 auditur.
573 561 811 632 junioris
845 563 1193 631 imperatoris
1227 563 1533 634 ingressum
1571 563 1866 629 nuntians,

236 685 254 702 .
299 662 357 708 et
404 655 626 723 plausus
661 667 935 708 armorum
975 669 1228 724 magnus.
1277 655 1446 709 Erant
1489 654 1634 708 enim
1672 653 1872 708 milites

301 745 538 814 amplius
565 745 892 814 octingentis
909 759 1034 798 cum
1068 745 1396 814 imperatore
1423 745 1672 814 ingressi.
1697 743 1870 798 Simul

300 833 469 889 etiam
506 833 748 903 undique
795 834 993 889 faustis
1021 835 1512 889 acclamationibus
1547 833 1736 902 junior
1765 833 1869 886 im-

297 933 520 994 perator
551 923 912 978 salutabatur.
954 922 1152 978 Senior
1183 938 1314 977 vero
1338 964 1351 988 ,
1391 920 1622 976 tumultu
1669 929 1723 974 et
1759 920 1872 974 cla.

299 1029 450 1068 more
475 1013 684 1078 audito,
715 1017 782 1068 de
805 1015 946 1068 lecto
973 1013 1214 1068 surrexit
1240 1010 1786 1082 pcrturbatissimus;
1816 1018 1873 1064 et

297 1121 422 1160 cum
466 1107 742 1160 neminem
787 1106 1036 1170 haberet,
1069 1121 1099 1158 a
1130 1119 1240 1173 quo
1287 1101 1660 1173 adjuvarctur,
1691 1116 1870 1172 neque

297 1198 516 1260 ducem,
570 1214 749 1268 neque
805 1199 1030 1252 militem
1093 1196 1377 1266 (palatium
1428 1195 1574 1248 enim
1629 1194 1870 1250 cubiculi

297 1287 570 1342 ministris
601 1289 1041 1344 adolescentibus
1065 1282 1307 1355 exceptis
1337 1285 1614 1339 desertum
1648 1301 1870 1355 prorsus

295 1383 458 1449 erat),
496 1381 560 1434 ad
593 1395 803 1435 sacram
835 1380 1125 1449 imaginem
1151 1379 1248 1433 Dei
1279 1377 1574 1434 Genitricis
1624 1378 1867 1448 llndege-

295 1470 417 1526 tria:
446 1470 711 1542 confugit,
736 1482 861 1526 ante
891 1471 1088 1525 multos
1123 1469 1243 1523 dies
1271 1469 1322 1522 iu
1355 1469 1615 1538 palatium
1639 1471 1872 1524 transla-

300 1571 434 1625 tam,
465 1579 587 1632 qua:
626 1563 675 1617 ei
711 1564 867 1616 ﬁrmo
906 1561 1098 1615 solatio
1135 1569 1276 1616 erat.
1309 1563 1387 1614 Ad
1430 1561 1592 1625 hanc,
1624 1562 1868 1632 inquam,

294 1651 560 1724 confugit,
587 1663 642 1707 et
667 1652 816 1710 humi
844 1660 1152 1720 prostratus
1177 1651 1515 1708 cum.dolore
1539 1660 1594 1706 et
1615 1651 1868 1722 lacrymis

295 1745 552 1802 ardenter
580 1744 908 1812 obtestatur,
934 1761 1001 1799 ne
1033 1743 1433 1812 periclitantem
1465 1752 1518 1798 et
1540 1743 1863 1800 sicariorum

293 1837 522 1894 ensibus
561 1824 867 1908 cx‘positum
913 1834 1154 1891 deserat.
1193 1835 1484 1890 Exaudivit
1521 1851 1713 1905 preces
1747 1837 1866 1907 ejus

294 1941 352 1984 et
381 1929 636 1984 festiuum
674 1928 1094 1984 tulit'auxilium
1132 1943 1253 1997 qua:
1283 1927 1500 1998 quidvis
1535 1935 1716 1998 potest
1769 1943 1867 1983 ca-

294 2019 534 2082 stissima
565 2018 657 2073 Dei
687 2019 953 2075 Genitrix.

1973 581 2092 633 νην.
2127 563 2345 616 Τούτων
2385 563 2556 638 οὕτως
2582 565 2816 636 ἐχόντων
2849 562 3016 628 πολὺς
3042 565 3176 633 ὴκού
3191 565 3290 636 σθη
3323 567 3548 638 θόρυϐος

1972 654 2075 720 ἔξω
2107 654 2328 724 περὶτὰ
2361 655 2612 726 βασίλεια
2641 657 2736 711 καὶ
2777 657 2872 721 τὰς
2895 657 3202 728 βασιλείους
3232 659 3430 734 πύλας,
3447 659 3548 728 τὴν

1971 749 2064 802 τοῦ
2085 748 2205 801 νέου
2230 747 2492 817 βασιλέως
2509 747 2789 825 περιηχῶν
2807 749 3033 812 εἴσοδον,
3055 749 3151 803 καὶ
3161 751 3352 822 κρότος
3367 753 3550 806 ὃπλων

1975 839 2118 909 μάλα
2141 837 2304 902 πολύς
2325 855 2336 869 ·
2359 837 2440 910 [Ρ.
2464 822 2593 912 259]
2613 822 2752 909 ἦσαν
2785 841 2893 910 γὰρ
2921 841 2971 894 οἱ
3011 841 3444 904 συνεισελθόντες
3472 843 3553 912 τῷ

1972 929 2184 1002 βασιλεῖ
2215 929 2547 1002 στρατιῶται
2607 931 2827 996 πλείους
2871 919 3246 986 ὀκτακοσίωνο
3296 933 3393 989 καὶ
3431 931 3554 1004 ἅμα

1973 1021 2313 1092 πανταχόθεν
2340 1023 2608 1094 εὐφημίαι
2641 1024 2734 1076 καὶ
2773 1023 3013 1090 γλῶσσαι
3053 1023 3146 1076 τὸν
3177 1023 3296 1078 νέον
3334 1023 3552 1094 ἀνακηο

1971 1113 2262 1186 ρύττουσαι
2314 1113 2562 1184 βασιλέα.
2606 1113 2940 1184 Αίσθὸμενος
2987 1115 3032 1168 δ’
3063 1103 3090 1168 δ
3119 1115 3353 1186 γηραιὸς
3389 1113 3551 1186 βασ-

1970 1205 2094 1273 λεζις
2112 1204 2205 1258 τοῦ
2231 1205 2458 1276 θορύϐου
2485 1207 2578 1260 καὶ
2603 1205 2701 1276 τῆς
2732 1207 2884 1277 βοῆς,
2921 1207 3183 1276 ἐξανέστη
3207 1202 3304 1278 τῆς
3333 1207 3548 1276 κλίνης,

1971 1299 2230 1368 ἐκπλήξει
2259 1298 2426 1368 πολλῇ
2474 1297 2868 1368 συνεχόμενος·
2905 1299 3000 1351 καὶ
3039 1296 3116 1368 μὴ
3162 1297 3300 1368 ἔχων
3351 1297 3548 1352 οὐδένα

1969 1393 2061 1443 τὸν
2091 1390 2448 1461 βοηθήσοντα,
2478 1394 2614 1462 μήτε
2650 1381 3014 1459 στρατιώτην,
3048 1391 3184 1462 μήτε
3211 1390 3546 1461 στρατηγόν
3619 1441 3628 1460 ι

1970 1484 2111 1552 πλὴν
2145 1483 2252 1553 γὰρ
2300 1481 2408 1534 τῶν
2461 1482 2862 1553 θαλαμηπόλων
2899 1481 3281 1552 μειρακίσκων
3332 1484 3548 1552 ἐρημία

1969 1572 2136 1644 πολλὴ
2165 1577 2232 1628 τὰ
2263 1573 2512 1644 βασίλεια
2535 1573 2646 1645 εἶχε
2673 1590 2690 1606 ο
2723 1573 3060 1643 καταφεύγει
3091 1575 3227 1646 πρδς
3260 1575 3360 1644 τὴν
3391 1571 3551 1625 θείαν

1970 1666 2153 1719 εἰκόνα
2181 1667 2292 1737 (87)
2330 1669 2426 1735 τῆς
2451 1667 2760 1737 ύπεράγνου
2786 1666 3129 1738 Θεομήτορος
3172 1667 3269 1734 τῆς
3307 1665 3548 1733 Ὀδῆγη·

1971 1757 2146 1827 τρίας.
2178 1757 2398 1826 Συχνῶν
2428 1757 2534 1828 γὰρ
2569 1757 2792 1828 ἡμερῶν
2833 1758 3101 1827 ἐκομίσθη
3135 1757 3272 1827 πρὸς
3299 1755 3552 1825 τάβασί-

1967 1853 2090 1904 λεια
2138 1853 2401 1922 πρότερον
2454 1853 2548 1905 καὶ
2585 1846 2652 1922 ἦν
2699 1849 2848 1920 αὐτῷ
2881 1851 3227 1922 παραμύθιον
3279 1848 3554 1916 ἀσφαλές.

1972 1943 2113 2014 Πρὸς
2138 1942 2342 2014 ταύτην
2375 1943 2556 1996 τοίνυν
2580 1925 2912 2012 καταῷυγὼν
2953 1943 3048 1996 καὶ
3079 1939 3396 2012 περιχυθεὶς
3425 1937 3558 1992 τοῦ-

1970 2034 2134 2103 δαφος
2166 2034 2276 2106 (88)
2307 2035 2454 2104 μάλα
2499 2035 2806 2105 περιαλγής
2843 2051 2903 2087 τε
2944 2035 3038 2088 καὶ
3085 2034 3350 2107 ἔνδακρυς
3379 2032 3560 2085 ἐδεῖτο

297 2127 536 2202 θερμῶς,
581 2127 656 2199 μὴ
697 2127 963 2198 περιιδεῖν
1022 2125 1404 2181 κινδυνεύοντα
1453 2125 1766 2196 μιαιφονίας
1803 2125 1980 2195 ξίφεσι
2025 2125 2122 2196 τὴν
2147 2120 2325 2198 ψυχὴν
2359 2126 2747 2197 παραπέμψαι.
2820 2127 2926 2180 Nati.
2996 2126 3104 2199 μὴν
3155 2127 3249 2180 καὶ
3309 2126 3558 2194 ἐπήκοος

295 2220 512 2288 ὲγένετο
532 2221 630 2290 τῆς
656 2221 892 2289 δεήσεως
940 2217 1108 2274 αὐτοῦ
1155 2219 1251 2272 καὶ
1271 2219 1534 2290 ταχίστην
1566 2218 1862 2289 ἐχαρίσατο
1899 2221 1999 2286 τὴν
2035 2221 2357 2290 ἐπικουρίαν
2386 2222 2418 2290 ἡ
2452 2219 2608 2274 πάνθ’
2673 2222 2775 2274 ὃσα
2817 2219 3377 2290 βούλεταιδυναμένη
3409 2217 3563 2272 πάν·

310 2330 476 2381 αγνος
501 2313 787 2378 Θεοτόκος.

366 2404 430 2460 ν.
475 2404 612 2460 Nam
643 2405 770 2460 dum
811 2404 902 2459 ille
947 2405 1002 2458 in
1039 2404 1244 2474 palatio
1276 2405 1566 2476 Deiparam
1612 2406 1678 2462 ad
1722 2406 1870 2462 hunc

296 2495 518 2550 modum
535 2495 882 2566 deprecatur,
901 2495 1088 2565 junior
1115 2497 1417 2568 imperator
1441 2499 1578 2554 foris
1609 2497 1870 2552 erunibus

295 2587 530 2642 ducibus
557 2597 613 2644 et
647 2587 883 2642 tribunis
911 2588 1026 2644 suis
1059 2590 1377 2646 convocatis
1409 2591 1648 2662 graviter
1673 2589 1869 2654 edicit,

298 2694 368 2732 ne
385 2693 546 2732 avum
585 2679 964 2747 imperatorem
982 2681 1066 2735 vel
1081 2696 1242 2735 manu
1264 2682 1498 2737 violenta
1519 2683 1867 2746 interﬁciant,

293 2769 382 2825 vel
407 2769 518 2824 ullo
535 2770 930 2826 contumelioso
947 2771 1410 2838 dictoincessant,
1431 2790 1528 2830 nec
1545 2790 1869 2846 quemquam

293 2873 522 2928 prorsus
555 2860 796 2914 omnium
833 2879 846 2913 :
885 2879 904 2912 ι
943 2859 1091 2916 llanc
1121 2863 1292 2925 enim,
1332 2863 1530 2932 inquit,
1565 2863 1856 2918 victoriam

295 2951 440 3004 Deus
490 2949 650 3005 nobis
684 2949 844 3022 423
877 2951 1048 3018 dedit,
1091 2967 1196 3006 non
1238 2951 1340 3020 ipsi
1395 2952 1728 3020 paravimus.
1774 2953 1868 3008 Dei

293 3040 551 3094 voluntas
598 3047 780 3095 movet
823 3041 1040 3105 omnia.
1083 3051 1140 3096 et
1181 3043 1363 3095 omnia
1413 3041 1462 3096 ei
1516 3041 1866 3106 famulantur,

294 3132 486 3200 stella-,
532 3147 648 3197 aer,
685 3149 861 3200 reare,
910 3145 1076 3200 terra,
1111 3135 1386 3199 homines,
1427 3135 1677 3198 lulmina,
1721 3135 1864 3206 ignei

2042 2402 2116 2460 E'.
2163 2405 2428 2467 Τοιαύτας
2455 2404 2562 2476 γὰρ
2591 2406 2738 2459 ἔνδον
2784 2405 2890 2459 τῶν
2918 2407 3204 2478 βασιλείων
3233 2406 3402 2461 αὑτοῦ
3455 2409 3561 2470 τὰς

1971 2499 2183 2568 δεήσεις
2219 2501 2286 2569 τῇ
2316 2498 2566 2568 Θεοτόκῳ
2612 2498 3038 2566 προσφέροντος,
3088 2498 3116 2551 δ
3169 2500 3287 2562 νέος
3337 2499 3553 2564 ἔξωθεν
3655 2534 3664 2542 -

1931 2599 1936 2604 '
1969 2589 2224 2660 βασιλεὺς
2268 2591 2612 2660 συγκαλέσας
2647 2591 2854 2654 πάντας
2882 2593 3007 2655 τοὺς
3033 2594 3158 2662 περὶ
3185 2592 3352 2646 αὐτὸν
3385 2611 3565 2664 στρα-

1967 2683 2168 2750 τηγοὺς
2199 2683 2292 2736 καὶ
2307 2681 2636 2752 ταξιάρχους
2665 2683 3066 2753 παρεκελεύετο
3099 2683 3245 2752 μάλα
3279 2684 3563 2756 σφοδρῶς,

1975 2778 2112 2846 μήτε
2144 2779 2303 2847 χεῖρα
2354 2775 2704 2846 φονεύτριαν,
2761 2779 2896 2846 μήτε
2930 2777 3187 2844 γλῶσσαν
3227 2777 3562 2847 ὑδρίστριαν

1969 2873 2290 2939 ἐπενεγκεῖν
2321 2871 2460 2942 μήτε
2501 2872 2578 2940 τῷ
2609 2872 2820 2942 πάππῳ
2852 2875 2946 2926 καὶ
2977 2871 3208 2941 βασιλεῖ,
3253 2875 3392 2941 μήτε
3442 2891 3562 2942 μη-

1966 2961 2078 3016 δενὶ
2107 2960 2218 3012 τῶν
2247 2961 2504 3014 ἁπάντων
2536 2960 2730 3030 ἑτέρῳ.
2767 2977 2786 3010 ι
2831 2960 2904 3012 Οὐ
2937 2959 3046 3030 γὰρ
3075 2961 3260 3030 ἡμεῖς,
3295 2979 3314 3012 ι
3357 2963 3560 3030 φησὶν,

1973 3071 1991 3103 ι
2027 3052 2144 3104 ἀλλ’
2173 3053 2204 3104 ὀ
2234 3051 2367 3114 Θεὸς
2397 3053 2529 3122 ἡμῖν
2559 3051 2630 3104 τὰ
2668 3051 2892 3104 τοιαῦτα
2939 3052 3254 3121 παρέσχετο
3279 3051 3558 3120 τρόπαια.

1972 3150 2082 3204 Καὶ
2133 3149 2268 3202 Θεοῦ
2302 3148 2402 3216 μὲν
2440 3148 2694 3219 βούλησις
2741 3149 2916 3202 πάντα
2955 3151 3128 3201 κινεῖο
3182 3149 3459 3218 ὑπηρετεῖ
3503 3149 3563 3202 δὲ

297 3223 562 3292 turbines,
597 3225 937 3294 pestilentiae,
964 3234 1124 3280 terra:
1153 3236 1368 3293 motus,
1401 3227 1641 3310 imbres_,
1669 3197 1868 3283 sterili.-

1977 3241 2170 3305 πάντα,
2200 3197 2467 3307 ἁστῐριςῑ
2505 3197 2640 3310 ἀὴρ,
2671 3197 2958 3301 ’θάλασσι
2993 3239 3084 3308 γῆ.
3127 3197 3437 3308 ἄνθριέιῗποι,
3469 3255 3567 3292 κε·-

295 3325 453 3384 tates,
475 3325 526 3372 et
551 3317 654 3372 alia
679 3319 1009 3383 consimilia,
1043 3319 1244 3388 partim
1276 3320 1344 3375 ad
1385 3305 1724 3383 felicitatem,
1752 3335 1872 3389 par-

297 3409 392 3462 tim
426 3407 490 3462 ad
522 3391 900 3462 infelicitatem
934 3423 1000 3463 ac
1029 3409 1214 3478 potius
1239 3408 1676 3478 castigationem.
1703 3405 1872 3461 Nobis

295 3500 462 3569 igitur
511 3499 786 3554 hodiernae
819 3500 1191 3570 castigationis
1227 3501 1494 3556 ministris
1533 3511 1588 3555 et
1638 3513 1870 3553 exsecu-

295 3589 506 3644 toribus
537 3589 794 3645 victorias
822 3598 878 3644 et
917 3599 1116 3661 tropaea
1151 3591 1407 3659 largitur.
1458 3589 1729 3644 Fortassis
1771 3602 1871 3641 au-

295 3689 404 3736 tem
435 3697 556 3738 cras
593 3683 714 3738 aliis
747 3691 938 3738 contra
969 3698 1070 3738 nos
1102 3691 1288 3740 utetur
1316 3700 1330 3736 :
1370 3691 1426 3736 et
1455 3682 1648 3750 quales
1685 3693 1788 3733 nos
1817 3679 1869 3732 in

292 3786 390 3826 eos
423 3772 710 3838 luerimus,
742 3774 835 3843 qui
877 3773 1181 3850 humanus-
1215 3773 1378 3832 nobis
1413 3771 1716 3842 castigandi
1758 3781 1870 3826 tra-

293 3863 522 3929 duntur,
553 3863 688 3918 tales
712 3865 900 3934 utique
927 3865 1100 3930 etilli,
1127 3865 1328 3936 quibus
1357 3863 1658 3929 trademur,
1690 3865 1742 3918 in
1770 3879 1870 3920 nos

293 3955 467 4009 futuri
505 3965 652 4009 sunt.
705 3953 886 4021 Quare
931 3956 976 4012 si
1029 3972 1129 4011 nos
1167 3971 1348 4025 neque
1389 3953 1642 4024 cognatio
1690 3969 1870 4023 neque

293 4047 536 4116 ejusdem
561 4047 742 4116 gentis
769 4047 1120 4103 necessitudo
1145 4046 1212 4101 ad
1243 4045 1589 4100 clementiam
1622 4053 1677 4099 et
1706 4046 1870 4102 mise-

295 4135 588 4190 ricordiam
621 4136 867 4204 adducit,
901 4139 1073 4192 nostri
1103 4141 1348 4208 ipsorum
1383 4137 1578 4191 saltem
1619 4147 1865 4207 respectu

297 4230 637 4284 humanitate
667 4229 742 4284 uti
779 4247 927 4286 nunc
962 4231 1140 4286 satius
1171 4239 1274 4295 est,
1321 4244 1388 4285 ne
1427 4228 1529 4300 ipsi
1566 4229 1867 4302 graviorem

295 4321 393 4377 Dei
425 4322 852 4395 indignationem
878 4323 1249 4395 experiamur.
1290 4342 1309 4375 ι

369 4604 460 4661 Vl.
514 4605 729 4661 Interea
765 4605 989 4676 quidam
1039 4620 1070 4659 e
1116 4605 1316 4676 palatio
1365 4621 1619 4676 egressus
1662 4604 1870 4677 juniori

297 4697 616 4767 imperatori
656 4709 866 4766 Portam
903 4701 1156 4768 aperitet
1206 4701 1274 4753 ab
1311 4715 1413 4753 avo
1440 4699 1586 4754 hunc
1610 4702 1866 4754 nuntium

293 4787 451 4842 aﬂ‘ert
491 4806 504 4842 :
548 4806 568 4840 ι
616 4787 886 4854 Quoniam
931 4789 1096 4844 hodie
1141 4790 1305 4852 Deus,
1337 4789 1410 4842 mi
1445 4788 1555 4850 ﬁli.
1589 4798 1870 4858 sceptrum

293 4879 710 4950 in‘peratorium
747 4882 880 4936 mihi
933 4881 1249 4950 ademptum
1283 4881 1382 4936 tibi
1419 4881 1661 4943 donavit.
1704 4897 1871 4936 unum

297 4971 402 5027 hoc
439 4971 760 5026 beneﬁcium
804 4988 834 5025 a
879 4981 932 5026 te
966 4981 1090 5040 peto
1121 4983 1221 5040 pro
1264 4968 1452 5024 multis
1487 4985 1610 5039 quae
1631 4969 1714 5024 ‘ab
1754 4971 1875 5042 ipso

292 5075 418 5117 ortu
437 5071 530 5118 tuo
555 5063 608 5116 in
639 5071 692 5116 te
719 5062 926 5118 contuli
959 5061 1175 5132 (omitto
1205 5061 1352 5115 enim
1381 5059 1487 5116 hoc
1509 5076 1690 5114 rerum
1717 5077 1869 5117 mea-

1976 3333 2184 3403 ραυνοὶ,
2223 3333 2562 3402 πρηστῆρες,
2598 3329 2798 3400 λοιμοὶ,
2825 3332 3060 3400 σεισμοὶ,
3100 3331 3248 3384 ὑετοὶ
3275 3333 3563 3404 ῥαγδαῖοι,

1973 3423 2202 3494 καρπῶν
2234 3423 2480 3493 ἀφορίαι,
2522 3422 2619 3477 καὶ
2650 3422 2750 3475 ὅσα
2799 3423 3012 3486 τούτοις
3039 3423 3306 3490 ἑπόμενα,
3347 3424 3418 3474 τὰ
3459 3423 3567 3492 μὲν

1973 3515 2107 3585 πρὸς
2136 3515 2502 3585 εὐδαιμονίαν,
2520 3514 2588 3566 τὰ
2614 3513 2670 3566 δὲ
2699 3513 2834 3582 πρὸς
2867 3512 3316 3582 κακοδαιμονίαν,
3346 3512 3380 3582 ῆ
3412 3513 3568 3582 μᾶλα

1973 3607 2063 3660 λον
2096 3605 2230 3675 πρὸς
2286 3604 2570 3658 παίδευσιν
2628 3605 2721 3658 καὶ
2761 3606 3164 3674 σωφρονισμόν.
3207 3605 3567 3674 ’Υπηρέταις

1971 3697 2036 3766 δὴ
2064 3692 2157 3750 οὖν
2189 3698 2318 3765 ἡμῖν
2353 3697 2446 3748 καὶ
2479 3694 2771 3758 κολασταῖς
2807 3687 2906 3762 τῆς
2949 3695 3236 3766 παρούσης
3263 3693 3567 3762 χρώμενος

1977 3787 2314 3850 παιδεύσεως
2345 3787 2530 3844 δίδωςι
2563 3787 2717 3850 νίκας
2741 3788 2834 3840 καὶ
2858 3785 3098 3855 τρόπαια
3122 3787 3246 3850 ταῖς
3271 3784 3438 3856 ἡμῶν
3475 3787 3569 3839 δε⁶

1975 3878 2132 3944 ξισῖς.
2171 3879 2448 3948 Χρὴσεται
2481 3877 2526 3931 δ’
2581 3877 2710 3940 ἴσως
2740 3876 2920 3939 ἄλλοις
2961 3876 3150 3946 αύριον
3185 3877 3306 3929 καθ’
3353 3877 3528 3946 ἡμῶν
3552 3893 3592 3906 ··

1973 3965 2067 4020 καὶ
2095 3967 2270 4018 ὁποῖοι
2305 3955 2401 4018 καῖ
2426 3965 2590 4034 ἡμεῖς
2623 3963 2858 4033 ἐσόμεθα
2890 3965 3002 4025 τοῖς
3030 3965 3086 4024 ἐς
3124 3964 3222 4025 τὰς
3248 3964 3414 4032 ἡμῶν
3445 3965 3570 4032 χεῖο

1976 4077 2072 4132 ρας
2127 4055 2510 4130 παραδοθεῖσιν
2570 4057 2652 4118 είς
2711 4055 3017 4119 παίδευσιν,
3055 4054 3288 4108 τοιοῦτοι
3330 4056 3570 4119 πάντως

1971 4153 2185 4205 ἔσονται
2219 4152 2312 4203 καὶ
2333 4150 2492 4218 ἡμῖν,
2521 4142 2602 4210 οἷς
2627 4149 2786 4216 ἡμεῖς
2836 4144 3352 4216 παραδοθησόμεθα.
3385 4147 3567 4202 Ὥστε

1972 4247 2020 4298 εί
2057 4245 2132 4314 μὴ
2159 4243 2226 4296 δι’
2268 4242 2416 4295 ἔλεον
2448 4241 2542 4294 καὶ
2569 4236 2750 4294 οἶκτον
2791 4240 3130 4307 συγγενικῶν
3167 4255 3227 4290 τε
3277 4240 3372 4291 καὶ
3424 4243 3572 4308 ὁμο.

1976 4336 2158 4406 φύλων
2182 4335 2453 4405 αἱμάτων,
2493 4331 2580 4386 διὰ
2605 4331 2736 4400 γοῦν
2779 4331 3031 4402 πρόνοιαν
3059 4329 3216 4400 ἡμῶν
3245 4329 3434 4382 αὐτῶν
3468 4348 3566 4399 φι-

1976 4422 2298 4494 λανθρωπίᾳ
2327 4421 2446 4474 νυνὶ
2478 4417 2785 4490 χρήσασθαι
2847 4415 3079 4486 βέλτιον,
3121 4416 3196 4488 μὴ
3235 4415 3569 4487 βαρυτέρας

1887 4525 1940 4585 ι)
1975 4514 2131 4568 αὐτοὶ
2169 4510 2525 4583 πειραθῶμεν
2557 4507 2886 4579 θεομηνίας.
2924 4527 2942 4559 ι

2045 4603 2136 4673 ς’.
2179 4605 2269 4658 Ἐν
2329 4601 2536 4665 τούτοις
2601 4600 2772 4654 ἐλθών
2827 4617 2915 4664 τις
2967 4601 3032 4652 ἐκ
3087 4600 3195 4656 τῶν
3256 4600 3568 4672 βασιλείων

1973 4697 2178 4768 ἀνέῳξε
2209 4711 2268 4748 τε
2301 4693 2397 4758 τὰς
2425 4693 2596 4754 πύλας
2644 4692 2722 4764 τῷ
2753 4690 2856 4760 νέῳ
2884 4692 3119 4762 βασιλεῖ,
3161 4693 3256 4746 καὶ
3283 4694 3568 4762 ἀγγελίας

1975 4787 2124 4858 σύτῷ
2151 4785 2351 4849 ταύτας
2403 4783 2616 4851 κομίζει
2642 4783 2793 4856 παρὰ
2844 4783 2937 4836 τοῦ
2978 4785 3238 4838 πάππου·
3274 4801 3295 4836 ι
3325 4785 3568 4858 Ἐπειδὴ

1975 4883 2216 4950 τήμερον
2255 4879 2282 4930 δ
2311 4875 2444 4946 Θεὸς
2469 4874 2696 4944 ἀφελὼν
2726 4875 2858 4944 ἐμοῦ
2887 4875 2948 4928 τὸ
2975 4875 3266 4946 βασίλειον,
3300 4876 3386 4929 υίέ
3425 4895 3566 4946 μου,

1982 4969 2258 5040 σκῆπτρόν
2293 4983 2375 5020 σοι
2420 4965 2562 5020 τοῦτ’
2610 4966 2906 5036 ἐχαρίσατο
2933 5004 2948 5028 ,
3011 4965 3140 5034 μίαν
3173 4965 3382 5037 ταύτην
3418 4967 3568 5022 αίτὼ

1972 5064 2122 5134 παρὰ
2157 5059 2250 5114 σοῦ
2275 5059 2436 5130 χάριν
2469 5057 2590 5110 ἀντὶ
2643 5057 2874 5122 πολλῶν,
2924 5051 2998 5110 ὧν
3029 5059 3087 5124 ἐξ
3114 5057 3284 5128 αὐτῆς
3344 5075 3433 5110 σοι
3467 5075 3571 5127 γει

293 5169 416 5207 rutu
446 5163 617 5219 statu,
648 5167 734 5208 me
763 5153 858 5207 tibi
885 5153 1059 5222 ipsius
1080 5149 1382 5206 nativitatis
1395 5159 1453 5206 et
1475 5153 1868 5218 progressionis

1977 5157 2166 5218 νὲσεως
2192 5151 2468 5206 ὲδεδὼκειν
2491 5149 2654 5214 αὑτός
2683 5150 2778 5221 (ἐῶ
2808 5153 2919 5220 γὰρ
2947 5149 3128 5218 λέγειν
3163 5153 3221 5204 ὲν
3251 5152 3371 5212 ταῖς
3411 5169 3570 5221 παρ-

295 5244 356 5298 in
388 5247 580 5311 vitam,
613 5253 735 5314 post
773 5243 964 5308 Deum,
997 5249 1278 5296 auctorem
1312 5241 1526 5310 fuisse),
1563 5241 1703 5296 dona
1734 5243 1867 5297 mihi

1977 5250 2153 5315 ορσαις
2206 5243 2396 5314 τύχαις
2425 5241 2523 5305 ὢν,
2584 5243 2666 5294 ὅτι
2699 5241 2790 5294 καὶ
2825 5242 2922 5310 τῆς
2964 5242 3228 5309 γενέσεως
3258 5243 3435 5312 αὐτῆς
3461 5249 3568 5296 καὶ

297 5337 460 5390 vitam
512 5351 721 5402 meum;
765 5349 928 5404 parce
970 5342 1198 5403 paterno
1239 5331 1448 5402 capiti;
1491 5348 1592 5386 nec
1631 5334 1868 5390 violento

1977 5334 2066 5402 τῆς
2087 5333 2146 5394 ἐς
2182 5329 2295 5400 βίον
2330 5329 2556 5400 προόδου
2579 5331 2717 5398 μετά
2742 5345 2804 5397 γε
2831 5329 2963 5382 Θεὸν
2979 5333 3140 5393 αὐτὸς
3162 5348 3243 5384 σοι
3277 5333 3570 5403 κατέστην

292 5429 438 5482 [ου-υ
467 5442 590 5482 cum
627 5426 942 5496 sanguinem
975 5425 1156 5488 hauri:
1196 5441 1228 5481 a
1273 5439 1382 5495 quo
1411 5433 1468 5478 tu
1506 5425 1629 5480 vita:
1662 5425 1868 5480 fontem

1977 5427 2158 5494 αἴτιος)
2177 5437 2190 5450 ⁸
2216 5421 2300 5496 [Ρ.
2320 5421 2449 5494 260]
2475 5422 2698 5494 χάρισαί
2727 5440 2817 5492 μοι
2836 5423 2934 5494 τὴν
2957 5424 3196 5493 ἐμαυτοῦ
3216 5425 3363 5495 ζωήν
3383 5443 3397 5457 ο
3437 5431 3570 5494 φεῖ-

1648 5537 1991 5599 Variorum
2028 5547 2216 5598 noue.

367 5639 478 5710 (87)
535 5639 667 5704 Quae
725 5639 944 5710 tumin
1009 5641 1208 5710 palatio
1269 5638 1672 5696 asservabatur.
1735 5638 1868 5694 Vide
1977 5637 2233 5694 adorasse
2269 5638 2560 5710 imaginem
2597 5637 2764 5710 dicat,
2817 5653 2884 5692 an
2921 5638 3142 5710 pulvere
3177 5639 3569 5710 conspersisse

295 5707 810 5781 Constantinopolim
851 5707 1045 5766 Christ.
1101 5713 1196 5766 lib.
1235 5729 1310 5773 tv.
1352 5726 1478 5781 pag.
1512 5711 1602 5764 9i.
1637 5711 1868 5766 llucauo.
1980 5719 2143 5777 caput
2199 5727 2212 5762 :
2253 5725 2320 5762 an
2355 5707 2799 5781 imam_i_magiuis
2839 5707 3047 5779 partem
3081 5707 3238 5767 humi
3276 5709 3570 5781 jaceutcm

371 5780 484 5852 (88)
530 5777 660 5837 Non
693 5781 825 5835 satis
869 5781 1006 5850 scin,
1049 5799 1116 5838 an
1163 5797 1288 5839 eum
1342 5777 1494 5838 humi
1537 5789 1870 5852 prostratum
1979 5793 2100 5834 esse
2129 5781 2462 5850 amplexum.
2499 5777 2776 5850 \Vomt‘s.
