  <div class='ocr_page' id='page_1' title='image "/cluster/home/n/w/nwhite01/storage/ocr_20150623/148/hvd.32044019208362/316.png"; bbox 0 0 4088 6642; ppageno 0'>
   <div class='ocr_carea' id='block_1_1' title="bbox 366 428 473 492">
    <p class='ocr_par' dir='ltr' id='par_1_1' title="bbox 366 428 473 492">
     <span class='ocr_line' id='line_1_1' title="bbox 366 428 473 492; baseline -0.009 -1"><span class='ocrx_word' id='word_1_1' title='bbox 366 428 473 492; x_wconf 75' lang='grc'><strong>613</strong></span> 
     </span>
    </p>
   </div>
   <div class='ocr_carea' id='block_1_2' title="bbox 619 418 1935 505">
    <p class='ocr_par' dir='ltr' id='par_1_2' title="bbox 619 418 1935 505">
     <span class='ocr_line' id='line_1_2' title="bbox 619 418 1935 505; baseline 0.001 -31"><span class='ocrx_word' id='word_1_2' title='bbox 619 421 698 492; x_wconf 74' lang='grc' dir='ltr'><strong>[Α.</strong></span> <span class='ocrx_word' id='word_1_3' title='bbox 738 434 789 474; x_wconf 83' lang='lat' dir='ltr'><strong>c.</strong></span> <span class='ocrx_word' id='word_1_4' title='bbox 835 419 971 505; x_wconf 69' lang='lat'><strong>1282</strong></span> <span class='ocrx_word' id='word_1_5' title='bbox 1006 435 1068 475; x_wconf 69' lang='grc' dir='ltr'><strong>ΑΙ)</strong></span> <span class='ocrx_word' id='word_1_6' title='bbox 1116 418 1297 492; x_wconf 66' lang='grc'><strong>1528]</strong></span> <span class='ocrx_word' id='word_1_7' title='bbox 1384 425 1829 487; x_wconf 68' lang='grc' dir='ltr'><strong>ΒῨΖΑΝΤῙΝᾸΞ</strong></span> <span class='ocrx_word' id='word_1_8' title='bbox 1860 425 1935 486; x_wconf 85' lang='grc' dir='ltr'><strong>Η]</strong></span> 
     </span>
    </p>
   </div>
   <div class='ocr_carea' id='block_1_3' title="bbox 2034 418 2543 505">
    <p class='ocr_par' dir='ltr' id='par_1_3' title="bbox 2034 422 2543 482">
     <span class='ocr_line' id='line_1_3' title="bbox 2034 422 2543 482; baseline 0 0"><span class='ocrx_word' id='word_1_9' title='bbox 2034 422 2243 482; x_wconf 63' lang='grc' dir='ltr'><strong>ὉΒΙιἨ</strong></span> <span class='ocrx_word' id='word_1_10' title='bbox 2269 423 2412 482; x_wconf 88' lang='lat' dir='ltr'><strong>LIB.</strong></span> <span class='ocrx_word' id='word_1_11' title='bbox 2440 423 2543 482; x_wconf 84' lang='lat' dir='ltr'><strong>IX.</strong></span> 
     </span>
    </p>
   </div>
   <div class='ocr_carea' id='block_1_4' title="bbox 2653 415 3319 490">
    <p class='ocr_par' dir='ltr' id='par_1_4' title="bbox 2653 415 3319 490">
     <span class='ocr_line' id='line_1_4' title="bbox 2653 415 3319 490; baseline 0.008 -22"><span class='ocrx_word' id='word_1_12' title='bbox 2653 415 2786 489; x_wconf 70' lang='grc' dir='ltr'><strong>[ηερ.</strong></span> <span class='ocrx_word' id='word_1_13' title='bbox 2829 430 3112 472; x_wconf 67' lang='grc' dir='ltr'><strong>Αιωιιοιιιο.</strong></span> <span class='ocrx_word' id='word_1_14' title='bbox 3172 415 3319 490; x_wconf 60' lang='lat' dir='ltr'><strong>seru]</strong></span> 
     </span>
    </p>
   </div>
   <div class='ocr_carea' id='block_1_5' title="bbox 3494 421 3600 486">
    <p class='ocr_par' dir='ltr' id='par_1_5' title="bbox 3494 421 3600 486">
     <span class='ocr_line' id='line_1_5' title="bbox 3494 421 3600 486; baseline 0 -12"><span class='ocrx_word' id='word_1_15' title='bbox 3494 421 3600 486; x_wconf 60' lang='lat'><strong>6,5</strong></span> 
     </span>
    </p>
   </div>
   <div class='ocr_carea' id='block_1_6' title="bbox 367 541 1935 621">
    <p class='ocr_par' dir='ltr' id='par_1_6' title="bbox 367 544 1935 621">
     <span class='ocr_line' id='line_1_6' title="bbox 367 544 1935 621; baseline 0.001 -24"><span class='ocrx_word' id='word_1_16' title='bbox 367 561 457 598; x_wconf 90' lang='grc' dir='ltr'><strong>σαι</strong></span> <span class='ocrx_word' id='word_1_17' title='bbox 492 545 764 614; x_wconf 79' lang='grc' dir='ltr'><strong>πατρικῆς</strong></span> <span class='ocrx_word' id='word_1_18' title='bbox 802 544 1044 615; x_wconf 77' lang='grc' dir='ltr'><strong>κεφαλῆς</strong></span> <span class='ocrx_word' id='word_1_19' title='bbox 1068 560 1083 578; x_wconf 78' lang='grc' dir='ltr'><strong>ο</strong></span> <span class='ocrx_word' id='word_1_20' title='bbox 1113 544 1188 615; x_wconf 82' lang='grc' dir='ltr'><strong>μὴ</strong></span> <span class='ocrx_word' id='word_1_21' title='bbox 1214 545 1388 614; x_wconf 76' lang='grc' dir='ltr'><strong>βίαιον</strong></span> <span class='ocrx_word' id='word_1_22' title='bbox 1422 547 1726 621; x_wconf 71' lang='grc' dir='ltr'><strong>ἐπενέγκῃς</strong></span> <span class='ocrx_word' id='word_1_23' title='bbox 1747 546 1935 614; x_wconf 81' lang='grc' dir='ltr'><strong>αἵματι</strong></span> 
     </span>
    </p>
   </div>
   <div class='ocr_carea' id='block_1_7' title="bbox 2034 541 3600 621">
    <p class='ocr_par' dir='ltr' id='par_1_7' title="bbox 2041 541 3600 612">
     <span class='ocr_line' id='line_1_7' title="bbox 2041 541 3600 612; baseline 0.003 -14"><span class='ocrx_word' id='word_1_24' title='bbox 2041 544 2323 612; x_wconf 87' lang='lat' dir='ltr'><strong>accepisti.</strong></span> <span class='ocrx_word' id='word_1_25' title='bbox 2347 542 2518 596; x_wconf 82' lang='lat' dir='ltr'><strong>Homo</strong></span> <span class='ocrx_word' id='word_1_26' title='bbox 2545 541 2766 610; x_wconf 83' lang='lat' dir='ltr'><strong>quidem</strong></span> <span class='ocrx_word' id='word_1_27' title='bbox 2796 541 2994 596; x_wconf 66' lang='lat' dir='ltr'><strong>coelum</strong></span> <span class='ocrx_word' id='word_1_28' title='bbox 3013 551 3067 595; x_wconf 91' lang='lat' dir='ltr'><strong>et</strong></span> <span class='ocrx_word' id='word_1_29' title='bbox 3093 551 3294 596; x_wconf 89' lang='lat' dir='ltr'><strong>terram</strong></span> <span class='ocrx_word' id='word_1_30' title='bbox 3320 542 3600 602; x_wconf 73' lang='lat' dir='ltr'><strong>intuetur:</strong></span> 
     </span>
    </p>
   </div>
   <div class='ocr_carea' id='block_1_8' title="bbox 363 630 1933 706">
    <p class='ocr_par' dir='ltr' id='par_1_8' title="bbox 363 630 1933 706">
     <span class='ocr_line' id='line_1_8' title="bbox 363 630 1933 706; baseline 0.001 -19"><span class='ocrx_word' id='word_1_31' title='bbox 363 634 603 702; x_wconf 81' lang='grc' dir='ltr'><strong>σίδηρον,</strong></span> <span class='ocrx_word' id='word_1_32' title='bbox 646 636 739 702; x_wconf 83' lang='grc' dir='ltr'><strong>ἀφ’</strong></span> <span class='ocrx_word' id='word_1_33' title='bbox 768 630 829 687; x_wconf 74' lang='grc' dir='ltr'>οὗ</span> <span class='ocrx_word' id='word_1_34' title='bbox 863 636 926 689; x_wconf 79' lang='grc' dir='ltr'><strong>σὺ</strong></span> <span class='ocrx_word' id='word_1_35' title='bbox 963 635 1060 698; x_wconf 84' lang='grc' dir='ltr'><strong>τὰς</strong></span> <span class='ocrx_word' id='word_1_36' title='bbox 1094 635 1276 704; x_wconf 82' lang='grc' dir='ltr'><strong>πηγὰς</strong></span> <span class='ocrx_word' id='word_1_37' title='bbox 1305 634 1470 700; x_wconf 71' lang='grc' dir='ltr'><strong>ἐδέξω</strong></span> <span class='ocrx_word' id='word_1_38' title='bbox 1513 636 1607 689; x_wconf 82' lang='grc' dir='ltr'><strong>τοῦ</strong></span> <span class='ocrx_word' id='word_1_39' title='bbox 1642 636 1765 706; x_wconf 77' lang='grc' dir='ltr'>ζῇν.</span> <span class='ocrx_word' id='word_1_40' title='bbox 1804 638 1933 692; x_wconf 81' lang='grc' dir='ltr'><strong>Ἀν-</strong></span> 
     </span>
    </p>
   </div>
   <div class='ocr_carea' id='block_1_9' title="bbox 363 724 1935 799">
    <p class='ocr_par' dir='ltr' id='par_1_9' title="bbox 363 724 1935 799">
     <span class='ocr_line' id='line_1_9' title="bbox 363 724 1935 799; baseline 0.003 -22"><span class='ocrx_word' id='word_1_41' title='bbox 363 724 580 795; x_wconf 79' lang='grc' dir='ltr'><strong>θρωπος</strong></span> <span class='ocrx_word' id='word_1_42' title='bbox 614 726 715 794; x_wconf 85' lang='grc' dir='ltr'><strong>μὲν</strong></span> <span class='ocrx_word' id='word_1_43' title='bbox 743 727 982 795; x_wconf 76' lang='grc' dir='ltr'><strong>ἐπόπτης</strong></span> <span class='ocrx_word' id='word_1_44' title='bbox 1011 728 1159 780; x_wconf 82' lang='grc' dir='ltr'><strong>ἐστὶν</strong></span> <span class='ocrx_word' id='word_1_45' title='bbox 1185 728 1417 799; x_wconf 80' lang='grc' dir='ltr'><strong>ούρανοῦ</strong></span> <span class='ocrx_word' id='word_1_46' title='bbox 1447 745 1505 781; x_wconf 88' lang='grc' dir='ltr'><strong>τε</strong></span> <span class='ocrx_word' id='word_1_47' title='bbox 1535 735 1628 781; x_wconf 79' lang='grc' dir='ltr'><strong>καὶ</strong></span> <span class='ocrx_word' id='word_1_48' title='bbox 1660 731 1762 799; x_wconf 74' lang='grc' dir='ltr'><strong>γῆς</strong></span> <span class='ocrx_word' id='word_1_49' title='bbox 1781 746 1798 760; x_wconf 69' lang='grc' dir='ltr'><strong>ι</strong></span> <span class='ocrx_word' id='word_1_50' title='bbox 1827 731 1935 782; x_wconf 84' lang='grc' dir='ltr'><strong>τῶν</strong></span> 
     </span>
    </p>
   </div>
   <div class='ocr_carea' id='block_1_10' title="bbox 360 809 1932 890">
    <p class='ocr_par' dir='ltr' id='par_1_10' title="bbox 360 809 1932 890">
     <span class='ocr_line' id='line_1_10' title="bbox 360 809 1932 890; baseline 0.003 -21"><span class='ocrx_word' id='word_1_51' title='bbox 360 814 406 869; x_wconf 85' lang='grc' dir='ltr'><strong>δ’</strong></span> <span class='ocrx_word' id='word_1_52' title='bbox 430 815 792 887; x_wconf 48' lang='grc' dir='ltr'><strong>ἀνθρωπίνων</strong></span> <span class='ocrx_word' id='word_1_53' title='bbox 819 817 1069 886; x_wconf 71' lang='grc' dir='ltr'><strong>πράξεων</strong></span> <span class='ocrx_word' id='word_1_54' title='bbox 1099 820 1331 872; x_wconf 79' lang='grc' dir='ltr'><strong>ὲπόπται</strong></span> <span class='ocrx_word' id='word_1_55' title='bbox 1366 809 1438 888; x_wconf 83' lang='grc' dir='ltr'>γῆ</span> <span class='ocrx_word' id='word_1_56' title='bbox 1472 836 1530 872; x_wconf 89' lang='grc' dir='ltr'><strong>τε</strong></span> <span class='ocrx_word' id='word_1_57' title='bbox 1560 818 1654 873; x_wconf 80' lang='grc' dir='ltr'><strong>καὶ</strong></span> <span class='ocrx_word' id='word_1_58' title='bbox 1682 822 1932 890; x_wconf 85' lang='grc' dir='ltr'><strong>οὐρανός.</strong></span> 
     </span>
    </p>
   </div>
   <div class='ocr_carea' id='block_1_11' title="bbox 364 904 1935 980">
    <p class='ocr_par' dir='ltr' id='par_1_11' title="bbox 364 904 1935 980">
     <span class='ocr_line' id='line_1_11' title="bbox 364 904 1935 980; baseline 0.001 -17"><span class='ocrx_word' id='word_1_59' title='bbox 364 909 454 979; x_wconf 77' lang='grc' dir='ltr'><strong>Μὴ</strong></span> <span class='ocrx_word' id='word_1_60' title='bbox 477 908 543 979; x_wconf 78' lang='grc' dir='ltr'><strong>δὴ</strong></span> <span class='ocrx_word' id='word_1_61' title='bbox 568 905 662 963; x_wconf 78' lang='grc' dir='ltr'><strong>οὖν</strong></span> <span class='ocrx_word' id='word_1_62' title='bbox 690 909 951 980; x_wconf 80' lang='grc' dir='ltr'><strong>ἐθελήσῃς</strong></span> <span class='ocrx_word' id='word_1_63' title='bbox 974 908 1245 978; x_wconf 77' lang='grc' dir='ltr'>ἀθεμίτων</span> <span class='ocrx_word' id='word_1_64' title='bbox 1267 904 1445 979; x_wconf 76' lang='grc' dir='ltr'>ἔργων</span> <span class='ocrx_word' id='word_1_65' title='bbox 1468 911 1561 965; x_wconf 75' lang='grc' dir='ltr'><strong>καὶ</strong></span> <span class='ocrx_word' id='word_1_66' title='bbox 1575 912 1731 979; x_wconf 54' lang='grc' dir='ltr'><strong>,οἴων</strong></span> <span class='ocrx_word' id='word_1_67' title='bbox 1760 913 1935 976; x_wconf 77' lang='grc' dir='ltr'><strong>οὐδείς</strong></span> 
     </span>
    </p>
   </div>
   <div class='ocr_carea' id='block_1_12' title="bbox 366 1000 1934 1075">
    <p class='ocr_par' dir='ltr' id='par_1_12' title="bbox 366 1000 1934 1075">
     <span class='ocr_line' id='line_1_12' title="bbox 366 1000 1934 1075; baseline 0.005 -24"><span class='ocrx_word' id='word_1_68' title='bbox 366 1018 452 1053; x_wconf 88' lang='grc' dir='ltr'>πω</span> <span class='ocrx_word' id='word_1_69' title='bbox 500 1001 841 1073; x_wconf 78' lang='grc' dir='ltr'><strong>τετόλμηκεν</strong></span> <span class='ocrx_word' id='word_1_70' title='bbox 880 1002 937 1066; x_wconf 79' lang='grc' dir='ltr'><strong>ἐξ</strong></span> <span class='ocrx_word' id='word_1_71' title='bbox 988 1000 1183 1065; x_wconf 87' lang='grc' dir='ltr'><strong>αίῶνος</strong></span> <span class='ocrx_word' id='word_1_72' title='bbox 1230 1003 1472 1066; x_wconf 76' lang='grc' dir='ltr'><strong>ἐπόπτας</strong></span> <span class='ocrx_word' id='word_1_73' title='bbox 1516 1004 1700 1058; x_wconf 79' lang='grc' dir='ltr'><strong>λαϐεῖν</strong></span> <span class='ocrx_word' id='word_1_74' title='bbox 1741 1006 1845 1075; x_wconf 81' lang='grc' dir='ltr'><strong>γῆν</strong></span> <span class='ocrx_word' id='word_1_75' title='bbox 1875 1023 1934 1059; x_wconf 85' lang='grc' dir='ltr'><strong>τε</strong></span> 
     </span>
    </p>
   </div>
   <div class='ocr_carea' id='block_1_13' title="bbox 364 1090 1934 1164">
    <p class='ocr_par' dir='ltr' id='par_1_13' title="bbox 364 1090 1934 1164">
     <span class='ocr_line' id='line_1_13' title="bbox 364 1090 1934 1164; baseline 0.006 -22"><span class='ocrx_word' id='word_1_76' title='bbox 364 1092 461 1143; x_wconf 69' lang='grc' dir='ltr'><strong>καὶ</strong></span> <span class='ocrx_word' id='word_1_77' title='bbox 502 1093 750 1161; x_wconf 79' lang='grc' dir='ltr'><strong>οὐρανόν.</strong></span> <span class='ocrx_word' id='word_1_78' title='bbox 789 1093 849 1145; x_wconf 81' lang='lat' dir='ltr'><strong>El</strong></span> <span class='ocrx_word' id='word_1_79' title='bbox 886 1092 929 1145; x_wconf 82' lang='grc' dir='ltr'><strong>δ’</strong></span> <span class='ocrx_word' id='word_1_80' title='bbox 962 1092 1250 1162; x_wconf 76' lang='grc' dir='ltr'><strong>ἀδελφικὸν</strong></span> <span class='ocrx_word' id='word_1_81' title='bbox 1294 1090 1433 1164; x_wconf 73' lang='grc' dir='ltr'><strong>αἷμα</strong></span> <span class='ocrx_word' id='word_1_82' title='bbox 1465 1097 1605 1149; x_wconf 79' lang='grc' dir='ltr'><strong>κατὰ</strong></span> <span class='ocrx_word' id='word_1_83' title='bbox 1658 1096 1754 1150; x_wconf 79' lang='grc' dir='ltr'><strong>τοῦ</strong></span> <span class='ocrx_word' id='word_1_84' title='bbox 1797 1098 1934 1153; x_wconf 79' lang='grc' dir='ltr'><strong>Κάῖν</strong></span> 
     </span>
    </p>
   </div>
   <div class='ocr_carea' id='block_1_14' title="bbox 365 1181 1935 1258">
    <p class='ocr_par' dir='ltr' id='par_1_14' title="bbox 365 1181 1935 1258">
     <span class='ocr_line' id='line_1_14' title="bbox 365 1181 1935 1258; baseline 0.006 -25"><span class='ocrx_word' id='word_1_85' title='bbox 365 1181 718 1235; x_wconf 77' lang='grc' dir='ltr'><strong>ἐϐόαιπάλαι</strong></span> <span class='ocrx_word' id='word_1_86' title='bbox 773 1184 921 1251; x_wconf 66' lang='grc' dir='ltr'><strong>πρὸς</strong></span> <span class='ocrx_word' id='word_1_87' title='bbox 947 1183 1170 1255; x_wconf 80' lang='grc' dir='ltr'><strong>Κύριον,</strong></span> <span class='ocrx_word' id='word_1_88' title='bbox 1221 1185 1339 1248; x_wconf 77' lang='grc' dir='ltr'><strong>πῶς</strong></span> <span class='ocrx_word' id='word_1_89' title='bbox 1374 1186 1431 1239; x_wconf 86' lang='grc' dir='ltr'><strong>οὐ</strong></span> <span class='ocrx_word' id='word_1_90' title='bbox 1480 1188 1743 1256; x_wconf 78' lang='grc' dir='ltr'><strong>πατρικὸν</strong></span> <span class='ocrx_word' id='word_1_91' title='bbox 1794 1186 1935 1258; x_wconf 73' lang='grc' dir='ltr'><strong>αἷμα</strong></span> 
     </span>
    </p>
   </div>
   <div class='ocr_carea' id='block_1_15' title="bbox 366 1267 1939 1351">
    <p class='ocr_par' dir='ltr' id='par_1_15' title="bbox 366 1267 1939 1351">
     <span class='ocr_line' id='line_1_15' title="bbox 366 1267 1939 1351; baseline 0.008 -28"><span class='ocrx_word' id='word_1_92' title='bbox 366 1272 557 1342; x_wconf 78' lang='grc' dir='ltr'><strong>βοήσει</strong></span> <span class='ocrx_word' id='word_1_93' title='bbox 589 1276 725 1339; x_wconf 77' lang='grc' dir='ltr'><strong>πρὸς</strong></span> <span class='ocrx_word' id='word_1_94' title='bbox 760 1274 963 1351; x_wconf 69' lang='grc' dir='ltr'><strong>Κύριον</strong></span> <span class='ocrx_word' id='word_1_95' title='bbox 993 1276 1085 1329; x_wconf 84' lang='grc' dir='ltr'><strong>καὶ</strong></span> <span class='ocrx_word' id='word_1_96' title='bbox 1124 1279 1190 1346; x_wconf 79' lang='grc' dir='ltr'>γῇ</span> <span class='ocrx_word' id='word_1_97' title='bbox 1215 1294 1274 1329; x_wconf 90' lang='grc' dir='ltr'><strong>τε</strong></span> <span class='ocrx_word' id='word_1_98' title='bbox 1305 1277 1398 1330; x_wconf 75' lang='grc' dir='ltr'><strong>καὶ</strong></span> <span class='ocrx_word' id='word_1_99' title='bbox 1420 1267 1678 1349; x_wconf 72' lang='grc' dir='ltr'><strong>ἠλίῳ“καὶ</strong></span> <span class='ocrx_word' id='word_1_100' title='bbox 1703 1281 1939 1350; x_wconf 83' lang='grc' dir='ltr'><strong>ἀστράσι-</strong></span> 
     </span>
    </p>
   </div>
   <div class='ocr_carea' id='block_1_16' title="bbox 364 1364 1935 1443">
    <p class='ocr_par' dir='ltr' id='par_1_16' title="bbox 364 1364 1935 1443">
     <span class='ocr_line' id='line_1_16' title="bbox 364 1364 1935 1443; baseline 0.007 -28"><span class='ocrx_word' id='word_1_101' title='bbox 364 1364 425 1415; x_wconf 49' lang='lat' dir='ltr'><strong>re</strong></span> <span class='ocrx_word' id='word_1_102' title='bbox 455 1365 713 1419; x_wconf 78' lang='grc' dir='ltr'><strong>τοσοῦτον</strong></span> <span class='ocrx_word' id='word_1_103' title='bbox 764 1366 1059 1435; x_wconf 81' lang='grc' dir='ltr'><strong>ἀναγγελεῖ</strong></span> <span class='ocrx_word' id='word_1_104' title='bbox 1088 1367 1346 1439; x_wconf 83' lang='grc' dir='ltr'><strong>τόλμημα</strong></span> <span class='ocrx_word' id='word_1_105' title='bbox 1380 1369 1475 1424; x_wconf 75' lang='grc' dir='ltr'><strong>καὶ</strong></span> <span class='ocrx_word' id='word_1_106' title='bbox 1507 1372 1935 1443; x_wconf 68' lang='grc' dir='ltr'><strong>διατραγῳὸήσει</strong></span> 
     </span>
    </p>
   </div>
   <div class='ocr_carea' id='block_1_17' title="bbox 363 1455 1935 1535">
    <p class='ocr_par' dir='ltr' id='par_1_17' title="bbox 363 1455 1935 1535">
     <span class='ocr_line' id='line_1_17' title="bbox 363 1455 1935 1535; baseline 0.008 -29"><span class='ocrx_word' id='word_1_107' title='bbox 363 1455 503 1525; x_wconf 77' lang='grc' dir='ltr'>πρὸς</span> <span class='ocrx_word' id='word_1_108' title='bbox 543 1457 789 1520; x_wconf 77' lang='grc' dir='ltr'><strong>ἅπαντας</strong></span> <span class='ocrx_word' id='word_1_109' title='bbox 845 1459 1097 1528; x_wconf 91' lang='grc' dir='ltr'><strong>βασιλέας</strong></span> <span class='ocrx_word' id='word_1_110' title='bbox 1153 1460 1363 1529; x_wconf 74' lang='grc' dir='ltr'><strong>ἐθνῶνς</strong></span> <span class='ocrx_word' id='word_1_111' title='bbox 1427 1462 1715 1534; x_wconf 80' lang='grc' dir='ltr'><strong>Λὶδέσθητι</strong></span> <span class='ocrx_word' id='word_1_112' title='bbox 1757 1465 1935 1535; x_wconf 78' lang='grc' dir='ltr'><strong>γῆρας</strong></span> 
     </span>
    </p>
   </div>
   <div class='ocr_carea' id='block_1_18' title="bbox 2036 631 3599 689">
    <p class='ocr_par' dir='ltr' id='par_1_18' title="bbox 2036 631 3599 689">
     <span class='ocr_line' id='line_1_18' title="bbox 2036 631 3599 689; baseline 0.003 -4"><span class='ocrx_word' id='word_1_113' title='bbox 2036 632 2300 685; x_wconf 86' lang='lat' dir='ltr'><strong>humanas</strong></span> <span class='ocrx_word' id='word_1_114' title='bbox 2333 646 2466 685; x_wconf 86' lang='lat' dir='ltr'><strong>vero</strong></span> <span class='ocrx_word' id='word_1_115' title='bbox 2503 631 2748 684; x_wconf 84' lang='lat' dir='ltr'><strong>actiones</strong></span> <span class='ocrx_word' id='word_1_116' title='bbox 2793 631 2989 686; x_wconf 63' lang='lat' dir='ltr'><strong>coelum</strong></span> <span class='ocrx_word' id='word_1_117' title='bbox 3034 641 3089 684; x_wconf 92' lang='lat' dir='ltr'><strong>et</strong></span> <span class='ocrx_word' id='word_1_118' title='bbox 3123 641 3267 685; x_wconf 87' lang='lat' dir='ltr'><strong>terra</strong></span> <span class='ocrx_word' id='word_1_119' title='bbox 3297 632 3599 689; x_wconf 87' lang='lat' dir='ltr'><strong>intuentur.</strong></span> 
     </span>
    </p>
   </div>
   <div class='ocr_carea' id='block_1_19' title="bbox 2033 722 3604 794">
    <p class='ocr_par' dir='ltr' id='par_1_19' title="bbox 2033 722 3604 794">
     <span class='ocr_line' id='line_1_19' title="bbox 2033 722 3604 794; baseline 0 -15"><span class='ocrx_word' id='word_1_120' title='bbox 2033 722 2197 794; x_wconf 65' lang='grc'><strong>424</strong></span> <span class='ocrx_word' id='word_1_121' title='bbox 2209 723 2285 777; x_wconf 89' lang='lat' dir='ltr'><strong>Ne</strong></span> <span class='ocrx_word' id='word_1_122' title='bbox 2305 723 2439 777; x_wconf 83' lang='lat' dir='ltr'><strong>velis</strong></span> <span class='ocrx_word' id='word_1_123' title='bbox 2463 723 2626 793; x_wconf 82' lang='lat' dir='ltr'><strong>igitur</strong></span> <span class='ocrx_word' id='word_1_124' title='bbox 2647 723 2868 777; x_wconf 75' lang='lat' dir='ltr'><strong>nefandi</strong></span> <span class='ocrx_word' id='word_1_125' title='bbox 2889 722 3169 787; x_wconf 78' lang='lat' dir='ltr'><strong>facinoris,</strong></span> <span class='ocrx_word' id='word_1_126' title='bbox 3189 723 3348 793; x_wconf 81' lang='lat' dir='ltr'><strong>quale</strong></span> <span class='ocrx_word' id='word_1_127' title='bbox 3369 724 3437 779; x_wconf 89' lang='lat' dir='ltr'><strong>ab</strong></span> <span class='ocrx_word' id='word_1_128' title='bbox 3454 726 3604 779; x_wconf 92' lang='lat' dir='ltr'><strong>omni</strong></span> 
     </span>
    </p>
   </div>
   <div class='ocr_carea' id='block_1_20' title="bbox 2033 814 3604 883">
    <p class='ocr_par' dir='ltr' id='par_1_20' title="bbox 2033 814 3604 883">
     <span class='ocr_line' id='line_1_20' title="bbox 2033 814 3604 883; baseline 0.001 -17"><span class='ocrx_word' id='word_1_129' title='bbox 2033 828 2149 866; x_wconf 77' lang='lat' dir='ltr'><strong>aevo</strong></span> <span class='ocrx_word' id='word_1_130' title='bbox 2179 827 2339 867; x_wconf 83' lang='lat' dir='ltr'><strong>nemo</strong></span> <span class='ocrx_word' id='word_1_131' title='bbox 2386 820 2626 881; x_wconf 84' lang='lat' dir='ltr'><strong>unquam</strong></span> <span class='ocrx_word' id='word_1_132' title='bbox 2661 828 2830 868; x_wconf 87' lang='lat' dir='ltr'><strong>ausus</strong></span> <span class='ocrx_word' id='word_1_133' title='bbox 2870 823 2976 878; x_wconf 79' lang='lat' dir='ltr'><strong>est,</strong></span> <span class='ocrx_word' id='word_1_134' title='bbox 3015 814 3360 883; x_wconf 85' lang='lat' dir='ltr'><strong>inspectores</strong></span> <span class='ocrx_word' id='word_1_135' title='bbox 3400 814 3604 869; x_wconf 89' lang='lat' dir='ltr'><strong>habere</strong></span> 
     </span>
    </p>
   </div>
   <div class='ocr_carea' id='block_1_21' title="bbox 2035 903 3601 975">
    <p class='ocr_par' dir='ltr' id='par_1_21' title="bbox 2035 903 3601 975">
     <span class='ocr_line' id='line_1_21' title="bbox 2035 903 3601 975; baseline 0.001 -18"><span class='ocrx_word' id='word_1_136' title='bbox 2035 903 2201 958; x_wconf 73' lang='lat' dir='ltr'><strong>cmlos</strong></span> <span class='ocrx_word' id='word_1_137' title='bbox 2224 912 2278 958; x_wconf 93' lang='lat' dir='ltr'><strong>et</strong></span> <span class='ocrx_word' id='word_1_138' title='bbox 2304 911 2525 958; x_wconf 88' lang='lat' dir='ltr'><strong>terram.</strong></span> <span class='ocrx_word' id='word_1_139' title='bbox 2554 903 2708 969; x_wconf 84' lang='lat' dir='ltr'><strong>Quod</strong></span> <span class='ocrx_word' id='word_1_140' title='bbox 2726 906 2771 959; x_wconf 89' lang='lat' dir='ltr'><strong>si</strong></span> <span class='ocrx_word' id='word_1_141' title='bbox 2804 903 3082 959; x_wconf 86' lang='lat' dir='ltr'><strong>fraternus</strong></span> <span class='ocrx_word' id='word_1_142' title='bbox 3116 905 3340 975; x_wconf 77' lang='lat' dir='ltr'><strong>sanguis</strong></span> <span class='ocrx_word' id='word_1_143' title='bbox 3375 906 3502 959; x_wconf 90' lang='lat' dir='ltr'><strong>olim</strong></span> <span class='ocrx_word' id='word_1_144' title='bbox 3535 910 3601 959; x_wconf 91' lang='lat' dir='ltr'><strong>ad</strong></span> 
     </span>
    </p>
   </div>
   <div class='ocr_carea' id='block_1_22' title="bbox 2037 992 3606 1070">
    <p class='ocr_par' dir='ltr' id='par_1_22' title="bbox 2037 992 3606 1070">
     <span class='ocr_line' id='line_1_22' title="bbox 2037 992 3606 1070; baseline -0.001 -23"><span class='ocrx_word' id='word_1_145' title='bbox 2037 992 2324 1047; x_wconf 88' lang='lat' dir='ltr'><strong>Dominum</strong></span> <span class='ocrx_word' id='word_1_146' title='bbox 2343 1001 2547 1070; x_wconf 86' lang='lat' dir='ltr'><strong>_contra</strong></span> <span class='ocrx_word' id='word_1_147' title='bbox 2585 992 2815 1047; x_wconf 89' lang='lat' dir='ltr'><strong>Cainum</strong></span> <span class='ocrx_word' id='word_1_148' title='bbox 2862 992 3146 1059; x_wconf 75' lang='lat' dir='ltr'><strong>clamabat,</strong></span> <span class='ocrx_word' id='word_1_149' title='bbox 3198 1002 3402 1060; x_wconf 87' lang='lat' dir='ltr'><strong>quanto</strong></span> <span class='ocrx_word' id='word_1_150' title='bbox 3434 994 3606 1063; x_wconf 76' lang='lat' dir='ltr'><strong>magis</strong></span> 
     </span>
    </p>
   </div>
   <div class='ocr_carea' id='block_1_23' title="bbox 2035 1083 3606 1154">
    <p class='ocr_par' dir='ltr' id='par_1_23' title="bbox 2035 1083 3606 1154">
     <span class='ocr_line' id='line_1_23' title="bbox 2035 1083 3606 1154; baseline 0 -17"><span class='ocrx_word' id='word_1_151' title='bbox 2035 1094 2293 1154; x_wconf 89' lang='lat' dir='ltr'><strong>paternus</strong></span> <span class='ocrx_word' id='word_1_152' title='bbox 2323 1084 2542 1154; x_wconf 80' lang='lat' dir='ltr'><strong>sanguis</strong></span> <span class='ocrx_word' id='word_1_153' title='bbox 2566 1084 2631 1138; x_wconf 89' lang='lat' dir='ltr'><strong>ad</strong></span> <span class='ocrx_word' id='word_1_154' title='bbox 2662 1084 2950 1139; x_wconf 85' lang='lat' dir='ltr'><strong>Dominum</strong></span> <span class='ocrx_word' id='word_1_155' title='bbox 2979 1083 3262 1149; x_wconf 81' lang='lat' dir='ltr'><strong>clamabit,</strong></span> <span class='ocrx_word' id='word_1_156' title='bbox 3285 1093 3341 1137; x_wconf 89' lang='lat' dir='ltr'><strong>et</strong></span> <span class='ocrx_word' id='word_1_157' title='bbox 3367 1094 3528 1140; x_wconf 74' lang='lat' dir='ltr'><strong>terrae</strong></span> <span class='ocrx_word' id='word_1_158' title='bbox 3548 1094 3606 1138; x_wconf 87' lang='lat' dir='ltr'><strong>et</strong></span> 
     </span>
    </p>
   </div>
   <div class='ocr_carea' id='block_1_24' title="bbox 2035 1173 3606 1245">
    <p class='ocr_par' dir='ltr' id='par_1_24' title="bbox 2035 1173 3606 1245">
     <span class='ocr_line' id='line_1_24' title="bbox 2035 1173 3606 1245; baseline -0.002 -14"><span class='ocrx_word' id='word_1_159' title='bbox 2035 1175 2138 1231; x_wconf 85' lang='lat' dir='ltr'><strong>soli</strong></span> <span class='ocrx_word' id='word_1_160' title='bbox 2180 1183 2236 1229; x_wconf 88' lang='lat' dir='ltr'><strong>et</strong></span> <span class='ocrx_word' id='word_1_161' title='bbox 2273 1176 2438 1229; x_wconf 90' lang='lat' dir='ltr'><strong>astris</strong></span> <span class='ocrx_word' id='word_1_162' title='bbox 2475 1185 2686 1229; x_wconf 89' lang='lat' dir='ltr'><strong>tantum</strong></span> <span class='ocrx_word' id='word_1_163' title='bbox 2734 1173 2951 1230; x_wconf 78' lang='lat' dir='ltr'><strong>facinus</strong></span> <span class='ocrx_word' id='word_1_164' title='bbox 2988 1175 3340 1229; x_wconf 86' lang='lat' dir='ltr'><strong>annuntiabit</strong></span> <span class='ocrx_word' id='word_1_165' title='bbox 3367 1183 3424 1229; x_wconf 86' lang='lat' dir='ltr'><strong>et</strong></span> <span class='ocrx_word' id='word_1_166' title='bbox 3460 1178 3606 1245; x_wconf 80' lang='lat' dir='ltr'><strong>apud</strong></span> 
     </span>
    </p>
   </div>
   <div class='ocr_carea' id='block_1_25' title="bbox 2034 1264 3607 1335">
    <p class='ocr_par' dir='ltr' id='par_1_25' title="bbox 2034 1264 3607 1335">
     <span class='ocr_line' id='line_1_25' title="bbox 2034 1264 3607 1335; baseline -0.003 -13"><span class='ocrx_word' id='word_1_167' title='bbox 2034 1280 2227 1322; x_wconf 88' lang='lat' dir='ltr'><strong>omnes</strong></span> <span class='ocrx_word' id='word_1_168' title='bbox 2244 1269 2487 1335; x_wconf 81' lang='lat' dir='ltr'><strong>gentium</strong></span> <span class='ocrx_word' id='word_1_169' title='bbox 2524 1280 2679 1335; x_wconf 81' lang='lat' dir='ltr'><strong>reges</strong></span> <span class='ocrx_word' id='word_1_170' title='bbox 2719 1264 3115 1320; x_wconf 79' lang='lat' dir='ltr'><strong>detestabitur?</strong></span> <span class='ocrx_word' id='word_1_171' title='bbox 3138 1264 3408 1319; x_wconf 88' lang='lat' dir='ltr'><strong>Reverere</strong></span> <span class='ocrx_word' id='word_1_172' title='bbox 3444 1278 3607 1318; x_wconf 80' lang='lat' dir='ltr'><strong>sene-</strong></span> 
     </span>
    </p>
   </div>
   <div class='ocr_carea' id='block_1_26' title="bbox 2041 1351 3609 1426">
    <p class='ocr_par' dir='ltr' id='par_1_26' title="bbox 2041 1351 3609 1426">
     <span class='ocr_line' id='line_1_26' title="bbox 2041 1351 3609 1426; baseline -0.003 -14"><span class='ocrx_word' id='word_1_173' title='bbox 2041 1367 2182 1412; x_wconf 85' lang='lat' dir='ltr'><strong>ctam</strong></span> <span class='ocrx_word' id='word_1_174' title='bbox 2214 1357 2595 1411; x_wconf 84' lang='lat' dir='ltr'><strong>misericordia</strong></span> <span class='ocrx_word' id='word_1_175' title='bbox 2625 1358 2864 1426; x_wconf 85' lang='lat' dir='ltr'><strong>plenam,</strong></span> <span class='ocrx_word' id='word_1_176' title='bbox 2895 1371 3012 1426; x_wconf 64' lang='lat' dir='ltr'><strong>quae</strong></span> <span class='ocrx_word' id='word_1_177' title='bbox 3056 1357 3186 1410; x_wconf 86' lang='lat' dir='ltr'><strong>mihi</strong></span> <span class='ocrx_word' id='word_1_178' title='bbox 3220 1355 3437 1423; x_wconf 87' lang='lat' dir='ltr'><strong>quidem</strong></span> <span class='ocrx_word' id='word_1_179' title='bbox 3483 1351 3609 1408; x_wconf 81' lang='lat' dir='ltr'><strong>vita:</strong></span> 
     </span>
    </p>
   </div>
   <div class='ocr_carea' id='block_1_27' title="bbox 2036 1445 3608 1519">
    <p class='ocr_par' dir='ltr' id='par_1_27' title="bbox 2036 1445 3608 1519">
     <span class='ocr_line' id='line_1_27' title="bbox 2036 1445 3608 1519; baseline -0.003 -16"><span class='ocrx_word' id='word_1_180' title='bbox 2036 1448 2196 1503; x_wconf 86' lang='lat' dir='ltr'><strong>linem</strong></span> <span class='ocrx_word' id='word_1_181' title='bbox 2220 1451 2467 1518; x_wconf 81' lang='lat' dir='ltr'><strong>proximo</strong></span> <span class='ocrx_word' id='word_1_182' title='bbox 2490 1458 2757 1519; x_wconf 84' lang='lat' dir='ltr'><strong>tempore,</strong></span> <span class='ocrx_word' id='word_1_183' title='bbox 2786 1449 2877 1502; x_wconf 82' lang='lat' dir='ltr'><strong>tibi</strong></span> <span class='ocrx_word' id='word_1_184' title='bbox 2904 1454 3081 1501; x_wconf 84' lang='lat' dir='ltr'><strong>autem</strong></span> <span class='ocrx_word' id='word_1_185' title='bbox 3109 1462 3427 1517; x_wconf 63' lang='lat' dir='ltr'><strong>ilia-gnarum</strong></span> <span class='ocrx_word' id='word_1_186' title='bbox 3455 1445 3608 1499; x_wconf 88' lang='lat' dir='ltr'><strong>solli-</strong></span> 
     </span>
    </p>
   </div>
   <div class='ocr_carea' id='block_1_28' title="bbox 2035 1540 3607 1610">
    <p class='ocr_par' dir='ltr' id='par_1_28' title="bbox 2035 1540 3607 1610">
     <span class='ocr_line' id='line_1_28' title="bbox 2035 1540 3607 1610; baseline 0 -15"><span class='ocrx_word' id='word_1_187' title='bbox 2035 1541 2335 1595; x_wconf 89' lang='lat' dir='ltr'><strong>citudinem</strong></span> <span class='ocrx_word' id='word_1_188' title='bbox 2364 1541 2730 1594; x_wconf 87' lang='lat' dir='ltr'><strong>cessationem</strong></span> <span class='ocrx_word' id='word_1_189' title='bbox 2756 1540 3071 1610; x_wconf 86' lang='lat' dir='ltr'><strong>pollicetur.</strong></span> <span class='ocrx_word' id='word_1_190' title='bbox 3097 1541 3370 1595; x_wconf 74' lang='lat' dir='ltr'><strong>Reverere</strong></span> <span class='ocrx_word' id='word_1_191' title='bbox 3391 1553 3607 1602; x_wconf 84' lang='lat' dir='ltr'><strong>manus,</strong></span> 
     </span>
    </p>
   </div>
   <div class='ocr_carea' id='block_1_29' title="bbox 2034 1631 3610 1703">
    <p class='ocr_par' dir='ltr' id='par_1_29' title="bbox 2034 1631 3610 1703">
     <span class='ocr_line' id='line_1_29' title="bbox 2034 1631 3610 1703; baseline -0.003 -16"><span class='ocrx_word' id='word_1_192' title='bbox 2034 1647 2157 1703; x_wconf 82' lang='lat' dir='ltr'><strong>quae</strong></span> <span class='ocrx_word' id='word_1_193' title='bbox 2188 1642 2239 1687; x_wconf 92' lang='lat' dir='ltr'><strong>te</strong></span> <span class='ocrx_word' id='word_1_194' title='bbox 2282 1645 2425 1700; x_wconf 80' lang='lat' dir='ltr'><strong>saepe</strong></span> <span class='ocrx_word' id='word_1_195' title='bbox 2457 1631 2511 1685; x_wconf 88' lang='lat' dir='ltr'><strong>in</strong></span> <span class='ocrx_word' id='word_1_196' title='bbox 2547 1632 2704 1687; x_wconf 90' lang='lat' dir='ltr'><strong>cunis</strong></span> <span class='ocrx_word' id='word_1_197' title='bbox 2732 1641 2788 1686; x_wconf 92' lang='lat' dir='ltr'><strong>et</strong></span> <span class='ocrx_word' id='word_1_198' title='bbox 2822 1632 2876 1685; x_wconf 92' lang='lat' dir='ltr'><strong>in</strong></span> <span class='ocrx_word' id='word_1_199' title='bbox 2908 1632 3033 1686; x_wconf 85' lang='lat' dir='ltr'><strong>sinu</strong></span> <span class='ocrx_word' id='word_1_200' title='bbox 3074 1631 3304 1685; x_wconf 85' lang='lat' dir='ltr'><strong>nutricis</strong></span> <span class='ocrx_word' id='word_1_201' title='bbox 3348 1631 3610 1700; x_wconf 81' lang='lat' dir='ltr'><strong>amplexae</strong></span> 
     </span>
    </p>
   </div>
   <div class='ocr_carea' id='block_1_30' title="bbox 362 1720 1935 1805">
    <p class='ocr_par' dir='ltr' id='par_1_30' title="bbox 362 1726 1935 1805">
     <span class='ocr_line' id='line_1_30' title="bbox 362 1726 1935 1805; baseline 0.007 -28"><span class='ocrx_word' id='word_1_202' title='bbox 362 1742 474 1780; x_wconf 89' lang='grc' dir='ltr'><strong>σιν.</strong></span> <span class='ocrx_word' id='word_1_203' title='bbox 507 1726 793 1795; x_wconf 79' lang='grc' dir='ltr'><strong>Λίδέσθητι</strong></span> <span class='ocrx_word' id='word_1_204' title='bbox 822 1731 1032 1798; x_wconf 83' lang='grc' dir='ltr'><strong>χεῖρας,</strong></span> <span class='ocrx_word' id='word_1_205' title='bbox 1060 1731 1118 1783; x_wconf 82' lang='grc' dir='ltr'><strong>αἶ</strong></span> <span class='ocrx_word' id='word_1_206' title='bbox 1142 1749 1200 1784; x_wconf 90' lang='grc' dir='ltr'><strong>σε</strong></span> <span class='ocrx_word' id='word_1_207' title='bbox 1226 1733 1485 1796; x_wconf 84' lang='grc' dir='ltr'><strong>πολλάκις</strong></span> <span class='ocrx_word' id='word_1_208' title='bbox 1516 1736 1575 1787; x_wconf 85' lang='grc' dir='ltr'><strong>ὲν</strong></span> <span class='ocrx_word' id='word_1_209' title='bbox 1600 1737 1935 1805; x_wconf 86' lang='grc' dir='ltr'><strong>σπαργάνοις</strong></span> 
     </span>
    </p>
   </div>
   <div class='ocr_carea' id='block_1_31' title="bbox 2034 1720 3608 1805">
    <p class='ocr_par' dir='ltr' id='par_1_31' title="bbox 2037 1720 3608 1792">
     <span class='ocr_line' id='line_1_31' title="bbox 2037 1720 3608 1792; baseline -0.003 -13"><span class='ocrx_word' id='word_1_210' title='bbox 2037 1732 2187 1779; x_wconf 91' lang='lat' dir='ltr'><strong>sunt.</strong></span> <span class='ocrx_word' id='word_1_211' title='bbox 2220 1724 2493 1779; x_wconf 79' lang='lat' dir='ltr'><strong>Reverere</strong></span> <span class='ocrx_word' id='word_1_212' title='bbox 2522 1722 2687 1784; x_wconf 87' lang='lat' dir='ltr'><strong>labia,</strong></span> <span class='ocrx_word' id='word_1_213' title='bbox 2709 1738 2829 1792; x_wconf 77' lang='lat' dir='ltr'><strong>quae</strong></span> <span class='ocrx_word' id='word_1_214' title='bbox 2858 1730 2910 1775; x_wconf 94' lang='lat' dir='ltr'><strong>te</strong></span> <span class='ocrx_word' id='word_1_215' title='bbox 2928 1735 3071 1791; x_wconf 61' lang='lat' dir='ltr'><strong>sa‘pe</strong></span> <span class='ocrx_word' id='word_1_216' title='bbox 3098 1736 3309 1775; x_wconf 89' lang='lat' dir='ltr'><strong>summa</strong></span> <span class='ocrx_word' id='word_1_217' title='bbox 3339 1720 3608 1776; x_wconf 86' lang='lat' dir='ltr'><strong>cbaritate</strong></span> 
     </span>
    </p>
   </div>
   <div class='ocr_carea' id='block_1_32' title="bbox 360 1811 1935 1891">
    <p class='ocr_par' dir='ltr' id='par_1_32' title="bbox 360 1815 1935 1891">
     <span class='ocr_line' id='line_1_32' title="bbox 360 1815 1935 1891; baseline 0.006 -25"><span class='ocrx_word' id='word_1_218' title='bbox 360 1815 492 1867; x_wconf 77' lang='grc' dir='ltr'><strong>ὄντα</strong></span> <span class='ocrx_word' id='word_1_219' title='bbox 523 1817 617 1869; x_wconf 78' lang='grc' dir='ltr'><strong>καὶ</strong></span> <span class='ocrx_word' id='word_1_220' title='bbox 640 1815 866 1885; x_wconf 77' lang='grc' dir='ltr'><strong>γάλαξιν</strong></span> <span class='ocrx_word' id='word_1_221' title='bbox 906 1818 1292 1886; x_wconf 79' lang='grc' dir='ltr'><strong>ὴγκαλίσαντο.</strong></span> <span class='ocrx_word' id='word_1_222' title='bbox 1320 1820 1606 1890; x_wconf 81' lang='grc' dir='ltr'><strong>Αίδέσθητι</strong></span> <span class='ocrx_word' id='word_1_223' title='bbox 1638 1822 1788 1891; x_wconf 89' lang='grc' dir='ltr'><strong>χείλη</strong></span> <span class='ocrx_word' id='word_1_224' title='bbox 1811 1822 1935 1875; x_wconf 90' lang='grc' dir='ltr'>πολ-</span> 
     </span>
    </p>
   </div>
   <div class='ocr_carea' id='block_1_33' title="bbox 2034 1811 3606 1891">
    <p class='ocr_par' dir='ltr' id='par_1_33' title="bbox 2037 1811 3606 1881">
     <span class='ocr_line' id='line_1_33' title="bbox 2037 1811 3606 1881; baseline -0.004 -10"><span class='ocrx_word' id='word_1_225' title='bbox 2037 1815 2348 1871; x_wconf 88' lang='lat' dir='ltr'><strong>deosculata</strong></span> <span class='ocrx_word' id='word_1_226' title='bbox 2390 1824 2519 1870; x_wconf 88' lang='lat' dir='ltr'><strong>sunt</strong></span> <span class='ocrx_word' id='word_1_227' title='bbox 2564 1822 2619 1869; x_wconf 91' lang='lat' dir='ltr'><strong>et</strong></span> <span class='ocrx_word' id='word_1_228' title='bbox 2675 1813 2902 1867; x_wconf 72' lang='lat' dir='ltr'><strong>alteram</strong></span> <span class='ocrx_word' id='word_1_229' title='bbox 2952 1812 3188 1865; x_wconf 88' lang='lat' dir='ltr'><strong>animam</strong></span> <span class='ocrx_word' id='word_1_230' title='bbox 3240 1811 3606 1881; x_wconf 86' lang='lat' dir='ltr'><strong>appellarunt.</strong></span> 
     </span>
    </p>
   </div>
   <div class='ocr_carea' id='block_1_34' title="bbox 361 1884 1935 1978">
    <p class='ocr_par' dir='ltr' id='par_1_34' title="bbox 361 1884 1935 1978">
     <span class='ocr_line' id='line_1_34' title="bbox 361 1884 1935 1978; baseline 0.006 -25"><span class='ocrx_word' id='word_1_231' title='bbox 361 1901 522 1964; x_wconf 83' lang='grc' dir='ltr'><strong>λάκις</strong></span> <span class='ocrx_word' id='word_1_232' title='bbox 565 1904 698 1970; x_wconf 79' lang='grc' dir='ltr'><strong>μετᾶ</strong></span> <span class='ocrx_word' id='word_1_233' title='bbox 750 1884 954 1972; x_wconf 72' lang='grc' dir='ltr'><strong>θερμού</strong></span> <span class='ocrx_word' id='word_1_234' title='bbox 994 1921 1053 1956; x_wconf 89' lang='grc' dir='ltr'><strong>σε</strong></span> <span class='ocrx_word' id='word_1_235' title='bbox 1084 1904 1176 1957; x_wconf 77' lang='grc' dir='ltr'><strong>τοῦ</strong></span> <span class='ocrx_word' id='word_1_236' title='bbox 1234 1906 1456 1975; x_wconf 78' lang='grc' dir='ltr'><strong>φίλτρου</strong></span> <span class='ocrx_word' id='word_1_237' title='bbox 1506 1884 1811 1978; x_wconf 66' lang='grc' dir='ltr'><strong>φιλήσαντα</strong></span> <span class='ocrx_word' id='word_1_238' title='bbox 1840 1911 1935 1962; x_wconf 75' lang='grc' dir='ltr'><strong>καὶ</strong></span> 
     </span>
    </p>
   </div>
   <div class='ocr_carea' id='block_1_35' title="bbox 2034 1884 3611 1978">
    <p class='ocr_par' dir='ltr' id='par_1_35' title="bbox 2035 1901 3611 1975">
     <span class='ocr_line' id='line_1_35' title="bbox 2035 1901 3611 1975; baseline -0.005 -12"><span class='ocrx_word' id='word_1_239' title='bbox 2035 1907 2236 1963; x_wconf 90' lang='lat' dir='ltr'><strong>Calami</strong></span> <span class='ocrx_word' id='word_1_240' title='bbox 2265 1921 2294 1962; x_wconf 90' lang='lat' dir='ltr'><strong>a</strong></span> <span class='ocrx_word' id='word_1_241' title='bbox 2329 1906 2547 1961; x_wconf 91' lang='lat' dir='ltr'><strong>fortuna</strong></span> <span class='ocrx_word' id='word_1_242' title='bbox 2573 1904 2805 1975; x_wconf 83' lang='lat' dir='ltr'><strong>projecti</strong></span> <span class='ocrx_word' id='word_1_243' title='bbox 2828 1904 3110 1967; x_wconf 88' lang='lat' dir='ltr'><strong>miserere,</strong></span> <span class='ocrx_word' id='word_1_244' title='bbox 3142 1918 3244 1957; x_wconf 88' lang='lat' dir='ltr'><strong>nec</strong></span> <span class='ocrx_word' id='word_1_245' title='bbox 3267 1912 3323 1956; x_wconf 92' lang='lat' dir='ltr'><strong>tu</strong></span> <span class='ocrx_word' id='word_1_246' title='bbox 3355 1917 3481 1956; x_wconf 89' lang='lat' dir='ltr'><strong>eum</strong></span> <span class='ocrx_word' id='word_1_247' title='bbox 3510 1901 3611 1955; x_wconf 86' lang='lat' dir='ltr'><strong>de-</strong></span> 
     </span>
    </p>
   </div>
   <div class='ocr_carea' id='block_1_36' title="bbox 358 1992 1935 2072">
    <p class='ocr_par' dir='ltr' id='par_1_36' title="bbox 358 1992 1935 2072">
     <span class='ocr_line' id='line_1_36' title="bbox 358 1992 1935 2072; baseline 0.005 -26"><span class='ocrx_word' id='word_1_248' title='bbox 358 1992 629 2064; x_wconf 82' lang='grc' dir='ltr'><strong>δευτέραν</strong></span> <span class='ocrx_word' id='word_1_249' title='bbox 661 1996 1024 2065; x_wconf 82' lang='grc' dir='ltr'><strong>προσειπόντα</strong></span> <span class='ocrx_word' id='word_1_250' title='bbox 1072 1997 1267 2068; x_wconf 78' lang='grc' dir='ltr'><strong>ψυχήν.</strong></span> <span class='ocrx_word' id='word_1_251' title='bbox 1313 1999 1574 2069; x_wconf 82' lang='grc' dir='ltr'><strong>Κάλαμον</strong></span> <span class='ocrx_word' id='word_1_252' title='bbox 1605 2002 1935 2072; x_wconf 69' lang='grc' dir='ltr'><strong>ἐρριμμένον</strong></span> 
     </span>
    </p>
   </div>
   <div class='ocr_carea' id='block_1_37' title="bbox 2034 1992 3612 2072">
    <p class='ocr_par' dir='ltr' id='par_1_37' title="bbox 2035 1993 3612 2061">
     <span class='ocr_line' id='line_1_37' title="bbox 2035 1993 3612 2061; baseline -0.005 -7"><span class='ocrx_word' id='word_1_253' title='bbox 2035 2013 2147 2054; x_wconf 90' lang='lat' dir='ltr'><strong>nuo</strong></span> <span class='ocrx_word' id='word_1_254' title='bbox 2182 2008 2469 2054; x_wconf 84' lang='lat' dir='ltr'><strong>conterere</strong></span> <span class='ocrx_word' id='word_1_255' title='bbox 2513 1997 2669 2053; x_wconf 86' lang='lat' dir='ltr'><strong>velis.</strong></span> <span class='ocrx_word' id='word_1_256' title='bbox 2710 1994 2794 2050; x_wconf 77' lang='lat' dir='ltr'><strong>Ne</strong></span> <span class='ocrx_word' id='word_1_257' title='bbox 2842 2004 2917 2061; x_wconf 91' lang='lat' dir='ltr'><strong>tu,</strong></span> <span class='ocrx_word' id='word_1_258' title='bbox 2955 2009 3079 2051; x_wconf 91' lang='lat' dir='ltr'><strong>cum</strong></span> <span class='ocrx_word' id='word_1_259' title='bbox 3124 1993 3289 2048; x_wconf 82' lang='lat' dir='ltr'><strong>homo</strong></span> <span class='ocrx_word' id='word_1_260' title='bbox 3336 1994 3432 2057; x_wconf 89' lang='lat' dir='ltr'><strong>sis,</strong></span> <span class='ocrx_word' id='word_1_261' title='bbox 3473 2006 3612 2059; x_wconf 55' lang='lat' dir='ltr'><strong>prat-</strong></span> 
     </span>
    </p>
   </div>
   <div class='ocr_carea' id='block_1_38' title="bbox 362 1544 1935 1627">
    <p class='ocr_par' dir='ltr' id='par_1_38' title="bbox 362 1544 1935 1627">
     <span class='ocr_line' id='line_1_38' title="bbox 362 1544 1935 1627; baseline 0.008 -30"><span class='ocrx_word' id='word_1_262' title='bbox 362 1544 600 1605; x_wconf 79' lang='grc' dir='ltr'><strong>ἐλεεινδν</strong></span> <span class='ocrx_word' id='word_1_263' title='bbox 657 1549 779 1613; x_wconf 67' lang='grc' dir='ltr'><strong>ἐμοὶ</strong></span> <span class='ocrx_word' id='word_1_264' title='bbox 834 1549 934 1617; x_wconf 85' lang='grc' dir='ltr'><strong>μὲν</strong></span> <span class='ocrx_word' id='word_1_265' title='bbox 996 1549 1112 1619; x_wconf 85' lang='grc' dir='ltr'><strong>βίου</strong></span> <span class='ocrx_word' id='word_1_266' title='bbox 1171 1551 1430 1624; x_wconf 78' lang='grc' dir='ltr'><strong>τελευτὴν</strong></span> <span class='ocrx_word' id='word_1_267' title='bbox 1460 1555 1562 1607; x_wconf 85' lang='grc' dir='ltr'><strong>ούκ</strong></span> <span class='ocrx_word' id='word_1_268' title='bbox 1607 1555 1686 1618; x_wconf 80' lang='grc' dir='ltr'><strong>είς</strong></span> <span class='ocrx_word' id='word_1_269' title='bbox 1718 1556 1935 1627; x_wconf 65' lang='grc' dir='ltr'><strong>μακρὰν</strong></span> 
     </span>
    </p>
   </div>
   <div class='ocr_carea' id='block_1_39' title="bbox 363 1632 1965 1713">
    <p class='ocr_par' dir='ltr' id='par_1_39' title="bbox 363 1632 1965 1713">
     <span class='ocr_line' id='line_1_39' title="bbox 363 1632 1965 1713; baseline 0.007 -28"><span class='ocrx_word' id='word_1_270' title='bbox 363 1632 821 1703; x_wconf 76' lang='grc' dir='ltr'><strong>ὑπισχνούμενον,</strong></span> <span class='ocrx_word' id='word_1_271' title='bbox 878 1638 967 1691; x_wconf 75' lang='grc' dir='ltr'><strong>σοὶ</strong></span> <span class='ocrx_word' id='word_1_272' title='bbox 1016 1638 1072 1691; x_wconf 74' lang='grc' dir='ltr'><strong>δὲ</strong></span> <span class='ocrx_word' id='word_1_273' title='bbox 1105 1639 1401 1709; x_wconf 80' lang='grc' dir='ltr'>φροντίδων</span> <span class='ocrx_word' id='word_1_274' title='bbox 1435 1643 1664 1713; x_wconf 84' lang='grc' dir='ltr'><strong>μακρῶν</strong></span> <span class='ocrx_word' id='word_1_275' title='bbox 1692 1643 1965 1697; x_wconf 59' lang='grc' dir='ltr'><strong>ἀνάπαυθ</strong></span> 
     </span>
    </p>
   </div>
   <div class='ocr_carea' id='block_1_40' title="bbox 362 2082 1935 2163">
    <p class='ocr_par' dir='ltr' id='par_1_40' title="bbox 362 2083 1935 2163">
     <span class='ocr_line' id='line_1_40' title="bbox 362 2083 1935 2163; baseline 0.005 -27"><span class='ocrx_word' id='word_1_276' title='bbox 362 2083 472 2136; x_wconf 75' lang='grc' dir='ltr'><strong>ὑπὸ</strong></span> <span class='ocrx_word' id='word_1_277' title='bbox 506 2084 610 2154; x_wconf 83' lang='grc' dir='ltr'><strong>τῆς</strong></span> <span class='ocrx_word' id='word_1_278' title='bbox 640 2085 808 2155; x_wconf 84' lang='grc' dir='ltr'><strong>τύχης</strong></span> <span class='ocrx_word' id='word_1_279' title='bbox 835 2086 1106 2159; x_wconf 69' lang='grc' dir='ltr'><strong>οἴκτειρον</strong></span> <span class='ocrx_word' id='word_1_280' title='bbox 1136 2090 1232 2140; x_wconf 70' lang='grc' dir='ltr'><strong>καὶ</strong></span> <span class='ocrx_word' id='word_1_281' title='bbox 1265 2088 1339 2159; x_wconf 80' lang='grc' dir='ltr'><strong>μὴ</strong></span> <span class='ocrx_word' id='word_1_282' title='bbox 1369 2090 1466 2143; x_wconf 63' lang='grc' dir='ltr'><strong>καὶ⁵</strong></span> <span class='ocrx_word' id='word_1_283' title='bbox 1492 2090 1654 2153; x_wconf 76' lang='grc' dir='ltr'><strong>αὐτὸς</strong></span> <span class='ocrx_word' id='word_1_284' title='bbox 1675 2091 1935 2163; x_wconf 77' lang='grc' dir='ltr'><strong>ἐθελήσῃς</strong></span> 
     </span>
    </p>
   </div>
   <div class='ocr_carea' id='block_1_41' title="bbox 2034 2082 3606 2163">
    <p class='ocr_par' dir='ltr' id='par_1_41' title="bbox 2039 2082 3606 2150">
     <span class='ocr_line' id='line_1_41' title="bbox 2039 2082 3606 2150; baseline -0.006 -5"><span class='ocrx_word' id='word_1_285' title='bbox 2039 2089 2180 2145; x_wconf 86' lang='lat' dir='ltr'><strong>senti</strong></span> <span class='ocrx_word' id='word_1_286' title='bbox 2224 2089 2462 2143; x_wconf 69' lang='lat' dir='ltr'><strong>fortuna:</strong></span> <span class='ocrx_word' id='word_1_287' title='bbox 2506 2086 2787 2150; x_wconf 88' lang='lat' dir='ltr'><strong>confidas;</strong></span> <span class='ocrx_word' id='word_1_288' title='bbox 2820 2086 2915 2141; x_wconf 89' lang='lat' dir='ltr'><strong>sed</strong></span> <span class='ocrx_word' id='word_1_289' title='bbox 2956 2102 3141 2141; x_wconf 89' lang='lat' dir='ltr'><strong>rerum</strong></span> <span class='ocrx_word' id='word_1_290' title='bbox 3185 2082 3606 2140; x_wconf 85' lang='lat' dir='ltr'><strong>inconstantiam</strong></span> 
     </span>
    </p>
   </div>
   <div class='ocr_carea' id='block_1_42' title="bbox 358 2172 1937 2252">
    <p class='ocr_par' dir='ltr' id='par_1_42' title="bbox 358 2172 1937 2252">
     <span class='ocr_line' id='line_1_42' title="bbox 358 2172 1937 2252; baseline 0.006 -26"><span class='ocrx_word' id='word_1_291' title='bbox 358 2172 625 2245; x_wconf 78' lang='grc' dir='ltr'><strong>δευτέραν</strong></span> <span class='ocrx_word' id='word_1_292' title='bbox 661 2177 979 2245; x_wconf 70' lang='grc' dir='ltr'>ἐπενεγκεῖν</span> <span class='ocrx_word' id='word_1_293' title='bbox 1008 2177 1322 2250; x_wconf 80' lang='grc' dir='ltr'><strong>συντριὸήν.</strong></span> <span class='ocrx_word' id='word_1_294' title='bbox 1349 2179 1442 2250; x_wconf 82' lang='grc' dir='ltr'><strong>Μὴ</strong></span> <span class='ocrx_word' id='word_1_295' title='bbox 1474 2181 1597 2244; x_wconf 85' lang='grc' dir='ltr'><strong>ταῖς</strong></span> <span class='ocrx_word' id='word_1_296' title='bbox 1633 2181 1937 2252; x_wconf 82' lang='grc' dir='ltr'><strong>παρούσαις</strong></span> 
     </span>
    </p>
   </div>
   <div class='ocr_carea' id='block_1_43' title="bbox 358 2264 1936 2342">
    <p class='ocr_par' dir='ltr' id='par_1_43' title="bbox 358 2264 1936 2342">
     <span class='ocr_line' id='line_1_43' title="bbox 358 2264 1936 2342; baseline 0.007 -26"><span class='ocrx_word' id='word_1_297' title='bbox 358 2264 647 2335; x_wconf 71' lang='grc' dir='ltr'><strong>ἄνθρωπος</strong></span> <span class='ocrx_word' id='word_1_298' title='bbox 674 2265 750 2320; x_wconf 81' lang='grc' dir='ltr'><strong>ὢν</strong></span> <span class='ocrx_word' id='word_1_299' title='bbox 780 2268 1002 2321; x_wconf 84' lang='grc' dir='ltr'><strong>πίστευε</strong></span> <span class='ocrx_word' id='word_1_300' title='bbox 1024 2268 1247 2341; x_wconf 68' lang='grc' dir='ltr'><strong>τύχαιςν</strong></span> <span class='ocrx_word' id='word_1_301' title='bbox 1265 2270 1380 2324; x_wconf 84' lang='grc' dir='ltr'><strong>ἀλλ’</strong></span> <span class='ocrx_word' id='word_1_302' title='bbox 1407 2271 1509 2342; x_wconf 84' lang='grc' dir='ltr'><strong>δρα</strong></span> <span class='ocrx_word' id='word_1_303' title='bbox 1538 2273 1597 2326; x_wconf 72' lang='grc' dir='ltr'><strong>τὸ</strong></span> <span class='ocrx_word' id='word_1_304' title='bbox 1612 2272 1720 2327; x_wconf 86' lang='grc' dir='ltr'><strong>τῶν</strong></span> <span class='ocrx_word' id='word_1_305' title='bbox 1754 2290 1936 2342; x_wconf 88' lang='grc' dir='ltr'><strong>πραγ-</strong></span> 
     </span>
    </p>
   </div>
   <div class='ocr_carea' id='block_1_44' title="bbox 365 2356 1930 2436">
    <p class='ocr_par' dir='ltr' id='par_1_44' title="bbox 365 2356 1930 2436">
     <span class='ocr_line' id='line_1_44' title="bbox 365 2356 1930 2436; baseline 0.008 -28"><span class='ocrx_word' id='word_1_306' title='bbox 365 2356 556 2424; x_wconf 62' lang='grc' dir='ltr'><strong>μάτων</strong></span> <span class='ocrx_word' id='word_1_307' title='bbox 602 2358 860 2414; x_wconf 75' lang='grc' dir='ltr'><strong>ἀδέσαιον</strong></span> <span class='ocrx_word' id='word_1_308' title='bbox 883 2361 977 2414; x_wconf 71' lang='grc' dir='ltr'><strong>καὶ</strong></span> <span class='ocrx_word' id='word_1_309' title='bbox 1005 2361 1353 2433; x_wconf 83' lang='grc' dir='ltr'><strong>ἀστάθμητον</strong></span> <span class='ocrx_word' id='word_1_310' title='bbox 1374 2363 1678 2433; x_wconf 79' lang='grc' dir='ltr'><strong>ἀρξάμενος</strong></span> <span class='ocrx_word' id='word_1_311' title='bbox 1703 2364 1760 2429; x_wconf 77' lang='grc' dir='ltr'>ἐξ</span> <span class='ocrx_word' id='word_1_312' title='bbox 1776 2366 1930 2436; x_wconf 70' lang='grc' dir='ltr'><strong>ἐμοῦ.</strong></span> 
     </span>
    </p>
   </div>
   <div class='ocr_carea' id='block_1_45' title="bbox 361 2450 1929 2530">
    <p class='ocr_par' dir='ltr' id='par_1_45' title="bbox 361 2450 1929 2530">
     <span class='ocr_line' id='line_1_45' title="bbox 361 2450 1929 2530; baseline 0.008 -30"><span class='ocrx_word' id='word_1_313' title='bbox 361 2450 508 2521; x_wconf 85' lang='grc' dir='ltr'><strong>Ὅρα</strong></span> <span class='ocrx_word' id='word_1_314' title='bbox 542 2452 754 2523; x_wconf 74' lang='grc' dir='ltr'><strong>μακροῦ</strong></span> <span class='ocrx_word' id='word_1_315' title='bbox 790 2452 907 2522; x_wconf 86' lang='grc' dir='ltr'><strong>βίου</strong></span> <span class='ocrx_word' id='word_1_316' title='bbox 938 2454 1437 2523; x_wconf 82' lang='grc' dir='ltr'><strong>τέλος.Θαύμασον,</strong></span> <span class='ocrx_word' id='word_1_317' title='bbox 1472 2458 1587 2521; x_wconf 80' lang='grc' dir='ltr'><strong>πῶς</strong></span> <span class='ocrx_word' id='word_1_318' title='bbox 1621 2459 1717 2527; x_wconf 91' lang='grc' dir='ltr'><strong>μία</strong></span> <span class='ocrx_word' id='word_1_319' title='bbox 1745 2459 1809 2530; x_wconf 79' lang='grc' dir='ltr'><strong>δὴ</strong></span> <span class='ocrx_word' id='word_1_320' title='bbox 1834 2460 1929 2527; x_wconf 78' lang='grc' dir='ltr'><strong>νὺξ</strong></span> 
     </span>
    </p>
   </div>
   <div class='ocr_carea' id='block_1_46' title="bbox 359 2540 1936 2619">
    <p class='ocr_par' dir='ltr' id='par_1_46' title="bbox 359 2540 1936 2619">
     <span class='ocr_line' id='line_1_46' title="bbox 359 2540 1936 2619; baseline 0.006 -27"><span class='ocrx_word' id='word_1_321' title='bbox 359 2540 503 2610; x_wconf 77' lang='grc' dir='ltr'><strong>αὕτη</strong></span> <span class='ocrx_word' id='word_1_322' title='bbox 541 2558 607 2609; x_wconf 89' lang='grc' dir='ltr'><strong>με</strong></span> <span class='ocrx_word' id='word_1_323' title='bbox 638 2541 862 2611; x_wconf 83' lang='grc' dir='ltr'><strong>βασιλέα</strong></span> <span class='ocrx_word' id='word_1_324' title='bbox 908 2544 1281 2615; x_wconf 84' lang='grc' dir='ltr'><strong>παρειληφυϊα</strong></span> <span class='ocrx_word' id='word_1_325' title='bbox 1312 2547 1549 2615; x_wconf 85' lang='grc' dir='ltr'><strong>πολυετῆ</strong></span> <span class='ocrx_word' id='word_1_326' title='bbox 1583 2548 1936 2619; x_wconf 84' lang='grc' dir='ltr'><strong>βασιλευόμε-</strong></span> 
     </span>
    </p>
   </div>
   <div class='ocr_carea' id='block_1_47' title="bbox 359 2627 1934 2708">
    <p class='ocr_par' dir='ltr' id='par_1_47' title="bbox 359 2627 1934 2708">
     <span class='ocr_line' id='line_1_47' title="bbox 359 2627 1934 2708; baseline 0.006 -26"><span class='ocrx_word' id='word_1_327' title='bbox 359 2647 452 2682; x_wconf 86' lang='grc' dir='ltr'><strong>νον</strong></span> <span class='ocrx_word' id='word_1_328' title='bbox 504 2630 710 2700; x_wconf 69' lang='grc' dir='ltr'><strong>οἴχεται</strong></span> <span class='ocrx_word' id='word_1_329' title='bbox 753 2627 1308 2704; x_wconf 82' lang='grc' dir='ltr'><strong>καταλιμπάνουσα.¹»</strong></span> <span class='ocrx_word' id='word_1_330' title='bbox 1349 2636 1573 2701; x_wconf 79' lang='grc' dir='ltr'><strong>Τούτοις</strong></span> <span class='ocrx_word' id='word_1_331' title='bbox 1606 2641 1720 2702; x_wconf 79' lang='grc' dir='ltr'><strong>τοῖς</strong></span> <span class='ocrx_word' id='word_1_332' title='bbox 1756 2639 1934 2708; x_wconf 86' lang='grc' dir='ltr'><strong>λόγοις</strong></span> 
     </span>
    </p>
   </div>
   <div class='ocr_carea' id='block_1_48' title="bbox 363 2718 1932 2797">
    <p class='ocr_par' dir='ltr' id='par_1_48' title="bbox 363 2718 1932 2797">
     <span class='ocr_line' id='line_1_48' title="bbox 363 2718 1932 2797; baseline 0.006 -27"><span class='ocrx_word' id='word_1_333' title='bbox 363 2718 725 2786; x_wconf 76' lang='grc' dir='ltr'><strong>μαλακισθεὶς</strong></span> <span class='ocrx_word' id='word_1_334' title='bbox 784 2722 814 2774; x_wconf 81' lang='grc' dir='ltr'><strong>δ</strong></span> <span class='ocrx_word' id='word_1_335' title='bbox 861 2722 981 2786; x_wconf 86' lang='grc' dir='ltr'><strong>νέος</strong></span> <span class='ocrx_word' id='word_1_336' title='bbox 1047 2724 1385 2793; x_wconf 78' lang='grc' dir='ltr'><strong>’Δνδρόνικος</strong></span> <span class='ocrx_word' id='word_1_337' title='bbox 1446 2727 1649 2797; x_wconf 81' lang='grc' dir='ltr'><strong>μικροῦ</strong></span> <span class='ocrx_word' id='word_1_338' title='bbox 1703 2729 1798 2782; x_wconf 80' lang='grc' dir='ltr'><strong>καὶ</strong></span> <span class='ocrx_word' id='word_1_339' title='bbox 1835 2729 1932 2781; x_wconf 86' lang='grc' dir='ltr'><strong>δα-</strong></span> 
     </span>
    </p>
   </div>
   <div class='ocr_carea' id='block_1_49' title="bbox 359 2813 1931 2889">
    <p class='ocr_par' dir='ltr' id='par_1_49' title="bbox 359 2813 1931 2889">
     <span class='ocr_line' id='line_1_49' title="bbox 359 2813 1931 2889; baseline 0.004 -24"><span class='ocrx_word' id='word_1_340' title='bbox 359 2813 552 2884; x_wconf 82' lang='grc' dir='ltr'><strong>κρύων</strong></span> <span class='ocrx_word' id='word_1_341' title='bbox 576 2814 752 2885; x_wconf 74' lang='grc' dir='ltr'><strong>ἥττων</strong></span> <span class='ocrx_word' id='word_1_342' title='bbox 780 2816 1072 2884; x_wconf 87' lang='grc' dir='ltr'><strong>γενόμενος</strong></span> <span class='ocrx_word' id='word_1_343' title='bbox 1104 2816 1300 2871; x_wconf 83' lang='grc' dir='ltr'><strong>εῐσεισι</strong></span> <span class='ocrx_word' id='word_1_344' title='bbox 1321 2818 1388 2871; x_wconf 79' lang='grc' dir='ltr'><strong>τὰ</strong></span> <span class='ocrx_word' id='word_1_345' title='bbox 1430 2817 1698 2887; x_wconf 85' lang='grc' dir='ltr'><strong>βασίλεια,</strong></span> <span class='ocrx_word' id='word_1_346' title='bbox 1732 2817 1931 2889; x_wconf 79' lang='grc' dir='ltr'><strong>πολλὴν</strong></span> 
     </span>
    </p>
   </div>
   <div class='ocr_carea' id='block_1_50' title="bbox 360 2903 1927 2981">
    <p class='ocr_par' dir='ltr' id='par_1_50' title="bbox 360 2903 1927 2981">
     <span class='ocr_line' id='line_1_50' title="bbox 360 2903 1927 2981; baseline 0.006 -26"><span class='ocrx_word' id='word_1_347' title='bbox 360 2903 508 2973; x_wconf 76' lang='grc' dir='ltr'><strong>ὑπὲρ</strong></span> <span class='ocrx_word' id='word_1_348' title='bbox 558 2907 830 2978; x_wconf 80' lang='grc' dir='ltr'><strong>σωτηρίας</strong></span> <span class='ocrx_word' id='word_1_349' title='bbox 877 2905 970 2960; x_wconf 82' lang='grc' dir='ltr'><strong>τοῦ</strong></span> <span class='ocrx_word' id='word_1_350' title='bbox 1005 2909 1228 2963; x_wconf 82' lang='grc' dir='ltr'>πάππου</span> <span class='ocrx_word' id='word_1_351' title='bbox 1278 2911 1602 2980; x_wconf 86' lang='grc' dir='ltr'><strong>ποιούμενος</strong></span> <span class='ocrx_word' id='word_1_352' title='bbox 1647 2913 1927 2981; x_wconf 82' lang='grc' dir='ltr'><strong>πρόνοιαν.</strong></span> 
     </span>
    </p>
   </div>
   <div class='ocr_carea' id='block_1_51' title="bbox 361 2995 1930 3073">
    <p class='ocr_par' dir='ltr' id='par_1_51' title="bbox 361 2995 1930 3073">
     <span class='ocr_line' id='line_1_51' title="bbox 361 2995 1930 3073; baseline 0.004 -24"><span class='ocrx_word' id='word_1_353' title='bbox 361 2995 475 3049; x_wconf 76' lang='grc' dir='ltr'><strong>Καὶ</strong></span> <span class='ocrx_word' id='word_1_354' title='bbox 541 2997 736 3066; x_wconf 89' lang='grc' dir='ltr'><strong>πρῶτα</strong></span> <span class='ocrx_word' id='word_1_355' title='bbox 771 2998 872 3068; x_wconf 67' lang='grc' dir='ltr'><strong>μὲν</strong></span> <span class='ocrx_word' id='word_1_356' title='bbox 919 3002 988 3070; x_wconf 75' lang='grc' dir='ltr'><strong>τῇ</strong></span> <span class='ocrx_word' id='word_1_357' title='bbox 1024 2999 1298 3070; x_wconf 76' lang='grc' dir='ltr'><strong>σεὸασμίᾳ</strong></span> <span class='ocrx_word' id='word_1_358' title='bbox 1330 3000 1428 3069; x_wconf 79' lang='grc' dir='ltr'><strong>τῆς</strong></span> <span class='ocrx_word' id='word_1_359' title='bbox 1477 3001 1817 3073; x_wconf 78' lang='grc' dir='ltr'><strong>Θεομήτορος</strong></span> <span class='ocrx_word' id='word_1_360' title='bbox 1853 3004 1930 3056; x_wconf 86' lang='grc' dir='ltr'><strong>εί·-</strong></span> 
     </span>
    </p>
   </div>
   <div class='ocr_carea' id='block_1_52' title="bbox 2031 2174 3612 2249">
    <p class='ocr_par' dir='ltr' id='par_1_52' title="bbox 2031 2174 3612 2249">
     <span class='ocr_line' id='line_1_52' title="bbox 2031 2174 3612 2249; baseline -0.007 -11"><span class='ocrx_word' id='word_1_361' title='bbox 2031 2191 2091 2238; x_wconf 85' lang='lat' dir='ltr'><strong>et</strong></span> <span class='ocrx_word' id='word_1_362' title='bbox 2117 2182 2440 2236; x_wconf 84' lang='lat' dir='ltr'><strong>varietatem</strong></span> <span class='ocrx_word' id='word_1_363' title='bbox 2477 2195 2507 2234; x_wconf 89' lang='lat' dir='ltr'><strong>a</strong></span> <span class='ocrx_word' id='word_1_364' title='bbox 2541 2195 2628 2234; x_wconf 89' lang='lat' dir='ltr'><strong>me</strong></span> <span class='ocrx_word' id='word_1_365' title='bbox 2660 2179 2781 2249; x_wconf 91' lang='lat' dir='ltr'><strong>ipso</strong></span> <span class='ocrx_word' id='word_1_366' title='bbox 2836 2194 3066 2235; x_wconf 79' lang='lat' dir='ltr'><strong>exorsus</strong></span> <span class='ocrx_word' id='word_1_367' title='bbox 3105 2177 3470 2233; x_wconf 88' lang='lat' dir='ltr'><strong>considerato.</strong></span> <span class='ocrx_word' id='word_1_368' title='bbox 3502 2174 3612 2228; x_wconf 85' lang='lat' dir='ltr'><strong>Rc-</strong></span> 
     </span>
    </p>
   </div>
   <div class='ocr_carea' id='block_1_53' title="bbox 2033 2269 3610 2343">
    <p class='ocr_par' dir='ltr' id='par_1_53' title="bbox 2033 2269 3610 2343">
     <span class='ocr_line' id='line_1_53' title="bbox 2033 2269 3610 2343; baseline -0.004 -16"><span class='ocrx_word' id='word_1_369' title='bbox 2033 2271 2184 2343; x_wconf 77' lang='lat' dir='ltr'><strong>Spice</strong></span> <span class='ocrx_word' id='word_1_370' title='bbox 2218 2274 2393 2341; x_wconf 75' lang='lat' dir='ltr'><strong>longa:</strong></span> <span class='ocrx_word' id='word_1_371' title='bbox 2420 2272 2543 2326; x_wconf 65' lang='lat' dir='ltr'><strong>vitae</strong></span> <span class='ocrx_word' id='word_1_372' title='bbox 2573 2270 2759 2325; x_wconf 87' lang='lat' dir='ltr'><strong>linem.</strong></span> <span class='ocrx_word' id='word_1_373' title='bbox 2783 2269 3091 2331; x_wconf 85' lang='lat' dir='ltr'><strong>Admirare,</strong></span> <span class='ocrx_word' id='word_1_374' title='bbox 3113 2278 3173 2323; x_wconf 89' lang='lat' dir='ltr'><strong>ut</strong></span> <span class='ocrx_word' id='word_1_375' title='bbox 3197 2282 3303 2321; x_wconf 90' lang='lat' dir='ltr'><strong>una</strong></span> <span class='ocrx_word' id='word_1_376' title='bbox 3336 2282 3459 2327; x_wconf 81' lang='lat' dir='ltr'><strong>nox,</strong></span> <span class='ocrx_word' id='word_1_377' title='bbox 3488 2281 3610 2334; x_wconf 64' lang='lat' dir='ltr'><strong>quae</strong></span> 
     </span>
    </p>
   </div>
   <div class='ocr_carea' id='block_1_54' title="bbox 1984 2357 3608 2432">
    <p class='ocr_par' dir='ltr' id='par_1_54' title="bbox 1984 2357 3608 2432">
     <span class='ocr_line' id='line_1_54' title="bbox 1984 2357 3608 2432; baseline -0.004 -15"><span class='ocrx_word' id='word_1_378' title='bbox 1984 2408 1990 2417; x_wconf 91' lang='lat'><strong>.</strong></span> <span class='ocrx_word' id='word_1_379' title='bbox 2032 2379 2119 2419; x_wconf 91' lang='lat' dir='ltr'><strong>me</strong></span> <span class='ocrx_word' id='word_1_380' title='bbox 2138 2365 2435 2420; x_wconf 91' lang='lat' dir='ltr'><strong>multorum</strong></span> <span class='ocrx_word' id='word_1_381' title='bbox 2459 2378 2731 2419; x_wconf 85' lang='lat' dir='ltr'><strong>annorum</strong></span> <span class='ocrx_word' id='word_1_382' title='bbox 2752 2362 3137 2432; x_wconf 82' lang='lat' dir='ltr'><strong>imperatorem</strong></span> <span class='ocrx_word' id='word_1_383' title='bbox 3168 2360 3398 2429; x_wconf 89' lang='lat' dir='ltr'><strong>accepit,</strong></span> <span class='ocrx_word' id='word_1_384' title='bbox 3427 2357 3608 2413; x_wconf 87' lang='lat' dir='ltr'><strong>alieno</strong></span> 
     </span>
    </p>
   </div>
   <div class='ocr_carea' id='block_1_55' title="bbox 2032 2449 3609 2528">
    <p class='ocr_par' dir='ltr' id='par_1_55' title="bbox 2032 2449 3609 2528">
     <span class='ocr_line' id='line_1_55' title="bbox 2032 2449 3609 2528; baseline -0.005 -18"><span class='ocrx_word' id='word_1_385' title='bbox 2032 2455 2267 2526; x_wconf 87' lang='lat' dir='ltr'><strong>imperio</strong></span> <span class='ocrx_word' id='word_1_386' title='bbox 2308 2458 2617 2528; x_wconf 85' lang='lat' dir='ltr'><strong>subjectum</strong></span> <span class='ocrx_word' id='word_1_387' title='bbox 2660 2455 2957 2524; x_wconf 77' lang='lat' dir='ltr'><strong>relinquat.</strong></span> <span class='ocrx_word' id='word_1_388' title='bbox 3011 2473 3031 2506; x_wconf 71' lang='grc' dir='ltr'><strong>ι</strong></span> <span class='ocrx_word' id='word_1_389' title='bbox 3070 2454 3163 2508; x_wconf 88' lang='lat' dir='ltr'><strong>llis</strong></span> <span class='ocrx_word' id='word_1_390' title='bbox 3205 2450 3388 2509; x_wconf 74' lang='lat' dir='ltr'><strong>verbis</strong></span> <span class='ocrx_word' id='word_1_391' title='bbox 3422 2449 3609 2522; x_wconf 89' lang='lat' dir='ltr'><strong>junior</strong></span> 
     </span>
    </p>
   </div>
   <div class='ocr_carea' id='block_1_56' title="bbox 2033 2544 3607 2615">
    <p class='ocr_par' dir='ltr' id='par_1_56' title="bbox 2033 2544 3607 2615">
     <span class='ocr_line' id='line_1_56' title="bbox 2033 2544 3607 2615; baseline -0.005 -13"><span class='ocrx_word' id='word_1_392' title='bbox 2033 2547 2381 2602; x_wconf 80' lang='lat' dir='ltr'><strong>Andronicus</strong></span> <span class='ocrx_word' id='word_1_393' title='bbox 2422 2548 2688 2602; x_wconf 88' lang='lat' dir='ltr'><strong>deiinitus</strong></span> <span class='ocrx_word' id='word_1_394' title='bbox 2716 2546 2802 2601; x_wconf 83' lang='lat' dir='ltr'><strong>vix</strong></span> <span class='ocrx_word' id='word_1_395' title='bbox 2843 2546 3007 2601; x_wconf 90' lang='lat' dir='ltr'><strong>etiam</strong></span> <span class='ocrx_word' id='word_1_396' title='bbox 3046 2561 3075 2599; x_wconf 91' lang='lat' dir='ltr'><strong>a</strong></span> <span class='ocrx_word' id='word_1_397' title='bbox 3109 2544 3365 2615; x_wconf 84' lang='lat' dir='ltr'><strong>lacrymis</strong></span> <span class='ocrx_word' id='word_1_398' title='bbox 3398 2553 3607 2611; x_wconf 88' lang='lat' dir='ltr'><strong>tempe-</strong></span> 
     </span>
    </p>
   </div>
   <div class='ocr_carea' id='block_1_57' title="bbox 2038 2632 3613 2711">
    <p class='ocr_par' dir='ltr' id='par_1_57' title="bbox 2038 2632 3613 2711">
     <span class='ocr_line' id='line_1_57' title="bbox 2038 2632 3613 2711; baseline -0.003 -20"><span class='ocrx_word' id='word_1_399' title='bbox 2038 2652 2167 2692; x_wconf 86' lang='lat' dir='ltr'><strong>rans</strong></span> <span class='ocrx_word' id='word_1_400' title='bbox 2192 2638 2454 2707; x_wconf 85' lang='lat' dir='ltr'><strong>palatium</strong></span> <span class='ocrx_word' id='word_1_401' title='bbox 2488 2637 2796 2708; x_wconf 75' lang='lat' dir='ltr'><strong>ingreditur</strong></span> <span class='ocrx_word' id='word_1_402' title='bbox 2829 2646 2886 2691; x_wconf 90' lang='lat' dir='ltr'><strong>et</strong></span> <span class='ocrx_word' id='word_1_403' title='bbox 2919 2636 2987 2690; x_wconf 88' lang='lat' dir='ltr'><strong>de</strong></span> <span class='ocrx_word' id='word_1_404' title='bbox 3019 2636 3192 2690; x_wconf 87' lang='lat' dir='ltr'><strong>salute</strong></span> <span class='ocrx_word' id='word_1_405' title='bbox 3209 2635 3295 2689; x_wconf 89' lang='lat' dir='ltr'><strong>avi</strong></span> <span class='ocrx_word' id='word_1_406' title='bbox 3322 2648 3508 2688; x_wconf 88' lang='lat' dir='ltr'><strong>curam</strong></span> <span class='ocrx_word' id='word_1_407' title='bbox 3530 2632 3613 2711; x_wconf 85' lang='lat' dir='ltr'><strong>di-</strong></span> 
     </span>
    </p>
   </div>
   <div class='ocr_carea' id='block_1_58' title="bbox 2035 2722 3611 2799">
    <p class='ocr_par' dir='ltr' id='par_1_58' title="bbox 2035 2722 3611 2799">
     <span class='ocr_line' id='line_1_58' title="bbox 2035 2722 3611 2799; baseline -0.004 -15"><span class='ocrx_word' id='word_1_408' title='bbox 2035 2730 2294 2799; x_wconf 72' lang='lat' dir='ltr'><strong>ligentem</strong></span> <span class='ocrx_word' id='word_1_409' title='bbox 2320 2729 2566 2798; x_wconf 86' lang='lat' dir='ltr'><strong>suscipit.</strong></span> <span class='ocrx_word' id='word_1_410' title='bbox 2599 2728 2678 2784; x_wconf 83' lang='lat' dir='ltr'><strong>Ac</strong></span> <span class='ocrx_word' id='word_1_411' title='bbox 2711 2728 2944 2799; x_wconf 89' lang='lat' dir='ltr'><strong>primum</strong></span> <span class='ocrx_word' id='word_1_412' title='bbox 2978 2726 3344 2781; x_wconf 84' lang='lat' dir='ltr'><strong>venerabilem</strong></span> <span class='ocrx_word' id='word_1_413' title='bbox 3378 2724 3473 2779; x_wconf 86' lang='lat' dir='ltr'><strong>Dei</strong></span> <span class='ocrx_word' id='word_1_414' title='bbox 3507 2722 3611 2779; x_wconf 83' lang='lat' dir='ltr'><strong>Gc-</strong></span> 
     </span>
    </p>
   </div>
   <div class='ocr_carea' id='block_1_59' title="bbox 2037 2818 3615 2892">
    <p class='ocr_par' dir='ltr' id='par_1_59' title="bbox 2037 2818 3615 2892">
     <span class='ocr_line' id='line_1_59' title="bbox 2037 2818 3615 2892; baseline -0.006 -16"><span class='ocrx_word' id='word_1_415' title='bbox 2037 2821 2251 2877; x_wconf 88' lang='lat' dir='ltr'><strong>nitricis</strong></span> <span class='ocrx_word' id='word_1_416' title='bbox 2280 2822 2571 2892; x_wconf 76' lang='lat' dir='ltr'><strong>imaginem</strong></span> <span class='ocrx_word' id='word_1_417' title='bbox 2598 2837 2661 2877; x_wconf 88' lang='lat' dir='ltr'><strong>ea</strong></span> <span class='ocrx_word' id='word_1_418' title='bbox 2695 2837 2800 2890; x_wconf 88' lang='lat' dir='ltr'><strong>qua</strong></span> <span class='ocrx_word' id='word_1_419' title='bbox 2826 2836 2922 2891; x_wconf 89' lang='lat' dir='ltr'><strong>par</strong></span> <span class='ocrx_word' id='word_1_420' title='bbox 2952 2829 3039 2875; x_wconf 88' lang='lat' dir='ltr'><strong>est</strong></span> <span class='ocrx_word' id='word_1_421' title='bbox 3065 2818 3383 2875; x_wconf 84' lang='lat' dir='ltr'><strong>adoratione</strong></span> <span class='ocrx_word' id='word_1_422' title='bbox 3415 2818 3615 2885; x_wconf 80' lang='lat' dir='ltr'><strong>imper-</strong></span> 
     </span>
    </p>
   </div>
   <div class='ocr_carea' id='block_1_60' title="bbox 2038 2908 3609 2977">
    <p class='ocr_par' dir='ltr' id='par_1_60' title="bbox 2038 2908 3609 2977">
     <span class='ocr_line' id='line_1_60' title="bbox 2038 2908 3609 2977; baseline -0.003 -12"><span class='ocrx_word' id='word_1_423' title='bbox 2038 2912 2138 2977; x_wconf 89' lang='lat' dir='ltr'><strong>tit;</strong></span> <span class='ocrx_word' id='word_1_424' title='bbox 2168 2913 2369 2969; x_wconf 85' lang='lat' dir='ltr'><strong>deinde</strong></span> <span class='ocrx_word' id='word_1_425' title='bbox 2388 2927 2548 2966; x_wconf 85' lang='lat' dir='ltr'><strong>avum</strong></span> <span class='ocrx_word' id='word_1_426' title='bbox 2570 2912 2649 2967; x_wconf 90' lang='lat' dir='ltr'><strong>illi</strong></span> <span class='ocrx_word' id='word_1_427' title='bbox 2678 2912 3038 2967; x_wconf 57' lang='lat' dir='ltr'><strong>inhaerentem</strong></span> <span class='ocrx_word' id='word_1_428' title='bbox 3068 2910 3363 2966; x_wconf 89' lang='lat' dir='ltr'><strong>abductum</strong></span> <span class='ocrx_word' id='word_1_429' title='bbox 3389 2908 3609 2974; x_wconf 80' lang='lat' dir='ltr'><strong>Salutat,</strong></span> 
     </span>
    </p>
   </div>
   <div class='ocr_carea' id='block_1_61' title="bbox 2036 2992 3205 3073">
    <p class='ocr_par' dir='ltr' id='par_1_61' title="bbox 2036 2992 3205 3073">
     <span class='ocr_line' id='line_1_61' title="bbox 2036 2992 3205 3073; baseline -0.003 -16"><span class='ocrx_word' id='word_1_430' title='bbox 2036 2992 2385 3073; x_wconf 82' lang='lat' dir='ltr'><strong>amplectitur</strong></span> <span class='ocrx_word' id='word_1_431' title='bbox 2414 3011 2472 3059; x_wconf 89' lang='lat' dir='ltr'><strong>et</strong></span> <span class='ocrx_word' id='word_1_432' title='bbox 2507 3001 2723 3058; x_wconf 87' lang='lat' dir='ltr'><strong>blandis</strong></span> <span class='ocrx_word' id='word_1_433' title='bbox 2754 3001 2937 3057; x_wconf 86' lang='lat' dir='ltr'><strong>verbis</strong></span> <span class='ocrx_word' id='word_1_434' title='bbox 2972 3008 3205 3056; x_wconf 88' lang='lat' dir='ltr'><strong>recreat.</strong></span> 
     </span>
    </p>
   </div>
   <div class='ocr_carea' id='block_1_62' title="bbox 363 3086 3612 3163">
    <p class='ocr_par' dir='ltr' id='par_1_62' title="bbox 363 3086 3612 3163">
     <span class='ocr_line' id='line_1_62' title="bbox 363 3086 3612 3163; baseline 0.002 -24"><span class='ocrx_word' id='word_1_435' title='bbox 363 3086 489 3139; x_wconf 72' lang='grc' dir='ltr'><strong>κόνι</strong></span> <span class='ocrx_word' id='word_1_436' title='bbox 526 3087 641 3158; x_wconf 83' lang='grc'><strong>(89)</strong></span> <span class='ocrx_word' id='word_1_437' title='bbox 667 3087 766 3158; x_wconf 77' lang='grc' dir='ltr'><strong>τὴν</strong></span> <span class='ocrx_word' id='word_1_438' title='bbox 794 3090 1179 3160; x_wconf 78' lang='grc' dir='ltr'><strong>προσήκουσαν</strong></span> <span class='ocrx_word' id='word_1_439' title='bbox 1219 3091 1453 3156; x_wconf 76' lang='grc' dir='ltr'><strong>ἀποδοὺς</strong></span> <span class='ocrx_word' id='word_1_440' title='bbox 1480 3095 1875 3163; x_wconf 81' lang='grc' dir='ltr'><strong>προσκύνησιν,</strong></span> <span class='ocrx_word' id='word_1_441' title='bbox 1917 3093 2104 3149; x_wconf 79' lang='grc' dir='ltr'><strong>ἔπειτα</strong></span> <span class='ocrx_word' id='word_1_442' title='bbox 2122 3093 2214 3148; x_wconf 78' lang='grc' dir='ltr'><strong>τὸν</strong></span> <span class='ocrx_word' id='word_1_443' title='bbox 2236 3096 2463 3149; x_wconf 84' lang='grc' dir='ltr'>πάππον</span> <span class='ocrx_word' id='word_1_444' title='bbox 2490 3092 2693 3162; x_wconf 84' lang='grc' dir='ltr'><strong>ταύτης</strong></span> <span class='ocrx_word' id='word_1_445' title='bbox 2720 3092 2976 3163; x_wconf 74' lang='grc' dir='ltr'><strong>ἐχόμενον</strong></span> <span class='ocrx_word' id='word_1_446' title='bbox 3004 3090 3291 3146; x_wconf 72' lang='grc' dir='ltr'><strong>ἀπολαϐὼν</strong></span> <span class='ocrx_word' id='word_1_447' title='bbox 3326 3092 3612 3162; x_wconf 77' lang='grc' dir='ltr'><strong>ἠσπάσατό</strong></span> 
     </span>
    </p>
   </div>
   <div class='ocr_carea' id='block_1_63' title="bbox 699 3182 723 3200">
    <p class='ocr_par' dir='ltr' id='par_1_63' title="bbox 699 3182 723 3200">
     <span class='ocr_line' id='line_1_63' title="bbox 699 3182 723 3200; baseline 0 -5"><span class='ocrx_word' id='word_1_448' title='bbox 699 3182 723 3200; x_wconf 68' lang='grc' dir='ltr'><strong>ρ</strong></span> 
     </span>
    </p>
   </div>
   <div class='ocr_carea' id='block_1_64' title="bbox 360 3183 1988 3261">
    <p class='ocr_par' dir='ltr' id='par_1_64' title="bbox 360 3183 1988 3261">
     <span class='ocr_line' id='line_1_64' title="bbox 360 3183 1988 3261; baseline 0.006 -26"><span class='ocrx_word' id='word_1_449' title='bbox 360 3199 421 3235; x_wconf 87' lang='grc' dir='ltr'><strong>τε</strong></span> <span class='ocrx_word' id='word_1_450' title='bbox 453 3183 928 3251; x_wconf 80' lang='grc' dir='ltr'><strong>περιπτυξάμενος</strong></span> <span class='ocrx_word' id='word_1_451' title='bbox 960 3185 1053 3239; x_wconf 76' lang='grc' dir='ltr'><strong>καὶ</strong></span> <span class='ocrx_word' id='word_1_452' title='bbox 1086 3184 1265 3255; x_wconf 82' lang='grc' dir='ltr'><strong>λόγοις</strong></span> <span class='ocrx_word' id='word_1_453' title='bbox 1303 3187 1644 3258; x_wconf 71' lang='grc' dir='ltr'><strong>ἀνεκτήσατο</strong></span> <span class='ocrx_word' id='word_1_454' title='bbox 1684 3189 1988 3261; x_wconf 81' lang='grc' dir='ltr'><strong>μειλιχίοις.</strong></span> 
     </span>
    </p>
   </div>
   <div class='ocr_carea' id='block_1_65' title="bbox 435 3267 1935 3352">
    <p class='ocr_par' dir='ltr' id='par_1_65' title="bbox 435 3272 1935 3352">
     <span class='ocr_line' id='line_1_65' title="bbox 435 3272 1935 3352; baseline 0.007 -27"><span class='ocrx_word' id='word_1_455' title='bbox 435 3272 512 3326; x_wconf 91' lang='lat' dir='ltr'><strong>Z&#39;.</strong></span> <span class='ocrx_word' id='word_1_456' title='bbox 560 3273 798 3328; x_wconf 81' lang='grc' dir='ltr'>Ἐκεῖθεν</span> <span class='ocrx_word' id='word_1_457' title='bbox 827 3274 1043 3330; x_wconf 79' lang='grc' dir='ltr'><strong>ἄπεισιν</strong></span> <span class='ocrx_word' id='word_1_458' title='bbox 1093 3278 1176 3340; x_wconf 87' lang='grc' dir='ltr'><strong>είς</strong></span> <span class='ocrx_word' id='word_1_459' title='bbox 1223 3277 1323 3349; x_wconf 77' lang='grc' dir='ltr'><strong>τὴν</strong></span> <span class='ocrx_word' id='word_1_460' title='bbox 1363 3278 1469 3333; x_wconf 86' lang='grc' dir='ltr'><strong>τῶν</strong></span> <span class='ocrx_word' id='word_1_461' title='bbox 1496 3281 1809 3350; x_wconf 84' lang='grc' dir='ltr'><strong>Μαγγάνων</strong></span> <span class='ocrx_word' id='word_1_462' title='bbox 1842 3298 1935 3352; x_wconf 82' lang='grc' dir='ltr'><strong>μο-</strong></span> 
     </span>
    </p>
   </div>
   <div class='ocr_carea' id='block_1_66' title="bbox 2034 3267 3608 3352">
    <p class='ocr_par' dir='ltr' id='par_1_66' title="bbox 2065 3267 3608 3344">
     <span class='ocr_line' id='line_1_66' title="bbox 2065 3267 3608 3344; baseline -0.011 -6"><span class='ocrx_word' id='word_1_463' title='bbox 2065 3323 2080 3338; x_wconf 93' lang='grc'><strong>.</strong></span> <span class='ocrx_word' id='word_1_464' title='bbox 2109 3275 2220 3333; x_wconf 83' lang='lat' dir='ltr'><strong>Vll.</strong></span> <span class='ocrx_word' id='word_1_465' title='bbox 2252 3274 2385 3331; x_wconf 90' lang='lat' dir='ltr'><strong>Inde</strong></span> <span class='ocrx_word' id='word_1_466' title='bbox 2416 3274 2472 3328; x_wconf 91' lang='lat' dir='ltr'><strong>in</strong></span> <span class='ocrx_word' id='word_1_467' title='bbox 2505 3274 2892 3344; x_wconf 76' lang='lat' dir='ltr'><strong>Manganorum</strong></span> <span class='ocrx_word' id='word_1_468' title='bbox 2921 3270 3313 3326; x_wconf 87' lang='lat' dir='ltr'><strong>monasterium</strong></span> <span class='ocrx_word' id='word_1_469' title='bbox 3347 3269 3482 3336; x_wconf 91' lang='lat' dir='ltr'><strong>abit,</strong></span> <span class='ocrx_word' id='word_1_470' title='bbox 3516 3267 3608 3325; x_wconf 84' lang='lat' dir='ltr'><strong>ubi</strong></span> 
     </span>
    </p>
   </div>
   <div class='ocr_carea' id='block_1_67' title="bbox 361 3360 1935 3441">
    <p class='ocr_par' dir='ltr' id='par_1_67' title="bbox 361 3360 1935 3441">
     <span class='ocr_line' id='line_1_67' title="bbox 361 3360 1935 3441; baseline 0.009 -30"><span class='ocrx_word' id='word_1_471' title='bbox 361 3360 483 3432; x_wconf 70' lang='grc' dir='ltr'><strong>νῆν,</strong></span> <span class='ocrx_word' id='word_1_472' title='bbox 516 3360 642 3416; x_wconf 77' lang='grc' dir='ltr'>ἔνθα</span> <span class='ocrx_word' id='word_1_473' title='bbox 678 3364 891 3432; x_wconf 85' lang='grc' dir='ltr'><strong>φθάσας</strong></span> <span class='ocrx_word' id='word_1_474' title='bbox 932 3367 960 3419; x_wconf 84' lang='grc' dir='ltr'>ὁ</span> <span class='ocrx_word' id='word_1_475' title='bbox 987 3364 1144 3434; x_wconf 88' lang='grc' dir='ltr'><strong>λόγος</strong></span> <span class='ocrx_word' id='word_1_476' title='bbox 1173 3366 1446 3439; x_wconf 78' lang='grc' dir='ltr'><strong>ἐδήλωσεν</strong></span> <span class='ocrx_word' id='word_1_477' title='bbox 1495 3372 1554 3424; x_wconf 76' lang='grc' dir='ltr'>ἐν</span> <span class='ocrx_word' id='word_1_478' title='bbox 1583 3371 1804 3441; x_wconf 82' lang='grc' dir='ltr'><strong>ἀδέσμῳ</strong></span> <span class='ocrx_word' id='word_1_479' title='bbox 1835 3388 1935 3440; x_wconf 81' lang='grc' dir='ltr'><strong>φυ-</strong></span> 
     </span>
    </p>
   </div>
   <div class='ocr_carea' id='block_1_68' title="bbox 362 3454 1931 3530">
    <p class='ocr_par' dir='ltr' id='par_1_68' title="bbox 362 3454 1931 3530">
     <span class='ocr_line' id='line_1_68' title="bbox 362 3454 1931 3530; baseline 0.004 -24"><span class='ocrx_word' id='word_1_480' title='bbox 362 3454 506 3525; x_wconf 76' lang='grc' dir='ltr'><strong>λακῇ</strong></span> <span class='ocrx_word' id='word_1_481' title='bbox 530 3454 620 3507; x_wconf 80' lang='grc' dir='ltr'><strong>τὸν</strong></span> <span class='ocrx_word' id='word_1_482' title='bbox 652 3456 993 3528; x_wconf 85' lang='grc' dir='ltr'><strong>πατριάρχην</strong></span> <span class='ocrx_word' id='word_1_483' title='bbox 1032 3457 1254 3512; x_wconf 76' lang='grc' dir='ltr'><strong>Ἡσαΐαν</strong></span> <span class='ocrx_word' id='word_1_484' title='bbox 1288 3458 1580 3530; x_wconf 81' lang='grc' dir='ltr'><strong>καθῆσθαι.</strong></span> <span class='ocrx_word' id='word_1_485' title='bbox 1612 3461 1812 3516; x_wconf 82' lang='grc' dir='ltr'><strong>Τοῦτον</strong></span> <span class='ocrx_word' id='word_1_486' title='bbox 1840 3460 1931 3515; x_wconf 80' lang='grc' dir='ltr'><strong>οὖν</strong></span> 
     </span>
    </p>
   </div>
   <div class='ocr_carea' id='block_1_69' title="bbox 364 3544 1931 3625">
    <p class='ocr_par' dir='ltr' id='par_1_69' title="bbox 364 3544 1931 3625">
     <span class='ocr_line' id='line_1_69' title="bbox 364 3544 1931 3625; baseline 0.006 -29"><span class='ocrx_word' id='word_1_487' title='bbox 364 3544 503 3616; x_wconf 80' lang='grc' dir='ltr'><strong>ἄρας</strong></span> <span class='ocrx_word' id='word_1_488' title='bbox 541 3545 748 3601; x_wconf 74' lang='grc' dir='ltr'><strong>ἐκεῖθεν</strong></span> <span class='ocrx_word' id='word_1_489' title='bbox 798 3548 890 3600; x_wconf 74' lang='grc' dir='ltr'><strong>καὶ</strong></span> <span class='ocrx_word' id='word_1_490' title='bbox 946 3549 1031 3618; x_wconf 74' lang='grc' dir='ltr'><strong>ἐφ’</strong></span> <span class='ocrx_word' id='word_1_491' title='bbox 1057 3548 1117 3602; x_wconf 78' lang='grc' dir='ltr'><strong>ἓν</strong></span> <span class='ocrx_word' id='word_1_492' title='bbox 1151 3550 1261 3603; x_wconf 81' lang='grc' dir='ltr'><strong>τῶν</strong></span> <span class='ocrx_word' id='word_1_493' title='bbox 1315 3551 1609 3620; x_wconf 86' lang='grc' dir='ltr'><strong>βασιλικῶν</strong></span> <span class='ocrx_word' id='word_1_494' title='bbox 1637 3552 1931 3625; x_wconf 83' lang='grc' dir='ltr'><strong>ὀχημάτων</strong></span> 
     </span>
    </p>
   </div>
   <div class='ocr_carea' id='block_1_70' title="bbox 364 3634 1927 3711">
    <p class='ocr_par' dir='ltr' id='par_1_70' title="bbox 364 3634 1927 3711">
     <span class='ocr_line' id='line_1_70' title="bbox 364 3634 1927 3711; baseline 0.006 -25"><span class='ocrx_word' id='word_1_495' title='bbox 364 3634 725 3700; x_wconf 75' lang='grc' dir='ltr'><strong>ἀναϐιϐάσας,</strong></span> <span class='ocrx_word' id='word_1_496' title='bbox 750 3636 837 3699; x_wconf 67' lang='grc' dir='ltr'><strong>ὡς,</strong></span> <span class='ocrx_word' id='word_1_497' title='bbox 849 3634 958 3709; x_wconf 75' lang='grc' dir='ltr'><strong>εἶχε</strong></span> <span class='ocrx_word' id='word_1_498' title='bbox 982 3639 1089 3692; x_wconf 90' lang='grc' dir='ltr'><strong>τῶν</strong></span> <span class='ocrx_word' id='word_1_499' title='bbox 1114 3639 1503 3711; x_wconf 76' lang='grc' dir='ltr'><strong>ἐρυθροϐαφῶν</strong></span> <span class='ocrx_word' id='word_1_500' title='bbox 1535 3645 1927 3711; x_wconf 77' lang='grc' dir='ltr'><strong>κοσμημάτων,</strong></span> 
     </span>
    </p>
   </div>
   <div class='ocr_carea' id='block_1_71' title="bbox 365 3726 1929 3803">
    <p class='ocr_par' dir='ltr' id='par_1_71' title="bbox 365 3726 1929 3803">
     <span class='ocr_line' id='line_1_71' title="bbox 365 3726 1929 3803; baseline 0.006 -26"><span class='ocrx_word' id='word_1_501' title='bbox 365 3726 446 3796; x_wconf 81' lang='grc' dir='ltr'><strong>τῷ</strong></span> <span class='ocrx_word' id='word_1_502' title='bbox 481 3728 861 3799; x_wconf 84' lang='grc' dir='ltr'><strong>πατριαρχικῷ</strong></span> <span class='ocrx_word' id='word_1_503' title='bbox 888 3729 1068 3800; x_wconf 78' lang='grc' dir='ltr'><strong>φέρων</strong></span> <span class='ocrx_word' id='word_1_504' title='bbox 1101 3730 1392 3784; x_wconf 77' lang='grc' dir='ltr'><strong>ἀποδίδωσι</strong></span> <span class='ocrx_word' id='word_1_505' title='bbox 1424 3730 1599 3803; x_wconf 85' lang='grc' dir='ltr'>θρόνῳ</span> <span class='ocrx_word' id='word_1_506' title='bbox 1619 3748 1632 3762; x_wconf 89' lang='grc'>·</span> <span class='ocrx_word' id='word_1_507' title='bbox 1668 3732 1769 3786; x_wconf 83' lang='grc' dir='ltr'><strong>οὐκ</strong></span> <span class='ocrx_word' id='word_1_508' title='bbox 1809 3734 1929 3787; x_wconf 81' lang='grc' dir='ltr'><strong>ἐπι-</strong></span> 
     </span>
    </p>
   </div>
   <div class='ocr_carea' id='block_1_72' title="bbox 365 3808 1932 3895">
    <p class='ocr_par' dir='ltr' id='par_1_72' title="bbox 365 3808 1932 3895">
     <span class='ocr_line' id='line_1_72' title="bbox 365 3808 1932 3895; baseline 0.008 -26"><span class='ocrx_word' id='word_1_509' title='bbox 365 3818 588 3871; x_wconf 77' lang='grc' dir='ltr'><strong>σκόπων</strong></span> <span class='ocrx_word' id='word_1_510' title='bbox 621 3820 783 3872; x_wconf 87' lang='grc' dir='ltr'><strong>τινῶν</strong></span> <span class='ocrx_word' id='word_1_511' title='bbox 812 3820 933 3874; x_wconf 75' lang='grc' dir='ltr'><strong>οὐδὲ</strong></span> <span class='ocrx_word' id='word_1_512' title='bbox 976 3823 1364 3895; x_wconf 76' lang='grc' dir='ltr'><strong>πρεσϐυτέριον</strong></span> <span class='ocrx_word' id='word_1_513' title='bbox 1397 3808 1801 3890; x_wconf 66' lang='grc' dir='ltr'><strong>προοξευόντων</strong></span> <span class='ocrx_word' id='word_1_514' title='bbox 1835 3828 1932 3881; x_wconf 71' lang='grc' dir='ltr'><strong>καὶ</strong></span> 
     </span>
    </p>
   </div>
   <div class='ocr_carea' id='block_1_73' title="bbox 366 3907 1934 3993">
    <p class='ocr_par' dir='ltr' id='par_1_73' title="bbox 366 3907 1934 3993">
     <span class='ocr_line' id='line_1_73' title="bbox 366 3907 1934 3993; baseline -0.006 -16"><span class='ocrx_word' id='word_1_515' title='bbox 366 3907 673 3976; x_wconf 62' lang='grc' dir='ltr'><strong>ξπημαίνων,</strong></span> <span class='ocrx_word' id='word_1_516' title='bbox 716 3909 832 3962; x_wconf 79' lang='grc' dir='ltr'><strong>ἀλλ’</strong></span> <span class='ocrx_word' id='word_1_517' title='bbox 879 3911 1127 3983; x_wconf 81' lang='grc' dir='ltr'><strong>αὐλητῶν</strong></span> <span class='ocrx_word' id='word_1_518' title='bbox 1155 3914 1250 3966; x_wconf 81' lang='grc' dir='ltr'><strong>καὶ</strong></span> <span class='ocrx_word' id='word_1_519' title='bbox 1279 3913 1612 3986; x_wconf 81' lang='grc' dir='ltr'><strong>αὐλητρίδων</strong></span> <span class='ocrx_word' id='word_1_520' title='bbox 1642 3918 1738 3969; x_wconf 78' lang='grc' dir='ltr'><strong>καὶ</strong></span> <span class='ocrx_word' id='word_1_521' title='bbox 1766 3917 1902 3993; x_wconf 84' lang='grc' dir='ltr'><strong>ὀρχη</strong></span> <span class='ocrx_word' id='word_1_522' title='bbox 1920 3947 1934 3959; x_wconf 84' lang='grc'><strong><em>-</em></strong></span> 
     </span>
    </p>
   </div>
   <div class='ocr_carea' id='block_1_74' title="bbox 367 4000 1937 4080">
    <p class='ocr_par' dir='ltr' id='par_1_74' title="bbox 367 4000 1937 4080">
     <span class='ocr_line' id='line_1_74' title="bbox 367 4000 1937 4080; baseline 0.007 -29"><span class='ocrx_word' id='word_1_523' title='bbox 367 4000 514 4053; x_wconf 88' lang='grc' dir='ltr'><strong>στῶν</strong></span> <span class='ocrx_word' id='word_1_524' title='bbox 542 4005 636 4055; x_wconf 80' lang='grc' dir='ltr'><strong>καὶ</strong></span> <span class='ocrx_word' id='word_1_525' title='bbox 660 4003 1030 4076; x_wconf 75' lang='grc' dir='ltr'><strong>ὀρχηστρίδων</strong></span> <span class='ocrx_word' id='word_1_526' title='bbox 1060 4007 1158 4061; x_wconf 79' lang='grc' dir='ltr'><strong>σὺν</strong></span> <span class='ocrx_word' id='word_1_527' title='bbox 1211 4007 1375 4078; x_wconf 81' lang='grc' dir='ltr'><strong>ᾠδαῖς</strong></span> <span class='ocrx_word' id='word_1_528' title='bbox 1429 4008 1790 4079; x_wconf 84' lang='grc' dir='ltr'><strong>χαρμοσύνοις</strong></span> <span class='ocrx_word' id='word_1_529' title='bbox 1838 4012 1937 4080; x_wconf 84' lang='grc' dir='ltr'><strong>τὴν</strong></span> 
     </span>
    </p>
   </div>
   <div class='ocr_carea' id='block_1_75' title="bbox 365 4093 1937 4173">
    <p class='ocr_par' dir='ltr' id='par_1_75' title="bbox 365 4093 1937 4173">
     <span class='ocr_line' id='line_1_75' title="bbox 365 4093 1937 4173; baseline 0.008 -30"><span class='ocrx_word' id='word_1_530' title='bbox 365 4093 595 4162; x_wconf 82' lang='grc' dir='ltr'>πομπὴν</span> <span class='ocrx_word' id='word_1_531' title='bbox 622 4097 959 4166; x_wconf 81' lang='grc' dir='ltr'><strong>ποιουμένων</strong></span> <span class='ocrx_word' id='word_1_532' title='bbox 986 4100 1223 4171; x_wconf 72' lang='grc' dir='ltr'><strong>ἐκείνην.</strong></span> <span class='ocrx_word' id='word_1_533' title='bbox 1258 4097 1358 4156; x_wconf 84' lang='grc' dir='ltr'><strong>Ὧν</strong></span> <span class='ocrx_word' id='word_1_534' title='bbox 1384 4102 1484 4173; x_wconf 88' lang='grc' dir='ltr'><strong>μία</strong></span> <span class='ocrx_word' id='word_1_535' title='bbox 1505 4105 1672 4173; x_wconf 67' lang='grc' dir='ltr'><strong>τιςίὴ</strong></span> <span class='ocrx_word' id='word_1_536' title='bbox 1701 4103 1937 4173; x_wconf 87' lang='grc' dir='ltr'><strong>μάλιστα</strong></span> 
     </span>
    </p>
   </div>
   <div class='ocr_carea' id='block_1_76' title="bbox 364 4183 1931 4266">
    <p class='ocr_par' dir='ltr' id='par_1_76' title="bbox 364 4183 1931 4266">
     <span class='ocr_line' id='line_1_76' title="bbox 364 4183 1931 4266; baseline 0.007 -31"><span class='ocrx_word' id='word_1_537' title='bbox 364 4183 476 4235; x_wconf 90' lang='grc' dir='ltr'><strong>τῶν</strong></span> <span class='ocrx_word' id='word_1_538' title='bbox 491 4183 666 4238; x_wconf 81' lang='grc' dir='ltr'><strong>ἄλλων</strong></span> <span class='ocrx_word' id='word_1_539' title='bbox 682 4186 1019 4258; x_wconf 74' lang='grc' dir='ltr'><strong>αἷύλητρίδων</strong></span> <span class='ocrx_word' id='word_1_540' title='bbox 1040 4190 1407 4265; x_wconf 84' lang='grc' dir='ltr'><strong>δοκιμωτάτη,</strong></span> <span class='ocrx_word' id='word_1_541' title='bbox 1427 4194 1595 4247; x_wconf 79' lang='grc' dir='ltr'>ἵππου</span> <span class='ocrx_word' id='word_1_542' title='bbox 1613 4196 1669 4247; x_wconf 78' lang='grc' dir='ltr'><strong>ἐν</strong></span> <span class='ocrx_word' id='word_1_543' title='bbox 1694 4196 1931 4266; x_wconf 85' lang='grc' dir='ltr'><strong>ἀνδρικῷ</strong></span> 
     </span>
    </p>
   </div>
   <div class='ocr_carea' id='block_1_77' title="bbox 361 4268 1935 4352">
    <p class='ocr_par' dir='ltr' id='par_1_77' title="bbox 361 4268 1935 4352">
     <span class='ocr_line' id='line_1_77' title="bbox 361 4268 1935 4352; baseline 0.008 -30"><span class='ocrx_word' id='word_1_544' title='bbox 361 4268 446 4340; x_wconf 81' lang='grc' dir='ltr'><strong>τῷ</strong></span> <span class='ocrx_word' id='word_1_545' title='bbox 481 4273 718 4343; x_wconf 76' lang='grc' dir='ltr'><strong>σχήματι</strong></span> <span class='ocrx_word' id='word_1_546' title='bbox 744 4276 1098 4331; x_wconf 77' lang='grc' dir='ltr'><strong>έπιὸαίνουσα</strong></span> <span class='ocrx_word' id='word_1_547' title='bbox 1121 4282 1232 4342; x_wconf 78' lang='grc' dir='ltr'><strong>τοῖς</strong></span> <span class='ocrx_word' id='word_1_548' title='bbox 1266 4282 1717 4352; x_wconf 85' lang='grc' dir='ltr'><strong>στρατευομένοις</strong></span> <span class='ocrx_word' id='word_1_549' title='bbox 1750 4282 1935 4335; x_wconf 75' lang='grc' dir='ltr'><strong>εἵπετο</strong></span> 
     </span>
    </p>
   </div>
   <div class='ocr_carea' id='block_1_78' title="bbox 367 4363 1936 4443">
    <p class='ocr_par' dir='ltr' id='par_1_78' title="bbox 367 4363 1936 4443">
     <span class='ocr_line' id='line_1_78' title="bbox 367 4363 1936 4443; baseline 0.01 -30"><span class='ocrx_word' id='word_1_550' title='bbox 367 4363 475 4432; x_wconf 84' lang='grc' dir='ltr'><strong>μὲν</strong></span> <span class='ocrx_word' id='word_1_551' title='bbox 507 4364 600 4415; x_wconf 72' lang='grc' dir='ltr'><strong>καὶ</strong></span> <span class='ocrx_word' id='word_1_552' title='bbox 626 4367 907 4436; x_wconf 80' lang='grc' dir='ltr'><strong>πρότερον,</strong></span> <span class='ocrx_word' id='word_1_553' title='bbox 936 4369 1122 4423; x_wconf 76' lang='grc' dir='ltr'><strong>εἵπετο</strong></span> <span class='ocrx_word' id='word_1_554' title='bbox 1146 4370 1203 4424; x_wconf 81' lang='grc' dir='ltr'><strong>δὲ</strong></span> <span class='ocrx_word' id='word_1_555' title='bbox 1222 4372 1316 4425; x_wconf 73' lang='lat' dir='ltr'><strong>xxi.</strong></span> <span class='ocrx_word' id='word_1_556' title='bbox 1340 4371 1435 4424; x_wconf 78' lang='grc' dir='ltr'><strong>νῦν</strong></span> <span class='ocrx_word' id='word_1_557' title='bbox 1468 4372 1936 4443; x_wconf 83' lang='grc' dir='ltr'><strong>προπομπεύουσά</strong></span> 
     </span>
    </p>
   </div>
   <div class='ocr_carea' id='block_1_79' title="bbox 362 4456 1938 4537">
    <p class='ocr_par' dir='ltr' id='par_1_79' title="bbox 362 4456 1938 4537">
     <span class='ocr_line' id='line_1_79' title="bbox 362 4456 1938 4537; baseline 0.008 -31"><span class='ocrx_word' id='word_1_558' title='bbox 362 4471 428 4508; x_wconf 77' lang='grc' dir='ltr'><strong>τε</strong></span> <span class='ocrx_word' id='word_1_559' title='bbox 467 4456 546 4527; x_wconf 84' lang='grc' dir='ltr'><strong>τῷ</strong></span> <span class='ocrx_word' id='word_1_560' title='bbox 590 4460 897 4533; x_wconf 75' lang='grc' dir='ltr'><strong>πατριάρχῃ</strong></span> <span class='ocrx_word' id='word_1_561' title='bbox 933 4463 1025 4514; x_wconf 79' lang='grc' dir='ltr'><strong>καὶ</strong></span> <span class='ocrx_word' id='word_1_562' title='bbox 1068 4464 1187 4525; x_wconf 81' lang='grc' dir='ltr'><strong>ταῖς</strong></span> <span class='ocrx_word' id='word_1_563' title='bbox 1215 4464 1474 4535; x_wconf 82' lang='grc' dir='ltr'><strong>συνήθεσι</strong></span> <span class='ocrx_word' id='word_1_564' title='bbox 1510 4466 1607 4519; x_wconf 82' lang='grc' dir='ltr'><strong>καὶ</strong></span> <span class='ocrx_word' id='word_1_565' title='bbox 1651 4469 1938 4537; x_wconf 85' lang='grc' dir='ltr'><strong>πορνικαῖς</strong></span> 
     </span>
    </p>
   </div>
   <div class='ocr_carea' id='block_1_80' title="bbox 2036 3360 3610 3439">
    <p class='ocr_par' dir='ltr' id='par_1_80' title="bbox 2036 3360 3610 3439">
     <span class='ocr_line' id='line_1_80' title="bbox 2036 3360 3610 3439; baseline -0.004 -16"><span class='ocrx_word' id='word_1_566' title='bbox 2036 3365 2402 3439; x_wconf 85' lang='lat' dir='ltr'><strong>patriarcham</strong></span> <span class='ocrx_word' id='word_1_567' title='bbox 2437 3364 2632 3419; x_wconf 83' lang='lat' dir='ltr'><strong>Isaiam</strong></span> <span class='ocrx_word' id='word_1_568' title='bbox 2668 3364 2721 3417; x_wconf 93' lang='lat' dir='ltr'><strong>in</strong></span> <span class='ocrx_word' id='word_1_569' title='bbox 2769 3361 3018 3417; x_wconf 85' lang='lat' dir='ltr'><strong>custodia</strong></span> <span class='ocrx_word' id='word_1_570' title='bbox 3055 3360 3293 3416; x_wconf 86' lang='lat' dir='ltr'><strong>vinculis</strong></span> <span class='ocrx_word' id='word_1_571' title='bbox 3325 3360 3497 3415; x_wconf 88' lang='lat' dir='ltr'><strong>libera</strong></span> <span class='ocrx_word' id='word_1_572' title='bbox 3528 3377 3610 3416; x_wconf 76' lang='lat' dir='ltr'><strong>se-</strong></span> 
     </span>
    </p>
   </div>
   <div class='ocr_carea' id='block_1_81' title="bbox 2038 3449 3609 3518">
    <p class='ocr_par' dir='ltr' id='par_1_81' title="bbox 2038 3449 3609 3518">
     <span class='ocr_line' id='line_1_81' title="bbox 2038 3449 3609 3518; baseline -0.008 -3"><span class='ocrx_word' id='word_1_573' title='bbox 2038 3460 2171 3516; x_wconf 90' lang='lat' dir='ltr'><strong>dere</strong></span> <span class='ocrx_word' id='word_1_574' title='bbox 2201 3456 2459 3513; x_wconf 85' lang='lat' dir='ltr'><strong>diximus.</strong></span> <span class='ocrx_word' id='word_1_575' title='bbox 2485 3454 2657 3518; x_wconf 83' lang='lat' dir='ltr'><strong>Quem</strong></span> <span class='ocrx_word' id='word_1_576' title='bbox 2692 3452 2818 3507; x_wconf 90' lang='lat' dir='ltr'><strong>inde</strong></span> <span class='ocrx_word' id='word_1_577' title='bbox 2843 3452 3144 3506; x_wconf 87' lang='lat' dir='ltr'><strong>abductum</strong></span> <span class='ocrx_word' id='word_1_578' title='bbox 3190 3460 3246 3505; x_wconf 88' lang='lat' dir='ltr'><strong>et</strong></span> <span class='ocrx_word' id='word_1_579' title='bbox 3279 3450 3373 3503; x_wconf 89' lang='lat' dir='ltr'><strong>uni</strong></span> <span class='ocrx_word' id='word_1_580' title='bbox 3405 3464 3472 3504; x_wconf 79' lang='lat' dir='ltr'><strong>ex</strong></span> <span class='ocrx_word' id='word_1_581' title='bbox 3504 3449 3609 3503; x_wconf 82' lang='lat' dir='ltr'><strong>im-</strong></span> 
     </span>
    </p>
   </div>
   <div class='ocr_carea' id='block_1_82' title="bbox 2033 3542 3602 3621">
    <p class='ocr_par' dir='ltr' id='par_1_82' title="bbox 2033 3542 3602 3621">
     <span class='ocr_line' id='line_1_82' title="bbox 2033 3542 3602 3621; baseline -0.006 -14"><span class='ocrx_word' id='word_1_582' title='bbox 2033 3548 2322 3621; x_wconf 85' lang='lat' dir='ltr'><strong>peratoriis</strong></span> <span class='ocrx_word' id='word_1_583' title='bbox 2340 3546 2595 3603; x_wconf 89' lang='lat' dir='ltr'><strong>curribus</strong></span> <span class='ocrx_word' id='word_1_584' title='bbox 2616 3542 3130 3621; x_wconf 65' lang='lat' dir='ltr'><strong>impositum,425</strong></span> <span class='ocrx_word' id='word_1_585' title='bbox 3160 3551 3495 3607; x_wconf 84' lang='lat' dir='ltr'><strong>ornamenta,</strong></span> <span class='ocrx_word' id='word_1_586' title='bbox 3527 3542 3602 3598; x_wconf 83' lang='lat' dir='ltr'><strong>ita</strong></span> 
     </span>
    </p>
   </div>
   <div class='ocr_carea' id='block_1_83' title="bbox 2035 3618 3601 3708">
    <p class='ocr_par' dir='ltr' id='par_1_83' title="bbox 2035 3618 3601 3708">
     <span class='ocr_line' id='line_1_83' title="bbox 2035 3618 3601 3708; baseline -0.005 -12"><span class='ocrx_word' id='word_1_587' title='bbox 2035 3618 2095 3696; x_wconf 80' lang='lat' dir='ltr'><strong>ut</strong></span> <span class='ocrx_word' id='word_1_588' title='bbox 2127 3648 2306 3708; x_wconf 91' lang='lat' dir='ltr'><strong>erant,</strong></span> <span class='ocrx_word' id='word_1_589' title='bbox 2336 3640 2499 3694; x_wconf 88' lang='lat' dir='ltr'><strong>rubra</strong></span> <span class='ocrx_word' id='word_1_590' title='bbox 2523 3618 2850 3708; x_wconf 64' lang='lat' dir='ltr'><strong>praeferenti,</strong></span> <span class='ocrx_word' id='word_1_591' title='bbox 2884 3636 2936 3690; x_wconf 92' lang='lat' dir='ltr'><strong>in</strong></span> <span class='ocrx_word' id='word_1_592' title='bbox 2961 3634 3382 3705; x_wconf 88' lang='lat' dir='ltr'><strong>patriarchicum</strong></span> <span class='ocrx_word' id='word_1_593' title='bbox 3405 3634 3601 3689; x_wconf 88' lang='lat' dir='ltr'><strong>solium</strong></span> 
     </span>
    </p>
   </div>
   <div class='ocr_carea' id='block_1_84' title="bbox 2033 3725 3605 3800">
    <p class='ocr_par' dir='ltr' id='par_1_84' title="bbox 2033 3725 3605 3800">
     <span class='ocr_line' id='line_1_84' title="bbox 2033 3725 3605 3800; baseline -0.006 -12"><span class='ocrx_word' id='word_1_594' title='bbox 2033 3733 2297 3798; x_wconf 86' lang='lat' dir='ltr'><strong>restituit,</strong></span> <span class='ocrx_word' id='word_1_595' title='bbox 2323 3731 2487 3785; x_wconf 90' lang='lat' dir='ltr'><strong>nullis</strong></span> <span class='ocrx_word' id='word_1_596' title='bbox 2517 3728 2790 3800; x_wconf 85' lang='lat' dir='ltr'><strong>episcopis</strong></span> <span class='ocrx_word' id='word_1_597' title='bbox 2818 3736 2914 3783; x_wconf 79' lang='lat' dir='ltr'><strong>aut</strong></span> <span class='ocrx_word' id='word_1_598' title='bbox 2948 3726 3283 3798; x_wconf 81' lang='lat' dir='ltr'><strong>presbyteris</strong></span> <span class='ocrx_word' id='word_1_599' title='bbox 3321 3725 3605 3796; x_wconf 74' lang='lat' dir='ltr'><strong>sequenti~</strong></span> 
     </span>
    </p>
   </div>
   <div class='ocr_carea' id='block_1_85' title="bbox 2032 3817 3601 3885">
    <p class='ocr_par' dir='ltr' id='par_1_85' title="bbox 2032 3817 3601 3885">
     <span class='ocr_line' id='line_1_85' title="bbox 2032 3817 3601 3885; baseline -0.003 -4"><span class='ocrx_word' id='word_1_600' title='bbox 2032 3825 2136 3881; x_wconf 90' lang='lat' dir='ltr'><strong>bus</strong></span> <span class='ocrx_word' id='word_1_601' title='bbox 2164 3821 2756 3885; x_wconf 87' lang='lat' dir='ltr'><strong>autantecedeutibus;</strong></span> <span class='ocrx_word' id='word_1_602' title='bbox 2783 3819 2876 3874; x_wconf 89' lang='lat' dir='ltr'><strong>sed</strong></span> <span class='ocrx_word' id='word_1_603' title='bbox 2908 3819 3224 3873; x_wconf 86' lang='lat' dir='ltr'><strong>tibicinibus</strong></span> <span class='ocrx_word' id='word_1_604' title='bbox 3258 3826 3311 3872; x_wconf 93' lang='lat' dir='ltr'><strong>et</strong></span> <span class='ocrx_word' id='word_1_605' title='bbox 3336 3817 3601 3876; x_wconf 86' lang='lat' dir='ltr'><strong>tibicinis.</strong></span> 
     </span>
    </p>
   </div>
   <div class='ocr_carea' id='block_1_86' title="bbox 2031 3908 3608 3976">
    <p class='ocr_par' dir='ltr' id='par_1_86' title="bbox 2031 3908 3608 3976">
     <span class='ocr_line' id='line_1_86' title="bbox 2031 3908 3608 3976; baseline -0.005 -4"><span class='ocrx_word' id='word_1_606' title='bbox 2031 3908 2385 3972; x_wconf 82' lang='lat' dir='ltr'><strong>saltatoribus</strong></span> <span class='ocrx_word' id='word_1_607' title='bbox 2414 3921 2469 3968; x_wconf 90' lang='lat' dir='ltr'><strong>et</strong></span> <span class='ocrx_word' id='word_1_608' title='bbox 2500 3911 2871 3968; x_wconf 87' lang='lat' dir='ltr'><strong>saltatricibns</strong></span> <span class='ocrx_word' id='word_1_609' title='bbox 2902 3911 3294 3965; x_wconf 86' lang='lat' dir='ltr'><strong>comitantibus</strong></span> <span class='ocrx_word' id='word_1_610' title='bbox 3318 3951 3332 3976; x_wconf 97' lang='lat'><strong>,</strong></span> <span class='ocrx_word' id='word_1_611' title='bbox 3361 3926 3425 3964; x_wconf 90' lang='lat' dir='ltr'><strong>ac</strong></span> <span class='ocrx_word' id='word_1_612' title='bbox 3468 3910 3608 3964; x_wconf 83' lang='lat' dir='ltr'><strong>lactis</strong></span> 
     </span>
    </p>
   </div>
   <div class='ocr_carea' id='block_1_87' title="bbox 2031 4003 3607 4076">
    <p class='ocr_par' dir='ltr' id='par_1_87' title="bbox 2031 4003 3607 4076">
     <span class='ocr_line' id='line_1_87' title="bbox 2031 4003 3607 4076; baseline -0.004 -12"><span class='ocrx_word' id='word_1_613' title='bbox 2031 4008 2260 4064; x_wconf 90' lang='lat' dir='ltr'><strong>canticis</strong></span> <span class='ocrx_word' id='word_1_614' title='bbox 2287 4023 2413 4063; x_wconf 90' lang='lat' dir='ltr'><strong>eum</strong></span> <span class='ocrx_word' id='word_1_615' title='bbox 2446 4005 2928 4076; x_wconf 88' lang='lat' dir='ltr'><strong>prosequentibus.</strong></span> <span class='ocrx_word' id='word_1_616' title='bbox 2955 4003 3193 4070; x_wconf 86' lang='lat' dir='ltr'><strong>Quarum</strong></span> <span class='ocrx_word' id='word_1_617' title='bbox 3224 4004 3446 4073; x_wconf 88' lang='lat' dir='ltr'><strong>quidem</strong></span> <span class='ocrx_word' id='word_1_618' title='bbox 3482 4003 3607 4058; x_wconf 82' lang='lat' dir='ltr'><strong>tibi-</strong></span> 
     </span>
    </p>
   </div>
   <div class='ocr_carea' id='block_1_88' title="bbox 2033 4095 3607 4169">
    <p class='ocr_par' dir='ltr' id='par_1_88' title="bbox 2033 4095 3607 4169">
     <span class='ocr_line' id='line_1_88' title="bbox 2033 4095 3607 4169; baseline -0.004 -14"><span class='ocrx_word' id='word_1_619' title='bbox 2033 4103 2280 4155; x_wconf 88' lang='lat' dir='ltr'><strong>ciuarum</strong></span> <span class='ocrx_word' id='word_1_620' title='bbox 2306 4114 2412 4154; x_wconf 88' lang='lat' dir='ltr'><strong>una</strong></span> <span class='ocrx_word' id='word_1_621' title='bbox 2436 4097 2818 4169; x_wconf 85' lang='lat' dir='ltr'><strong>probatissima</strong></span> <span class='ocrx_word' id='word_1_622' title='bbox 2846 4096 3035 4150; x_wconf 85' lang='lat' dir='ltr'><strong>habitu</strong></span> <span class='ocrx_word' id='word_1_623' title='bbox 3057 4095 3197 4149; x_wconf 88' lang='lat' dir='ltr'><strong>virili</strong></span> <span class='ocrx_word' id='word_1_624' title='bbox 3218 4095 3523 4165; x_wconf 82' lang='lat' dir='ltr'><strong>equitabat;</strong></span> <span class='ocrx_word' id='word_1_625' title='bbox 3550 4105 3607 4149; x_wconf 85' lang='lat' dir='ltr'><strong>et</strong></span> 
     </span>
    </p>
   </div>
   <div class='ocr_carea' id='block_1_89' title="bbox 2042 4188 3608 4258">
    <p class='ocr_par' dir='ltr' id='par_1_89' title="bbox 2042 4188 3608 4258">
     <span class='ocr_line' id='line_1_89' title="bbox 2042 4188 3608 4258; baseline -0.002 -13"><span class='ocrx_word' id='word_1_626' title='bbox 2042 4192 2264 4255; x_wconf 85' lang='lat' dir='ltr'><strong>milites,</strong></span> <span class='ocrx_word' id='word_1_627' title='bbox 2289 4206 2347 4245; x_wconf 83' lang='lat' dir='ltr'><strong>ut</strong></span> <span class='ocrx_word' id='word_1_628' title='bbox 2382 4200 2565 4245; x_wconf 87' lang='lat' dir='ltr'><strong>secuta</strong></span> <span class='ocrx_word' id='word_1_629' title='bbox 2590 4199 2748 4242; x_wconf 88' lang='lat' dir='ltr'><strong>antea</strong></span> <span class='ocrx_word' id='word_1_630' title='bbox 2784 4188 2980 4250; x_wconf 86' lang='lat' dir='ltr'><strong>fuerat,</strong></span> <span class='ocrx_word' id='word_1_631' title='bbox 3012 4189 3085 4242; x_wconf 84' lang='lat' dir='ltr'><strong>ita</strong></span> <span class='ocrx_word' id='word_1_632' title='bbox 3116 4201 3243 4242; x_wconf 88' lang='lat' dir='ltr'><strong>tunc</strong></span> <span class='ocrx_word' id='word_1_633' title='bbox 3274 4203 3491 4258; x_wconf 86' lang='lat' dir='ltr'><strong>qunque</strong></span> <span class='ocrx_word' id='word_1_634' title='bbox 3519 4202 3608 4242; x_wconf 82' lang='lat' dir='ltr'><strong>se-</strong></span> 
     </span>
    </p>
   </div>
   <div class='ocr_carea' id='block_1_90' title="bbox 2042 4281 3601 4356">
    <p class='ocr_par' dir='ltr' id='par_1_90' title="bbox 2042 4281 3601 4356">
     <span class='ocr_line' id='line_1_90' title="bbox 2042 4281 3601 4356; baseline -0.005 -15"><span class='ocrx_word' id='word_1_635' title='bbox 2042 4286 2345 4356; x_wconf 78' lang='lat' dir='ltr'><strong>quebatur;</strong></span> <span class='ocrx_word' id='word_1_636' title='bbox 2390 4283 2751 4354; x_wconf 87' lang='lat' dir='ltr'><strong>patriarcham</strong></span> <span class='ocrx_word' id='word_1_637' title='bbox 2799 4297 2931 4337; x_wconf 84' lang='lat' dir='ltr'><strong>vero</strong></span> <span class='ocrx_word' id='word_1_638' title='bbox 2977 4283 3150 4351; x_wconf 82' lang='lat' dir='ltr'><strong>ipsum</strong></span> <span class='ocrx_word' id='word_1_639' title='bbox 3196 4281 3601 4351; x_wconf 69' lang='lat' dir='ltr'><strong>antecedebat,</strong></span> 
     </span>
    </p>
   </div>
   <div class='ocr_carea' id='block_1_91' title="bbox 2044 4373 3604 4448">
    <p class='ocr_par' dir='ltr' id='par_1_91' title="bbox 2044 4373 3604 4448">
     <span class='ocr_line' id='line_1_91' title="bbox 2044 4373 3604 4448; baseline -0.003 -17"><span class='ocrx_word' id='word_1_640' title='bbox 2044 4393 2205 4448; x_wconf 89' lang='lat' dir='ltr'><strong>quem</strong></span> <span class='ocrx_word' id='word_1_641' title='bbox 2232 4375 2413 4448; x_wconf 76' lang='lat' dir='ltr'><strong>solitis</strong></span> <span class='ocrx_word' id='word_1_642' title='bbox 2438 4384 2492 4429; x_wconf 92' lang='lat' dir='ltr'><strong>et</strong></span> <span class='ocrx_word' id='word_1_643' title='bbox 2529 4373 2853 4429; x_wconf 85' lang='lat' dir='ltr'><strong>meretriciis</strong></span> <span class='ocrx_word' id='word_1_644' title='bbox 2880 4375 3058 4444; x_wconf 83' lang='lat' dir='ltr'><strong>nugis,</strong></span> <span class='ocrx_word' id='word_1_645' title='bbox 3093 4384 3225 4429; x_wconf 90' lang='lat' dir='ltr'><strong>utet</strong></span> <span class='ocrx_word' id='word_1_646' title='bbox 3255 4385 3480 4429; x_wconf 67' lang='lat' dir='ltr'><strong>caeteros</strong></span> <span class='ocrx_word' id='word_1_647' title='bbox 3513 4373 3604 4442; x_wconf 87' lang='lat' dir='ltr'><strong>qui</strong></span> 
     </span>
    </p>
   </div>
   <div class='ocr_carea' id='block_1_92' title="bbox 2046 4443 3532 4534">
    <p class='ocr_par' dir='ltr' id='par_1_92' title="bbox 2046 4443 3532 4534">
     <span class='ocr_line' id='line_1_92' title="bbox 2046 4443 3532 4534; baseline -0.002 -12"><span class='ocrx_word' id='word_1_648' title='bbox 2046 4443 2294 4532; x_wconf 57' lang='lat' dir='ltr'><strong>aderat/tt,</strong></span> <span class='ocrx_word' id='word_1_649' title='bbox 2333 4466 2401 4521; x_wconf 84' lang='lat' dir='ltr'><strong>ad</strong></span> <span class='ocrx_word' id='word_1_650' title='bbox 2434 4465 2751 4520; x_wconf 86' lang='lat' dir='ltr'><strong>illiberalem</strong></span> <span class='ocrx_word' id='word_1_651' title='bbox 2791 4443 3149 4519; x_wconf 80' lang='lat' dir='ltr'><strong>risumlacilc</strong></span> <span class='ocrx_word' id='word_1_652' title='bbox 3181 4464 3532 4534; x_wconf 83' lang='lat' dir='ltr'><strong>provocabat.</strong></span> 
     </span>
    </p>
   </div>
   <div class='ocr_carea' id='block_1_93' title="bbox 366 4552 3425 4632">
    <p class='ocr_par' dir='ltr' id='par_1_93' title="bbox 366 4552 3425 4632">
     <span class='ocr_line' id='line_1_93' title="bbox 366 4552 3425 4632; baseline 0.002 -27"><span class='ocrx_word' id='word_1_653' title='bbox 366 4552 662 4624; x_wconf 80' lang='grc' dir='ltr'><strong>φλυαρίαις</strong></span> <span class='ocrx_word' id='word_1_654' title='bbox 706 4555 796 4608; x_wconf 81' lang='grc' dir='ltr'><strong>τόν</strong></span> <span class='ocrx_word' id='word_1_655' title='bbox 828 4574 888 4609; x_wconf 86' lang='grc' dir='ltr'><strong>τε</strong></span> <span class='ocrx_word' id='word_1_656' title='bbox 935 4558 1302 4630; x_wconf 84' lang='grc' dir='ltr'><strong>πατριάρχην,</strong></span> <span class='ocrx_word' id='word_1_657' title='bbox 1347 4560 1442 4613; x_wconf 78' lang='grc' dir='ltr'><strong>καὶ</strong></span> <span class='ocrx_word' id='word_1_658' title='bbox 1481 4561 1595 4614; x_wconf 82' lang='grc' dir='ltr'><strong>ὅσοι</strong></span> <span class='ocrx_word' id='word_1_659' title='bbox 1621 4561 1744 4615; x_wconf 85' lang='grc' dir='ltr'><strong>τότε</strong></span> <span class='ocrx_word' id='word_1_660' title='bbox 1776 4562 2050 4632; x_wconf 80' lang='grc' dir='ltr'><strong>παρῆσαν,</strong></span> <span class='ocrx_word' id='word_1_661' title='bbox 2086 4564 2164 4625; x_wconf 80' lang='grc' dir='ltr'><strong>εἰς</strong></span> <span class='ocrx_word' id='word_1_662' title='bbox 2226 4562 2466 4631; x_wconf 79' lang='grc' dir='ltr'><strong>γέλωτας</strong></span> <span class='ocrx_word' id='word_1_663' title='bbox 2531 4560 2984 4630; x_wconf 67' lang='grc' dir='ltr'><strong>ἀσήμουςιρᾷστα</strong></span> <span class='ocrx_word' id='word_1_664' title='bbox 3014 4557 3425 4628; x_wconf 79' lang='grc' dir='ltr'><strong>παρασύρουσα.</strong></span> 
     </span>
    </p>
   </div>
   <div class='ocr_carea' id='block_1_94' title="bbox 445 4641 1935 4726">
    <p class='ocr_par' dir='ltr' id='par_1_94' title="bbox 445 4641 1931 4726">
     <span class='ocr_line' id='line_1_94' title="bbox 445 4641 1931 4726; baseline 0.006 -28"><span class='ocrx_word' id='word_1_665' title='bbox 445 4643 529 4698; x_wconf 72' lang='grc' dir='ltr'><strong>ιν.</strong></span> <span class='ocrx_word' id='word_1_666' title='bbox 561 4641 669 4699; x_wconf 86' lang='grc' dir='ltr'><strong>Ἦν</strong></span> <span class='ocrx_word' id='word_1_667' title='bbox 698 4645 744 4700; x_wconf 81' lang='grc' dir='ltr'><strong>δ’</strong></span> <span class='ocrx_word' id='word_1_668' title='bbox 786 4648 953 4701; x_wconf 78' lang='grc' dir='ltr'><strong>ἕωθεν</strong></span> <span class='ocrx_word' id='word_1_669' title='bbox 1008 4652 1065 4713; x_wconf 79' lang='grc' dir='ltr'><strong>ές</strong></span> <span class='ocrx_word' id='word_1_670' title='bbox 1117 4652 1355 4721; x_wconf 81' lang='grc' dir='ltr'><strong>ἑσπέραν</strong></span> <span class='ocrx_word' id='word_1_671' title='bbox 1394 4654 1520 4708; x_wconf 84' lang='grc' dir='ltr'><strong>ίδεῖν</strong></span> <span class='ocrx_word' id='word_1_672' title='bbox 1568 4655 1666 4724; x_wconf 83' lang='grc' dir='ltr'><strong>τὴν</strong></span> <span class='ocrx_word' id='word_1_673' title='bbox 1718 4656 1931 4726; x_wconf 76' lang='grc' dir='ltr'><strong>ἡμέραν</strong></span> 
     </span>
    </p>
   </div>
   <div class='ocr_carea' id='block_1_95' title="bbox 2034 4641 3603 4726">
    <p class='ocr_par' dir='ltr' id='par_1_95' title="bbox 2109 4648 3603 4720">
     <span class='ocr_line' id='line_1_95' title="bbox 2109 4648 3603 4720; baseline -0.004 -10"><span class='ocrx_word' id='word_1_674' title='bbox 2109 4654 2246 4711; x_wconf 84' lang='lat' dir='ltr'><strong>Vill.</strong></span> <span class='ocrx_word' id='word_1_675' title='bbox 2275 4654 2353 4709; x_wconf 89' lang='lat' dir='ltr'><strong>Eo</strong></span> <span class='ocrx_word' id='word_1_676' title='bbox 2383 4653 2475 4709; x_wconf 89' lang='lat' dir='ltr'><strong>die</strong></span> <span class='ocrx_word' id='word_1_677' title='bbox 2498 4668 2528 4707; x_wconf 90' lang='lat' dir='ltr'><strong>a</strong></span> <span class='ocrx_word' id='word_1_678' title='bbox 2561 4668 2718 4707; x_wconf 89' lang='lat' dir='ltr'><strong>mane</strong></span> <span class='ocrx_word' id='word_1_679' title='bbox 2744 4651 2812 4707; x_wconf 87' lang='lat' dir='ltr'><strong>ad</strong></span> <span class='ocrx_word' id='word_1_680' title='bbox 2837 4665 3119 4720; x_wconf 87' lang='lat' dir='ltr'><strong>vesperam</strong></span> <span class='ocrx_word' id='word_1_681' title='bbox 3140 4664 3330 4703; x_wconf 90' lang='lat' dir='ltr'><strong>omnes</strong></span> <span class='ocrx_word' id='word_1_682' title='bbox 3353 4663 3483 4718; x_wconf 86' lang='lat' dir='ltr'><strong>opes</strong></span> <span class='ocrx_word' id='word_1_683' title='bbox 3505 4648 3603 4704; x_wconf 85' lang='lat' dir='ltr'><strong>do-</strong></span> 
     </span>
    </p>
   </div>
   <div class='ocr_carea' id='block_1_96' title="bbox 368 4737 1937 4808">
    <p class='ocr_par' dir='ltr' id='par_1_96' title="bbox 368 4737 1937 4808">
     <span class='ocr_line' id='line_1_96' title="bbox 368 4737 1937 4808; baseline 0.003 -16"><span class='ocrx_word' id='word_1_684' title='bbox 368 4739 591 4808; x_wconf 80' lang='grc' dir='ltr'><strong>ὲκείνην</strong></span> <span class='ocrx_word' id='word_1_685' title='bbox 619 4739 925 4793; x_wconf 75' lang='grc' dir='ltr'><strong>κενωθέντα</strong></span> <span class='ocrx_word' id='word_1_686' title='bbox 957 4741 1048 4794; x_wconf 77' lang='grc' dir='ltr'><strong>τὸν</strong></span> <span class='ocrx_word' id='word_1_687' title='bbox 1075 4742 1230 4795; x_wconf 75' lang='grc' dir='ltr'><strong>ὄλϐον</strong></span> <span class='ocrx_word' id='word_1_688' title='bbox 1259 4743 1472 4798; x_wconf 78' lang='grc' dir='ltr'><strong>ἅπαντα</strong></span> <span class='ocrx_word' id='word_1_689' title='bbox 1502 4745 1610 4799; x_wconf 87' lang='grc' dir='ltr'><strong>τῶν</strong></span> <span class='ocrx_word' id='word_1_690' title='bbox 1640 4737 1803 4800; x_wconf 76' lang='grc' dir='ltr'><strong>οἴκων</strong></span> <span class='ocrx_word' id='word_1_691' title='bbox 1829 4746 1937 4799; x_wconf 87' lang='grc' dir='ltr'><strong>τῶν</strong></span> 
     </span>
    </p>
   </div>
   <div class='ocr_carea' id='block_1_97' title="bbox 365 4832 1937 4908">
    <p class='ocr_par' dir='ltr' id='par_1_97' title="bbox 365 4832 1937 4908">
     <span class='ocr_line' id='line_1_97' title="bbox 365 4832 1937 4908; baseline 0.004 -26"><span class='ocrx_word' id='word_1_692' title='bbox 365 4832 774 4902; x_wconf 81' lang='grc' dir='ltr'><strong>λαμπροτάτων</strong></span> <span class='ocrx_word' id='word_1_693' title='bbox 804 4834 900 4886; x_wconf 79' lang='grc' dir='ltr'><strong>καὶ</strong></span> <span class='ocrx_word' id='word_1_694' title='bbox 943 4834 1169 4903; x_wconf 77' lang='grc' dir='ltr'><strong>λείψανα</strong></span> <span class='ocrx_word' id='word_1_695' title='bbox 1211 4836 1309 4906; x_wconf 83' lang='grc' dir='ltr'><strong>τὴν</strong></span> <span class='ocrx_word' id='word_1_696' title='bbox 1340 4837 1601 4908; x_wconf 85' lang='grc' dir='ltr'><strong>ταχίστην</strong></span> <span class='ocrx_word' id='word_1_697' title='bbox 1633 4839 1937 4892; x_wconf 81' lang='grc' dir='ltr'><strong>καταστάν-</strong></span> 
     </span>
    </p>
   </div>
   <div class='ocr_carea' id='block_1_98' title="bbox 365 4925 1939 5000">
    <p class='ocr_par' dir='ltr' id='par_1_98' title="bbox 365 4925 1939 5000">
     <span class='ocr_line' id='line_1_98' title="bbox 365 4925 1939 5000; baseline 0.005 -24"><span class='ocrx_word' id='word_1_698' title='bbox 365 4941 467 4987; x_wconf 85' lang='grc' dir='ltr'><strong>τας</strong></span> <span class='ocrx_word' id='word_1_699' title='bbox 509 4926 703 4988; x_wconf 79' lang='grc' dir='ltr'><strong>αύτοὺς</strong></span> <span class='ocrx_word' id='word_1_700' title='bbox 748 4925 1004 4996; x_wconf 78' lang='grc' dir='ltr'><strong>ἐρειπίων</strong></span> <span class='ocrx_word' id='word_1_701' title='bbox 1048 4928 1142 4981; x_wconf 63' lang='grc' dir='ltr'><strong>καλ⁹</strong></span> <span class='ocrx_word' id='word_1_702' title='bbox 1188 4929 1483 4999; x_wconf 76' lang='grc' dir='ltr'><strong>δημοτικὸν</strong></span> <span class='ocrx_word' id='word_1_703' title='bbox 1533 4930 1790 5000; x_wconf 69' lang='grc' dir='ltr'><strong>ἄθυρμαθ</strong></span> <span class='ocrx_word' id='word_1_704' title='bbox 1844 4931 1939 4984; x_wconf 78' lang='grc' dir='ltr'><strong>καὶ</strong></span> 
     </span>
    </p>
   </div>
   <div class='ocr_carea' id='block_1_99' title="bbox 365 5014 1935 5089">
    <p class='ocr_par' dir='ltr' id='par_1_99' title="bbox 365 5014 1935 5089">
     <span class='ocr_line' id='line_1_99' title="bbox 365 5014 1935 5089; baseline 0.003 -22"><span class='ocrx_word' id='word_1_705' title='bbox 365 5016 461 5087; x_wconf 78' lang='grc' dir='ltr'><strong>[Ρ.</strong></span> <span class='ocrx_word' id='word_1_706' title='bbox 483 5014 613 5087; x_wconf 72' lang='grc'><strong>261]</strong></span> <span class='ocrx_word' id='word_1_707' title='bbox 649 5016 884 5085; x_wconf 86' lang='grc' dir='ltr'><strong>μάλιστα</strong></span> <span class='ocrx_word' id='word_1_708' title='bbox 912 5017 1129 5071; x_wconf 85' lang='grc' dir='ltr'><strong>πάντων</strong></span> <span class='ocrx_word' id='word_1_709' title='bbox 1150 5017 1251 5088; x_wconf 76' lang='grc' dir='ltr'><strong>τὴν</strong></span> <span class='ocrx_word' id='word_1_710' title='bbox 1279 5018 1373 5073; x_wconf 79' lang='grc' dir='ltr'><strong>τοῦ</strong></span> <span class='ocrx_word' id='word_1_711' title='bbox 1394 5019 1627 5089; x_wconf 79' lang='grc' dir='ltr'><strong>μεγάλου</strong></span> <span class='ocrx_word' id='word_1_712' title='bbox 1654 5019 1935 5087; x_wconf 85' lang='grc' dir='ltr'><strong>λογοθέτου</strong></span> 
     </span>
    </p>
   </div>
   <div class='ocr_carea' id='block_1_100' title="bbox 364 5108 1928 5182">
    <p class='ocr_par' dir='ltr' id='par_1_100' title="bbox 364 5108 1928 5182">
     <span class='ocr_line' id='line_1_100' title="bbox 364 5108 1928 5182; baseline 0.003 -22"><span class='ocrx_word' id='word_1_713' title='bbox 364 5109 762 5179; x_wconf 78' lang='grc' dir='ltr'><strong>λαμπροτάτην</strong></span> <span class='ocrx_word' id='word_1_714' title='bbox 795 5108 993 5174; x_wconf 88' lang='grc' dir='ltr'><strong>οίκίαν,</strong></span> <span class='ocrx_word' id='word_1_715' title='bbox 1024 5110 1119 5163; x_wconf 82' lang='grc' dir='ltr'><strong>καὶ</strong></span> <span class='ocrx_word' id='word_1_716' title='bbox 1169 5110 1272 5164; x_wconf 85' lang='grc' dir='ltr'><strong>ὅσα</strong></span> <span class='ocrx_word' id='word_1_717' title='bbox 1313 5111 1423 5163; x_wconf 88' lang='grc' dir='ltr'><strong>τῶν</strong></span> <span class='ocrx_word' id='word_1_718' title='bbox 1447 5112 1832 5182; x_wconf 57' lang='grc' dir='ltr'><strong>χρημάτωνςέν</strong></span> <span class='ocrx_word' id='word_1_719' title='bbox 1866 5129 1928 5166; x_wconf 84' lang='grc' dir='ltr'><strong>τε</strong></span> 
     </span>
    </p>
   </div>
   <div class='ocr_carea' id='block_1_101' title="bbox 362 5184 1932 5275">
    <p class='ocr_par' dir='ltr' id='par_1_101' title="bbox 362 5184 1932 5275">
     <span class='ocr_line' id='line_1_101' title="bbox 362 5184 1932 5275; baseline 0.003 -24"><span class='ocrx_word' id='word_1_720' title='bbox 362 5203 432 5270; x_wconf 78' lang='grc' dir='ltr'><strong>τῇ</strong></span> <span class='ocrx_word' id='word_1_721' title='bbox 462 5184 611 5270; x_wconf 56' lang='grc' dir='ltr'><strong>οίκίξ⁴</strong></span> <span class='ocrx_word' id='word_1_722' title='bbox 644 5202 1015 5270; x_wconf 87' lang='grc' dir='ltr'><strong>ὲταμιεύοντο,</strong></span> <span class='ocrx_word' id='word_1_723' title='bbox 1052 5201 1145 5255; x_wconf 77' lang='grc' dir='ltr'><strong>καὶ</strong></span> <span class='ocrx_word' id='word_1_724' title='bbox 1177 5202 1275 5253; x_wconf 87' lang='grc' dir='ltr'><strong>ὅσα</strong></span> <span class='ocrx_word' id='word_1_725' title='bbox 1322 5201 1534 5271; x_wconf 79' lang='grc' dir='ltr'><strong>φθάσας</strong></span> <span class='ocrx_word' id='word_1_726' title='bbox 1573 5205 1681 5256; x_wconf 74' lang='grc' dir='ltr'><strong>τισὶ</strong></span> <span class='ocrx_word' id='word_1_727' title='bbox 1703 5204 1813 5256; x_wconf 86' lang='grc' dir='ltr'><strong>τῶν</strong></span> <span class='ocrx_word' id='word_1_728' title='bbox 1841 5204 1932 5275; x_wconf 83' lang='grc' dir='ltr'><strong>φί-</strong></span> 
     </span>
    </p>
   </div>
   <div class='ocr_carea' id='block_1_102' title="bbox 364 5291 1932 5365">
    <p class='ocr_par' dir='ltr' id='par_1_102' title="bbox 364 5291 1932 5365">
     <span class='ocr_line' id='line_1_102' title="bbox 364 5291 1932 5365; baseline 0.003 -21"><span class='ocrx_word' id='word_1_729' title='bbox 364 5292 478 5344; x_wconf 87' lang='grc' dir='ltr'><strong>λων</strong></span> <span class='ocrx_word' id='word_1_730' title='bbox 506 5291 800 5362; x_wconf 85' lang='grc' dir='ltr'><strong>παρέθετο.</strong></span> <span class='ocrx_word' id='word_1_731' title='bbox 850 5292 971 5345; x_wconf 91' lang='grc' dir='ltr'><strong>Τῶν</strong></span> <span class='ocrx_word' id='word_1_732' title='bbox 1000 5293 1395 5364; x_wconf 82' lang='grc' dir='ltr'><strong>γραμματείων</strong></span> <span class='ocrx_word' id='word_1_733' title='bbox 1424 5294 1531 5364; x_wconf 81' lang='grc' dir='ltr'>γάρ</span> <span class='ocrx_word' id='word_1_734' title='bbox 1578 5296 1932 5365; x_wconf 86' lang='grc' dir='ltr'><strong>εὑρεθέντων,</strong></span> 
     </span>
    </p>
   </div>
   <div class='ocr_carea' id='block_1_103' title="bbox 365 5380 1936 5460">
    <p class='ocr_par' dir='ltr' id='par_1_103' title="bbox 365 5380 1936 5460">
     <span class='ocr_line' id='line_1_103' title="bbox 365 5380 1936 5460; baseline 0.004 -24"><span class='ocrx_word' id='word_1_735' title='bbox 365 5383 402 5436; x_wconf 80' lang='grc' dir='ltr'>ἃ</span> <span class='ocrx_word' id='word_1_736' title='bbox 442 5384 573 5445; x_wconf 74' lang='grc' dir='ltr'><strong>τοὺς</strong></span> <span class='ocrx_word' id='word_1_737' title='bbox 625 5384 912 5455; x_wconf 65' lang='grc' dir='ltr'><strong>εἰληφῧτας</strong></span> <span class='ocrx_word' id='word_1_738' title='bbox 958 5384 1144 5454; x_wconf 76' lang='grc' dir='ltr'><strong>φίλους</strong></span> <span class='ocrx_word' id='word_1_739' title='bbox 1174 5380 1414 5456; x_wconf 46' lang='grc' dir='ltr'><strong>λέδήλου,</strong></span> <span class='ocrx_word' id='word_1_740' title='bbox 1471 5385 1729 5457; x_wconf 86' lang='grc' dir='ltr'><strong>λαφύρων</strong></span> <span class='ocrx_word' id='word_1_741' title='bbox 1775 5390 1936 5460; x_wconf 79' lang='grc' dir='ltr'><strong>μερὶς</strong></span> 
     </span>
    </p>
   </div>
   <div class='ocr_carea' id='block_1_104' title="bbox 363 5476 1938 5563">
    <p class='ocr_par' dir='ltr' id='par_1_104' title="bbox 363 5476 1938 5563">
     <span class='ocr_line' id='line_1_104' title="bbox 363 5476 1938 5563; baseline 0.004 -33"><span class='ocrx_word' id='word_1_742' title='bbox 363 5476 694 5549; x_wconf 66' lang='grc' dir='ltr'><strong>ἐγεγένηντο</strong></span> <span class='ocrx_word' id='word_1_743' title='bbox 719 5479 897 5533; x_wconf 82' lang='grc' dir='ltr'><strong>πάντα</strong></span> <span class='ocrx_word' id='word_1_744' title='bbox 926 5481 1019 5563; x_wconf 72' lang='grc' dir='ltr'><strong>καὶ</strong></span> <span class='ocrx_word' id='word_1_745' title='bbox 1041 5479 1192 5533; x_wconf 77' lang='grc' dir='ltr'><strong>οὐδὲν</strong></span> <span class='ocrx_word' id='word_1_746' title='bbox 1220 5480 1330 5532; x_wconf 88' lang='grc' dir='ltr'><strong>τῶν</strong></span> <span class='ocrx_word' id='word_1_747' title='bbox 1346 5481 1602 5533; x_wconf 74' lang='grc' dir='ltr'><strong>ἁπάντων</strong></span> <span class='ocrx_word' id='word_1_748' title='bbox 1631 5482 1777 5552; x_wconf 84' lang='grc' dir='ltr'><strong>αύτῷ</strong></span> <span class='ocrx_word' id='word_1_749' title='bbox 1798 5500 1938 5554; x_wconf 75' lang='grc' dir='ltr'><strong>παρ-</strong></span> 
     </span>
    </p>
   </div>
   <div class='ocr_carea' id='block_1_105' title="bbox 359 5570 1938 5645">
    <p class='ocr_par' dir='ltr' id='par_1_105' title="bbox 359 5570 1938 5645">
     <span class='ocr_line' id='line_1_105' title="bbox 359 5570 1938 5645; baseline 0.004 -22"><span class='ocrx_word' id='word_1_750' title='bbox 359 5570 589 5642; x_wconf 83' lang='grc' dir='ltr'><strong>ελείφθη</strong></span> <span class='ocrx_word' id='word_1_751' title='bbox 617 5587 629 5601; x_wconf 91' lang='grc'><strong>·</strong></span> <span class='ocrx_word' id='word_1_752' title='bbox 676 5571 813 5626; x_wconf 76' lang='grc' dir='ltr'><strong>ἀλλὰ</strong></span> <span class='ocrx_word' id='word_1_753' title='bbox 841 5572 907 5626; x_wconf 82' lang='grc' dir='ltr'><strong>τὰ</strong></span> <span class='ocrx_word' id='word_1_754' title='bbox 939 5571 1037 5643; x_wconf 82' lang='grc' dir='ltr'><strong>μὲν</strong></span> <span class='ocrx_word' id='word_1_755' title='bbox 1055 5572 1136 5636; x_wconf 81' lang='grc' dir='ltr'><strong>είς</strong></span> <span class='ocrx_word' id='word_1_756' title='bbox 1159 5570 1220 5625; x_wconf 68' lang='grc' dir='ltr'><strong>τὸ</strong></span> <span class='ocrx_word' id='word_1_757' title='bbox 1265 5571 1545 5642; x_wconf 74' lang='grc' dir='ltr'><strong>βασιλικὸν</strong></span> <span class='ocrx_word' id='word_1_758' title='bbox 1566 5575 1938 5645; x_wconf 73' lang='grc' dir='ltr'><strong>εἰσενήνεκται</strong></span> 
     </span>
    </p>
   </div>
   <div class='ocr_carea' id='block_1_106' title="bbox 2040 4739 3603 4814">
    <p class='ocr_par' dir='ltr' id='par_1_106' title="bbox 2040 4739 3603 4814">
     <span class='ocr_line' id='line_1_106' title="bbox 2040 4739 3603 4814; baseline -0.003 -13"><span class='ocrx_word' id='word_1_759' title='bbox 2040 4760 2253 4801; x_wconf 91' lang='lat' dir='ltr'><strong>morum</strong></span> <span class='ocrx_word' id='word_1_760' title='bbox 2276 4744 2836 4814; x_wconf 84' lang='lat' dir='ltr'><strong>splendidissimarum</strong></span> <span class='ocrx_word' id='word_1_761' title='bbox 2859 4742 3139 4797; x_wconf 83' lang='lat' dir='ltr'><strong>exhauriri</strong></span> <span class='ocrx_word' id='word_1_762' title='bbox 3171 4739 3388 4807; x_wconf 87' lang='lat' dir='ltr'><strong>etipsas</strong></span> <span class='ocrx_word' id='word_1_763' title='bbox 3409 4740 3603 4796; x_wconf 86' lang='lat' dir='ltr'><strong>domos</strong></span> 
     </span>
    </p>
   </div>
   <div class='ocr_carea' id='block_1_107' title="bbox 2039 4834 3603 4905">
    <p class='ocr_par' dir='ltr' id='par_1_107' title="bbox 2039 4834 3603 4905">
     <span class='ocr_line' id='line_1_107' title="bbox 2039 4834 3603 4905; baseline -0.004 -13"><span class='ocrx_word' id='word_1_764' title='bbox 2039 4839 2113 4892; x_wconf 89' lang='lat' dir='ltr'><strong>ita</strong></span> <span class='ocrx_word' id='word_1_765' title='bbox 2152 4837 2330 4892; x_wconf 87' lang='lat' dir='ltr'><strong>statim</strong></span> <span class='ocrx_word' id='word_1_766' title='bbox 2368 4837 2513 4891; x_wconf 88' lang='lat' dir='ltr'><strong>dirui</strong></span> <span class='ocrx_word' id='word_1_767' title='bbox 2546 4851 2609 4890; x_wconf 87' lang='lat' dir='ltr'><strong>ac</strong></span> <span class='ocrx_word' id='word_1_768' title='bbox 2643 4835 2790 4905; x_wconf 76' lang='lat' dir='ltr'><strong>vulgi</strong></span> <span class='ocrx_word' id='word_1_769' title='bbox 2823 4834 3120 4888; x_wconf 88' lang='lat' dir='ltr'><strong>ludibrium</strong></span> <span class='ocrx_word' id='word_1_770' title='bbox 3155 4846 3273 4885; x_wconf 89' lang='lat' dir='ltr'><strong>esse</strong></span> <span class='ocrx_word' id='word_1_771' title='bbox 3311 4846 3603 4895; x_wconf 85' lang='lat' dir='ltr'><strong>cerneres,</strong></span> 
     </span>
    </p>
   </div>
   <div class='ocr_carea' id='block_1_108' title="bbox 2038 4924 3674 5000">
    <p class='ocr_par' dir='ltr' id='par_1_108' title="bbox 2038 4924 3674 5000">
     <span class='ocr_line' id='line_1_108' title="bbox 2038 4924 3674 5000; baseline -0.006 -12"><span class='ocrx_word' id='word_1_772' title='bbox 2038 4942 2098 4988; x_wconf 91' lang='lat' dir='ltr'><strong>ut</strong></span> <span class='ocrx_word' id='word_1_773' title='bbox 2137 4933 2227 4987; x_wconf 86' lang='lat' dir='ltr'><strong>vix</strong></span> <span class='ocrx_word' id='word_1_774' title='bbox 2263 4931 2460 4986; x_wconf 89' lang='lat' dir='ltr'><strong>rudera</strong></span> <span class='ocrx_word' id='word_1_775' title='bbox 2496 4937 2847 5000; x_wconf 87' lang='lat' dir='ltr'><strong>superessent</strong></span> <span class='ocrx_word' id='word_1_776' title='bbox 2885 4946 2898 4982; x_wconf 89' lang='lat'><strong>:</strong></span> <span class='ocrx_word' id='word_1_777' title='bbox 2940 4928 2993 4980; x_wconf 90' lang='lat' dir='ltr'><strong>in</strong></span> <span class='ocrx_word' id='word_1_778' title='bbox 3025 4925 3218 4994; x_wconf 84' lang='lat' dir='ltr'><strong>primis</strong></span> <span class='ocrx_word' id='word_1_779' title='bbox 3250 4924 3427 4995; x_wconf 81' lang='lat' dir='ltr'><strong>magni</strong></span> <span class='ocrx_word' id='word_1_780' title='bbox 3455 4924 3606 4995; x_wconf 80' lang='lat' dir='ltr'><strong>logo-</strong></span> <span class='ocrx_word' id='word_1_781' title='bbox 3670 4932 3674 4937; x_wconf 86' lang='lat'>‘</span> 
     </span>
    </p>
   </div>
   <div class='ocr_carea' id='block_1_109' title="bbox 2039 5006 3601 5092">
    <p class='ocr_par' dir='ltr' id='par_1_109' title="bbox 2039 5006 3601 5092">
     <span class='ocr_line' id='line_1_109' title="bbox 2039 5006 3601 5092; baseline -0.006 -12"><span class='ocrx_word' id='word_1_782' title='bbox 2039 5025 2202 5080; x_wconf 67' lang='lat' dir='ltr'><strong>tinctae</strong></span> <span class='ocrx_word' id='word_1_783' title='bbox 2226 5006 2371 5078; x_wconf 66' lang='lat' dir='ltr'><strong>aedes</strong></span> <span class='ocrx_word' id='word_1_784' title='bbox 2399 5020 2987 5092; x_wconf 75' lang='lat' dir='ltr'><strong>magnilicontissimas,</strong></span> <span class='ocrx_word' id='word_1_785' title='bbox 3021 5018 3073 5071; x_wconf 91' lang='lat' dir='ltr'><strong>in</strong></span> <span class='ocrx_word' id='word_1_786' title='bbox 3106 5017 3308 5087; x_wconf 86' lang='lat' dir='ltr'><strong>quibus</strong></span> <span class='ocrx_word' id='word_1_787' title='bbox 3335 5016 3601 5086; x_wconf 83' lang='lat' dir='ltr'><strong>quidquid</strong></span> 
     </span>
    </p>
   </div>
   <div class='ocr_carea' id='block_1_110' title="bbox 2036 5108 3600 5185">
    <p class='ocr_par' dir='ltr' id='par_1_110' title="bbox 2036 5108 3600 5185">
     <span class='ocr_line' id='line_1_110' title="bbox 2036 5108 3600 5185; baseline -0.006 -16"><span class='ocrx_word' id='word_1_788' title='bbox 2036 5130 2201 5184; x_wconf 80' lang='lat' dir='ltr'><strong>epum</strong></span> <span class='ocrx_word' id='word_1_789' title='bbox 2233 5114 2531 5185; x_wconf 88' lang='lat' dir='ltr'><strong>repositum</strong></span> <span class='ocrx_word' id='word_1_790' title='bbox 2551 5121 2688 5176; x_wconf 87' lang='lat' dir='ltr'><strong>erat,</strong></span> <span class='ocrx_word' id='word_1_791' title='bbox 2720 5111 2993 5179; x_wconf 80' lang='lat' dir='ltr'><strong>direptum</strong></span> <span class='ocrx_word' id='word_1_792' title='bbox 3024 5118 3139 5174; x_wconf 90' lang='lat' dir='ltr'><strong>est;</strong></span> <span class='ocrx_word' id='word_1_793' title='bbox 3174 5108 3303 5164; x_wconf 88' lang='lat' dir='ltr'><strong>item</strong></span> <span class='ocrx_word' id='word_1_794' title='bbox 3331 5108 3600 5177; x_wconf 88' lang='lat' dir='ltr'><strong>quidquid</strong></span> 
     </span>
    </p>
   </div>
   <div class='ocr_carea' id='block_1_111' title="bbox 2032 5207 3601 5280">
    <p class='ocr_par' dir='ltr' id='par_1_111' title="bbox 2032 5207 3601 5280">
     <span class='ocr_line' id='line_1_111' title="bbox 2032 5207 3601 5280; baseline -0.004 -15"><span class='ocrx_word' id='word_1_795' title='bbox 2032 5212 2123 5265; x_wconf 91' lang='lat' dir='ltr'><strong>ille</strong></span> <span class='ocrx_word' id='word_1_796' title='bbox 2147 5209 2289 5280; x_wconf 89' lang='lat' dir='ltr'><strong>apud</strong></span> <span class='ocrx_word' id='word_1_797' title='bbox 2319 5210 2585 5280; x_wconf 88' lang='lat' dir='ltr'><strong>quosdam</strong></span> <span class='ocrx_word' id='word_1_798' title='bbox 2614 5210 2814 5262; x_wconf 86' lang='lat' dir='ltr'><strong>amicos</strong></span> <span class='ocrx_word' id='word_1_799' title='bbox 2838 5207 3186 5276; x_wconf 68' lang='lat' dir='ltr'><strong>deposuerat.</strong></span> <span class='ocrx_word' id='word_1_800' title='bbox 3215 5208 3432 5261; x_wconf 88' lang='lat' dir='ltr'><strong>Litteris</strong></span> <span class='ocrx_word' id='word_1_801' title='bbox 3454 5210 3601 5267; x_wconf 86' lang='lat' dir='ltr'><strong>enim</strong></span> 
     </span>
    </p>
   </div>
   <div class='ocr_carea' id='block_1_112' title="bbox 2033 5300 3604 5372">
    <p class='ocr_par' dir='ltr' id='par_1_112' title="bbox 2033 5300 3604 5372">
     <span class='ocr_line' id='line_1_112' title="bbox 2033 5300 3604 5372; baseline -0.003 -16"><span class='ocrx_word' id='word_1_802' title='bbox 2033 5303 2286 5371; x_wconf 88' lang='lat' dir='ltr'><strong>repertis,</strong></span> <span class='ocrx_word' id='word_1_803' title='bbox 2343 5303 2544 5372; x_wconf 88' lang='lat' dir='ltr'><strong>quibus</strong></span> <span class='ocrx_word' id='word_1_804' title='bbox 2604 5300 2965 5371; x_wconf 81' lang='lat' dir='ltr'><strong>perscriptum</strong></span> <span class='ocrx_word' id='word_1_805' title='bbox 3020 5312 3137 5356; x_wconf 79' lang='lat' dir='ltr'><strong>erat</strong></span> <span class='ocrx_word' id='word_1_806' title='bbox 3185 5301 3314 5371; x_wconf 89' lang='lat' dir='ltr'><strong>quid</strong></span> <span class='ocrx_word' id='word_1_807' title='bbox 3370 5302 3604 5370; x_wconf 86' lang='lat' dir='ltr'><strong>quisque</strong></span> 
     </span>
    </p>
   </div>
   <div class='ocr_carea' id='block_1_113' title="bbox 2035 5393 3605 5463">
    <p class='ocr_par' dir='ltr' id='par_1_113' title="bbox 2035 5393 3605 5463">
     <span class='ocr_line' id='line_1_113' title="bbox 2035 5393 3605 5463; baseline -0.001 -15"><span class='ocrx_word' id='word_1_808' title='bbox 2035 5395 2242 5449; x_wconf 88' lang='lat' dir='ltr'><strong>amicus</strong></span> <span class='ocrx_word' id='word_1_809' title='bbox 2274 5397 2599 5463; x_wconf 82' lang='lat' dir='ltr'><strong>accepisset.</strong></span> <span class='ocrx_word' id='word_1_810' title='bbox 2630 5394 2811 5446; x_wconf 88' lang='lat' dir='ltr'><strong>omnia</strong></span> <span class='ocrx_word' id='word_1_811' title='bbox 2843 5393 3039 5463; x_wconf 71' lang='lat' dir='ltr'><strong>prme</strong></span> <span class='ocrx_word' id='word_1_812' title='bbox 3070 5394 3328 5461; x_wconf 82' lang='lat' dir='ltr'><strong>fuerunt;</strong></span> <span class='ocrx_word' id='word_1_813' title='bbox 3362 5409 3461 5447; x_wconf 87' lang='lat' dir='ltr'><strong>nec</strong></span> <span class='ocrx_word' id='word_1_814' title='bbox 3492 5408 3605 5446; x_wconf 85' lang='lat' dir='ltr'><strong>om-</strong></span> 
     </span>
    </p>
   </div>
   <div class='ocr_carea' id='block_1_114' title="bbox 2034 5484 3595 5556">
    <p class='ocr_par' dir='ltr' id='par_1_114' title="bbox 2034 5484 3595 5556">
     <span class='ocr_line' id='line_1_114' title="bbox 2034 5484 3595 5556; baseline -0.001 -16"><span class='ocrx_word' id='word_1_815' title='bbox 2034 5487 2183 5540; x_wconf 82' lang='lat' dir='ltr'><strong>nium</strong></span> <span class='ocrx_word' id='word_1_816' title='bbox 2215 5502 2393 5540; x_wconf 85' lang='lat' dir='ltr'><strong>rerum</strong></span> <span class='ocrx_word' id='word_1_817' title='bbox 2427 5485 2722 5556; x_wconf 86' lang='lat' dir='ltr'><strong>quidquam</strong></span> <span class='ocrx_word' id='word_1_818' title='bbox 2751 5488 2800 5541; x_wconf 86' lang='lat' dir='ltr'><strong>ei</strong></span> <span class='ocrx_word' id='word_1_819' title='bbox 2832 5494 2915 5541; x_wconf 87' lang='lat' dir='ltr'><strong>cst</strong></span> <span class='ocrx_word' id='word_1_820' title='bbox 2948 5487 3196 5556; x_wconf 83' lang='lat' dir='ltr'><strong>relictum</strong></span> <span class='ocrx_word' id='word_1_821' title='bbox 3226 5503 3239 5538; x_wconf 89' lang='lat'>:</span> <span class='ocrx_word' id='word_1_822' title='bbox 3274 5486 3366 5539; x_wconf 87' lang='lat' dir='ltr'><strong>sed</strong></span> <span class='ocrx_word' id='word_1_823' title='bbox 3404 5484 3595 5550; x_wconf 80' lang='lat' dir='ltr'><strong>aliain</strong></span> 
     </span>
    </p>
   </div>
   <div class='ocr_carea' id='block_1_115' title="bbox 2034 5554 3596 5654">
    <p class='ocr_par' dir='ltr' id='par_1_115' title="bbox 2034 5554 3596 5654">
     <span class='ocr_line' id='line_1_115' title="bbox 2034 5554 3596 5654; baseline -0.003 -20"><span class='ocrx_word' id='word_1_824' title='bbox 2034 5579 2223 5635; x_wconf 79' lang='lat' dir='ltr'><strong>fiscum</strong></span> <span class='ocrx_word' id='word_1_825' title='bbox 2258 5580 2446 5645; x_wconf 72' lang='lat' dir='ltr'><strong>relata,</strong></span> <span class='ocrx_word' id='word_1_826' title='bbox 2478 5579 2580 5633; x_wconf 88' lang='lat' dir='ltr'><strong>alia</strong></span> <span class='ocrx_word' id='word_1_827' title='bbox 2612 5579 2864 5635; x_wconf 85' lang='lat' dir='ltr'><strong>manibus</strong></span> <span class='ocrx_word' id='word_1_828' title='bbox 2895 5579 3038 5654; x_wconf 77' lang='lat' dir='ltr'><strong>vulgi</strong></span> <span class='ocrx_word' id='word_1_829' title='bbox 3074 5554 3353 5633; x_wconf 51' lang='lat' dir='ltr'><strong>distracta.</strong></span> <span class='ocrx_word' id='word_1_830' title='bbox 3388 5576 3465 5630; x_wconf 81' lang='lat' dir='ltr'><strong>ita</strong></span> <span class='ocrx_word' id='word_1_831' title='bbox 3499 5589 3596 5630; x_wconf 70' lang='lat' dir='ltr'><strong>suo</strong></span> 
     </span>
    </p>
   </div>
   <div class='ocr_carea' id='block_1_116' title="bbox 1709 5703 2257 5766">
    <p class='ocr_par' dir='ltr' id='par_1_116' title="bbox 1709 5703 2257 5766">
     <span class='ocr_line' id='line_1_116' title="bbox 1709 5703 2257 5766; baseline 0.02 -11"><span class='ocrx_word' id='word_1_832' title='bbox 1709 5703 2042 5765; x_wconf 81' lang='lat' dir='ltr'><strong>Variorum</strong></span> <span class='ocrx_word' id='word_1_833' title='bbox 2074 5714 2257 5766; x_wconf 67' lang='lat' dir='ltr'><strong>notae.</strong></span> 
     </span>
    </p>
   </div>
   <div class='ocr_carea' id='block_1_117' title="bbox 429 5797 2219 5880">
    <p class='ocr_par' dir='ltr' id='par_1_117' title="bbox 429 5797 2219 5880">
     <span class='ocr_line' id='line_1_117' title="bbox 429 5797 2219 5880; baseline 0.006 -23"><span class='ocrx_word' id='word_1_834' title='bbox 429 5797 549 5873; x_wconf 79' lang='lat'><strong>(39)</strong></span> <span class='ocrx_word' id='word_1_835' title='bbox 604 5803 847 5874; x_wconf 77' lang='lat' dir='ltr'><strong>Deiparae</strong></span> <span class='ocrx_word' id='word_1_836' title='bbox 893 5803 1250 5879; x_wconf 60' lang='lat' dir='ltr'><strong>ilodegetrim,</strong></span> <span class='ocrx_word' id='word_1_837' title='bbox 1296 5816 1353 5862; x_wconf 90' lang='lat' dir='ltr'><strong>ut</strong></span> <span class='ocrx_word' id='word_1_838' title='bbox 1418 5823 1582 5879; x_wconf 86' lang='lat' dir='ltr'><strong>supra</strong></span> <span class='ocrx_word' id='word_1_839' title='bbox 1619 5809 1742 5879; x_wconf 78' lang='lat' dir='ltr'><strong>(eui.</strong></span> <span class='ocrx_word' id='word_1_840' title='bbox 1801 5810 1947 5880; x_wconf 70' lang='grc'><strong>481).</strong></span> <span class='ocrx_word' id='word_1_841' title='bbox 1991 5810 2219 5867; x_wconf 48' lang='lat' dir='ltr'><strong>Ducam.</strong></span> 
     </span>
    </p>
   </div>
  </div>
