4088 6624
561 379 676 445 615
855 373 934 447 [Δ.
975 390 1031 429 κ.
1068 374 1201 430 679i
1247 389 1315 428 an
1355 374 1518 448 6856]
1768 380 2192 445 NICEPHORI
2235 383 2619 447 GREGOR/E
2871 379 3007 452 [IIIP.
3046 395 3329 438 monomc.
3368 381 3508 454 sam]
3679 391 3767 460 διδ

560 493 678 548 bito
728 507 834 546 una
874 505 994 544 cum
1036 490 1226 544 liberis
1260 489 1326 543 ad
1378 498 1674 560 egestatem
1743 492 1998 548 redactus
2039 501 2124 548 est
2159 511 2174 556 Α

2159 501 2203 556 Α
2233 495 2580 566 πρυτανεῖον,
2610 494 2677 548 τὰ
2719 493 2774 547 δὲ
2797 493 3050 564 δημοτῶν
3079 495 3416 564 διενείμαντο
3459 499 3628 569 χεῖρες
3647 515 3660 528 ·
3688 505 3769 555 καὶ

558 584 651 652 qui
673 592 793 652 post
820 583 1202 650 imperatorem
1222 582 1468 636 omnium
1496 581 1846 638 felicissimus
1898 583 2131 638 habeba-

2235 589 2422 654 γέγονε
2454 587 2620 653 πένης
2654 587 2815 649 εὐθὺς
2843 586 2979 656 ὁμοῦ
3009 589 3120 650 τοῖς
3146 587 3332 640 παισὶν
3371 590 3397 640 ὁ
3418 591 3626 643 πάντων
3655 597 3771 662 μετὰ

557 687 684 740 tur;
715 675 878 729 etcui
904 689 1000 743 per
1028 673 1229 739 multos
1261 688 1436 729 annos
1468 689 1614 728 mera
1638 674 1872 744 quadam
1906 689 2132 744 prospe-

2235 677 2462 746 βασιλέα
2487 679 2978 748 εὐδαιμονέστατος
3004 681 3138 733 πᾶσι
3168 681 3363 737 δοκῶν.
3405 683 3657 752 ’Δκρὰτου
3678 689 3772 758 γὰρ

561 767 721 822 ritate
751 767 854 820 frui
889 766 1230 836 contigerat,
1271 764 1316 818 is
1351 779 1462 820 uno
1500 765 1589 820 die
1626 774 1798 820 totum
1831 780 1894 821 ac
1923 781 2130 821 merum

2234 770 2330 840 τῆς
2373 771 2723 841 εὐδαιμονίας
2747 773 2804 824 ὲν
2827 772 3038 836 πολλοῖς
3069 773 3461 838 ἀπολελαυκὼς
3495 778 3602 839 τοῖς
3626 779 3775 846 ήλίοις

558 863 792 917 tristitiae
809 864 1062 931 poculum
1088 861 1288 915 hausit.
1318 860 1394 916 lbi
1429 862 1673 916 homines
1687 862 1947 931 querulos
1967 861 2134 932 426

2234 863 2354 915 ὃλον
2386 862 2711 916 ὲκπέπωκεν
2741 863 2981 932 ἄκρατον
3011 863 3196 937 ἡμέρᾳ
3242 866 3342 935 μιᾷ
3369 866 3458 918 τὸν
3490 868 3582 936 τῆς
3620 867 3774 937 λύπης

558 953 750 1009 dicere
783 954 1006 1007 audires
1031 968 1154 1006 cum
1185 953 1314 1017 alia,
1344 962 1456 1007 tum
1491 969 1622 1021 opes
1671 954 1792 1007 illas
1830 967 2133 1023 pauperum

2237 954 2505 1025 κρατῆρα.
2542 955 2650 1008 Kal
2679 949 2746 1026 ἦν
2789 953 3011 1007 ἀκούειν
3041 956 3150 1007 τῶν
3198 955 3579 1027 μεμψιμοίρων
3607 957 3775 1027 λεγόν-

557 1061 679 1100 esse
711 1045 1032 1114 sanguinem
1061 1054 1118 1098 et
1163 1043 1464 1114 lacrymas,
1498 1045 1837 1099 contributas
1881 1043 2135 1100 videlicet

2235 1065 2343 1102 των
2369 1047 2437 1102 τά
2467 1063 2522 1100 τε
2557 1046 2690 1099 ἄλλα
2739 1046 2834 1099 καὶ
2875 1045 2951 1108 ὼς
3001 1047 3250 1117 πενήτων
3278 1043 3346 1116 ἦν
3387 1047 3590 1116 αἴματά
3611 1065 3664 1100 τε
3700 1051 3779 1104 καὶ

556 1147 615 1192 et
643 1136 1018 1206 suppeditatas
1045 1139 1094 1189 ei
1139 1135 1207 1189 ab
1240 1136 1309 1189 iis
1337 1136 1546 1205 quibus
1595 1137 1966 1192 Romanarum
2001 1153 2134 1206 pro.

2235 1140 2449 1210 δάκρυα
2490 1139 2556 1193 τὰ
2575 1138 2801 1193 τοιαῦτα
2829 1139 3108 1210 χρήματα,
3139 1138 3602 1209 συνεισφερόμενά
3625 1157 3678 1193 τε
3697 1143 3779 1196 καὶ

560 1226 864 1280 vineiarum
895 1236 951 1280 et
984 1225 1202 1278 urbium
1242 1225 1649 1280 administratio
1678 1227 1970 1282 commissa
2000 1227 2135 1282 fuis-

2237 1230 2622 1302 χορηγούμενα
2666 1229 2798 1299 παρ’
2838 1225 2917 1292 οἷς
2965 1230 3340 1300 ἐπετέτραπτο
3379 1229 3583 1284 πόλεών
3620 1249 3671 1284 τε
3698 1234 3779 1285 καὶ

557 1301 657 1378 set,
689 1325 748 1372 ut
775 1332 900 1371 cum
931 1316 1007 1369 illi
1036 1316 1309 1370 Romanos
1339 1315 1638 1370 crudeliter
1673 1310 1772 1385 pro
1798 1331 1906 1370 acre
1933 1317 2135 1386 emptis

2239 1301 2430 1393 χωρῶν
2471 1323 2733 1392 διοίκησις
2775 1321 3101 1390 Ῥωμαϊκῶν
3123 1338 3137 1352 ·
3173 1323 3239 1376 ἵν’
3269 1322 3495 1376 ἐκείνων
3526 1323 3620 1392 μὲν
3655 1325 3778 1394 ἀπη-

557 1409 849 1479 mancipiis
904 1416 1226 1469 tractarent,
1267 1408 1385 1476 ipse.
1439 1407 1653 1462 miseris
1697 1406 2015 1476 confugium
2068 1405 2133 1460 ad

2239 1417 2344 1478 νᾶες
2365 1416 2662 1485 χρωμένων
2693 1417 2801 1478 τοῖς
2832 1414 3194 1485 ταλαιπώροις
3227 1415 3539 1483 Ῥωμαίοις,
3562 1409 3645 1469 οἷά
3663 1433 3781 1468 τισιν

558 1504 948 1570 imperatorem
987 1499 1322 1560 Obstrueret,
1365 1512 1474 1566 quo
1516 1513 1707 1567 magna
1749 1498 1840 1551 illa
1893 1497 2136 1553 facinora

2239 1509 2466 1578 ὠνητοῖς
2495 1508 2870 1578 ἀνδραπόδοις,
2927 1508 3088 1572 αὐτὸς
3127 1508 3433 1578 ιπιτειχίξῃ
3468 1507 3670 1567 τούτοις
3698 1508 3781 1578 τὴν

566 1594 636 1648 ab
669 1590 817 1647 omni
839 1601 991 1662 parte
1034 1601 1321 1644 manerent
1345 1589 1636 1658 impunita.
1666 1588 1852 1660 Itaque
1887 1591 2138 1645 vindictae

2240 1600 2295 1662 ἐς
2326 1599 2547 1668 βασιλέα
2579 1599 2905 1669 καταφυγὴν
2938 1599 3032 1652 καὶ
3082 1598 3216 1670 μένῃ
3246 1599 3307 1651 τὸ
3350 1599 3494 1669 μέγα
3517 1584 3784 1652 τοῦτο’δει-

558 1684 779 1740 oculum
815 1698 920 1736 non
955 1691 1220 1752 perpetuo
1251 1681 1595 1743 dormitasse,
1625 1680 1718 1734 sed
1752 1691 2134 1749 experrectum

2181 1747 2184 1750 _
2241 1689 2329 1743 νὺν
2384 1689 2734 1761 ἀνεκδίκητον
2799 1691 3173 1760 πανταχόθεν·
3235 1690 3352 1744 ὅθεν
3405 1694 3434 1745 ὁ
3492 1692 3588 1761 τῆς
3648 1692 3785 1761 δίκης

556 1785 682 1826 sero
724 1760 922 1826 ac'vix
975 1773 1192 1826 tandem
1227 1771 1439 1826 debitas
1486 1770 1563 1824 illi
1609 1785 1798 1838 poenas
1842 1771 2131 1842 irrogasse.
2168 1832 2170 1850 η

2168 1831 2205 1855 η
2241 1783 2519 1853 ὀφθαλμὸς
2563 1760 2664 1840 οὐκ
2693 1784 2774 1847 είς
2822 1784 2975 1846 τέλος
3015 1783 3362 1853 κεκοίμηται,
3394 1783 3529 1837 ἀλλὰ
3548 1760 3782 1855 διανέστη

553 1863 683 1928 Quae
709 1879 832 1918 eum
863 1862 1023 1932 vulgo
1039 1871 1413 1930 cantarentur,
1443 1862 1810 1919 calamitatem
1835 1863 1956 1935 ejus
1976 1877 2131 1920 acer-
2165 1879 2167 1885 ί

2165 1831 2208 1888 Β
2235 1831 2333 1930 κᾶι
2351 1831 2456 1945 τὴῖ
2479 1831 2860 1946 προσήκουσαν
2903 1831 3000 1945 die
3031 1875 3123 1929 καὶ
3159 1831 3312 1945 ὧλις
3343 1831 3448 1946 έπή
3460 1892 3610 1943 νεγκε
3635 1835 3775 1928 κόλαξ

562 1953 776 2010 ϋίοτεῐη
808 1953 1107 2009 faelem!!!»
2231 1984 2341 2021 σιν.
2371 1965 2560 2030 Ταῦτα
2580 1967 2729 2038 παρὰ
2755 1966 2965 2020 πολλῶν
2984 1965 3220 2038 ᾀδόμενα
3239 1966 3569 2036 πικροτέραν
3591 1966 3784 2019 ἐποίουν

1563 2057 1569 2062 “
2229 2057 2332 2127 τὴν
2376 2057 2476 2110 τοῦ
2506 2057 3056 2128 ἀνδρδςσυμφορὰν.
3376 2048 3380 2049 ί

610 2145 698 2201 IX.
713 2144 845 2211 Quis
857 2159 986 2200 vero
1002 2153 1290 2200 enumeret
1308 2144 1606 2201 seditiones
1624 2146 1764 2208 illas,
1785 2147 1983 2218 quibus
2001 2159 2131 2204 tunc

2300 2149 2380 2206 8'.
2410 2149 2532 2213 Πῶς
2559 2147 2602 2202 δ’
2633 2148 2698 2203 ἄν
2724 2167 2808 2212 τις
2831 2148 3156 2219 ὲξαριθμοίη
3183 2149 3285 2218 τὴν
3313 2149 3439 2202 τότε
3482 2148 3613 2220 πρὸς
3639 2147 3785 2216 ἀλλή-

550 2237 780 2292 Bomani
800 2251 992 2291 omnes
1017 2247 1178 2306 atque
1193 2237 1454 2307 inprimis
1475 2238 1716 2308 Byzantii
1739 2239 1880 2294 inter
1899 2254 1958 2294 se
1980 2239 2131 2293 labo-

2230 2243 2357 2305 λους
2411 2243 2783 2295 ἐπανάστασιν
2814 2242 3032 2294 πάντων
3071 2241 3388 2311 Ῥωμαίων,
3441 2234 3538 2294 Stal
3579 2239 3788 2310 μάλιστά

548 2335 784 2390 rarum?
828 2335 963 2389 Nam
1018 2334 1236 2388 duobus
1284 2335 1706 2404 imperatoribus
1730 2333 2130 2388 dissidentibus

2231 2351 2294 2404 γε
2324 2335 2430 2386 τῶν
2463 2332 2806 2399 Βνζαντίων;
2855 2332 2918 2385 'H
2947 2331 3053 2402 γὰρ
3083 2332 3187 2385 τῶν
3211 2333 3357 2386 δυοῖν
3389 2331 3648 2400 βασιλέων
3684 2333 3786 2384 δια-

547 2427 711 2482 etiam
745 2425 947 2479 subditi
971 2433 1032 2479 ut
1070 2425 1485 2480 ﬁtdissiilebant
1516 2443 1530 2479 :
1561 2433 1618 2478 ut
1664 2423 1851 2479 furore
1886 2427 2125 2495 quodam

2232 2426 2373 2495 φορὰ
2399 2426 2690 2494 διαφόρους
2715 2425 2790 2488 ὼς
2819 2424 2880 2477 τὸ
2901 2427 3046 2488 είκδς
3070 2424 3166 2478 καὶ
3193 2425 3320 2487 τοὺς
3345 2425 3620 2494 ὑπηκόους
3647 2426 3786 2491 noti;-

550 2518 710 2571 liberi
737 2527 925 2571 contra
954 2525 1230 2585 parentes,
1258 2524 1509 2586 parentes
1531 2526 1722 2570 contra
1755 2516 1983 2579 liberos,
2019 2516 2126 2571 fra-

2230 2535 2373 2572 σασα
2404 2518 2524 2570 κατ’
2558 2517 2806 2586 ἀλλήλων
2859 2514 3090 2585 ἐξέμηνε
3116 2533 3131 2548 ο
3178 2516 3345 2569 τέκνα
3397 2515 3538 2570 κατὰ
3581 2517 3782 2583 γονέων,

552 2619 664 2663 tres
682 2617 870 2662 contra
894 2608 1110 2670 fratres,
1141 2608 1299 2662 vieini
1325 2617 1514 2663 contra
1536 2607 1764 2671 vicinos,
1782 2617 1837 2662 et
1854 2608 1998 2676 quod
2019 2624 2130 2662 ma-

2231 2610 2398 2680 φημὶ,
2430 2609 2526 2662 καλ⁸
2557 2609 2749 2676 γονέας
2791 2608 2932 2662 κατὰ
2961 2607 3188 2669 τέκνων,
3216 2606 3481 2676 ἀδελφοὺς
3511 2607 3625 2659 κατ’
3649 2607 3785 2659 ἀδελ·-

546 2703 636 2772 jus
665 2711 770 2760 est,
795 2702 1032 2770 episcOpi
1059 2711 1246 2756 contra
1275 2701 1580 2770 episcOpos,
1613 2701 1916 2770 presbyteri
1940 2710 2129 2756 contra

2228 2701 2345 2769 φῶν
2373 2701 2469 2755 καὶ
2498 2701 2642 2754 κατὰ
2677 2701 2933 2767 γειτόνων
2962 2701 3214 2768 γείτονας
3232 2717 3246 2731 ο
3280 2702 3339 2753 τὸ
3359 2700 3420 2752 δὲ
3445 2701 3648 2768 μεῖζον,
3676 2701 3783 2752 ἑπι-

550 2790 922 2860 presbyteros.
975 2791 1231 2845 monachi
1266 2801 1458 2845 contra
1504 2790 1802 2844 monachos
1845 2790 2120 2844 saevirent.

2231 2793 2470 2853 σκόπους
2533 2794 2627 2846 καὶ
2687 2793 3098 2863 πρεσϐυτέρους
3153 2791 3274 2846 κατ’
3339 2794 3651 2846 ἐπισκόπων
3701 2792 3783 2846 καὶ

548 2882 704 2949 Quod
727 2883 784 2936 ni
813 2873 1112 2951 imperator
1137 2881 1534 2936 humanissimo
1556 2882 1772 2952 ingenio
1797 2881 2129 2950 praeditusﬁet

2231 2884 2637 2954 πρεσϐυτέρων,
2693 2885 2789 2936 καὶ
2844 2885 3114 2954 μοναχοὺς
3143 2885 3283 2938 κατὰ
3315 2885 3588 2954 μοναχῶν.
3622 2886 3720 2937 Kal
3746 2886 3784 2936 εξ

549 2974 786 3029 militum
805 2983 860 3027 et
883 2972 1058 3043 plebis
1087 2973 1347 3042 impetum
1378 2971 2023 3042 repressisset.’fortassis
2048 2973 2124 3026 illi

2233 2975 2306 3042 μὴ
2342 2975 2596 3044 βασιλεὺς
2631 2975 3016 3045 φιλανθρώπου
3049 2976 3275 3044 γνώμης
3321 2976 3504 3046 τυχὼν
3533 2978 3588 3036 ὲς
3636 2977 3785 3045 ὑπερ-

553 3063 751 3131 templa
802 3071 858 3116 et
909 3062 1102 3116 domos
1145 3063 1528 3133 Byzantiorum
1568 3065 1807 3132 praedam
1849 3063 2124 3135 Mysorum

2230 3062 2394 3134 ϐολὴν
2421 3066 2530 3116 τῶν
2557 3082 2614 3117 τε
2649 3065 3002 3135 στρατιωτῶν
3055 3066 3149 3118 καὶ
3177 3064 3272 3118 τοῦ
3299 3066 3360 3134 δή
3372 3083 3478 3134 μου
3507 3067 3604 3136 τὴν
3633 3065 3784 3136 φορὰν

549 3153 864 3208 eﬂ‘ecissent
896 3171 909 3208 :
943 3154 1189 3208 fortassis
1220 3156 1382 3209 etiam
1414 3156 1588 3209 esedes
1622 3157 1870 3224 plurima:
1901 3167 2122 3225 patrata:
2151 3167 2163 3218 1

2169 3164 2192 3220 ζ
2225 3152 2559 3221 ἀνεχαίτισε,
2593 3153 2714 3219 τάχ’
2749 3153 2814 3207 ἂν
2864 3153 3070 3206 Μυσῶν
3099 3153 3251 3207 λείαν
3279 3154 3601 3222 εἰργάζοντο
3641 3157 3707 3210 τά
3733 3172 3783 3207 τε

541 3255 755 3310 essent,
807 3261 930 3301 eum
974 3247 1131 3300 multi
1175 3262 1202 3299 a
1248 3261 1306 3300 se
1357 3246 1588 3300 invicem
1637 3257 1825 3314 pinnas
1865 3258 2124 3316 expetere

2229 3239 2351 3309 ίερὰ
2384 3240 2604 3294 καὶτῶν
2635 3241 2946 3305 Βυζαντίων
2975 3244 3100 3304 τοὺς
3129 3244 3313 3306 οίκους
3334 3259 3346 3274 ·
3381 3244 3524 3314 τάχα
3545 3245 3591 3296 δ’
3622 3245 3683 3298 ἂν
3709 3245 3785 3298 καὶ

545 3339 770 3401 vellent,
804 3339 847 3391 si
880 3339 1004 3408 quis
1033 3337 1189 3391 alteri
1241 3337 1296 3390 in
1327 3336 1557 3391 dissidio
1600 3337 1692 3391 illo
1724 3339 2124 3395 contumeliose

2226 3332 2385 3400 φόνος
2438 3335 2697 3403 ἠγείρετο
2753 3336 3032 3400 πλεῖστος,
3083 3335 3239 3405 δίκην
3293 3335 3638 3408 βουλομένων
3667 3336 3781 3404 παρ’

546 3432 883 3488 insultasset.
927 3451 943 3482 σ
979 3431 1111 3484 Nam
1145 3430 1188 3485 si
1207 3447 1328 3501 ego,
1362 3429 1541 3499 inquit
1570 3430 1891 3499 imperator,
1930 3431 1998 3486 iis
2025 3429 2121 3503 qui

2225 3424 2471 3496 ἀλλήλων
2510 3427 2620 3478 τῶν
2654 3425 2926 3480 πλείστων
2969 3427 3290 3496 λαμϐάνειν,
3341 3428 3394 3480 ei
3422 3429 3504 3493 τίς
3532 3428 3783 3482 τινικατὰ

543 3525 630 3578 vel
673 3524 943 3594 petulanti
973 3523 1181 3591 lingua,
1223 3523 1304 3576 vel
1345 3538 1475 3577 ense
1518 3522 1783 3576 insidioso
1811 3530 2004 3577 contra
2038 3539 2124 3580 me

2223 3521 2321 3579 τὰς
2353 3517 2534 3587 μάχας
2565 3516 2780 3580 ὲκείνας
2807 3518 3306 3588 ἐμπεπαρῲνηκεν.
3356 3539 3374 3571 ι
3409 3523 3473 3574 Ei
3504 3522 3608 3592 γὰρ
3636 3520 3779 3588 ὲγὼ,ι

545 3615 630 3670 usi
657 3626 820 3680 sunt,
856 3617 1064 3670 crimen
1101 3615 1263 3686 £5.27
1305 3630 1467 3669 omne
1505 3614 1712 3676 remisi,
1742 3616 1916 3669 multo
1949 3615 2124 3686 magis

2224 3610 2388 3678 φησὶν
2437 3610 2464 3662 ό
2514 3609 2792 3679 βασιλεὺς,
2857 3627 2876 3661 ι
2912 3613 3025 3674 τοῖς
3053 3611 3301 3678 γλῶσσάν
3333 3629 3391 3664 τε
3431 3608 3783 3683 βακχεύουσαν

544 3705 703 3759 vobis
751 3705 801 3760 id
860 3721 986 3775 erga
1030 3720 1325 3760 conservos
1377 3714 1590 3759 vestros
1625 3713 1711 3759 est
1774 3706 2119 3775 faciendum;

2224 3701 2320 3752 καὶ
2339 3700 2491 3769 ξίφος
2527 3701 2815 3755 ἐπίϐουλον
2849 3701 3016 3772 ἄρασι
3050 3705 3171 3756 κατ’
3205 3703 3340 3773 ἐμοῦ
3387 3708 3573 3758 πᾶσαν
3619 3705 3782 3758 αἰτίαν

545 3797 744 3867 partim
775 3799 902 3866 quia
935 3798 1244 3866 exemplum
1278 3812 1458 3850 meum
1487 3797 1688 3851 imitari
1721 3796 1930 3853 debetis
1954 3841 1966 3865 ,
1998 3814 2124 3869 par-

2222 3791 2434 3862 ἀφῆκα,
2469 3793 2648 3863 πολλῷ
2696 3795 2898 3863 μᾶλλον
2926 3794 3072 3862 ὑμᾶς
3099 3788 3262 3850 τοῦτο
3291 3800 3472 3849 ποιεῖν
3516 3795 3619 3866 χρὴ
3660 3795 3782 3865 πρὶς

549 3887 644 3941 tim
676 3889 820 3958 quod
855 3905 962 3943 non
997 3888 1280 3959 ignoratis,
1304 3888 1449 3943 haud
1479 3889 1731 3942 eumdem
1761 3904 1881 3944 esse
1912 3892 2120 3944 exitum

2221 3885 2348 3948 τοὺς
2410 3885 2760 3948 συνδούλους⁹
2815 3885 2976 3939 τοῦτο
3030 3885 3130 3956 μὲν
3180 3889 3274 3940 καὶ
3307 3889 3383 3949 ὡς
3438 3888 3536 3958 τὴν
3569 3889 3782 3956 μίμησιν

544 3981 664 4050 ejus
692 3981 992 4051 czedis,qua
1023 3981 1338 4049 imperator,
1369 3995 1431 4036 ac
1451 3981 1591 4053 ejus,
1624 3996 1730 4050 qua
1761 3981 1923 4038 homo
1944 3983 2121 4053 priva-

2221 3978 2515 4048 ἀναφέρειν
2543 3978 2859 4045 ὀφείλοντας
2883 3983 2962 4040 εἰς
2993 3981 3093 4048 ἐμέ
3113 3996 3128 4011 ο
3156 3979 3312 4033 τοῦτο
3341 3980 3396 4033 δὲ
3427 3983 3519 4034 καὶ
3547 3980 3620 4043 ὼς
3661 3979 3780 4032 ειδό-

545 4078 634 4126 tus
665 4071 988 4126 interfectus
1018 4070 1110 4126 sit.
1144 4089 1164 4122 ι
1363 4080 1370 4086 ·

2219 4085 2319 4131 τας
2349 4071 2444 4138 οὐχ
2468 4070 2653 4138 ὅμοιον
2683 4069 2741 4122 ὃν
2769 4070 2830 4122 τὸ
2859 4071 2960 4139 τῆς
2990 4069 3267 4134 ἐκϐάσεως
3290 4071 3446 4136 τέλος
3479 4070 3710 4141 ὑπηκόου
3729 4087 3778 4122 τε

2222 4156 2574 4223 φονευθέντος
2603 4158 2699 4209 καὶ
2730 4159 3018 4225 βασιλέως.
3061 4179 3080 4211 ι

615 4257 682 4312 Χ.
715 4257 869 4324 Quod
901 4259 944 4314 si
976 4269 1031 4314 et
1073 4275 1192 4324 nos,
1224 4259 1428 4315 seniori
1453 4260 1766 4330 imperatori
1796 4260 1990 4316 merito
2019 4259 2116 4313 ad-

2291 4247 2378 4318 [Ρ.
2399 4246 2526 4318 262]
2550 4246 2601 4302 l'.
2617 4249 2673 4302 El
2694 4249 2747 4301 δὲ
2769 4250 2860 4302 καὶ
2887 4252 3045 4320 ἡμεῖς
3078 4253 3154 4322 τῷ
3177 4271 3244 4324 γη
3255 4255 3393 4325 ραιῷ
3417 4257 3557 4308 κατὰ
3575 4255 3628 4307 τὸ
3653 4254 3779 4312 εἰκὸς

543 4349 696 4416 dicti,
731 4353 1073 4420 tempestatis
1097 4352 1241 4406 illius
1267 4352 1466 4407 ﬂuctus
1493 4353 1707 4422 aliquot
1731 4353 2113 4419 sustinuimus,

2219 4339 2601 4408 προσκείμενοι
2651 4342 2862 4410 βασιλεῖ
2908 4344 3104 4413 ῥοθίοις
3156 4348 3302 4399 τισὶν
3333 4349 3654 4417 ἐνετύχομεν
3698 4346 3777 4396 τοῦ

544 4441 681 4495 nihil
711 4451 795 4496 est
821 4443 970 4496 novi’.
1003 4444 1191 4513 Neque
1214 4443 1360 4498 enim
1393 4458 1608 4512 asqnum
1636 4453 1773 4505 erat,
1804 4459 1906 4498 nos
1931 4444 2111 4498 neutri

2216 4431 2483 4501 χειμῶνος
2512 4433 2743 4496 ἐκείνου,
2775 4435 2962 4487 καινὸν
2989 4436 3163 4493 οὐδέν.
3184 4436 3320 4491 Οὓτε
3349 4438 3456 4506 γὰρ
3478 4440 3676 4492 δίκαιον
3699 4433 3775 4507 ἦν,

545 4531 683 4599 parti
710 4531 952 4594 studere,
979 4543 1037 4586 ut
1072 4533 1241 4587 Solon
1271 4533 1510 4589 monuit.
1539 4532 1804 4587 Praeterea
1827 4542 2117 4587 consenta-
2152 4514 2159 4564 ¹

2167 4514 2192 4567 )
2221 4525 2365 4592 ἡμᾶς
2391 4525 2631 4595 μηδεμιᾷ
2659 4526 3013 4594 προσκεῖσθαι
3037 4530 3240 4598 μερίδι,
3263 4529 3356 4582 τοῦ
3379 4531 3620 4593 Σόλωνος
3642 4530 3781 4582 τοῦτο

539 4637 707 4676 neum
737 4632 840 4688 est,
867 4623 985 4692 ipso
1017 4632 1234 4692 pastore
1260 4639 1523 4693 percusso
1547 4625 1870 4679 universum
1897 4641 2111 4696 gregem

2226 4615 2626 4685 προτρέποντος
2647 4632 2659 4645 ·
2685 4617 2777 4668 καὶ
2802 4616 2935 4686 πρός
2962 4634 3026 4685 γε
3057 4618 3164 4672 τῶν
3193 4619 3418 4672 είκότων
3442 4619 3533 4684 αὖ,
3563 4618 3655 4672 τοῦ
3681 4635 3782 4670 ποι-

544 4729 646 4786 pro
675 4725 790 4768 rata
825 4706 979 4784 parte
1012 4713 1154 4768 mala
1187 4715 1422 4784 perpeti.

2228 4706 2386 4773 μένος
2427 4706 2792 4776 καταχθέντος
2836 4709 2986 4764 δεινὰ
3035 4710 3228 4766 παθεῖν
3265 4711 3406 4765 κατὰ
3442 4713 3502 4765 τὸ
3543 4711 3780 4775 ἀνάλογον

2225 4798 2375 4850 ἆπαν
2407 4799 2466 4849 τὸ
2498 4799 2751 4868 ποίμνιον

1985 4914 2212 4971 CAPUT
2273 4912 2384 4968 VII.

551 5007 754 5076 Niphon
813 5008 1003 5061 seniori
1047 5023 1146 5079 cur,
1190 5006 1444 5079 infensus.
1498 5008 1628 5079 Ejus
1665 5010 1801 5064 male
1846 5011 2110 5062 tractandi
2157 5020 2359 5079 auctor.
2400 5005 2638 5064 Invidus.
2675 5008 2952 5079 Ingratus.
2984 5011 3310 5066 Andronicus
3351 5015 3529 5068 senior
3554 5014 3661 5067 δοιιι
3693 5016 3777 5065 im-

613 5079 746 5154 perii
787 5079 1010 5154 insignia
1052 5078 1259 5154 retinet.
1287 5077 1506 5154 Annuus
1540 5077 1736 5154 reditus
1766 5083 1812 5154 ei
1840 5082 2160 5154 assignatus.
2198 5078 2484 5154 L090”!qu
2510 5077 2939 5154 Ditlyiiioticliurit
2970 5082 3256 5151 relegatur.
3290 5083 3467 5138 Isaias
3491 5087 3775 5154 patnarrlta

607 5147 802 5202 Seniori
823 5147 1081 5222 inanitat._
1107 5147 1372 5222 Episfopis
1416 5156 1460 5222 et
1502 5150 1863 5222 sacerdotibus
1904 5147 2080 5222 poenas
2127 5147 2349 5222 irrogot.
2402 5147 2670 5222 Joannes,
2727 5151 2998 5222 lieraclew
3041 5147 3514 5222 rit-etrapolitanus',
3553 5155 3774 5216 Cregoru:

609 5217 915 5282 avunculus,
949 5219 1192 5270 moritur.
1216 5216 1349 5285 Ejus
1379 5218 1626 5288 elogium.
1653 5221 1727 5272 De
1753 5216 1928 5272 eodem
1965 5219 2121 5289 plura
2155 5221 2208 5273 in
2233 5216 2343 5289 ejus
2376 5219 2501 5283 vita,
2533 5236 2694 5289 quam
2726 5221 2983 5292 Cregoras
3013 5216 3261 5291 scriptum
3291 5242 3323 5277 a
3350 5242 3405 5278 se
3436 5216 3672 5280 teatutur.

612 5331 654 5384 1.
704 5331 829 5384 Fuit
901 5332 991 5386 ille
1033 5331 1152 5386 dies
1195 5341 1424 5401 quartus
1460 5343 1513 5387 et
1577 5334 1869 5389 vicesimus
1910 5335 2110 5389 mensis

2291 5337 2369 5392 A’.
2421 5333 2530 5389 'ilv
2577 5337 2763 5406 μέντοι
2816 5339 3047 5410 τετάρτη
3089 5343 3181 5394 καὶ
3224 5342 3443 5412 εἰκοστὴ
3492 5339 3582 5393 τοῦ
3610 5336 3768 5394 Μαίοί

539 5419 666 5488 Maji
697 5420 999 5485 undecimae
1043 5422 1379 5487 indictionis,
1427 5440 1538 5494 quo
1579 5427 1694 5480 haec
1732 5428 1916 5480 omnia
1961 5437 2111 5496 gesta

2222 5429 2388 5499 μηνὸς
2432 5428 2544 5499 (90)
2581 5430 2614 5498 ἡ
2647 5431 2826 5501 ἡμέρα
2855 5432 3038 5501 ἐκείνη
3064 5435 3160 5501 τῆς
3192 5433 3482 5501 ἑνδεκάτης
3525 5425 3769 5486 natea.

1880 5554 2218 5616 Variorum
2257 5567 2444 5619 notae.

613 5647 734 5735 (99)
769 5646 1003 5735 Proinde
1045 5651 1137 5735 die
1178 5652 1319 5735 5'ab
1367 5653 1502 5735 urbe
1537 5664 1724 5735 capta._
1768 5655 2001 5735 Ducam.
2047 5687 2110 5696 -—
2353 5659 2495 5735 Cave
2544 5661 2690 5715 enim
2731 5663 2964 5735 eredas,
3000 5664 3050 5718 id
3073 5665 3216 5733 quod
3280 5665 3580 5735 Dueangius
3609 5661 3769 5735 credi—

539 5719 952 5805 Cantacufenus
975 5723 1271 5805 urbemnait
1304 5741 1332 5778 a
1360 5726 1580 5805 juniore
1603 5719 2109 5805 llndroiiicoocen-
2219 5728 2318 5789 dit,
2375 5729 2828 5805 Gregoram_lioc
2879 5719 2995 5787 loco
3038 5719 3277 5790 voluisse
3323 5719 3593 5805 assignare
3638 5733 3765 5785 diem

543 5797 724 5858 patam
756 5790 841 5845 die
891 5791 1012 5880 Maii
1046 5793 1132 5862 19,
1164 5790 1432 5866 ϐτοεοίεε
1463 5795 1552 5850 die
1601 5795 1845 5861 ejusdem
1909 5798 2110 5851 mensis
2215 5802 2466 5865 quintum
2487 5790 2586 5854 "ab
2619 5801 2756 5856 urbe
2803 5811 2980 5873 capta.
3029 5805 3142 5860 lmo
3191 5808 3332 5862 diem
3366 5790 3561 5877 vipusum
3614 5811 3767 5871 cupiat!
