4088 6590
317 429 443 495 ’625

627 430 705 503 [λ.
750 448 799 488 c.
846 434 980 489 159.8
1017 451 1082 490 AD
1128 433 1284 506 15H]

1381 440 1829 524 ΒΥΖΑΝἸῚΝΕ
1875 438 2264 500 ΙΗΒἹῸΒΙίΕ
2307 442 2449 504 LIB.
2506 444 2618 503 IX.

2709 438 2843 512 [ιιιν.
2881 455 3164 496 asanomc.
3203 440 3347 513 ηιμ]

3488 450 3607 510 626

334 543 428 596 καὶ
454 546 693 616 στρατῷ.
728 548 995 616 Λήγοντος
1027 549 1128 619 μὲν
1159 544 1250 603 οὖν
1282 550 1384 619 ήδη
1408 551 1503 602 τοῦ
1533 546 1665 621 ἦρος
1702 549 1729 600 ὅ
1762 565 1921 618 στραο

2035 547 2168 603 Vere
2224 548 2390 619 igitur
2415 551 2527 620 jam
2579 560 2833 617 exeunte,
2890 554 3121 624 trajecto
3157 554 3422 627 Byzantio
3459 559 3615 614 freto

330 638 425 700 τὸς
450 638 947 711 διαπεραιούμενος
991 642 1082 694 τὸν
1114 642 1220 714 πρὸ
1253 642 1345 696 τοῦ
1400 644 1694 708 Βυζαντίου
1747 640 1917 709 πορθ-

335 728 438 797 μδν
471 729 745 784 διέϐαινεν
786 732 842 793 ἐς
893 733 1080 786 Ἀσίαν
1120 732 1235 802 ἅμα
1279 734 1355 804 τῷ
1401 734 1632 803 βασιλεῖ,
1670 732 1920 801 δισχίλιοι

335 821 440 890 μὲν
462 822 560 876 τοῦ
593 823 827 894 στρατοῦ
857 825 915 879 τὸ
945 826 1243 880 ἀπόλεκτον
1273 828 1423 889 ὄντες
1449 843 1465 859 ·
1491 828 1552 879 τὸ
1579 827 1634 880 δὲ
1667 827 1919 878 πλεῖστον

330 917 593 985 ἀγοραίοί
621 933 768 980 τινες
807 920 901 993 καὶ
932 916 1198 987 βάναυσοι
1229 921 1323 972 καὶ
1356 919 1505 989 δῆλοι
1537 920 1691 982 ὄντες
1732 920 1922 990 κιϐδηο

330 1006 550 1060 λεύσειν
602 1008 703 1080 τὴν
756 1011 960 1081 μάχην.
1026 1011 1390 1082 Ἐπφέροντο
1422 1013 1530 1081 γάρ
1574 1012 1667 1064 καὶ
1710 1011 1779 1063 τὰ
1820 1011 1919 1077 τῆς

327 1099 539 1163 δειλίας
565 1103 865 1172 τεκμήρια,
894 1104 1096 1156 ἁκάτιά
1131 1122 1274 1174 φημι
1306 1105 1401 1157 καὶ
1430 1107 1656 1172 ἐφόλκια
1690 1104 1920 1156 πλεῖστά

326 1207 389 1241 τε
435 1193 533 1245 καὶ
566 1186 681 1244 οἷον
711 1193 888 1246 εἰπεῖν
927 1195 1190 1264 ἰσάριθμα
1230 1199 1341 1259 τοῖς
1378 1196 1591 1250 ἑαυτῶν
1637 1195 1916 1266 σώμασιν,

327 1283 420 1334 ἵνα
463 1284 649 1355 φυγῆς
695 1286 993 1355 γενομένης
1043 1289 1277 1357 ἑτοίμως
1327 1290 1490 1358 ἔχωσι
1541 1289 1677 1359 πρὸς
1723 1289 1919 1358 αὑτήν.

331 1377 471 1445 Περι
513 1381 624 1448 γὰρ
663 1379 898 1445 διώξεως
939 1382 1031 1433 καὶ
1081 1384 1237 1455 νίκης
1275 1383 1428 1437 οὐδὲν
1474 1383 1658 1446 αὐτοῖς
1705 1382 1920 1452 οὖδαμῆ

329 1468 730 1541 μεμελέτηται.
770 1471 831 1523 '0
858 1473 912 1524 δὲ
941 1472 1038 1541 τῆς
1058 1473 1315 1538 Βιθυνίας
1343 1475 1589 1545 ἀρχηγὸς
1614 1474 1724 1527 τῶν
1747 1472 1920 1545 Τούρ-

326 1576 449 1611 κων
499 1560 629 1623 τοὺς
676 1562 745 1614 τά
800 1562 1035 1632 πολέμια
1095 1565 1524 1634 ἐμπειροτέρους
1578 1561 1804 1627 ἐκλέξας
1852 1564 1919 1614 τὰ

325 1652 502 1705 στενά
532 1652 642 1705 τῶν
664 1652 803 1707 ὁδῶν
827 1655 1137 1725 ἐπεπόμφει
1165 1656 1478 1724 φυλάττειν.
1506 1655 1672 1718 Αὐτὸς
1692 1655 1736 1709 δ’
1759 1655 1923 1708 ὀκτα-

326 1742 645 1813 κισχιλίους
674 1746 901 1809 ὁπλίτας
925 1748 1106 1800 λαϐὼν
1135 1748 1305 1812 ἔξεισι
1337 1749 1426 1800 τὸν
1458 1748 1678 1820 βασιλέα
1709 1747 1923 1814 ἐκδεξὸ-

332 1852 529 1904 μενος.
571 1836 738 1890 Ὅθεν
778 1838 992 1905 βασιλεῖ
1026 1840 1258 1910 τριταίῳ
1308 1841 1449 1910 μετά
1489 1839 1589 1909 τὴν
1630 1842 1692 1903 ἐς
1737 1839 1919 1894 Ἀσίαν

2030 642 2311 696 exercitus
2359 659 2462 697 una
2495 658 2621 699 cum
2664 644 2997 715 imperatore
3033 648 3086 701 in
3124 649 3308 704 Asiam
3352 653 3606 714 transiit;

2034 732 2236 787 milites
2268 733 2492 804 quidem
2518 736 2707 791 selecti
2738 737 2821 792 bis
2857 739 3005 803 mille
3032 758 3047 804 ;
3082 740 3286 811 reliqua
3318 753 3499 798 autem
3542 763 3604 800 ae

2032 825 2265 879 maxima
2292 827 2450 881 turba
2486 827 2738 883 homines
2774 831 3200 888 circumforauei
3251 844 3417 904 atque
3445 839 3602 906 opili-

2028 933 2144 983 ees,
2192 933 2331 989 quos
2356 904 2535 973 facile
2564 935 2822 977 cerneres
2868 937 3102 994 pugnam
3143 927 3294 981 velut
3331 928 3609 983 adultera-

2033 1016 2186 1063 tnros
2214 1024 2356 1064 esse.
2388 1010 2746 1065 Advehebant
2770 1011 2917 1066 enim
2957 1027 3147 1070 secum
3175 1015 3408 1090 ignavia;
3439 1032 3606 1087 argn-
3650 1066 3653 1069 .

2032 1113 2237 1167 menta,
2262 1103 2474 1157 lembos
2516 1113 2571 1158 et
2607 1106 2886 1161 naviculas
2931 1105 3198 1176 plurimas
3249 1118 3304 1162 et
3344 1109 3459 1166 fere
3507 1120 3608 1171 tot,

2028 1206 2163 1264 quot
2204 1207 2359 1249 crant
2402 1198 2674 1259 homines,
2713 1208 2771 1252 ut
2804 1200 2871 1254 ad
2919 1200 3123 1272 fugam,
3176 1202 3222 1256 si
3263 1217 3405 1273 opus
3446 1203 3609 1265 foret,

2029 1289 2202 1358 parati
2229 1297 2453 1353 essent;
2507 1291 2574 1344 de
2609 1293 2993 1360 persequendo
3027 1302 3083 1345 et
3111 1293 3430 1363 superando
3459 1296 3615 1349 hoste

2027 1381 2168 1436 nihil
2240 1396 2470 1452 prorsus
2534 1385 2857 1453 cogitantes.
2924 1384 3091 1457 434.
3153 1386 3422 1458 Bithynia:
3483 1404 3615 1443 vero

2030 1472 2290 1541 princeps
2322 1472 2537 1528 Turcos
2568 1474 2645 1528 rei
2696 1475 2959 1532 militaris
3002 1479 3366 1546 peritissimos
3396 1479 3614 1550 delege-

2029 1572 2114 1617 rat
2148 1571 2205 1617 et
2236 1563 2305 1617 ad
2362 1564 2754 1645 custodiendas
2797 1567 3009 1620 viarum
3041 1568 3324 1639 angustias
3361 1570 3607 1626 miserat.

2029 1652 2147 1724 Ipse
2177 1665 2383 1721 autem,
2417 1664 2544 1711 octo
2570 1656 2818 1714 millibus
2848 1669 3180 1715 armatorum
3207 1663 3471 1731 acceptis,
3507 1664 3611 1718 im-
3678 1680 3684 1685 ·

2028 1750 2279 1817 peratori
2309 1765 2643 1806 occursurus
2667 1752 2799 1807 exit.
2824 1754 3056 1820 Quicum
3087 1756 3251 1825 tertio
3279 1756 3389 1818 die,
3408 1773 3474 1812 ex
3502 1774 3613 1828 quo

2027 1841 2211 1896 Asiam
2247 1842 2527 1911 ingressus
2563 1844 2762 1910 fuerat,
2795 1845 2860 1899 ad
2892 1847 3212 1915 Oppidulum
3243 1850 3603 1915 maritimum,

324 1928 591 1981 διάϐασιν
626 1929 755 1999 περί
787 1948 838 1983 τι
876 1932 1145 2003 πολίχνιον
1189 1934 1468 2003 γενομένῳ
1510 1933 1795 2003 παράλιον,
1828 1934 1924 1986 Φι-

2035 1936 2118 1987 cui
2152 1933 2467 1990 Philocrene
2497 1952 2695 1991 nomen
2747 1949 2849 2004 est,
2889 1941 3252 2008 pervenisset,
3278 1957 3343 1997 ac
3376 1942 3607 1999 didicis-

327 2020 623 2092 i.oxpr';qu
656 2021 731 2093 (Ι)
756 2023 957 2077 οὑτωσί
983 2042 1097 2089 πως
1129 2025 1542 2095 ὠνομασμένον,
1567 2026 1692 2080 ἐπεὶ
1721 2027 1931 2096 ἐμεμα-

327 2113 497 2183 θήκει
526 2115 625 2179 τάς
644 2116 807 2186 πέριξ
827 2118 1133 2189 δυσχωρίας
1152 2120 1473 2190 διειληφότα
1496 2118 1929 2195 παρακαθῆσθαι

331 2209 483 2275 μετά
505 2208 601 2261 τοῦ
625 2209 966 2281 βαρϐαρικοῦ
994 2213 1368 2281 στρατοπέδου
1387 2211 1605 2285 [P3267]
1625 2214 1929 2283 τὸνὌρχα-

332 2320 433 2353 νον
476 2301 578 2363 (2t,
617 2303 852 2357 ἐνταῦθα
887 2307 982 2358 καὶ
1012 2305 1161 2374 αὑτῷ
1215 2307 1491 2377 πήξασθαι
1522 2307 1582 2360 τὺ
1627 2309 1931 2376 στρατόπε-

316 2396 427 2465 δον
462 2396 557 2447 καὶ
598 2396 1049 2467 διανυκτερεῦσαι
1090 2399 1472 2470 ξυνεϐεϐήκει.

406 2488 489 2544 B'.
536 2488 690 2543 Ἐπεὶ
721 2490 768 2542 δ’
806 2491 921 2559 ἅμα
949 2494 1083 2565 ἡλίῳ
1108 2494 1217 2547 τῶν
1252 2493 1547 2565 βαρϐάρων
1573 2495 1749 2558 ἐνίους
1780 2496 1928 2567 ἑώρα

310 2574 452 2647 δτῶν
488 2579 645 2649 πέριξ
672 2581 816 2651 ὀρῶν
853 2584 1319 2654 παρακατιόντας,
1355 2586 1548 2655 πρῶτα
1584 2587 1683 2657 μὲν
1715 2586 1928 2657 ψιλοὺς,

310 2656 538 2724 ἔπειτα
570 2671 614 2724 δ’
647 2672 874 2733 ὁπλίτας
916 2674 1017 2746 (3),
1056 2677 1149 2730 καὶ
1187 2676 1423 2747 μάλιστα
1459 2656 1653 2743 ἄλλους
1688 2656 1892 2741 ἱππέας
1914 2719 1929 2743 .

2032 2031 2115 2076 set
2173 2020 2505 2087 Orchanem,
2568 2029 2839 2097 angustiis
2888 2030 3249 2086 circumcirca
3304 2036 3608 2104 occupatis,

2031 2131 2158 2168 cum
2210 2116 2503 2172 barbarico
2553 2121 2801 2174 exercitu
2852 2123 2906 2176 in
2968 2125 3218 2194 proximo
3267 2128 3607 2192 consedisse,

2034 2206 2150 2275 ipse
2175 2224 2393 2279 quoque
2419 2211 2613 2265 castris
2640 2211 2713 2265 ibi
2756 2213 2950 2283 positis
2991 2218 3354 2286 pernoctavit.

2106 2483 2168 2537 ll.
2210 2483 2346 2539 Cum
2377 2494 2560 2541 autem
2600 2487 2871 2544 Barbaros
2902 2493 3216 2558 nonnullos,
3249 2502 3374 2551 orto
3424 2497 3605 2551 statim

2033 2576 2170 2639 sole,
2220 2592 2250 2630 e
2296 2576 2827 2649 circumjaceutihus
2858 2584 3141 2639 montibus
3165 2584 3499 2642 descendere
3531 2590 3613 2642 vi-

2035 2670 2213 2732 deret,
2252 2670 2392 2727 levis
2422 2672 2687 2741 primum,
2738 2674 2934 2730 deinde
2991 2688 3046 2733 et
3083 2679 3266 2748 gravis
3314 2692 3610 2737 armaturae

306 2764 715 2835 ξόπλισάμενος
745 2768 839 2821 καὶ
872 2768 1033 2833 αὐτὸς
1068 2769 1304 2841 ἤλαυνεν
1344 2772 1430 2825 ἐπ’
1467 2772 1684 2837 αὐτούς.
1731 2774 1932 2842 Πρῶτα

305 2852 449 2947 ξμὲν
508 2854 605 2913 οὖν
661 2861 1054 2933 ἀκροϐολισμοὶ
1092 2866 1244 2938 παρά
1288 2865 1399 2919 τῶν
1432 2867 1784 2938 βαρϐαρικῶν
1818 2868 1932 2937 ἐγίο

306 2968 537 3017 νγνοντο
576 2952 811 3019 τοξοτῶν
860 2956 1149 3027 πόρρωθεν
1198 2960 1513 3029 ίσταμένων
1557 2963 1652 3015 καὶ
1688 2962 1749 3015 οὐ
1787 2962 1932 3032 μάλα

2037 2763 2262 2827 milites,
2294 2775 2461 2834 atque
2505 2764 2561 2821 in
2597 2766 2792 2837 primis
2820 2770 3073 2839 equites;
3101 2771 3219 2842 ipse
3250 2775 3416 2829 etiam
3456 2790 3609 2831 arma

2034 2858 2183 2926 cepit
2236 2868 2292 2914 et
2326 2859 2393 2913 ad
2442 2875 2540 2916 eos
2594 2862 2903 2918 contendit.
2960 2864 3037 2919 Ac
3070 2866 3304 2935 primum
3342 2870 3608 2939 sagittarii

2035 2950 2403 3006 Barbarorum
2456 2953 2676 3009 eminus
2727 2956 2832 3011 tela
2874 2958 2928 3011 in
2980 2968 3199 3014 nostros
3232 2962 3615 3033 conjecerunt,

304 3046 655 3117 ξέθελόντων
682 3048 817 3111 τέως
851 3052 1157 3121 προσιέναι.
1202 3053 1384 3124 Ὅπερ
1414 3055 1473 3108 οὐ
1514 3057 1748 3126 νόμιμον
1779 3058 1808 3111 ὁ
1839 3055 1933 3126 βα-

322 3136 537 3199 σιλεὺς
578 3133 716 3192 εῖναι
752 3140 1112 3211 λογισάμενος
1138 3146 1252 3208 τοῖς
1297 3144 1617 3215 βαρϐάροις.
1647 3148 1785 3201 ἀλλά
1818 3148 1929 3202 δει-

2036 3062 2136 3101 nec
2177 3049 2405 3115 propius
2438 3046 2702 3102 accedere
2739 3050 3056 3105 voluerunt.
3097 3051 3154 3105 ld
3192 3057 3334 3123 quod
3370 3056 3609 3126 impera-

2038 3150 2121 3195 tor
2151 3139 2408 3195 Barbaris
2438 3140 2705 3196 familiare
2729 3157 2852 3198 esse
2882 3158 2994 3199 non
3028 3143 3305 3217 cogitavit,
3331 3149 3425 3203 sed
3455 3151 3618 3203 timo-

304 3226 492 3292 ‘liav,
547 3228 748 3298 θάρσος
802 3248 862 3284 τε
910 3234 1252 3304 ἀνελάμϐανε
1301 3236 1397 3290 καὶ
1446 3239 1767 3309 παρεξιέναι
1813 3241 1928 3293 κατ¹

2040 3233 2118 3287 ris
2169 3240 2557 3301 argumentum
2601 3233 2860 3291 credidit.
2912 3232 3103 3305 Itaque
3148 3235 3346 3291 ﬁducia
3392 3249 3610 3310 sumpta

322 3323 565 3389 ὀλίγους
588 3325 681 3376 καὶ
701 3323 1101 3391 ἐξιππάζεσθαι
1124 3329 1219 3392 τάς
1244 3328 1423 3394 τάξεις
1455 3329 1726 3385 ἐκέλευεν.
1753 3332 1930 3404 Ὅπερ

322 3417 442 3467 οὐκ
471 3417 557 3478 είς
584 3416 745 3469 καλὸν
774 3418 1152 3487 ἀποϐήσεσθαι
1177 3422 1351 3491 πέρας
1384 3420 1516 3475 ἔνιοι
1543 3423 1807 3499 τῶνπερλ.
1829 3425 1929 3478 αὑ-

322 3511 433 3561 τῖν
479 3510 893 3581 ὲμπειροτέρων
934 3514 1234 3579 φάσκοντες
1278 3514 1379 3567 οὐκ
1421 3514 1767 3585 ἠδυνήθησαν
1809 3519 1921 3569 ἐπι.

329 3605 521 3673 σχεῖν.
538 3602 693 3655 Ἐπεὶ
716 3603 761 3656 δ’
785 3602 928 3657 οὕτω
948 3605 1286 3675 κενεμῖϐατού
1296 3625 1393 3676 σης
1407 3609 1505 3677 τῆς
1525 3610 1707 3679 μάχης
1729 3610 1929 3680 παρῄει

326 3694 435 3745 τὸν
467 3692 844 3763 μεσημϐρινὸν
870 3695 898 3746 ὁ
925 3696 1099 3765 ἥλιος,
1121 3697 1284 3750 ὁπότε
1308 3697 1371 3770 δὴ
1396 3700 1631 3767 μάλιστα
1656 3701 1799 3755 κατά
1827 3703 1932 3770 γῆς

328 3785 511 3846 αὐτὸς
532 3784 903 3856 ἀκμαιοτέραν
926 3789 1283 3858 καταπέμπει
1307 3792 1406 3862 τὴν
1430 3792 1627 3862 φλόγα,
1657 3793 1933 3863 θεασάμε-

334 3895 515 3947 μενος
536 3867 745 3933 ἀνωθεν
773 3880 838 3932 ἐκ
872 3883 969 3955 τῆς
1001 3881 1314 3952 ἀκρωρείας
1349 3882 1796 3955 ἀπαγορεύοντας
1830 3887 1931 3957 ἤδη

344 3969 671 4041 Ῥωμαίους
697 3971 761 4024 ἐκ
794 3988 853 4025 τε
895 3972 987 4026 τοῦ
1035 3973 1317 4044 καύματος
1351 3975 1415 4029 ἐκ
1448 3993 1505 4030 τε
1540 3977 1651 4032 τῶν
1693 3979 1933 4048 συνεχῶν

331 4063 572 4133 δρόμων
600 4062 694 4117 καὶ
721 4064 1092 4135 περιδρομῶν,
1126 4068 1154 4120 ὁ
1181 4067 1451 4137 Ὀρχανος
1477 4068 1691 4124 κάτεισι
1726 4072 1818 4125 καὶ
1840 4073 1934 4127 αὑ-

331 4156 467 4219 τὸς.
508 4156 608 4210 οὐκ
651 4157 1023 4229 εὐαρίθμητον
1063 4160 1404 4231 ἑπαγόμενος
1445 4165 1784 4234 στράτευμα.
1824 4167 1934 4219 Καὶ

334 4250 712 4325 περιστάντες
740 4252 836 4305 σὺν
851 4252 1051 4324 ἀσήμῳ
1066 4256 1132 4322 τῇ
1160 4257 1376 4326 κραυγῇ
1400 4256 1449 4309 οἱ
1477 4256 1578 4325 μὲν
1594 4261 1808 4329 συχνοῖς
1824 4263 1933 4323 τοῖς

336 4345 570 4413 βέλεσιν
596 4343 840 4408 ἔϐαλλον,
863 4348 912 4398 ol
938 4346 994 4399 δὲ
1024 4348 1136 4410 τοῖς
1172 4345 1350 4416 ξίφεσι
1387 4350 1529 4402 κατὰ
1566 4350 1739 4420 στόμα
1767 4369 1935 4423 προσ-

336 4436 704 4500 υπαντῶντες
751 4437 964 4491 ἔπαιον.
1014 4439 1079 4492 Οἱ
1132 4439 1191 4492 δὲ
1246 4441 1512 4510 Ῥωμαῖοι
1561 4443 1662 4514 τὴν
1709 4444 1935 4518 πρώτην

332 4528 585 4581 ἐκείνων
641 4528 831 4596 ἔφοδον
880 4531 1146 4596 γενναίως
1197 4530 1593 4599 ὑπενεγκόντες
1641 4535 1934 4608 εὐρώστως

2040 3338 2246 3393 paucos
2275 3322 2511 3379 subinde
2541 3324 2758 3393 equites
2786 3326 3005 3397 evagari
3032 3337 3090 3382 et
3119 3342 3414 3384 excurrere
3455 3338 3607 3386 extr.“

2038 3415 2261 3470 ordines
2280 3414 2472 3487 jussit.
2495 3416 2649 3482 Quod
2676 3431 2783 3471 non
2808 3415 3042 3472 feliciter
3065 3431 3316 3473 casurum
3346 3433 3466 3473 esse
3487 3436 3612 3475 cum

2040 3509 2209 3577 aliqui
2246 3508 2411 3563 exiis
2440 3523 2580 3578 quos
2622 3509 2768 3565 circa
2813 3524 2873 3564 se
2923 3510 3177 3575 habebat,
3221 3510 3369 3580 iique
3401 3514 3615 3567 caeteris

2040 3602 2354 3670 peritiores,
2388 3600 2743 3663 aﬂirmareut,
2778 3601 3043 3671 impetum
3075 3611 3253 3657 tamen
3285 3606 3403 3674 ejus
3436 3608 3614 3676 repri-

2043 3709 2194 3748 mere
2233 3710 2339 3747 uon
2376 3703 2687 3763 potuerunt.
2744 3694 2879 3748 Dum
2906 3704 3089 3753 autem
3128 3695 3241 3750 hzec
3289 3696 3612 3751 tuutulturia

2041 3803 2222 3857 pugna
2271 3788 2411 3861 ultra
2459 3787 2747 3842 meridiem
2810 3789 3157 3859 producitur,
3207 3806 3318 3861 quo
3370 3801 3616 3859 tempore

2040 3859 2400 3950 gravissimus
2455 3880 2588 3934 solis
2634 3890 2800 3935 a‘stus
2847 3891 2967 3949 est;
3019 3864 3301 3937 Orchanes
3335 3898 3365 3937 e
3407 3880 3616 3936 vertice

2042 3978 2246 4030 montis
2293 3973 2569 4029 Romanos
2614 3982 2668 4029 et
2698 3982 2834 4029 aestu
2867 3984 2923 4030 et
2957 3974 3240 4028 continuis
3278 3975 3532 4030 cursibus
3561 3985 3617 4030 ct

2041 4066 2671 4126 circumcursationibus
2715 4068 2825 4138 jam
2876 4067 3199 4138 defatigatos
3234 4080 3356 4121 esse
3390 4070 3611 4138 conspi-

2041 4175 2194 4221 catus
2243 4162 2527 4217 descendit
2580 4170 2637 4215 et
2687 4159 2804 4230 ipse
2848 4175 2973 4213 cum
3020 4159 3263 4213 exercitu
3313 4175 3418 4213 non
3454 4159 3610 4213 facile

2042 4254 2395 4311 nmncrabili.
2429 4252 2591 4325 435
2628 4252 2731 4318 Qui
2774 4251 3006 4307 coul‘uso
3036 4253 3277 4307 clamore
3324 4254 3473 4306 edito
3509 4269 3614 4306 un-

2042 4349 2209 4418 dique
2271 4347 2548 4401 irruentes
2602 4344 2802 4411 partim
2845 4342 3061 4412 sagittis
3119 4341 3330 4396 crebris
3394 4336 3615 4395 nostros

2042 4451 2255 4513 petunt.
2314 4440 2511 4510 partim
2547 4436 2799 4493 cominus
2834 4435 3033 4507 gladiis
3080 4453 3193 4489 rem
3226 4447 3443 4506 gerunt.
3506 4436 3618 4490 Ro-

2043 4535 2190 4590 mani
2220 4549 2370 4595 vero,
2410 4531 2585 4601 primo
2608 4530 2829 4582 illorum
2858 4528 3066 4597 impetu
3113 4526 3330 4581 fortiter
3360 4538 3614 4595 excepto,

336 4618 627 4687 ἠμύνοντο
651 4619 811 4689 μέχρι
841 4618 1037 4671 πολλοῦ
1069 4624 1165 4675 καὶ
1192 4621 1480 4685 πλείστους
1506 4624 1839 4697 ἐτίτρωσκόν
1872 4646 1928 4683 τε

2041 4626 2205 4695 longo
2251 4637 2496 4693 tempore
2532 4633 2756 4675 strenue
2805 4635 2863 4674 se
2918 4618 3310 4683 defenderunt,
3361 4618 3615 4690 plurimis

336 4711 449 4765 καὶ
481 4709 771 4778 ἔσφαττον.
813 4711 1049 4766 Ἔπειτα
1077 4712 1177 4784 τὴν
1205 4713 1378 4774 νύκτα
1410 4714 1702 4785 βλέποντες
1724 4720 1825 4775 οὐκ
1852 4723 1935 4787 είς

340 4801 584 4874 μακράν
612 4801 874 4858 ἐπιοῦσαν
903 4804 1000 4857 καὶ
1022 4803 1197 4858 δεινὸν
1225 4806 1565 4877 ἡγησάμενοι
1590 4810 1653 4862 τὸ
1681 4812 1740 4865 ὲν
1773 4814 1935 4867 πολε-

344 4895 462 4964 μὲᾳ
511 4898 899 4965 νυκτομαχεῖν,
932 4897 1026 4951 ἐπὶ
1042 4896 1206 4952 κπόδα
1248 4900 1563 4970 ἀνεχώρουν
1595 4904 1944 4974 ἐπειγόμενοι

342 4986 517 5053 παρὰ
570 4984 630 5037 τὸ
678 4987 877 5040 οἰκεῖον
930 4990 1320 5057 στρατόπεδον.
1381 4996 1511 5047 Ὅτε
1558 4996 1651 5049 καὶ
1707 4999 1944 5067 μάλιστα

342 5078 721 5149 σφοδρότερον
737 5082 1074 5145 ἐπιτιθέντες
1100 5084 1151 5136 οἱ
1185 5086 1450 5155 βάρϐαροι
1490 5088 1591 5141 οὐκ
1617 5088 1799 5159 ὀλίγον
1828 5095 1941 5164 είρ-

339 5173 593 5240 γάζοντο
632 5174 790 5241 φόνον
826 5175 923 5243 τῆς
955 5193 1014 5228 τε
1055 5177 1226 5230 ἵππου
1262 5180 1355 5231 καὶ
1386 5180 1586 5247 αὐτῶν,
1621 5182 1726 5245 ἕως
1766 5186 1798 5252 ἡ
1845 5186 1941 5249 νὺξ

339 5266 666 5342 ἐπελθοῦσα
701 5266 799 5338 τὴν
836 5268 1017 5340 μάλην
1049 5270 1285 5373 ἒέλυσε.
1320 5273 1600 5342 Τέτρωται
1641 5274 1687 5327 δ’
1724 5278 1781 5329 ὲν
1812 5278 1939 5330 τού-

2045 4719 2285 4774 hostium
2334 4726 2388 4770 et
2418 4713 2722 4769 vulneratis
2752 4722 2807 4767 et
2839 4711 3058 4767 occisis.
3098 4709 3307 4765 Deinde
3342 4725 3467 4767 cum
3499 4726 3613 4765 no-

1990 4838 1997 4847 ι
2044 4818 2186 4863 ctem
2223 4807 2428 4861 instare
2470 4806 2743 4865 viderent,
2790 4815 2841 4859 et
2880 4803 3063 4858 hostili
3093 4802 3147 4856 in
3184 4801 3301 4857 solo
3329 4816 3426 4872 per
3456 4812 3613 4857 teneo

2044 4903 2172 4956 bras
2204 4915 2446 4970 pugnare
2500 4899 2872 4969 periculosum
2918 4895 3256 4966 iudicarent,
3311 4894 3504 4964 pedem
3560 4896 3612 4950 in

2042 5002 2220 5048 castra
2281 5009 2387 5049 sua
2439 5002 2798 5060 properantes
2860 4989 3187 5044 retulerunt.
3246 4986 3616 5055 Quamobrem

2041 5087 2205 5141 Turci
2245 5085 2626 5141 vehementius
2682 5085 2952 5138 instantes
2985 5083 3189 5138 multos
3227 5090 3286 5137 et
3339 5097 3512 5148 equos
3561 5090 3618 5133 ct

2041 5180 2294 5234 homines
2320 5178 2661 5240 occulerent,
2694 5176 2870 5231 donec
2895 5160 3077 5231 noctis
3125 5175 3441 5230 interventu
3476 5190 3615 5243 prac-

2038 5273 2172 5327 lium
2224 5281 2307 5324 est
2355 5270 2713 5337 diremptum.
2773 5268 2920 5321 Inter
2972 5274 3202 5321 cmteros
3259 5276 3443 5320 autem
3500 5263 3617 5335 ipse

1714 5460 2055 5524 Variorum
2093 5465 2282 5523 notat.
2346 5468 2353 5481 '

428 5630 515 5698 (l)
564 5627 810 5683 Meminit
855 5626 1013 5682 istius
1069 5627 1177 5682 loci
1235 5628 1404 5684 etiam
1453 5628 1824 5688 Catttacuzen.
1878 5631 1937 5687 d.

339 5720 484 5770 cap.
522 5698 841 5770 SLIMCASG.

428 5767 513 5837 (‘2)
548 5767 1010 5842 Chalcocondyles
1041 5767 1205 5823 habet
1244 5769 1531 5841 Ὀρχάνην,
1565 5771 1740 5842 prima
1771 5772 1941 5828 dcc“.

340 5843 608 5904 natione.
638 5839 911 5895 Worrics.
1467 5839 1475 5841 ‘
1565 5839 1580 5842 '
1772 5866 1777 5871 .

429 5914 512 5985 (ὃ)
551 5911 781 5965 Wolﬁus
804 5914 874 5964 ita
919 5909 1290 5977 construebat,
1326 5911 1711 5983 ὁπλισάμενος,
1747 5914 1938 5988 πρῶτα

2045 5634 2144 5702 μὲν
2171 5632 2405 5710 ψιλοὺς..
2426 5631 2620 5710 ἔπειτα
2647 5629 2692 5710 δ’
2727 5629 2977 5694 ὁπλίτας,
3014 5628 3387 5710 vertebatque.
3421 5634 3470 5675 ct
3506 5624 3619 5708 ipse

2042 5700 2269 5772 primum
2298 5703 2487 5762 nudos.
2511 5700 2697 5756 deinde
2732 5710 2989 5772 armalas.
3015 5738 3027 5753 .
3056 5737 3071 5752 .
3097 5700 3151 5750 iu
3173 5700 3346 5772 cruris
3371 5700 3621 5772 essejua-
3648 5717 3699 5756 -,

2042 5765 2134 5826 in.
2162 5772 2628 5830 Cottstrtteudmu.
2672 5772 2793 5824 ἐπεὶ
2827 5770 2871 5822 δ’
2914 5769 3075 5839 ἑώρα
3100 5765 3373 5839 πολεμίων
3422 5766 3617 5839 ἐνίους.

2044 5844 2237 5914 πρῶτα
2289 5845 2385 5912 μὲν
2418 5842 2627 5914 ψιλοὺς,
2662 5841 2751 5894 ἐπ.
2802 5840 2847 5892 δ’
2884 5836 3010 5893 ὁπλζ
3057 5836 3494 5904 vertendutuque
3543 5837 3623 5892 ita

2044 5912 2101 5969 ut
2134 5915 2428 5971 edidimus.
2459 5912 2671 5968 Doms.
