4088 6596
1213 200 1261 248 Ι

410 423 515 491 641
626 422 745 496 χιι.
887 423 1326 499 ίῧὲὃευιῦ-Η]

1437 430 1880 493 ΒΥΖΑΝΤΙΝᾸΞ
1918 429 2305 511 HISTORIA;
2339 431 2483 493 LIB.
2524 431 2632 492 1X-

3552 412 3662 489 65?.

2736 423 2868 497 [ιιιιδ.
2909 437 3171 481 Ακυιιοιηιε
3232 420 3376 495 ium]

414 560 541 608 pou;
570 542 666 596 καὶ
702 544 1217 612 κατωφρυωμένους
1245 543 1687 609 δραστικώτατον
1718 544 1865 609 ἔδοξε
1898 545 1984 598 καὶ

2093 561 2216 615 qua:
2243 549 2308 601 ad
2333 547 2699 602 inconsultam
2729 562 2828 601 eos
2852 545 3219 602 temeritatem
3248 542 3481 614 impellit
3509 551 3565 599 et
3591 542 3661 599 ad

407 632 853 704 ἀνυσιμώτατον,
905 635 1240 703 προπέτειαν
1291 634 1697 705 ἀπερίσκεπτον
1746 635 1988 709 ὕφηγούς

409 740 578 791 μενον
613 721 710 775 καὶ
732 725 1024 794 πρόχειρον
1053 726 1110 787 ὲς
1153 726 1301 778 ἅπαν
1336 724 1458 777 καθ’
1507 727 1726 779 ἅπαντα
1774 726 1986 795 χρόνον,

404 820 464 869 εἴ
483 816 534 868 τί
564 832 669 870 που
712 820 827 880 τοῖς
856 816 1081 885 κούφοις
1111 818 1290 872 αὐτῶν
1336 818 1617 888 λογισμοῖς
1658 818 1951 888 ἐπιφύεται
1971 855 1990 874 .

408 912 558 982 Πρὸς
586 913 687 983 μὲν
729 912 796 983 δὴ
830 911 1035 974 ταύτας
1083 913 1387 980 ἀντιλέγειν
1416 913 1510 965 καὶ⁸
1562 911 1893 982 ἀπελέγχειν
1937 913 2023 964 oi“

404 1005 659 1057 πλεῖστοι
716 1003 828 1057 τῶν
858 1004 1029 1073 φίλων
1079 1005 1488 1075 προύτρέποντό
1537 1021 1626 1075 με·
1691 1005 1791 1058 οὐκ
1845 1001 1984 1070 οἶδα,

399 1098 509 1151 εἴτ’
533 1097 634 1166 εμὲ
666 1094 981 1167 βασανίζειν
1024 1096 1329 1163 ἐθέλοντες,
1365 1096 1556 1168 ὥσπερ
1604 1098 1730 1161 τοὺς
1760 1097 1990 1168 ἁμιλλη-

401 1188 637 1259 τηρίους
663 1189 773 1242 τῶν
814 1190 997 1245 ἵππων
1027 1192 1085 1243 ἑν
1109 1189 1389 1260 διαφόροις
1424 1190 1628 1254 πεδίοις
1668 1190 1986 1255 ἐλαύνοντες

398 1278 456 1331 οἱ
491 1279 713 1349 δρόμων
758 1279 1113 1349 Ὀλυμπικῶν
1139 1281 1394 1351 ἀθληταὶ,
1432 1281 1532 1334 εἴθ’
1565 1283 1781 1345 ἑαυτοῖς
1821 1282 1986 1352 μέρος

398 1371 663 1426 ὲντεῦθεν
691 1372 885 1444 ἡδονῆς
907 1374 1314 1443 ἐκπορίζοντες.
1334 1372 1520 1429 Οὒδενὶ
1544 1375 1650 1443 γὰρ
1677 1375 1849 1446 ἑτέρῳ
1877 1376 1986 1428 τῶν

398 1465 630 1519 πάντων
662 1462 836 1529 οὕτως
869 1465 1063 1520 ἕπεται
1106 1465 1333 1534 ἥδεσθαι
1382 1467 1484 1538 τὴν
1528 1466 1731 1538 ψυχὴν,
1761 1468 1837 1531 ὡς
1885 1468 1986 1521 ὅσα

397 1555 508 1607 καὶ
533 1549 625 1607 οἷα
668 1552 779 1607 τῶν
820 1554 940 1606 κατ’
985 1554 1170 1623 έφεσίν
1199 1556 1346 1609 ἐστιν
1398 1557 1532 1626 όρᾷν
1580 1557 1676 1610 καὶ
1738 1556 1982 1613 ἀκούειν.

400 1646 805 1718 Παραπλήσιον
851 1646 962 1715 γάρ
1011 1648 1181 1709 ἐστιν,
1238 1645 1426 1717 ὥσπερ
1481 1646 1549 1700 ἂν
1586 1647 1641 1701 ετ
1673 1664 1756 1712 τις
1787 1647 1985 1719 διψῶσι

400 1740 511 1809 μὲν
539 1739 918 1809 τῶνκήδίστων
953 1742 1099 1792 πιεῖν
1125 1738 1377 1793 ἐδεδώκει
1428 1739 1679 1806 ὑδάτων,·
1712 1741 1984 1812 φλεγομέ-

394 1850 522 1896 νοις
540 1830 589 1884 δ’
604 1831 722 1904 ὥρᾳ
749 1831 941 1904 θέρους
963 1833 1196 1902 ζέφυρον
1225 1834 1613 1903 ἐμηχανήσατο
1633 1833 1976 1904 ἀναψύξεως.

408 1925 663 1994 Ἐφίεται
707 1925 764 1979 δὲ
800 1927 1022 1989 πάντως
1052 1925 1213 1990 ἄλλος
1263 1925 1427 1979 ἄλλου
1457 1925 1597 1980 κατά
1638 1925 1739 1998 τὴν
1782 1926 1878 1982 τοῦ
1919 1930 1976 1983 ὲν

396 2018 558 2085 αὐτῷ
587 2017 832 2086 κριτικοῦ
860 2019 957 2088 τῆς
979 2017 1160 2089 ψυχῆς
1191 2017 1424 2083 ἕκαστος
1449 2018 1700 2090 δύναμιν,
1731 2019 1983 2093 καθάπερ

398 2111 593 2173 alsia;
621 2110 766 2173 τινὸς
802 2112 896 2164 καὶ
930 2111 1090 2182 ῥίζης
1124 2110 1494 2182 ὑποκειμένης
1531 2111 1633 2181 τῆς
1659 2111 1871 2168 ἐκεῖθεν
1899 2131 1985 2169 κι-

400 2202 677 2273 νουμένης
722 2201 902 2272 ὁρμῆς
954 2202 1051 2255 καὶ
1098 2201 1378 2270 ἀναλόγως
1421 2202 1875 2275 χειραγωγούσης
1925 2204 1984 2268 ἐς

398 2296 505 2358 τὰς
528 2292 827 2365 προθέσεις
855 2293 1020 2348 τάσδε
1050 2292 1084 2364 ἢ
1110 2293 1269 2347 τάσδε
1300 2292 1395 2346 τοῦ
1422 2292 1561 2363 βίου,
1607 2291 1800 2355 όποίας
1855 2295 1986 2348 πολ-

395 2387 510 2450 λὰς
541 2385 637 2439 καὶ
688 2384 946 2449 ποικίλας
980 2386 1053 2455 γῆ
1080 2401 1140 2438 τε
1187 2383 1326 2455 αὕτη
1366 2385 1463 2438 καὶ
1505 2384 1736 2456 οὐρανὸς
1777 2386 1985 2450 ἐκεῖνος

397 2476 759 2546 προΐσχεται.
798 2474 913 2543 Τὴν
947 2475 1048 2544 μὲν
1094 2473 1189 2528 οὖν
1222 2473 1434 2544 αἵρεσιν
1475 2474 1574 2545 τῆς
1611 2474 1814 2528 τούτων
1860 2478 1985 2544 ἐφέ-

348 2555 354 2560 ’
382 2552 548 2629 ’σεως
576 2568 807 2636 ταυτησὶ
833 2566 884 2619 εί
926 2566 1003 2637 μὴ
1054 2566 1313 2633 καθάπαξ
1344 2567 1614 2637 ἅπαντες,
1645 2570 1761 2625 ἀλλ’
1796 2566 1890 2625 οὖν
1932 2572 1982 2625 σί

390 2659 626 2721 πλείους
660 2658 886 2724 δέξαιντ’
920 2658 985 2713 ἂν
1012 2652 1187 2729 οἶμαιο
1218 2660 1319 2730 τήν
1344 2677 1407 2730 γε
1435 2663 1542 2734 μὴν
1571 2663 1780 2735 ἀωρίαν
1812 2664 1982 2735 αὐτῆς

387 2754 502 2806 καὶ
524 2751 586 2805 τὸ
613 2750 816 2823 λίχνον,
849 2751 1055 2823 ταύτην
1083 2751 1131 2805 δ’
1160 2752 1224 2806 οὐ
1263 2752 1401 2809 πάνυ
1429 2771 1514 2809 τοι
1556 2754 1756 2825 ἔγωγε.
1795 2756 1984 2811 Πάντα

391 2844 509 2913 μὲν
532 2845 644 2915 γὰρ
673 2846 902 2917 ὲρευνᾷν
949 2844 1009 2900 ἓν
1056 2862 1111 2899 τι
1142 2846 1256 2900 τῶν
1309 2847 1659 2918 ἁρμοζόντων
1689 2846 1852 2916 εἶναι,
1881 2852 1983 2906 οὐκ

388 2936 466 2990 ἄν
509 2936 636 2991 ποτ’
666 2938 827 3002 αὐτὸς
863 2938 1005 2993 ἑκών
1052 2956 1118 3009 γε
1151 2934 1295 2994 εἶναι
1342 2940 1811 3014 ἀπαγορεύσαιμι·
1846 2945 1906 2999 ἐν
1936 2945 1981 2999 δ’

385 3031 610 3084 ἅπαντι
646 3030 824 3101 καιρῷ
852 3030 946 3084 καὶ
979 3031 1282 3102 χρόνῳζκαὶ
1326 3032 1496 3087 παντὶ⁵
1539 3032 1618 3101 τῷ
1650 3033 1979 3107 βουλομένῳ,

382 3121 565 3174 τοῦτο
612 3121 670 3175 δὲ
721 3110 814 3176 viai
866 3122 1013 3192 μάλα
1067 3139 1154 3176 τοι
1187 3122 1396 3194 σφόδρα
1442 3124 1626 3190 αὑτός.
1680 3121 1818 3180 Οὔτε
1870 3128 1979 3199 γάρ

382 3213 570 3265 παντὶ
616 3213 791 3284 καιρῷ
819 3213 880 3266 τὸ
924 3214 1139 3286 καίριον
1169 3213 1398 3282 ἔνεστιν,
1429 3215 1541 3270 οὔτ’
1575 3213 1645 3271 αὖ
1699 3199 1880 3273 παντὶ(
1900 3220 1976 3290 τῷ
2001 3240 2047 3304 C

386 3304 719 3375 βουλομένῳ
772 3307 1045 3403 προσήκει
1095 3308 1350 3378 πανταχῆ
1394 3309 1457 3361 τδ
1501 3308 1826 3379 βούλεσθαιο
1856 3313 1973 3367 ἀλλ’

386 3400 519 3451 ἔστι
550 3400 638 3450 κατ
672 3398 860 3467 καιρὸς
891 3397 1152 3469 ἀκαιρίας
1187 3399 1375 3468 γέμων
1398 3399 1494 3454 καὶ
1530 3399 1784 3472 βούλησις
1816 3402 1980 3456 ἀϐου-

262 3544 281 3559 Ι
386 3488 524 3549 λίας
554 3486 813 3549 πολλάκις
849 3489 1042 3558 μεστή.
1085 3486 1225 3540 Ἀλλ’
1258 3484 1352 3541 οὖν
1386 3487 1578 3559 ἐπειδὴ
1624 3488 1803 3542 ταῦτα
1849 3506 1981 3559 συγ-

384 3580 656 3651 χωρητέα
677 3580 826 3642 ὅπως
851 3580 981 3633 ποτὲ
1010 3574 1191 3646 ἔδοξεν
1215 3574 1354 3633 εἶναι
1377 3582 1530 3650 ἡμῖν,
1555 3580 1702 3646 ἅπαξ
1735 3583 1801 3636 τὰ
1835 3580 1975 3652 βάρη

383 3672 774 3726 τῶντοιούτων
790 3673 949 3727 ὁποῖά
962 3689 1024 3739 γε
1048 3672 1133 3739 εἴη
1153 3670 1485 3751 προσίεσθαι
1502 3672 1856 3744 προθεμένοις
1880 3672 1978 3727 καὶ

387 3764 724 3836 χαρίζεσθαί
772 3781 954 3835 σφισιν
983 3765 1182 3819 ὁπόσον
1204 3765 1266 3818 τὸ
1301 3764 1525 3835 ἐφικτὸν
1551 3764 1839 3835 ἐπεφύκει,
1865 3763 1977 3818 οὔτ’

390 3860 579 3924 ἀκοὴν
603 3858 784 3922 αὐτοῖς
842 3856 968 3912 οὕτε
993 3857 1243 3927 γλῶτταν
1288 3856 1789 3929 άπεκλείσαμενομ)
1818 3855 1978 3930 .276]

389 3951 544 4006 αλλά
586 3951 829 4022 μετρίοις
857 3952 1106 4023 ἐλέγχοις
1137 3950 1288 4005 ἔστιν
1348 3951 1385 4007 ἃ
1439 3950 1548 4004 τῶν
1606 3951 1975 4022 γραφομένων

386 4043 783 4115 ἡμειψάμεθα.
831 4044 944 4098 Καὶ
983 4044 1219 4107 ὁπόσους
1245 4043 1307 4098 τό
1341 4061 1401 4097 τε
1467 4044 1680 4115 καίριον
1711 4046 1767 4107 ἐς
1797 4044 1859 4098 τὸ
1879 4043 1977 4115 τῆς

393 4134 721 4203 ασφαλείας
746 4135 998 4203 μουσεῖον
1021 4133 1465 4204 ὲπαιδαγώγησε,
1487 4132 1580 4186 καὶ
1602 4132 1708 4198 πᾶς
1727 4151 1811 4197 τις
1825 4129 1980 4201 οἶμαι

392 4226 663 4295 ἀκηκοὼς
698 4225 800 4279 οὐκ
832 4224 898 4279 ἂν
931 4225 1062 4295 ἡμῖν
1118 4223 1416 4295 μέμψαιτο.
1450 4223 1561 4279 Καὶ
1598 4223 1666 4277 τά
1708 4224 1808 4293 μὲν
1842 4223 1978 4277 ἄλλα

392 4320 517 4372 τῶν
539 4317 901 4388 γραφομένων
919 4316 1209 4386 ἀπόρρητα
1232 4316 1449 4369 κεῖσθαι
1471 4316 1805 4384 παρήκαμεν
1820 4317 1977 4379 τέως,

386 4410 667 4480 ἀκαιρίας
700 4410 775 4473 ὡς
804 4408 873 4461 τά
918 4408 1088 4462 πολλὰ
1128 4406 1577 4479 κατορχουμένης
1624 4406 1805 4460 αὐτῶν
1836 4407 1977 4460 πάνυ

386 4522 487 4558 τοι
540 4503 805 4575 φορτικῆς
842 4502 940 4556 καὶ
1000 4501 1261 4571 ματαίαςο
1315 4498 1353 4554 ἂ
1398 4500 1443 4553 δ’
1469 4494 1544 4562 ὼς
1596 4500 1652 4551 έν
1687 4498 1975 4570 ἐπιστολῆς

2090 638 2312 707 quidvis
2348 639 2470 695 sine
2510 638 2742 695 consilio
2778 637 3193 708 suscipiendum
3247 636 3462 699 incitat,
3509 651 3663 704 qua:-

2088 743 2307 800 cunque
2346 728 2559 784 levibus
2581 743 2771 784 eorum
2818 727 3018 783 animis
3051 727 3308 798 cogitatio
3345 725 3654 779 oboriatur.

2087 820 2168 877 Ad
2199 836 2291 876 eas
2323 821 2702 893 coarguendas
2730 827 2787 876 et
2819 819 3136 876 relulaudas
3172 818 3395 888 plurimi
3426 832 3491 872 ex
3523 817 3664 871 ami-

2088 912 2169 967 cis
2202 928 2290 968 me
2321 913 2524 967 hortati
2560 921 2689 968 sunt
2721 930 2735 967 :
2787 927 2895 983 qua
2949 920 3132 968 mente
3179 911 3396 976 nescio;
3434 910 3571 973 sive,
3605 917 3665 963 ut

2088 1005 2355 1060 curriculi
2385 1005 2655 1078 Olympici
2684 1006 2909 1064 athletae
2942 1019 3115 1075 equos
3154 1005 3222 1060 ad
3254 988 3530 1059 certamen
3561 1000 3662 1057 de-

2089 1097 2323 1152 stinatos
2350 1098 2522 1152 variis
2567 1097 2621 1151 in
2656 1097 2865 1168 campis
2901 1097 3080 1153 solent
3118 1098 3344 1168 agitare,
3393 1099 3465 1150 ita
3495 1096 3661 1150 etiam

2087 1188 2145 1243 hi
2190 1189 2337 1244 vires
2373 1204 2520 1243 meas
2562 1189 2859 1260 periclitari
2910 1189 3224 1254 voluerint;
3283 1189 3399 1242 sive
3449 1186 3662 1256 aliquid

2086 1280 2214 1335 inde
2250 1281 2545 1351 voluptatis
2573 1282 2681 1336 sibi
2730 1282 2864 1351 ipsis
2906 1281 3267 1352 captavcrint.
3314 1279 3470 1334 Nulla
3512 1279 3660 1333 enim

2085 1386 2174 1427 res
2206 1380 2312 1435 est,
2336 1388 2458 1442 quae
2489 1374 2732 1427 animum
2765 1373 2839 1427 ita
2872 1373 3127 1435 delectet,
3155 1379 3213 1425 ut
3243 1371 3431 1425 videre
3460 1378 3517 1426 et
3556 1386 3659 1423 au-

2085 1463 2206 1519 dire
2230 1479 2291 1519 ea
2323 1464 2529 1531 omnia,
2561 1479 2795 1536 quorum
2824 1464 3101 1520 desiderio
3137 1462 3396 1519 tenearis.
3421 1461 3658 1518 Perinde

2036 1541 2050 1558 ’
2084 1557 2289 1627 quippe
2336 1565 2442 1621 est,
2495 1572 2559 1613 ac
2607 1558 2653 1613 si
2711 1557 2836 1628 quis
2895 1557 3213 1612 sitientibus
3272 1555 3655 1611 suavissimam

2084 1660 2282 1714 aquam
2313 1646 2530 1710 oli'erat,
2560 1657 2618 1702 et
2660 1647 2871 1719 aestatis
2899 1647 3083 1700 calore
3126 1643 3352 1700 torridis
3395 1643 3655 1714 frigidum

2085 1738 2387 1809 zephyrum
2422 1739 2605 1809 aliqua
2640 1749 2755 1792 arte
2791 1723 3191 1792 subnrinistret.
3239 1733 3522 1789 Desiderat
3560 1749 3659 1787 au-

2087 1842 2197 1886 tem
2229 1832 2372 1887 alius
2399 1831 2571 1896 aliud,
2598 1845 2701 1900 pro
2731 1831 2816 1885 sui
2852 1831 3086 1907 quisque
3110 1827 3302 1899 jndicii
3346 1835 3506 1896 captu
3538 1845 3551 1881 :
3590 1840 3656 1879 cx

2085 1938 2194 1993 quo
2216 1923 2427 1995 judicio
2457 1924 2724 1992 tanquam
2760 1936 2925 1977 causa
2959 1929 3015 1975 et
3049 1920 3233 1977 radice
3277 1918 3446 1991 M8
3484 1919 3662 1973 oritur

2086 2017 2374 2087 appetitio,
2406 2024 2462 2072 et
2490 2014 2634 2070 unde
2665 2013 2825 2082 quasi
2857 2011 3311 2087 mannducimur
3335 2009 3402 2065 ad
3431 2010 3536 2065 alia
3574 2019 3662 2064 at-

2085 2124 2193 2179 que
2220 2109 2327 2163 alia
2353 2123 2535 2163 rerum
2563 2106 2769 2171 studia,
2797 2104 2978 2174 qualia
3003 2103 3194 2167 multa,
3219 2116 3395 2182 eaque
3419 2099 3661 2170 diversa,

2085 2201 2285 2256 cmlum
2324 2210 2381 2254 et
2414 2208 2561 2253 terra
2596 2204 2918 2269 suggerunt.
2957 2196 3130 2250 Porro
3168 2195 3338 2265 ipsam
3387 2193 3659 2287 rationem

2086 2290 2315 2358 hujusce
2345 2290 2646 2344 amicorum
2694 2303 2942 2343 meorum
2978 2286 3262 2349 desiderii,
3300 2287 3345 2341 si
3392 2286 3499 2340 non
3545 2302 3663 2339 om-

2085 2395 2186 2435 nes
2210 2395 2458 2449 prorsus,
2500 2380 2749 2449 plerique
2784 2389 2933 2434 certe
2973 2377 3352 2447 probaverint.
3387 2376 3516 2430 Mihi
3551 2392 3657 2430 au-

2087 2478 2195 2527 tem
2231 2481 2339 2525 tum
2369 2471 2550 2526 alieno
2578 2480 2825 2540 tempore
2855 2477 2963 2524 tam
2996 2470 3294 2523 vehemens
3323 2467 3660 2523 desiderium
3742 2518 3745 2521 .

2085 2564 2313 2618 minime
2344 2562 2630 2634 probatur.
2655 2562 2792 2618 Nam
2822 2571 2884 2617 ut
2912 2561 3099 2616 omnia
3131 2559 3334 2632 inquiri
3371 2561 3660 2631 pulchrum

2084 2668 2207 2709 esse
2238 2669 2519 2724 nunquam
2548 2669 2649 2725 ego
2677 2653 2889 2728 inﬁcias
2929 2653 3146 2728 iverim,
3178 2652 3251 2706 ita
3299 2652 3493 2723 quovis
3542 2652 3663 2706 loco

2083 2761 2149 2802 ac
2182 2720 2428 2816 tempore
2453 2753 2551 2799 aut
2579 2720 2836 2816 quolibet
2863 2722 3082 2800 volente
3112 2720 3406 2815 pulchrum
3451 2744 3503 2798 id
3539 2759 3663 2800 esse

2085 2839 2244 2910 plane
2272 2838 2607 2910 negaverim.
2649 2836 2838 2908 Neque
2871 2838 3020 2893 enim
3053 2836 3289 2908 quodvis
3324 2845 3539 2907 tempus
3566 2851 3665 2907 0p-

2084 2930 2481 3001 portunitatem
2508 2929 2695 2993 habet,
2727 2945 2910 3001 neque
2936 2920 3241 3000 quemlibet
3269 2929 3489 2999 quidvis
3520 2930 3663 2984 velle

2084 3020 2262 3077 decet.
2299 3020 2507 3091 Nempe
2550 3030 2607 3076 et
2642 3028 2859 3091 tempus
2896 3020 3120 3091 aliquod
3156 3030 3241 3077 est
3270 3020 3496 3075 minime
3525 3029 3664 3076 teni.-

2083 3113 2380 3183 pestivum,
2412 3121 2470 3167 et
2503 3111 2755 3167 voluntas
2781 3126 2925 3181 saepe
2957 3112 3119 3182 plena
3146 3120 3232 3166 est
3254 3112 3657 3182 imprudentim.

2083 3207 2190 3263 Sed
2223 3217 2400 3261 tamen
2442 3221 2566 3261 cum
2619 3206 2724 3261 hoc
2755 3205 2951 3261 amicis
2983 3205 3226 3277 dandum
3267 3220 3390 3260 esse
3432 3221 3663 3276 prorsus

2082 3299 2388 3365 videretur,
2424 3308 2483 3352 ut
2522 3298 2689 3368 hujus
2733 3299 2920 3352 oneris
2969 3297 3216 3352 molestia
3290 3297 3662 3367 qualicunque

2081 3400 2336 3460 suscepta
2372 3406 2469 3461 pro
2504 3390 2644 3444 virili
2695 3389 2831 3459 ipsis
2859 3390 3315 3460 gratilicaremur,
3352 3404 3533 3459 neque
3566 3404 3666 3443 au-

2080 3499 2172 3538 res
2198 3483 2306 3538 illis
2334 3492 2552 3536 nostras
2585 3481 2945 3543 occlusimus.
2992 3496 3170 3550 neque
3205 3480 3446 3550 linguam
3493 3478 3663 3535 dene-

2080 3575 2328 3648 gavimns
2361 3592 2374 3628 :
2410 3573 2506 3629 sed
2558 3572 2740 3644 aliqua
2795 3586 3011 3635 eorum,
3056 3586 3179 3641 quae
3226 3570 3427 3642 scripta
3478 3581 3657 3638 erant,

2079 3681 2244 3739 parce
2274 3674 2330 3721 et
2363 3664 2644 3721 moderate
2686 3663 3068 3719 refutavimus.
3117 3662 3176 3716 lu
3206 3677 3313 3732 quo
3361 3678 3524 3718 nemo
3566 3677 3661 3732 opt

2082 3755 2435 3828 portunitatis
2458 3769 2523 3808 ac
2547 3753 2856 3824 prudentiae
2881 3741 3165 3808 studiosus
3194 3760 3452 3817 sectator,
3483 3767 3661 3822 neque

2079 3851 2372 3922 quisquam
2402 3850 2590 3915 credo,
2623 3850 2718 3920 qui
2754 3848 3052 3915 audiverit,
3090 3862 3192 3903 nos
3223 3847 3661 3919 reprehensuros

2080 3955 2187 4001 est.
2243 3945 2322 3999 Ac
2364 3952 2561 3999 cmtera
2591 3942 2819 4013 quidem
2866 3942 2962 3997 illo
2999 3941 3206 4011 scripto
3256 3940 3662 4012 comprehensa

2081 4035 2307 4091 silentio
2341 4022 2773 4106 praterivimus,
2816 4049 2884 4101 eo
2928 4034 3075 4104 quod
3112 4035 3167 4088 in
3207 4034 3487 4104 plerisque
3521 4048 3659 4089 vana

2080 4141 2138 4188 et
2165 4132 2477 4202 importuna
2515 4131 2797 4187 temeritas
2822 4130 3123 4194 insolenter
3148 4130 3428 4185 exsultare
3449 4127 3661 4184 videre-

2083 4236 2192 4282 tur.
2228 4227 2360 4292 Qua:
2386 4240 2516 4280 vero
2540 4224 2600 4300 in
2651 4224 2902 4295 epistolae
2941 4223 3171 4277 formant
3211 4222 3431 4277 redacta
3483 4221 3660 4276 amico

2081 4318 2300 4374 cuidam
2328 4318 2589 4383 diximus,
2630 4332 2700 4372 ne
2728 4315 2947 4371 honesti
2989 4314 3196 4371 silentii
3231 4322 3403 4369 nostri
3435 4327 3657 4367 causam

2081 4427 2202 4467 esse
2222 4411 2582 4483 ignorantiam
2610 4409 2911 4480 importuni
2939 4407 3342 4463 obtrectatores
3360 4404 3526 4476 M9
3545 4406 3663 4459 exin

2083 4506 2393 4569 stimarent,
2424 4519 2488 4558 ea
2519 4518 2666 4558 nunc
2708 4504 2956 4558 historiae
3011 4499 3350 4555 illustrandae
3382 4514 3571 4561 causa,
3612 4498 3658 4552 si

388 4600 649 4667 σχήματι
683 4595 817 4665 πρὸς
849 4594 946 4648 ἕνα
968 4593 1077 4647 τῶν
1107 4593 1278 4662 φίλων
1324 4592 1664 4661 εἰρήκειμεν,
1699 4589 1785 4645 ἵνα
1812 4592 1887 4665 μὴ
1915 4593 1976 4646 τὸ

2083 4597 2178 4666 (ιυὶ
2223 4596 2364 4650 forte
2393 4595 2609 4665 cognita
2635 4594 2740 4649 sibi
2770 4594 2962 4658 velint,
2992 4591 3221 4662 legenda
3253 4605 3654 4660 proponemus.

385 4691 504 4758 τῆς
544 4689 884 4760 εὐσχήμονος
930 4685 1087 4756 ἡμῶν
1143 4684 1356 4755 σιωπῆς
1400 4683 1672 4753 ὑπόληψιν
1738 4686 1973 4759 ἀπορίας
2010 4692 2265 4745 ὑπόθοιτο
2291 4691 2405 4751 τοῖς
2467 4687 2875 4758 ἀφειδεστέροις
2897 4687 3007 4740 τῶν
3037 4684 3333 4755 ὑϐριστῶν,
3364 4680 3536 4735 ταῦτα
3565 4685 3660 4734 καὶ

386 4787 499 4841 ..οὖν
533 4788 643 4847 τοῖς
693 4783 1046 4855 ἐντυγχάνειν
1085 4781 1361 4836 ἐθέλουσιν
1409 4782 1654 4852 ἱστορίας
1681 4781 1845 4837 ἕνεκα
1872 4787 2300 4859 παραθήσομεν.

472 4878 551 4933 B’.
591 4895 608 4928 ι
662 4877 868 4931 Ὁπόσα
894 4878 1003 4949 γὰρ
1035 4876 1172 4947 (20),
1210 4893 1230 4927 ι
1272 4874 1432 4946 ἔφην,
1470 4892 1490 4927 ι
1521 4876 1632 4929 τῶν
1661 4875 1970 4949 λεγομένων

2155 4883 2222 4938 ll.
2260 4901 2280 4934 ι
2327 4881 2700 4952 Quaecunque,
2745 4879 2989 4948 inquam,
3031 4876 3197 4930 verba
3254 4873 3335 4928 sic
3373 4872 3656 4936 dicuntur,

390 4971 530 5026 νυῦν
553 4970 800 5042 ἡγεμόνα
824 4968 1191 5039 προϐάλλεται
1217 4969 1313 5023 καὶ
1336 4966 1515 5040 τούτῳ
1538 4968 1637 5039 τὴν
1659 4970 1976 5041 πρέπουσαν

2088 4987 2146 5032 ιιι
2174 4985 2413 5030 mentem
2446 4973 2642 5028 ducem
2665 4972 2770 5026 sibi
2816 4977 3127 5041 proponant
3154 4967 3317 5037 eique
3362 4965 3660 5036 legitimam

385 5062 735 5133 αὐτονομίαν
769 5065 955 5133 σαφῶς
997 5062 1312 5131 ἐπιτρέπει,
1350 5059 1526 5131 ταῦτα
1563 5060 1660 5115 καὶ
1683 5060 1808 5116 νοῦν
1837 5063 1976 5118 πάνι-

2083 5065 2468 5119 auctoritatem
2506 5063 2737 5125 ,omniuo
2774 5061 3041 5123 tribuant,
3098 5059 3285 5113 eadem
3328 5059 3492 5113 etiam
3528 5073 3660 5112 ocu-

383 5173 512 5220 τως
552 5157 799 5226 ὲπόπτην
845 5153 1135 5224 ἐφέλκεται
1169 5153 1265 5207 καὶ
1294 5153 1547 5223 γλῶσσαν
1580 5154 1843 5225 ἀναμένει
1879 5157 1976 5211 σὺν

2083 5156 2167 5212 los
2197 5156 2399 5210 mentis
2429 5156 2495 5208 ad
2528 5169 2589 5208 se
2622 5151 2872 5206 alliciunt
2900 5160 2955 5205 et
2983 5151 3224 5221 linguam
3268 5150 3549 5219 sapienter
3572 5150 3661 5220 ju-

385 5249 685 5319 ἐπιστήμῃ
734 5246 1083 5310 δικάζουσαν.
1150 5245 1294 5299 Ὅσα
1348 5243 1393 5299 δ’
1438 5245 1705 5316 ἁρμονίας
1764 5247 1984 5318 ἀπάσης

2085 5246 2360 5302 dicantem
2406 5244 2605 5299 merito
2661 5249 3004 5311 exspectant.
3057 5241 3186 5307 Qua:
3225 5247 3411 5294 autem
3475 5241 3659 5293 omnis

389 5339 870 5411 παραιτησάμενσ.
908 5341 1107 5410 νόμους
1141 5338 1285 5409 ὅρων
1315 5331 1757 5409 ὲπιστίημονικῶν
1789 5339 1984 5410 ὑπερό-

2089 5339 2392 5397 harmonia:
2411 5336 2623 5406 legibus
2654 5332 2959 5404 repudiatis
2986 5349 3128 5388 verte
3156 5331 3487 5404 cognitionis
3517 5330 3661 5385 limi-

389 5449 525 5505 ριον
572 5436 667 5488 καὶ
722 5433 940 5501 φυγάδα
988 5434 1228 5485 τείνουσι
1281 5430 1439 5497 πόδα,
1475 5429 1628 5484 ταῦτ’
1680 5430 1804 5485 οὔτε
1858 5430 1984 5485 νοῦν

2088 5439 2172 5484 tes
2205 5429 2360 5499 quasi
2384 5428 2617 5499 fugitivo
2650 5427 2789 5498 pede
2836 5427 3175 5488 transiliunt.
3204 5441 3269 5481 ea
3308 5439 3412 5480 nec
3459 5423 3659 5478 mentis

387 5525 651 5597 ἐπόπτην
688 5522 832 5579 οῖδεν
866 5522 1187 5593 ἐφέλκεσθαι
1216 5524 1311 5579 καὶ
1340 5523 1520 5578 πάντα
1546 5522 1705 5593 λόγον
1735 5524 1984 5595 ἑρμηνέα

2089 5522 2284 5577 oculos
2313 5523 2496 5575 sciunt
2538 5520 2781 5586 allicere,
2813 5528 2868 5575 ct
2914 5519 3219 5575 orationem
3272 5518 3657 5588 quamcunque

1756 5661 2096 5721 Variorum
2134 5665 2317 5720 uotae.

472 5790 587 5861 (ΞΟ)
623 5789 812 5862 Exstat
833 5787 948 5862 lucc
968 5788 1209 5862 _e_pistola
1239 5786 1292 5862 in
1323 5787 1511 5841 codice
1560 5788 1821 5862 Vaticano
1852 5790 1984 5844 1086

2102 5789 2250 5862 αύτῷ
2279 5790 2697 5862 τερατολογιῶν,
2728 5794 2835 5846 τῶν
2865 5794 2962 5859 μὲν
2993 5790 3200 5862 ἄνωθεν
3224 5788 3289 5840 ὲκ
3315 5782 3661 5857 Τραπεζοῦν-

379 5875 453 5923 et
483 5858 833 5924 inscribitur,
855 5858 931 5929 τῷ
966 5858 1380 5929 ιίεπαγωμένῳ,
1405 5863 1534 5931 περὶ
1567 5860 1675 5912 τῶν
1703 5864 1856 5915 ὲλθου
1869 5864 1975 5914 τῶν

2087 5878 2200 5927 τος,
2222 5858 2424 5914 ’τῶνδὲ
2464 5858 2709 5918 κλτωθεν
2747 5865 2802 5929 ἐξ
2844 5858 3095 5923 Ἰταλίας.
3130 5858 3335 5914 Bomx.
