4088 6610
348 483 460 554 669

605 485 684 561 [Α.
724 502 774 544 c.
819 487 958 544 1528
996 505 1062 544 AD
1104 486 1265 561 15M]
1376 491 1824 553 ΒῩΖιΧΝΤΙΝιΕ
1864 490 1935 550 Hl

2038 488 2251 551 'ORUE
2291 490 2418 551 LIB
2479 492 2555 552 Χ.

2713 486 2847 557 Itur.
2891 499 3173 543 ANDRONIC.
3212 485 3358 560 tum]
3505 492 3610 557 6'70

351 608 540 678 μένειν
572 609 665 662 ἐπὶ
687 609 824 665 πολὺ
848 612 965 673 ταῖς
993 610 1102 663 τῶν
1141 610 1487 679 λειπομένων
1515 609 1784 665 ἀνθοῦσαν
1821 607 1924 677 ψυ-

2038 610 2501 673 restitutaJloreat
2535 611 2589 664 in
2615 610 2815 665 animis
2849 623 3039 664 eorum
3067 652 3081 676 ,
3136 610 3230 680 qui
3285 612 3612 681 superstites

294 711 303 722 '
345 705 496 774 χαῖς,
531 702 723 772 ὥσπερ
745 704 802 757 ὲν
827 704 991 774 ἠρινῇ
1026 703 1379 766 καταστάσει,
1410 705 1511 772 τῆς
1550 702 1687 762 τέως
1727 698 1930 770 δυσμεὲ

345 794 478 859 νοῦς
536 795 752 867 κηλῖδος
798 796 962 866 φύσιν
1017 795 1250 867 ἐχούσης
1282 795 1684 866 διαδιδράσκειν
1729 792 1805 858 ὡς
1860 792 1929 847 τὰ

346 887 546 943 πολλά.

420 981 500 1034 Δ⁹.
536 978 811 1051 Τέταρτον
849 979 948 1049 μὲν
980 980 1046 1051 δὴ
1070 980 1160 1034 καὶ
1205 978 1608 1049 ἑϐδομηκοστὸν
1664 977 1783 1039 ἔτος
1814 972 1928 1045 (5i)

342 1073 459 1128 ἀπὺ
489 1073 756 1141 γενέσεως
787 1074 935 1143 αὐτῷ
965 1073 1286 1128 τελευτῶντι
1310 1071 1524 1142 ἠνύετο,
1568 1068 1932 1139 πεντηκοστὸν
1970 1052 1989 1073 χ

346 1158 607 1234 δ’ἀφόὗ
656 1165 727 1218 τὰ
752 1166 1008 1236 σκῆπτρα
1057 1166 1156 1233 τῆς
1207 1164 1638 1234 αὐτοκρατορίας
1690 1161 1928 1225 ἐδέξατο.

339 1247 463 1307 *Ην
499 1253 557 1308 δὲ
594 1253 694 1325 τὴν
726 1254 941 1324 ἡλικίαν
967 1254 1244 1325 εὐμήκης,
1268 1254 1328 1306 τὸ
1356 1249 1497 1315 εἶδος
1523 1249 1804 1321 εὐπρεπὴς
1833 1248 1931 1301 καὶ

340 1343 475 1398 λίαν
504 1345 789 1416 αἰδέσιμος
813 1344 907 1399 καὶ⁵
934 1344 1121 1414 ὥσπερ
1154 1346 1216 1399 ὲκ
1257 1344 1474 1414 φύσεως
1506 1343 1646 1412 ἔχων
1695 1341 1756 1394 τὸ
1803 1340 1933 1408 ἡγε-

342 1436 580 1504 μονικόν
608 1454 667 1489 τε
706 1438 802 1491 καὶ
837 1436 1068 1508 φοϐερόν
1094 1453 1106 1468 ·
1131 1436 1230 1490 οὐκ
1277 1435 1514 1507 ἄκρατόν
1538 1450 1601 1502 γε
1631 1434 1759 1505 μὴν.
1816 1429 1932 1485 ἀλλ’

338 1527 543 1601 ὥσπερ
574 1529 653 1596 τῷ
684 1529 809 1600 ἀέρι
842 1520 1171 1600 κιρνάμενον
1200 1530 1260 1581 τὸ
1292 1528 1391 1598 τῆς
1417 1528 1652 1599 ἡλιακῆς
1713 1525 1933 1586 ἀκτῖνος

340 1618 470 1686 φῶς
495 1619 692 1689 χρῶμα
724 1619 936 1688 γίνεται
969 1618 1143 1690 τούτῳ
1172 1619 1267 1673 καὶ
1307 1618 1495 1689 ὥσπερ
1521 1618 1696 1687 μέλιτι
1731 1614 1931 1680 γλυκύ-

337 1727 451 1781 της
480 1711 758 1781 αύτοφυὴς
774 1712 983 1779 γίνεται
1015 1712 1239 1781 ποιότης
1264 1727 1280 1744 ο
1312 1709 1458 1763 οὕτω
1480 1708 1544 1780 δὴ
1573 1711 1668 1761 καὶ
1687 1708 1931 1779 πραότης

339 1802 615 1872 ἀποίητος
642 1803 779 1873 μετά
804 1819 951 1865 τινος
981 1802 1282 1871 θελγούσης
1302 1802 1528 1872 χάριτος
1568 1804 1681 1865 τοῖς
1739 1802 1928 1873 ἤθεσιν

2033 703 2250 767 vivunt,
2308 711 2557 758 veterum
2601 701 3018 757 inimicitiarum
3059 702 3272 759 macula
3307 703 3464 759 facile
3491 703 3611 773 ple-

2032 809 2265 865 rumque
2293 796 2663 852 exolescente.

2104 973 2193 1027 ιν.
2223 971 2442 1026 Annum
2476 972 2654 1027 aetatis
2705 972 2947 1026 moriens
2975 969 3237 1040 implebat
3268 976 3525 1038 quartum
3555 975 3613 1021 et

2035 1061 2496 1131 septuagesimum
2521 1080 2535 1126 ;
2564 1076 2631 1137 ex
2652 1076 2764 1131 quo
2794 1076 2923 1115 vero
2948 1060 3239 1129 imperium
3272 1069 3611 1126 susceperat,

2035 1153 2571 1223 quinquagesimum.
2611 1153 2844 1208 Procera
2876 1161 3086 1232 statura
3113 1151 3234 1216 fuit,
3259 1150 3457 1205 decora
3478 1149 3615 1203 facie

2033 1254 2088 1299 et
2114 1260 2379 1314 perquam
2417 1245 2759 1320 venerabili;
2782 1246 2851 1300 ab
2876 1244 2995 1312 ipso
3024 1251 3147 1299 ortu
3180 1242 3485 1311 principale
3516 1242 3616 1296 ali-

2033 1335 2165 1406 quid
2199 1343 2257 1390 et
2284 1335 2635 1391 formidabile
2666 1351 2777 1405 prae
2809 1350 2868 1390 se
2906 1335 3122 1400 ferens;
3157 1349 3266 1388 non
3299 1341 3478 1388 tamen
3508 1332 3616 1387 hoc

2034 1441 2245 1480 merum
2273 1435 2330 1480 et
2359 1425 2650 1495 integrum,
2680 1424 2772 1478 sed
2805 1433 2867 1480 ut
2911 1424 3026 1479 aeri
3056 1424 3275 1479 mistum
3311 1423 3506 1478 solaris
3530 1438 3617 1477 ra-

2033 1518 2107 1573 dii
2131 1518 2318 1573 lumen
2364 1516 2495 1571 fitei
2521 1516 2693 1577 color.
2727 1525 2782 1571 et
2817 1524 2875 1568 ut
2918 1515 3066 1569 melli
3098 1514 3333 1569 dulcedo
3378 1514 3615 1583 qualitas

2032 1609 2217 1665 nativa
2268 1608 2500 1675 accedit,
2534 1608 2611 1663 ita
2653 1607 2816 1662 etiam
2850 1606 3139 1662 clementia
3184 1620 3294 1661 non
3339 1605 3459 1660 ficta
3491 1619 3616 1659 cum

2034 1701 2241 1757 blando
2290 1699 2527 1770 quodam
2560 1698 2747 1771 gratiae
2794 1698 2983 1767 lepore
3021 1697 3271 1751 moribus
3309 1696 3428 1767 ejus
3481 1710 3618 1750 eon-

2036 1782 2338 1863 temperata
2371 1791 2523 1846 color
2551 1789 2724 1854 ipsius
2751 1798 2806 1844 et
2840 1787 3003 1860 473
3030 1786 3343 1841 inaffectata
3381 1786 3618 1856 qualitas

339 1895 523 1950 αὐτοῦ
548 1896 864 1967 κιρνωμένη
890 1895 1093 1967 χρῶμά
1125 1913 1184 1949 τε
1222 1896 1338 1965 ἅμα
1371 1896 1466 1949 καὶ
1499 1895 1933 1966 αὐτοχάλκευτος

2038 1884 2346 1940 videbatur.
2400 1881 2631 1937 Multum
2683 1880 2830 1936 enim
2881 1878 3172 1934 hilaritatis
3205 1887 3401 1933 natura
3443 1877 3617 1932 vultui

340 1987 505 2058 αὐτῷ
547 1959 775 2059 ποιότης
806 1959 1082 2057 trbavi-veto.
1116 1959 1334 2055 Ilo).le
1366 1987 1466 2057 μὲν
1527 1959 1665 2057 γὰρ.-
1695 1988 1788 2040 ἐπὶ
1834 1987 1930 2040 τοῦ

2038 1976 2152 2046 ejus
2210 1975 2489 2030 indiderat
2513 2013 2528 2037 ,
2565 1973 2800 2028 multum
2836 1971 3008 2026 oculis
3038 1969 3388 2035 serenitatis;
3419 1970 3619 2038 linguae

340 2082 651 2153 προσώπου
681 2082 781 2150 τὴν
810 2081 1154 2152 εὐφροσύνην
1182 2081 1214 2150 ἡ
1247 2078 1410 2142 φύσις
1440 2078 1699 2145 ὲκένωσε,
1732 2079 1933 2147 πολλὴν

342 2176 399 2229 δ’
427 2177 523 2230 ἐπὶ
543 2177 656 2240 τοῖς
693 2174 999 2245 ὀφθαλμοῖς
1022 2173 1121 2242 τὴν
1148 2173 1416 2244 γαλήνην,
1468 2172 1728 2242 λαμπρὰν
1773 2169 1818 2224 δ’
1842 2169 1934 2222 ἐπὶ

343 2271 421 2341 τῇ
474 2269 691 2337 γλώττῃ
736 2269 837 2335 τὴν
871 2266 971 2335 τῆς
1028 2265 1197 2335 ἠχοῦς
1239 2263 1529 2335 ἁρμονίαν.
1574 2262 1664 2333 Τῷ
1695 2261 1753 2315 δὲ
1812 2261 1932 2331 ἧθει

306 2404 321 2423 ,
342 2362 519 2415 παντὶ
547 2360 607 2413 τὸ
627 2358 811 2430 ίλαρδν
833 2360 927 2411 καὶ⁵
951 2358 1148 2426 σεμνὸν
1200 2354 1577 2428 ὲφαπλώσασα
1625 2353 1856 2425 τερπνόν
1881 2371 1934 2407 τι

347 2456 448 2510 καὶ
504 2453 688 2507 ἔνθεον
745 2452 1159 2523 παρεσκεύαζεν
1214 2449 1569 2519 ἐπιπρέπειν.
1628 2452 1697 2503 Ἀ
1747 2449 1928 2501 πάντα

355 2546 508 2616 μάλα
533 2546 724 2615 σαφεῖς
750 2545 862 2598 τῶν
896 2541 1228 2597 σιωπώντων
1260 2540 1411 2611 ἠθῶν
1444 2540 1543 2610 τῆς
1596 2541 1806 2594 ἐκείνου
1831 2538 1937 2608 ψυ-

348 2640 454 2709 χῆς
479 2638 758 2706 ἐγίγνοντο
784 2635 1028 2704 ἄγγελοι.

426 2728 648 2786 Ε’.Ἰνα
679 2728 788 2799 γὰρ
847 2729 973 2791 τοὺς
1029 2726 1264 2796 τρόπους
1314 2725 1415 2794 τῆς
1461 2724 1710 2793 γνώμης,
1750 2720 1936 2783 δποῖος

348 2825 586 2885 ἐκεῖνος,
619 2820 980 2891 παραστήσω,
1005 2818 1124 2880 ἐνὸς
1160 2818 1194 2888 ἢ
1258 2817 1353 2869 καὶ
1384 2815 1532 2869 δυοῖν
1575 2814 1685 2867 τῶν
1724 2812 1935 2893 ἐκείνου

353 2915 765 2987 μνησθήσομαι.
795 2911 1008 2982 Μικρὸν
1060 2909 1185 2982 προ
1225 2909 1326 2979 τῆς
1361 2908 1620 2977 τελευτῆς
1669 2908 1726 2959 ὲν
1774 2903 1935 2976 πενίᾳ

348 3009 450 3065 καὶ
475 3010 541 3079 τῇ
580 3006 690 3060 τῶν
722 2994 1034 3073 ἀναγκαίων
1077 3003 1257 3075 ἐνδείᾳ
1290 3002 1491 3071 διάγων
1547 3001 1671 3053 ἐπεὶ
1709 3000 1784 3072 μὴ
1813 2997 1934 3051 ἐδύ-

348 3115 484 3152 νατο
515 3097 772 3163 καθάπαξ
804 3097 902 3165 τὴν
931 3095 1023 3148 τοῦ
1068 3094 1281 3166 ψύχους
1332 3094 1521 3164 φέρειν
1568 3090 1758 3162 ἀκμὴν
1801 3090 1936 3159 (χει-

356 3191 536 3261 μῶνος
558 3191 667 3260 γὰρ
688 3187 988 3259 τηνικαῦτα
1029 3187 1089 3239 τὸ
1125 3186 1501 3256 ἀκμαιότατον
1549 3179 1663 3265 ἧνῖ,
1719 3183 1932 3249 σκέπην

2035 2076 2219 2123 autem
2262 2066 2463 2121 claram
2490 2072 2547 2119 et
2570 2077 2828 2128 canoram
2859 2077 3046 2117 vocem
3084 2080 3097 2117 :
3123 2063 3176 2115 in
3200 2059 3347 2115 omni
3379 2060 3621 2128 denique
3672 2096 3676 2101 ς

2035 2158 2155 2229 ejus
2189 2156 2379 2211 habitu
2414 2171 2478 2211 ac
2508 2166 2663 2226 gestu
2692 2154 3028 2208 hilaritatem
3083 2159 3139 2209 et
3177 2151 3499 2223 gravitatem
3540 2151 3622 2207 sic

2003 2250 2400 2319 'explicuerat,
2426 2258 2487 2303 ut
2511 2263 2789 2314 amoenum
2820 2245 3079 2316 quiddam
3106 2260 3170 2299 ac
3195 2244 3441 2300 divinum
3474 2243 3527 2298 in
3553 2258 3621 2299 eo

2036 2343 2329 2398 emineret.
2358 2341 2489 2408 Quae
2530 2342 2787 2397 universa
2818 2340 3015 2397 tacitos
3053 2341 3172 2412 ejus
3208 2354 3393 2395 mores
3420 2349 3476 2394 et
3506 2339 3625 2394 aui-

2036 2448 2185 2489 mum
2222 2432 2576 2488 nuntiabant.

2105 2735 2172 2791 ν.
2212 2733 2281 2789 Ut
2323 2744 2506 2789 autem
2558 2711 2840 2804 ingenium
2898 2733 3020 2804 ejus
3074 2734 3240 2790 etiam
3309 2733 3622 2808 declarem,

2035 2828 2203 2884 unius
2227 2836 2393 2898 atque
2439 2827 2673 2882 alterius
2700 2827 2824 2898 ejus
2869 2826 2995 2881 facti
3038 2827 3376 2883 mentionem
3402 2825 3623 2883 faciam.

2035 2921 2205 2975 Paulo
2235 2929 2362 2974 ante
2394 2919 2629 2986 obitum,
2684 2934 2809 2975 cum
2841 2927 3167 2989 paupertate
3214 2928 3271 2974 et
3307 2935 3492 2974 rerum
3528 2934 3627 2977 ne-

2035 3013 2403 3067 cessariarum
2439 3011 2621 3080 inopia
2653 3020 2948 3083 urgeretur
2981 3019 3036 3065 et
3089 3010 3288 3066 hiemis
3328 3012 3438 3065 vim
3482 3011 3627 3067 ferre

2036 3121 2142 3160 non
2181 3111 2368 3173 posset
2402 3102 2549 3173 (nam
2590 3102 2768 3157 hiems
2819 3111 2940 3156 tum
2999 3102 3236 3157 maxime
3288 3103 3577 3171 saeviebat)
3605 3147 3620 3169 ,

2036 3198 2317 3267 vulpinam
2350 3195 2453 3251 sibi
2488 3204 2815 3250 nocturnam
2849 3203 3060 3250 vestem
3087 3194 3206 3250 fieri
3240 3196 3427 3266 jussit.
3461 3196 3624 3252 Omni

352 3282 628 3348 ὲπέταξεν
651 3281 801 3349 αὐτῷ
830 3279 1085 3350 γενέσθαι
1135 3267 1462 3347 νυκτερινὴν
1512 3277 1570 3342 ἐξ
1619 3274 1932 3343 ἀλωπεκῆς.

2039 3297 2221 3343 autem
2257 3288 2377 3358 ejus
2412 3286 2690 3355 opulentia
2721 3288 3020 3356 perquisita
3045 3288 3223 3342 tribus
3242 3292 3484 3343 nummis
3514 3304 3623 3344 non

352 3377 547 3445 Πάσης
601 3371 696 3427 οὖν
746 3373 848 3442 τῆς
916 3370 1084 3427 αὐτοῦ
1152 3371 1474 3440 περιουσίας
1533 3365 1935 3438 ἀριθμηθείσης

349 3469 523 3540 τριῶν
561 3466 914 3536 νομισμάτων
958 3463 1059 3533 οὐχ
1090 3461 1319 3532 εὓρηται
1355 3460 1519 3514 πλέον
1541 3458 1718 3512 οὐδέν.
1772 3455 1936 3510 Ὀθεν

352 3560 562 3615 τούτων
599 3559 776 3629 μόνων
807 3556 867 3620 ἐξ
907 3554 1153 3625 ἀνάγκης
1192 3552 1352 3607 ὢνιον
1411 3551 1697 3619 γενέσθαι,
1748 3549 1776 3602 ὃ
1835 3549 1936 3618 τῆς

352 3652 698 3723 ψυχρότητος
733 3646 1097 3719 μεμελέτηται
1140 3643 1511 3715 παραμύθιον.
1552 3643 1849 3713 Μετεώρου
1872 3642 1936 3712 δὴ

352 3742 453 3811 τῆς
489 3738 725 3811 μελέτης
749 3735 940 3806 οὔσης,
973 3733 1291 3805 προσελθών
1315 3751 1402 3798 τις
1427 3732 1538 3786 τῶν
1576 3733 1744 3785 πάλαι
1766 3733 1938 3785 οίκει-

356 3828 508 3883 ακῶν
541 3827 635 3881 τὸν
672 3826 767 3897 τῆς
797 3823 1028 3894 ἐνούσης
1062 3823 1259 3887 πενίας
1301 3822 1664 3894 ὲξετραγῴδει
1691 3823 1937 3877 κίνδυνον

354 3920 553 3992 βιαίως
608 3916 987 3985 ἐπιτιθέμενον
1031 3915 1128 3967 καὶ⁵
1170 3914 1307 3983 πρὸς
1361 3914 1589 3967 θάνατον
1636 3912 1938 3983 ὁλοσχερῶς

361 4010 731 4069 συνωθοῦντα.
797 4008 987 4078 Τούτῳ
1039 4007 1317 4078 καμφθεὶς
1382 4006 1632 4061 ἐδεδώκει
1680 4009 1762 4060 .τὰ
1804 4007 1938 4078 τρία

360 4107 544 4161 ἐκεῖνα
630 4104 940 4173 νομίσματα
969 4144 985 4169 ,
1077 4098 1374 4171 συμφορῶν
1458 4100 1758 4172 ἀλλοτρίων
1846 4100 1940 4152 τὸν

363 4196 555 4254 ἑαυτοῦ
627 4195 988 4267 προελόμενος
1059 4192 1314 4257 θάνατον,
1374 4191 1497 4245 ὅσον
1571 4192 1632 4245 τὸ
1686 4193 1773 4245 ἐπ’
1841 4191 1939 4244 ati-

362 4293 471 4346 τόν.
507 4289 606 4343 Ἐν
629 4266 743 4360 «μέν
772 4266 838 4359 δῆ
870 4285 1033 4340 τοῦτο
1070 4274 1169 4354 τῆς
1211 4283 1381 4338 αὐτοῦ
1444 4282 1762 4353 συμπαθοῦς
1797 4283 1939 4353 γνώ-

367 4402 471 4453 μης
508 4384 810 4454 τεκμήριον
834 4380 968 4453 (52)·
998 4378 1265 4449 Δεύτερθν
1289 4377 1347 4430 δέ
1377 4394 1392 4410 ⁶
1456 4378 1580 4430 ἐπεὶ
1608 4377 1717 4447 γὰρ
1739 4377 1939 4447 ἰατρῶν

368 4478 465 4547 μὲν
491 4476 681 4537 παῖδες
714 4474 865 4542 αὐτῷ
887 4474 987 4543 τὴν
1009 4470 1358 4542 πολυήμερον
1391 4469 1769 4540 ψυχροποσίαν
1796 4471 1941 4538 ἀπη-

2045 3381 2170 3451 plus
2200 3387 2287 3435 est
2319 3387 2625 3449 repertum.
2678 3376 2839 3433 Tanti
2875 3379 3059 3448 itaque
3104 3393 3331 3434 necesse
3370 3378 3470 3432 fuit
3517 3378 3628 3434 emi

2042 3480 2274 3531 vestem.
2302 3486 2424 3539 qua:
2450 3471 2499 3525 ei
2532 3471 2584 3524 in
2626 3469 2927 3541 frigoribus
2964 3470 3209 3525 solamen
3249 3479 3498 3539 paratum
3541 3486 3632 3525 es-

2044 3570 2148 3615 set.
2183 3560 2241 3615 ld
2268 3575 2400 3615 vero
2431 3559 2723 3614 consilium
2754 3574 2879 3614 cum
2917 3559 3101 3614 adhuc
3149 3559 3468 3629 agitaretur.
3509 3560 3631 3629 qui-

2045 3652 2169 3706 dam
2204 3668 2233 3705 c
2264 3652 2548 3706 veteribus
2588 3652 2708 3721 ejus
2734 3651 3101 3706 familiaribus
3136 3661 3461 3720 priesentem
3492 3667 3627 3722 pau~

2046 3750 2315 3812 pertatem
2355 3741 2676 3811 deplorabat
2703 3738 2739 3807 ,“
2762 3756 2885 3811 quae
2916 3741 2992 3796 ita
3019 3750 3177 3796 atrox
3210 3740 3316 3797 sibi
3348 3741 3632 3796 incumbe-

2045 3843 2164 3896 ret,
2189 3842 2248 3887 ut
2267 3833 2376 3902 jam
2409 3832 2462 3887 in
2488 3844 2679 3902 aperto
2709 3831 2904 3888 mortis
2928 3833 3177 3902 periculo
3206 3843 3542 3909 versaretur.
3566 3832 3626 3887 Ei

2044 3924 2321 3978 adductus
2355 3922 2739 3979 misericordia
2798 3932 2910 3984 tres
2966 3923 3088 3978 illos
3126 3938 3381 3979 nummos
3438 3924 3627 3991 dedit;

2046 4016 2187 4070 mori
2221 4020 2550 4086 prteoptans,
2579 4016 2725 4086 quod
2760 4014 2817 4069 in
2844 4030 2903 4071 se
2933 4025 3102 4082 esset,
3125 4031 3290 4086 quam
3325 4016 3626 4072 alienarum

2048 4111 2431 4166 calamitatum
2467 4119 2747 4180 spectator
2781 4125 2924 4166 esse.
2963 4110 3143 4167 Unum
3182 4108 3347 4181 igitur
3372 4111 3477 4166 hoc
3508 4113 3630 4175 ejus

2046 4203 2405 4272 benignitatis
2452 4203 2669 4273 signum
2716 4211 2860 4259 esto.
2890 4202 3139 4258 Alterum
3185 4201 3339 4258 illud.
3392 4202 3526 4256 Cum
3574 4202 3627 4255 ci

2047 4298 2260 4368 frigidae
2294 4312 2450 4368 aquae
2480 4304 2609 4366 potu
2642 4295 2908 4351 diuturno
2952 4297 3151 4354 medici
3191 4296 3624 4358 interdicerent,

2046 4398 2211 4459 atque
2250 4389 2368 4459 ipse
2388 4389 2517 4446 .vini
2572 4389 2912 4457 potationem
2956 4390 3332 4463 repudiasset;
3392 4388 3626 4443 mediam

2050 4481 2339 4549 ingressus
2373 4478 2517 4533 viam
2555 4479 2647 4533 vix
2680 4494 2791 4533 uno
2821 4493 3015 4545 aureo,
3052 4494 3229 4550 eoque
3260 4479 3584 4533 mutuaticio
3608 4519 3623 4543 ,

365 4568 610 4638 γόρευον,
654 4567 683 4619 ὁ
736 4564 781 4618 δ’
838 4565 900 4617 ού
938 4562 1198 4633 προσίετο
1225 4562 1326 4635 τὴν
1377 4562 1711 4627 οίνοποσίαν,
1766 4564 1935 4633 μέσην

2047 4568 2256 4638 aliquid
2286 4568 2391 4623 sibi
2419 4568 2661 4623 dulcium
2697 4569 2972 4638 liquorum
2992 4570 3147 4634 emit,
3175 4569 3269 4640 qui
3304 4580 3369 4623 ex
3395 4568 3626 4639 [Egypto

369 4657 588 4727 βαδίσας
614 4656 952 4727 νομίσματος
995 4655 1114 4719 ἑνὸς
1147 4653 1321 4724 μόλις,
1363 4656 1428 4707 ὲκ
1479 4654 1694 4707 δανείου
1750 4655 1935 4708 κάκεί-

2047 4668 2103 4716 et
2131 4659 2333 4715 Arabia
2358 4659 2731 4724 advehuntur,
2757 4668 2818 4714 ut
2851 4659 3017 4733 474
3067 4660 3154 4714 his
3195 4659 3402 4730 frigidae
3434 4671 3625 4729 potum
3662 4707 3673 4717 .

369 4769 456 4805 νου
484 4750 939 4821 παρευρεθέντος,
966 4747 1126 4802 ὢνιον
1150 4747 1277 4817 ἔσχε
1304 4747 1470 4819 μέρος
1506 4763 1560 4799 τι
1589 4747 1698 4801 τῶν
1757 4747 1816 4814 ἐξ
1850 4747 1935 4800 Λί-

2053 4756 2413 4808 meraciorem
2449 4762 2781 4823 temperaret
2832 4763 2997 4825 atque
3040 4753 3270 4807 levaret.
3304 4749 3410 4806 Sed
3446 4751 3629 4821 prius-

370 4841 572 4909 γύπτου
599 4841 694 4895 καὶ
742 4839 1002 4910 Ἀραϐίας
1037 4836 1122 4911 [Ρ.
1146 4835 1276 4908 291]
1294 4836 1673 4907 κομιζομένων
1698 4836 1935 4906 γλυκέων

2051 4861 2214 4917 quam
2259 4860 2355 4901 eos
2380 4854 2674 4918 gustasset,
2713 4860 2908 4900 rursus
2941 4845 3084 4900 alius
3117 4852 3368 4898 veterum
3407 4841 3625 4897 domes-

372 4933 572 5006 ὕγρῶν,
605 4935 692 4987 ἵνα
734 4948 799 5000 γε
850 4931 1025 5002 τούτῳ
1064 4929 1299 5002 κουφίξῃ
1335 4930 1396 4984 τὸ
1438 4929 1539 5000 τῆς
1579 4929 1935 4999 ψυχροποσίας

2052 4938 2288 4993 ticorum
2314 4952 2441 4992 eum
2493 4937 2727 5000 accedit,
2772 4936 2921 5007 longi
2954 4935 3131 4996 morbi
3172 4935 3339 4990 breve
3375 4947 3629 5004 quaerens

369 5027 624 5101 ἄκρατον.
642 5024 948 5097 Ἀλλὰξπρὶν
968 5022 1782 5093 γεύσασθαιιτούτου,πρόσεισιν
1799 5020 1935 5083 αὖθις

2049 5029 2334 5089 solatium.
2372 5029 2442 5085 At
2476 5029 2588 5095 ille,
2611 5042 2734 5083 cum
2768 5027 2908 5082 nihil
2950 5028 3180 5083 haberet
3208 5042 3319 5097 quo
3345 5026 3627 5081 hominem

371 5125 549 5196 ἕτερός
590 5140 675 5186 τις
709 5122 819 5175 τῶν
867 5119 1034 5175 πάλαι
1060 5118 1374 5186 οῖκειακῶν,
1403 5118 1616 5190 μακροῦ
1647 5120 1935 5190 νοσήματος

2049 5121 2448 5183 consolaretur,
2478 5131 2535 5176 et
2556 5120 2713 5190 {huic
2741 5118 2859 5174 dari
2883 5119 3050 5190 jussit
3072 5118 3379 5176 remedium
3407 5134 3520 5174 suae
3547 5120 3632 5171 in-

374 5217 540 5289 βραχύ
568 5235 621 5271 τι
644 5215 825 5286 ζητῶν
860 5214 1228 5286 παραμύθιον.
1267 5214 1326 5269 '0
1376 5213 1435 5268 δὲ
1468 5214 1546 5284 μὴ
1590 5215 1731 5285 ἔχων
1767 5214 1935 5281 οὐδὲν1

2052 5212 2331 5269 firmitatis
2355 5226 2517 5268 causa
2547 5218 2951 5282 comparatum.
2983 5211 3159 5267 Tanta
3189 5211 3310 5281 ejus
3365 5220 3485 5267 erat
3524 5210 3632 5265 hu-

1718 5366 2057 5431 Variorum
2091 5374 2278 5459 nota.

442 5520 550 5589 (5|)
594 5516 1073 5589 Moriens_gtnnttm
1108 5516 1280 5569 mtatis
1322 5514 1561 5589 explebat
1602 5516 1933 5589 septuagesi-
2042 5512 2300 5589 detrahit.
2334 5513 2440 5569 Sed
2486 5512 2645 5578 mihi,
2680 5513 2873 5589 u_t_jam
2901 5511 3037 5589 dixi,
3070 5508 3633 5589 Cautacuzi-nihc‘h‘ro-

375 5579 513 5643 mtim
536 5579 816 5659 quartum.
840 5586 1089 5659 Mortuus
1117 5596 1199 5640 est
1232 5579 1480 5659 (utin'fra
1503 5579 1742 5659 dicetur,
1772 5579 1947 5659 hujus
2039 5585 2257 5659 nologia
2289 5594 2547 5654 suspecta
2574 5592 2680 5638 est.
2709 5579 2845 5638 Vide
2879 5583 3147 5639 adnotata
3180 5582 3248 5634 ad
3283 5595 3405 5650 pag.
3436 5579 3542 5633 262
3567 5579 3627 5633 Β.

372 5675 491 5729 cap.
541 5652 679 5714 sect.
733 5657 858 5726 ult.)
907 5671 1055 5711 anno
1103 5657 1292 5729 mundi
1321 5656 1482 5729 6819,
1522 5655 1737 5729 (Ξίιιθί-ειίΔ
1780 5654 1935 5729 ίῖρξξ.

2043 5652 2253 5729 Bmvttv.

374 5721 512 5798 Ergo
560 5737 724 5782 natus
754 5721 875 5781 erat
897 5741 1050 5798 anno
1088 5727 1275 5798 muniti
1329 5726 1488 5798 6766.
1530 5725 1740 5779 Christi
1779 5723 1939 5798 1358.
1972 5782 1978 5787 ,
2054 5792 2067 5798 _
2112 5725 2226 5791 (5'2)
2258 5723 2353 5798 Ob
2382 5725 2739 5798 pietatemdet
2774 5725 2911 5798 alias
2938 5726 3106 5781 animi
3133 5725 3290 5780 dotes
3313 5721 3479 5778 etiam
3508 5725 3628 5778 lauo

378 5792 520 5868 Vide,
549 5799 818 5868 adnotata
844 5796 910 5868 ad
961 5811 1082 5868 pag.
1116 5796 1189 5868 5|
1226 5796 1288 5850 A.
1340 5796 1777 5868 (tantacuzenus
1800 5795 1936 5848 Hist.
2037 5792 2203 5848 datur
2231 5792 2608 5868 akl‘iicepltoro
2636 5796 3027 5868 Xanthupulo:

378 5852 564 5930 lib.lt.
603 5883 724 5936 cap.
759 5852 1255 5936 28,,An'dronicum
1294 5882 1456 5919 avum
1494 5866 1697 5920 obiisse
1731 5865 1935 5936 aitan-

2247 5866 2358 5936 Τῆς
2380 5852 2663 5929 εὐσεϐείας
2692 5852 3033 5936 Ἀνδρόνικος
3062 5866 3090 5916 ὁ
3120 5862 3331 5936 στῦλος,
3377 5906 3401 5936 _.

380 5953 475 5995 nos
502 5932 686 5995 uatutn
722 5938 810 5993 72.
846 5934 932 5993 ita
971 5938 1038 5993 de
1080 5954 1350 5994 annorum
1389 5953 1619 5993 numero
1652 5935 1935 5993 biennium

2256 5932 2612 6020 ’Δξύγκριῖος
2638 5935 2782 6003 νοῦς,
2815 5935 3129 6009 ἐξῃρημένη
3152 5935 3332 6005 φύσις.
3371 5934 3614 5993 ΟυϐΛΝϐο
3656 5994 3660 6000 _
