4088 6620
570 376 679 444 675
823 375 896 447 [Α.
936 392 994 431 ιι.
1030 375 1167 432 6856
1209 390 1276 430 an
1314 372 1476 447 6859]

1728 367 2575 462 Nicamsoamaacoaa

2873 363 3006 437 [tum
3047 371 3330 416 ANthOXlC.
3387 359 3520 429 ωτι]
3672 370 3760 432 615

565 493 996 559 liconem?Quis
1026 492 1307 563 sapientia:
1339 491 1607 546 destruxit
1635 489 1970 563 Olympum?
2011 490 2146 556 Quis

2249 489 2464 558 ἐκείνης
2515 482 2725 556 ἀθρόως
2772 482 2853 543 είς
2903 478 3008 548 γῆν
3054 469 3457 563 καταῤῥεῦσαν.
3485 471 3763 544 Θρηνήτατς

564 586 849 641 lucernam
904 586 1186 647 exstinxit,
1213 583 1412 640 mentis
1437 592 1639 638 nostra:
1659 583 1848 639 oculos
1868 582 2146 638 illustran-

567 685 678 732 tem
703 687 758 731 et
791 677 917 732 cilia
955 677 1130 733 nostri
1158 677 1328 733 animi
1355 677 1586 748 pulchre
1614 677 1992 748 aperientem?
2012 677 2145 742 Quis

563 779 738 824 artem
763 770 987 833 artium,
1012 770 1305 825 scientiam
1341 770 1697 826 scientiarum
1725 769 1998 840 perdidit?
2012 769 2146 836 Quis

563 861 841 915 cmlestem
877 861 1155 915 hominem
1188 862 1242 916 in
1271 861 1713 917 fundumtumuli
1734 860 1977 930 dejecit?
2001 860 2145 916 Olim

562 960 787 1030 quidem
823 958 1034 1013 Grarcia
1066 957 1312 1013 Athenas
1339 958 1669 1027 eloquentia:
1693 956 2032 1011 domicilium
2051 956 2147 1010 de-

564 1051 823 1121 ploravit,
861 1065 986 1105 cum
1021 1065 1116 1105 eas
1152 1066 1248 1120 per
1282 1049 1510 1105 insidias
1539 1049 1747 1104 celeres
1786 1046 2147 1102 destruxisset

563 1140 846 1212 Lysander
866 1140 1339 1195 Lacedaemonius.
1371 1139 1483 1194 Nos
1518 1154 1649 1192 vero
1675 1137 1839 1192 hodie
1868 1153 1977 1191 non
2012 1137 2147 1192 satis

562 1232 852 1303 deplorare
915 1247 1209 1302 possumus
1282 1239 1452 1288 totam
1509 1230 1775 1286 Graeciam
1828 1246 1953 1285 cum
2009 1230 2146 1299 ipsis

560 1325 793 1379 Athenis
823 1324 1156 1379 demersam.
1186 1324 1342 1381 Unus
1369 1322 1518 1377 enim
1570 1323 1664 1378 hic
1689 1323 1775 1376 vir
1805 1322 1908 1376 fuit
1935 1323 2142 1377 omnia.

563 1416 815 1482 OMusae,
858 1431 892 1470 ο
944 1415 1197 1472 facundia
1226 1455 1241 1476 .
1295 1415 1468 1487 478
1503 1431 1537 1470 ο
1592 1417 1845 1481 virtutes,
1886 1431 1918 1469 ο
1954 1431 2145 1471 omnes

564 1508 904 1579 disciplinae,
961 1507 1237 1578 quomodo
1270 1506 1504 1575 agrestia
1547 1506 1661 1561 lilia
1707 1504 1846 1561 adeo
1888 1505 2145 1561 celeriter

566 1598 699 1652 estis
733 1597 978 1661 imitatae,
1009 1598 1121 1652 cito
1146 1596 1370 1666 quidem
1402 1597 1456 1651 in
1486 1597 1654 1651 altum
1680 1596 1851 1653 decus
1881 1607 2140 1665 arrecta,

568 1688 665 1745 sed
692 1689 860 1745 citius
906 1688 1158 1745 arefacta:
1185 1697 1243 1744 et
1271 1689 1497 1760 deiectae
1517 1689 1541 1743 ’ί
1564 1689 1754 1745 Divina
1784 1690 1936 1745 enim
1965 1702 2143 1745 vestra

556 1781 735 1847 cella,
781 1795 1037 1850 magnum
1085 1780 1218 1834 illud
1250 1790 1307 1834 et
1347 1780 1567 1837 celebre
1619 1789 1865 1836 vestrum
1896 1781 2143 1837 diversos

558 1874 724 1935 rium,
748 1887 899 1927 nunc
923 1882 1067 1928 terra
1083 1882 1139 1928 et
1170 1872 1402 1927 interitu
1433 1887 1756 1942 oppressum
1783 1888 1890 1926 una
1909 1884 2146 1928 vestram

557 1976 778 2032 quoque
835 1962 1064 2032 gloriam
1106 1961 1403 2031 depressit.
1467 1960 1567 2016 Hic
1606 1961 1771 2028 fuit,.
1803 1961 1898 2032 qui
1955 1976 2149 2016 omnes

557 2068 697 2108 voce
734 2048 1031 2124 pbilosoph
1045 2067 1108 2108 os
1145 2059 1440 2123 superaret
1468 2061 1524 2106 et
1552 2060 1820 2119 oratores,
1855 2066 1994 2122 quos
2025 2066 2150 2106 om-

558 2155 651 2210 nia
679 2158 880 2210 saecula
901 2154 1189 2211 celebrant
1215 2171 1229 2209 :
1265 2154 1358 2209 sed
1385 2154 1515 2220 heu,
1539 2154 1683 2224 jacet
1710 2155 1820 2225 jam
1847 2155 1903 2210 in
1921 2154 2150 2222 pulvere

557 2256 615 2303 et
654 2247 867 2302 tumulo
908 2256 1120 2305 mutus.
1152 2247 1251 2303 llic
1302 2246 1450 2313 fuit,
1507 2246 1602 2319 qui
1656 2258 1841 2302 mente
1875 2256 1932 2303 et
1963 2248 2148 2318 lingua

558 2339 732 2395 malos
777 2350 834 2396 et
879 2350 1054 2396 terras
1084 2339 1456 2406 dimetiretur,
1492 2341 1689 2410 quovis
1724 2339 2146 2410 perpendiculo,

559 2435 756 2503 quavis
799 2433 1007 2486 amussi
1045 2431 1249 2487 rectius
1276 2471 1293 2499 ,
1352 2447 1499 2486 nunc
1566 2446 1698 2486 vero
1743 2431 1888 2501 lapis
1914 2431 2148 2502 exiguus

555 2540 687 2580 eum
741 2524 1048 2579 dimetitur.
1097 2524 1200 2578 Hic
1234 2523 1338 2578 fuit
1381 2539 1704 2593 magnorum
1735 2524 1858 2579 coeli
1902 2535 1960 2578 et
1990 2532 2147 2578 terrae

496 2657 505 2665 κ
557 2622 913 2676 horizontum
962 2630 1020 2674 et
1072 2619 1460 2689 parallelorum
1510 2618 1714 2687 optima
1770 2618 2005 2688 dioptra,
2056 2617 2147 2672 hic

558 2713 805 2783 Optimus
858 2722 913 2766 et
970 2721 1168 2781 sponte
1214 2720 1380 2765 natus
1425 2710 1805 2779 horoscopus;
1842 2709 1935 2764 sed
1997 2725 2145 2764 nunc

556 2822 687 2862 eum
714 2812 841 2859 ante
875 2814 1112 2871 tempus,
1141 2819 1174 2857 ο
1207 2804 1482 2858 miseriam
1510 2843 1525 2868 ,
1566 2804 1748 2857 brevis
1772 2802 1999 2858 horizon
2036 2812 2146 2857 ler-

557 2910 634 2950 ται
675 2893 1087 2964 complectitur.
1136 2892 1235 2947 Hic
1265 2892 1414 2957 fuit,
1463 2891 1559 2962 qui
1592 2907 1847 2962 magnum
1878 2891 2144 2962 impendit

557 2992 826 3054 studium,
859 3005 927 3045 ne
960 2989 1014 3043 in
1046 2998 1324 3060 posterum
1364 2988 1539 3045 Graeci
1572 2990 1776 3044 eruditi
1827 2990 1883 3044 in
1917 2989 2142 3061 judiciis

554 3098 807 3147 veterum
845 3089 1157 3158 sapientum
1202 3086 1699 3142 hallucinarentur.
1753 3087 1855 3142 Hie
1879 3086 2012 3152 fuit,
2046 3087 2140 3157 qui

557 3180 1042 3254 contemplatricis
1086 3181 1332 3236 siderum
1380 3179 1663 3251 sapientia:
1696 3179 1985 3235 scientiam
2012 3179 2147 3235 faci-
2176 3192 2217 3249 ο

2250 579 2426 648 στόμα
2467 576 2661 638 ἐκεῖνο,
2694 572 2722 626 ὃ
2768 570 2897 643 χθὲς
2952 568 3052 639 μέν
3108 564 3205 620 καὶ
3257 562 3514 633 πρότερον
3539 562 3682 617 οἱονεί
3720 583 3766 621 τι

2250 670 2478 741 σίμϐλον
2505 666 2867 737 κατεφαίνετο
2904 663 3140 733 μέλιτος,
3175 656 3270 711 νῦν
3292 655 3348 709 δὲ
3377 653 3589 708 θανάτου
3620 659 3768 727 κηφῆ.

2248 781 2335 827 νες
2371 762 2710 832 διέφθειραν.
2744 757 3070 829 Θρηνήσατε
3101 751 3194 805 τὸν
3231 748 3294 801 τὸ
3342 746 3610 815 Ῥωμαίων
3641 752 3770 814 κλέος

2246 857 2313 927 τῇ
2348 854 2505 923 σοφία
2545 850 2883 923 σεμνύνοντα
2936 838 3139 907 πλέον,⁸
3167 843 3201 913 ἢ
3254 844 3315 895 τὸ
3361 839 3467 893 τῶν
3513 841 3771 912 Ἀθηναίων

2248 947 2420 1003 πάλαι
2470 946 2784 1016 Σωκράτεις
2838 940 2932 996 καὶ
2984 938 3292 1000 Πλάτωνες.
3336 932 3638 1003 Θρηνὴσατε
3668 934 3770 997 τοὺς

2246 1041 2348 1108 τῆς
2377 1039 2571 1110 σοφίας
2601 1036 2884 1108 κρατῆρας
2915 1034 3135 1098 ἀπάσης
3165 1029 3222 1081 ὲν
3255 1026 3448 1097 βραχεῖ
3481 1026 3771 1089 κενωθέντας

2247 1134 2325 1195 είς
2358 1130 2485 1201 γῆν.
2526 1128 2666 1185 Ἀλλ’
2692 1127 2738 1181 ῶ
2784 1126 2867 1189 τίς
2904 1127 2966 1178 ἐκ
3008 1124 3181 1194 μέσης
3234 1120 3337 1189 τῆς
3377 1118 3677 1188 οἰκουμένης
3700 1119 3774 1170 τὸν

2245 1218 2355 1272 τῶν
2381 1216 2616 1272 Μουσῶν
2646 1216 2974 1287 ἀφήρπασεν
3018 1209 3333 1273 Ἐλικῶνας
3370 1206 3452 1269 τίς
3476 1206 3564 1259 τὸν
3595 1207 3682 1273 τῆς
3707 1223 3778 1259 σο-

2250 1309 2383 1380 φίας
2434 1310 2749 1379 κατέχωσεν
2784 1306 3106 1374 Ὄλυμπονς
3147 1300 3230 1365 τίς
3261 1299 3354 1353 τὸν
3398 1297 3581 1368 λύχνον
3619 1297 3777 1351 ἐσόεσε

2246 1403 2339 1457 τὸν
2377 1401 2681 1471 φωτίζοντα
2711 1400 2839 1460 τοὺς
2874 1398 3031 1469 ἡμῶν
3052 1395 3153 1465 τῆς
3180 1393 3362 1464 ψυχῆς
3389 1390 3678 1459 ὀφθαλμοὺς
3706 1393 3781 1445 καὶ

2246 1496 2430 1559 καλῶς
2469 1495 2627 1565 ἡμῶν
2666 1494 2726 1546 τὸ
2755 1490 2849 1546 τοῦ
2878 1491 2970 1545 νοῦ
3015 1488 3355 1554 διανοίγοντα
3397 1483 3678 1555 βλέφαρονς
3714 1484 3781 1547 τίς

2245 1588 2345 1660 τὴν
2375 1589 2571 1659 τέχνην
2595 1585 2707 1640 τῶν
2736 1584 2943 1656 τεχνῶν
2968 1584 3063 1637 καὶ
3091 1581 3190 1651 τὴν
3218 1579 3328 1633 τῶν
3360 1576 3665 1646 ἐπιστημῶν
3685 1577 3785 1628 ἐπι-

2247 1681 2463 1749 στήμην
2510 1676 2822 1747 διέφθειρε;
2876 1674 2962 1737 τίς
2996 1672 3087 1726 τὸν
3131 1662 3384 1739 οὐράνιον
3430 1664 3697 1736 ἄνθρωπον
3721 1666 3784 1729 εἰς

2247 1770 2373 1842 ᾅδου
2404 1749 2688 1839 πυθμένας
2720 1769 3026 1836 κατήνεγκε
3058 1780 3074 1829 ;
3111 1763 3285 1816 [ιάλαι
3328 1776 3396 1828 γε
3435 1759 3588 1831 μὴνὴ
3627 1756 3787 1818 Ἑλλὰς

2250 1865 2352 1931 τὴν
2386 1862 2497 1915 τῶν
2527 1861 2708 1929 λόγων
2735 1858 2923 1913 ἐστίαν
2952 1856 3225 1927 ἐθρήνησε
3255 1853 3354 1915 τὰς
3398 1851 3639 1919 Ἀθήνας,
3663 1846 3786 1901 ὁπότ’

2251 1952 2555 2017 ἐπιϐούλως
2584 1950 2810 2022 δραμὼν
2852 1948 3102 2003 καθεῖλεν
3130 1944 3297 2007 αύτάς
3336 1946 3365 1996 6
3405 1939 3789 2011 Λακεδαιμόνιος

2249 2047 2585 2117 Λύσανδρος.
2625 2043 2819 2115 Ἡμεῖς
2846 2043 2891 2095 δ’
2922 2039 3029 2096 οὐδ’
3071 2039 3240 2107 ἀξίως
3268 2036 3488 2105 θρηνεῖν
3513 2033 3693 2104 ἔχομεν
3714 2033 3793 2103 σή-

2251 2152 2421 2206 μερον
2467 2135 2597 2197 ὅλας
2652 2132 2911 2195 Ἐλλάδας
2957 2132 3151 2192 αὑταῖς
3198 2128 3455 2198 Ἀθήναις
3495 2123 3795 2193 συγκαταδύη

2251 2245 2371 2290 σας.
2405 2227 2591 2280 Πάντα
2620 2226 2731 2297 γὰρ
2768 2218 2849 2288 εἷς
2888 2224 3028 2294 ἀνὴρ
3064 2218 3222 2286 οὗτος
3262 2219 3355 2293 ἦν.
3387 2216 3459 2272 Ὠ
3499 2218 3694 2275 Μοῦσαι
3716 2216 3795 2270 καὶ

2248 2321 2397 2389 λόγοι
2428 2321 2523 2375 καὶ
2551 2320 2746 2392 ἀρεταὶ
2798 2322 2895 2371 καὶ
2947 2319 3099 2372 πᾶσα
3150 2316 3396 2379 παιδεία,
3428 2313 3543 2377 πῶς
3567 2312 3633 2365 τὰ
3659 2310 3797 2381 κρῖνα

2249 2416 2463 2486 ταχέως
2512 2412 2710 2468 οὑτωσί
2755 2429 2874 2475 πως
2911 2409 3258 2482 ἐμιμήσασθε
3306 2408 3404 2462 τοῦ
3440 2405 3626 2478 ἀγροῦ,
3656 2404 3795 2471 ὀξέως

2252 2509 2353 2577 μὲν
2393 2507 2529 2578 πρὸς
2565 2504 2700 2575 ὕψος
2728 2506 2822 2557 καὶ
2852 2502 3051 2566 κάλλος
3094 2500 3356 2571 ἀρθέντα,
3387 2498 3634 2568 ὀξύτερον
3675 2494 3713 2547 δ’
3739 2491 3796 2548 αὖ

2250 2600 2561 2654 καταδύντα
2577 2600 2718 2671 πρὸς
2752 2594 3042 2669 μαρασμδν
3072 2595 3169 2647 καὶ
3195 2592 3427 2662 φθορὰν;
3460 2591 3532 2644 1‘6
3550 2590 3667 2671 γὰρ⁸
3678 2588 3797 2640 θεῖον

2250 2692 2407 2763 ὑμῶν
2432 2661 2766 2761 ἀνάκτορονξ
2787 2661 2852 2741 τδ
2883 2661 3027 2758 μέγα
3056 2686 3154 2739 καὶ
3196 2661 3533 2756 περιϐόητον
3566 2661 3709 2752 ὑμῶν
3729 2682 3798 2733 ἐν-

2246 2786 2509 2855 διαίτημα
2541 2784 2646 2838 ὑπὸ
2671 2785 2774 2851 γῆν
2824 2783 2920 2835 καὶ
2956 2781 3166 2850 φθορὰν
3198 2779 3295 2834 νῦν
3348 2775 3621 2832 κατελθὼν
3647 2773 3797 2828 καὶτὸ

2248 2882 2514 2950 ὑμέτερον
2558 2875 2948 2947 συγκατέχωσε
2985 2874 3204 2936 κάλλος.
3239 2864 3417 2935 Οὗτος
3449 2865 3517 2942 ἦν
3546 2856 3579 2924 δ
3618 2869 3797 2928 πάντας

2248 2972 2655 3044 ὑπερφωνήσας
2705 2969 3034 3038 φιλοσόφους
3071 2965 3166 3020 καὶ
3223 2965 3489 3036 ῥήτορας,
3532 2959 3800 3023 ὁπόσουςό

2251 3065 2462 3137 μακρὸς
2489 3063 2702 3134 ὕμνησε
2730 3061 2920 3132 χρόνος
2941 3076 2954 3090 ο
2989 3059 3104 3112 ἀλλ’
3142 3058 3289 3127 οἴμοι
3320 3058 3504 3110 κεῖται
3532 3053 3627 3109 νῦν
3654 3053 3706 3105 ἐν
3729 3051 3802 3104 κό-

2251 3170 2332 3206 νει
2364 3154 2459 3207 καὶ
2486 3151 2740 3223 χώμασιν
2775 3151 3015 3221 ἄφωνος.
3067 3141 3236 3210 Οὗτος
3281 3142 3355 3217 ἦν
3387 3148 3416 3200 6
3443 3144 3522 3215 τῷ
3552 3143 3625 3212 νῷ
3646 3140 3731 3194 καὶ
3745 3140 3801 3209 τῇ

558 3233 1040 3333 artasatis;
1076 3233 2146 3343 ιιιέιιιίιξιιτυιᾸι-ίέιὸιξιιορειιηειᾷξε

2250 3245 2467 3319 γλώττῃ
2500 3243 2811 3315 διαμετρῶν
2866 3243 3098 3314 οὐρανὸν
3131 3244 3227 3295 καὶ
3265 3240 3512 3310 ἀστέρας
3563 3233 3802 3308 βέλτιονῆ

553 3369 907 3443 labyrinthos
957 3367 1280 3430 extricarit,
1330 3378 1386 3421 at
1429 3380 1578 3421 nunc
1639 3366 1860 3421 obscuri
1906 3366 2148 3436 sepulcri

553 3463 867 3537 labyrinthi
899 3461 1105 3518 acerbe
1122 3462 1268 3517 circa
1300 3477 1427 3516 eum
1462 3459 1815 3515 intricantur.
1864 3459 1966 3514 llic
2007 3460 2149 3529 opti-

555 3573 660 3614 ma».
699 3558 1052 3613 verecundia:
1074 3566 1131 3610 et
1149 3554 1436 3610 modestiae
1466 3553 1691 3623 regula;
1717 3552 1811 3608 sed
1843 3552 1990 3607 nunc
2018 3567 2146 3607 eum

556 3667 709 3707 mors
745 3652 1098 3722 impudenter
1134 3648 1465 3719 amputavit.
1513 3646 1654 3711 lieu,
1695 3662 1806 3717 quo
1828 3658 1983 3715 pacto
2013 3655 2149 3700 tem-

558 3761 664 3818 pus
696 3745 801 3800 hoc
833 3746 997 3815 paulo
1029 3752 1313 3799 momento
1343 3751 1672 3797 vetustatem
1701 3756 1918 3795 omnem
1945 3740 2148 3794 lamen-

556 3836 858 3891 tationihus
892 3836 1027 3890 vicit
1061 3851 1074 3888 :
1110 3833 1257 3904 quod
1304 3842 1431 3903 post
1494 3833 1665 3887 multa
1697 3830 1830 3886 solis
1867 3830 2145 3885 curricula

558 3939 772 3984 tantum
826 3928 1149 3984 detrimenti
1213 3926 1488 3981 universa:
1534 3935 1747 3980 natura:
1788 3926 2042 3979 humana:
2089 3924 2145 3977 in

557 4024 706 4079 hunc
738 4038 912 4092 usque
947 4021 1093 4075 diem
1129 4019 1337 4076 inferre
1368 4036 1476 4074 non
1519 4019 1684 4091 479
1710 4021 1907 4087 patuit,
1959 4025 2146 4070 nostra

558 4127 691 4167 vero
732 4121 895 4166 aetate
930 4110 1188 4165 facillime
1221 4109 1421 4179 potuit.
1456 4107 1585 4163 Heri
1637 4107 1785 4161 enim
1825 4106 2058 4161 maxima
2091 4114 2147 4160 et

557 4204 932 4276 pulcherrima
991 4203 1136 4257 bona
1170 4200 1456 4271 abripuit;
1520 4215 1585 4255 ea
1640 4214 1774 4265 vero
1812 4214 1935 4268 qua:
1970 4208 2145 4253 resta-

558 4297 690 4351 bant
718 4293 883 4348 hodie
927 4308 1212 4347 reversum
1244 4292 1411 4346 etiam
1453 4289 1682 4345 ademit.
1704 4289 1830 4343 Heri
1873 4298 2031 4343 terrae
2052 4303 2145 4341 so-

556 4392 662 4446 lem
690 4399 849 4444 terra:
888 4386 1195 4442 visceribus
1230 4384 1552 4449 occultavit,
1586 4370 1733 4437 nunc
1766 4381 1931 4436 etiam
1978 4379 2145 4434 Luci-

555 4488 735 4539 ferum
763 4481 927 4537 simul
957 4480 1277 4536 occultavit.
1320 4477 1449 4532 lleri
1500 4477 1764 4531 musicam
1798 4474 2140 4529 harmoniam

556 4575 808 4637 abstulit.
845 4573 1010 4629 hodie
1041 4572 1327 4640 magadem
1363 4578 1419 4623 et
1450 4567 1736 4624 ncrvos.0
1766 4567 2079 4638 quomodoi

556 4668 849 4741 quieﬂ‘ccit
871 4677 933 4722 ut
961 4666 1110 4731 cmli,
1134 4664 1226 4734 qni
1245 4662 1530 4733 longojam
1566 4671 1809 4731 tempore
1828 4668 2134 4726 tacueram,

556 4762 654 4817 Dei
709 4760 938 4831 gloriam
975 4765 1337 4821 enarrarent,
1383 4771 1531 4810 nunc
1582 4754 1701 4824 ipse
1761 4754 1816 4808 in
1882 4752 2136 4822 sepulcro

558 4851 750 4907 tacet?
791 4851 930 4915 Heu,
984 4845 1264 4919 quomodo
1300 4841 1417 4917 ipse
1454 4854 1707 4898 mortuus
1738 4854 1903 4912 atque
1943 4842 2139 4895 immo-

556 4956 648 4999 tus
676 4943 954 4998 viventem
985 4956 1039 4995 et
1073 4940 1331 4994 mobilem
1372 4938 1575 4993 misero
1606 4937 1739 4991 mihi
1780 4936 2029 4990 dolorem
2062 4936 2140 4990 fa-

556 5037 663 5101 cit;
698 5035 792 5105 qui
852 5044 968 5089 toto
1002 5034 1093 5088 die
1149 5048 1244 5087 cor
1289 5047 1472 5086 meum
1512 5030 1710 5100 quovis
1756 5044 1888 5084 ense
1923 5029 2139 5083 acutius

558 5134 813 5199 penetrat
845 5141 908 5181 ac
941 5126 1127 5196 potius
1160 5134 1304 5180 totas
1335 5132 1556 5188 noctes,
1591 5123 1635 5175 si
1674 5123 1817 5191 quod
1854 5121 2032 5192 majus
2055 5130 2140 5176 est

462 5228 465 5237 ‘
557 5219 669 5274 dici
700 5217 910 5272 debet?
944 5216 1191 5272 Interdiu
1218 5217 1366 5270 enim
1411 5228 1466 5268 et
1494 5212 1846 5268 familiarium
1877 5227 2140 5282 congres-

557 5325 655 5366 sus
683 5310 889 5373 crebri,
937 5318 993 5363 et
1024 5308 1148 5362 cwli
1192 5322 1256 5361 ac
1290 5316 1449 5361 terrae
1475 5347 1489 5370 ,
1547 5319 1850 5373 eorumque
1904 5319 2023 5373 qua'
2056 5302 2143 5357 his

561 5404 943 5468 continentur,
978 5400 1331 5472 pulchritudo
1383 5398 1612 5453 forsitan
1647 5413 1675 5451 a
1711 5397 1900 5453 dolore
1946 5397 2144 5452 nonni-

561 5491 639 5547 hil
686 5501 947 5547 avertunt
983 5503 1149 5561 atque
1213 5490 1495 5561 paulisper
1528 5489 1856 5544 abstrahunt
1901 5490 2143 5544 animum

564 5593 855 5651 nostrum;
893 5594 1056 5639 noctu
1097 5598 1228 5638 vero
1287 5599 1412 5638 cum
1466 5582 1629 5636 datur
1663 5587 1858 5649 otium,
1916 5597 2018 5637 nec
2062 5591 2147 5636 est

563 5677 710 5748 quod
737 5677 1063 5748 prohibeat,
1102 5669 1293 5730 omnes
1324 5675 1697 5729 calamitatum
1731 5672 1951 5727 dolores
1983 5671 2146 5726 simul

562 5771 823 5837 irruunt;
876 5781 933 5826 et
973 5778 1197 5840 pectore
1219 5785 1282 5823 ac
1312 5768 1575 5824 memoria
1613 5782 1731 5823 mea
1762 5777 2047 5837 occupata,
2090 5775 2149 5819 ut

570 5865 652 5919 eri
691 5881 856 5920 canes
902 5866 1157 5930 cadaver,
1196 5862 1307 5918 huc
1352 5873 1517 5933 atque
1565 5862 1695 5916 illuc
1750 5860 2063 5916 distrahunt
2086 5873 2150 5913 ac

2252 3340 2393 3395 κατά
2442 3339 2621 3392 πάντα
2650 3326 2853 3389 κανόνα
2903 3336 2997 3388 καὶ
3033 3332 3283 3400 στάθμην
3310 3331 3623 3401 ἀνθρώπων
3643 3343 3658 3359 ·
3692 3324 3805 3379 ἀλλὰ

2249 3427 2347 3484 νῦν
2383 3428 2589 3500 βραχὺς
2627 3426 2791 3480 αὐτὸν
2820 3424 3149 3493 διεμέτρησε
3177 3422 3348 3484 λίθος.
3371 3414 3543 3483 Οὗτος
3568 3412 3636 3489 ἦν
3664 3414 3805 3487 ἡτῶν

2250 3522 2507 3595 μεγάλων
2527 3517 2760 3596 οὐρανοῦ
2788 3517 2882 3571 καὶ
2903 3518 3005 3586 γῆς
3027 3514 3323 3587 ὁριζόντων
3350 3512 3448 3568 καὶ
3473 3508 3807 3582 παραλλήλων

2251 3618 2453 3689 ἀρίστη
2497 3614 2750 3682 διόπτρα,
2797 3627 2956 3673 ουτος
3001 3611 3031 3662 6
3079 3610 3376 3679 κράτιστος
3422 3606 3519 3660 καὶ
3562 3598 3807 3670 αὐτοφυὴς

2248 3710 2570 3780 ὼροσκόπος
2594 3725 2608 3739 ·
2640 3706 2777 3760 ἀλλά
2808 3706 2902 3758 νῦν
2933 3704 3096 3756 αὐτὸν
3126 3701 3221 3756 καὶ
3261 3700 3372 3770 πρὸ
3406 3699 3506 3769 τῆς
3539 3697 3700 3767 ὥρας,
3723 3689 3808 3761 φεῦ

2248 3800 2344 3856 τοῦ
2378 3798 2573 3863 δεινοῦ,
2601 3799 2806 3871 βραχὺς
2842 3796 3043 3867 ὁρίζων
3070 3796 3168 3865 τῆς
3195 3795 3298 3863 γῆς
3335 3791 3700 3865 περιείληφεν.
3724 3785 3810 3839 Ου-

2248 3911 2335 3955 τος
2368 3888 2437 3965 ἦν
2470 3895 2499 3946 6
2529 3891 2730 3962 πολλὴν
2760 3889 3137 3958 ἐνδειξάμενος
3170 3887 3438 3955 πρόνοιαν
3469 3882 3579 3938 τῶν
3605 3880 3723 3949 ἑξῆς
3741 3876 3813 3928 ὲ)-

2247 3984 2491 4055 λογίμων
2524 3983 2820 4055 Ἑλλήνων,
2853 3981 2929 4045 ὡς
2981 3981 3054 4051 μὴ
3087 3977 3551 4033 διακινδυνεύοιεν
3585 3971 3706 4042 περὶ
3728 3966 3810 4026 τὰς

2248 4081 2461 4149 κρίσεις
2505 4076 2614 4130 τῶν
2663 4075 2832 4129 πάλαι
2869 4075 3050 4141 σοφῶν
3075 4088 3089 4102 ·
3146 4064 3303 4132 οὗτος
3331 4073 3361 4124 6
3396 4068 3588 4141 ῥᾳδίαν
3615 4064 3706 4133 τὴν
3728 4061 3810 4128 τῆς
3840 4090 3847 4115 ι

2247 4147 2686 4238 ἀστροθεάμονος
2718 4167 3034 4236 ἐπιστήμης
3062 4165 3257 4233 σοφίαν
3288 4158 3635 4231 πεποιηκώς·
3675 4147 3809 4213 οὗτος

2245 4264 2274 4317 6
2296 4244 2391 4335 τῆς
2422 4260 2864 4334 Ἀριστοτελικῆς
2887 4259 3135 4329 γλώττης
3156 4259 3255 4321 τάς
3279 4254 3640 4326 λασυρίνθους
3658 4245 3813 4304 ἀπλώ-

2248 4373 2377 4421 σας·
2424 4355 2560 4410 ἀλλά
2590 4354 2684 4408 νῦν
2729 4355 2785 4407 αί
2839 4352 3103 4420 ζοφώδεις
3153 4349 3246 4403 τοῦ
3305 4350 3486 4418 τάφου
3521 4338 3810 4413 λαὸύρινθοι

2247 4450 2464 4520 πικρῶς
2497 4450 2626 4519 περὶ
2680 4449 2845 4502 αὑτὸν
2895 4445 2998 4516 φεῦ
3044 4444 3441 4511 ἐξελίσσονται.
3466 4434 3633 4503 Οὗτος
3673 4440 3700 4491 ὁ
3734 4434 3813 4503 τῆς

2088 4583 2133 4631 ε,
2176 4544 2221 4604 Ι)
2249 4544 2480 4614 ἀρίστης
2532 4541 2715 4605 αἰδοῦς
2751 4542 2848 4596 καὶ
2895 4542 2996 4610 τῆς
3048 4541 3416 4611 σωφροσύνης
3462 4535 3673 4592 κανών
3699 4528 3812 4631 ἀλλά

2244 4634 2340 4689 νῦν
2386 4635 2551 4687 αὑτὸν
2581 4637 2608 4688 6
2637 4634 2867 4697 θάνατος
2914 4632 3149 4694 ἀναιδῶς
3198 4632 3432 4700 ἐξέτεμε
3486 4626 3728 4699 δραμών.
3761 4621 3813 4672 Ὃ

2246 4726 2367 4790 πῶς
2401 4729 2429 4780 6
2466 4726 2660 4796 παρὼν
2700 4721 2856 4789 οὗτος
2887 4726 3078 4797 χρόνος
3107 4727 3164 4777 ἐν
3192 4724 3387 4795 βραχεῖ
3409 4723 3620 4783 πάντας
3642 4714 3813 4786 ἀθρόον
3852 4734 3861 4741 ο

2244 4822 2369 4883 τοὺς
2402 4820 2576 4873 πάλαι
2611 4820 2700 4891 [Ρ.
2735 4818 2864 4890 294]
2897 4819 3126 4889 χρόνους
3155 4821 3267 4879 τοῖς
3301 4818 3533 4887 θρήνοις
3561 4811 3811 4879 νενίκηκες

2247 4914 2482 4978 Πολλοὺς
2509 4916 2617 4985 γὰρ
2650 4915 2892 4984 ἀμείψας
2938 4915 3122 4984 ἡλίους
3162 4914 3440 4982 τοσαύτην
3488 4908 3688 4980 ζημίαν
3711 4898 3815 4955 καθ’

2244 4993 2373 5081 ὅλης
2400 5010 2499 5080 τῆς
2532 5010 2882 5080 ἀνθρωπίνης
2923 5010 3243 5075 ἐπενεγκεῖν
3290 5007 3517 5075 φύσεως
3554 5006 3709 5074 μέχρι
3730 4997 3810 5052 νῦν

2246 5104 2305 5156 οὺ
2333 5102 2617 5173 δεδύνηται
2648 5117 2660 5130 ·
2691 5103 2785 5154 νῦν
2808 5100 2852 5153 δ’
2877 5100 2961 5169 ἐφ’
2985 5100 3140 5170 ἡμῶν
3167 5101 3342 5169 ῥᾷστα
3363 5097 3671 5167 δεδύνηται.
3696 5089 3815 5148 Χθὲς

2253 5197 2352 5268 μὲν
2382 5196 2489 5267 γάρ
2528 5196 2597 5249 τὰ
2634 5194 2827 5263 πρῶτα
2880 5196 2975 5247 καὶ
3026 5194 3264 5263 μέγιστα
3311 5191 3428 5245 τῶν
3460 5191 3640 5245 καλῶν
3670 5183 3816 5239 ἐλθὼν

2249 5289 2524 5357 ἀφείλετο·
2559 5290 2626 5342 τὰ
2656 5289 2715 5341 δὲ
2740 5287 3040 5357 λειπόμενα
3064 5288 3302 5357 σήμερον
3330 5281 3647 5337 ἐπανελθὼν
3672 5286 3817 5347 προσ·

2251 5382 2527 5452 ἀφείλετο.
2563 5382 2706 5445 Χθὲς
2752 5381 2845 5434 τδν
2893 5384 2993 5450 τῆς
3047 5379 3150 5449 γῆς
3199 5379 3358 5446 ἥλιον
3408 5377 3516 5446 γῆς
3569 5368 3818 5439 πυθμέσιν

2254 5478 2573 5550 ἀπέκρυψε·
2613 5475 2706 5530 νῦν
2753 5476 2809 5530 δὲ
2849 5476 2944 5528 καὶ⁸
2982 5475 3073 5527 τὸν
3107 5472 3389 5542 ἑωσφόρον
3420 5468 3559 5538 ὁμοῦ
3608 5456 3815 5517 συναπέ-

2254 5572 2452 5644 κρυψε.
2486 5570 2627 5632 Χθὲς
2654 5568 2752 5638 τὴν
2790 5568 3031 5637 μυσικὴν
3063 5568 3271 5619 ἀνεῖλεν
3316 5561 3595 5635 ἁρμονίαν
3619 5576 3632 5591 ο
3662 5554 3815 5623 σήμε-

2260 5676 2351 5735 ρον
2380 5666 2481 5734 τὴν
2510 5663 2728 5733 μαγάδα
2765 5661 2980 5724 καὶτὰς
3007 5677 3096 5712 νευ
3108 5660 3225 5728 ρας.
3263 5657 3327 5709 Ὢ
3356 5657 3479 5718 πῶς
3505 5656 3535 5706 6
3573 5649 3816 5717 σιγῶντας

2256 5733 2382 5822 τοὺς
2430 5756 2694 5829 οὐρανοὺς
2734 5752 2983 5825 εὑρηκὼς
3017 5755 3081 5806 ἐκ
3111 5748 3333 5814 πολλοῦ,
3376 5748 3577 5801 ἔπειτα
3614 5743 3707 5812 τὴν
3737 5733 3814 5788 τοῦ

2258 5854 2394 5909 Θεοῦ
2423 5853 2731 5925 διηγεῖσθαι
2761 5851 2921 5917 δόξαν
2967 5850 3130 5914 αὐτὸς
3170 5832 3634 5917 παρεσκευακὼς,
3661 5837 3745 5889 νῦν
3767 5835 3813 5882 ἐν
