4088 6608
387 398 499 466 677
686 395 768 470 [Λα
804 412 852 454 ο·
902 398 1045 456 1³⁵98
1080 415 1147 454 Αἰ)
1188 397 1350 472 ίδιί]
1452 400 1900 463 ΒΥΖΑΝΤΙΝέΕ
1944 401 1996 461 Η

2042 401 2332 462 51‘0ng
2364 402 2504 465 LIB.
2539 402 2606 462 Χ,
2758 400 2892 471 [ων.
2933 414 3218 457 manomc.
3258 404 3397 478 ιυιι.]
3545 408 3656 473 6‘18

386 517 551 584 τάφῳ
587 516 748 585 σιγᾷς
782 514 828 569 ὣ
868 519 984 580 πῶς
1015 517 1208 586 νεκρὸς
1241 516 1320 572 ὢν
1354 519 1517 582 αὐτὸς
1545 515 1669 587 (φεῦ
1699 519 1800 588 τῆς
1848 517 1985 588 ἐμῆς

2047 550 2059 579 ,
2089 517 2436 586 discerpunt.
2467 517 2693 584 Quoties
2722 532 2824 589 ego
2871 520 3022 575 illum
3075 521 3311 577 intuitus
3350 522 3661 578 universam

387 610 707 679 συμφορᾷς)
732 609 1054 680 κινούμενόν
1079 628 1140 664 τε
1169 612 1265 664 καὶ⁵
1295 611 1405 676 ζῶν
1442 611 1570 681 ἐμοὶ
1604 613 1973 682 παραπέμπει

2085 606 2413 676 sapientiam
2464 607 2725 662 mortales
2779 608 3032 664 invisisse
3092 612 3361 681 cogitavi,
3394 622 3451 668 et
3479 614 3663 669 animo

387 702 457 752 τὸ
498 700 693 764 πάθος,
725 703 853 773 ὃλην
902 704 1002 771 τὴν
1035 704 1253 776 ἡμέραν
1291 704 1391 775 τὴν
1441 701 1582 774 ἐμὴν
1632 705 1976 774 κατατέμνον

2091 713 2436 769 corporeque
2462 701 2759 768 assumptis
2796 700 3081 755 hominum
3112 703 3513 760 consuetudine
3539 720 3664 761 esse

392 793 629 864 καρδίαν
656 793 858 863 ξίφους.
888 795 1091 858 παντὸς
1118 795 1529 867 χαλεπώτερον,
1566 794 1769 866 μᾶλλον
1794 795 1851 849 δὲ
1883 795 1977 848 καὶ

2087 806 2265 856 usam,
2300 801 2364 844 ut
2404 790 2683 860 sapientes
2726 791 3008 846 auditores
3041 794 3310 864 sapientia
3359 804 3585 866 augeret
3610 804 3668 852 et

392 883 600 948 νύκτας
637 886 789 952 ὅλας,
810 888 859 940 εί
892 888 996 958 χρὴ
1019 888 1082 942 τὸ
1117 887 1305 959 μεῖζον
1345 891 1559 955 είπεϊν;
1598 887 1841 958 Ἡμέρας
1876 887 1978 957 μὲν

2083 882 2328 938 scientiae
2348 881 2634 952 naufragia
2649 882 2867 937 sedaret
2888 883 2902 936 ι
2930 883 3126 940 Parum
3154 897 3302 942 certe
3318 886 3513 951 abfuit,
3531 887 3663 959 quin

391 977 509 1047 γὰρ
537 977 632 1031 καὶ
654 977 764 1031 τῶν
787 980 1219 1051 ἐντυγχανόντων
1230 958 1460 1051 Χδμιλίαι
1491 982 1684 1051 συχναὶ
1714 980 1812 1034 καὶ
1851 979 1977 1035 κάλ-

2083 986 2139 1032 et
2172 977 2289 1045 ipse
2315 975 2528 1030 animos
2558 976 2612 1028 in
2642 973 2748 1028 alia
2783 975 3015 1044 migrare
3060 992 3288 1048 corpora
3321 958 3618 1036 statuerem
3649 1022 3664 1047 ,

391 1068 493 1131 λος
518 1068 748 1139 ούρανοῦ
790 1071 890 1125 καὶ
921 1073 1028 1142 γῆς
1057 1073 1152 1126 καὶ
1179 1074 1286 1126 τῶν
1318 1076 1375 1126 ἑν
1406 1072 1618 1136 τούτοις
1658 1073 1978 1143 κτισμάτων

2091 1076 2150 1124 et
2182 1068 2430 1122 omnium
2484 1068 2646 1122 simul
2681 1066 2893 1122 animos
2944 1067 3189 1133 Homeri,
3224 1069 3392 1142 480
3423 1071 3667 1128 Platonis

395 1158 536 1221 ἴσως
576 1158 874 1228 ἁφὲλκουσί
904 1179 963 1214 τε
1005 1161 1102 1215 τοῦ
1156 1163 1365 1228 πάθους
1407 1165 1503 1218 καὶ
1535 1163 1858 1229 ἀποσπῶσιν
1885 1163 1977 1216 ἐπὶ

2086 1168 2142 1214 et
2175 1159 2459 1214 Ptolemaci
2490 1174 2555 1214 ae
2586 1159 2963 1230 praestantium
2984 1170 3265 1216 oratorum
3286 1163 3340 1217 in
3371 1164 3538 1219 unius
3566 1165 3670 1219 hu-

398 1249 582 1321 βραχὺ
614 1256 705 1306 τὸν
734 1253 1005 1325 ἡμέτερον
1039 1254 1165 1308 νοῦν
1191 1269 1217 1285 λ
1238 1255 1434 1319 νυκτὸς
1484 1254 1544 1309 δὲ
1588 1255 1782 1325 σχολῆς
1827 1271 1981 1323 γενο-

2083 1251 2174 1323 jus
2213 1251 2560 1306 concurrisse
2611 1265 2884 1321 corpore,
2933 1261 3099 1323 atque
3145 1253 3201 1308 in
3257 1255 3369 1310 vita
3421 1266 3668 1312 versatos

401 1344 578 1414 μένης
600 1345 700 1416 ήδη
733 1349 876 1399 κατὰ
916 1346 1118 1417 πολλὴν
1143 1345 1239 1400 τοῦ
1286 1347 1623 1409 κωλύσοντος
1651 1347 1888 1417 ἐρημίαν
1920 1349 1977 1401 αί

2088 1358 2233 1407 esse,
2268 1357 2444 1412 eoque
2487 1354 2746 1414 tanquam
2801 1346 3038 1400 maximo
3070 1347 3288 1415 navigio
3318 1348 3664 1418 ingeniorum

394 1436 578 1488 στᾶσαι
613 1436 722 1489 τῶν
753 1439 1052 1507 συμφορῶν
1083 1438 1374 1508 ἀλγηδόνες
1424 1439 1618 1509 ἁθρόαι
1670 1428 1978 1510 δραμοῦσαι

2094 1449 2320 1489 suorum
2355 1450 2507 1489 usos.
2559 1438 2627 1490 At
2660 1445 2790 1490 tunc
2816 1445 3001 1491 tantus
3035 1446 3090 1491 et
3144 1449 3249 1494 tam
3288 1451 3551 1508 praestans
3576 1440 3667 1497 ille

399 1528 503 1580 καὶ
531 1527 628 1598 τὴν
658 1530 798 1598 ἐμήν
843 1531 980 1599 μετὰ
1026 1530 1129 1598 τῆς
1185 1530 1410 1601 μνήμης
1461 1530 1693 1601 καρδίαν
1730 1528 1978 1601 συνειλη-

2131 1522 2177 1575 ir
2208 1560 2223 1584 ,
2275 1522 2384 1577 heu
2437 1523 2801 1578 calamitatem
2852 1526 2865 1579 ι
2913 1526 3225 1596 sepulcrum
3276 1539 3332 1584 et
3382 1531 3668 1600 pulverem
3732 1522 3739 1528 ’

399 1620 589 1687 φυῖαι,
616 1619 865 1693 καθάπερ
892 1621 1037 1686 τινὲς
1070 1621 1229 1685 κύνες
1256 1622 1443 1692 ἄγριοι
1473 1623 1636 1693 σῶμα
1666 1620 1997 1688 πεπτωκὸς,¹

2089 1613 2280 1680 subiit,
2323 1614 2516 1684 magna
2561 1614 2767 1670 doloris
2797 1615 3015 1671 ﬂamma
3067 1619 3287 1675 incensa
3335 1620 3388 1675 in
3421 1637 3543 1677 meo
3570 1638 3670 1693 pe-

398 1707 564 1762 ενθεν
598 1710 853 1764 κάκεῖθεν
894 1713 1102 1784 πικρῶς
1143 1714 1519 1785 περιέλκουσι,
1551 1714 1654 1783 φεῦ
1678 1715 1690 1768 l
1718 1715 1811 1767 xui.
1846 1731 1984 1785 συμ-

2089 1714 2263 1760 ctore.
2302 1703 2499 1761 Vivere
2536 1708 2743 1761 etenim
2775 1707 2895 1763 sine
2922 1711 3119 1764 anima
3152 1722 3207 1766 et
3247 1713 3441 1782 spiritu
3478 1715 3669 1785 utique

401 1801 717 1869 πνίγουσιν.
768 1804 831 1856 Ὢ
861 1804 980 1868 πῶς
1005 1805 1267 1870 πολλάκις
1298 1807 1356 1871 ἐς
1391 1806 1550 1859 αὐτὸν
1577 1806 1749 1875 ἔγωγε
1777 1805 1981 1859 ἀπιδὼν

2089 1813 2199 1853 non
2223 1798 2424 1868 potuit.
2457 1800 2693 1881 Animus
2720 1815 2854 1855 vero
2888 1801 3008 1871 ejus
3029 1812 3085 1857 et
3107 1802 3495 1872 spiritus,etsi
3521 1810 3668 1877 quod

403 1892 601 1959 σοφίας
627 1893 846 1961 ἁπάσης
876 1895 1172 1965 ἐπιδημίαν
1202 1899 1260 1957 ἐς
1295 1896 1618 1965 ἀνθρώπους
1647 1897 1810 1949 αὐτὸν
1843 1892 1982 1950 εἶναι
2016 1893 2017 1897 “

2056 1904 2058 1939 ι
2086 1899 2173 1945 est
2204 1889 2349 1961 qttod
2387 1891 2556 1945 vitatu
2612 1892 2862 1947 conferre
2902 1904 3088 1962 queat,
3122 1895 3259 1949 nihil
3292 1898 3536 1951 omnium
3566 1898 3670 1955 fuit

401 1979 662 2049 ἐνόμισα,
690 1979 867 2050 ψυχήν
907 1983 1193 2054 καὶσῶμα
1231 1985 1667 2054 προσειληφυίας
1718 1987 1809 2038 καὶ
1860 2002 1984 2038 συν-

2086 1982 2260 2046 aliud,
2287 1998 2449 2050 quam
2486 1986 2786 2054 imperator
2815 1983 3036 2039 divinus
3067 1984 3180 2052 ille,
3227 1994 3304 2053 et.
3326 1987 3549 2043 homine
3578 2004 3671 2045 su-

401 2071 773 2141 διαιτωμένης
820 2073 1155 2144 ἀνθρώποις,
1199 2074 1290 2129 ἵνα
1315 2076 1512 2143 σοφοὺς
1551 2076 1824 2146 ἀκροατάς
1857 2093 1983 2131 συν⁴

2084 2074 2273 2145 perior
2311 2075 2478 2133 homo
2505 2093 2518 2141 ;
2556 2074 2650 2145 qui
2683 2076 2946 2131 etvivens
2976 2076 3125 2132 illum
3149 2078 3311 2149 longe
3337 2094 3504 2150 super
3531 2082 3670 2138 alios

402 2162 565 2233 ετίσῃ
601 2166 692 2216 καὶ
720 2165 789 2217 τά
841 2164 945 2235 τῆς
974 2167 1289 2238 ἐπιστήμης
1320 2171 1696 2241 καταστορέσῃ
1722 2170 1981 2238 ναυάγια;

2083 2180 2278 2220 omnes
2307 2165 2545 2220 evehere
2595 2173 2828 2221 conatus
2872 2166 3159 2223 evidenter
3189 2170 3462 2236 ostendit,
3517 2180 3669 2226 tanto

400 2249 454 2303 ὦ
486 2248 603 2313 πῶς
650 2252 1073 2323 μετεμψύχωσιν
1109 2272 1231 2309 τινα
1269 2255 1515 2321 δοξάζειν
1562 2256 1660 2309 καὶ
1698 2259 1858 2322 αὐτὸς
1890 2276 1983 2311 κε-

2086 2255 2406 2326 imperatori
2459 2266 2611 2312 tanto
2653 2258 2819 2312 etiam
2872 2259 3125 2313 ministro
3187 2276 3309 2315 esse
3345 2261 3666 2335 'utendum;

404 2340 736 2396 κινδύνευκα
784 2345 870 2397 in”
902 2345 1097 2413 ἐκείνῳ
1134 2346 1391 2414 γενέσθαι
1427 2348 1523 2401 καὶ
1578 2349 1795 2430 πάντων
1841 2349 1980 2419 ὁμοῦ

2086 2348 2521 2418 prudentissimo
2559 2349 2820 2404 nimirum
2881 2360 3086 2405 terram
3143 2351 3505 2408 incolentium
3551 2370 3670 2410 om-

404 2433 511 2495 τὰς
549 2433 751 2505 ψυχὰς,
790 2434 1032 2506 Ὀμήρου
1064 2438 1162 2491 καὶ
1187 2437 1471 2501 Πλάτωνος
1498 2441 1590 2492 καὶ
1620 2441 1982 2511 Πτολεμαίου,

2087 2442 2238 2496 nium
2270 2440 2583 2506 hominum,
2613 2457 2680 2497 eo
2718 2443 2813 2512 qui
2849 2443 3000 2497 omni
3030 2445 3299 2513 sapientia
3342 2461 3535 2502 omnes
3578 2463 3667 2503 su-

406 2526 507 2579 καὶ
537 2526 651 2579 ὅσοι
705 2529 1110 2599 ρητορεύουσαν
1144 2529 1560 2601 πεπλουτήκασι
1612 2533 1894 2602 γλῶσσαν,
1924 2537 1984 2586 ὲν

2164 2542 2333 2588 raret.
2370 2533 2530 2587 Nune
2554 2547 2688 2587 vero
2713 2533 2807 2587 ille
2837 2533 3004 2589 rebus
3037 2534 3294 2591 humanis
3324 2536 3534 2593 relictis
3558 2553 3668 2595 non
3755 2559 3774 2573 ι

402 2615 491 2670 ἑνὶ
516 2616 595 2685 τῷ
617 2619 808 2673 τούτου
841 2621 1054 2691 σώματι
1083 2622 1409 2693 συνδραμεῖν
1436 2626 1529 2678 καὶ
1557 2624 1856 2696 διατρί6;ιν
1886 2622 1985 2679 αὖ·

2087 2624 2182 2680 diu
2214 2641 2243 2679 a
2270 2642 2327 2681 se
2361 2635 2633 2680 remotum
2663 2640 2788 2681 esse
2830 2624 2977 2680 hunc
3010 2636 3265 2698 oportere
3299 2629 3545 2696 Censuit,
3573 2631 3666 2686 sed

401 2710 495 2773 θις
523 2713 582 2763 ὲν
613 2710 733 2780 βίῳ,
778 2712 1031 2785 καθάπερ
1075 2716 1262 2770 ὁλκάδι
1306 2718 1628 2790 μυριοφόρῳ
1663 2719 1986 2789 χρωμένους

2089 2714 2350 2771 celeriter
2381 2715 2706 2770 arcessitum
2741 2730 2926 2770 secum
2955 2715 3261 2786 conjunxit.
3291 2717 3445 2783 Quod
3473 2719 3519 2772 si
3538 2734 3667 2790 ergo

402 2802 562 2872 αὐτῴ
585 2821 600 2869 ;
623 2804 784 2858 Ἀλλὰ
806 2804 898 2859 νυν
928 2809 955 2860 ὁ
983 2807 1236 2871 τοσοῦτος
1272 2812 1364 2861 καὶ
1394 2810 1731 2878 τηλικοῦτος,
1763 2810 1863 2880 φεῦ
1887 2812 1987 2881 τῆς

2088 2808 2181 2863 illo
2212 2808 2457 2878 digresso
2488 2807 2673 2861 vivere
2698 2806 2787 2862 hic
2815 2823 2923 2862 non
2942 2808 3138 2879 potuit,
3157 2808 3326 2863 veluti
3364 2825 3565 2879 corpus
3601 2813 3666 2867 ab

403 2898 552 2967 ἐμῆς
584 2902 908 2970 συμφορᾶςι
944 2900 1115 2972 ᾤχετο
1147 2901 1324 2955 ἀπιὼν
1360 2906 1439 2966 είς
1476 2905 1646 2971 τάφον
1685 2906 1780 2957 καὶ
1813 2905 1983 2968 κόνιν,

2086 2900 2269 2955 animo
2333 2898 2607 2953 divulsum
2636 2913 2837 2967 :papae,
2884 2900 3062 2968 qualis
3105 2900 3192 2953 illa
3240 2899 3346 2955 fuit
3387 2900 3663 2971 conspira-

402 2989 583 3043 πολὺν
617 2991 707 3043 τὸν
729 2993 827 3063 τῆς
861 2991 1039 3064 λύπης
1068 2994 1283 3064 ἁνάψας
1316 2997 1522 3067 πυρσὸν
1553 2998 1691 3050 κατὰ
1723 2997 1821 3065 τῆς
1846 2998 1984 3067 ὲμῆς

2091 2998 2165 3048 tio
2188 3003 2351 3063 atque
2376 2992 2713 3063 conjunctio,
2734 3009 2895 3062 quam
2926 2993 3293 3048 indissolubili
3313 2996 3533 3051 vinculo
3550 2996 3658 3052 diu-

401 3081 658 3151 καρδίας.
688 3084 764 3137 Ού
795 3088 904 3154 γὰρ
935 3085 1167 3155 ἠδύνατο
1187 3086 1286 3158 ζῇν
1317 3089 1446 3142 ἄνευ
1469 3088 1648 3159 ψυχῆς
1674 3090 1768 3142 καὶ
1792 3090 1979 3159 πνοῆς.

2087 3097 2285 3140 turnus
2310 3100 2443 3139 usus
2473 3085 2906 3156 conglutinavitl
2944 3085 3097 3152 Quod
3137 3086 3181 3140 si
3209 3086 3279 3140 ab
3312 3087 3408 3141 illo
3439 3089 3665 3144 arcessi-

400 3173 575 3244 Ψυχὴ
614 3175 670 3229 δὲ
708 3178 927 3241 πάντως
981 3178 1149 3233 αὐτοῦ
1211 3180 1304 3233 καὶ
1346 3181 1506 3248 πνοὴ,
1551 3184 1645 3232 καὶ
1682 3182 1790 3233 πᾶν
1837 3181 1890 3232 εἴ
1930 3197 2014 3272 τι1

2087 3185 2174 3230 tus
2217 3176 2403 3231 statim
2439 3177 2658 3247 abjeeto
2705 3190 2934 3245 corpore
2965 3176 3205 3232 accurrit
3237 3192 3308 3232 το
3332 3193 3569 3233 amorem
3614 3187 3666 3234 et

402 3266 699 3335 ζωογονεῖν
737 3268 1021 3338 ἐπεφύκει,
1057 3272 1155 3342 οὐχ
1205 3272 1394 3343 ἕτερον
1442 3268 1512 3343 ἦν
1562 3274 1673 3326 τῶν
1722 3266 2016 3327 audin:va

2085 3268 2412 3324 charitatem
2438 3268 2794 3337 singularem,
2846 3284 2973 3339 qua,
3033 3280 3093 3323 ut
3144 3269 3352 3336 decuit,
3383 3270 3666 3325 dominum

401 3358 584 3429 αὐτῷ,
611 3359 644 3429 ἢ
672 3361 928 3431 βασιλεὺς
959 3366 985 3416 ὁ
1010 3363 1152 3425 Gaio;
1181 3365 1388 3427 ἐκεῖνος
1414 3364 1508 3418 καὶ
1530 3365 1671 3435 ὑπὲρ
1693 3364 1981 3436 ἄνθρωπον

2081 3367 2167 3413 est
2216 3358 2575 3428 prosecutus!
2624 3356 2888 3413 Hercules
2945 3356 3038 3412 ille
3073 3356 3295 3427 quidem
3327 3396 3341 3421 ,
3393 3356 3668 3427 siquidem

399 3451 718 3523 ἅνθρωπος,
746 3454 804 3520 ὃς
832 3456 926 3509 καὶ
957 3457 1068 3521 ζῶν
1098 3456 1181 3509 ἐτι
1217 3457 1460 3529 ἐξαίρειν
1507 3459 1772 3528 ήπείγετο
1803 3458 1983 3529 πολλῷ

2087 3450 2198 3506 hoc
2228 3466 2361 3506 vere
2384 3451 2650 3505 dixerunt
2680 3448 2992 3503 fabularum
3022 3457 3205 3518 patres
3226 3489 3241 3516 ,
3278 3456 3548 3503 terrarum
3579 3465 3668 3504 or-

397 3544 521 3596 τῶν
550 3545 726 3599 ἄλλων
757 3547 940 3610 αὐτὸν,
971 3547 1186 3612 δεικνὺς
1216 3548 1486 3619 ἐναργῶς,
1511 3549 1588 3613 ὡς
1612 3550 1852 3622 τοσούτῳ
1884 3550 1983 3621 βα-

2087 3543 2214 3599 bem
2248 3543 2598 3613 peragravit,
2647 3551 2706 3596 ut
2753 3543 2803 3598 is
2848 3543 3077 3598 suoru‘m
3112 3541 3474 3598 certaminum
3516 3543 3670 3599 testis

400 3636 553 3691 σιλεί
580 3638 832 3693 τοσοῦτον
882 3635 1023 3705 εἶναι
1071 3642 1164 3694 καὶ
1212 3641 1304 3695 τὸν
1343 3642 1627 3713 ὑπηρέτην
1655 3641 1868 3713 χρεών·
1905 3643 1983 3713 τῷ

2082 3646 2251 3693 esset.
2289 3634 2354 3690 lli
2385 3651 2525 3691 vero
2575 3652 2699 3692 cum
2755 3635 2900 3690 intra
2953 3635 3160 3691 limites
3212 3643 3520 3703 manerent,
3556 3636 3667 3691 sola

402 3733 815 3800 φρονιμωτάτῳ
841 3732 1043 3801 δηλαδή
1081 3732 1190 3786 τῶν
1220 3734 1336 3786 ὅσοι
1381 3732 1481 3804 τήν
1507 3734 1611 3801 γῆν
1645 3734 1984 3803 διενείμαντο

2086 3728 2292 3797 Optima
2322 3728 2465 3783 fama
2491 3728 2656 3788 etiam
2685 3727 2847 3799 48],
2884 3727 3224 3782 Herculanas
3253 3728 3539 3782 columnas
3580 3742 3674 3782 su-

400 3818 688 3887 ἄνθρωποι
736 3819 829 3873 τὸν
868 3822 1015 3891 πάσῃ
1077 3822 1242 3893 σοφίᾳ
1290 3823 1511 3875 πάντων
1542 3823 1799 3880 ἐπέκεινα
1840 3823 1984 3893 χρώ-

2086 3830 2385 3893 perarunt;
2412 3829 2468 3876 et
2508 3821 2775 3891 quidquid
2804 3821 2883 3874 sol
2912 3824 3186 3883 intuetur,
3208 3820 3260 3874 in
3297 3834 3355 3874 se
3379 3828 3670 3874 converte-

405 3925 599 3979 μενον.
640 3912 751 3965 Καὶ
777 3911 872 3965 νῦν
905 3912 948 3965 δ’
978 3912 1046 3966 αὖ
1074 3913 1184 3968 τῶν
1230 3912 1481 3966 ἐντεῦθεν
1507 3915 1842 3983 ἀπαλλαγεὶς
1883 3917 1984 3969 οὐκ

2088 3923 2240 3971 runt.
2278 3915 2437 3970 Nunc
2478 3930 2610 3969 vero
2659 3929 2690 3968 e
2742 3913 2909 3968 rebus
2956 3913 3211 3968 humanis
3250 3913 3627 3968 discesserunt
3656 3951 3671 3978 ,

401 4004 595 4074 ἔκρινε
617 4005 730 4057 δεῖν
756 4006 1111 4076 ἀπηρτῆσθαι
1141 4006 1330 4060 τοῦτον
1362 4009 1454 4061 ἐπὶ
1484 4008 1740 4061 τοσοῦτον
1765 4008 1934 4062 αὐτοῦ
1965 4023 1982 4042 ο

2087 4021 2213 4060 cum
2269 4020 2329 4060 se
2375 4005 2530 4075 prius
2575 4004 2978 4058 immortalitati
3028 4013 3447 4059 consecrassent
3472 4003 3670 4072 suique

403 4100 508 4151 καὶ
551 4098 734 4168 μέντοι
787 4101 999 4168 ταχέως
1036 4100 1554 4172 προσκαλεσάμενος
1606 4100 1693 4173 [Ρ.
1726 4100 1855 4172 295]
1890 4118 1987 4154 τα-

2089 4097 2413 4151 memoriam
2469 4107 2736 4167 perpetuo
2774 4096 2827 4150 in
2869 4106 3214 4165 posterorum
3257 4096 3453 4150 animis
3489 4095 3667 4149 victu-

403 4189 558 4260 χέως
612 4191 704 4245 καὶ
744 4191 1127 4261 προσειλήφει.
1177 4193 1239 4245 El
1283 4194 1381 4262 μὲν
1425 4191 1490 4263 δὴ
1524 4192 1618 4246 (ὗν
1655 4192 1984 4256 ἀπελθόντος

2088 4204 2206 4243 ram
2242 4189 2618 4259 reliquissent.
2664 4189 2833 4243 Nobis
2889 4197 3109 4254 autem,
3149 4187 3350 4242 talibus
3396 4197 3452 4243 et
3504 4186 3667 4241 tantis

400 4283 624 4336 ἐκείνου
642 4282 743 4353 ζῇν
766 4279 920 4346 οὗτος
949 4284 1050 4337 ούκ
1075 4284 1325 4353 ήδύνατο,
1345 4284 1597 4355 καθάπερ
1627 4285 1786 4354 σῶμα
1803 4283 1984 4354 ψυχῆς

2090 4281 2360 4350 praesidiis
2415 4296 2480 4335 ac
2528 4280 2930 4334 munitionibus
2986 4280 3302 4344 destitutis,
3335 4295 3456 4350 qua:
3505 4279 3670 4334 ullius

401 4377 757 4447 ἀπερρωγὸς,
778 4377 941 4447 βαϐαὶ
970 4379 1069 4449 τῆς
1096 4378 1398 4447 συμπνοίας
1423 4395 1482 4430 τε
1505 4380 1597 4431 καὶ
1626 4379 1721 4447 τῆς
1761 4378 1981 4446 μίξεως,

2089 4372 2219 4426 1)οηί
2266 4376 2392 4441 spes
2443 4371 2818 4441 relinquitur?
2850 4370 3000 4425 Idem
3037 4373 3186 4426 enim
3217 4382 3271 4426 et
3296 4372 3457 4428 nobis
3492 4372 3667 4426 vereri

405 4470 480 4541 ἢν
519 4471 898 4543 είςιᾶῥρηκτόν
915 4488 1036 4525 τινα
1066 4473 1159 4524 τδν
1179 4470 1307 4543 δεσμ
1320 4470 1430 4542 ὸνή
1455 4470 1644 4540 μακρὰ
1668 4467 1984 4539 συνήρμοσε

2092 4480 2244 4519 nunc
2272 4465 2443 4528 subit,
2480 4463 2625 4534 quod
2652 4464 2857 4518 vitibus
2886 4472 2941 4518 et
2964 4463 3437 4533 plantis‘novellis,
3471 4463 3516 4517 si
3548 4464 3672 4531 quis

406 4564 626 4632 σχέσις.
659 4564 721 4616 Et
744 4564 1153 4627 δὲ.καλέοαντος
1176 4565 1386 4617 ἐκείνου
1404 4563 1530 4633 ἔδρα
1540 4580 1629 4633 με,
1648 4566 1992 4633 παραχρῆμα
2018 4579 2020 4634 ς

2055 4577 2071 4631 γ
2099 4556 2352 4611 maceriis
2378 4564 2433 4610 et
2464 4554 2703 4624 saepibus
2743 4554 2934 4611 fraude
2983 4557 3210 4612 remotis
3248 4571 3343 4611 eas
3366 4554 3669 4625 pecudibus

407 4656 586 4725 ῥίψας
611 4656 672 4708 τὸ
698 4657 878 4725 σῶμα,
906 4657 1072 4726 βαϐαὶ
1109 4656 1210 4726 τῆς
1243 4656 1465 4724 ἀγάπης
1490 4660 1583 4708 καὶ
1607 4656 1705 4731 τῇς
1728 4655 1986 4724 στοργῆς,

2098 4655 2287 4716 patere
2317 4646 2481 4702 sinat.
2510 4647 2670 4702 Enim
2692 4663 2826 4702 vero
2848 4647 3050 4703 dictum
3074 4656 3155 4702 est
3183 4662 3210 4699 a
3241 4646 3679 4731 me,auditores,

403 4750 483 4818 ἣν
510 4751 894 4820 προσηκόντως
919 4751 1044 4821 ἔσχε
1083 4753 1221 4819 πρὸς
1254 4751 1345 4804 τὸν
1381 4751 1667 4819 δεσπότην.
1710 4746 1987 4820 Ἡρακλῆς

2095 4753 2323 4808 prorsus
2368 4738 2511 4793 infra
2563 4739 2665 4793 viri
2699 4738 3060 4808 dignitatem;
3089 4747 3144 4792 at
3173 4753 3283 4792 non
3314 4736 3543 4791 fortasse
3581 4736 3669 4789 in-

408 4842 610 4912 μέντοι
642 4847 869 4911 ἐκεῖνος,
896 4846 1029 4916 είδὴ
1067 4846 1135 4898 τὰ
1171 4844 1303 4897 ὄντα
1338 4844 1624 4913 εἰρήκασιν
1658 4844 1707 4896 οί
1743 4845 1853 4896 τῶν
1888 4842 1988 4914 μύ-

2094 4829 2177 4883 ira
2216 4837 2543 4884 cancrorum
2579 4829 2859 4885 allectum.
2909 4831 3043 4884 Nam
3092 4829 3326 4899 dignitas
3361 4826 3667 4882 facundiam

410 4935 531 4986 θων
555 4937 790 5023 ἐνταῦθα
818 4937 1077 5007 πατέρες,
1096 4939 1278 5015 πᾶσαν
1299 4935 1677 5006 δεδραμεητὴν
1703 4936 1794 5005 ὑφ’
1814 4936 1984 5006 ἥλιον,

2097 4919 2291 4989 ipsius.
2306 4920 2536 4974 aliorum
2556 4920 2787 4976 allectus
2808 4935 2987 4976 meum
3020 4921 3259 4974 animum
3286 4918 3618 4989 requirebat.
3645 4937 3662 4968 ι

409 5027 494 5092 ὡς
528 5028 592 5083 ἂν
628 5031 883 5101 μάρτυρα
909 5031 1015 5083 τῶν
1045 5030 1261 5083 οἰκείων
1302 5027 1521 5083 ἃπασαν
1560 5030 1837 5100 κτήσηται
1870 5031 2048 5085 ἄθλων
2074 5048 2088 5064 ⁶
2113 5025 2257 5087 οὗτοι
2280 5032 2326 5087 δ’
2348 5034 2496 5097 ἐντὸς
2526 5035 2667 5106 ὅρων
2695 5036 2949 5105 μένοντες
2976 5035 3111 5107 μόνῃ
3140 5037 3204 5105 τῇ
3236 5034 3487 5105 βελτίστῃ
3512 5034 3670 5107 φήμῃ

405 5123 509 5177 καὶ
557 5123 651 5184 τὰς
709 5121 1064 5191 Ἡρακλείους
1116 5123 1375 5192 διέϐησαν
1427 5121 1631 5192 στήλας
1698 5123 1794 5176 καὶ
1862 5124 2035 5194 ῥᾷστα
2074 5127 2258 5180 πᾶσαν
2284 5127 2665 5197 ἀνηρτήσαντο
2694 5129 2793 5199 τήν
2821 5126 2912 5196 ὑφ’
2956 5128 3129 5198 ἥλιον.
3179 5128 3339 5181 Ἀ).λὰ
3369 5126 3461 5179 νῦν
3484 5125 3545 5191 ἐξ
3573 5126 3669 5179 ἁν-

406 5217 652 5286 θρώπων
696 5219 963 5289 ἀπῆλθον,
992 5219 1420 5282 άθανατίσαντες
1495 5219 1761 5286 πρότερον
1827 5217 2056 5282 ἑαυτοὺς
2095 5222 2186 5274 καὶ
2225 5221 2449 5293 μνήμην
2495 5223 2891 5284 καταλιπόντες
2940 5219 3123 5284 ζῶσαν
3149 5220 3415 5290 διηνεκῶς
3454 5221 3513 5272 ἐν
3546 5219 3665 5280 ταῖς

406 5311 527 5366 τῶν
576 5311 968 5379 ἐπιγινομένων
1002 5307 1304 5379 ἀνθρώπων
1342 5307 1563 5378 ψυχαῖς.
1643 5307 1805 5378 Ἠμίν
1870 5308 1925 5361 δὲ
1991 5312 2250 5365 τοιούτων
2301 5313 2397 5365 καὶ
2464 5312 2738 5366 τοσούτων
2791 5314 3070 5384 προϐόλων
3123 5317 3220 5369 καὶ
3271 5316 3663 5386 στηριγμάτων

412 5402 624 5455 οὑτωσὶ
658 5399 965 5469 στερηθεῖσι
989 5398 1253 5460 τίςιελπὶς
1284 5398 1531 5464 λείπεται
1562 5396 1835 5466 τάγαθοῦς
1879 5398 2089 5452 Ταυτδν
2156 5404 2265 5472 γάρ
2330 5417 2382 5454 τι
2426 5401 2522 5455 καὶ
2548 5403 2679 5473 ἡμῖν
2727 5402 2823 5457 νῦν
2858 5405 3047 5459 ἕπεται
3107 5406 3359 5469 δεδιέναι,
3395 5405 3533 5475 ὅπερ
3562 5402 3668 5471 άμ-

288 5505 309 5520 ⁶
409 5496 577 5549 πελοι
600 5494 694 5548 καὶ
722 5494 860 5561 φυτά
889 5495 1104 5563 νεογνὰ,
1159 5492 1375 5547 ἐπειδάν
1406 5510 1486 5555 τις
1520 5491 1824 5556 ἐπιϐούλως
1853 5494 1978 5556 τοὺς
2019 5493 2202 5564 κύκλῳ
2268 5496 2593 5567 περιόόλους
2660 5512 2719 5549 τε
2764 5498 2859 5549 καὶ
2908 5502 3196 5569 φραγμοὺς
3223 5497 3466 5552 καθελὼν
3499 5494 3664 5564 μηλό-

412 5592 576 5641 6οτον
602 5587 918 5656 καταστήσῃ
948 5585 1042 5640 τὸν
1100 5588 1300 5657 χῶρον.
1346 5583 1507 5653 Ἀλλὰ
1568 5585 1677 5655 γὰρ
1742 5583 1960 5654 εἴρηται
1998 5586 2166 5654 κάμοὶ
2193 5588 2291 5658 τῆς
2353 5588 2452 5655 μὲν
2493 5586 2670 5650 ἀξίας,
2701 5579 2747 5639 ὦ
2793 5588 3085 5657 παρόντες,
3132 5587 3350 5648 πάντως
3400 5584 3617 5636 ἔλαττον
3645 5598 3659 5612 ο

407 5683 514 5751 τῆς
548 5679 605 5733 δὲ
635 5679 741 5733 τῶν
770 5679 946 5734 ἄλλων
975 5680 1283 5751 προθυμίας
1331 5678 1460 5741 ἴσως
1489 5676 1588 5730 οὐκ
1629 5677 1870 5732 ἔλαττον.
1911 5676 1975 5730 Ἦ
2017 5679 2117 5749 μὲν
2147 5674 2256 5751 γ’ὰρ
2289 5679 2415 5745 ἀξία
2475 5679 2574 5751 τῆς
2607 5680 2818 5732 ἐκείνου
2882 5678 3127 5748 γλώττης
3149 5678 3318 5731 ἐδεῖτο
3343 5691 3358 5706 ο
3391 5673 3499 5745 ήδὲ
3526 5689 3660 5746 προσ

409 5780 591 5850 θυμία
621 5778 841 5850 γνώμης
871 5779 968 5848 τῆς
1001 5776 1258 5849 ἐμαυτοῦ.
1291 5795 1310 5828 ι
3590 5836 3593 5841 η

487 5876 529 5930 Γ
529 5881 565 5931 ⁸.
589 5871 808 5928 Τούτων
838 5872 981 5928 οὕτω
1006 5871 1315 5943 λεγομένων
1348 5858 1512 5933 πολὺς
1544 5870 1676 5938 πρξς
1706 5867 1811 5922 τῶν
1853 5883 1999 5937 συγο.

2164 5862 2251 5920 lll.
2274 5864 2403 5931 Quae
2424 5860 2639 5934 cumad
2661 5860 2811 5918 hunc
2830 5858 3052 5917 modum
3077 5859 3408 5927 dicerentur,
3427 5872 3657 5931 magnus
