4088 6610
516 381 633 445 ὗ33
822 373 900 447 [Α.
929 388 984 428 ιι.
1019 371 1156 428 6856
1189 388 1255 426 AD
1293 369 1457 442 6849]

1707 375 1756 438 Ν
1764 373 2128 437 ICEPHORI
2170 375 2554 438 GREGORIE

2832 371 2964 445 [ιιιε.
2992 387 3274 430 sannosum
3299 373 3434 447 itm]
3625 385 3718 451 est

525 493 739 560 legatos
775 488 844 543 de
872 501 1009 559 pace
1041 487 1108 542 ad
1143 487 1536 557 imperatorem
1573 486 1766 544 mittit.
1798 487 2088 558 Indignum

2199 489 2484 558 γενόμενος
2508 485 2969 556 διαπρεσδεύεται
3019 489 3156 558 πρὸς
3211 491 3304 542 τδν
3355 488 3566 557 βασιλέα
3608 501 3722 566 περὶ

526 581 674 638 enim
715 595 836 636 esse
863 579 1216 643 Christianis,
1239 578 1377 634 adeo
1414 578 1712 634 crudeliter
1741 588 1934 634 contra
1967 595 2090 635 sese

525 673 762 746 grassari
787 712 801 738 ,
830 688 952 728 cum
980 688 1083 742 pax
1109 683 1164 727 et
1192 672 1488 727 concordia
1523 671 1666 728 inter
1709 672 1857 742 ipsos
1889 672 2094 727 consti-

438 811 451 837 ,η
528 766 608 821 tui
659 766 834 837 possit
866 775 922 821 et
953 766 1081 820 belli
1113 766 1260 821 acies
1306 765 1359 820 in
1411 765 1610 836 impios
1659 765 1946 834 utriusque
1979 764 2090 818 ini-

526 857 702 918 micos
763 857 1035 912 converti.
1093 856 1176 912 Ad
1237 857 1356 912 haec
1410 857 1710 926 imperator
1771 855 2089 926 respondet,

528 963 748 1020 aequum
782 963 946 1013 esse,
1000 958 1059 1004 ut
1106 949 1370 1004 Romanis
1420 957 1698 1004 exstructa
1727 948 1948 1004 castella
1997 963 2094 1018 pa-

437 1033 444 1056 ”
528 1050 789 1105 reant,ac
819 1041 1028 1112 legatos
1061 1056 1118 1096 re
1146 1041 1345 1097 infecta
1380 1041 1629 1096 dimittit.
1668 1041 1918 1110 Amplius
1941 1041 2091 1094 enim

529 1134 845 1204 quindecim
911 1133 1134 1188 castella
1177 1149 1311 1188 avus
1360 1134 1480 1204 ejus
1533 1133 1831 1202 imperator
1875 1132 2091 1187 Andro-

529 1225 689 1280 uicus
746 1225 802 1278 in
854 1223 1236 1279 cacuminibus
1289 1232 1346 1278 et
1403 1223 1698 1293 praeruptis
1745 1222 1916 1278 llaztui
1951 1221 2090 1277 locis

526 1317 728 1386 partim
791 1331 821 1370 a
878 1314 1249 1370 fundamentis
1295 1315 1892 1384 exstruxerat,partim
1929 1313 2086 1369 novis

529 1409 791 1478 operibus
848 1407 1157 1469 munierat,
1195 1406 1618 1460 Protostratoris
1667 1405 1851 1461 Glaliaa
1897 1421 2089 1477 opera,

530 1500 624 1568 qui
664 1507 775 1552 tum
818 1497 1155 1567 provinciam
1189 1495 1478 1550 Thraciam
1531 1496 1995 1561 administrabat,
2033 1505 2095 1552 ut

536 1592 742 1646 crebrae
798 1589 1123 1660 Scytharum
1203 1587 1549 1668 incursiones
1597 1589 1762 1644 veluti
1826 1596 2094 1658 perpetuo

530 1700 688 1740 muro
718 1684 1006 1753 iuterjecto
1035 1681 1484 1753 prohiberentur.

599 1873 690 1928 Ill.
731 1873 860 1939 Qua:
897 1873 966 1928 ab
999 1873 1090 1927 illo
1120 1874 1201 1928 sic
1231 1873 1374 1928 uicta
1421 1887 1546 1928 cum
1594 1873 1904 1928 Alexander
1931 1886 2090 1943 aequo

529 1965 714 2020 animo
749 1966 892 2021 ferre
944 1966 1172 2022 minime
1217 1975 1440 2035 posset,
1497 1967 1684 2036 copias
1730 1981 1858 2022 suas
1905 1965 2094 2020 statim

529 2057 804 2113 contrahit
837 2056 904 2111 ad
947 2066 1071 2112 octo
1104 2055 1335 2111 millium
1372 2072 1684 2123 numerum,
1735 2066 1794 2111 et
1825 2056 1934 2112 duo
1969 2055 2095 2111 mil-

529 2147 956 2218 lia,Scytharum
975 2148 1224 2206 mercede
1245 2148 1641 2204 conductorum
1671 2151 1933 2215 arcessit;
1957 2149 2094 2204 Ter-

527 2239 783 2309 noboque
827 2239 1106 2310 profectus
1154 2241 1350 2310 quinto
1394 2241 1484 2296 die
1515 2241 1584 2295 ad
1635 2241 1961 2306 castellum,
2003 2242 2094 2298 cui

529 2331 896 2387 llhusocastra
947 2347 1146 2388 nomen
1196 2342 1304 2398 est,
1350 2334 1620 2404 pervenit,
1666 2332 1856 2402 ibique
1883 2341 2094 2388 castra-

530 2432 786 2478 metatur.
838 2423 917 2478 lbi
967 2424 1116 2478 enim
1166 2424 1332 2479 etiam
1388 2425 1776 2494 imperatorem
1826 2441 1950 2481 esse
1995 2442 2094 2481 auo

528 2517 724 2571 dierat.
776 2515 880 2582 Qui
927 2516 1178 2586 quamvis
1231 2517 1516 2587 inopinato
1547 2517 1786 2571 hostium
1848 2519 2093 2574 adventu

529 2610 854 2680 perculsus,
900 2607 1063 2681 485
1119 2618 1295 2662 tamen
1345 2609 1402 2662 in
1446 2609 1624 2664 media
1682 2609 1869 2665 hostili
1927 2623 2091 2681 terra,

531 2719 656 2758 cum
706 2701 854 2756 aliud
906 2701 1198 2758 consilium
1257 2716 1442 2757 rerum
1505 2701 1795 2758 dilIicultas
1854 2719 2094 2775 prxsens

533 2809 643 2850 non
685 2801 988 2864 pateretur,
1045 2791 1321 2847 Romanas
1371 2802 1426 2847 et
1459 2793 1576 2863 ipse
1623 2795 1811 2864 copias
1850 2805 1912 2848 ut
1965 2795 2095 2850 licet

531 2885 749 2947 educit,
784 2884 1012 2938 hosibus
1051 2884 1276 2937 minime
1304 2897 1494 2952 pares,
1540 2891 1602 2938 ut
1628 2899 1753 2954 quae.
1798 2886 1890 2940 vix
1926 2885 2092 2940 trium

535 2975 766 3028 millium
798 2986 1082 3027 numerum
1112 2973 1428 3042 eXplerent,
1465 2973 1644 3043 iisque
1677 2976 1732 3028 in
1781 2984 1892 3030 tres
1940 2976 2089 3031 acies

532 3066 846 3124 distributis
875 3081 984 3120 non
1033 3066 1221 3134 procul
1272 3080 1303 3120 a
1347 3066 1572 3120 castello
1622 3077 1704 3121 est
1741 3081 2087 3136 progressus,

532 3161 680 3232 quod
729 3157 980 3214 subsidio
1029 3156 1138 3263 sibi
1193 3167 1250 3263 et
1302 3160 1544 3226 receptui
1593 3172 1715 3214 esse
1762 3158 2012 3224 volebat,
2044 3160 2090 3213 si
2118 3197 2166 3263 ο
2197 3183 2300 3250 τάξ

531 3253 728 3309 cessim
783 3249 1152 3307 recedendum
1200 3249 1360 3305 foret.
1419 3250 1554 3305 Cum
1603 3266 1736 3306 vero
1793 3251 1977 3326 hostes
2013 3252 2097 3306 in-

533 3356 792 3418 gruentes
816 3345 1028 3400 videret
1048 3385 1064 3411 ,
1089 3357 1400 3413 eorumque
1431 3344 1608 3398 aciem
1638 3344 1714 3398 ita
1748 3343 2092 3412 instructam,

533 3452 595 3494 ut
634 3440 886 3494 dextrum
947 3446 1005 3493 et
1057 3437 1342 3492 sinistrum
1394 3449 1566 3490 cornu
1618 3436 1673 3489 in
1720 3436 2096 3507 longissimam

533 3531 734 3586 seriem
766 3532 1026 3599 utrinque
1065 3528 1469 3600 porrigeretur,
1519 3527 1699 3597 gravis
1727 3538 2006 3583 armatura
2041 3509 2097 3584 in

532 3621 715 3677 medio
747 3632 929 3683 esset,
960 3628 1269 3675 extremum
1305 3626 1487 3673 autem
1524 3633 1716 3686 agmen
1763 3617 2098 3687 profundum

532 3721 586 3768 et
631 3712 775 3767 lirmi
827 3708 1500 3782 cujusdamfundamenti
1560 3710 1734 3765 instar
1777 3707 1953 3774 foret;
2005 3724 2099 3764 ve-

535 3805 676 3859 ritus
697 3841 712 3866 ,
745 3817 816 3856 ne
842 3801 1360 3864 circumveniretur,
1405 3799 1591 3855 statim
1625 3800 1857 3855 consilio
1887 3811 2098 3858 mutato

538 3896 813 3951 Romanas
860 3892 1048 3963 c0pias
1092 3891 1146 3946 in
1180 3905 1342 3946 unam
1378 3889 1674 3960 ancipitem
1731 3893 1906 3946 acient
1962 3907 2096 3948 con-

533 3985 740 4052 trahit,
771 3983 915 4037 lunae
947 3980 1346 4037 corniculantis
1375 3981 1616 4051 speciem
1647 3981 1918 4039 imitatus.

611 4179 704 4235 ιν.
747 4180 865 4248 Ipse
894 4180 950 4234 in
984 4176 1224 4232 medium
1248 4190 1570 4248 progressus
1599 4191 1728 4233 suos
1759 4177 2017 4234 inclamat
2040 4191 2098 4236 et

485 4266 500 4278 ’
535 4271 844 4330 conﬁrmat.
879 4289 898 4323 ι
929 4269 1175 4340 Cogitate
1200 4307 1216 4332 ,
1247 4270 1424 4339 inquit
1453 4311 1470 4337 ,
1514 4271 1618 4324 viri
1645 4310 1659 4334 ,
1694 4285 1793 4325 nos
1857 4272 1910 4325 in
1938 4286 2098 4342 pere-

535 4365 691 4437 grina
725 4374 780 4418 et
823 4363 1008 4418 hostili
1047 4375 1290 4432 pugnare
1343 4370 1488 4416 terra
1534 4370 1590 4416 et
1637 4362 1795 4434 longe
1837 4379 1866 4417 a
1922 4365 2096 4433 patria

535 4459 790 4514 exclusos
820 4475 834 4522 ;
864 4471 967 4510 nec
997 4455 1173 4509 socias
1220 4454 1426 4509 habere
1472 4454 1762 4520 civitates,
1791 4471 1912 4526 qua:
1939 4457 2098 4512 nobis

2195 581 2441 652 εἰρήνης,
2475 579 2577 633 οὐκ
2610 579 2760 645 ἀξιον
2793 576 2934 632 εἶναι
2961 579 3136 648 λέγων
3167 581 3510 652 Χριστιανοῖς
3527 587 3727 654 ἀπηνῶς

2194 674 2394 728 οὑτωσὶ
2423 672 2546 728 κατ’
2583 672 2830 742 ἀλλήλων
2858 673 3096 738 ἐπιέναι,
3131 675 3554 744 ἑνὸνςόμοδοξεῐν
3586 680 3728 752 ἀλλή-

2193 770 2308 832 λοις
2337 769 2405 820 τὰ
2455 765 2592 838 πρὸς
2637 767 2865 838 ιίρήνην
2898 767 2992 818 καὶ
3045 765 3184 836 ὁμοῦ
3224 767 3365 820 κατὰ
3415 769 3518 822 τῶν
3544 771 3732 828 ἀσεϐῶν

2195 857 2789 929 ἀντιπαραταττεσθαι,
2837 855 3110 926 πολεμίων
3149 857 3320 912 ὄντων
3352 858 3569 926 ἀμφοῖν.
3607 861 3658 917 '0
3681 865 3728 919 δὲ

2197 951 2454 1022 βασιλεὺς
2481 950 2692 1005 δίκαιον
2714 949 2855 1004 εἶναι
2883 951 3064 1020 φήσας
3093 950 3342 1003 ὑπείκειν
3379 949 3650 1020 Ῥωμαίοις
3675 957 3734 1010 τὰ

2196 1044 2363 1098 πάλαι
2422 1043 2575 1114 παρὰ
2639 1042 2932 1112 Ῥωμαίων
2978 1040 3473 1110 ἀνοικοδομηθέντα
3502 1043 3729 1112 φρούρια,

2193 1139 2321 1200 τοὺς
2371 1137 2632 1208 πρέσϐεις
2685 1136 2999 1204 ἀπράκτους
3026 1133 3345 1204 ἀπέπεμψε.
3391 1133 3608 1187 Πλείονα
3638 1138 3732 1206 γὰρ

2194 1231 2228 1302 ἢ
2266 1230 2662 1286 πεντεκαίδεκα
2687 1226 2769 1300 [Ρ.
2797 1227 2927 1299 298]
2957 1225 3196 1299 φρούρια
3226 1227 3376 1296 παρὰ
3407 1226 3503 1288 τὰς
3525 1229 3732 1297 ἀκρότη-

2195 1341 2293 1388 τας
2315 1324 2412 1378 καὶ
2443 1323 2729 1391 ἀποτομὰς
2771 1321 2866 1374 τοῦ
2921 1321 3096 1388 Αἵμου
3146 1324 3174 1374 ό
3206 1320 3427 1381 πάππος
3475 1317 3630 1373 αὐτοῦ
3654 1324 3735 1374 καὶ

2197 1419 2455 1490 βασιλεὺς
2500 1416 2862 1489 Ἀνδρόνικος,
2898 1422 2964 1467 τι
2999 1415 3100 1484 μὲν
3128 1414 3192 1466 ἐκ
3235 1413 3449 1483 βάθρων
3481 1414 3731 1484 ἀνήγειρε,

2194 1511 2267 1566 τὰ
2315 1511 2362 1565 δ’
2419 1507 2812 1578 ἐπῳκοδόμησε
2873 1505 2960 1559 διὰ
3011 1504 3107 1558 τοῦ
3138 1506 3260 1558 τότε
3315 1505 3733 1574 ἐπιτροπεύοντος

2196 1604 2420 1678 Θρᾴκην
2441 1593 2628 1658 Γλαόᾶ
2654 1599 2747 1654 τοῦ
2774 1600 3280 1671 πρωτοπράτορος,
3301 1597 3368 1650 ἵν’
3396 1592 3504 1651 εἷεν
3534 1595 3739 1664 κώλυμα

2197 1698 2294 1754 καὶ
2348 1696 2671 1767 διάφραγμα
2723 1693 2825 1763 τῆς
2871 1692 3127 1763 συνεχοῦς
3169 1693 3277 1746 τῶν
3307 1691 3529 1746 Σκυθῶν
3572 1689 3737 1744 διαδά-

2197 1809 2358 1856 σεως.

2270 1888 2344 1940 Γ’.
2379 1885 2548 1940 Ταῦθ’
2577 1883 2722 1938 οὕτω
2748 1883 3013 1954 λεχθέντα
3061 1881 3184 1937 καθ’
3235 1881 3469 1952 ήσυχίαν
3522 1881 3743 1947 Ἀλέξαν-

2200 1981 2326 2051 δρος
2353 1979 2551 2050 ἥκιστα
2583 1978 2776 2046 φέρειν
2809 1977 3108 2044 δυνάμενος
3141 1976 3236 2039 τὰς
3285 1972 3453 2028 αὐτοῦ
3485 1974 3744 2044 συναθροί-

2201 2074 2284 2139 ζει
2312 2074 2584 2143 δυνάμεις¹
2607 2071 2770 2132 εὐθὺς
2819 2071 2876 2132 ἐς
2904 2069 3346 2138 ὀκτακισχιλίους
3392 2068 3482 2122 τὸν
3513 2067 3745 2138 ἀριθμόν.-

2199 2166 2638 2234 Μεταπέμπεται
2668 2165 2723 2218 δὲ
2761 2164 2856 2217 καὶ
2906 2163 3198 2234 δισχιλίους
3227 2163 3291 2216 ἐκ
3321 2161 3546 2215 Σκυθῶν
3576 2161 3747 2229 μισθο-

2202 2263 2422 2332 φόρους.
2459 2261 2635 2329 Ἀρας
2681 2254 2773 2312 οὖν
2801 2259 2864 2310 ὲκ
2892 2256 3164 2329 Τερνόϐου
3206 2258 3518 2326 πεμπταῖος
3546 2254 3748 2324 ἀφίκετο

2201 2356 2296 2410 καὶ
2346 2352 2947 2423 κατεστρατοπέδευσεν
3006 2349 3180 2420 ἀγχοῦ
3233 2349 3328 2403 τοῦ
3383 2349 3635 2418 φρουρίου
3665 2347 3745 2400 τοῦ

2199 2448 2591 2515 ὲπιλεγομένου
2635 2444 3085 2516 Ῥουσοκάστρου.
3143 2443 3288 2496 Ἐκεῖ
3343 2443 3452 2512 γὰρ
3500 2438 3746 2494 εἶναικαὶ

2199 2537 2548 2609 τὸνβασιλέα
2599 2537 2848 2590 ἐπύθετο.
2913 2536 2973 2589 '0
3003 2535 3062 2590 δὲ
3113 2535 3369 2606 βασιλεὺς
3417 2533 3747 2602 καταπλαγὴς

2201 2631 2302 2703 μὲν
2333 2631 2579 2699 ἐγεγόνει
2615 2629 2750 2699 πρὸς
2793 2627 2890 2700 τὴν
2937 2629 3204 2698 αἰφνίδιον
3237 2628 3432 2698 ἔφοδον
3463 2629 3569 2680 τῶν
3604 2627 3747 2677 πολε-

2203 2723 2341 2793 μίων
2365 2739 2379 2754 ·
2406 2722 2505 2792 τῆς
2531 2721 2590 2774 δὲ
2629 2721 2999 2790 περιστάσεως
3030 2721 3232 2791 ἥκιστα
3275 2721 3660 2790 συγχωρούσης
3699 2718 3749 2769 ἐν

2204 2814 2347 2886 μέσῃ
2372 2815 2439 2884 τῇ
2466 2812 2702 2884 πολεμίᾳ
2729 2811 3128 2882 βουλεύσασθαί
3153 2828 3205 2864 τι
3235 2811 3470 2883 βέλτιον,
3487 2812 3646 2881 ἐξῆγε
3665 2807 3749 2862 καὶ

2197 2904 2362 2968 αὐτὸς
2383 2904 2614 2981 ώςιὲξῆν
2648 2903 2747 2974 τὴν
2789 2903 3104 2974 Ῥωμαϊκὴν
3135 2903 3390 2974 δύναμιν,
3417 2903 3517 2957 οὐκ
3545 2903 3751 2972 ἀξιόμα-

2197 3019 2292 3074 χον
2318 3000 2481 3055 οὖσαν
2509 3003 2622 3064 τοῖς
2648 3000 2986 3065 ἀντιπάλοις,
3010 2999 3146 3054 ἀλλὰ
3177 2999 3330 3068 μόλις
3359 3001 3416 3061 ἐς
3440 2999 3750 3070 τρισχιλίους

2195 3095 2289 3148 τὸν
2319 3093 2554 3166 ἀριθμὸν
2586 3090 2868 3160 ἀνιούσης,
2907 3092 3000 3145 καὶ
3024 3093 3082 3154 ὲς
3113 3093 3262 3161 τρεῖς
3285 3092 3460 3161 αὐτὴν
3487 3093 3752 3160 διανείμας

2273 3184 2382 3250 ξεις
2408 3184 2468 3236 οὐ
2497 3184 2638 3237 πάνυ
2670 3182 2860 3254 πόρρω
2889 3181 2981 3235 τοῦ
3005 3184 3266 3252 φρουρίου
3300 3183 3566 3253 προῆγεν.
3585 3183 3753 3251 Ἔχειν

2198 3277 2306 3348 γάρ
2329 3275 2462 3330 αὐτὸ
2499 3274 2847 3345 μεμελέτηκε
2869 3273 3193 3344 καταφυγήν
3225 3289 3348 3325 τινα
3386 3274 3523 3343 πρὸς
3559 3271 3650 3343 τὴν
3674 3271 3754 3322 ἐπὶ

2199 3371 2335 3425 πόδα
2360 3367 2729 3439 ἀναχώρησιν.
2776 3367 2932 3420 Ἐπεὶ
2962 3366 3018 3418 δὲ
3051 3366 3180 3429 τοὺς
3201 3366 3494 3434 πολεμίους
3523 3365 3754 3426 ἐπιόντας
3839 3427 3854 3437 _

2199 3461 2344 3534 ἐώρα
2372 3462 2433 3516 τό
2455 3478 2514 3513 τε
2546 3459 2722 3523 δεξιὸν
2751 3460 2846 3511 καὶ
2891 3458 3042 3511 λαιὸν
3077 3457 3242 3528 κέρας
3276 3461 3353 3519 είς
3381 3460 3626 3527 ἐπιμήκη
3655 3455 3756 3509 στί-

2199 3575 2294 3629 χον
2323 3555 2666 3627 έκατέρωθεν
2723 3553 3096 3620 ἐκτείναντες,
3153 3553 3221 3605 τὰ
3252 3553 3306 3604 δὲ
3358 3553 3632 3623 βαρύτερα
3660 3550 3754 3603 τῶν

2199 3647 2380 3700 ὃπλων
2405 3647 2484 3706 εἰς
2511 3643 2675 3715 μέσον
2706 3641 2930 3711 ἔχοντας
2955 3642 3046 3695 καὶ
3069 3643 3185 3712 ἅμα
3215 3640 3275 3693 τὸ
3303 3642 3470 3710 βάθος
3491 3643 3587 3710 τῆς
3609 3642 3756 3712 οὖρα-

2199 3737 2323 3807 γίας
2377 3736 2566 3805 ὥσπερ
2621 3734 2740 3787 τινὰ
2797 3734 3024 3804 στερρὸν
3053 3732 3324 3803 θεμέλιον,
3385 3734 3642 3804 φοϐηθεὶς
3669 3732 3755 3800 τὴν

2199 3830 2476 3883 κύκλωσιν
2506 3826 2962 3897 μεταϐουλεύεται
2985 3825 3219 3896 τάχιστα
3245 3828 3338 3878 καὶ
3366 3827 3501 3897 πρός
3528 3828 3651 3896 μίαν
3668 3826 3756 3888 τὰς

2212 3907 2532 3990 Ῥωμαϊκὰς
2598 3917 2861 3984 δυνάμεις
2916 3916 3137 3987 ήθροισε
3194 3917 3351 3983 τάξιν
3401 3917 3751 3989 ἀμφίστομον,

2197 4001 2389 4079 ὥσπερ
2423 4006 2756 4078 σεληνοειδὲς
2788 4009 2966 4077 σχῆμα
2992 4008 3329 4079 πεποιηκὼς,
3355 4009 3520 4062 ὁπότε
3557 4023 3755 4079 μηνοει·
3787 4009 3792 4020 ’

2199 4101 2296 4173 δής
2331 4101 2436 4169 εἴη.

2188 4212 2194 4234 π
2273 4196 2346 4250 A'.
2371 4192 2542 4256 acte,-
2568 4193 2612 4246 δ’
2640 4195 2696 4258 ἐς
2727 4210 2929 4262 μεσονς
2959 4193 3389 4264 περιερχόμενος
3418 4193 3683 4262 ἐπεφώνει
3705 4210 3757 4245 τε

2201 4285 2296 4340 καὶ
2322 4283 2734 4356 παρεθάρῥυνε,’
2763 4304 2779 4337 ι
2828 4286 3021 4340 Σύνετε
3058 4286 3142 4356 δὴ,
3163 4286 3360 4355 λέγων,
3393 4282 3440 4341 ὦ
3471 4286 3758 4357 ἀνδρες,ώς

2199 4376 2260 4434 ἓν
2291 4378 2547 4450 ἀλλοτρίᾳ
2577 4379 2670 4430 καὶ
2723 4375 2966 4449 πολεμίᾳ
3017 4378 3301 4448 μαχόμεθα
3331 4383 3403 4450 γῇ
3445 4381 3536 4435 καὶ
3585 4378 3759 4448 πόῤῥω

2203 4488 2306 4524 που
2342 4471 2440 4538 τῆς
2473 4469 2729 4539 πατρίδος
2774 4467 3283 4538 ἁποκεκλείσμεθα·
3337 4473 3433 4522 καὶ
3481 4469 3603 4522 οὔτε
3636 4486 3760 4538 συμ-

535 4549 603 4604 ad
632 4549 991 4619 improvisum
1025 4547 1132 4602 hoc
1170 4546 1416 4617 prasitum
1451 4560 1610 4616 opem
1649 4547 1827 4602 ferant
1851 4587 1865 4612 ,
1913 4565 2094 4619 neque

2205 4563 2435 4634 μαχίδας
2462 4562 2658 4633 ἔχομεν
2691 4561 2894 4626 πόλεις,
2930 4562 2985 4615 αἶ
3017 4562 3508 4633 παραϐοηθήσουσι
3535 4566 3760 4634 τήμερον

539 4642 684 4698 unde
763 4640 1164 4696 mercenarium
1215 4639 1445 4694 militem
1507 4649 1870 4696 arcessemus.
1918 4642 2098 4708 Quare

540 4750 622 4790 sic
660 4742 973 4806 pugnemus
1021 4731 1185 4787 hodie
1210 4771 1225 4796 ,
1264 4738 1325 4786 ut
1375 4732 1558 4787 statim
1591 4733 1843 4788 morituri
1883 4746 1938 4789 et
1990 4749 2097 4790 una

542 4840 668 4881 cum
720 4825 826 4879 hoc
877 4824 992 4878 sole
1039 4823 1376 4878 occubituri.
1416 4823 1657 4879 Fortium
1698 4835 2012 4880 nostrorum
2042 4836 2098 4880 et

537 4930 928 4987 generosorum
961 4916 1210 4970 laborum
1239 4925 1407 4971 testes
1438 4916 1812 4986 relinquamus
1843 4917 2095 4972 hostilem

541 5008 683 5062 hanc
714 5016 940 5072 terram,
973 5009 1025 5062 in
1059 5024 1165 5078 qua
1216 5008 1378 5063 hodie
1413 5009 1479 5063 de
1506 5010 1615 5063 vita
1649 5010 2005 5074 (limicamus,
2042 5020 2098 5066 et

538 5099 777 5154 hostium
833 5099 925 5168 qui
981 5109 1310 5169 supererunt
1363 5101 1572 5155 oeulos.
1639 5101 1880 5166 Quorum
1933 5101 2100 5173 ΑΒΘ

538 5204 639 5245 vos
672 5190 967 5270 multitudp
1009 5207 1075 5244 ne
1109 5193 1413 5261 perturbet.
1437 5191 1655 5246 Scimus
1700 5195 1846 5248 enim
1896 5197 2099 5248 multos

542 5291 770 5352 magnos
820 5283 1095 5336 exercitus
1141 5299 1169 5336 a
1222 5284 1402 5352 parvis
1453 5283 1709 5338 facillime
1736 5302 1857 5341 csse
1907 5301 2096 5340 caesos.

543 5374 743 5428 Eadem
799 5383 853 5427 et
890 5373 993 5442 ipsi
1041 5389 1135 5443 spe
1180 5376 1438 5439 nitamur,
1491 5375 1825 5431 ineffabilem
1855 5378 1947 5431 Dei
1987 5378 2100 5432 cle-

535 5467 798 5520 mentiam
825 5469 1134 5531 intuentes,
1183 5482 1290 5536 qua
1325 5476 1438 5520 tum
1487 5469 1631 5532 alia,
1669 5479 1780 5523 tum
1840 5470 1974 5524 illud
2017 5470 2098 5524 ef-

531 5559 734 5616 fectum
798 5567 927 5624 cst,
990 5567 1050 5613 ut
1117 5557 1517 5614 Themistocles
1562 5561 1910 5616 Atheniensis
1968 5577 2093 5616 cum

531 5651 714 5719 parvis
759 5651 954 5720 copiis,
989 5651 1042 5705 in
1098 5653 1364 5722 angustiis
1393 5652 1460 5706 ad
1512 5652 1864 5720 Salamiuem,
1901 5670 2096 5709 omnes

534 5749 647 5799 tere
713 5745 1005 5800 Persarum
1057 5747 1204 5802 vires
1258 5747 1621 5811 demerserit;
1675 5756 1837 5818 atque
1877 5759 1932 5802 ut
1979 5759 2098 5818 post

429 5880 432 5882 .
536 5838 684 5893 hunc
726 5854 912 5894 rursus
949 5837 1248 5894 Thebanus
1279 5840 1686 5909 Epaminondas
1719 5841 1801 5894 bis
1830 5844 2096 5895 maximas

2199 4657 2332 4725 ἡμῖν
2355 4659 2412 4718 ές
2440 4656 2529 4708 τὸν
2556 4655 2837 4723 αἰφνιδίως
2891 4657 3242 4724 συμπεσόντα
3272 4656 3487 4709 τουτονὶ
3510 4657 3756 4725 πόλεμον,

2199 4745 2315 4800 οὔθ’
2343 4745 2538 4798 όπῶθεν
2560 4745 2627 4799 ἂν
2660 4746 3051 4816 μισθοφορικὸν
3081 4747 3571 4816 μεταπεμψώμεθα
3603 4746 3758 4817 στρά-

2203 4850 2399 4902 τευμα.
2434 4831 2755 4901 Μαχώμεθα
2798 4833 2983 4885 τοίνυν
3016 4832 3091 4894 ὡς
3116 4833 3505 4902 τεθνηξόμενοι
3535 4837 3761 4904 τήμερον

2203 4926 2298 4980 καὶ
2327 4923 2722 4992 συγκαταδύειν
2744 4923 3035 4994 μέλλοντες
3059 4924 3134 4994 τῷ
3156 4926 3399 4997 τήμερον
3423 4928 3594 4993 τούτῳ
3614 4925 3757 4994 ἡλίῳ.

2203 5014 2548 5084 κτησώμεθα
2577 5015 2864 5084 μάρτυρας
2906 5015 3014 5067 τῶν
3049 5016 3332 5086 ἡμετέρων
3367 5016 3641 5087 ἀνδρικῶν
3673 5015 3760 5066 καὶ

2201 5104 2466 5174 γενναίων
2496 5105 2724 5172 ἀγώνων
2757 5108 2852 5172 τήν
2882 5121 2942 5156 τε
2975 5103 3240 5172 πολεμίαν
3264 5106 3496 5174 ταυτηνὶ
3526 5105 3650 5172 γῆν,
3681 5102 3758 5169 ἐφ’

2202 5201 2268 5268 ἢν
2290 5197 2380 5248 τὸν
2406 5197 2534 5266 περὶ
2566 5195 2745 5265 ψυχῆς
2773 5199 3012 5265 σήμερον
3038 5197 3304 5265 τρέχομεν
3334 5193 3522 5258 ἆθλον,
3557 5199 3648 5249 καὶ
3670 5197 3760 5257 τὰς

2203 5290 2311 5343 τῶν
2345 5288 2895 5358 ὑπολειφθησομένων
2929 5287 3200 5356 πολεμίων
3231 5287 3406 5356 ὄψεις,
3472 5289 3566 5360 Μὴ
3598 5288 3653 5341 δὲ
3679 5289 3761 5340 60-

2205 5380 2439 5451 ρυὸείτω
2470 5379 2570 5442 τὰς
2599 5377 2874 5448 ὑμετέρας
2897 5377 3125 5447 καρδίας
3155 5379 3216 5430 τὸ
3245 5378 3454 5443 πλῆθος
3487 5381 3599 5432 τῶν
3621 5378 3763 5431 πολε-

2205 5472 2377 5536 μίων
2435 5470 2634 5532 πολλὰς
2690 5474 2798 5538 γὰρ
2855 5470 3015 5538 ἴσμεν
3067 5470 3324 5538 δυνάμεις
3387 5472 3632 5538 μεγάλας
3665 5467 3758 5521 ὑπὸ

2205 5562 2453 5633 βραχέων
2480 5564 2652 5633 ῥᾷστα
2673 5562 3102 5624 κατακοπείσας.
3134 5562 3312 5613 Ἔστω
3337 5564 3434 5612 καὶ
3465 5564 3597 5631 ήμῖν
3619 5561 3761 5621 ἐλπὶς

2201 5657 2360 5725 ὁμοία
2417 5655 2552 5725 πρὸς
2587 5656 2686 5724 τὴν
2717 5654 3026 5725 ἀπόρρητον
3063 5655 3306 5722 ἀφορῶσι
3354 5654 3760 5723 φιλανθρωπίαν

2203 5749 2358 5812 θεοῦ,
2385 5747 2452 5800 δι’
2475 5748 2541 5816 ἣν
2569 5748 2638 5799 ei
2662 5763 2720 5798 τε
2753 5747 2889 5800 ἄλλα
2911 5747 3007 5799 καὶ
3032 5746 3408 5815 Θεμιστοκλῆς
3433 5750 3492 5812 ἐξ
3533 5744 3758 5815 Ἀθηνῶν

2206 5840 2320 5908 μετ’
2351 5841 2529 5907 ὀλίγου
2560 5838 2970 5908 στρατεύματος
3004 5840 3199 5910 μικροῦ
3233 5841 3412 5893 πᾶσαν
3430 5840 3489 5891 ἐν
3508 5843 3618 5902 τοῖς
3640 5835 3754 5905 περὶ
