  <div class='ocr_page' id='page_1' title='image "/cluster/home/n/w/nwhite01/storage/ocr_20150623/148/hvd.32044019208362/355.png"; bbox 0 0 4088 6594; ppageno 0'>
   <div class='ocr_carea' id='block_1_1' title="bbox 584 413 1532 522">
    <p class='ocr_par' dir='ltr' id='par_1_1' title="bbox 584 413 1532 522">
     <span class='ocr_line' id='line_1_1' title="bbox 584 413 1532 522; baseline -0.017 -4"><span class='ocrx_word' id='word_1_1' title='bbox 584 413 689 520; x_wconf 69' lang='lat' dir='ltr'><strong>sat</strong></span> <span class='ocrx_word' id='word_1_2' title='bbox 877 449 955 522; x_wconf 69' lang='grc' dir='ltr'><strong>[Α.</strong></span> <span class='ocrx_word' id='word_1_3' title='bbox 996 465 1051 507; x_wconf 76' lang='grc' dir='ltr'>ιι.</span> <span class='ocrx_word' id='word_1_4' title='bbox 1088 447 1226 505; x_wconf 84' lang='grc'><strong>6856</strong></span> <span class='ocrx_word' id='word_1_5' title='bbox 1265 462 1329 503; x_wconf 66' lang='lat' dir='ltr'><strong>ro</strong></span> <span class='ocrx_word' id='word_1_6' title='bbox 1370 447 1532 521; x_wconf 60' lang='lat'><strong>6849]</strong></span> 
     </span>
    </p>
   </div>
   <div class='ocr_carea' id='block_1_2' title="bbox 1786 441 2626 513">
    <p class='ocr_par' dir='ltr' id='par_1_2' title="bbox 1786 441 2626 513">
     <span class='ocr_line' id='line_1_2' title="bbox 1786 441 2626 513; baseline -0.004 0"><span class='ocrx_word' id='word_1_7' title='bbox 1786 446 1833 512; x_wconf 83' lang='lat' dir='ltr'><strong>N</strong></span> <span class='ocrx_word' id='word_1_8' title='bbox 1846 446 2203 513; x_wconf 81' lang='lat' dir='ltr'><strong>lCEPHORI</strong></span> <span class='ocrx_word' id='word_1_9' title='bbox 2243 441 2559 512; x_wconf 41' lang='lat' dir='ltr'><strong>GBE&#39;GOR</strong></span> <span class='ocrx_word' id='word_1_10' title='bbox 2580 450 2626 509; x_wconf 78' lang='grc' dir='ltr'><strong><em>Ἐ</em></strong></span> 
     </span>
    </p>
   </div>
   <div class='ocr_carea' id='block_1_3' title="bbox 2905 444 3541 519">
    <p class='ocr_par' dir='ltr' id='par_1_3' title="bbox 2905 444 3541 519">
     <span class='ocr_line' id='line_1_3' title="bbox 2905 444 3541 519; baseline -0.005 -19"><span class='ocrx_word' id='word_1_11' title='bbox 2905 444 3042 517; x_wconf 52' lang='lat' dir='ltr'><strong>[una</strong></span> <span class='ocrx_word' id='word_1_12' title='bbox 3086 453 3365 502; x_wconf 63' lang='grc' dir='ltr'>Ακοιιυιιιο.</span> <span class='ocrx_word' id='word_1_13' title='bbox 3409 445 3541 519; x_wconf 60' lang='grc' dir='ltr'>ιον]</span> 
     </span>
    </p>
   </div>
   <div class='ocr_carea' id='block_1_4' title="bbox 3704 448 3801 519">
    <p class='ocr_par' dir='ltr' id='par_1_4' title="bbox 3704 448 3801 519">
     <span class='ocr_line' id='line_1_4' title="bbox 3704 448 3801 519; baseline 0 0"><span class='ocrx_word' id='word_1_14' title='bbox 3704 448 3801 519; x_wconf 60' lang='grc' dir='ltr'><strong>ϐθῖ</strong></span> 
     </span>
    </p>
   </div>
   <div class='ocr_carea' id='block_1_5' title="bbox 584 565 2160 642">
    <p class='ocr_par' dir='ltr' id='par_1_5' title="bbox 584 570 2150 642">
     <span class='ocr_line' id='line_1_5' title="bbox 584 570 2150 642; baseline -0.003 -15"><span class='ocrx_word' id='word_1_15' title='bbox 584 572 737 640; x_wconf 74' lang='lat' dir='ltr'><strong>galea</strong></span> <span class='ocrx_word' id='word_1_16' title='bbox 765 580 821 627; x_wconf 92' lang='lat' dir='ltr'><strong>et</strong></span> <span class='ocrx_word' id='word_1_17' title='bbox 850 573 1008 628; x_wconf 84' lang='lat' dir='ltr'><strong>hasta</strong></span> <span class='ocrx_word' id='word_1_18' title='bbox 1034 571 1114 627; x_wconf 89' lang='lat' dir='ltr'><strong>sic</strong></span> <span class='ocrx_word' id='word_1_19' title='bbox 1135 585 1347 637; x_wconf 91' lang='lat' dir='ltr'><strong>eorum,</strong></span> <span class='ocrx_word' id='word_1_20' title='bbox 1370 570 1462 641; x_wconf 90' lang='lat' dir='ltr'><strong>qui</strong></span> <span class='ocrx_word' id='word_1_21' title='bbox 1490 586 1684 642; x_wconf 68' lang='lat' dir='ltr'><strong>pugnis</strong></span> <span class='ocrx_word' id='word_1_22' title='bbox 1713 571 1905 626; x_wconf 89' lang='lat' dir='ltr'><strong>arbitri</strong></span> <span class='ocrx_word' id='word_1_23' title='bbox 1939 570 2150 634; x_wconf 84' lang='lat' dir='ltr'><strong>sedent,</strong></span> 
     </span>
    </p>
   </div>
   <div class='ocr_carea' id='block_1_6' title="bbox 2264 565 3796 642">
    <p class='ocr_par' dir='ltr' id='par_1_6' title="bbox 2264 565 3796 640">
     <span class='ocr_line' id='line_1_6' title="bbox 2264 565 3796 640; baseline 0.004 -19"><span class='ocrx_word' id='word_1_24' title='bbox 2264 567 2548 640; x_wconf 80' lang='grc' dir='ltr'>συμμαχία</span> <span class='ocrx_word' id='word_1_25' title='bbox 2578 565 2981 640; x_wconf 78' lang='grc' dir='ltr'>ἐπιτηδεύεται.</span> <span class='ocrx_word' id='word_1_26' title='bbox 3055 570 3245 631; x_wconf 77' lang='grc' dir='ltr'>Ἀσκ“τς</span> <span class='ocrx_word' id='word_1_27' title='bbox 3277 566 3385 638; x_wconf 74' lang='grc' dir='ltr'><strong>γὰρ</strong></span> <span class='ocrx_word' id='word_1_28' title='bbox 3429 569 3522 624; x_wconf 69' lang='grc' dir='ltr'>καὶ</span> <span class='ocrx_word' id='word_1_29' title='bbox 3567 568 3683 638; x_wconf 83' lang='grc' dir='ltr'>δόρυ</span> <span class='ocrx_word' id='word_1_30' title='bbox 3712 574 3796 627; x_wconf 73' lang='grc' dir='ltr'><strong>καὶ</strong></span> 
     </span>
    </p>
   </div>
   <div class='ocr_carea' id='block_1_7' title="bbox 577 658 2155 737">
    <p class='ocr_par' dir='ltr' id='par_1_7' title="bbox 577 658 2155 737">
     <span class='ocr_line' id='line_1_7' title="bbox 577 658 2155 737; baseline -0.001 -18"><span class='ocrx_word' id='word_1_31' title='bbox 577 658 843 737; x_wconf 76' lang='lat' dir='ltr'><strong>judicium</strong></span> <span class='ocrx_word' id='word_1_32' title='bbox 884 678 1026 733; x_wconf 79' lang='lat' dir='ltr'><strong>saepe</strong></span> <span class='ocrx_word' id='word_1_33' title='bbox 1057 670 1443 734; x_wconf 70' lang='lat' dir='ltr'><strong>prmoccupant</strong></span> <span class='ocrx_word' id='word_1_34' title='bbox 1473 672 1528 718; x_wconf 91' lang='lat' dir='ltr'><strong>et</strong></span> <span class='ocrx_word' id='word_1_35' title='bbox 1556 663 1669 718; x_wconf 90' lang='lat' dir='ltr'><strong>veri</strong></span> <span class='ocrx_word' id='word_1_36' title='bbox 1704 663 1903 718; x_wconf 92' lang='lat' dir='ltr'><strong>indicia</strong></span> <span class='ocrx_word' id='word_1_37' title='bbox 1926 661 2155 717; x_wconf 86' lang='lat' dir='ltr'><strong>confun-</strong></span> 
     </span>
    </p>
   </div>
   <div class='ocr_carea' id='block_1_8' title="bbox 583 755 2160 825">
    <p class='ocr_par' dir='ltr' id='par_1_8' title="bbox 583 755 2160 825">
     <span class='ocr_line' id='line_1_8' title="bbox 583 755 2160 825; baseline -0.001 -14"><span class='ocrx_word' id='word_1_38' title='bbox 583 755 742 820; x_wconf 90' lang='lat' dir='ltr'><strong>dunt,</strong></span> <span class='ocrx_word' id='word_1_39' title='bbox 775 765 835 811; x_wconf 91' lang='lat' dir='ltr'><strong>ut</strong></span> <span class='ocrx_word' id='word_1_40' title='bbox 866 755 1039 824; x_wconf 82' lang='lat' dir='ltr'><strong>ipsius</strong></span> <span class='ocrx_word' id='word_1_41' title='bbox 1066 770 1261 810; x_wconf 88' lang='lat' dir='ltr'><strong>manus</strong></span> <span class='ocrx_word' id='word_1_42' title='bbox 1299 764 1477 810; x_wconf 87' lang='lat' dir='ltr'><strong>errata</strong></span> <span class='ocrx_word' id='word_1_43' title='bbox 1507 755 1796 825; x_wconf 81' lang='lat' dir='ltr'><strong>profundis</strong></span> <span class='ocrx_word' id='word_1_44' title='bbox 1819 756 1972 825; x_wconf 88' lang='lat' dir='ltr'><strong>quasi</strong></span> <span class='ocrx_word' id='word_1_45' title='bbox 2008 766 2160 809; x_wconf 86' lang='lat' dir='ltr'><strong>tene-</strong></span> 
     </span>
    </p>
   </div>
   <div class='ocr_carea' id='block_1_9' title="bbox 582 845 2190 904">
    <p class='ocr_par' dir='ltr' id='par_1_9' title="bbox 582 845 2190 904">
     <span class='ocr_line' id='line_1_9' title="bbox 582 845 2190 904; baseline -0.002 0"><span class='ocrx_word' id='word_1_46' title='bbox 582 849 699 904; x_wconf 88' lang='lat' dir='ltr'><strong>bris</strong></span> <span class='ocrx_word' id='word_1_47' title='bbox 722 863 898 904; x_wconf 88' lang='lat' dir='ltr'><strong>mersa</strong></span> <span class='ocrx_word' id='word_1_48' title='bbox 936 848 1238 903; x_wconf 85' lang='lat' dir='ltr'><strong>involvant.</strong></span> <span class='ocrx_word' id='word_1_49' title='bbox 1256 848 1312 902; x_wconf 90' lang='lat' dir='ltr'><strong>In</strong></span> <span class='ocrx_word' id='word_1_50' title='bbox 1332 847 1642 903; x_wconf 72' lang='lat' dir='ltr'><strong>calamitate</strong></span> <span class='ocrx_word' id='word_1_51' title='bbox 1663 860 1796 902; x_wconf 70' lang='lat' dir='ltr'><strong>vero</strong></span> <span class='ocrx_word' id='word_1_52' title='bbox 1816 848 1981 902; x_wconf 88' lang='lat' dir='ltr'><strong>animi</strong></span> <span class='ocrx_word' id='word_1_53' title='bbox 2006 845 2159 902; x_wconf 46' lang='lat' dir='ltr'><strong>forti-‘-</strong></span> <span class='ocrx_word' id='word_1_54' title='bbox 2186 864 2190 866; x_wconf 50' lang='grc' dir='ltr'><strong>τ</strong></span> 
     </span>
    </p>
   </div>
   <div class='ocr_carea' id='block_1_10' title="bbox 584 936 2158 1009">
    <p class='ocr_par' dir='ltr' id='par_1_10' title="bbox 584 936 2158 1009">
     <span class='ocr_line' id='line_1_10' title="bbox 584 936 2158 1009; baseline -0.001 -15"><span class='ocrx_word' id='word_1_55' title='bbox 584 936 717 995; x_wconf 86' lang='lat' dir='ltr'><strong>tudo</strong></span> <span class='ocrx_word' id='word_1_56' title='bbox 746 941 860 996; x_wconf 89' lang='lat' dir='ltr'><strong>sola</strong></span> <span class='ocrx_word' id='word_1_57' title='bbox 893 940 948 994; x_wconf 85' lang='lat' dir='ltr'><strong>in</strong></span> <span class='ocrx_word' id='word_1_58' title='bbox 983 948 1258 995; x_wconf 74' lang='lat' dir='ltr'><strong>certamen</strong></span> <span class='ocrx_word' id='word_1_59' title='bbox 1280 939 1586 1003; x_wconf 74' lang='lat' dir='ltr'><strong>descendit,</strong></span> <span class='ocrx_word' id='word_1_60' title='bbox 1608 938 1891 1009; x_wconf 88' lang='lat' dir='ltr'><strong>nudosque</strong></span> <span class='ocrx_word' id='word_1_61' title='bbox 1928 949 1983 994; x_wconf 88' lang='lat' dir='ltr'><strong>et</strong></span> <span class='ocrx_word' id='word_1_62' title='bbox 2014 939 2158 993; x_wconf 87' lang='lat' dir='ltr'><strong>iner-</strong></span> 
     </span>
    </p>
   </div>
   <div class='ocr_carea' id='block_1_11' title="bbox 581 1030 2155 1103">
    <p class='ocr_par' dir='ltr' id='par_1_11' title="bbox 581 1030 2155 1103">
     <span class='ocr_line' id='line_1_11' title="bbox 581 1030 2155 1103; baseline 0.001 -18"><span class='ocrx_word' id='word_1_63' title='bbox 581 1047 699 1087; x_wconf 87' lang='lat' dir='ltr'><strong>mes</strong></span> <span class='ocrx_word' id='word_1_64' title='bbox 726 1032 914 1101; x_wconf 80' lang='lat' dir='ltr'><strong>pedes,</strong></span> <span class='ocrx_word' id='word_1_65' title='bbox 938 1032 1167 1087; x_wconf 91' lang='lat' dir='ltr'><strong>consilio</strong></span> <span class='ocrx_word' id='word_1_66' title='bbox 1190 1040 1245 1087; x_wconf 88' lang='lat' dir='ltr'><strong>et</strong></span> <span class='ocrx_word' id='word_1_67' title='bbox 1267 1030 1554 1102; x_wconf 85' lang='lat' dir='ltr'><strong>prudentia</strong></span> <span class='ocrx_word' id='word_1_68' title='bbox 1594 1032 1761 1087; x_wconf 89' lang='lat' dir='ltr'><strong>veluti</strong></span> <span class='ocrx_word' id='word_1_69' title='bbox 1784 1031 1941 1103; x_wconf 82' lang='lat' dir='ltr'><strong>firmo</strong></span> <span class='ocrx_word' id='word_1_70' title='bbox 1963 1031 2155 1087; x_wconf 87' lang='lat' dir='ltr'><strong>funda-</strong></span> 
     </span>
    </p>
   </div>
   <div class='ocr_carea' id='block_1_12' title="bbox 581 1121 2155 1194">
    <p class='ocr_par' dir='ltr' id='par_1_12' title="bbox 581 1121 2155 1194">
     <span class='ocr_line' id='line_1_12' title="bbox 581 1121 2155 1194; baseline 0.002 -18"><span class='ocrx_word' id='word_1_71' title='bbox 581 1133 769 1178; x_wconf 84' lang='lat' dir='ltr'><strong>mento</strong></span> <span class='ocrx_word' id='word_1_72' title='bbox 801 1123 959 1179; x_wconf 81' lang='lat' dir='ltr'><strong>nixos</strong></span> <span class='ocrx_word' id='word_1_73' title='bbox 988 1123 1288 1179; x_wconf 78' lang='lat' dir='ltr'><strong>obfirmans</strong></span> <span class='ocrx_word' id='word_1_74' title='bbox 1308 1165 1323 1189; x_wconf 97' lang='lat'><strong>,</strong></span> <span class='ocrx_word' id='word_1_75' title='bbox 1376 1121 1668 1180; x_wconf 80' lang='lat' dir='ltr'><strong>fortissime</strong></span> <span class='ocrx_word' id='word_1_76' title='bbox 1701 1123 1961 1180; x_wconf 87' lang='lat' dir='ltr'><strong>resistere</strong></span> <span class='ocrx_word' id='word_1_77' title='bbox 1992 1135 2155 1194; x_wconf 89' lang='lat' dir='ltr'><strong>atque</strong></span> 
     </span>
    </p>
   </div>
   <div class='ocr_carea' id='block_1_13' title="bbox 581 1216 2152 1286">
    <p class='ocr_par' dir='ltr' id='par_1_13' title="bbox 581 1216 2152 1286">
     <span class='ocr_line' id='line_1_13' title="bbox 581 1216 2152 1286; baseline 0 -16"><span class='ocrx_word' id='word_1_78' title='bbox 581 1216 753 1272; x_wconf 92' lang='lat' dir='ltr'><strong>obniti</strong></span> <span class='ocrx_word' id='word_1_79' title='bbox 778 1225 956 1286; x_wconf 74' lang='lat' dir='ltr'><strong>potest</strong></span> <span class='ocrx_word' id='word_1_80' title='bbox 979 1217 1155 1272; x_wconf 86' lang='lat' dir='ltr'><strong>cuivis</strong></span> <span class='ocrx_word' id='word_1_81' title='bbox 1176 1216 1381 1272; x_wconf 88' lang='lat' dir='ltr'><strong>doloris</strong></span> <span class='ocrx_word' id='word_1_82' title='bbox 1408 1216 1597 1272; x_wconf 83' lang='lat' dir='ltr'><strong>ﬂuctui</strong></span> <span class='ocrx_word' id='word_1_83' title='bbox 1622 1232 1686 1274; x_wconf 89' lang='lat' dir='ltr'><strong>ac</strong></span> <span class='ocrx_word' id='word_1_84' title='bbox 1707 1216 1946 1272; x_wconf 90' lang='lat' dir='ltr'><strong>violento</strong></span> <span class='ocrx_word' id='word_1_85' title='bbox 1974 1217 2152 1282; x_wconf 84' lang='lat' dir='ltr'><strong>aestui,</strong></span> 
     </span>
    </p>
   </div>
   <div class='ocr_carea' id='block_1_14' title="bbox 580 1307 2156 1380">
    <p class='ocr_par' dir='ltr' id='par_1_14' title="bbox 580 1307 2156 1380">
     <span class='ocr_line' id='line_1_14' title="bbox 580 1307 2156 1380; baseline 0.001 -17"><span class='ocrx_word' id='word_1_86' title='bbox 580 1309 732 1363; x_wconf 78' lang='lat' dir='ltr'><strong>velut</strong></span> <span class='ocrx_word' id='word_1_87' title='bbox 760 1310 1146 1364; x_wconf 90' lang='lat' dir='ltr'><strong>inconcussum</strong></span> <span class='ocrx_word' id='word_1_88' title='bbox 1178 1311 1612 1379; x_wconf 84' lang='lat' dir='ltr'><strong>promontorium</strong></span> <span class='ocrx_word' id='word_1_89' title='bbox 1647 1308 1941 1365; x_wconf 85' lang='lat' dir='ltr'><strong>insanienti</strong></span> <span class='ocrx_word' id='word_1_90' title='bbox 1964 1307 2156 1380; x_wconf 81' lang='lat' dir='ltr'><strong>pelago</strong></span> 
     </span>
    </p>
   </div>
   <div class='ocr_carea' id='block_1_15' title="bbox 580 1399 2157 1471">
    <p class='ocr_par' dir='ltr' id='par_1_15' title="bbox 580 1399 2157 1471">
     <span class='ocr_line' id='line_1_15' title="bbox 580 1399 2157 1471; baseline 0 -16"><span class='ocrx_word' id='word_1_91' title='bbox 580 1401 880 1471; x_wconf 90' lang='lat' dir='ltr'><strong>objectum.</strong></span> <span class='ocrx_word' id='word_1_92' title='bbox 934 1402 1011 1456; x_wconf 81' lang='lat' dir='ltr'><strong>Ac</strong></span> <span class='ocrx_word' id='word_1_93' title='bbox 1059 1402 1355 1457; x_wconf 77' lang='lat' dir='ltr'><strong>vehemens</strong></span> <span class='ocrx_word' id='word_1_94' title='bbox 1401 1403 1621 1470; x_wconf 81' lang='lat' dir='ltr'><strong>quidem</strong></span> <span class='ocrx_word' id='word_1_95' title='bbox 1671 1401 1822 1457; x_wconf 81' lang='lat' dir='ltr'><strong>illius</strong></span> <span class='ocrx_word' id='word_1_96' title='bbox 1877 1399 2157 1470; x_wconf 67' lang='lat' dir='ltr'><strong>tragoediae</strong></span> 
     </span>
    </p>
   </div>
   <div class='ocr_carea' id='block_1_16' title="bbox 579 1490 2155 1562">
    <p class='ocr_par' dir='ltr' id='par_1_16' title="bbox 579 1490 2155 1562">
     <span class='ocr_line' id='line_1_16' title="bbox 579 1490 2155 1562; baseline 0.001 -17"><span class='ocrx_word' id='word_1_97' title='bbox 579 1499 875 1562; x_wconf 82' lang='lat' dir='ltr'><strong>tempestas</strong></span> <span class='ocrx_word' id='word_1_98' title='bbox 904 1491 1025 1554; x_wconf 89' lang='lat' dir='ltr'><strong>fuit,</strong></span> <span class='ocrx_word' id='word_1_99' title='bbox 1058 1507 1220 1561; x_wconf 84' lang='lat' dir='ltr'><strong>quam</strong></span> <span class='ocrx_word' id='word_1_100' title='bbox 1254 1490 1349 1547; x_wconf 87' lang='lat' dir='ltr'><strong>tibi</strong></span> <span class='ocrx_word' id='word_1_101' title='bbox 1382 1492 1553 1562; x_wconf 89' lang='lat' dir='ltr'><strong>patris</strong></span> <span class='ocrx_word' id='word_1_102' title='bbox 1590 1491 1942 1562; x_wconf 85' lang='lat' dir='ltr'><strong>imperatoris</strong></span> <span class='ocrx_word' id='word_1_103' title='bbox 1970 1491 2155 1546; x_wconf 88' lang='lat' dir='ltr'><strong>obitus</strong></span> 
     </span>
    </p>
   </div>
   <div class='ocr_carea' id='block_1_17' title="bbox 580 1582 2158 1653">
    <p class='ocr_par' dir='ltr' id='par_1_17' title="bbox 580 1582 2158 1653">
     <span class='ocr_line' id='line_1_17' title="bbox 580 1582 2158 1653; baseline -0.001 -15"><span class='ocrx_word' id='word_1_104' title='bbox 580 1584 903 1649; x_wconf 79' lang='lat' dir='ltr'><strong>suscitavit;</strong></span> <span class='ocrx_word' id='word_1_105' title='bbox 935 1582 1229 1639; x_wconf 75' lang='lat' dir='ltr'><strong>vehemens</strong></span> <span class='ocrx_word' id='word_1_106' title='bbox 1264 1584 1396 1637; x_wconf 90' lang='lat' dir='ltr'><strong>item</strong></span> <span class='ocrx_word' id='word_1_107' title='bbox 1427 1599 1512 1649; x_wconf 92' lang='lat' dir='ltr'><strong>ea,</strong></span> <span class='ocrx_word' id='word_1_108' title='bbox 1545 1599 1707 1653; x_wconf 91' lang='lat' dir='ltr'><strong>quam</strong></span> <span class='ocrx_word' id='word_1_109' title='bbox 1742 1583 1827 1639; x_wconf 90' lang='lat' dir='ltr'><strong>avi</strong></span> <span class='ocrx_word' id='word_1_110' title='bbox 1862 1584 2158 1653; x_wconf 88' lang='lat' dir='ltr'><strong>imperato-</strong></span> 
     </span>
    </p>
   </div>
   <div class='ocr_carea' id='block_1_18' title="bbox 578 1673 2154 1748">
    <p class='ocr_par' dir='ltr' id='par_1_18' title="bbox 578 1673 2154 1748">
     <span class='ocr_line' id='line_1_18' title="bbox 578 1673 2154 1748; baseline 0 -19"><span class='ocrx_word' id='word_1_111' title='bbox 578 1673 659 1730; x_wconf 87' lang='lat' dir='ltr'><strong>ris</strong></span> <span class='ocrx_word' id='word_1_112' title='bbox 707 1675 980 1730; x_wconf 82' lang='lat' dir='ltr'><strong>interitus.</strong></span> <span class='ocrx_word' id='word_1_113' title='bbox 1019 1674 1122 1731; x_wconf 89' lang='lat' dir='ltr'><strong>Sed</strong></span> <span class='ocrx_word' id='word_1_114' title='bbox 1176 1683 1356 1730; x_wconf 90' lang='lat' dir='ltr'><strong>tamen</strong></span> <span class='ocrx_word' id='word_1_115' title='bbox 1408 1685 1583 1732; x_wconf 89' lang='lat' dir='ltr'><strong>matre</strong></span> <span class='ocrx_word' id='word_1_116' title='bbox 1639 1677 1930 1748; x_wconf 84' lang='lat' dir='ltr'><strong>superstite</strong></span> <span class='ocrx_word' id='word_1_117' title='bbox 1973 1674 2154 1731; x_wconf 87' lang='lat' dir='ltr'><strong>solatii</strong></span> 
     </span>
    </p>
   </div>
   <div class='ocr_carea' id='block_1_19' title="bbox 578 1767 2153 1840">
    <p class='ocr_par' dir='ltr' id='par_1_19' title="bbox 578 1767 2153 1840">
     <span class='ocr_line' id='line_1_19' title="bbox 578 1767 2153 1840; baseline 0 -17"><span class='ocrx_word' id='word_1_118' title='bbox 578 1767 812 1824; x_wconf 89' lang='lat' dir='ltr'><strong>multum</strong></span> <span class='ocrx_word' id='word_1_119' title='bbox 848 1767 1138 1840; x_wconf 79' lang='lat' dir='ltr'><strong>superfuit,</strong></span> <span class='ocrx_word' id='word_1_120' title='bbox 1171 1784 1281 1838; x_wconf 92' lang='lat' dir='ltr'><strong>quo</strong></span> <span class='ocrx_word' id='word_1_121' title='bbox 1316 1770 1497 1825; x_wconf 91' lang='lat' dir='ltr'><strong>luctus</strong></span> <span class='ocrx_word' id='word_1_122' title='bbox 1527 1770 1619 1825; x_wconf 91' lang='lat' dir='ltr'><strong>ille</strong></span> <span class='ocrx_word' id='word_1_123' title='bbox 1650 1770 1927 1826; x_wconf 85' lang='lat' dir='ltr'><strong>levaretur</strong></span> <span class='ocrx_word' id='word_1_124' title='bbox 1955 1777 2011 1825; x_wconf 89' lang='lat' dir='ltr'><strong>et</strong></span> <span class='ocrx_word' id='word_1_125' title='bbox 2037 1767 2153 1823; x_wconf 78' lang='lat' dir='ltr'><strong>eili-</strong></span> 
     </span>
    </p>
   </div>
   <div class='ocr_carea' id='block_1_20' title="bbox 579 1859 2150 1931">
    <p class='ocr_par' dir='ltr' id='par_1_20' title="bbox 579 1859 2150 1931">
     <span class='ocr_line' id='line_1_20' title="bbox 579 1859 2150 1931; baseline 0.001 -17"><span class='ocrx_word' id='word_1_126' title='bbox 579 1860 694 1914; x_wconf 85' lang='lat' dir='ltr'><strong>eaci</strong></span> <span class='ocrx_word' id='word_1_127' title='bbox 729 1859 1016 1915; x_wconf 81' lang='lat' dir='ltr'><strong>hilaritatis</strong></span> <span class='ocrx_word' id='word_1_128' title='bbox 1044 1861 1285 1916; x_wconf 91' lang='lat' dir='ltr'><strong>remedio</strong></span> <span class='ocrx_word' id='word_1_129' title='bbox 1301 1861 1469 1918; x_wconf 91' lang='lat' dir='ltr'><strong>veluti</strong></span> <span class='ocrx_word' id='word_1_130' title='bbox 1493 1860 1832 1917; x_wconf 88' lang='lat' dir='ltr'><strong>condiretur.</strong></span> <span class='ocrx_word' id='word_1_131' title='bbox 1856 1860 1926 1917; x_wconf 80' lang='lat' dir='ltr'><strong>At</strong></span> <span class='ocrx_word' id='word_1_132' title='bbox 1949 1861 2039 1916; x_wconf 89' lang='lat' dir='ltr'><strong>hic</strong></span> <span class='ocrx_word' id='word_1_133' title='bbox 2055 1860 2150 1931; x_wconf 88' lang='lat' dir='ltr'><strong>qui</strong></span> 
     </span>
    </p>
   </div>
   <div class='ocr_carea' id='block_1_21' title="bbox 2265 660 3799 732">
    <p class='ocr_par' dir='ltr' id='par_1_21' title="bbox 2265 660 3799 732">
     <span class='ocr_line' id='line_1_21' title="bbox 2265 660 3799 732; baseline 0.002 -16"><span class='ocrx_word' id='word_1_134' title='bbox 2265 660 2466 732; x_wconf 80' lang='grc' dir='ltr'>κράνος</span> <span class='ocrx_word' id='word_1_135' title='bbox 2481 660 2579 732; x_wconf 75' lang='grc' dir='ltr'>τὴν</span> <span class='ocrx_word' id='word_1_136' title='bbox 2605 660 2713 715; x_wconf 90' lang='grc' dir='ltr'><strong>τῶν</strong></span> <span class='ocrx_word' id='word_1_137' title='bbox 2734 660 3214 729; x_wconf 76' lang='grc' dir='ltr'>ἀγωνοθετοῦντων</span> <span class='ocrx_word' id='word_1_138' title='bbox 3232 660 3489 723; x_wconf 78' lang='grc' dir='ltr'><strong>πολλάκις</strong></span> <span class='ocrx_word' id='word_1_139' title='bbox 3506 662 3799 731; x_wconf 77' lang='grc' dir='ltr'><strong>ἁρπάσαντα</strong></span> 
     </span>
    </p>
   </div>
   <div class='ocr_carea' id='block_1_22' title="bbox 2265 752 3799 825">
    <p class='ocr_par' dir='ltr' id='par_1_22' title="bbox 2265 752 3799 825">
     <span class='ocr_line' id='line_1_22' title="bbox 2265 752 3799 825; baseline 0.003 -21"><span class='ocrx_word' id='word_1_140' title='bbox 2265 752 2449 822; x_wconf 81' lang='grc' dir='ltr'>κρίσιν</span> <span class='ocrx_word' id='word_1_141' title='bbox 2477 754 2571 808; x_wconf 70' lang='grc' dir='ltr'>καὶ</span> <span class='ocrx_word' id='word_1_142' title='bbox 2613 753 3043 825; x_wconf 76' lang='grc' dir='ltr'>συγκυκήσαντα</span> <span class='ocrx_word' id='word_1_143' title='bbox 3072 753 3200 816; x_wconf 83' lang='grc' dir='ltr'>τοὺς</span> <span class='ocrx_word' id='word_1_144' title='bbox 3245 753 3493 824; x_wconf 72' lang='grc' dir='ltr'>ἐλέγχους</span> <span class='ocrx_word' id='word_1_145' title='bbox 3526 753 3580 807; x_wconf 70' lang='grc' dir='ltr'><strong>ἀν</strong></span> <span class='ocrx_word' id='word_1_146' title='bbox 3606 755 3799 825; x_wconf 75' lang='grc' dir='ltr'><strong>ἀδήλοις</strong></span> 
     </span>
    </p>
   </div>
   <div class='ocr_carea' id='block_1_23' title="bbox 2263 843 3801 916">
    <p class='ocr_par' dir='ltr' id='par_1_23' title="bbox 2263 843 3801 916">
     <span class='ocr_line' id='line_1_23' title="bbox 2263 843 3801 916; baseline 0.002 -18"><span class='ocrx_word' id='word_1_147' title='bbox 2263 843 2378 900; x_wconf 74' lang='grc' dir='ltr'>ἐσθ’</span> <span class='ocrx_word' id='word_1_148' title='bbox 2411 845 2499 899; x_wconf 75' lang='grc' dir='ltr'>ὅτε</span> <span class='ocrx_word' id='word_1_149' title='bbox 2531 844 2716 916; x_wconf 79' lang='grc' dir='ltr'>βυθοῖς</span> <span class='ocrx_word' id='word_1_150' title='bbox 2747 846 2847 915; x_wconf 84' lang='grc' dir='ltr'>τῆς</span> <span class='ocrx_word' id='word_1_151' title='bbox 2880 845 3142 915; x_wconf 87' lang='grc' dir='ltr'>παλάμης</span> <span class='ocrx_word' id='word_1_152' title='bbox 3197 843 3559 914; x_wconf 70' lang='grc' dir='ltr'>τάγκλήματα</span> <span class='ocrx_word' id='word_1_153' title='bbox 3601 847 3801 901; x_wconf 79' lang='grc' dir='ltr'>συνεκά-</span> 
     </span>
    </p>
   </div>
   <div class='ocr_carea' id='block_1_24' title="bbox 2262 935 3801 1008">
    <p class='ocr_par' dir='ltr' id='par_1_24' title="bbox 2262 935 3801 1008">
     <span class='ocr_line' id='line_1_24' title="bbox 2262 935 3801 1008; baseline -0.001 -18"><span class='ocrx_word' id='word_1_154' title='bbox 2262 936 2464 1008; x_wconf 71' lang='grc' dir='ltr'>λυψαν.</span> <span class='ocrx_word' id='word_1_155' title='bbox 2529 936 2796 993; x_wconf 77' lang='grc' dir='ltr'><strong>Ἐνταῦθα</strong></span> <span class='ocrx_word' id='word_1_156' title='bbox 2847 936 2892 992; x_wconf 85' lang='grc' dir='ltr'>δ’</span> <span class='ocrx_word' id='word_1_157' title='bbox 2920 938 2954 1007; x_wconf 76' lang='grc' dir='ltr'>ἡ</span> <span class='ocrx_word' id='word_1_158' title='bbox 3007 937 3107 1008; x_wconf 81' lang='grc' dir='ltr'><strong>τῆς</strong></span> <span class='ocrx_word' id='word_1_159' title='bbox 3155 935 3332 1007; x_wconf 83' lang='grc' dir='ltr'>ψυχῆς</span> <span class='ocrx_word' id='word_1_160' title='bbox 3362 935 3550 1007; x_wconf 86' lang='grc' dir='ltr'>ἀνδρία</span> <span class='ocrx_word' id='word_1_161' title='bbox 3576 936 3801 1006; x_wconf 78' lang='grc' dir='ltr'>καθαρῶς</span> 
     </span>
    </p>
   </div>
   <div class='ocr_carea' id='block_1_25' title="bbox 2262 1026 3803 1100">
    <p class='ocr_par' dir='ltr' id='par_1_25' title="bbox 2262 1026 3803 1100">
     <span class='ocr_line' id='line_1_25' title="bbox 2262 1026 3803 1100; baseline -0.001 -17"><span class='ocrx_word' id='word_1_162' title='bbox 2262 1027 2606 1100; x_wconf 78' lang='grc' dir='ltr'>ἀποδυομένη</span> <span class='ocrx_word' id='word_1_163' title='bbox 2663 1029 2802 1098; x_wconf 73' lang='grc' dir='ltr'>πρὸς</span> <span class='ocrx_word' id='word_1_164' title='bbox 2861 1029 2989 1093; x_wconf 70' lang='grc' dir='ltr'>τοὺς</span> <span class='ocrx_word' id='word_1_165' title='bbox 3023 1029 3244 1097; x_wconf 81' lang='grc' dir='ltr'>ἀγῶνας</span> <span class='ocrx_word' id='word_1_166' title='bbox 3292 1026 3408 1098; x_wconf 76' lang='grc' dir='ltr'>ἔχει</span> <span class='ocrx_word' id='word_1_167' title='bbox 3455 1026 3696 1097; x_wconf 84' lang='grc' dir='ltr'>καθάπερ</span> <span class='ocrx_word' id='word_1_168' title='bbox 3723 1028 3803 1081; x_wconf 65' lang='grc' dir='ltr'>επὶ</span> 
     </span>
    </p>
   </div>
   <div class='ocr_carea' id='block_1_26' title="bbox 2263 1120 3802 1196">
    <p class='ocr_par' dir='ltr' id='par_1_26' title="bbox 2263 1120 3802 1196">
     <span class='ocr_line' id='line_1_26' title="bbox 2263 1120 3802 1196; baseline -0.004 -18"><span class='ocrx_word' id='word_1_169' title='bbox 2263 1125 2499 1196; x_wconf 76' lang='grc' dir='ltr'>στερρᾶς</span> <span class='ocrx_word' id='word_1_170' title='bbox 2523 1122 2789 1194; x_wconf 78' lang='grc' dir='ltr'>κρηπῖδος</span> <span class='ocrx_word' id='word_1_171' title='bbox 2816 1120 2953 1193; x_wconf 83' lang='grc'>(70),</span> <span class='ocrx_word' id='word_1_172' title='bbox 2975 1122 3074 1192; x_wconf 75' lang='grc' dir='ltr'>τῆς</span> <span class='ocrx_word' id='word_1_173' title='bbox 3095 1121 3320 1191; x_wconf 80' lang='grc' dir='ltr'>γνώμης</span> <span class='ocrx_word' id='word_1_174' title='bbox 3351 1136 3407 1173; x_wconf 90' lang='grc' dir='ltr'><strong>τε</strong></span> <span class='ocrx_word' id='word_1_175' title='bbox 3432 1124 3528 1173; x_wconf 77' lang='grc' dir='ltr'>καὶ</span> <span class='ocrx_word' id='word_1_176' title='bbox 3545 1120 3802 1186; x_wconf 80' lang='grc' dir='ltr'>συνέσεως,</span> 
     </span>
    </p>
   </div>
   <div class='ocr_carea' id='block_1_27' title="bbox 2261 1211 3803 1284">
    <p class='ocr_par' dir='ltr' id='par_1_27' title="bbox 2261 1211 3803 1284">
     <span class='ocr_line' id='line_1_27' title="bbox 2261 1211 3803 1284; baseline -0.002 -16"><span class='ocrx_word' id='word_1_177' title='bbox 2261 1214 2503 1284; x_wconf 78' lang='grc' dir='ltr'>γυμνοὺς</span> <span class='ocrx_word' id='word_1_178' title='bbox 2557 1214 2653 1267; x_wconf 76' lang='grc' dir='ltr'>καὶ</span> <span class='ocrx_word' id='word_1_179' title='bbox 2703 1213 2942 1281; x_wconf 78' lang='grc' dir='ltr'>ἀόπλους</span> <span class='ocrx_word' id='word_1_180' title='bbox 2994 1214 3121 1276; x_wconf 75' lang='grc' dir='ltr'>τοῦς</span> <span class='ocrx_word' id='word_1_181' title='bbox 3177 1212 3345 1275; x_wconf 76' lang='grc' dir='ltr'>πόδας</span> <span class='ocrx_word' id='word_1_182' title='bbox 3373 1212 3628 1277; x_wconf 65' lang='grc' dir='ltr'>ἐρείσασα</span> <span class='ocrx_word' id='word_1_183' title='bbox 3681 1211 3803 1282; x_wconf 84' lang='grc' dir='ltr'>μάλα</span> 
     </span>
    </p>
   </div>
   <div class='ocr_carea' id='block_1_28' title="bbox 2261 1304 3804 1377">
    <p class='ocr_par' dir='ltr' id='par_1_28' title="bbox 2261 1304 3804 1377">
     <span class='ocr_line' id='line_1_28' title="bbox 2261 1304 3804 1377; baseline -0.002 -17"><span class='ocrx_word' id='word_1_184' title='bbox 2261 1307 2527 1377; x_wconf 82' lang='grc' dir='ltr'>γενναίως</span> <span class='ocrx_word' id='word_1_185' title='bbox 2550 1304 2907 1360; x_wconf 79' lang='grc' dir='ltr'>ἀνθίστασθαι</span> <span class='ocrx_word' id='word_1_186' title='bbox 2929 1308 3027 1359; x_wconf 68' lang='grc' dir='ltr'>καὶ</span> <span class='ocrx_word' id='word_1_187' title='bbox 3052 1306 3304 1377; x_wconf 78' lang='grc' dir='ltr'>ἀντέχειν</span> <span class='ocrx_word' id='word_1_188' title='bbox 3328 1305 3464 1376; x_wconf 82' lang='grc' dir='ltr'>πρὸς</span> <span class='ocrx_word' id='word_1_189' title='bbox 3491 1304 3632 1358; x_wconf 80' lang='grc' dir='ltr'>ἆπαν</span> <span class='ocrx_word' id='word_1_190' title='bbox 3653 1305 3804 1371; x_wconf 82' lang='grc' dir='ltr'>λύπης</span> 
     </span>
    </p>
   </div>
   <div class='ocr_carea' id='block_1_29' title="bbox 2261 1397 3805 1475">
    <p class='ocr_par' dir='ltr' id='par_1_29' title="bbox 2261 1397 3805 1475">
     <span class='ocr_line' id='line_1_29' title="bbox 2261 1397 3805 1475; baseline -0.003 -22"><span class='ocrx_word' id='word_1_191' title='bbox 2261 1398 2414 1469; x_wconf 84' lang='grc' dir='ltr'>κῦμα</span> <span class='ocrx_word' id='word_1_192' title='bbox 2444 1398 2540 1453; x_wconf 76' lang='grc' dir='ltr'><strong>καὶ</strong></span> <span class='ocrx_word' id='word_1_193' title='bbox 2557 1398 2759 1469; x_wconf 78' lang='grc' dir='ltr'>ῥόθιον,</span> <span class='ocrx_word' id='word_1_194' title='bbox 2777 1397 3030 1470; x_wconf 83' lang='grc' dir='ltr'>καθάπερ</span> <span class='ocrx_word' id='word_1_195' title='bbox 3050 1399 3293 1475; x_wconf 76' lang='grc' dir='ltr'>προϐλὴς</span> <span class='ocrx_word' id='word_1_196' title='bbox 3316 1397 3603 1460; x_wconf 83' lang='grc' dir='ltr'>ἀτίνακτος</span> <span class='ocrx_word' id='word_1_197' title='bbox 3621 1397 3805 1449; x_wconf 79' lang='grc' dir='ltr'><strong>ἑστῶσα</strong></span> 
     </span>
    </p>
   </div>
   <div class='ocr_carea' id='block_1_30' title="bbox 2265 1482 3807 1563">
    <p class='ocr_par' dir='ltr' id='par_1_30' title="bbox 2265 1482 3807 1563">
     <span class='ocr_line' id='line_1_30' title="bbox 2265 1482 3807 1563; baseline -0.003 -18"><span class='ocrx_word' id='word_1_198' title='bbox 2265 1492 2402 1563; x_wconf 69' lang='grc' dir='ltr'>πρὸς</span> <span class='ocrx_word' id='word_1_199' title='bbox 2430 1489 2764 1561; x_wconf 77' lang='grc' dir='ltr'>ὑϐρίζουσαν</span> <span class='ocrx_word' id='word_1_200' title='bbox 2795 1489 3096 1545; x_wconf 88' lang='grc' dir='ltr'>θάλασσαν.</span> <span class='ocrx_word' id='word_1_201' title='bbox 3147 1489 3389 1560; x_wconf 76' lang='grc' dir='ltr'>Σφοδρδς</span> <span class='ocrx_word' id='word_1_202' title='bbox 3424 1491 3525 1559; x_wconf 76' lang='grc' dir='ltr'>μὲν</span> <span class='ocrx_word' id='word_1_203' title='bbox 3569 1484 3659 1541; x_wconf 80' lang='grc' dir='ltr'>οὖν</span> <span class='ocrx_word' id='word_1_204' title='bbox 3684 1482 3749 1563; x_wconf 74' lang='grc' dir='ltr'>ἦν</span> <span class='ocrx_word' id='word_1_205' title='bbox 3786 1490 3807 1540; x_wconf 77' lang='grc' dir='ltr'>ὁ</span> 
     </span>
    </p>
   </div>
   <div class='ocr_carea' id='block_1_31' title="bbox 2263 1581 3809 1658">
    <p class='ocr_par' dir='ltr' id='par_1_31' title="bbox 2263 1581 3809 1658">
     <span class='ocr_line' id='line_1_31' title="bbox 2263 1581 3809 1658; baseline -0.002 -19"><span class='ocrx_word' id='word_1_206' title='bbox 2263 1583 2471 1655; x_wconf 87' lang='grc' dir='ltr'>χειμὼν</span> <span class='ocrx_word' id='word_1_207' title='bbox 2515 1586 2734 1656; x_wconf 68' lang='grc' dir='ltr'>ἐκείνης</span> <span class='ocrx_word' id='word_1_208' title='bbox 2789 1587 2889 1656; x_wconf 77' lang='grc' dir='ltr'>τῆς</span> <span class='ocrx_word' id='word_1_209' title='bbox 2926 1585 3261 1658; x_wconf 73' lang='grc' dir='ltr'>τραγῳδίας,</span> <span class='ocrx_word' id='word_1_210' title='bbox 3293 1585 3360 1655; x_wconf 68' lang='grc' dir='ltr'>ἦν</span> <span class='ocrx_word' id='word_1_211' title='bbox 3388 1584 3416 1638; x_wconf 85' lang='grc' dir='ltr'><strong>ὁ</strong></span> <span class='ocrx_word' id='word_1_212' title='bbox 3447 1581 3541 1637; x_wconf 86' lang='grc' dir='ltr'><strong>τοῦ</strong></span> <span class='ocrx_word' id='word_1_213' title='bbox 3576 1582 3809 1653; x_wconf 75' lang='grc' dir='ltr'>βασιλέως</span> 
     </span>
    </p>
   </div>
   <div class='ocr_carea' id='block_1_32' title="bbox 2263 1668 3806 1752">
    <p class='ocr_par' dir='ltr' id='par_1_32' title="bbox 2263 1668 3806 1752">
     <span class='ocr_line' id='line_1_32' title="bbox 2263 1668 3806 1752; baseline -0.005 -19"><span class='ocrx_word' id='word_1_214' title='bbox 2263 1678 2356 1733; x_wconf 79' lang='grc' dir='ltr'><strong>καὶ</strong></span> <span class='ocrx_word' id='word_1_215' title='bbox 2414 1679 2622 1751; x_wconf 82' lang='grc' dir='ltr'>πατρὸς</span> <span class='ocrx_word' id='word_1_216' title='bbox 2678 1679 2955 1752; x_wconf 80' lang='grc' dir='ltr'>ὲπήνεγκέ</span> <span class='ocrx_word' id='word_1_217' title='bbox 2990 1696 3072 1733; x_wconf 87' lang='grc' dir='ltr'><strong>σοι</strong></span> <span class='ocrx_word' id='word_1_218' title='bbox 3110 1677 3377 1741; x_wconf 71' lang='grc' dir='ltr'>θάνατος’</span> <span class='ocrx_word' id='word_1_219' title='bbox 3433 1675 3657 1746; x_wconf 71' lang='grc' dir='ltr'>σφοδρὸς</span> <span class='ocrx_word' id='word_1_220' title='bbox 3684 1674 3726 1729; x_wconf 87' lang='grc' dir='ltr'>δ’</span> <span class='ocrx_word' id='word_1_221' title='bbox 3750 1668 3806 1726; x_wconf 79' lang='grc' dir='ltr'>αὖ</span> 
     </span>
    </p>
   </div>
   <div class='ocr_carea' id='block_1_33' title="bbox 2262 1762 3812 1842">
    <p class='ocr_par' dir='ltr' id='par_1_33' title="bbox 2262 1762 3812 1842">
     <span class='ocr_line' id='line_1_33' title="bbox 2262 1762 3812 1842; baseline -0.005 -17"><span class='ocrx_word' id='word_1_222' title='bbox 2262 1771 2360 1825; x_wconf 73' lang='grc' dir='ltr'>καὶ</span> <span class='ocrx_word' id='word_1_223' title='bbox 2389 1770 2420 1825; x_wconf 84' lang='grc' dir='ltr'><strong>δ</strong></span> <span class='ocrx_word' id='word_1_224' title='bbox 2452 1769 2546 1825; x_wconf 87' lang='grc' dir='ltr'><strong>τοῦ</strong></span> <span class='ocrx_word' id='word_1_225' title='bbox 2581 1770 2851 1842; x_wconf 82' lang='grc' dir='ltr'>βασιλέως</span> <span class='ocrx_word' id='word_1_226' title='bbox 2876 1770 2972 1826; x_wconf 78' lang='grc' dir='ltr'>καὶ</span> <span class='ocrx_word' id='word_1_227' title='bbox 3001 1769 3255 1834; x_wconf 81' lang='grc' dir='ltr'>πάππου,</span> <span class='ocrx_word' id='word_1_228' title='bbox 3290 1769 3339 1823; x_wconf 82' lang='grc' dir='ltr'><strong>εί</strong></span> <span class='ocrx_word' id='word_1_229' title='bbox 3372 1767 3449 1838; x_wconf 84' lang='grc' dir='ltr'>μὴ</span> <span class='ocrx_word' id='word_1_230' title='bbox 3489 1767 3584 1821; x_wconf 75' lang='grc' dir='ltr'>καὶ</span> <span class='ocrx_word' id='word_1_231' title='bbox 3614 1762 3812 1835; x_wconf 80' lang='grc' dir='ltr'>μείζονα</span> 
     </span>
    </p>
   </div>
   <div class='ocr_carea' id='block_1_34' title="bbox 2265 1856 3811 1931">
    <p class='ocr_par' dir='ltr' id='par_1_34' title="bbox 2265 1856 3811 1931">
     <span class='ocr_line' id='line_1_34' title="bbox 2265 1856 3811 1931; baseline -0.004 -17"><span class='ocrx_word' id='word_1_232' title='bbox 2265 1859 2399 1931; x_wconf 80' lang='grc' dir='ltr'>φαίη</span> <span class='ocrx_word' id='word_1_233' title='bbox 2425 1878 2510 1925; x_wconf 89' lang='grc' dir='ltr'><strong>τις</strong></span> <span class='ocrx_word' id='word_1_234' title='bbox 2534 1859 2622 1928; x_wconf 82' lang='grc' dir='ltr'>ἂν,</span> <span class='ocrx_word' id='word_1_235' title='bbox 2644 1861 2727 1915; x_wconf 86' lang='grc' dir='ltr'>ὃτι</span> <span class='ocrx_word' id='word_1_236' title='bbox 2759 1861 2869 1927; x_wconf 82' lang='grc' dir='ltr'>ζῶν</span> <span class='ocrx_word' id='word_1_237' title='bbox 2897 1860 2994 1914; x_wconf 73' lang='grc' dir='ltr'>καὶ</span> <span class='ocrx_word' id='word_1_238' title='bbox 3019 1859 3339 1930; x_wconf 85' lang='grc' dir='ltr'>κινούμενον</span> <span class='ocrx_word' id='word_1_239' title='bbox 3377 1857 3542 1921; x_wconf 78' lang='grc' dir='ltr'>αὐτὸς</span> <span class='ocrx_word' id='word_1_240' title='bbox 3564 1856 3811 1910; x_wconf 71' lang='grc' dir='ltr'>ἐλέλειπτο</span> 
     </span>
    </p>
   </div>
   <div class='ocr_carea' id='block_1_35' title="bbox 587 1946 2160 2026">
    <p class='ocr_par' dir='ltr' id='par_1_35' title="bbox 587 1951 2160 2026">
     <span class='ocr_line' id='line_1_35' title="bbox 587 1951 2160 2026; baseline 0.001 -19"><span class='ocrx_word' id='word_1_241' title='bbox 587 1962 643 2007; x_wconf 84' lang='lat' dir='ltr'><strong>te</strong></span> <span class='ocrx_word' id='word_1_242' title='bbox 676 1969 822 2008; x_wconf 90' lang='lat' dir='ltr'><strong>nunc</strong></span> <span class='ocrx_word' id='word_1_243' title='bbox 860 1951 1096 2009; x_wconf 69' lang='lat' dir='ltr'><strong>domine</strong></span> <span class='ocrx_word' id='word_1_244' title='bbox 1132 1955 1322 2011; x_wconf 91' lang='lat' dir='ltr'><strong>matris</strong></span> <span class='ocrx_word' id='word_1_245' title='bbox 1347 1970 1509 2011; x_wconf 89' lang='lat' dir='ltr'><strong>casus</strong></span> <span class='ocrx_word' id='word_1_246' title='bbox 1543 1955 1816 2026; x_wconf 81' lang='lat' dir='ltr'><strong>oppressit</strong></span> <span class='ocrx_word' id='word_1_247' title='bbox 1848 1955 2008 2026; x_wconf 83' lang='lat' dir='ltr'><strong>longe</strong></span> <span class='ocrx_word' id='word_1_248' title='bbox 2036 1968 2160 2025; x_wconf 69' lang='lat' dir='ltr'><strong>gra-</strong></span> 
     </span>
    </p>
   </div>
   <div class='ocr_carea' id='block_1_36' title="bbox 2264 1946 3813 2026">
    <p class='ocr_par' dir='ltr' id='par_1_36' title="bbox 2265 1946 3813 2024">
     <span class='ocr_line' id='line_1_36' title="bbox 2265 1946 3813 2024; baseline -0.01 -11"><span class='ocrx_word' id='word_1_249' title='bbox 2265 1951 2583 2024; x_wconf 75' lang='grc' dir='ltr'>φάρμακον,</span> <span class='ocrx_word' id='word_1_250' title='bbox 2620 1953 2814 2023; x_wconf 80' lang='grc' dir='ltr'>ἡδονὴν</span> <span class='ocrx_word' id='word_1_251' title='bbox 2862 1951 3083 2023; x_wconf 78' lang='grc' dir='ltr'>ὁμαλῶς</span> <span class='ocrx_word' id='word_1_252' title='bbox 3133 1948 3333 2004; x_wconf 82' lang='grc' dir='ltr'>οὑτωσί</span> <span class='ocrx_word' id='word_1_253' title='bbox 3364 1966 3485 2013; x_wconf 86' lang='grc' dir='ltr'><strong>πως</strong></span> <span class='ocrx_word' id='word_1_254' title='bbox 3514 1946 3813 2017; x_wconf 78' lang='grc' dir='ltr'>ἀντιτεχνώ-</span> 
     </span>
    </p>
   </div>
   <div class='ocr_carea' id='block_1_37' title="bbox 568 2036 2158 2116">
    <p class='ocr_par' dir='ltr' id='par_1_37' title="bbox 568 2036 2158 2116">
     <span class='ocr_line' id='line_1_37' title="bbox 568 2036 2158 2116; baseline 0.001 -20"><span class='ocrx_word' id='word_1_255' title='bbox 568 2036 838 2097; x_wconf 70' lang='grc' dir='ltr'>²νίεείιηιιε</span> <span class='ocrx_word' id='word_1_256' title='bbox 903 2058 1119 2099; x_wconf 90' lang='lat' dir='ltr'><strong>omnem</strong></span> <span class='ocrx_word' id='word_1_257' title='bbox 1174 2044 1382 2100; x_wconf 89' lang='lat' dir='ltr'><strong>doloris</strong></span> <span class='ocrx_word' id='word_1_258' title='bbox 1461 2045 1819 2101; x_wconf 87' lang='lat' dir='ltr'><strong>acerbitatem</strong></span> <span class='ocrx_word' id='word_1_259' title='bbox 1901 2052 2158 2116; x_wconf 89' lang='lat' dir='ltr'><strong>superat,</strong></span> 
     </span>
    </p>
   </div>
   <div class='ocr_carea' id='block_1_38' title="bbox 575 2126 2162 2211">
    <p class='ocr_par' dir='ltr' id='par_1_38' title="bbox 575 2126 2162 2211">
     <span class='ocr_line' id='line_1_38' title="bbox 575 2126 2162 2211; baseline 0.001 -23"><span class='ocrx_word' id='word_1_260' title='bbox 575 2126 740 2211; x_wconf 64' lang='lat'><strong>492</strong></span> <span class='ocrx_word' id='word_1_261' title='bbox 772 2147 895 2188; x_wconf 91' lang='lat' dir='ltr'><strong>cum</strong></span> <span class='ocrx_word' id='word_1_262' title='bbox 922 2131 992 2186; x_wconf 92' lang='lat' dir='ltr'><strong>ob</strong></span> <span class='ocrx_word' id='word_1_263' title='bbox 1024 2133 1285 2204; x_wconf 82' lang='lat' dir='ltr'><strong>majorem</strong></span> <span class='ocrx_word' id='word_1_264' title='bbox 1335 2135 1620 2202; x_wconf 78' lang='lat' dir='ltr'><strong>sanguinis</strong></span> <span class='ocrx_word' id='word_1_265' title='bbox 1662 2133 2007 2198; x_wconf 86' lang='lat' dir='ltr'><strong>affinitatem,</strong></span> <span class='ocrx_word' id='word_1_266' title='bbox 2046 2137 2162 2192; x_wconf 83' lang='lat' dir='ltr'><strong>tum</strong></span> 
     </span>
    </p>
   </div>
   <div class='ocr_carea' id='block_1_39' title="bbox 577 2221 2164 2289">
    <p class='ocr_par' dir='ltr' id='par_1_39' title="bbox 577 2221 2164 2289">
     <span class='ocr_line' id='line_1_39' title="bbox 577 2221 2164 2289; baseline 0.008 -16"><span class='ocrx_word' id='word_1_267' title='bbox 577 2221 722 2289; x_wconf 85' lang='lat' dir='ltr'><strong>quod</strong></span> <span class='ocrx_word' id='word_1_268' title='bbox 767 2237 831 2277; x_wconf 88' lang='lat' dir='ltr'><strong>ea</strong></span> <span class='ocrx_word' id='word_1_269' title='bbox 862 2224 974 2278; x_wconf 90' lang='lat' dir='ltr'><strong>sola</strong></span> <span class='ocrx_word' id='word_1_270' title='bbox 1006 2233 1247 2279; x_wconf 85' lang='lat' dir='ltr'><strong>extrema</strong></span> <span class='ocrx_word' id='word_1_271' title='bbox 1277 2223 1495 2280; x_wconf 75' lang='lat' dir='ltr'><strong>familiae</strong></span> <span class='ocrx_word' id='word_1_272' title='bbox 1521 2241 1720 2281; x_wconf 86' lang='lat' dir='ltr'><strong>ancora</strong></span> <span class='ocrx_word' id='word_1_273' title='bbox 1744 2236 1801 2281; x_wconf 92' lang='lat' dir='ltr'><strong>et</strong></span> <span class='ocrx_word' id='word_1_274' title='bbox 1823 2242 2035 2282; x_wconf 89' lang='lat' dir='ltr'><strong>summa</strong></span> <span class='ocrx_word' id='word_1_275' title='bbox 2066 2226 2164 2285; x_wconf 83' lang='lat' dir='ltr'><strong>ob-</strong></span> 
     </span>
    </p>
   </div>
   <div class='ocr_carea' id='block_1_40' title="bbox 575 2309 2164 2386">
    <p class='ocr_par' dir='ltr' id='par_1_40' title="bbox 575 2309 2164 2386">
     <span class='ocr_line' id='line_1_40' title="bbox 575 2309 2164 2386; baseline 0.004 -21"><span class='ocrx_word' id='word_1_276' title='bbox 575 2309 799 2367; x_wconf 88' lang='lat' dir='ltr'><strong>lectatio</strong></span> <span class='ocrx_word' id='word_1_277' title='bbox 837 2313 1045 2384; x_wconf 84' lang='lat' dir='ltr'><strong>reliqua</strong></span> <span class='ocrx_word' id='word_1_278' title='bbox 1082 2313 1205 2369; x_wconf 89' lang='lat' dir='ltr'><strong>fuit.</strong></span> <span class='ocrx_word' id='word_1_279' title='bbox 1236 2314 1371 2369; x_wconf 85' lang='lat' dir='ltr'><strong>Nam</strong></span> <span class='ocrx_word' id='word_1_280' title='bbox 1403 2314 1470 2369; x_wconf 87' lang='lat' dir='ltr'><strong>ad</strong></span> <span class='ocrx_word' id='word_1_281' title='bbox 1510 2314 1658 2386; x_wconf 90' lang='lat' dir='ltr'><strong>ipsas</strong></span> <span class='ocrx_word' id='word_1_282' title='bbox 1685 2331 1859 2385; x_wconf 87' lang='lat' dir='ltr'><strong>usque</strong></span> <span class='ocrx_word' id='word_1_283' title='bbox 1895 2316 2164 2372; x_wconf 84' lang='lat' dir='ltr'><strong>medullas</strong></span> 
     </span>
    </p>
   </div>
   <div class='ocr_carea' id='block_1_41' title="bbox 578 2403 2164 2478">
    <p class='ocr_par' dir='ltr' id='par_1_41' title="bbox 578 2403 2164 2478">
     <span class='ocr_line' id='line_1_41' title="bbox 578 2403 2164 2478; baseline 0.004 -20"><span class='ocrx_word' id='word_1_284' title='bbox 578 2412 826 2473; x_wconf 85' lang='lat' dir='ltr'><strong>penetrat</strong></span> <span class='ocrx_word' id='word_1_285' title='bbox 847 2403 937 2460; x_wconf 91' lang='lat' dir='ltr'><strong>hic</strong></span> <span class='ocrx_word' id='word_1_286' title='bbox 953 2407 1129 2470; x_wconf 87' lang='lat' dir='ltr'><strong>dolor,</strong></span> <span class='ocrx_word' id='word_1_287' title='bbox 1158 2416 1214 2462; x_wconf 86' lang='lat' dir='ltr'><strong>et</strong></span> <span class='ocrx_word' id='word_1_288' title='bbox 1239 2407 1355 2477; x_wconf 88' lang='lat' dir='ltr'><strong>ipsa</strong></span> <span class='ocrx_word' id='word_1_289' title='bbox 1381 2423 1503 2463; x_wconf 89' lang='lat' dir='ltr'><strong>ossa</strong></span> <span class='ocrx_word' id='word_1_290' title='bbox 1527 2418 1638 2472; x_wconf 90' lang='lat' dir='ltr'><strong>tua,</strong></span> <span class='ocrx_word' id='word_1_291' title='bbox 1663 2408 1961 2464; x_wconf 89' lang='lat' dir='ltr'><strong>fortissime</strong></span> <span class='ocrx_word' id='word_1_292' title='bbox 1990 2408 2164 2478; x_wconf 87' lang='lat' dir='ltr'><strong>impc-</strong></span> 
     </span>
    </p>
   </div>
   <div class='ocr_carea' id='block_1_42' title="bbox 580 2494 2163 2568">
    <p class='ocr_par' dir='ltr' id='par_1_42' title="bbox 580 2494 2163 2568">
     <span class='ocr_line' id='line_1_42' title="bbox 580 2494 2163 2568; baseline 0.007 -20"><span class='ocrx_word' id='word_1_293' title='bbox 580 2504 752 2557; x_wconf 84' lang='lat' dir='ltr'><strong>rator,</strong></span> <span class='ocrx_word' id='word_1_294' title='bbox 774 2505 1031 2567; x_wconf 82' lang='lat' dir='ltr'><strong>tanquam</strong></span> <span class='ocrx_word' id='word_1_295' title='bbox 1053 2498 1252 2567; x_wconf 87' lang='lat' dir='ltr'><strong>aliquis</strong></span> <span class='ocrx_word' id='word_1_296' title='bbox 1269 2500 1468 2555; x_wconf 88' lang='lat' dir='ltr'><strong>vermis</strong></span> <span class='ocrx_word' id='word_1_297' title='bbox 1501 2494 1731 2557; x_wconf 74' lang='lat' dir='ltr'><strong>arrodi&#39;t.</strong></span> <span class='ocrx_word' id='word_1_298' title='bbox 1762 2500 1963 2568; x_wconf 86' lang='lat' dir='ltr'><strong>Quidni</strong></span> <span class='ocrx_word' id='word_1_299' title='bbox 1995 2506 2163 2559; x_wconf 82' lang='lat' dir='ltr'><strong>vero?</strong></span> 
     </span>
    </p>
   </div>
   <div class='ocr_carea' id='block_1_43' title="bbox 580 2588 2157 2671">
    <p class='ocr_par' dir='ltr' id='par_1_43' title="bbox 580 2588 2157 2671">
     <span class='ocr_line' id='line_1_43' title="bbox 580 2588 2157 2671; baseline 0.005 -31"><span class='ocrx_word' id='word_1_300' title='bbox 580 2599 707 2641; x_wconf 87' lang='lat' dir='ltr'><strong>cum</strong></span> <span class='ocrx_word' id='word_1_301' title='bbox 736 2603 811 2671; x_wconf 82' lang='lat' dir='ltr'><strong>ea_</strong></span> <span class='ocrx_word' id='word_1_302' title='bbox 833 2597 1006 2642; x_wconf 89' lang='lat' dir='ltr'><strong>mater</strong></span> <span class='ocrx_word' id='word_1_303' title='bbox 1036 2588 1220 2656; x_wconf 87' lang='lat' dir='ltr'><strong>fuerit,</strong></span> <span class='ocrx_word' id='word_1_304' title='bbox 1247 2599 1441 2658; x_wconf 81' lang='lat' dir='ltr'><strong>mater,</strong></span> <span class='ocrx_word' id='word_1_305' title='bbox 1472 2592 1718 2662; x_wconf 88' lang='lat' dir='ltr'><strong>inquam,</strong></span> <span class='ocrx_word' id='word_1_306' title='bbox 1751 2594 2157 2663; x_wconf 81' lang='lat' dir='ltr'><strong>augustissima,</strong></span> 
     </span>
    </p>
   </div>
   <div class='ocr_carea' id='block_1_44' title="bbox 582 2673 2161 2744">
    <p class='ocr_par' dir='ltr' id='par_1_44' title="bbox 582 2673 2161 2744">
     <span class='ocr_line' id='line_1_44' title="bbox 582 2673 2161 2744; baseline 0.008 -20"><span class='ocrx_word' id='word_1_307' title='bbox 582 2673 883 2744; x_wconf 79' lang='lat' dir='ltr'><strong>eademque</strong></span> <span class='ocrx_word' id='word_1_308' title='bbox 919 2674 1266 2741; x_wconf 86' lang='lat' dir='ltr'><strong>suavissima,</strong></span> <span class='ocrx_word' id='word_1_309' title='bbox 1312 2686 1368 2731; x_wconf 89' lang='lat' dir='ltr'><strong>et</strong></span> <span class='ocrx_word' id='word_1_310' title='bbox 1400 2676 1571 2732; x_wconf 88' lang='lat' dir='ltr'><strong>firmis</strong></span> <span class='ocrx_word' id='word_1_311' title='bbox 1596 2693 1658 2732; x_wconf 89' lang='lat' dir='ltr'><strong>ac</strong></span> <span class='ocrx_word' id='word_1_312' title='bbox 1688 2678 2161 2736; x_wconf 85' lang='lat' dir='ltr'><strong>indissolubilibus</strong></span> 
     </span>
    </p>
   </div>
   <div class='ocr_carea' id='block_1_45' title="bbox 580 2767 2159 2844">
    <p class='ocr_par' dir='ltr' id='par_1_45' title="bbox 580 2767 2159 2844">
     <span class='ocr_line' id='line_1_45' title="bbox 580 2767 2159 2844; baseline 0.006 -25"><span class='ocrx_word' id='word_1_313' title='bbox 580 2775 795 2821; x_wconf 78' lang='lat' dir='ltr'><strong>natura:</strong></span> <span class='ocrx_word' id='word_1_314' title='bbox 838 2767 1073 2824; x_wconf 88' lang='lat' dir='ltr'><strong>vinculis</strong></span> <span class='ocrx_word' id='word_1_315' title='bbox 1120 2769 1219 2824; x_wconf 87' lang='lat' dir='ltr'><strong>tibi</strong></span> <span class='ocrx_word' id='word_1_316' title='bbox 1270 2771 1493 2826; x_wconf 87' lang='lat' dir='ltr'><strong>astricta</strong></span> <span class='ocrx_word' id='word_1_317' title='bbox 1522 2787 1537 2825; x_wconf 90' lang='lat'><strong>:</strong></span> <span class='ocrx_word' id='word_1_318' title='bbox 1566 2772 1793 2842; x_wconf 89' lang='lat' dir='ltr'><strong>etquod</strong></span> <span class='ocrx_word' id='word_1_319' title='bbox 1843 2774 2018 2844; x_wconf 87' lang='lat' dir='ltr'><strong>majus</strong></span> <span class='ocrx_word' id='word_1_320' title='bbox 2053 2783 2159 2839; x_wconf 89' lang='lat' dir='ltr'><strong>est,</strong></span> 
     </span>
    </p>
   </div>
   <div class='ocr_carea' id='block_1_46' title="bbox 576 2859 2157 2936">
    <p class='ocr_par' dir='ltr' id='par_1_46' title="bbox 576 2859 2157 2936">
     <span class='ocr_line' id='line_1_46' title="bbox 576 2859 2157 2936; baseline 0.006 -24"><span class='ocrx_word' id='word_1_321' title='bbox 576 2859 833 2925; x_wconf 84' lang='lat' dir='ltr'><strong>plurimis</strong></span> <span class='ocrx_word' id='word_1_322' title='bbox 849 2869 945 2928; x_wconf 80' lang='lat' dir='ltr'><strong>tua</strong></span> <span class='ocrx_word' id='word_1_323' title='bbox 968 2875 1135 2916; x_wconf 84' lang='lat' dir='ltr'><strong>causa</strong></span> <span class='ocrx_word' id='word_1_324' title='bbox 1157 2861 1441 2919; x_wconf 84' lang='lat' dir='ltr'><strong>laboribus</strong></span> <span class='ocrx_word' id='word_1_325' title='bbox 1476 2865 1791 2920; x_wconf 84' lang='lat' dir='ltr'><strong>exercitata.</strong></span> <span class='ocrx_word' id='word_1_326' title='bbox 1815 2865 2003 2936; x_wconf 83' lang='lat' dir='ltr'><strong>Neque</strong></span> <span class='ocrx_word' id='word_1_327' title='bbox 2026 2880 2157 2921; x_wconf 91' lang='lat' dir='ltr'><strong>vero</strong></span> 
     </span>
    </p>
   </div>
   <div class='ocr_carea' id='block_1_47' title="bbox 576 2952 2156 3026">
    <p class='ocr_par' dir='ltr' id='par_1_47' title="bbox 576 2952 2156 3026">
     <span class='ocr_line' id='line_1_47' title="bbox 576 2952 2156 3026; baseline 0.005 -20"><span class='ocrx_word' id='word_1_328' title='bbox 576 2960 633 3006; x_wconf 80' lang='lat' dir='ltr'><strong>te</strong></span> <span class='ocrx_word' id='word_1_329' title='bbox 659 2952 832 3008; x_wconf 91' lang='lat' dir='ltr'><strong>solum</strong></span> <span class='ocrx_word' id='word_1_330' title='bbox 856 2969 951 3009; x_wconf 90' lang='lat' dir='ltr'><strong>sua</strong></span> <span class='ocrx_word' id='word_1_331' title='bbox 976 2965 1148 3009; x_wconf 89' lang='lat' dir='ltr'><strong>morte</strong></span> <span class='ocrx_word' id='word_1_332' title='bbox 1168 2954 1221 3009; x_wconf 92' lang='lat' dir='ltr'><strong>in</strong></span> <span class='ocrx_word' id='word_1_333' title='bbox 1255 2964 1457 3013; x_wconf 84' lang='lat' dir='ltr'><strong>tantam</strong></span> <span class='ocrx_word' id='word_1_334' title='bbox 1476 2957 1755 3013; x_wconf 87' lang='lat' dir='ltr'><strong>tristitiam</strong></span> <span class='ocrx_word' id='word_1_335' title='bbox 1780 2958 2040 3026; x_wconf 79' lang='lat' dir='ltr'><strong>coniecit,</strong></span> <span class='ocrx_word' id='word_1_336' title='bbox 2061 2958 2156 3014; x_wconf 90' lang='lat' dir='ltr'><strong>sed</strong></span> 
     </span>
    </p>
   </div>
   <div class='ocr_carea' id='block_1_48' title="bbox 577 3042 2158 3118">
    <p class='ocr_par' dir='ltr' id='par_1_48' title="bbox 577 3042 2158 3118">
     <span class='ocr_line' id='line_1_48' title="bbox 577 3042 2158 3118; baseline 0.005 -20"><span class='ocrx_word' id='word_1_337' title='bbox 577 3042 744 3098; x_wconf 88' lang='lat' dir='ltr'><strong>etiam</strong></span> <span class='ocrx_word' id='word_1_338' title='bbox 794 3058 895 3100; x_wconf 89' lang='lat' dir='ltr'><strong>nos</strong></span> <span class='ocrx_word' id='word_1_339' title='bbox 943 3061 1158 3112; x_wconf 90' lang='lat' dir='ltr'><strong>omnes,</strong></span> <span class='ocrx_word' id='word_1_340' title='bbox 1190 3047 1284 3116; x_wconf 87' lang='lat' dir='ltr'><strong>qui</strong></span> <span class='ocrx_word' id='word_1_341' title='bbox 1312 3047 1469 3104; x_wconf 87' lang='lat' dir='ltr'><strong>vobis</strong></span> <span class='ocrx_word' id='word_1_342' title='bbox 1514 3065 1789 3118; x_wconf 88' lang='lat' dir='ltr'><strong>paremus.</strong></span> <span class='ocrx_word' id='word_1_343' title='bbox 1834 3048 1947 3105; x_wconf 89' lang='lat' dir='ltr'><strong>lmo</strong></span> <span class='ocrx_word' id='word_1_344' title='bbox 1977 3052 2158 3107; x_wconf 86' lang='lat' dir='ltr'><strong>luctus</strong></span> 
     </span>
    </p>
   </div>
   <div class='ocr_carea' id='block_1_49' title="bbox 579 3133 2157 3212">
    <p class='ocr_par' dir='ltr' id='par_1_49' title="bbox 579 3133 2157 3212">
     <span class='ocr_line' id='line_1_49' title="bbox 579 3133 2157 3212; baseline 0.006 -24"><span class='ocrx_word' id='word_1_345' title='bbox 579 3133 685 3190; x_wconf 83' lang='lat' dir='ltr'><strong>iste</strong></span> <span class='ocrx_word' id='word_1_346' title='bbox 723 3144 911 3192; x_wconf 83' lang='lat' dir='ltr'><strong>noster</strong></span> <span class='ocrx_word' id='word_1_347' title='bbox 960 3137 1160 3208; x_wconf 82' lang='lat' dir='ltr'><strong>duplex</strong></span> <span class='ocrx_word' id='word_1_348' title='bbox 1191 3150 1294 3195; x_wconf 88' lang='lat' dir='ltr'><strong>est.</strong></span> <span class='ocrx_word' id='word_1_349' title='bbox 1324 3139 1458 3194; x_wconf 84' lang='lat' dir='ltr'><strong>Nam</strong></span> <span class='ocrx_word' id='word_1_350' title='bbox 1489 3151 1544 3195; x_wconf 91' lang='lat' dir='ltr'><strong>et</strong></span> <span class='ocrx_word' id='word_1_351' title='bbox 1573 3156 1673 3196; x_wconf 93' lang='lat' dir='ltr'><strong>nos</strong></span> <span class='ocrx_word' id='word_1_352' title='bbox 1711 3157 1930 3211; x_wconf 82' lang='lat' dir='ltr'><strong>gravem</strong></span> <span class='ocrx_word' id='word_1_353' title='bbox 1973 3142 2157 3212; x_wconf 78' lang='lat' dir='ltr'><strong>iaetu-</strong></span> 
     </span>
    </p>
   </div>
   <div class='ocr_carea' id='block_1_50' title="bbox 576 3226 2153 3301">
    <p class='ocr_par' dir='ltr' id='par_1_50' title="bbox 576 3226 2153 3301">
     <span class='ocr_line' id='line_1_50' title="bbox 576 3226 2153 3301; baseline 0.004 -22"><span class='ocrx_word' id='word_1_354' title='bbox 576 3240 697 3279; x_wconf 86' lang='lat' dir='ltr'><strong>ram</strong></span> <span class='ocrx_word' id='word_1_355' title='bbox 746 3226 1001 3292; x_wconf 84' lang='lat' dir='ltr'><strong>fecimus,</strong></span> <span class='ocrx_word' id='word_1_356' title='bbox 1048 3243 1222 3299; x_wconf 88' lang='lat' dir='ltr'><strong>eoque</strong></span> <span class='ocrx_word' id='word_1_357' title='bbox 1255 3231 1539 3301; x_wconf 84' lang='lat' dir='ltr'><strong>majorem,</strong></span> <span class='ocrx_word' id='word_1_358' title='bbox 1585 3231 1731 3300; x_wconf 84' lang='lat' dir='ltr'><strong>quod</strong></span> <span class='ocrx_word' id='word_1_359' title='bbox 1776 3238 1833 3286; x_wconf 89' lang='lat' dir='ltr'><strong>et</strong></span> <span class='ocrx_word' id='word_1_360' title='bbox 1873 3231 1986 3298; x_wconf 90' lang='lat' dir='ltr'><strong>illa,</strong></span> <span class='ocrx_word' id='word_1_361' title='bbox 2024 3231 2153 3287; x_wconf 90' lang='lat' dir='ltr'><strong>dum</strong></span> 
     </span>
    </p>
   </div>
   <div class='ocr_carea' id='block_1_51' title="bbox 523 3305 2223 3389">
    <p class='ocr_par' dir='ltr' id='par_1_51' title="bbox 523 3305 2223 3389">
     <span class='ocr_line' id='line_1_51' title="bbox 523 3305 2223 3389; baseline 0.004 -18"><span class='ocrx_word' id='word_1_362' title='bbox 523 3332 527 3336; x_wconf 69' lang='lat'><strong>‘</strong></span> <span class='ocrx_word' id='word_1_363' title='bbox 576 3318 811 3383; x_wconf 82' lang='lat' dir='ltr'><strong>viveret,</strong></span> <span class='ocrx_word' id='word_1_364' title='bbox 845 3319 1101 3375; x_wconf 84' lang='lat' dir='ltr'><strong>salutaris</strong></span> <span class='ocrx_word' id='word_1_365' title='bbox 1141 3331 1329 3389; x_wconf 91' lang='lat' dir='ltr'><strong>portus</strong></span> <span class='ocrx_word' id='word_1_366' title='bbox 1366 3318 1612 3377; x_wconf 82' lang='lat' dir='ltr'><strong>omnium</strong></span> <span class='ocrx_word' id='word_1_367' title='bbox 1643 3321 1747 3376; x_wconf 91' lang='lat' dir='ltr'><strong>fuit</strong></span> <span class='ocrx_word' id='word_1_368' title='bbox 1774 3332 1830 3377; x_wconf 85' lang='lat' dir='ltr'><strong>et</strong></span> <span class='ocrx_word' id='word_1_369' title='bbox 1862 3335 2152 3378; x_wconf 88' lang='lat' dir='ltr'><strong>commune</strong></span> <span class='ocrx_word' id='word_1_370' title='bbox 2178 3305 2223 3368; x_wconf 69' lang='grc' dir='ltr'>ο</span> 
     </span>
    </p>
   </div>
   <div class='ocr_carea' id='block_1_52' title="bbox 578 3410 2156 3487">
    <p class='ocr_par' dir='ltr' id='par_1_52' title="bbox 578 3410 2156 3487">
     <span class='ocr_line' id='line_1_52' title="bbox 578 3410 2156 3487; baseline 0.004 -21"><span class='ocrx_word' id='word_1_371' title='bbox 578 3410 870 3481; x_wconf 81' lang='lat' dir='ltr'><strong>solatium;</strong></span> <span class='ocrx_word' id='word_1_372' title='bbox 898 3423 954 3469; x_wconf 87' lang='lat' dir='ltr'><strong>et</strong></span> <span class='ocrx_word' id='word_1_373' title='bbox 986 3429 1134 3470; x_wconf 92' lang='lat' dir='ltr'><strong>nunc</strong></span> <span class='ocrx_word' id='word_1_374' title='bbox 1169 3423 1316 3469; x_wconf 88' lang='lat' dir='ltr'><strong>tuam</strong></span> <span class='ocrx_word' id='word_1_375' title='bbox 1355 3416 1795 3486; x_wconf 81' lang='lat' dir='ltr'><strong>augustissimam</strong></span> <span class='ocrx_word' id='word_1_376' title='bbox 1823 3425 1880 3472; x_wconf 90' lang='lat' dir='ltr'><strong>et</strong></span> <span class='ocrx_word' id='word_1_377' title='bbox 1909 3416 2156 3487; x_wconf 85' lang='lat' dir='ltr'><strong>publica-</strong></span> 
     </span>
    </p>
   </div>
   <div class='ocr_carea' id='block_1_53' title="bbox 576 3504 2157 3574">
    <p class='ocr_par' dir='ltr' id='par_1_53' title="bbox 576 3504 2157 3574">
     <span class='ocr_line' id='line_1_53' title="bbox 576 3504 2157 3574; baseline 0.003 -15"><span class='ocrx_word' id='word_1_378' title='bbox 576 3519 701 3559; x_wconf 84' lang='lat' dir='ltr'><strong>rum</strong></span> <span class='ocrx_word' id='word_1_379' title='bbox 748 3520 935 3559; x_wconf 92' lang='lat' dir='ltr'><strong>rerum</strong></span> <span class='ocrx_word' id='word_1_380' title='bbox 986 3504 1367 3574; x_wconf 88' lang='lat' dir='ltr'><strong>inspectricem</strong></span> <span class='ocrx_word' id='word_1_381' title='bbox 1398 3519 1454 3563; x_wconf 93' lang='lat' dir='ltr'><strong>et</strong></span> <span class='ocrx_word' id='word_1_382' title='bbox 1480 3509 1813 3563; x_wconf 87' lang='lat' dir='ltr'><strong>curatricein</strong></span> <span class='ocrx_word' id='word_1_383' title='bbox 1859 3523 2098 3565; x_wconf 88' lang='lat' dir='ltr'><strong>mentem</strong></span> <span class='ocrx_word' id='word_1_384' title='bbox 2126 3523 2157 3564; x_wconf 91' lang='lat' dir='ltr'><strong>a</strong></span> 
     </span>
    </p>
   </div>
   <div class='ocr_carea' id='block_1_54' title="bbox 576 3598 2159 3672">
    <p class='ocr_par' dir='ltr' id='par_1_54' title="bbox 576 3598 2159 3672">
     <span class='ocr_line' id='line_1_54' title="bbox 576 3598 2159 3672; baseline 0.001 -18"><span class='ocrx_word' id='word_1_385' title='bbox 576 3598 908 3654; x_wconf 85' lang='lat' dir='ltr'><strong>necessariis</strong></span> <span class='ocrx_word' id='word_1_386' title='bbox 953 3598 1101 3653; x_wconf 89' lang='lat' dir='ltr'><strong>curis</strong></span> <span class='ocrx_word' id='word_1_387' title='bbox 1130 3608 1337 3655; x_wconf 79' lang='lat' dir='ltr'><strong>avocat.</strong></span> <span class='ocrx_word' id='word_1_388' title='bbox 1370 3599 1526 3666; x_wconf 88' lang='lat' dir='ltr'><strong>Quod</strong></span> <span class='ocrx_word' id='word_1_389' title='bbox 1555 3603 1601 3655; x_wconf 91' lang='lat' dir='ltr'><strong>si</strong></span> <span class='ocrx_word' id='word_1_390' title='bbox 1625 3617 1743 3655; x_wconf 84' lang='lat' dir='ltr'><strong>eam</strong></span> <span class='ocrx_word' id='word_1_391' title='bbox 1786 3615 1896 3670; x_wconf 86' lang='lat' dir='ltr'><strong>non</strong></span> <span class='ocrx_word' id='word_1_392' title='bbox 1932 3616 2159 3672; x_wconf 88' lang='lat' dir='ltr'><strong>prorsus</strong></span> 
     </span>
    </p>
   </div>
   <div class='ocr_carea' id='block_1_55' title="bbox 579 3690 2159 3760">
    <p class='ocr_par' dir='ltr' id='par_1_55' title="bbox 579 3690 2159 3760">
     <span class='ocr_line' id='line_1_55' title="bbox 579 3690 2159 3760; baseline 0.003 -16"><span class='ocrx_word' id='word_1_393' title='bbox 579 3699 747 3760; x_wconf 72' lang='lat' dir='ltr'><strong>atque</strong></span> <span class='ocrx_word' id='word_1_394' title='bbox 791 3690 1019 3747; x_wconf 84' lang='lat' dir='ltr'><strong>omnino</strong></span> <span class='ocrx_word' id='word_1_395' title='bbox 1060 3690 1366 3756; x_wconf 84' lang='lat' dir='ltr'><strong>abstrahit,</strong></span> <span class='ocrx_word' id='word_1_396' title='bbox 1408 3704 1588 3750; x_wconf 88' lang='lat' dir='ltr'><strong>tamen</strong></span> <span class='ocrx_word' id='word_1_397' title='bbox 1622 3694 1675 3748; x_wconf 91' lang='lat' dir='ltr'><strong>in</strong></span> <span class='ocrx_word' id='word_1_398' title='bbox 1705 3702 1858 3749; x_wconf 91' lang='lat' dir='ltr'><strong>tanto</strong></span> <span class='ocrx_word' id='word_1_399' title='bbox 1899 3708 2159 3749; x_wconf 86' lang='lat' dir='ltr'><strong>curarum</strong></span> 
     </span>
    </p>
   </div>
   <div class='ocr_carea' id='block_1_56' title="bbox 577 3782 2160 3856">
    <p class='ocr_par' dir='ltr' id='par_1_56' title="bbox 577 3782 2160 3856">
     <span class='ocr_line' id='line_1_56' title="bbox 577 3782 2160 3856; baseline 0.002 -19"><span class='ocrx_word' id='word_1_400' title='bbox 577 3790 714 3837; x_wconf 65' lang='lat' dir='ltr'><strong>astu</strong></span> <span class='ocrx_word' id='word_1_401' title='bbox 761 3782 931 3839; x_wconf 84' lang='lat' dir='ltr'><strong>etiam</strong></span> <span class='ocrx_word' id='word_1_402' title='bbox 978 3798 1208 3853; x_wconf 86' lang='lat' dir='ltr'><strong>parvum</strong></span> <span class='ocrx_word' id='word_1_403' title='bbox 1243 3785 1697 3856; x_wconf 87' lang='lat' dir='ltr'><strong>impedimentum</strong></span> <span class='ocrx_word' id='word_1_404' title='bbox 1728 3785 1963 3839; x_wconf 81' lang='lat' dir='ltr'><strong>maxima</strong></span> <span class='ocrx_word' id='word_1_405' title='bbox 1999 3784 2160 3840; x_wconf 67' lang='lat' dir='ltr'><strong>affert</strong></span> 
     </span>
    </p>
   </div>
   <div class='ocr_carea' id='block_1_57' title="bbox 579 3872 2161 3947">
    <p class='ocr_par' dir='ltr' id='par_1_57' title="bbox 579 3872 2161 3947">
     <span class='ocr_line' id='line_1_57' title="bbox 579 3872 2161 3947; baseline 0.002 -19"><span class='ocrx_word' id='word_1_406' title='bbox 579 3872 914 3930; x_wconf 81' lang='lat' dir='ltr'><strong>detrimenta</strong></span> <span class='ocrx_word' id='word_1_407' title='bbox 967 3874 1287 3945; x_wconf 77' lang='lat' dir='ltr'><strong>reipublicae</strong></span> <span class='ocrx_word' id='word_1_408' title='bbox 1340 3876 1577 3947; x_wconf 84' lang='lat' dir='ltr'><strong>navigio,</strong></span> <span class='ocrx_word' id='word_1_409' title='bbox 1633 3892 1740 3931; x_wconf 93' lang='lat' dir='ltr'><strong>non</strong></span> <span class='ocrx_word' id='word_1_410' title='bbox 1792 3888 1952 3931; x_wconf 83' lang='lat' dir='ltr'><strong>secus</strong></span> <span class='ocrx_word' id='word_1_411' title='bbox 2004 3890 2068 3932; x_wconf 89' lang='lat' dir='ltr'><strong>ac</strong></span> <span class='ocrx_word' id='word_1_412' title='bbox 2112 3874 2161 3932; x_wconf 87' lang='lat' dir='ltr'><strong>si</strong></span> 
     </span>
    </p>
   </div>
   <div class='ocr_carea' id='block_1_58' title="bbox 581 3967 2156 4040">
    <p class='ocr_par' dir='ltr' id='par_1_58' title="bbox 581 3967 2156 4040">
     <span class='ocr_line' id='line_1_58' title="bbox 581 3967 2156 4040; baseline 0.002 -20"><span class='ocrx_word' id='word_1_413' title='bbox 581 3967 920 4038; x_wconf 74' lang='lat' dir='ltr'><strong>gubernator</strong></span> <span class='ocrx_word' id='word_1_414' title='bbox 954 3969 1007 4023; x_wconf 92' lang='lat' dir='ltr'><strong>in</strong></span> <span class='ocrx_word' id='word_1_415' title='bbox 1035 3968 1216 4023; x_wconf 91' lang='lat' dir='ltr'><strong>medio</strong></span> <span class='ocrx_word' id='word_1_416' title='bbox 1244 3967 1435 4039; x_wconf 81' lang='lat' dir='ltr'><strong>pelago</strong></span> <span class='ocrx_word' id='word_1_417' title='bbox 1464 3972 1787 4040; x_wconf 74' lang='lat' dir='ltr'><strong>tempestate</strong></span> <span class='ocrx_word' id='word_1_418' title='bbox 1813 3967 2156 4035; x_wconf 80' lang='lat' dir='ltr'><strong>conﬂictans,</strong></span> 
     </span>
    </p>
   </div>
   <div class='ocr_carea' id='block_1_59' title="bbox 580 4058 2161 4131">
    <p class='ocr_par' dir='ltr' id='par_1_59' title="bbox 580 4058 2161 4131">
     <span class='ocr_line' id='line_1_59' title="bbox 580 4058 2161 4131; baseline 0.001 -15"><span class='ocrx_word' id='word_1_419' title='bbox 580 4059 797 4117; x_wconf 75' lang='lat' dir='ltr'><strong>inferne</strong></span> <span class='ocrx_word' id='word_1_420' title='bbox 821 4058 1077 4115; x_wconf 74' lang='lat' dir='ltr'><strong>ﬂuctibus</strong></span> <span class='ocrx_word' id='word_1_421' title='bbox 1105 4059 1543 4131; x_wconf 78' lang='lat' dir='ltr'><strong>insurgentibus,</strong></span> <span class='ocrx_word' id='word_1_422' title='bbox 1568 4075 1805 4131; x_wconf 88' lang='lat' dir='ltr'><strong>superne</strong></span> <span class='ocrx_word' id='word_1_423' title='bbox 1826 4075 1956 4117; x_wconf 85' lang='lat' dir='ltr'><strong>vero</strong></span> <span class='ocrx_word' id='word_1_424' title='bbox 1980 4062 2161 4118; x_wconf 89' lang='lat' dir='ltr'><strong>ventis</strong></span> 
     </span>
    </p>
   </div>
   <div class='ocr_carea' id='block_1_60' title="bbox 554 4146 2162 4223">
    <p class='ocr_par' dir='ltr' id='par_1_60' title="bbox 554 4146 2162 4223">
     <span class='ocr_line' id='line_1_60' title="bbox 554 4146 2162 4223; baseline 0.001 -17"><span class='ocrx_word' id='word_1_425' title='bbox 554 4146 706 4209; x_wconf 27' lang='lat' dir='ltr'><strong>‘vela</strong></span> <span class='ocrx_word' id='word_1_426' title='bbox 745 4151 1121 4215; x_wconf 86' lang='lat' dir='ltr'><strong>turbantibus,</strong></span> <span class='ocrx_word' id='word_1_427' title='bbox 1155 4153 1375 4207; x_wconf 88' lang='lat' dir='ltr'><strong>interim</strong></span> <span class='ocrx_word' id='word_1_428' title='bbox 1407 4164 1462 4209; x_wconf 93' lang='lat' dir='ltr'><strong>et</strong></span> <span class='ocrx_word' id='word_1_429' title='bbox 1490 4153 1609 4223; x_wconf 90' lang='lat' dir='ltr'><strong>ipse</strong></span> <span class='ocrx_word' id='word_1_430' title='bbox 1638 4154 1722 4208; x_wconf 89' lang='lat' dir='ltr'><strong>sui</strong></span> <span class='ocrx_word' id='word_1_431' title='bbox 1752 4153 1999 4209; x_wconf 86' lang='lat' dir='ltr'><strong>muneris</strong></span> <span class='ocrx_word' id='word_1_432' title='bbox 2024 4152 2162 4208; x_wconf 87' lang='lat' dir='ltr'><strong>obli-</strong></span> 
     </span>
    </p>
   </div>
   <div class='ocr_carea' id='block_1_61' title="bbox 583 4242 2160 4316">
    <p class='ocr_par' dir='ltr' id='par_1_61' title="bbox 583 4242 2160 4316">
     <span class='ocr_line' id='line_1_61' title="bbox 583 4242 2160 4316; baseline -0.001 -16"><span class='ocrx_word' id='word_1_433' title='bbox 583 4252 676 4301; x_wconf 85' lang='lat' dir='ltr'><strong>tus</strong></span> <span class='ocrx_word' id='word_1_434' title='bbox 704 4242 985 4312; x_wconf 86' lang='lat' dir='ltr'><strong>dormitet,</strong></span> <span class='ocrx_word' id='word_1_435' title='bbox 1019 4252 1081 4299; x_wconf 89' lang='lat' dir='ltr'><strong>ut</strong></span> <span class='ocrx_word' id='word_1_436' title='bbox 1111 4244 1245 4299; x_wconf 88' lang='lat' dir='ltr'><strong>nihil</strong></span> <span class='ocrx_word' id='word_1_437' title='bbox 1271 4246 1383 4316; x_wconf 85' lang='lat' dir='ltr'><strong>jam</strong></span> <span class='ocrx_word' id='word_1_438' title='bbox 1412 4244 1482 4299; x_wconf 88' lang='lat' dir='ltr'><strong>sit</strong></span> <span class='ocrx_word' id='word_1_439' title='bbox 1513 4244 1783 4314; x_wconf 88' lang='lat' dir='ltr'><strong>reliquum</strong></span> <span class='ocrx_word' id='word_1_440' title='bbox 1834 4244 1983 4315; x_wconf 87' lang='lat' dir='ltr'><strong>quod</strong></span> <span class='ocrx_word' id='word_1_441' title='bbox 2029 4259 2160 4314; x_wconf 87' lang='lat' dir='ltr'><strong>pro-</strong></span> 
     </span>
    </p>
   </div>
   <div class='ocr_carea' id='block_1_62' title="bbox 581 4325 2158 4407">
    <p class='ocr_par' dir='ltr' id='par_1_62' title="bbox 581 4325 2158 4407">
     <span class='ocr_line' id='line_1_62' title="bbox 581 4325 2158 4407; baseline 0.001 -15"><span class='ocrx_word' id='word_1_442' title='bbox 581 4337 794 4402; x_wconf 81' lang='lat' dir='ltr'><strong>hibeat,</strong></span> <span class='ocrx_word' id='word_1_443' title='bbox 837 4325 1135 4407; x_wconf 62' lang='lat' dir='ltr'><strong>quiiminus</strong></span> <span class='ocrx_word' id='word_1_444' title='bbox 1169 4336 1326 4391; x_wconf 88' lang='lat' dir='ltr'><strong>navis</strong></span> <span class='ocrx_word' id='word_1_445' title='bbox 1352 4337 1406 4392; x_wconf 92' lang='lat' dir='ltr'><strong>in</strong></span> <span class='ocrx_word' id='word_1_446' title='bbox 1440 4336 1666 4392; x_wconf 88' lang='lat' dir='ltr'><strong>fundum</strong></span> <span class='ocrx_word' id='word_1_447' title='bbox 1701 4337 1868 4393; x_wconf 86' lang='lat' dir='ltr'><strong>maris</strong></span> <span class='ocrx_word' id='word_1_448' title='bbox 1891 4337 2008 4393; x_wconf 90' lang='lat' dir='ltr'><strong>suis</strong></span> <span class='ocrx_word' id='word_1_449' title='bbox 2035 4351 2158 4393; x_wconf 88' lang='lat' dir='ltr'><strong>cum</strong></span> 
     </span>
    </p>
   </div>
   <div class='ocr_carea' id='block_1_63' title="bbox 580 4429 2159 4501">
    <p class='ocr_par' dir='ltr' id='par_1_63' title="bbox 580 4429 2159 4501">
     <span class='ocr_line' id='line_1_63' title="bbox 580 4429 2159 4501; baseline -0.001 -15"><span class='ocrx_word' id='word_1_450' title='bbox 580 4430 901 4488; x_wconf 80' lang='lat' dir='ltr'><strong>vectoribus</strong></span> <span class='ocrx_word' id='word_1_451' title='bbox 928 4430 1113 4487; x_wconf 87' lang='lat' dir='ltr'><strong>subito</strong></span> <span class='ocrx_word' id='word_1_452' title='bbox 1134 4429 1498 4501; x_wconf 76' lang='lat' dir='ltr'><strong>demergatur.</strong></span> <span class='ocrx_word' id='word_1_453' title='bbox 1529 4429 1918 4497; x_wconf 87' lang='lat' dir='ltr'><strong>Quamobrem,</strong></span> <span class='ocrx_word' id='word_1_454' title='bbox 1942 4442 2003 4487; x_wconf 90' lang='lat' dir='ltr'><strong>ut</strong></span> <span class='ocrx_word' id='word_1_455' title='bbox 2024 4430 2159 4486; x_wconf 79' lang='lat' dir='ltr'><strong>nihii</strong></span> 
     </span>
    </p>
   </div>
   <div class='ocr_carea' id='block_1_64' title="bbox 580 4520 2159 4596">
    <p class='ocr_par' dir='ltr' id='par_1_64' title="bbox 580 4520 2159 4596">
     <span class='ocr_line' id='line_1_64' title="bbox 580 4520 2159 4596; baseline -0.002 -17"><span class='ocrx_word' id='word_1_456' title='bbox 580 4524 731 4580; x_wconf 83' lang='lat' dir='ltr'><strong>aliud</strong></span> <span class='ocrx_word' id='word_1_457' title='bbox 788 4532 843 4580; x_wconf 88' lang='lat' dir='ltr'><strong>te</strong></span> <span class='ocrx_word' id='word_1_458' title='bbox 895 4533 1153 4596; x_wconf 74' lang='lat' dir='ltr'><strong>moveat,</strong></span> <span class='ocrx_word' id='word_1_459' title='bbox 1216 4523 1407 4579; x_wconf 86' lang='lat' dir='ltr'><strong>saltem</strong></span> <span class='ocrx_word' id='word_1_460' title='bbox 1463 4530 1693 4593; x_wconf 86' lang='lat' dir='ltr'><strong>propter</strong></span> <span class='ocrx_word' id='word_1_461' title='bbox 1736 4522 2013 4593; x_wconf 75' lang='lat' dir='ltr'><strong>subiectas</strong></span> <span class='ocrx_word' id='word_1_462' title='bbox 2063 4520 2159 4577; x_wconf 92' lang='lat' dir='ltr'><strong>tibi</strong></span> 
     </span>
    </p>
   </div>
   <div class='ocr_carea' id='block_1_65' title="bbox 2273 2038 3814 2117">
    <p class='ocr_par' dir='ltr' id='par_1_65' title="bbox 2273 2038 3814 2117">
     <span class='ocr_line' id='line_1_65' title="bbox 2273 2038 3814 2117; baseline -0.005 -17"><span class='ocrx_word' id='word_1_463' title='bbox 2273 2047 2433 2117; x_wconf 84' lang='grc' dir='ltr'>μενον</span> <span class='ocrx_word' id='word_1_464' title='bbox 2464 2046 2566 2116; x_wconf 81' lang='grc' dir='ltr'>τῆς</span> <span class='ocrx_word' id='word_1_465' title='bbox 2596 2046 2801 2117; x_wconf 74' lang='grc' dir='ltr'>σφόδρα</span> <span class='ocrx_word' id='word_1_466' title='bbox 2829 2044 3061 2114; x_wconf 79' lang='grc' dir='ltr'>ζεούσης</span> <span class='ocrx_word' id='word_1_467' title='bbox 3093 2043 3309 2114; x_wconf 64' lang='grc' dir='ltr'>ἐκείνης</span> <span class='ocrx_word' id='word_1_468' title='bbox 3348 2043 3448 2097; x_wconf 74' lang='grc' dir='ltr'>καὶ</span> <span class='ocrx_word' id='word_1_469' title='bbox 3479 2038 3814 2111; x_wconf 79' lang='grc' dir='ltr'>φλεγμαινού-</span> 
     </span>
    </p>
   </div>
   <div class='ocr_carea' id='block_1_66' title="bbox 2274 2133 3815 2209">
    <p class='ocr_par' dir='ltr' id='par_1_66' title="bbox 2274 2133 3815 2209">
     <span class='ocr_line' id='line_1_66' title="bbox 2274 2133 3815 2209; baseline -0.004 -18"><span class='ocrx_word' id='word_1_470' title='bbox 2274 2153 2374 2208; x_wconf 92' lang='grc' dir='ltr'><strong>σης</strong></span> <span class='ocrx_word' id='word_1_471' title='bbox 2406 2136 2647 2209; x_wconf 82' lang='grc' dir='ltr'>πληγῆς.</span> <span class='ocrx_word' id='word_1_472' title='bbox 2690 2138 2831 2192; x_wconf 81' lang='grc' dir='ltr'>Ἀλλ’</span> <span class='ocrx_word' id='word_1_473' title='bbox 2857 2139 2892 2209; x_wconf 81' lang='grc' dir='ltr'>ὴ</span> <span class='ocrx_word' id='word_1_474' title='bbox 2926 2136 3024 2191; x_wconf 90' lang='grc' dir='ltr'><strong>νῦν</strong></span> <span class='ocrx_word' id='word_1_475' title='bbox 3058 2133 3365 2190; x_wconf 83' lang='grc' dir='ltr'>ὲπελθοῦσά</span> <span class='ocrx_word' id='word_1_476' title='bbox 3397 2150 3485 2188; x_wconf 81' lang='grc' dir='ltr'><strong>σοι</strong></span> <span class='ocrx_word' id='word_1_477' title='bbox 3514 2133 3610 2204; x_wconf 85' lang='grc' dir='ltr'>τῆς</span> <span class='ocrx_word' id='word_1_478' title='bbox 3636 2134 3815 2204; x_wconf 76' lang='grc' dir='ltr'>μητρὸς</span> 
     </span>
    </p>
   </div>
   <div class='ocr_carea' id='block_1_67' title="bbox 2271 2225 3814 2304">
    <p class='ocr_par' dir='ltr' id='par_1_67' title="bbox 2271 2225 3814 2304">
     <span class='ocr_line' id='line_1_67' title="bbox 2271 2225 3814 2304; baseline -0.005 -20"><span class='ocrx_word' id='word_1_479' title='bbox 2271 2230 2370 2284; x_wconf 78' lang='grc' dir='ltr'>καὶ</span> <span class='ocrx_word' id='word_1_480' title='bbox 2401 2230 2691 2303; x_wconf 85' lang='grc' dir='ltr'>δεσποίνης</span> <span class='ocrx_word' id='word_1_481' title='bbox 2739 2231 3002 2304; x_wconf 79' lang='grc' dir='ltr'>συμφορά</span> <span class='ocrx_word' id='word_1_482' title='bbox 3040 2228 3220 2300; x_wconf 85' lang='grc' dir='ltr'>πολλῷ</span> <span class='ocrx_word' id='word_1_483' title='bbox 3278 2227 3722 2299; x_wconf 82' lang='grc' dir='ltr'>στρατηγουμένη</span> <span class='ocrx_word' id='word_1_484' title='bbox 3748 2225 3814 2296; x_wconf 82' lang='grc' dir='ltr'>τῷ</span> 
     </span>
    </p>
   </div>
   <div class='ocr_carea' id='block_1_68' title="bbox 2268 2318 3821 2396">
    <p class='ocr_par' dir='ltr' id='par_1_68' title="bbox 2268 2318 3821 2396">
     <span class='ocr_line' id='line_1_68' title="bbox 2268 2318 3821 2396; baseline -0.006 -16"><span class='ocrx_word' id='word_1_485' title='bbox 2268 2325 2671 2396; x_wconf 77' lang='grc' dir='ltr'>ὑπερδάλλοντι</span> <span class='ocrx_word' id='word_1_486' title='bbox 2696 2327 2877 2380; x_wconf 81' lang='grc' dir='ltr'>πᾶσαν</span> <span class='ocrx_word' id='word_1_487' title='bbox 2909 2325 3295 2394; x_wconf 73' lang='grc' dir='ltr'>ὑπερπέπαικε</span> <span class='ocrx_word' id='word_1_488' title='bbox 3330 2321 3517 2392; x_wconf 80' lang='grc' dir='ltr'>λύπης</span> <span class='ocrx_word' id='word_1_489' title='bbox 3537 2318 3821 2389; x_wconf 73' lang='grc' dir='ltr'>ὑπερϐολὴν</span> 
     </span>
    </p>
   </div>
   <div class='ocr_carea' id='block_1_69' title="bbox 2270 2411 3816 2488">
    <p class='ocr_par' dir='ltr' id='par_1_69' title="bbox 2270 2411 3816 2488">
     <span class='ocr_line' id='line_1_69' title="bbox 2270 2411 3816 2488; baseline -0.005 -16"><span class='ocrx_word' id='word_1_490' title='bbox 2270 2417 2359 2472; x_wconf 89' lang='grc' dir='ltr'><strong>διά</strong></span> <span class='ocrx_word' id='word_1_491' title='bbox 2389 2435 2449 2472; x_wconf 83' lang='grc' dir='ltr'><strong>τε</strong></span> <span class='ocrx_word' id='word_1_492' title='bbox 2476 2418 2537 2472; x_wconf 85' lang='grc' dir='ltr'><strong>τδ</strong></span> <span class='ocrx_word' id='word_1_493' title='bbox 2559 2418 2662 2488; x_wconf 81' lang='grc' dir='ltr'>τῆς</span> <span class='ocrx_word' id='word_1_494' title='bbox 2683 2416 2897 2486; x_wconf 81' lang='grc' dir='ltr'>φύσεως</span> <span class='ocrx_word' id='word_1_495' title='bbox 2921 2417 3350 2487; x_wconf 88' lang='grc' dir='ltr'>συγγενέστερον</span> <span class='ocrx_word' id='word_1_496' title='bbox 3374 2413 3472 2468; x_wconf 80' lang='grc' dir='ltr'>καὶ</span> <span class='ocrx_word' id='word_1_497' title='bbox 3498 2411 3671 2481; x_wconf 82' lang='grc' dir='ltr'>πο).λῷ</span> <span class='ocrx_word' id='word_1_498' title='bbox 3701 2411 3816 2480; x_wconf 76' lang='grc' dir='ltr'>μάλ·</span> 
     </span>
    </p>
   </div>
   <div class='ocr_carea' id='block_1_70' title="bbox 2268 2505 3816 2581">
    <p class='ocr_par' dir='ltr' id='par_1_70' title="bbox 2268 2505 3816 2581">
     <span class='ocr_line' id='line_1_70' title="bbox 2268 2505 3816 2581; baseline -0.003 -19"><span class='ocrx_word' id='word_1_499' title='bbox 2268 2509 2361 2563; x_wconf 88' lang='grc' dir='ltr'><strong>λον</strong></span> <span class='ocrx_word' id='word_1_500' title='bbox 2391 2509 2478 2564; x_wconf 75' lang='grc' dir='ltr'><strong>διὰ</strong></span> <span class='ocrx_word' id='word_1_501' title='bbox 2505 2510 2569 2563; x_wconf 81' lang='grc' dir='ltr'>τὸ</span> <span class='ocrx_word' id='word_1_502' title='bbox 2599 2512 2770 2580; x_wconf 84' lang='grc' dir='ltr'>μόνην</span> <span class='ocrx_word' id='word_1_503' title='bbox 2799 2509 3007 2581; x_wconf 88' lang='grc' dir='ltr'>ταύτην</span> <span class='ocrx_word' id='word_1_504' title='bbox 3059 2509 3154 2564; x_wconf 84' lang='grc' dir='ltr'><strong>τοῦ</strong></span> <span class='ocrx_word' id='word_1_505' title='bbox 3196 2509 3389 2578; x_wconf 81' lang='grc' dir='ltr'>γένους</span> <span class='ocrx_word' id='word_1_506' title='bbox 3418 2505 3816 2574; x_wconf 64' lang='grc' dir='ltr'>καταλελεῖφθαι</span> 
     </span>
    </p>
   </div>
   <div class='ocr_carea' id='block_1_71' title="bbox 2270 2602 3813 2676">
    <p class='ocr_par' dir='ltr' id='par_1_71' title="bbox 2270 2602 3813 2676">
     <span class='ocr_line' id='line_1_71' title="bbox 2270 2602 3813 2676; baseline -0.002 -20"><span class='ocrx_word' id='word_1_507' title='bbox 2270 2602 2591 2657; x_wconf 83' lang='grc' dir='ltr'>τελευταίαν</span> <span class='ocrx_word' id='word_1_508' title='bbox 2612 2604 2754 2671; x_wconf 87' lang='grc' dir='ltr'>άγκυ</span> <span class='ocrx_word' id='word_1_509' title='bbox 2765 2622 2866 2676; x_wconf 89' lang='grc' dir='ltr'><strong>ραν</strong></span> <span class='ocrx_word' id='word_1_510' title='bbox 2891 2604 2986 2657; x_wconf 74' lang='grc' dir='ltr'>καὶ</span> <span class='ocrx_word' id='word_1_511' title='bbox 3006 2605 3277 2675; x_wconf 76' lang='grc' dir='ltr'>θυμηδίας</span> <span class='ocrx_word' id='word_1_512' title='bbox 3299 2602 3621 2676; x_wconf 84' lang='grc' dir='ltr'>ἀκρόπολιν.</span> <span class='ocrx_word' id='word_1_513' title='bbox 3636 2602 3813 2656; x_wconf 75' lang='grc' dir='ltr'>Ἀπτεο</span> 
     </span>
    </p>
   </div>
   <div class='ocr_carea' id='block_1_72' title="bbox 2271 2692 3814 2766">
    <p class='ocr_par' dir='ltr' id='par_1_72' title="bbox 2271 2692 3814 2766">
     <span class='ocr_line' id='line_1_72' title="bbox 2271 2692 3814 2766; baseline -0.001 -20"><span class='ocrx_word' id='word_1_514' title='bbox 2271 2711 2361 2747; x_wconf 85' lang='grc' dir='ltr'><strong>ται</strong></span> <span class='ocrx_word' id='word_1_515' title='bbox 2389 2695 2496 2765; x_wconf 81' lang='grc' dir='ltr'><strong>γάρ</strong></span> <span class='ocrx_word' id='word_1_516' title='bbox 2534 2695 2628 2748; x_wconf 72' lang='grc' dir='ltr'>καὶ</span> <span class='ocrx_word' id='word_1_517' title='bbox 2682 2694 2884 2761; x_wconf 71' lang='grc' dir='ltr'>αὐτῶν,</span> <span class='ocrx_word' id='word_1_518' title='bbox 2940 2694 3016 2759; x_wconf 87' lang='grc' dir='ltr'>ὼς</span> <span class='ocrx_word' id='word_1_519' title='bbox 3049 2697 3246 2758; x_wconf 84' lang='grc' dir='ltr'>είπείν,</span> <span class='ocrx_word' id='word_1_520' title='bbox 3288 2695 3506 2766; x_wconf 82' lang='grc' dir='ltr'>μυελῶν</span> <span class='ocrx_word' id='word_1_521' title='bbox 3535 2698 3629 2765; x_wconf 80' lang='grc' dir='ltr'>τῆς</span> <span class='ocrx_word' id='word_1_522' title='bbox 3658 2692 3814 2764; x_wconf 75' lang='grc' dir='ltr'>ψυχῆς</span> 
     </span>
    </p>
   </div>
   <div class='ocr_carea' id='block_1_73' title="bbox 2268 2772 3811 2858">
    <p class='ocr_par' dir='ltr' id='par_1_73' title="bbox 2268 2772 3811 2858">
     <span class='ocr_line' id='line_1_73' title="bbox 2268 2772 3811 2858; baseline -0.002 -18"><span class='ocrx_word' id='word_1_523' title='bbox 2268 2786 2363 2840; x_wconf 74' lang='grc' dir='ltr'>καὶ</span> <span class='ocrx_word' id='word_1_524' title='bbox 2396 2786 2492 2857; x_wconf 81' lang='grc' dir='ltr'>σὴς</span> <span class='ocrx_word' id='word_1_525' title='bbox 2524 2786 2726 2839; x_wconf 84' lang='grc' dir='ltr'>ὀστέων</span> <span class='ocrx_word' id='word_1_526' title='bbox 2773 2785 3101 2841; x_wconf 70' lang='grc' dir='ltr'>καθίσταται</span> <span class='ocrx_word' id='word_1_527' title='bbox 3134 2772 3227 2842; x_wconf 70' lang='grc' dir='ltr'><strong>σοι⁸</strong></span> <span class='ocrx_word' id='word_1_528' title='bbox 3246 2787 3325 2858; x_wconf 86' lang='grc' dir='ltr'>τῷ</span> <span class='ocrx_word' id='word_1_529' title='bbox 3372 2787 3551 2842; x_wconf 88' lang='grc' dir='ltr'>πάντα</span> <span class='ocrx_word' id='word_1_530' title='bbox 3583 2786 3811 2857; x_wconf 77' lang='grc' dir='ltr'>γενναίῳ.</span> 
     </span>
    </p>
   </div>
   <div class='ocr_carea' id='block_1_74' title="bbox 2267 2870 3816 2951">
    <p class='ocr_par' dir='ltr' id='par_1_74' title="bbox 2267 2870 3816 2951">
     <span class='ocr_line' id='line_1_74' title="bbox 2267 2870 3816 2951; baseline -0.001 -20"><span class='ocrx_word' id='word_1_531' title='bbox 2267 2877 2379 2932; x_wconf 72' lang='grc' dir='ltr'><strong>Καὶ</strong></span> <span class='ocrx_word' id='word_1_532' title='bbox 2405 2878 2521 2942; x_wconf 91' lang='grc' dir='ltr'><strong>πῶς</strong></span> <span class='ocrx_word' id='word_1_533' title='bbox 2551 2878 2661 2949; x_wconf 93' lang='grc' dir='ltr'><strong>γάρ</strong></span> <span class='ocrx_word' id='word_1_534' title='bbox 2692 2878 2788 2946; x_wconf 66' lang='lat' dir='ltr'><strong>ob;</strong></span> <span class='ocrx_word' id='word_1_535' title='bbox 2821 2880 3021 2950; x_wconf 78' lang='grc' dir='ltr'>Μήτηρ</span> <span class='ocrx_word' id='word_1_536' title='bbox 3040 2897 3100 2933; x_wconf 87' lang='grc' dir='ltr'><strong>τε</strong></span> <span class='ocrx_word' id='word_1_537' title='bbox 3127 2879 3265 2934; x_wconf 77' lang='grc' dir='ltr'>οὖσα</span> <span class='ocrx_word' id='word_1_538' title='bbox 3297 2880 3392 2934; x_wconf 77' lang='grc' dir='ltr'>καὶ</span> <span class='ocrx_word' id='word_1_539' title='bbox 3424 2870 3611 2951; x_wconf 80' lang='grc' dir='ltr'>μήτηρ</span> <span class='ocrx_word' id='word_1_540' title='bbox 3633 2877 3816 2948; x_wconf 86' lang='grc' dir='ltr'>βασιλι-</span> 
     </span>
    </p>
   </div>
   <div class='ocr_carea' id='block_1_75' title="bbox 2267 2956 3818 3043">
    <p class='ocr_par' dir='ltr' id='par_1_75' title="bbox 2267 2956 3818 3043">
     <span class='ocr_line' id='line_1_75' title="bbox 2267 2956 3818 3043; baseline -0.001 -20"><span class='ocrx_word' id='word_1_541' title='bbox 2267 2971 2486 3040; x_wconf 88' lang='grc' dir='ltr'>κωτάτη</span> <span class='ocrx_word' id='word_1_542' title='bbox 2502 2985 2564 3023; x_wconf 85' lang='grc' dir='ltr'><strong>τε</strong></span> <span class='ocrx_word' id='word_1_543' title='bbox 2584 2971 2679 3025; x_wconf 77' lang='grc' dir='ltr'><strong>καὶ</strong></span> <span class='ocrx_word' id='word_1_544' title='bbox 2701 2969 3018 3043; x_wconf 83' lang='grc' dir='ltr'>γλυκυτάτη</span> <span class='ocrx_word' id='word_1_545' title='bbox 3044 2971 3140 3026; x_wconf 75' lang='grc' dir='ltr'>καὶ</span> <span class='ocrx_word' id='word_1_546' title='bbox 3160 2956 3408 3043; x_wconf 71' lang='grc' dir='ltr'>στερροῖς</span> <span class='ocrx_word' id='word_1_547' title='bbox 3436 2972 3531 3026; x_wconf 72' lang='grc' dir='ltr'>καὶ</span> <span class='ocrx_word' id='word_1_548' title='bbox 3552 2964 3818 3042; x_wconf 71' lang='grc' dir='ltr'>ἀρρήκτοις</span> 
     </span>
    </p>
   </div>
   <div class='ocr_carea' id='block_1_76' title="bbox 2260 3050 3816 3138">
    <p class='ocr_par' dir='ltr' id='par_1_76' title="bbox 2260 3050 3816 3138">
     <span class='ocr_line' id='line_1_76' title="bbox 2260 3050 3816 3138; baseline 0 -22"><span class='ocrx_word' id='word_1_549' title='bbox 2260 3050 2363 3135; x_wconf 61' lang='grc' dir='ltr'>τῆς</span> <span class='ocrx_word' id='word_1_550' title='bbox 2384 3063 2599 3133; x_wconf 66' lang='grc' dir='ltr'>φύσεώς</span> <span class='ocrx_word' id='word_1_551' title='bbox 2630 3081 2712 3118; x_wconf 92' lang='grc' dir='ltr'><strong>σοι</strong></span> <span class='ocrx_word' id='word_1_552' title='bbox 2738 3066 3097 3138; x_wconf 73' lang='grc' dir='ltr'>συνδεδεμένη</span> <span class='ocrx_word' id='word_1_553' title='bbox 3125 3068 3238 3131; x_wconf 85' lang='grc' dir='ltr'>τοῖς</span> <span class='ocrx_word' id='word_1_554' title='bbox 3266 3066 3597 3138; x_wconf 80' lang='grc' dir='ltr'>σπλάγχνοις</span> <span class='ocrx_word' id='word_1_555' title='bbox 3624 3080 3639 3094; x_wconf 83' lang='grc'><strong><em>⁸</em></strong></span> <span class='ocrx_word' id='word_1_556' title='bbox 3666 3065 3747 3121; x_wconf 66' lang='grc' dir='ltr'>καὶ</span> <span class='ocrx_word' id='word_1_557' title='bbox 3768 3062 3816 3116; x_wconf 78' lang='grc' dir='ltr'><strong>τό</strong></span> 
     </span>
    </p>
   </div>
   <div class='ocr_carea' id='block_1_77' title="bbox 2262 3156 3814 3231">
    <p class='ocr_par' dir='ltr' id='par_1_77' title="bbox 2262 3156 3814 3231">
     <span class='ocr_line' id='line_1_77' title="bbox 2262 3156 3814 3231; baseline -0.002 -20"><span class='ocrx_word' id='word_1_558' title='bbox 2262 3174 2326 3227; x_wconf 88' lang='grc' dir='ltr'><strong>γε</strong></span> <span class='ocrx_word' id='word_1_559' title='bbox 2347 3156 2556 3226; x_wconf 75' lang='grc' dir='ltr'>μεῖξον,</span> <span class='ocrx_word' id='word_1_560' title='bbox 2580 3156 2872 3223; x_wconf 85' lang='grc' dir='ltr'>πλείστους</span> <span class='ocrx_word' id='word_1_561' title='bbox 2898 3159 3042 3231; x_wconf 76' lang='grc' dir='ltr'>ὑπὲρ</span> <span class='ocrx_word' id='word_1_562' title='bbox 3063 3160 3157 3212; x_wconf 91' lang='grc' dir='ltr'><strong>σοῦ</strong></span> <span class='ocrx_word' id='word_1_563' title='bbox 3178 3160 3304 3224; x_wconf 79' lang='grc' dir='ltr'>τοὺς</span> <span class='ocrx_word' id='word_1_564' title='bbox 3328 3160 3526 3221; x_wconf 85' lang='grc' dir='ltr'>πόνους</span> <span class='ocrx_word' id='word_1_565' title='bbox 3548 3157 3814 3212; x_wconf 78' lang='grc' dir='ltr'>ἀνατλᾶσα.</span> 
     </span>
    </p>
   </div>
   <div class='ocr_carea' id='block_1_78' title="bbox 2259 3246 3810 3322">
    <p class='ocr_par' dir='ltr' id='par_1_78' title="bbox 2259 3246 3810 3322">
     <span class='ocr_line' id='line_1_78' title="bbox 2259 3246 3810 3322; baseline -0.002 -20"><span class='ocrx_word' id='word_1_566' title='bbox 2259 3249 2335 3303; x_wconf 85' lang='grc' dir='ltr'><strong>Οὐ</strong></span> <span class='ocrx_word' id='word_1_567' title='bbox 2360 3249 2420 3303; x_wconf 73' lang='grc' dir='ltr'>σὲ</span> <span class='ocrx_word' id='word_1_568' title='bbox 2445 3250 2503 3304; x_wconf 69' lang='grc' dir='ltr'>δὲ</span> <span class='ocrx_word' id='word_1_569' title='bbox 2537 3249 2698 3320; x_wconf 84' lang='grc' dir='ltr'>μόνον</span> <span class='ocrx_word' id='word_1_570' title='bbox 2730 3251 2789 3315; x_wconf 78' lang='grc' dir='ltr'>ἐς</span> <span class='ocrx_word' id='word_1_571' title='bbox 2815 3250 2935 3305; x_wconf 87' lang='grc' dir='ltr'>τόδε</span> <span class='ocrx_word' id='word_1_572' title='bbox 2968 3251 3147 3322; x_wconf 83' lang='grc' dir='ltr'>λύπης</span> <span class='ocrx_word' id='word_1_573' title='bbox 3180 3252 3368 3321; x_wconf 75' lang='grc' dir='ltr'>ἐκείνη</span> <span class='ocrx_word' id='word_1_574' title='bbox 3402 3250 3638 3305; x_wconf 86' lang='grc' dir='ltr'>θανοῦσα</span> <span class='ocrx_word' id='word_1_575' title='bbox 3666 3246 3810 3315; x_wconf 80' lang='grc' dir='ltr'><strong>Ευνώο</strong></span> 
     </span>
    </p>
   </div>
   <div class='ocr_carea' id='block_1_79' title="bbox 2257 3326 3818 3413">
    <p class='ocr_par' dir='ltr' id='par_1_79' title="bbox 2257 3326 3818 3413">
     <span class='ocr_line' id='line_1_79' title="bbox 2257 3326 3818 3413; baseline -0.003 -18"><span class='ocrx_word' id='word_1_576' title='bbox 2257 3339 2443 3410; x_wconf 87' lang='grc' dir='ltr'>θησεν,</span> <span class='ocrx_word' id='word_1_577' title='bbox 2473 3326 2608 3395; x_wconf 83' lang='grc' dir='ltr'>ἀλλά</span> <span class='ocrx_word' id='word_1_578' title='bbox 2657 3340 2752 3395; x_wconf 74' lang='grc' dir='ltr'>καὶ</span> <span class='ocrx_word' id='word_1_579' title='bbox 2804 3340 3018 3404; x_wconf 83' lang='grc' dir='ltr'>πάντας</span> <span class='ocrx_word' id='word_1_580' title='bbox 3048 3342 3177 3405; x_wconf 84' lang='grc' dir='ltr'>τοὺς</span> <span class='ocrx_word' id='word_1_581' title='bbox 3207 3342 3486 3413; x_wconf 68' lang='grc' dir='ltr'>ύπηκδους</span> <span class='ocrx_word' id='word_1_582' title='bbox 3532 3341 3672 3411; x_wconf 79' lang='grc' dir='ltr'>ἡμᾶς</span> <span class='ocrx_word' id='word_1_583' title='bbox 3693 3355 3707 3371; x_wconf 88' lang='grc'><strong>·</strong></span> <span class='ocrx_word' id='word_1_584' title='bbox 3738 3335 3818 3390; x_wconf 78' lang='grc' dir='ltr'>καὶ</span> 
     </span>
    </p>
   </div>
   <div class='ocr_carea' id='block_1_80' title="bbox 2255 3431 3816 3506">
    <p class='ocr_par' dir='ltr' id='par_1_80' title="bbox 2255 3431 3816 3506">
     <span class='ocr_line' id='line_1_80' title="bbox 2255 3431 3816 3506; baseline -0.003 -20"><span class='ocrx_word' id='word_1_585' title='bbox 2255 3431 2416 3503; x_wconf 83' lang='grc' dir='ltr'>διπλῆ</span> <span class='ocrx_word' id='word_1_586' title='bbox 2445 3449 2509 3502; x_wconf 86' lang='grc' dir='ltr'><strong>γε</strong></span> <span class='ocrx_word' id='word_1_587' title='bbox 2545 3432 2768 3502; x_wconf 82' lang='grc' dir='ltr'>μᾶλλον.</span> <span class='ocrx_word' id='word_1_588' title='bbox 2806 3433 2988 3505; x_wconf 88' lang='grc' dir='ltr'>Ζημία</span> <span class='ocrx_word' id='word_1_589' title='bbox 3025 3434 3125 3505; x_wconf 78' lang='grc' dir='ltr'>μὲν</span> <span class='ocrx_word' id='word_1_590' title='bbox 3154 3434 3264 3506; x_wconf 85' lang='grc' dir='ltr'>γὰρ</span> <span class='ocrx_word' id='word_1_591' title='bbox 3296 3434 3395 3487; x_wconf 71' lang='grc' dir='ltr'>καὶ</span> <span class='ocrx_word' id='word_1_592' title='bbox 3420 3435 3555 3505; x_wconf 72' lang='grc' dir='ltr'>ἡμῖν</span> <span class='ocrx_word' id='word_1_593' title='bbox 3596 3432 3816 3501; x_wconf 65' lang='grc' dir='ltr'>ἐγεγόνει</span> 
     </span>
    </p>
   </div>
   <div class='ocr_carea' id='block_1_81' title="bbox 2261 3520 3817 3601">
    <p class='ocr_par' dir='ltr' id='par_1_81' title="bbox 2261 3520 3817 3601">
     <span class='ocr_line' id='line_1_81' title="bbox 2261 3520 3817 3601; baseline -0.008 -16"><span class='ocrx_word' id='word_1_594' title='bbox 2261 3525 2517 3597; x_wconf 79' lang='grc' dir='ltr'>μεγίστη,</span> <span class='ocrx_word' id='word_1_595' title='bbox 2577 3523 2660 3601; x_wconf 83' lang='grc' dir='ltr'><strong>[Ρ.</strong></span> <span class='ocrx_word' id='word_1_596' title='bbox 2708 3524 2839 3598; x_wconf 76' lang='lat'><strong>305]</strong></span> <span class='ocrx_word' id='word_1_597' title='bbox 2894 3527 2987 3580; x_wconf 75' lang='grc' dir='ltr'>καὶ</span> <span class='ocrx_word' id='word_1_598' title='bbox 3032 3524 3262 3580; x_wconf 86' lang='grc' dir='ltr'>τοσοῦτο</span> <span class='ocrx_word' id='word_1_599' title='bbox 3292 3526 3552 3596; x_wconf 85' lang='grc' dir='ltr'>μεγίστη.</span> <span class='ocrx_word' id='word_1_600' title='bbox 3602 3524 3718 3576; x_wconf 82' lang='grc' dir='ltr'>ὅσον</span> <span class='ocrx_word' id='word_1_601' title='bbox 3737 3520 3817 3572; x_wconf 71' lang='grc' dir='ltr'>κα).</span> 
     </span>
    </p>
   </div>
   <div class='ocr_carea' id='block_1_82' title="bbox 2258 3610 3817 3688">
    <p class='ocr_par' dir='ltr' id='par_1_82' title="bbox 2258 3610 3817 3688">
     <span class='ocr_line' id='line_1_82' title="bbox 2258 3610 3817 3688; baseline -0.001 -20"><span class='ocrx_word' id='word_1_602' title='bbox 2258 3615 2529 3687; x_wconf 81' lang='grc' dir='ltr'>περιοῦσα</span> <span class='ocrx_word' id='word_1_603' title='bbox 2557 3615 2726 3688; x_wconf 82' lang='grc' dir='ltr'>λιμήν</span> <span class='ocrx_word' id='word_1_604' title='bbox 2754 3634 2840 3681; x_wconf 91' lang='grc' dir='ltr'><strong>τις</strong></span> <span class='ocrx_word' id='word_1_605' title='bbox 2870 3616 3087 3688; x_wconf 80' lang='grc' dir='ltr'>ὑπῆρχε</span> <span class='ocrx_word' id='word_1_606' title='bbox 3114 3618 3227 3681; x_wconf 81' lang='grc' dir='ltr'>τοῖς</span> <span class='ocrx_word' id='word_1_607' title='bbox 3271 3616 3418 3680; x_wconf 83' lang='grc' dir='ltr'>ὅλοις</span> <span class='ocrx_word' id='word_1_608' title='bbox 3464 3616 3644 3686; x_wconf 74' lang='grc' dir='ltr'>ἐκείνη</span> <span class='ocrx_word' id='word_1_609' title='bbox 3673 3610 3817 3680; x_wconf 43' lang='lat' dir='ltr'><strong>moniti</strong></span> 
     </span>
    </p>
   </div>
   <div class='ocr_carea' id='block_1_83' title="bbox 2261 3703 3816 3781">
    <p class='ocr_par' dir='ltr' id='par_1_83' title="bbox 2261 3703 3816 3781">
     <span class='ocr_line' id='line_1_83' title="bbox 2261 3703 3816 3781; baseline -0.011 -8"><span class='ocrx_word' id='word_1_610' title='bbox 2261 3723 2376 3779; x_wconf 85' lang='grc' dir='ltr'>ριος</span> <span class='ocrx_word' id='word_1_611' title='bbox 2408 3708 2505 3763; x_wconf 71' lang='grc' dir='ltr'>καὶ</span> <span class='ocrx_word' id='word_1_612' title='bbox 2532 3710 2845 3781; x_wconf 80' lang='grc' dir='ltr'>πανήγυρις</span> <span class='ocrx_word' id='word_1_613' title='bbox 2874 3708 3146 3779; x_wconf 75' lang='grc' dir='ltr'>εὐθυμίας</span> <span class='ocrx_word' id='word_1_614' title='bbox 3167 3725 3181 3740; x_wconf 89' lang='grc'><strong>·</strong></span> <span class='ocrx_word' id='word_1_615' title='bbox 3218 3709 3280 3763; x_wconf 78' lang='grc' dir='ltr'>τὸ</span> <span class='ocrx_word' id='word_1_616' title='bbox 3309 3709 3364 3763; x_wconf 75' lang='grc' dir='ltr'>δὲ</span> <span class='ocrx_word' id='word_1_617' title='bbox 3402 3708 3609 3779; x_wconf 76' lang='grc' dir='ltr'>μεῖζον,</span> <span class='ocrx_word' id='word_1_618' title='bbox 3639 3706 3713 3761; x_wconf 88' lang='grc' dir='ltr'><strong>δτι</strong></span> <span class='ocrx_word' id='word_1_619' title='bbox 3737 3703 3816 3758; x_wconf 76' lang='grc' dir='ltr'><strong>καὶ</strong></span> 
     </span>
    </p>
   </div>
   <div class='ocr_carea' id='block_1_84' title="bbox 2262 3795 3815 3870">
    <p class='ocr_par' dir='ltr' id='par_1_84' title="bbox 2262 3795 3815 3870">
     <span class='ocr_line' id='line_1_84' title="bbox 2262 3795 3815 3870; baseline -0.001 -22"><span class='ocrx_word' id='word_1_620' title='bbox 2262 3795 2358 3850; x_wconf 90' lang='grc' dir='ltr'><strong>σοῦ</strong></span> <span class='ocrx_word' id='word_1_621' title='bbox 2387 3797 2479 3852; x_wconf 81' lang='grc' dir='ltr'>τὸν</span> <span class='ocrx_word' id='word_1_622' title='bbox 2512 3796 2942 3869; x_wconf 82' lang='grc' dir='ltr'>βασιλικώτατον</span> <span class='ocrx_word' id='word_1_623' title='bbox 2986 3800 3085 3853; x_wconf 74' lang='grc' dir='ltr'>καὶ</span> <span class='ocrx_word' id='word_1_624' title='bbox 3134 3798 3244 3854; x_wconf 86' lang='grc' dir='ltr'><strong>τῶν</strong></span> <span class='ocrx_word' id='word_1_625' title='bbox 3274 3799 3477 3853; x_wconf 74' lang='grc' dir='ltr'>κοινῶν</span> <span class='ocrx_word' id='word_1_626' title='bbox 3501 3798 3815 3870; x_wconf 79' lang='grc' dir='ltr'>πραγμάτων</span> 
     </span>
    </p>
   </div>
   <div class='ocr_carea' id='block_1_85' title="bbox 2262 3890 3819 3968">
    <p class='ocr_par' dir='ltr' id='par_1_85' title="bbox 2262 3890 3819 3968">
     <span class='ocr_line' id='line_1_85' title="bbox 2262 3890 3819 3968; baseline -0.004 -19"><span class='ocrx_word' id='word_1_627' title='bbox 2262 3894 2506 3968; x_wconf 71' lang='grc' dir='ltr'>ἡγεμόνα</span> <span class='ocrx_word' id='word_1_628' title='bbox 2527 3911 2587 3949; x_wconf 86' lang='grc' dir='ltr'><strong>τε</strong></span> <span class='ocrx_word' id='word_1_629' title='bbox 2607 3896 2702 3949; x_wconf 73' lang='grc' dir='ltr'>καὶ</span> <span class='ocrx_word' id='word_1_630' title='bbox 2730 3895 2976 3966; x_wconf 74' lang='grc' dir='ltr'>ἑπόπτην</span> <span class='ocrx_word' id='word_1_631' title='bbox 2997 3894 3121 3950; x_wconf 88' lang='grc' dir='ltr'>νοῦν</span> <span class='ocrx_word' id='word_1_632' title='bbox 3146 3895 3257 3950; x_wconf 85' lang='grc' dir='ltr'><strong>τῶν</strong></span> <span class='ocrx_word' id='word_1_633' title='bbox 3286 3892 3529 3948; x_wconf 89' lang='grc' dir='ltr'>δεουσῶν</span> <span class='ocrx_word' id='word_1_634' title='bbox 3550 3890 3819 3961; x_wconf 79' lang='grc' dir='ltr'>ἀπασχολει</span> 
     </span>
    </p>
   </div>
   <div class='ocr_carea' id='block_1_86' title="bbox 2261 3986 3818 4060">
    <p class='ocr_par' dir='ltr' id='par_1_86' title="bbox 2261 3986 3818 4060">
     <span class='ocr_line' id='line_1_86' title="bbox 2261 3986 3818 4060; baseline -0.004 -18"><span class='ocrx_word' id='word_1_635' title='bbox 2261 3989 2562 4059; x_wconf 84' lang='grc' dir='ltr'>φροντίδων</span> <span class='ocrx_word' id='word_1_636' title='bbox 2582 4003 2596 4018; x_wconf 87' lang='grc'><strong>·</strong></span> <span class='ocrx_word' id='word_1_637' title='bbox 2627 3989 2677 4042; x_wconf 82' lang='grc' dir='ltr'><strong>εί</strong></span> <span class='ocrx_word' id='word_1_638' title='bbox 2711 3988 2768 4042; x_wconf 76' lang='grc' dir='ltr'>δὲ</span> <span class='ocrx_word' id='word_1_639' title='bbox 2800 3989 2875 4060; x_wconf 83' lang='grc' dir='ltr'>μὴ</span> <span class='ocrx_word' id='word_1_640' title='bbox 2906 3987 3164 4055; x_wconf 78' lang='grc' dir='ltr'>καθάπαξ</span> <span class='ocrx_word' id='word_1_641' title='bbox 3197 3989 3290 4041; x_wconf 71' lang='grc' dir='ltr'><strong>καλ⁸</strong></span> <span class='ocrx_word' id='word_1_642' title='bbox 3319 3988 3395 4050; x_wconf 85' lang='grc' dir='ltr'>ὡς</span> <span class='ocrx_word' id='word_1_643' title='bbox 3431 3987 3634 4039; x_wconf 77' lang='grc' dir='ltr'>ἐπίπαν</span> <span class='ocrx_word' id='word_1_644' title='bbox 3664 3986 3818 4052; x_wconf 84' lang='grc' dir='ltr'>ἀπηρ-</span> 
     </span>
    </p>
   </div>
   <div class='ocr_carea' id='block_1_87' title="bbox 2261 4077 3816 4154">
    <p class='ocr_par' dir='ltr' id='par_1_87' title="bbox 2261 4077 3816 4154">
     <span class='ocr_line' id='line_1_87' title="bbox 2261 4077 3816 4154; baseline -0.007 -17"><span class='ocrx_word' id='word_1_645' title='bbox 2261 4082 2555 4154; x_wconf 80' lang='grc' dir='ltr'>τισμένως,</span> <span class='ocrx_word' id='word_1_646' title='bbox 2579 4080 2695 4135; x_wconf 81' lang='grc' dir='ltr'>ἀλλ’</span> <span class='ocrx_word' id='word_1_647' title='bbox 2726 4077 2819 4135; x_wconf 78' lang='grc' dir='ltr'>οὖν</span> <span class='ocrx_word' id='word_1_648' title='bbox 2844 4083 2903 4135; x_wconf 83' lang='grc' dir='ltr'>ὲν</span> <span class='ocrx_word' id='word_1_649' title='bbox 2931 4081 3173 4152; x_wconf 82' lang='grc' dir='ltr'>τοσούτῳ</span> <span class='ocrx_word' id='word_1_650' title='bbox 3204 4080 3584 4153; x_wconf 82' lang='grc' dir='ltr'>περιστάσεων</span> <span class='ocrx_word' id='word_1_651' title='bbox 3614 4078 3816 4132; x_wconf 83' lang='grc' dir='ltr'>κλύδωνι</span> 
     </span>
    </p>
   </div>
   <div class='ocr_carea' id='block_1_88' title="bbox 2264 4168 3815 4246">
    <p class='ocr_par' dir='ltr' id='par_1_88' title="bbox 2264 4168 3815 4246">
     <span class='ocr_line' id='line_1_88' title="bbox 2264 4168 3815 4246; baseline -0.007 -18"><span class='ocrx_word' id='word_1_652' title='bbox 2264 4174 2357 4228; x_wconf 72' lang='grc' dir='ltr'>καὶ</span> <span class='ocrx_word' id='word_1_653' title='bbox 2380 4174 2440 4227; x_wconf 68' lang='grc' dir='ltr'><strong>τὸ</strong></span> <span class='ocrx_word' id='word_1_654' title='bbox 2466 4174 2700 4246; x_wconf 73' lang='grc' dir='ltr'>σμικρὸν</span> <span class='ocrx_word' id='word_1_655' title='bbox 2727 4173 2987 4243; x_wconf 80' lang='grc' dir='ltr'>ἐμπόδιον</span> <span class='ocrx_word' id='word_1_656' title='bbox 3012 4173 3268 4243; x_wconf 78' lang='grc' dir='ltr'>μέγιστον</span> <span class='ocrx_word' id='word_1_657' title='bbox 3286 4173 3351 4241; x_wconf 77' lang='grc' dir='ltr'><strong>τῇ</strong></span> <span class='ocrx_word' id='word_1_658' title='bbox 3371 4171 3483 4226; x_wconf 89' lang='grc' dir='ltr'><strong>τῶν</strong></span> <span class='ocrx_word' id='word_1_659' title='bbox 3508 4168 3815 4243; x_wconf 79' lang='grc' dir='ltr'>πραγμάτων</span> 
     </span>
    </p>
   </div>
   <div class='ocr_carea' id='block_1_89' title="bbox 2263 4259 3817 4336">
    <p class='ocr_par' dir='ltr' id='par_1_89' title="bbox 2263 4259 3817 4336">
     <span class='ocr_line' id='line_1_89' title="bbox 2263 4259 3817 4336; baseline -0.006 -16"><span class='ocrx_word' id='word_1_660' title='bbox 2263 4266 2451 4321; x_wconf 82' lang='grc' dir='ltr'>ὁλκάδι</span> <span class='ocrx_word' id='word_1_661' title='bbox 2480 4267 2728 4336; x_wconf 87' lang='grc' dir='ltr'>γίγνεται</span> <span class='ocrx_word' id='word_1_662' title='bbox 2784 4263 3003 4333; x_wconf 71' lang='grc' dir='ltr'>βλάϐος,</span> <span class='ocrx_word' id='word_1_663' title='bbox 3059 4264 3154 4316; x_wconf 70' lang='grc' dir='ltr'>καὶ</span> <span class='ocrx_word' id='word_1_664' title='bbox 3204 4263 3616 4333; x_wconf 86' lang='grc' dir='ltr'>παραπλήσιον,</span> <span class='ocrx_word' id='word_1_665' title='bbox 3652 4259 3817 4327; x_wconf 82' lang='grc' dir='ltr'>ὥσπερ</span> 
     </span>
    </p>
   </div>
   <div class='ocr_carea' id='block_1_90' title="bbox 2267 4351 3819 4427">
    <p class='ocr_par' dir='ltr' id='par_1_90' title="bbox 2267 4351 3819 4427">
     <span class='ocr_line' id='line_1_90' title="bbox 2267 4351 3819 4427; baseline -0.008 -15"><span class='ocrx_word' id='word_1_666' title='bbox 2267 4356 2336 4412; x_wconf 76' lang='grc' dir='ltr'>ἂν</span> <span class='ocrx_word' id='word_1_667' title='bbox 2367 4356 2525 4422; x_wconf 83' lang='grc' dir='ltr'>εἴτις</span> <span class='ocrx_word' id='word_1_668' title='bbox 2554 4356 2897 4427; x_wconf 75' lang='grc' dir='ltr'>κυϐερνήτης</span> <span class='ocrx_word' id='word_1_669' title='bbox 2930 4354 3198 4426; x_wconf 86' lang='grc' dir='ltr'>χειμῶνος</span> <span class='ocrx_word' id='word_1_670' title='bbox 3223 4352 3280 4407; x_wconf 81' lang='grc' dir='ltr'>ὲν</span> <span class='ocrx_word' id='word_1_671' title='bbox 3305 4353 3460 4424; x_wconf 84' lang='grc' dir='ltr'>μέσῳ</span> <span class='ocrx_word' id='word_1_672' title='bbox 3489 4351 3708 4420; x_wconf 84' lang='grc' dir='ltr'>πελάγει</span> <span class='ocrx_word' id='word_1_673' title='bbox 3743 4356 3819 4399; x_wconf 83' lang='grc' dir='ltr'>τυ·</span> 
     </span>
    </p>
   </div>
   <div class='ocr_carea' id='block_1_91' title="bbox 2262 4442 3817 4522">
    <p class='ocr_par' dir='ltr' id='par_1_91' title="bbox 2262 4442 3817 4522">
     <span class='ocr_line' id='line_1_91' title="bbox 2262 4442 3817 4522; baseline -0.009 -19"><span class='ocrx_word' id='word_1_674' title='bbox 2262 4450 2394 4522; x_wconf 72' lang='grc' dir='ltr'>χῶν,</span> <span class='ocrx_word' id='word_1_675' title='bbox 2419 4447 2662 4503; x_wconf 81' lang='grc' dir='ltr'>κάτωθεν</span> <span class='ocrx_word' id='word_1_676' title='bbox 2688 4447 2787 4519; x_wconf 72' lang='grc' dir='ltr'>μὲν</span> <span class='ocrx_word' id='word_1_677' title='bbox 2814 4447 2929 4501; x_wconf 86' lang='grc' dir='ltr'><strong>τῶν</strong></span> <span class='ocrx_word' id='word_1_678' title='bbox 2952 4446 3214 4515; x_wconf 78' lang='grc' dir='ltr'>κυμάτων</span> <span class='ocrx_word' id='word_1_679' title='bbox 3235 4443 3378 4499; x_wconf 82' lang='grc' dir='ltr'>κατὰ</span> <span class='ocrx_word' id='word_1_680' title='bbox 3401 4446 3504 4514; x_wconf 82' lang='grc' dir='ltr'>τῆς</span> <span class='ocrx_word' id='word_1_681' title='bbox 3529 4445 3651 4514; x_wconf 80' lang='grc' dir='ltr'>νηὸς</span> <span class='ocrx_word' id='word_1_682' title='bbox 3670 4442 3817 4494; x_wconf 67' lang='grc' dir='ltr'>ἐπαν-</span> 
     </span>
    </p>
   </div>
   <div class='ocr_carea' id='block_1_92' title="bbox 2266 4531 3817 4611">
    <p class='ocr_par' dir='ltr' id='par_1_92' title="bbox 2266 4531 3817 4611">
     <span class='ocr_line' id='line_1_92' title="bbox 2266 4531 3817 4611; baseline -0.007 -16"><span class='ocrx_word' id='word_1_683' title='bbox 2266 4541 2572 4611; x_wconf 82' lang='grc' dir='ltr'>ισταμένων</span> <span class='ocrx_word' id='word_1_684' title='bbox 2594 4579 2610 4606; x_wconf 93' lang='grc'><strong>,</strong></span> <span class='ocrx_word' id='word_1_685' title='bbox 2644 4539 2851 4595; x_wconf 75' lang='grc' dir='ltr'>ἄνωθεν</span> <span class='ocrx_word' id='word_1_686' title='bbox 2880 4538 2938 4592; x_wconf 84' lang='grc' dir='ltr'>δὲ</span> <span class='ocrx_word' id='word_1_687' title='bbox 2986 4536 3095 4591; x_wconf 89' lang='grc' dir='ltr'><strong>τῶν</strong></span> <span class='ocrx_word' id='word_1_688' title='bbox 3154 4536 3482 4605; x_wconf 79' lang='grc' dir='ltr'>πνευμάτων</span> <span class='ocrx_word' id='word_1_689' title='bbox 3525 4534 3621 4604; x_wconf 84' lang='grc' dir='ltr'>τῆς</span> <span class='ocrx_word' id='word_1_690' title='bbox 3651 4531 3817 4597; x_wconf 76' lang='grc' dir='ltr'>ὀθόνης</span> 
     </span>
    </p>
   </div>
   <div class='ocr_carea' id='block_1_93' title="bbox 579 4610 2160 4716">
    <p class='ocr_par' dir='ltr' id='par_1_93' title="bbox 579 4610 2159 4698">
     <span class='ocr_line' id='line_1_93' title="bbox 579 4610 2159 4698; baseline -0.003 -25"><span class='ocrx_word' id='word_1_691' title='bbox 579 4615 770 4683; x_wconf 86' lang='lat' dir='ltr'><strong>urbes,</strong></span> <span class='ocrx_word' id='word_1_692' title='bbox 805 4628 1044 4672; x_wconf 62' lang='lat' dir='ltr'><strong>maerore</strong></span> <span class='ocrx_word' id='word_1_693' title='bbox 1074 4616 1197 4671; x_wconf 76' lang='lat' dir='ltr'><strong>otiis</strong></span> <span class='ocrx_word' id='word_1_694' title='bbox 1226 4616 1508 4698; x_wconf 72' lang='lat' dir='ltr'><strong>mandato,</strong></span> <span class='ocrx_word' id='word_1_695' title='bbox 1546 4614 1762 4669; x_wconf 86' lang='lat' dir='ltr'><strong>solitam</strong></span> <span class='ocrx_word' id='word_1_696' title='bbox 1790 4614 1887 4670; x_wconf 92' lang='lat' dir='ltr'><strong>tibi</strong></span> <span class='ocrx_word' id='word_1_697' title='bbox 1912 4624 1968 4670; x_wconf 85' lang='lat' dir='ltr'><strong>et</strong></span> <span class='ocrx_word' id='word_1_698' title='bbox 1996 4610 2159 4686; x_wconf 59' lang='lat'><strong>593</strong></span> 
     </span>
    </p>
   </div>
   <div class='ocr_carea' id='block_1_94' title="bbox 2264 4610 3837 4716">
    <p class='ocr_par' dir='ltr' id='par_1_94' title="bbox 2267 4610 3837 4707">
     <span class='ocr_line' id='line_1_94' title="bbox 2267 4610 3837 4707; baseline -0.011 -16"><span class='ocrx_word' id='word_1_699' title='bbox 2267 4636 2743 4707; x_wconf 82' lang='grc' dir='ltr'>κατορχουμένων,</span> <span class='ocrx_word' id='word_1_700' title='bbox 2780 4632 2988 4705; x_wconf 75' lang='grc' dir='ltr'>μεταξὺ</span> <span class='ocrx_word' id='word_1_701' title='bbox 3022 4632 3118 4685; x_wconf 77' lang='grc' dir='ltr'>καὶ</span> <span class='ocrx_word' id='word_1_702' title='bbox 3149 4630 3312 4693; x_wconf 67' lang='grc' dir='ltr'>αὐτὸς</span> <span class='ocrx_word' id='word_1_703' title='bbox 3328 4630 3429 4701; x_wconf 85' lang='grc' dir='ltr'>τῆς</span> <span class='ocrx_word' id='word_1_704' title='bbox 3453 4625 3837 4701; x_wconf 79' lang='grc' dir='ltr'>πηδαλιουχίας.</span> 
     </span>
    </p>
   </div>
   <div class='ocr_carea' id='block_1_95' title="bbox 579 4690 2164 4782">
    <p class='ocr_par' dir='ltr' id='par_1_95' title="bbox 579 4690 2164 4782">
     <span class='ocr_line' id='line_1_95' title="bbox 579 4690 2164 4782; baseline -0.003 -16"><span class='ocrx_word' id='word_1_705' title='bbox 579 4709 994 4782; x_wconf 72' lang='lat' dir='ltr'><strong>imperatoriam</strong></span> <span class='ocrx_word' id='word_1_706' title='bbox 1038 4690 1496 4779; x_wconf 72' lang='lat' dir='ltr'><strong>magnificentiam</strong></span> <span class='ocrx_word' id='word_1_707' title='bbox 1529 4708 1783 4762; x_wconf 87' lang='lat' dir='ltr'><strong>retineto.</strong></span> <span class='ocrx_word' id='word_1_708' title='bbox 1818 4705 2039 4762; x_wconf 88' lang='lat' dir='ltr'><strong>Imitare</strong></span> <span class='ocrx_word' id='word_1_709' title='bbox 2065 4706 2164 4761; x_wconf 83' lang='lat' dir='ltr'><strong>de-</strong></span> 
     </span>
    </p>
   </div>
   <div class='ocr_carea' id='block_1_96' title="bbox 580 4800 2167 4873">
    <p class='ocr_par' dir='ltr' id='par_1_96' title="bbox 580 4800 2167 4873">
     <span class='ocr_line' id='line_1_96' title="bbox 580 4800 2167 4873; baseline -0.001 -15"><span class='ocrx_word' id='word_1_710' title='bbox 580 4804 789 4859; x_wconf 65' lang='lat' dir='ltr'><strong>iunctae</strong></span> <span class='ocrx_word' id='word_1_711' title='bbox 842 4802 991 4857; x_wconf 83' lang='lat' dir='ltr'><strong>illius</strong></span> <span class='ocrx_word' id='word_1_712' title='bbox 1044 4800 1296 4873; x_wconf 77' lang='lat' dir='ltr'><strong>generosi</strong></span> <span class='ocrx_word' id='word_1_713' title='bbox 1360 4800 1527 4855; x_wconf 89' lang='lat' dir='ltr'><strong>animi</strong></span> <span class='ocrx_word' id='word_1_714' title='bbox 1581 4800 1944 4856; x_wconf 86' lang='lat' dir='ltr'><strong>constantiam</strong></span> <span class='ocrx_word' id='word_1_715' title='bbox 1976 4840 1992 4864; x_wconf 98' lang='lat'><strong>,</strong></span> <span class='ocrx_word' id='word_1_716' title='bbox 2045 4814 2167 4871; x_wconf 64' lang='lat' dir='ltr'><strong>quae</strong></span> 
     </span>
    </p>
   </div>
   <div class='ocr_carea' id='block_1_97' title="bbox 582 4894 2165 4967">
    <p class='ocr_par' dir='ltr' id='par_1_97' title="bbox 582 4894 2165 4967">
     <span class='ocr_line' id='line_1_97' title="bbox 582 4894 2165 4967; baseline -0.001 -17"><span class='ocrx_word' id='word_1_717' title='bbox 582 4906 811 4967; x_wconf 84' lang='lat' dir='ltr'><strong>propter</strong></span> <span class='ocrx_word' id='word_1_718' title='bbox 860 4896 1143 4952; x_wconf 86' lang='lat' dir='ltr'><strong>ardentem</strong></span> <span class='ocrx_word' id='word_1_719' title='bbox 1187 4895 1280 4950; x_wconf 86' lang='lat' dir='ltr'><strong>Dei</strong></span> <span class='ocrx_word' id='word_1_720' title='bbox 1323 4909 1570 4951; x_wconf 87' lang='lat' dir='ltr'><strong>amorem</strong></span> <span class='ocrx_word' id='word_1_721' title='bbox 1617 4894 1804 4966; x_wconf 86' lang='lat' dir='ltr'><strong>(quem</strong></span> <span class='ocrx_word' id='word_1_722' title='bbox 1852 4894 2017 4966; x_wconf 89' lang='lat' dir='ltr'><strong>longo</strong></span> <span class='ocrx_word' id='word_1_723' title='bbox 2056 4894 2165 4965; x_wconf 84' lang='lat' dir='ltr'><strong>jam</strong></span> 
     </span>
    </p>
   </div>
   <div class='ocr_carea' id='block_1_98' title="bbox 583 4989 2166 5061">
    <p class='ocr_par' dir='ltr' id='par_1_98' title="bbox 583 4989 2166 5061">
     <span class='ocr_line' id='line_1_98' title="bbox 583 4989 2166 5061; baseline -0.001 -15"><span class='ocrx_word' id='word_1_724' title='bbox 583 5000 855 5060; x_wconf 78' lang='lat' dir='ltr'><strong>tempore,</strong></span> <span class='ocrx_word' id='word_1_725' title='bbox 886 5004 952 5046; x_wconf 77' lang='lat' dir='ltr'><strong>ex</strong></span> <span class='ocrx_word' id='word_1_726' title='bbox 981 5005 1093 5061; x_wconf 85' lang='lat' dir='ltr'><strong>quo</strong></span> <span class='ocrx_word' id='word_1_727' title='bbox 1123 4989 1487 5061; x_wconf 83' lang='lat' dir='ltr'><strong>perniciosam</strong></span> <span class='ocrx_word' id='word_1_728' title='bbox 1523 4997 1812 5059; x_wconf 90' lang='lat' dir='ltr'><strong>parentum</strong></span> <span class='ocrx_word' id='word_1_729' title='bbox 1853 4989 2166 5060; x_wconf 85' lang='lat' dir='ltr'><strong>opinionem</strong></span> 
     </span>
    </p>
   </div>
   <div class='ocr_carea' id='block_1_99' title="bbox 584 5081 2161 5152">
    <p class='ocr_par' dir='ltr' id='par_1_99' title="bbox 584 5081 2161 5152">
     <span class='ocr_line' id='line_1_99' title="bbox 584 5081 2161 5152; baseline -0.001 -13"><span class='ocrx_word' id='word_1_730' title='bbox 584 5088 853 5146; x_wconf 78' lang='lat' dir='ltr'><strong>evaserat,</strong></span> <span class='ocrx_word' id='word_1_731' title='bbox 880 5083 1075 5140; x_wconf 86' lang='lat' dir='ltr'><strong>intimo</strong></span> <span class='ocrx_word' id='word_1_732' title='bbox 1101 5083 1266 5139; x_wconf 89' lang='lat' dir='ltr'><strong>corde</strong></span> <span class='ocrx_word' id='word_1_733' title='bbox 1289 5082 1454 5138; x_wconf 88' lang='lat' dir='ltr'><strong>tacite</strong></span> <span class='ocrx_word' id='word_1_734' title='bbox 1479 5083 1684 5147; x_wconf 91' lang='lat' dir='ltr'><strong>alebat)</strong></span> <span class='ocrx_word' id='word_1_735' title='bbox 1708 5085 1952 5152; x_wconf 85' lang='lat' dir='ltr'><strong>corporis</strong></span> <span class='ocrx_word' id='word_1_736' title='bbox 1970 5081 2161 5148; x_wconf 79' lang='lat' dir='ltr'><strong>oblita,</strong></span> 
     </span>
    </p>
   </div>
   <div class='ocr_carea' id='block_1_100' title="bbox 587 5158 2168 5251">
    <p class='ocr_par' dir='ltr' id='par_1_100' title="bbox 587 5158 2168 5251">
     <span class='ocr_line' id='line_1_100' title="bbox 587 5158 2168 5251; baseline -0.003 -17"><span class='ocrx_word' id='word_1_737' title='bbox 587 5178 755 5235; x_wconf 89' lang='lat' dir='ltr'><strong>oblita</strong></span> <span class='ocrx_word' id='word_1_738' title='bbox 799 5179 986 5251; x_wconf 73' lang='lat' dir='ltr'><strong>gloriae</strong></span> <span class='ocrx_word' id='word_1_739' title='bbox 1026 5190 1082 5235; x_wconf 87' lang='lat' dir='ltr'><strong>et</strong></span> <span class='ocrx_word' id='word_1_740' title='bbox 1124 5177 1463 5246; x_wconf 72' lang='lat' dir='ltr'><strong>imperatorii</strong></span> <span class='ocrx_word' id='word_1_741' title='bbox 1508 5158 1855 5248; x_wconf 76' lang='lat' dir='ltr'><strong>Splendoris;</strong></span> <span class='ocrx_word' id='word_1_742' title='bbox 1892 5175 1971 5230; x_wconf 82' lang='lat' dir='ltr'><strong>tui</strong></span> <span class='ocrx_word' id='word_1_743' title='bbox 2008 5175 2168 5231; x_wconf 83' lang='lat' dir='ltr'><strong>deni-</strong></span> 
     </span>
    </p>
   </div>
   <div class='ocr_carea' id='block_1_101' title="bbox 588 5266 2173 5342">
    <p class='ocr_par' dir='ltr' id='par_1_101' title="bbox 588 5266 2173 5342">
     <span class='ocr_line' id='line_1_101' title="bbox 588 5266 2173 5342; baseline -0.003 -17"><span class='ocrx_word' id='word_1_744' title='bbox 588 5282 721 5341; x_wconf 79' lang='lat' dir='ltr'><strong>que,</strong></span> <span class='ocrx_word' id='word_1_745' title='bbox 752 5271 898 5342; x_wconf 91' lang='lat' dir='ltr'><strong>quod</strong></span> <span class='ocrx_word' id='word_1_746' title='bbox 943 5271 1105 5342; x_wconf 82' lang='lat' dir='ltr'><strong>longe</strong></span> <span class='ocrx_word' id='word_1_747' title='bbox 1140 5271 1316 5342; x_wconf 79' lang='lat' dir='ltr'><strong>majus</strong></span> <span class='ocrx_word' id='word_1_748' title='bbox 1358 5276 1462 5334; x_wconf 89' lang='lat' dir='ltr'><strong>est,</strong></span> <span class='ocrx_word' id='word_1_749' title='bbox 1495 5268 1571 5324; x_wconf 90' lang='lat' dir='ltr'><strong>tui</strong></span> <span class='ocrx_word' id='word_1_750' title='bbox 1603 5266 1828 5338; x_wconf 91' lang='lat' dir='ltr'><strong>inquam</strong></span> <span class='ocrx_word' id='word_1_751' title='bbox 1876 5267 2173 5332; x_wconf 77' lang='lat' dir='ltr'><strong>carissimi,</strong></span> 
     </span>
    </p>
   </div>
   <div class='ocr_carea' id='block_1_102' title="bbox 592 5359 2169 5435">
    <p class='ocr_par' dir='ltr' id='par_1_102' title="bbox 592 5359 2169 5435">
     <span class='ocr_line' id='line_1_102' title="bbox 592 5359 2169 5435; baseline -0.003 -16"><span class='ocrx_word' id='word_1_752' title='bbox 592 5379 760 5435; x_wconf 88' lang='lat' dir='ltr'><strong>quem</strong></span> <span class='ocrx_word' id='word_1_753' title='bbox 790 5362 875 5420; x_wconf 90' lang='lat' dir='ltr'><strong>vel</strong></span> <span class='ocrx_word' id='word_1_754' title='bbox 907 5365 1005 5420; x_wconf 87' lang='lat' dir='ltr'><strong>toti</strong></span> <span class='ocrx_word' id='word_1_755' title='bbox 1035 5374 1305 5420; x_wconf 87' lang='lat' dir='ltr'><strong>terrarum</strong></span> <span class='ocrx_word' id='word_1_756' title='bbox 1341 5361 1462 5419; x_wconf 90' lang='lat' dir='ltr'><strong>orbi</strong></span> <span class='ocrx_word' id='word_1_757' title='bbox 1493 5361 1843 5432; x_wconf 79' lang='lat' dir='ltr'><strong>praetulisset,</strong></span> <span class='ocrx_word' id='word_1_758' title='bbox 1884 5359 2073 5423; x_wconf 82' lang='lat' dir='ltr'><strong>oblita,</strong></span> <span class='ocrx_word' id='word_1_759' title='bbox 2101 5359 2169 5414; x_wconf 90' lang='lat' dir='ltr'><strong>ad</strong></span> 
     </span>
    </p>
   </div>
   <div class='ocr_carea' id='block_1_103' title="bbox 590 5450 2171 5527">
    <p class='ocr_par' dir='ltr' id='par_1_103' title="bbox 590 5450 2171 5527">
     <span class='ocr_line' id='line_1_103' title="bbox 590 5450 2171 5527; baseline -0.006 -14"><span class='ocrx_word' id='word_1_760' title='bbox 590 5457 762 5514; x_wconf 86' lang='lat' dir='ltr'><strong>Deum</strong></span> <span class='ocrx_word' id='word_1_761' title='bbox 783 5458 1044 5524; x_wconf 90' lang='lat' dir='ltr'><strong>accurrit,</strong></span> <span class='ocrx_word' id='word_1_762' title='bbox 1063 5457 1130 5512; x_wconf 91' lang='lat' dir='ltr'><strong>ad</strong></span> <span class='ocrx_word' id='word_1_763' title='bbox 1152 5457 1535 5527; x_wconf 91' lang='lat' dir='ltr'><strong>imperatorem</strong></span> <span class='ocrx_word' id='word_1_764' title='bbox 1552 5463 1606 5509; x_wconf 91' lang='lat' dir='ltr'><strong>ct</strong></span> <span class='ocrx_word' id='word_1_765' title='bbox 1628 5450 1884 5507; x_wconf 89' lang='lat' dir='ltr'><strong>maritum</strong></span> <span class='ocrx_word' id='word_1_766' title='bbox 1900 5451 2171 5507; x_wconf 87' lang='lat' dir='ltr'><strong>accurrit:</strong></span> 
     </span>
    </p>
   </div>
   <div class='ocr_carea' id='block_1_104' title="bbox 588 5542 2173 5621">
    <p class='ocr_par' dir='ltr' id='par_1_104' title="bbox 588 5542 2173 5621">
     <span class='ocr_line' id='line_1_104' title="bbox 588 5542 2173 5621; baseline -0.005 -16"><span class='ocrx_word' id='word_1_767' title='bbox 588 5566 700 5606; x_wconf 78' lang='lat' dir='ltr'><strong>nrn</strong></span> <span class='ocrx_word' id='word_1_768' title='bbox 730 5550 859 5621; x_wconf 90' lang='lat' dir='ltr'><strong>quia</strong></span> <span class='ocrx_word' id='word_1_769' title='bbox 892 5551 1125 5606; x_wconf 87' lang='lat' dir='ltr'><strong>maritus</strong></span> <span class='ocrx_word' id='word_1_770' title='bbox 1152 5548 1276 5614; x_wconf 89' lang='lat' dir='ltr'><strong>fuit,</strong></span> <span class='ocrx_word' id='word_1_771' title='bbox 1308 5547 1403 5603; x_wconf 90' lang='lat' dir='ltr'><strong>sed</strong></span> <span class='ocrx_word' id='word_1_772' title='bbox 1431 5547 1558 5617; x_wconf 89' lang='lat' dir='ltr'><strong>quia</strong></span> <span class='ocrx_word' id='word_1_773' title='bbox 1590 5559 1688 5617; x_wconf 85' lang='lat' dir='ltr'><strong>per</strong></span> <span class='ocrx_word' id='word_1_774' title='bbox 1721 5544 1872 5598; x_wconf 68' lang='lat' dir='ltr'><strong>iiium</strong></span> <span class='ocrx_word' id='word_1_775' title='bbox 1900 5542 1967 5596; x_wconf 93' lang='lat' dir='ltr'><strong>ad</strong></span> <span class='ocrx_word' id='word_1_776' title='bbox 1992 5544 2173 5597; x_wconf 90' lang='lat' dir='ltr'><strong>since-</strong></span> 
     </span>
    </p>
   </div>
   <div class='ocr_carea' id='block_1_105' title="bbox 590 5629 2173 5712">
    <p class='ocr_par' dir='ltr' id='par_1_105' title="bbox 590 5629 2173 5712">
     <span class='ocr_line' id='line_1_105' title="bbox 590 5629 2173 5712; baseline -0.007 -15"><span class='ocrx_word' id='word_1_777' title='bbox 590 5650 684 5698; x_wconf 84' lang='lat' dir='ltr'><strong>ros</strong></span> <span class='ocrx_word' id='word_1_778' title='bbox 717 5638 954 5698; x_wconf 89' lang='lat' dir='ltr'><strong>sanioris</strong></span> <span class='ocrx_word' id='word_1_779' title='bbox 983 5638 1253 5712; x_wconf 82' lang='lat' dir='ltr'><strong>dogmatis</strong></span> <span class='ocrx_word' id='word_1_780' title='bbox 1281 5638 1463 5694; x_wconf 88' lang='lat' dir='ltr'><strong>fontes</strong></span> <span class='ocrx_word' id='word_1_781' title='bbox 1490 5634 1755 5707; x_wconf 81' lang='lat' dir='ltr'><strong>perducta</strong></span> <span class='ocrx_word' id='word_1_782' title='bbox 1787 5631 1986 5689; x_wconf 86' lang='lat' dir='ltr'><strong>fuerat.</strong></span> <span class='ocrx_word' id='word_1_783' title='bbox 2015 5629 2173 5698; x_wconf 87' lang='lat' dir='ltr'><strong>Quod</strong></span> 
     </span>
    </p>
   </div>
   <div class='ocr_carea' id='block_1_106' title="bbox 2266 4717 3814 4801">
    <p class='ocr_par' dir='ltr' id='par_1_106' title="bbox 2266 4717 3814 4801">
     <span class='ocr_line' id='line_1_106' title="bbox 2266 4717 3814 4801; baseline -0.006 -18"><span class='ocrx_word' id='word_1_784' title='bbox 2266 4728 2629 4801; x_wconf 80' lang='grc' dir='ltr'>ἐκλαθόμενος</span> <span class='ocrx_word' id='word_1_785' title='bbox 2652 4728 3082 4796; x_wconf 80' lang='grc' dir='ltr'>ὲπινυστάξειεν,</span> <span class='ocrx_word' id='word_1_786' title='bbox 3106 4727 3182 4791; x_wconf 80' lang='grc' dir='ltr'><strong>ὡς</strong></span> <span class='ocrx_word' id='word_1_787' title='bbox 3218 4728 3386 4798; x_wconf 76' lang='grc' dir='ltr'>μηδὲν</span> <span class='ocrx_word' id='word_1_788' title='bbox 3405 4723 3546 4780; x_wconf 84' lang='grc' dir='ltr'>εἶναι</span> <span class='ocrx_word' id='word_1_789' title='bbox 3570 4724 3741 4778; x_wconf 73' lang='grc' dir='ltr'>λοιπὸν</span> <span class='ocrx_word' id='word_1_790' title='bbox 3765 4717 3814 4772; x_wconf 81' lang='grc' dir='ltr'><strong>τδ</strong></span> 
     </span>
    </p>
   </div>
   <div class='ocr_carea' id='block_1_107' title="bbox 2264 4812 3817 4892">
    <p class='ocr_par' dir='ltr' id='par_1_107' title="bbox 2264 4812 3817 4892">
     <span class='ocr_line' id='line_1_107' title="bbox 2264 4812 3817 4892; baseline -0.009 -13"><span class='ocrx_word' id='word_1_791' title='bbox 2264 4822 2495 4889; x_wconf 78' lang='grc' dir='ltr'>κωλύον,</span> <span class='ocrx_word' id='word_1_792' title='bbox 2525 4820 2824 4891; x_wconf 77' lang='grc' dir='ltr'>αὔτανδρον</span> <span class='ocrx_word' id='word_1_793' title='bbox 2865 4819 2965 4892; x_wconf 81' lang='grc' dir='ltr'>τὴν</span> <span class='ocrx_word' id='word_1_794' title='bbox 2992 4819 3126 4873; x_wconf 89' lang='grc' dir='ltr'>ναῦν</span> <span class='ocrx_word' id='word_1_795' title='bbox 3180 4819 3381 4874; x_wconf 82' lang='grc' dir='ltr'>αὐτίκα</span> <span class='ocrx_word' id='word_1_796' title='bbox 3412 4817 3560 4889; x_wconf 83' lang='grc' dir='ltr'>μάλα</span> <span class='ocrx_word' id='word_1_797' title='bbox 3595 4812 3817 4886; x_wconf 65' lang='grc' dir='ltr'>βυθοδροί</span> 
     </span>
    </p>
   </div>
   <div class='ocr_carea' id='block_1_108' title="bbox 2267 4900 3813 4987">
    <p class='ocr_par' dir='ltr' id='par_1_108' title="bbox 2267 4900 3813 4987">
     <span class='ocr_line' id='line_1_108' title="bbox 2267 4900 3813 4987; baseline -0.021 -3"><span class='ocrx_word' id='word_1_798' title='bbox 2267 4916 2521 4987; x_wconf 71' lang='grc' dir='ltr'>μήσασαν</span> <span class='ocrx_word' id='word_1_799' title='bbox 2547 4915 2604 4977; x_wconf 77' lang='grc' dir='ltr'>ἐς</span> <span class='ocrx_word' id='word_1_800' title='bbox 2634 4913 2915 4983; x_wconf 79' lang='grc' dir='ltr'>πυθμένας</span> <span class='ocrx_word' id='word_1_801' title='bbox 2948 4912 3226 4981; x_wconf 85' lang='grc' dir='ltr'>θαλάσσης</span> <span class='ocrx_word' id='word_1_802' title='bbox 3255 4910 3576 4967; x_wconf 88' lang='grc' dir='ltr'>καταδῦναι.</span> <span class='ocrx_word' id='word_1_803' title='bbox 3603 4908 3752 4960; x_wconf 81' lang='grc' dir='ltr'>Ὅθεν</span> <span class='ocrx_word' id='word_1_804' title='bbox 3771 4900 3813 4953; x_wconf 80' lang='grc' dir='ltr'>ει</span> 
     </span>
    </p>
   </div>
   <div class='ocr_carea' id='block_1_109' title="bbox 2269 4993 3817 5080">
    <p class='ocr_par' dir='ltr' id='par_1_109' title="bbox 2269 4993 3817 5080">
     <span class='ocr_line' id='line_1_109' title="bbox 2269 4993 3817 5080; baseline -0.009 -18"><span class='ocrx_word' id='word_1_805' title='bbox 2269 5008 2343 5080; x_wconf 84' lang='grc' dir='ltr'>μή</span> <span class='ocrx_word' id='word_1_806' title='bbox 2375 5025 2430 5061; x_wconf 88' lang='grc' dir='ltr'><strong>τι</strong></span> <span class='ocrx_word' id='word_1_807' title='bbox 2481 4994 2632 5072; x_wconf 80' lang='grc' dir='ltr'>ἄλλο,</span> <span class='ocrx_word' id='word_1_808' title='bbox 2667 5006 2783 5060; x_wconf 78' lang='grc' dir='ltr'>ἀλλ’</span> <span class='ocrx_word' id='word_1_809' title='bbox 2813 5000 2907 5060; x_wconf 76' lang='grc' dir='ltr'>οὖν</span> <span class='ocrx_word' id='word_1_810' title='bbox 2964 5004 3053 5059; x_wconf 85' lang='grc' dir='ltr'><strong>διά</strong></span> <span class='ocrx_word' id='word_1_811' title='bbox 3081 5022 3144 5074; x_wconf 84' lang='grc' dir='ltr'><strong>γε</strong></span> <span class='ocrx_word' id='word_1_812' title='bbox 3178 5004 3275 5069; x_wconf 88' lang='grc' dir='ltr'><strong>τάς</strong></span> <span class='ocrx_word' id='word_1_813' title='bbox 3311 5003 3590 5074; x_wconf 82' lang='grc' dir='ltr'>ὑπηκόους</span> <span class='ocrx_word' id='word_1_814' title='bbox 3616 4998 3714 5053; x_wconf 87' lang='grc' dir='ltr'><strong>τῶν</strong></span> <span class='ocrx_word' id='word_1_815' title='bbox 3736 4993 3817 5048; x_wconf 77' lang='grc' dir='ltr'>πύ-</span> 
     </span>
    </p>
   </div>
   <div class='ocr_carea' id='block_1_110' title="bbox 2265 5096 3817 5169">
    <p class='ocr_par' dir='ltr' id='par_1_110' title="bbox 2265 5096 3817 5169">
     <span class='ocr_line' id='line_1_110' title="bbox 2265 5096 3817 5169; baseline -0.01 -15"><span class='ocrx_word' id='word_1_816' title='bbox 2265 5100 2425 5165; x_wconf 89' lang='grc' dir='ltr'>λεων,</span> <span class='ocrx_word' id='word_1_817' title='bbox 2454 5097 2491 5154; x_wconf 73' lang='grc' dir='ltr'>ἃ</span> <span class='ocrx_word' id='word_1_818' title='bbox 2523 5098 2623 5169; x_wconf 80' lang='grc' dir='ltr'>τῆς</span> <span class='ocrx_word' id='word_1_819' title='bbox 2651 5097 2827 5167; x_wconf 89' lang='grc' dir='ltr'>λύπης</span> <span class='ocrx_word' id='word_1_820' title='bbox 2856 5096 2993 5169; x_wconf 75' lang='grc' dir='ltr'>ἔργα</span> <span class='ocrx_word' id='word_1_821' title='bbox 3021 5096 3336 5165; x_wconf 78' lang='grc' dir='ltr'>πεφύκασιν</span> <span class='ocrx_word' id='word_1_822' title='bbox 3370 5096 3555 5158; x_wconf 77' lang='grc' dir='ltr'>ἄλλοις</span> <span class='ocrx_word' id='word_1_823' title='bbox 3584 5104 3817 5162; x_wconf 84' lang='grc' dir='ltr'>παραχω-</span> 
     </span>
    </p>
   </div>
   <div class='ocr_carea' id='block_1_111' title="bbox 2270 5182 3816 5264">
    <p class='ocr_par' dir='ltr' id='par_1_111' title="bbox 2270 5182 3816 5264">
     <span class='ocr_line' id='line_1_111' title="bbox 2270 5182 3816 5264; baseline -0.009 -20"><span class='ocrx_word' id='word_1_824' title='bbox 2270 5191 2443 5264; x_wconf 75' lang='grc' dir='ltr'>ρήσας</span> <span class='ocrx_word' id='word_1_825' title='bbox 2466 5186 2650 5260; x_wconf 83' lang='grc' dir='ltr'>σαυτῷ</span> <span class='ocrx_word' id='word_1_826' title='bbox 2679 5189 2740 5243; x_wconf 81' lang='grc' dir='ltr'>τὸ</span> <span class='ocrx_word' id='word_1_827' title='bbox 2768 5188 2998 5259; x_wconf 86' lang='grc' dir='ltr'>σύνηθες</span> <span class='ocrx_word' id='word_1_828' title='bbox 3039 5189 3133 5242; x_wconf 75' lang='grc' dir='ltr'>καὶ</span> <span class='ocrx_word' id='word_1_829' title='bbox 3185 5186 3458 5258; x_wconf 82' lang='grc' dir='ltr'>βασίλειον</span> <span class='ocrx_word' id='word_1_830' title='bbox 3511 5182 3816 5255; x_wconf 77' lang='grc' dir='ltr'>μεγαλοπρε-</span> 
     </span>
    </p>
   </div>
   <div class='ocr_carea' id='block_1_112' title="bbox 2269 5271 3814 5353">
    <p class='ocr_par' dir='ltr' id='par_1_112' title="bbox 2269 5271 3814 5353">
     <span class='ocr_line' id='line_1_112' title="bbox 2269 5271 3814 5353; baseline -0.006 -14"><span class='ocrx_word' id='word_1_831' title='bbox 2269 5285 2368 5348; x_wconf 83' lang='grc' dir='ltr'>πὲς</span> <span class='ocrx_word' id='word_1_832' title='bbox 2397 5283 2748 5353; x_wconf 69' lang='grc' dir='ltr'>διατήρησον.</span> <span class='ocrx_word' id='word_1_833' title='bbox 2805 5281 3060 5353; x_wconf 82' lang='grc' dir='ltr'>Μίμησαι</span> <span class='ocrx_word' id='word_1_834' title='bbox 3108 5282 3209 5350; x_wconf 77' lang='grc' dir='ltr'>τῆς</span> <span class='ocrx_word' id='word_1_835' title='bbox 3239 5280 3585 5350; x_wconf 80' lang='grc' dir='ltr'>ἀπελθούσης</span> <span class='ocrx_word' id='word_1_836' title='bbox 3626 5271 3814 5337; x_wconf 70' lang='grc' dir='ltr'>ἐκείνης</span> 
     </span>
    </p>
   </div>
   <div class='ocr_carea' id='block_1_113' title="bbox 2270 5361 3813 5447">
    <p class='ocr_par' dir='ltr' id='par_1_113' title="bbox 2270 5361 3813 5447">
     <span class='ocr_line' id='line_1_113' title="bbox 2270 5361 3813 5447; baseline -0.007 -15"><span class='ocrx_word' id='word_1_837' title='bbox 2270 5378 2528 5447; x_wconf 84' lang='grc' dir='ltr'>γενναίας</span> <span class='ocrx_word' id='word_1_838' title='bbox 2575 5375 2759 5447; x_wconf 77' lang='grc' dir='ltr'>ψυχῆς</span> <span class='ocrx_word' id='word_1_839' title='bbox 2801 5375 2901 5446; x_wconf 79' lang='grc' dir='ltr'>τὴν</span> <span class='ocrx_word' id='word_1_840' title='bbox 2948 5375 3307 5445; x_wconf 67' lang='grc' dir='ltr'>στερρότητα,</span> <span class='ocrx_word' id='word_1_841' title='bbox 3363 5373 3398 5443; x_wconf 75' lang='grc' dir='ltr'>ἢ</span> <span class='ocrx_word' id='word_1_842' title='bbox 3431 5371 3521 5426; x_wconf 84' lang='grc' dir='ltr'>διὰ</span> <span class='ocrx_word' id='word_1_843' title='bbox 3552 5370 3671 5430; x_wconf 67' lang='grc' dir='ltr'>τοὺς</span> <span class='ocrx_word' id='word_1_844' title='bbox 3699 5361 3813 5432; x_wconf 75' lang='grc' dir='ltr'>πρδς</span> 
     </span>
    </p>
   </div>
   <div class='ocr_carea' id='block_1_114' title="bbox 2267 5454 3813 5544">
    <p class='ocr_par' dir='ltr' id='par_1_114' title="bbox 2267 5454 3813 5544">
     <span class='ocr_line' id='line_1_114' title="bbox 2267 5454 3813 5544; baseline -0.011 -17"><span class='ocrx_word' id='word_1_845' title='bbox 2267 5472 2364 5526; x_wconf 68' lang='grc' dir='ltr'>τὸν</span> <span class='ocrx_word' id='word_1_846' title='bbox 2389 5471 2524 5525; x_wconf 77' lang='grc' dir='ltr'>Θεὸν</span> <span class='ocrx_word' id='word_1_847' title='bbox 2553 5464 2904 5541; x_wconf 73' lang='grc' dir='ltr'>ἀκμάζοντας</span> <span class='ocrx_word' id='word_1_848' title='bbox 2954 5466 3185 5539; x_wconf 76' lang='grc' dir='ltr'>ἔρωτας,</span> <span class='ocrx_word' id='word_1_849' title='bbox 3221 5465 3314 5530; x_wconf 81' lang='grc' dir='ltr'>οὓς</span> <span class='ocrx_word' id='word_1_850' title='bbox 3348 5464 3673 5536; x_wconf 83' lang='grc' dir='ltr'>ἀποῤῥήτως</span> 
     </span>
    </p>
   </div>
   <div class='ocr_carea' id='block_1_115' title="bbox 2268 5533 3812 5633">
    <p class='ocr_par' dir='ltr' id='par_1_115' title="bbox 2268 5533 3812 5633">
     <span class='ocr_line' id='line_1_115' title="bbox 2268 5533 3812 5633; baseline -0.012 -13"><span class='ocrx_word' id='word_1_851' title='bbox 2268 5581 2402 5619; x_wconf 85' lang='grc' dir='ltr'>σκεν</span> <span class='ocrx_word' id='word_1_852' title='bbox 2427 5564 2487 5618; x_wconf 71' lang='grc' dir='ltr'>ιν</span> <span class='ocrx_word' id='word_1_853' title='bbox 2532 5533 2733 5633; x_wconf 66' lang='grc' dir='ltr'>καρδίᾳ</span> <span class='ocrx_word' id='word_1_854' title='bbox 2779 5560 2946 5614; x_wconf 87' lang='grc' dir='ltr'>πάλαι</span> <span class='ocrx_word' id='word_1_855' title='bbox 2971 5533 3141 5613; x_wconf 77' lang='grc' dir='ltr'>πολὺν</span> <span class='ocrx_word' id='word_1_856' title='bbox 3184 5558 3283 5628; x_wconf 75' lang='grc' dir='ltr'>ἥδη</span> <span class='ocrx_word' id='word_1_857' title='bbox 3308 5557 3400 5610; x_wconf 74' lang='grc' dir='ltr'><strong>τὸν</strong></span> <span class='ocrx_word' id='word_1_858' title='bbox 3428 5533 3635 5628; x_wconf 85' lang='grc' dir='ltr'>χρόνον,</span> <span class='ocrx_word' id='word_1_859' title='bbox 3657 5540 3742 5614; x_wconf 60' lang='grc' dir='ltr'>ἀφ’</span> <span class='ocrx_word' id='word_1_860' title='bbox 3761 5533 3812 5596; x_wconf 71' lang='grc' dir='ltr'><strong>οὗ</strong></span> 
     </span>
    </p>
   </div>
   <div class='ocr_carea' id='block_1_116' title="bbox 2267 5636 3810 5728">
    <p class='ocr_par' dir='ltr' id='par_1_116' title="bbox 2267 5636 3810 5728">
     <span class='ocr_line' id='line_1_116' title="bbox 2267 5636 3810 5728; baseline -0.009 -18"><span class='ocrx_word' id='word_1_861' title='bbox 2267 5657 2372 5728; x_wconf 82' lang='grc' dir='ltr'>τῆς</span> <span class='ocrx_word' id='word_1_862' title='bbox 2392 5657 2503 5710; x_wconf 88' lang='grc' dir='ltr'><strong>τῶν</strong></span> <span class='ocrx_word' id='word_1_863' title='bbox 2519 5654 2811 5726; x_wconf 80' lang='grc' dir='ltr'>φυσάντων</span> <span class='ocrx_word' id='word_1_864' title='bbox 2831 5651 3060 5706; x_wconf 79' lang='grc' dir='ltr'>διέσωσε</span> <span class='ocrx_word' id='word_1_865' title='bbox 3084 5651 3245 5722; x_wconf 76' lang='grc' dir='ltr'>δόξης</span> <span class='ocrx_word' id='word_1_866' title='bbox 3263 5648 3456 5721; x_wconf 74' lang='grc' dir='ltr'>αὐτὴν,</span> <span class='ocrx_word' id='word_1_867' title='bbox 3474 5636 3810 5711; x_wconf 76' lang='grc' dir='ltr'>ὲπιλαθομένη</span> 
     </span>
    </p>
   </div>
   <div class='ocr_carea' id='block_1_117' title="bbox 1957 5794 2514 5862">
    <p class='ocr_par' dir='ltr' id='par_1_117' title="bbox 1957 5794 2514 5862">
     <span class='ocr_line' id='line_1_117' title="bbox 1957 5794 2514 5862; baseline 0.005 -5"><span class='ocrx_word' id='word_1_868' title='bbox 1957 5794 2296 5862; x_wconf 81' lang='lat' dir='ltr'><strong>Variorum</strong></span> <span class='ocrx_word' id='word_1_869' title='bbox 2328 5803 2514 5860; x_wconf 68' lang='lat' dir='ltr'><strong>notae.</strong></span> 
     </span>
    </p>
   </div>
   <div class='ocr_carea' id='block_1_118' title="bbox 686 5918 3143 6005">
    <p class='ocr_par' dir='ltr' id='par_1_118' title="bbox 686 5918 3143 6005">
     <span class='ocr_line' id='line_1_118' title="bbox 686 5918 3143 6005; baseline -0.005 -18"><span class='ocrx_word' id='word_1_870' title='bbox 686 5927 773 6003; x_wconf 77' lang='lat'><strong>70)</strong></span> <span class='ocrx_word' id='word_1_871' title='bbox 808 5930 1003 5989; x_wconf 79' lang='lat' dir='ltr'><strong>Wolfio</strong></span> <span class='ocrx_word' id='word_1_872' title='bbox 1032 5930 1236 6005; x_wconf 79' lang='grc' dir='ltr'>κρηπίς</span> <span class='ocrx_word' id='word_1_873' title='bbox 1272 5940 1347 5987; x_wconf 88' lang='lat' dir='ltr'><strong>est</strong></span> <span class='ocrx_word' id='word_1_874' title='bbox 1383 5918 1612 6001; x_wconf 69' lang='lat' dir='ltr'><strong>crepido.</strong></span> <span class='ocrx_word' id='word_1_875' title='bbox 1652 5923 1756 5981; x_wconf 86' lang='lat' dir='ltr'><strong>Sed</strong></span> <span class='ocrx_word' id='word_1_876' title='bbox 1801 5922 2008 5995; x_wconf 83' lang='lat' dir='ltr'><strong>crepido</strong></span> <span class='ocrx_word' id='word_1_877' title='bbox 2039 5921 2249 5978; x_wconf 73' lang='lat' dir='ltr'><strong>consilii</strong></span> <span class='ocrx_word' id='word_1_878' title='bbox 2276 5923 2410 5995; x_wconf 81' lang='lat' dir='ltr'><strong>quid</strong></span> <span class='ocrx_word' id='word_1_879' title='bbox 2439 5924 2535 5995; x_wconf 80' lang='lat' dir='ltr'><strong>sit,</strong></span> <span class='ocrx_word' id='word_1_880' title='bbox 2565 5939 2675 5982; x_wconf 85' lang='lat' dir='ltr'><strong>non</strong></span> <span class='ocrx_word' id='word_1_881' title='bbox 2706 5923 2890 6005; x_wconf 26' lang='lat' dir='ltr'><strong>vid-co.</strong></span> <span class='ocrx_word' id='word_1_882' title='bbox 2933 5920 3143 5979; x_wconf 72' lang='lat' dir='ltr'><strong>Betvuv.</strong></span> 
     </span>
    </p>
   </div>
  </div>
