4088 6600
475 407 581 472 699
688 408 693 415 ’
726 402 802 478 [Α.
844 419 902 458 ιι.
944 403 1083 458 6836
1120 422 1187 460 Αυ
1227 403 1391 478 6849]

1703 404 2117 474 Nummum:
2159 402 2542 473 cnﬂuont:

2842 408 2974 482 [τωρ.
3019 424 3295 468 Lsonomc.
3322 412 3458 487 tum]

3584 424 3674 489 700

472 535 663 573 eorum
697 519 896 575 litteris
928 530 1271 586 moveretur;
1324 522 1417 575 scd
1451 522 1798 578 sanctissimo
1826 525 2038 593 jureju-

2162 526 2288 596 ιῦτῷ
2322 528 2385 579 ἒκ
2437 545 2492 581 τε
2526 527 2927 597 Θεσσαλονίκης
2959 528 3020 581 ἕκ
3070 547 3128 582 τε
3165 529 3437 600 Βεῤῥοίας,
3479 533 3548 596 ὡς
3587 537 3674 591 οὐκ

475 614 673 675 rando,
700 628 877 682 coque
930 614 1157 684 scripto,
1192 614 1278 669 'ab
1331 615 1426 669 illo
1475 627 1601 669 ante
1634 626 2043 671 sacrosanctam

477 724 723 762 mensam
756 718 1004 778 accepto,
1060 724 1188 764 cum
1219 709 1536 764 sacerdotes
1569 708 1807 764 divinam
1849 720 2049 780 mysta-

476 800 687 866 gngialll
727 799 1091 863 celebrarent,
1121 799 1382 866 deinceps
1413 800 1533 870 ejus
1555 800 1952 856 consuetudine
1990 810 2047 855 et

477 891 731 944 convictu
794 891 912 946 sine
973 892 1080 946 ulla
1123 893 1435 962 suspicione
1461 902 1516 948 et
1566 903 1712 948 metu
1766 902 2034 948 uteretur.

479 982 781 1048 Oportebat
824 984 972 1037 enim
1029 1000 1152 1038 eum
1213 986 1426 1039 tandem
1481 985 1797 1051 aliquando,
1858 984 2039 1052 qualia

477 1084 863 1143 perpetrasscl,
899 1076 1024 1129 talia
1059 1077 1298 1132 vicissim
1327 1077 1454 1145 pati,
1480 1088 1530 1131 et
1556 1075 1917 1146 jurejurando
1944 1078 2042 1130 de-

479 1174 702 1233 ceptum
735 1166 912 1235 ipsum
950 1183 1170 1237 quoque
1213 1184 1404 1238 punias
1438 1171 1565 1223 dare
1608 1168 1843 1239 lnjnrim.
1880 1184 2041 1237 quam

480 1271 583 1310 ato
644 1257 989 1326 imperatoris
1048 1258 1362 1313 Andronico
1422 1260 1737 1329 imperatori
1798 1261 2040 1321 fecisset,

484 1357 579 1401 aut
604 1350 788 1418 potius
834 1352 934 1419 ipsi
965 1352 1108 1417 Deo;
1167 1352 1438 1422 siquidem
1501 1353 1801 1423 pcrjurium
1841 1352 1907 1405 ad
1949 1352 2040 1405 Dei

478 1451 853 1511 contemptum
892 1444 1143 1498 refertur.
1211 1444 1383 1514 Supra
1435 1444 1582 1499 enim
1623 1445 1880 1509 diximus,
1918 1459 2043 1500 eum

482 1533 697 1588 di~sidii
723 1546 777 1591 et
806 1551 1000 1607 pugna
1033 1537 1263 1591 duorum
1311 1537 1704 1605 imperatorum
1763 1544 2042 1591 auctorem

479 1628 565 1679 vel
603 1628 653 1680 in
684 1629 874 1698 primis
902 1630 1195 1692 exstitisse,
1226 1640 1498 1699 caputque
1533 1644 1589 1684 et
1617 1645 1835 1684 causam
1877 1629 2047 1683 fuisse

479 1735 670 1772 corum
707 1721 1035 1776 tumultuum
1063 1721 1332 1785 omnium,
1388 1723 1481 1791 qui
1538 1731 1658 1791 post
1689 1722 1860 1776 secuti
1895 1729 2046 1776 sunt.

2144 619 2229 672 ἐπ’
2258 620 2446 689 ἀγαθῷ
2479 637 2561 673 σοι
2589 620 2742 674 ἔσται
2775 623 2806 690 ἡ
2843 621 2936 673 τοῦ
2963 622 3250 690 Σερραντζῆ
3279 621 3531 693 ἐπιδημία
3550 642 3565 657 ⁸
3595 645 3676 697 φο.

2144 710 2349 764 νεύσων
2377 713 2487 781 γὰρ
2512 713 2639 783 ἥκει
2691 728 2772 765 σε.
2815 712 2875 765 '0
2904 712 2960 765 δέ
2994 713 3095 766 οὐκ
3140 713 3409 779 ἐπείθετο,
3456 716 3562 769 ἀλλ’
3600 719 3680 789 δρα

2147 819 2273 865 κους
2308 804 2618 873 ἐγγράφους
2654 803 2746 857 ὑπ’
2779 803 2945 856 αὑτοῦ
2991 803 3087 857 καὶ
3132 806 3274 858 πάνυ
3306 803 3580 875 φρικώδεις
3607 813 3681 863 δε-

2148 894 2376 963 ξάμενος
2421 894 2652 948 ἐνώπιον
2686 895 2782 965 τῆς
2809 893 2957 957 θείας
2984 895 3077 949 καὶ
3117 895 3270 964 ίερᾶς
3294 896 3581 967 τραπέζης,
3617 901 3682 952 ie-

2148 986 2287 1056 ρέων
2307 988 2406 1055 τὴν
2429 985 2581 1040 θείαν
2603 985 2900 1039 τελούντων
2928 987 3337 1054 μυσταγωγίαν,
3369 1004 3430 1039 συ
3441 990 3683 1058 μπορευό-

2149 1094 2308 1147 μενος
2336 1074 2402 1146 ἦν
2436 1077 2587 1144 αὐτῷ
2630 1076 2725 1130 τοῦ
2756 1077 2946 1130 λοιποῦ
2978 1079 3073 1130 καὶ
3110 1077 3552 1148 συνδιαιτώμενος
3577 1081 3686 1135 ἀνυ-

2147 1169 2371 1233 πόπτως
2407 1174 2502 1222 καὶ
2536 1159 2948 1237 ἀδενῖ’ς.ἐχρ’ἥν
2981 1168 3093 1235 γὰρ
3129 1162 3205 1220 ὧν
3238 1166 3406 1221 πάλαι
3438 1167 3685 1237 ἐδεδρὰκει

2145 1259 2214 1312 τὰ
2255 1261 2417 1328 ὃμοια
2469 1261 2564 1311 καὶ
2595 1259 2756 1312 αὐτὸν
2804 1259 2901 1327 ὀψὲ
2938 1257 3270 1313 πεπονθέναι
3297 1240 3499 1312 καὶδι*
3528 1258 3686 1325 ὅρκων

2146 1352 2494 1419 ἀπατηθέντα
2527 1353 2619 1403 καὶ
2651 1350 2815 1404 αὐτὸν
2845 1351 3002 1412 δίκας
3028 1350 3211 1404 δοῦναι
3244 1343 3321 1404 ὧν
3347 1350 3589 1419 ἠδικήκει
3609 1351 3687 1403 τδν

2146 1443 2240 1497 τοῦ
2275 1443 2542 1513 βασιλέως
2575 1443 2798 1497 πάππον
2840 1443 3181 1512 Ἀνδρόνικον
3217 1442 3309 1496 τὸν
3341 1441 3558 1513 βασιλέα
3584 1442 3686 1504 καὶ,

2149 1534 2196 1587 εί
2245 1536 2351 1605 χρὴ
2406 1539 2593 1605 φάναι,
2627 1536 2720 1589 καὶ
2755 1536 2887 1589 Θεὸν
2944 1536 3141 1589 αὐτόν·
3196 1536 3360 1605 εἴπερ
3408 1534 3486 1598 είς
3517 1533 3686 1605 Θεδνή

2150 1627 2405 1699 ἐπιορκία
2427 1629 2488 1680 τὸ
2506 1630 2605 1695 τῆς
2627 1630 3074 1698 περιφρονήσεως
3098 1627 3421 1697 ἀνατίθησιν
3440 1625 3691 1694 ἔγκλημα.

2154 1720 2440 1790 Ἕφοημεν
2464 1720 2598 1791 κγὰρ
2634 1720 2747 1774 ἀνω
2782 1736 2885 1773 που
2917 1720 3221 1789 εἰρηκότες,
3248 1719 3327 1782 ώς
3376 1719 3586 1781 αὒτδςοδ
3608 1716 3698 1785 τῆς

478 1814 594 1865 τοῖν
631 1813 779 1867 δυοῖν
829 1815 1103 1881 βασιλέοιν
1142 1815 1478 1882 διαστάσεὼς
1511 1836 1569 1871 τε
1606 1825 1697 1873 καὶ
1750 1818 1933 1889 μάχης
1994 1816 2323 1880 αἰτιώτατος
2393 1812 2461 1888 ἦν
2539 1819 2634 1871 καὶ
2690 1820 2724 1887 ἡ
2781 1818 3079 1888 ἀβχέγονος
3138 1817 3265 1891 ῥίζα
3324 1819 3541 1870 πάντων
3588 1816 3700 1899 ἑῶν

480 1905 678 1974 ἐεεξῆς
716 1906 980 1979 θορύϐων.

551 1998 641 2054 VI.
674 1999 888 2059 Estate
917 2005 1027 2075 jam
1096 2005 1272 2061 media
1305 2005 1493 2063 Cralcs
1533 2021 1658 2062 cum
1718 2005 1836 2061 suis
1872 2003 2046 2072 copiis

2219 2003 2313 2070 ιτ.
2337 2003 2543 2072 Θέρους
2569 2002 2624 2055 δὲ
2653 2002 2753 2073 ἢδη
2790 2003 3082 2073 μεσοῦντος
3116 2002 3404 2057 ἀναλαϐὼν
3433 2003 3529 2067 τὰς
3555 2003 3699 2058 δυνά-

482 2089 838 2163 Syrgiannem
873 2099 1148 2167 sequitur.
1220 2100 1320 2156 llic
1355 2111 1537 2155 autem
1572 2111 1718 2157 recta
1760 2100 2050 2156 Thessalo.

482 2182 660 2238 nicam
693 2187 1079 2243 contendebat.
1108 2189 1228 2256 Quo
1248 2191 1377 2245 dum
1408 2191 1852 2261 proficiscuntur,
1884 2191 2052 2245 nubes

483 2288 547 2326 ac
583 2275 893 2342 provincias
923 2276 1088 2349 599
1112 2280 1425 2349 interjectas
1445 2282 1499 2335 in
1526 2280 1863 2335 deditionem
1890 2279 2052 2335 facile

483 2364 783 2433 accipiunt,
837 2383 962 2422 cum
1018 2368 1110 2424 alii
1151 2369 1472 2441 Syrgiannis
1502 2369 2049 2425 administrationem

485 2452 694 2522 pridem
727 2454 1101 2513 desiderarent
1124 2498 1139 2521 ,
1173 2459 1262 2513 alii
1297 2461 1548 2530 frugibus
1584 2460 1811 2514 n-aturis
1843 2470 2053 2515 metue-

486 2556 627 2601 rent.
664 2547 904 2617 Tempus
958 2551 1106 2606 enim
1161 2551 1292 2607 illud
1330 2555 1523 2608 messis
1560 2551 1882 2622 colligenda:
1914 2562 2052 2607 erat.

484 2639 556 2695 Ca
579 2650 755 2696 ternm
773 2640 1104 2714 Sphrantzes
1137 2645 1457 2714 imperatori
1480 2646 1609 2716 quid
1639 2655 1896 2716 ageretur
1915 2644 2057 2699 imii-

487 2749 615 2790 care
639 2735 867 2805 cupiens
923 2739 1199 2808 simulque
1256 2738 1546 2810 Syrgianni
1598 2749 1889 2809 suspectus
1934 2752 2056 2794 esse

488 2827 682 2883 nolens
715 2831 905 2884 miram
929 2833 1201 2901 quandam
1233 2842 1288 2887 et
1313 2835 1626 2887 abstrusam
1657 2833 1926 2887 rationem
1961 2847 2058 2887 ex-

486 2923 712 2993 cogitat,
745 2939 851 2993 qua
881 2925 934 2980 id
974 2936 1329 2997 assequatnr.
1381 2926 1461 2981 Ad
1505 2925 1867 2998 Syrgiannem
1898 2938 2059 2981 acce-

490 3013 590 3078 dit,
624 3024 679 3069 et
709 3031 918 3072 secum
966 3017 1184 3074 duobus
1244 3019 1404 3085 viris,
1455 3020 1548 3090 qui
1599 3019 1653 3074 in
1712 3019 2059 3085 imperatoris

490 3107 745 3162 Cubicula
771 3110 990 3165 assidue
1022 3122 1394 3177 versarentur,
1435 3112 1705 3183 pepigisse
1737 3112 1854 3175 ait;
1881 3121 1941 3166 et
1969 3110 2055 3165 af-

492 3197 739 3254 firmasse
766 3216 885 3265 cos,
947 3216 1007 3257 se
1062 3204 1185 3258 data
1222 3204 1631 3273 opportunitate
1668 3204 2056 3273 imperatorem

491 3293 791 3348 occisuros.
830 3294 933 3351 Eos
967 3295 1134 3365 igitur
1157 3310 1253 3366 per
1285 3296 1536 3351 nuntium
1563 3295 2059 3350 eonnnonefacien-

2156 2111 2276 2166 μεις
2304 2098 2331 2149 ὁ
2361 2096 2585 2168 Κράὶης
2615 2096 2801 2149 εἵπετο
2834 2095 2911 2164 τῷ
2956 2097 3260 2167 Συργιάννῃ
3292 2095 3424 2150 εὒθῦ
3453 2096 3701 2150 Θεσσαλο-
3720 2112 3747 2230 ρ

2156 2188 2305 2230 ulva:-
2340 2187 2613 2230 ἓὶσιῶυηυτι
2639 2204 2658 2222 ο
2690 2190 2784 2230 νηί
2809 2204 2995 2230 Remum
3020 2188 3405 2230 πηινηνῶηηιιυ
3431 2190 3484 2230 ηδ
3514 2190 3700 2230 "erant

2152 2188 2307 2256 νίκης
2340 2187 2618 2243 ἐλαύνοντι
2639 2204 2658 2222 '
2690 2190 2784 2242 καί
2809 2204 2995 2258 σφισιν
3020 2188 3405 2260 προσεχώρουν
3431 2190 3484 2243 αί
3512 2190 3700 2258 μεταξὺ

2154 2280 2339 2344 πόλεις
2364 2280 2457 2334 καὶ
2480 2279 2653 2352 χῶραι
2685 2280 2901 2353 ῥᾳδίως.
2928 2282 3086 2337 τοῦτο
3112 2283 3208 2351 μὲν
3229 2282 3328 2336 καὶ
3352 2282 3453 2350 τὴν
3474 2281 3562 2335 τοῦ
3583 2282 3707 2353 Συρ-
3796 2280 3803 2289 “

2155 2373 2374 2443 γιάννου
2423 2373 2688 2430 ποθοῦσαι
2741 2376 2909 2430 πάλαι
2957 2376 3304 2440 ἐπιστασίαν,
3344 2375 3499 2429 τοῦτο
3537 2377 3589 2431 δὲ
3620 2378 3705 2431 καὶ

2157 2464 2301 2535 ὑπὲρ
2340 2465 2449 2520 τῶν
2493 2466 2782 2537 ἀσταχύων
2807 2466 3122 2521 δεδοικυῖαι.
3150 2468 3290 2536 Ὦρα
3323 2468 3434 2537 γὰρ
3478 2460 3544 2539 ἦν
3571 2484 3707 2537 τηνι-

2157 2558 2286 2612 κάδε
2319 2556 2545 2622 ἅλωνος.
2592 2556 2651 2611 '0
2690 2556 2873 2625 μέντοι
2902 2559 3223 2630 Σερραντζῆς
3256 2558 3487 2628 μηνύειν
3515 2575 3568 2611 τε
3600 2557 3707 2611 ἐθέ-

2155 2649 2265 2703 λων
2292 2649 2372 2718 τῷ
2402 2648 2619 2720 βασιλεῖ
2646 2650 2715 2703 τὰ
2738 2648 2993 2723 δρώμενα
3019 2650 3115 2704 καὶ
3157 2652 3273 2718 ἅμα
3318 2652 3620 2714 ἀνύποπτος
3640 2644 3710 2720 τῷ

2157 2744 2463 2816 Συργιάννῃ
2483 2746 2664 2799 δοκεῖν
2692 2745 2966 2816 πρόφασίν
2986 2760 3112 2797 τινα
3140 2742 3432 2813 δαιμονίαν
3458 2742 3712 2797 ἐπλάσατο

2158 2841 2254 2894 καὶ
2280 2840 2421 2893 πάνυ
2458 2839 2702 2909 βαθεῖαν.
2745 2836 2992 2909 Προτιών
3021 2838 3130 2908 γάρ
3153 2838 3397 2905 ῑφασκεν
3425 2836 3570 2904 αὐτῷ
3602 2851 3714 2887 συν-

2157 2929 2333 3001 θήκας
2376 2929 2522 3000 ἔχειν
2567 2928 2662 2982 δύο
2693 2929 2859 2982 τινῶν
2884 2927 2963 2981 ὀἳ
2996 2928 3126 2996 περὶ
3180 2926 3302 2993 τὸν⁴
3322 2923 3422 2980 τοῦ
3468 2924 3712 2994 βασιλέως

2159 3025 2402 3079 κοιτῶνα
2448 3022 2688 3093 μάλιστα
2739 3021 2837 3091 τὴν
2885 3018 3245 3091 προσεδρείαν
3294 3017 3594 3081 ποιοῦνται.
3632 3017 3714 3088 βε-

2159 3115 2531 3176 ϐαιωσάντων,
2562 3113 2611 3168 εί
2629 3112 3016 3184 προσηκούσης
3040 3111 3224 3174 ἀδείας
3253 3111 3489 3183 τύχοιεν.
3519 3111 3716 3181 διαχει-

2162 3206 2419 3279 ρίσασθαι
2451 3207 2543 3262 τδν
2576 3207 2821 3277 βατιλέα.
2861 3206 2992 3259 Δέον
3021 3200 3117 3259 οῦν
3151 3196 3292 3259 εῖναι
3323 3206 3564 3275 πέμπειν
3589 3203 3714 3270 πῶς

2160 3298 2358 3362 αὐτοὺς
2385 3299 2477 3351 καὶ
2499 3297 2943 3365 ἀναμιμνήσκειν
2972 3295 3082 3347 τῶν
3114 3294 3424 3364 συνθηκῶν.
3460 3294 3567 3347 Καὶ
3585 3294 3716 3346 οὕτω

492 3382 594 3438 dos
621 3400 744 3440 esse
773 3396 1197 3442 conventorum.
1232 3388 1326 3443 Sic
1357 3396 1628 3457 potestate
1660 3387 1787 3442 data
1819 3388 2057 3457 impera—

2166 3387 2345 3442 λαϐὼν
2371 3388 2432 3443 τδ
2461 3387 2742 3457 ἐνδόσιμον
2772 3386 2989 3456 ιπεμπε
3028 3386 3124 3439 καὶ
3160 3385 3371 3456 ἐμήνυε
3401 3384 3480 3454 τῷ
3515 3384 3715 3456 βασιλεῖ

494 3478 621 3543 tori,
653 3479 783 3547 quid
816 3491 1090 3549 ageretur,
1143 3479 1448 3550 significat;
1505 3495 1629 3549 qua:
1669 3488 1827 3533 erant
1872 3482 2061 3548 hujus-

492 3568 640 3624 tnodi
678 3587 692 3624 :
729 3569 920 3625 deesse
970 3570 1073 3626 sibi
1101 3568 1439 3637 facultatem,
1473 3571 1634 3626 simul
1698 3580 1751 3627 ct
1805 3571 2063 3628 meditata

493 3658 850 3728 exsequendi,
880 3667 936 3713 et
957 3657 1118 3714 saluti
1149 3674 1260 3714 sua:
1296 3661 1375 3715 sic
1416 3660 1761 3727 consulendi,
1823 3671 1884 3716 ut
1909 3672 2063 3716 extra

496 3749 803 3819 perieulum
839 3766 960 3806 esse
992 3759 1198 3820 posset.
1263 3753 1506 3823 Magnam
1568 3754 1715 3808 enim
1776 3753 2063 3825 Syrglanni

498 3842 715 3896 turbam
767 3853 928 3896 noctu
981 3851 1145 3912 atque
1186 3842 1423 3898 interdiu
1465 3843 1856 3899 circumfusam
1920 3859 2066 3910 esse.

497 3950 678 4004 neque
712 3951 955 4004 unquam
983 3937 1221 4006 relinqui
1257 3938 1453 3994 solum.
1494 3936 1625 3992 Esse
1663 3937 1830 4008 igitur
1862 3938 2068 4014 milites

500 4027 711 4095 aliquot
770 4028 1148 4095 speculatores
1206 4028 1260 4082 in
1320 4029 1605 4085 snhurbiis
1666 4031 2069 4086 Thessalonicae

499 4115 867 4181 collocandos,
901 4117 993 4186 qui
1025 4132 1106 4184 se,
1163 4118 1255 4173 ubi
1301 4119 1528 4174 hostiles
1574 4120 1759 4189 copias
1788 4136 1911 4176 cum
1944 4120 2071 4193 Syr-

500 4210 698 4280 gianne
722 4208 983 4264 accedere
1007 4210 1332 4274 sensisSent,
1355 4227 1383 4264 c
1416 4211 1616 4267 castris
1648 4212 1840 4268 urbem
1871 4229 2068 4269 versus

499 4301 802 4371 fugiturum
843 4302 1182 4371 exciperent,
1218 4304 1536 4373 priusquam
1584 4306 1836 4376 cognitus
1886 4321 1944 4362 re
1981 4306 2069 4361 in-

502 4394 641 4449 lecta
675 4394 899 4463 periret.
940 4393 1078 4448 Cum
1102 4396 1250 4449 enim
1304 4404 1463 4465 turpe
1520 4397 1611 4461 sit,
1651 4399 1919 4454 mansisse
1976 4398 2069 4454 diu

502 4501 855 4557 vacuumque
888 4488 1130 4553 reverti;
1178 4487 1354 4543 multo
1382 4504 1505 4543 esse
1529 4490 1768 4558 turpius,
1802 4490 2070 4545 mansisse

503 4582 597 4637 diu
622 4597 686 4637 ac
725 4598 836 4637 non
877 4582 1041 4637 modo
1077 4581 1211 4635 nihil
1249 4585 1505 4652 gessisse,
1547 4583 1647 4638 scd
1675 4584 1840 4639 etiam
1867 4584 1935 4639 ad
1967 4584 2072 4640 ini-

501 4677 771 4733 micorum
796 4689 983 4747 portas
1022 4676 1277 4731 interfici.

574 4765 690 4822 νη.
722 4766 991 4829 Caeterum
1021 4764 1523 4839 cum‘Syrgiannes,
1583 4782 1693 4823 una
1759 4781 1885 4821 cum
1914 4766 2075 4822 Crale

2164 3482 2233 3535 τὰ
2263 3479 2539 3551 δρώμενα.
2568 3475 2749 3533 Ἦσαν
2779 3478 2836 3532 δὲ
2862 3477 3053 3543 ταῦτα,
3075 3477 3153 3542 ὡς
3176 3478 3413 3549 ἀποροίη
3444 3474 3719 3546 διαπράξε-

2168 3573 2296 3629 σθαί
2317 3591 2376 3627 τε
2407 3572 2504 3644 τὴν
2545 3572 2783 3643 μελέτην
2809 3572 2903 3627 καὶ
2936 3570 3055 3642 ἅμα
3083 3569 3262 3641 ἐαυτῷ
3295 3571 3646 3642 διατηρήσειν
3665 3569 3720 3623 τδ

2167 3666 2359 3737 πόρρω
2395 3665 2654 3734 γενέσθαι
2701 3663 2983 3719 κινδύνων.
3018 3663 3191 3718 Πολίιν
3239 3663 3351 3734 γὰρ
3398 3664 3545 3732 αὐτῷ
3576 3679 3724 3732 περι-

2168 3754 2432 3825 κεχύσθαι
2481 3754 2696 3824 νύκτωρ
2756 3754 2850 3827 καὶ
2883 3753 3004 3821 μεθ’
3043 3753 3254 3822 ἡμέραν
3313 3753 3408 3806 τὸν
3441 3752 3595 3822 δχλον
3636 3750 3722 3804 καὶ

2169 3844 2331 3915 μόνον
2358 3842 2569 3897 οὐδέπω
2602 3841 3014 3910 ἀπολελεῖφθαι.
3046 3842 3166 3893 Δεῖν
3194 3836 3287 3894 οῦν
3314 3840 3723 3912 ἡμεροσκόπους

2168 3935 2428 4005 τετάχθαι
2465 3934 2805 4005 στρατιώτας
2844 3933 2999 3996 τινὰς
3026 3933 3083 3986 ἐν
3117 3935 3232 3996 τοῖς
3266 3934 3613 4009 προαστείοις
3633 3931 3725 3999 τῆς

2171 4028 2596 4096 Θεσσαλονίκης,
2652 4027 2717 4081 ἵν’
2755 4028 2885 4082 ὅταν
2919 4026 3218 4081 αἴσθωνται
3266 4025 3599 4097 προσιούσας
3636 4024 3726 4082 τὰς

2168 4122 2428 4193 δυνάμεις
2462 4120 2600 4191 μετά
2626 4119 2721 4174 τοῦ
2760 4119 3118 4189 Συργιάννου,
3154 4117 3478 4183 ὲκδέξωνταί
3507 4134 3573 4187 με
3602 4114 3727 4185 φεύ-

2170 4232 2339 4285 γοντα
2393 4213 2531 4285 πρὸς
2582 4213 2681 4284 τὴν
2721 4211 2876 4277 πόλιν
2931 4213 2996 4265 ἐκ
3046 4209 3141 4264 τοῦ
3184 4210 3572 4281 στρατοπέδου,
3606 4209 3729 4276 πρὶν

2170 4307 2434 4378 γνωσθεὶς
2476 4306 2768 4376 ἀπόλωμαι
2799 4305 2964 4376 μηδὲν
3000 4302 3320 4375 πεπραχώς.
3353 4301 3448 4376 [Ρ.
3477 4300 3603 4373 508]
3638 4300 3728 4353 Δί-

2172 4401 2335 4472 σχρδν
2375 4400 2486 4470 γὰρ
2518 4399 2648 4462 ῖσως
2677 4397 2818 4469 (75),
2846 4396 3008 4468 δηρόν
3031 4414 3091 4451 τε
3118 4397 3303 4466 μένειν
3329 4397 3516 4451 κενεόν
3539 4413 3598 4449 τε
3627 4394 3732 4448 νέε-

2174 4490 2334 4549 σθαν
2377 4492 2733 4565 αἰσχρότερον
2765 4490 2815 4545 δί
2841 4490 2944 4555 Est,
2996 4488 3162 4560 δηρὸν
3203 4490 3436 4560 μένοντα
3485 4488 3619 4559 πρὸς
3662 4484 3732 4555 τῷ

2175 4584 2345 4656 μηδὲν
2373 4583 2714 4653 πεπραχέναι
2749 4582 2842 4635 καὶ
2894 4580 2955 4634 τὸ
2995 4578 3095 4650 ζῇν
3139 4579 3306 4633 αὐτοῦ
3343 4596 3447 4633 που
3479 4578 3617 4649 πρδς
3642 4575 3732 4638 τὰς
3842 4639 3847 4644 τ

2174 4678 2282 4732 τῶν
2313 4676 2525 4746 ἐχθρῶν
2553 4674 2727 4737 πύλας
2765 4672 3075 4728 ἀπολιπεῖν.

2247 4769 2319 4824 Ζ¹.
2364 4765 2520 4821 Ἐπεί
2564 4783 2627 4836 γε
2660 4766 2771 4836 μὴν
2800 4764 2971 4820 ἐπιὼν
3018 4765 3048 4819 ὀ
3099 4764 3446 4836 Στυργιάννης
3507 4760 3644 4833 μετά
3676 4776 3734 4828 γε
3810 4826 3825 4835 ο

506 4867 566 4915 et
592 4860 929 4915 militaribus
980 4861 1157 4931 cepiis
1191 4875 1534 4931 progressus,
1577 4861 1695 4915 solo
1728 4860 1951 4915 nomine
1981 4875 2057 4915 σοι

2175 4860 2271 4915 τοῦ
2300 4860 2489 4931 Κράλη
2519 4860 2612 4913 καὶ
2640 4859 2750 4913 τῶν
2800 4857 3215 4927 στρατιωτικῶν
3243 4858 3537 4928 δυνάμεων
3570 4856 3732 4927 ῥᾷστα

504 4951 665 5007 facile
697 4950 859 5022 500
880 4952 1064 5006 omnia
1099 4952 1379 5022 subigeret
1406 4961 1462 5006 et
1483 4952 1595 5022 jam
1622 4949 2057 5005 Thessalonicen

2178 4955 2274 5009 xui
2304 4952 2413 5008 ἀπὸ
2445 4952 2616 5024 μόνης
2648 4950 2749 5016 τῆς
2778 4950 2967 5019 φήμης
3014 4948 3404 5003 κατεδουλοῦτο
3434 4947 3613 5002 πάντα
3648 4942 3757 5053 καὶ.χ

507 5042 683 5114 ipsam
715 5058 1073 5113 aggressurus
1105 5050 1396 5113 putaretur
1422 5060 1435 5109 ;
1466 5042 1701 5113 populus
1722 5038 2057 5096 Thessaloni

2181 5045 2548 5116 προσδόκιμος
2574 5039 2644 5117 ἦν
2673 5041 2770 5097 καὶ
2796 5043 2932 5114 αὐτῇ
2961 5040 3426 5113 ηδηζπροσόαλεῖν
3449 5046 3512 5111 τῇ
3542 5040 3737 5093 Θεσσα-

509 5129 689 5191 οείιείσ
721 5146 869 5191 totus
898 5135 953 5190 in
983 5134 1105 5208 ejus
1134 5135 1433 5191 adventum
1470 5136 1719 5191 intentus
1750 5146 1806 5191 ct
1832 5144 2050 5190 arrectu

2178 5140 2370 5213 λονίκῃ
2392 5152 2409 5171 ο
2442 5141 2472 5191 ό
2508 5138 2608 5209 μὶν
2655 5138 2764 5191 τῶν
2803 5135 3243 5191 Θεσσαλονικέων
3271 5135 3446 5204 δῆμος
3476 5133 3737 5204 μετέωρος

512 5228 814 5297 pendebat,
847 5238 904 5283 et
962 5244 1087 5283 eum
1119 5229 1326 5299 apertis
1373 5230 1548 5300 portis
1591 5229 1740 5283 nullo
1770 5228 1959 5301 labore
1993 5244 2086 5283 vc-

2180 5226 2249 5302 ἧν
2283 5231 2402 5295 ὅλος
2426 5232 2551 5293 ταῖς
2573 5230 2827 5301 γνώμαις
2858 5229 2997 5299 πρὸς
3021 5227 3118 5300 τὴν
3152 5228 3362 5280 ἐκείνου
3399 5226 3586 5296 ἔφοδον
3608 5242 3622 5256 ·
3652 5225 3735 5278 καὶ

514 5321 756 5377 nientem
788 5324 1041 5390 accipere
1073 5322 1371 5391 cogitabat.
1410 5325 1485 5376 At
1528 5322 1845 5392 imperator,
1901 5322 2057 5376 animi

2186 5323 2419 5395 μελέτην
2444 5323 2770 5392 πεποίηνται
2793 5319 2891 5384 τὰς
2927 5320 3101 5385 πύλας
3144 5322 3586 5382 ἀναπετάσαντες
3610 5320 3738 5369 ἀπο.

516 5413 773 5482 gravibus
806 5417 957 5469 curis
991 5414 1257 5470 distracto
1281 5430 1448 5485 aeger,
1496 5415 1933 5486 cogitationibus
1982 5413 2084 5469 de-

515 5506 818 5575 sperationi
855 5507 1124 5577 proximis
1161 5507 1400 5562 subinde
1432 5506 1868 5571 recurrentibus,
1911 5522 1978 5561 ex
2002 5505 2085 5559 in-

519 5599 655 5654 timo
678 5612 900 5670 pectore
929 5610 987 5655 et
1014 5599 1250 5655 ferventi
1280 5598 1446 5655 corde
1476 5599 1717 5655 divinant
1763 5614 1924 5671 opem
1974 5598 2083 5653 im-

595 5864 712 5937 (75)
738 5861 960 5922 llomer.
992 5863 1185 5932 Iliad.,
1214 5863 1280 5935 β’,
1307 5878 1361 5919 v.
1390 5861 1517 5918 298.

2182 5416 2307 5486 νητὶ
2338 5412 2527 5468 τοῦτον
2562 5412 2905 5480 είσδέξαοθαι
2949 5411 3265 5484 προσιόντα.
3303 5412 3364 5465 ’0
3403 5410 3463 5464 δὲ
3497 5409 3738 5479 βασιλεὺς

2186 5507 2440 5581 βαρείαις
2472 5508 2768 5581 ἀλγηδόσιν
2807 5507 3094 5579 ἐμερίζετο
3148 5506 3247 5577 τὴν
3276 5504 3456 5578 ψυχὴν
3484 5504 3579 5557 καὶ
3620 5500 3738 5563 τοὺς

2184 5600 2243 5663 ἐς
2306 5600 2619 5669 ἀπόγνωσιν
2669 5596 3046 5664 συνωθοῦντας
3099 5597 3396 5670 λογισμοὺς
3460 5596 3740 5665 ἀνεμέτρει
3830 5664 3837 5669 ⁸

1857 5736 2189 5803 Variorum
2223 5746 2410 5802 notua.
