4088 6606
386 430 586 501 ⁸⁸73

736 428 917 506 [ΛΑΜ.
960 434 1096 489 {33:6
1139 450 1200 489 ,ιο
1243 436 1403 508 6819]

1681 443 1725 501 Ν
1744 434 2098 502 iCEl’llUllI
2140 440 2523 503 GREGOILE

2833 439 2967 511 [ιιιιι.
3013 450 3291 493 unumne.
3322 449 3455 512 tum]
3595 446 3685 513 an;

480 562 610 610 dum
637 556 947 618 scientiam,
977 571 1040 611 ac
1068 558 1375 612 temerariis
1423 566 1475 611 ct
1531 558 1869 612 immodestis
1900 557 2050 633 τοιτί-

2155 557 2262 610 τῶν
2302 559 2396 611 τοῦ
2449 559 2623 629 δήμου
2673 559 2833 630 ζῆλον
2885 558 2987 627 μὲν
3038 558 3427 627 λαμῆάνοντας,
3483 560 3538 614 οὐ
3582 568 3690 619 κατ’

480 650 586 703 lius
605 649 821 703 emissis
849 649 1025 718 ipsum
1060 650 1221 703 etiam
1257 650 1625 720 patriarcbam
1660 649 1726 704 ad
1754 649 2046 719 disputan-

482 744 610 796 dum
642 758 855 809 urgere.
913 742 963 795 ls
991 758 1121 794 vero
1146 758 1268 795 cum
1296 760 1396 797 nec
1425 744 1664 810 linguam
1696 741 1911 796 dicendi
1948 755 2048 794 usu

478 837 832 890 exercitatam
872 835 1097 889 haberet
1122 845 1176 890 ct
1228 850 1360 889 suos
1418 837 1706 904 epis-cepas
1755 836 2048 888 maximam

480 936 690 994 partem
715 925 1119 979 indoctissimos
1140 941 1261 981 esse
1286 936 1558 985 cerneret,
1589 924 2051 995 tergiversabatur

479 1020 726 1088 quidem,
774 1018 868 1071 sed
906 1020 1187 1087 quomodo
1224 1020 1411 1089 pepuli
1475 1021 1769 1074 tumultum
1831 1019 2051 1074 sedaret

478 1111 784 1165 nesciebat.
815 1110 998 1177 Quare
1026 1121 1080 1165 et
1113 1127 1212 1165 nos
1252 1111 1317 1164 ad
1346 1111 1396 1164 id
1424 1122 1708 1165 certamen
1739 1110 2051 1180 suscipien-

479 1202 611 1254 dum
642 1202 1014 1255 rohmtamlos
1041 1202 1288 1269 putabat,
1315 1203 1407 1273 qui
1443 1203 1683 1272 linguam
1712 1203 1895 1273 aliquo
1926 1218 2044 1258 ora-

479 1292 648 1347 tionis
687 1283 952 1362 apparatu
1002 1294 1322 1347 instructam
1386 1294 1741 1359 haberemus,
1794 1297 2054 1365 quamvis

482 1386 539 1438 in
569 1401 787 1439 sacrum
843 1386 1150 1453 catalogqu
1186 1402 1293 1440 non
1338 1386 1588 1456 inscripti
1642 1402 1908 1441 essemus.
1944 1387 2054 1457 Ego

479 1492 615 1533 vero
664 1478 901 1548 primum
947 1478 1301 1532 vehementer
1331 1478 1595 1547 urgebam
1645 1494 1709 1533 ac
1737 1478 2051 1541 monebam,

483 1571 642 1641 502
674 1582 732 1625 nt
758 1579 961 1626 taceret
991 1579 1046 1623 et
1081 1585 1207 1625 enm
1241 1569 1492 1623 habitum
1532 1585 1643 1639 pra:
1681 1585 1739 1623 se
1776 1568 1967 1634 ferret,
1997 1569 2051 1622 in

480 1676 591 1732 quo
625 1663 827 1715 inesset
847 1661 1104 1727 maiestas
1135 1661 1384 1729 quaedam
1442 1670 1498 1715 et
1546 1660 1830 1729 prudentis
1886 1660 2054 1714 animi

480 1755 693 1822 species
728 1763 1042 1821 appareret,
1088 1752 1410 1806 Latinorum
1438 1752 1696 1807 videlicet
1730 1753 2056 1822 postulatio-

478 1855 604 1893 nem
643 1840 1090 1903 contemnentis;
1118 1855 1296 1908 neque
1333 1840 1480 1893 enim
1526 1840 1899 1909 disputatione
1933 1855 2056 1895 esse

2153 654 2449 721 ἐπίγνωσιν
2487 656 2564 719 δὲ,
2597 659 2693 711 καὶ
2743 656 3036 726 πρόχειρόν
3070 673 3190 709 τινα
3244 654 3336 707 καὶ
3393 656 3685 726 ἀταμίευτον

2152 745 2536 814 προτείνοντας
2565 746 2814 808 γλῶσσαν
2845 748 2940 800 καὶ
2975 746 3109 814 πρός
3138 760 3199 811 γε
3237 744 3313 795 ἔτι
3341 745 3681 810 συνωθοῦντας

2153 837 2247 889 καὶ
2274 836 2435 889 αὐτόν
2460 854 2520 904 γε
2554 838 2642 889 τὸν
2675 838 3018 907 πατριάρχην
3043 838 3099 897 ἐς
3126 833 3407 899 διαλέξεις.
3440 835 3496 888 Ὅ
3520 835 3558 887 δ’
3579 837 3685 890 οὔτε

2152 928 2253 996 τὴν
2292 928 2547 996 γλῶσσαν
2589 929 2729 997 ἔχων
2761 927 3110 998 ὴκονημένην
3146 929 3209 979 ἐκ
3257 927 3355 993 τῆς
3394 926 3494 980 τῶν
3528 928 3681 994 λόγων

2152 1017 2462 1087 ἀσκήσεως,
2506 1018 2598 1069 καὶ
2633 1018 2749 1086 ἃμα
2780 1016 2908 1079 τοὺς
2956 1015 3240 1077 πλείστους
3269 1014 3377 1067 τῶν
3407 1017 3525 1085 περὶ
3552 1018 3688 1071 αὐτὸν

2153 1106 2693 1178 ὲπισκύπωνξάμαοίᾳ
2723 1106 2995 1171 συζῶντας
3044 1107 3270 1178 πλείστῃ
3313 1107 3573 1160 κατανοῶν
3600 1109 3689 1160 ὐποο

2154 1198 2433 1251 εστέλλετο
2484 1199 2602 1269 μὲν,
2665 1199 2764 1252 οὐκ
2811 1193 2924 1266 εἶχε
2973 1199 3017 1251 δ’
3067 1200 3217 1261 ὃπως
3266 1199 3581 1268 ἀναχαιτίσῃ
3610 1200 3689 1251 τοῦ

2154 1289 2329 1359 δήμου
2358 1291 2448 1344 τὸν
2483 1290 2735 1359 θόρυϐον.
2779 1292 2867 1343 Δι’)
2907 1290 3247 1358 παρακαλεῖν
3286 1289 3484 1355 ἔγνωκε
3522 1290 3619 1341 δεῖν
3645 1294 3692 1354 ἐς

2154 1384 2253 1455 τὴν
2281 1381 2541 1454 τοιαύτην
2567 1383 2873 1452 παράταξιν
2907 1384 2999 1434 καὶ
3032 1384 3204 1452 ἡμᾶς,
3227 1382 3351 1444 τοὺς
3377 1382 3695 1467 ώετλισμένην

2160 1476 2261 1546 μὲν
2288 1476 2509 1545 ἔχοντας
2536 1474 2782 1541 γλῶτταν
2805 1477 2870 1527 ἐκ
2902 1474 3003 1543 τῆς
3034 1473 3126 1526 τοῦ
3159 1473 3318 1540 λόγου
3351 1475 3695 1543 παρασκευῆς,

2157 1569 2264 1634 ἔξω
2303 1569 2359 1621 δέ
2403 1567 2495 1621 τοῦ
2531 1568 2681 1635 ίεροῦ
2714 1568 3017 1634 καταλόγου
3064 1565 3454 1636 τυγχάνοντας.
3496 1567 3625 1633 Ἐγώ
3648 1569 3697 1621 δέ

2156 1661 2224 1714 τὰ
2268 1659 2368 1729 μὲν
2424 1660 2613 1729 πρώτα
2661 1658 2828 1722 πολὺς
2869 1653 2941 1727 ἧν
2971 1657 3293 1727 ἐγκείμενος
3319 1657 3415 1711 καὶ
3443 1659 3702 1727 παραινῶν

2161 1752 2375 1821 σιωπᾷν
2407 1752 2500 1804 καὶ
2535 1753 2772 1819 σχήματι
2802 1748 3038 1821 χρῆσθαι
3068 1747 3480 1817 μεγαλοπρεπεῖ
3497 1765 3595 1800 τινι
3621 1753 3703 1804 καὶ

2158 1843 2282 1897 νοῦν
2311 1842 2791 1913 ἐπαγγελλομένῳ,
2837 1840 3063 1911 μηδενὸς
3102 1840 3261 1905 ἀξίαν
3302 1840 3460 1907 λόγου
3490 1841 3704 1910 τὴντῶν

478 1947 618 1999 opus
646 1932 699 1985 in
733 1930 1013 2002 praesenti.
1053 1932 1121 1984 At
1173 1948 1298 1986 cum
1332 1948 1523 1987 rursus
1554 1933 1852 2002 cogitarem
1886 1934 2050 1987 silen-

2161 1934 2406 1988 Λατίνων
2460 1911 2752 2001 νομίζοντα
2799 1930 3123 2002 πρόκλησιν,
3164 1928 3362 1997 λόγους
3411 1930 3508 2000 τῆς
3540 1933 3707 2001 χρείας

478 2023 614 2074 tium
646 2020 759 2075 fere
793 2021 1107 2089 suspicione
1141 2037 1249 2075 non
1282 2037 1496 2086 carere,
1531 2022 1623 2076 sed
1658 2022 1711 2075 in
1741 2038 1932 2076 eorum
1957 2022 2054 2092 qui

477 2115 616 2170 foris
645 2128 1015 2183 versarentur,
1046 2118 1246 2172 animis
1271 2118 1455 2173 varias
1496 2129 1552 2174 et
1598 2119 1932 2188 multiplices
1961 2136 2057 2175 co-

479 2209 775 2277 gitationes
812 2211 1052 2265 excitare
1085 2226 1150 2266 ac
1175 2226 1458 2281 spargere,
1489 2225 1681 2265 eorum
1725 2213 2055 2281 prmsertim,

478 2302 571 2371 qui
599 2318 700 2357 nec
726 2304 921 2372 linguae
979 2318 1080 2357 nec
1134 2304 1319 2357 animo
1381 2303 1653 2373 imperare
1706 2303 2051 2367 didicissent,

478 2393 846 2461 patriarcbam
877 2404 932 2449 et
961 2395 1252 2464 episcopos
1306 2395 1572 2465 quosdam
1609 2395 1845 2451 selectos
1872 2396 2057 2465 priva-

477 2483 576 2536 tim
601 2483 831 2538 conveni
861 2492 918 2537 et
939 2499 1111 2539 meam
1144 2483 1474 2539 sententiam
1499 2484 1566 2539 ad
1604 2484 1752 2540 hunc
1783 2483 1896 2540 fere
1932 2499 2051 2539 mo~

480 2572 612 2626 dum
642 2573 788 2644 apud
814 2588 909 2629 cos
943 2575 1175 2644 exposui
1210 2593 1225 2628 :

549 2840 613 2896 ll.
650 2864 666 2892 ι
698 2841 967 2911 Equidem
1000 2840 1073 2896 ita
1101 2856 1221 2897 sum
1251 2842 1549 2908 animatus,
1581 2841 1655 2896 ita
1685 2842 1753 2897 ad
1789 2842 1894 2898 boc
1924 2858 2049 2901 cer-

478 2944 659 2988 tamen
691 2933 827 2987 nihil
864 2933 999 2987 mibi
1032 2933 1336 2988 alacritatis
1363 2933 1557 2989 deesse
1584 2936 1783 3000 sentio,
1841 2943 1901 2990 ut
1937 2951 2046 2991 non

476 3026 642 3081 mcdo
701 3025 969 3095 linguam,
1031 3025 1125 3080 sed
1193 3027 1436 3081 animum
1494 3025 1683 3089 etiam,
1726 3026 1965 3083 radicem
1995 3043 2051 3083 et

476 3117 680 3171 fontem
726 3100 952 3186 eloquii,
992 3114 1267 3185 simulque
1327 3116 1641 3186 largitorem
1672 3126 1728 3172 et
1767 3118 2053 3188 dispensa-

476 3219 651 3262 torem
685 3223 869 3262 rerum
898 3207 1275 3274 dicendarum,
1333 3218 1557 3277 paratus
1615 3208 1719 3263 sim
1752 3224 2045 3265 exacuere.

470 3300 611 3352 Cum
646 3309 829 3353 autem
890 3298 1209 3368 plerosque,
1267 3297 1586 3368 priusquam
1655 3314 1743 3353 res
1786 3299 2044 3369 postulet,

471 3389 734 3445 audacter
761 3397 817 3443 et
841 3388 1130 3467 magniﬁce
1157 3387 1310 3458 loqui
1340 3397 1396 3444 et
1447 3389 1501 3443 in
1548 3404 1614 3444 ea
1640 3405 1761 3445 esse
1787 3391 2049 3460 Opinione

471 3482 710 3547 videam,
740 3489 799 3534 ut
829 3488 887 3536 et
922 3489 1166 3550 tempora
1219 3488 1276 3536 ct
1328 3495 1418 3535 res
1463 3481 1611 3551 ipsas
1640 3482 1909 3538 voluntati
1936 3498 2051 3539 sua:

472 3573 658 3627 statim
685 3573 870 3628 socias
920 3587 1276 3636 concurrere,
1327 3571 1439 3627 imo
1496 3572 1713 3627 obviam
1756 3588 2049 3630 occurrere

473 3665 839 3733 arbitrentur,
869 3664 1048 3719 vereri
1072 3664 1205 3718 mibi
1234 3664 1406 3728 subit,
1433 3680 1501 3718 ne
1522 3666 1614 3718 ubi
1648 3679 1737 3719 res
1756 3674 1811 3719 et
1818 3648 2051 3739 .témpus

476 3758 787 3827 postularit,
860 3772 1012 3810 arma
1047 3756 1190 3810 ultro
1220 3755 1554 3811 adversariis
1603 3757 1843 3822 tradant,
1885 3766 2050 3828 atque

475 3850 668 3904 cadem
706 3864 865 3917 poma
893 3848 1162 3902 multandi
1196 3848 1325 3913 sint,
1370 3864 1477 3919 qua
1512 3848 1849 3904 desertores.
1913 3848 2047 3903 Nam

478 3942 573 3996 ubi
595 3941 824 3995 ambitio
851 3940 1143 4010 imperitiae
1176 3940 1421 4004 alumna,
1450 3941 1598 3994 omni
1620 3940 2051 4010 Opportunitatis

478 4039 691 4092 ratione
720 4038 989 4115 pcglccta,
1016 4037 1300 4092 modestia:
1323 4036 1528 4092 limites
1550 4038 1849 4092 insolenter
1873 4048 2050 4095 trans-

475 4128 608 4194 sdit,
636 4126 713 4181 ibi
754 4127 917 4181 etiam
950 4143 1075 4182 eum
1104 4116 1256 4196 Sequi
1300 4126 1507 4181 exitum
1535 4169 1549 4194 ,
1584 4128 1691 4199 qui-
1730 4130 1924 4199 primis
1966 4133 2052 4188 in-

473 4220 649 4289 ceptis
680 4229 972 4289 repugnet,
1003 4229 1218 4273 nonest
1247 4220 1580 4275 mirandum.
1636 4221 1937 4280 Enimvero
1967 4225 2048 4281 illi

426 4336 433 4343 ·
474 4313 619 4367 liaud
644 4313 906 4381 cogitant,
933 4312 1039 4366 no‘n
1076 4312 1317 4383 linguam
1348 4314 1711 4383 temporibus,
1758 4316 1854 4371 sed
1904 4326 2048 4372 tem-

474 4419 608 4474 pora
644 4404 802 4474 503
835 4404 950 4474 ipsa
981 4405 1180 4475 lingua:
1216 4404 1492 4460 moderari
1519 4415 1574 4461 et
1608 4406 1903 4464 efﬁcaciam
1934 4410 2048 4464 lar-

471 4499 611 4568 giri;
647 4514 711 4553 ac
753 4499 1032 4553 neminem
1065 4498 1293 4568 quidem
1324 4498 1458 4553 tuba
1486 4496 1776 4570 'l‘yi’rbena
1800 4502 2049 4557 vocalio-

474 4603 589 4645 rem
617 4604 779 4645 esse:
815 4597 997 4643 tamen
1032 4589 1179 4644 illam
1206 4604 1430 4659 quoque
1456 4605 1563 4645 una
1602 4606 1728 4646 cum
1754 4593 1901 4649 aeris
1936 4594 2047 4648 ictu

472 4696 798 4737 consumere
829 4691 884 4736 et
909 4680 1166 4735 amittere
1188 4681 1300 4735 vim
1334 4696 1553 4739 omnem
1584 4682 1925 4748 oblcctaudi,
1950 4699 2052 4740 nec

471 4772 644 4827 ullum
662 4774 745 4826 sui
772 4772 1010 4827 fructum
1034 4772 1355 4842 relinquere
1380 4787 1519 4828 sono
1544 4773 1648 4844 ipsi
1674 4774 2048 4843 superstitem.

471 4864 593 4920 Non
617 4875 800 4918 autem
860 4864 1323 4919 committendum
1387 4879 1511 4920 esse
1556 4864 1946 4935 prudentibus,
1992 4874 2053 4922 ut

473 4954 661 5009 subito
692 4965 845 5008 motu
873 4968 937 5008 ac
959 4953 1254 5010 temerario
1282 4954 1495 5010 incitati
1529 4956 1672 5011 ultro
1705 4957 1807 5012 sibi
1834 4959 2051 5028 pericu-

472 5050 587 5102 lum
613 5055 918 5110 arcessant,
943 5045 1087 5101 inter
1111 5061 1302 5102 omnes
1326 5058 1582 5103 constare
1608 5048 1841 5115 abitror,
1873 5060 1928 5105 et
1951 5066 2053 5106 nos

472 5140 745 5195 orationis
777 5156 1077 5210 progressu
1112 5142 1535 5197 declarabimus.
1563 5144 1715 5199 Sicut
1741 5144 2053 5200 eitintduo-

474 5236 578 5289 bus
606 5235 939 5288 exercitibus
970 5232 1036 5287 ad
1069 5250 1303 5304 pugnam
1334 5237 1622 5290 instructis
1669 5237 1897 5291 alterius
1922 5255 2052 5292 con-

475 5328 659 5384 silium
694 5326 925 5381 alterius
954 5326 1165 5383 viribus
1192 5326 1273 5382 sic
1299 5338 1539 5398 prastat,
1573 5337 1632 5382 ut
1666 5345 1760 5384 cas
1789 5330 1892 5384 sibi
1919 5332 2051 5401 ipsis

474 5424 724 5475 funestas
744 5419 969 5479 .eiliciat.
995 5428 1051 5474 et
1069 5419 1186 5473 vice
1209 5434 1405 5485 versa;
1436 5421 1510 5474 ita
1542 5421 1707 5474 etiam
1747 5421 1835 5477 hic
1864 5423 1941 5477 tit.
1993 5422 2048 5476 Si

474 5512 629 5583 prius
664 5527 827 5582 quam
863 5514 1031 5581 probe
1060 5528 1123 5565 ac
1166 5511 1461 5582 diligenter
1500 5514 1906 5584 disputationes
1940 5532 2053 5571 mc-

472 5604 635 5660 ditati
669 5606 958 5672 fuerimus,
980 5606 1313 5661 adversariis
1336 5622 1710 5673 occurramus,
1744 5625 1870 5663 cum
1899 5609 2054 5679 igno-

474 5696 650 5752 minia
682 5697 902 5751 tandem
938 5698 1311 5754 discedemus.
1344 5700 1534 5771 Neque
1564 5692 1698 5756 τοῖό
1734 5702 1867 5756 mibi
1900 5702 2048 5770 quis-

469 5805 638 5860 quam
663 5790 828 5856 dicat,
859 5792 1065 5849 multos
1115 5810 1258 5864 smpe
1291 5796 1582 5863 repentino
1618 5796 1824 5864 impetu
1876 5796 2052 5849 elatos

464 5895 528 5943 et
552 5902 671 5955 qua:
701 5888 756 5942 in
802 5899 1039 5946 mentem
1077 5889 1356 5964 venissent
1409 5889 1600 5947 eﬂ‘atos
1637 5889 1919 5945 victoriam
1956 5889 2050 5945 ob-

2159 2026 2261 2079 οὐκ
2304 2024 2622 2091 ἀναγκαίως
2651 2021 2990 2093 ἀπαιτούσης
3032 2020 3291 2076 ἐνταῦθα.
3336 2020 3478 2074 Ἀλλ’
3508 2024 3706 2095 ἐπειδή-

2159 2133 2269 2182 περ
2308 2114 2407 2167 οὐκ
2454 2113 2768 2167 ἀνύποπτον
2804 2112 2957 2176 αὖθις
2993 2111 3180 2184 ἑώρων
3221 2113 3299 2177 ὡς
3318 2114 3388 2167 τὰ
3418 2114 3581 2168 πολλὰ
3609 2117 3711 2169 δια-

2158 2209 2345 2262 τελοῦν
2376 2207 2437 2260 τὸ
2463 2206 2562 2276 τῆς
2593 2207 2824 2273 σιωπῆς,
2859 2206 2994 2259 ἀλλὰ
3027 2205 3370 2271 πολλαπλοῦς
3429 2209 3522 2263 καὶ
3565 2210 3709 2281 troiu-

2159 2301 2362 2371 σχιδεῖς
2404 2299 2705 2371 βλαστάνον
2745 2300 2839 2352 καὶ
2866 2298 3119 2366 διανέμον
3143 2303 3253 2362 τοῖς
3287 2298 3392 2364 ἔξω
3434 2303 3553 2365 τοὺς
3578 2301 3711 2370 λογι-

2158 2394 2348 2463 σμοὺς,
2388 2392 2483 2447 καὶ
2522 2390 2755 2462 μάλιστα
2785 2392 2898 2455 τοῖς
2935 2390 3215 2456 τοιούτοις,
3245 2390 3329 2463 [Ρ.
3364 2392 3489 2466 510]
3507 2394 3554 2446 οἳ
3591 2393 3715 2460 γνοώο

2138 2503 2268 2554 ,μην
2315 2486 2409 2539 καὶ
2458 2484 2709 2553 γλῶσσαν
2760 2485 3012 2555 ἦσκησαν
3046 2483 3403 2549 ἀταμίευτον,
3442 2485 3719 2539 ἀπολαϐὼν

2158 2576 2263 2646 ἰδίᾳ
2288 2578 2375 2629 τόν
2396 2593 2454 2629 τε
2486 2575 2830 2647 πατριάρχην
2852 2576 2943 2628 καί
2975 2592 3126 2639 τινας
3145 2574 3253 2629 τῶν
3284 2575 3580 2647 ἐλλογίμων
3608 2578 3715 2631 ἐπι-

2158 2670 2374 2723 σκόπων
2418 2667 2515 2737 τὴν
2538 2668 2777 2738 ἐμαυτοῦ
2821 2667 3048 2738 γνώμην
3098 2666 3484 2740 ἐπεδειξάμην,
3506 2670 3715 2726 τοιαῦτα

2153 2778 2277 2816 τινα
2304 2760 2587 2826 διεξελθὼν
2611 2762 2699 2814 ἐπ’
2726 2761 2906 2815 αὐτων

2226 2840 2301 2911 B'.
2358 2874 2375 2907 ι
2422 2856 2574 2923 Ἐμοὶ
2608 2856 2706 2927 μὲν
2744 2853 2917 2917 οὔτως
2969 2854 3117 2923 ἔχειν
3172 2856 3311 2924 πρὶς
3371 2856 3469 2928 τὴν
3523 2858 3719 2927 παροῦο

2156 2964 2253 3003 σαν
2298 2946 2532 3018 ἅμιλλαν
2581 2951 2676 3002 καὶ
2727 2945 2872 2999 οὕτω
2932 2946 3242 3017 προθυμίας
3319 2947 3474 3002 οὐδὲν
3523 2948 3716 3017 οὐδαμῆ

2164 3057 2229 3108 γε
2289 3040 2562 3094 ἐλλείπειν
2629 3042 2884 3109 ἔπεισιν,
2950 3040 3081 3094 ὥστ’
3143 3040 3203 3092 οὐ
3272 3039 3524 3108 γλῶτταν
3575 3041 3720 3110 μόνον

2150 3132 2392 3198 ὁπλίζειν
2432 3133 2709 3203 περίεστιν
2733 3174 2748 3195 .
2790 3134 2929 3189 ἀλλὰ
2962 3133 3070 3205 πρό
3103 3151 3165 3202 γε
3219 3133 3430 3203 ταύτης
3462 3134 3555 3186 ml.
3592 3132 3722 3202 γνώο

2156 3241 2264 3294 μην
2298 3222 2510 3293 αὐτὴν,
2558 3223 2716 3293 ῥίζαν
2773 3222 2977 3295 ταύτην
3038 3222 3204 3277 οὖσαν
3260 3223 3358 3276 καὶ
3416 3222 3592 3295 πηγὴν
3627 3221 3719 3292 τῆς

2151 3314 2397 3387 γλώττης
2474 3321 2569 3371 καὶ
2641 3315 2759 3386 ἅμα
2828 3316 3064 3388 χορηγὸν
3120 3317 3217 3369 καὶ
3274 3318 3544 3387 πρύτανιν
3618 3315 3721 3369 τῶν

2148 3408 2474 3478 λεγομένων.
2516 3408 2748 3479 Ὀρῶντι
2793 3410 2851 3463 δέ
2884 3412 3011 3472 τοὺς
3063 3410 3297 3472 πολλοὺς
3341 3410 3450 3481 πρὸ
3481 3409 3573 3463 τοῦ
3612 3426 3725 3463 και-

2153 3502 2248 3571 ροῦ
2300 3503 2394 3557 καὶ
2448 3504 2548 3572 τῆς
2608 3503 2801 3574 χρείας
2870 3503 3112 3575 μεγάλην
3162 3505 3289 3559 τινὰ
3355 3505 3450 3558 καὶ
3505 3504 3721 3574 ορασεῖα

2149 3595 2508 3665 προϊεμένους
2569 3597 2669 3663 τὴν
2729 3594 2982 3664 γλῶτταν
3013 3637 3028 3662 ,
3070 3596 3167 3649 καὶ
3212 3596 3292 3667 τῷ
3360 3595 3511 3666 σσῶν
3551 3595 3721 3650 αὐτῶν

2151 3686 2464 3758 βουλομένῳ
2525 3688 2642 3758 ἅμα
2689 3688 2958 3753 καὶτοὺς
3015 3690 3242 3760 καιροὺς
3291 3689 3458 3753 εὐθὺς
3514 3689 3605 3743 καὶ
3660 3689 3723 3740 τὰ

2152 3780 2455 3852 πράγματα
2517 3781 2794 3853 σύνδρομά
2862 3798 2923 3836 τε
2979 3783 3073 3836 καὶ
3129 3782 3423 3854 πρόδρομα
3490 3780 3723 3852 γίνεσθαι

2149 3873 2469 3941 οἰομένους,
2513 3873 2746 3926 δεδιέναι
2807 3892 2897 3945 μοι
2953 3873 3181 3943 ἔπεισι,
3241 3876 3320 3948 μὴ
3391 3877 3488 3945 τῆς
3546 3876 3725 3948 χρείας

2151 3962 2386 4018 καὶτοῦ
2439 3964 2632 4036 καιροῦ
2713 3968 3093 4038 παραστάντος
3159 3968 3512 4037 λειποταξίου
3579 3971 3724 4038 δίκην

2149 4052 2456 4123 ὀφλήσωσι,
2510 4052 2618 4107 τῶν
2668 4053 2851 4108 ὃπλων
2885 4056 3105 4117 ἐκόντες
3170 4060 3283 4119 τοῖς
3328 4058 3593 4121 ἐναντίοις
3623 4074 3724 4111 πα-

2150 4146 2598 4217 ραχωρήσαντες.
2648 4146 2820 4201 Ἔνθα
2875 4148 2986 4218 γὰρ
3033 4151 3318 4219 φιλοτιμία
3376 4153 3635 4222 τρόφιμος
3669 4150 3725 4202 ἀι

2150 4237 2373 4309 πειρίας
2424 4239 2554 4307 ὅλην
2594 4238 2933 4311 ἐνδυσαμένη
2962 4241 3062 4311 τὴν
3088 4242 3296 4311 ἀωρίαν
3331 4244 3443 4297 τῶν
3474 4245 3614 4313 ὅρων
3638 4261 3726 4295 κα-

2148 4331 2437 4401 ταχορεύει
2460 4331 2560 4401 τῆς
2597 4330 2875 4397 εὐταξίας,
2911 4335 3028 4385 ἐκεῖ
3053 4333 3149 4387 καὶ
3193 4335 3369 4404 πέρας
3402 4336 3711 4389 ἀκολουθεῖν

2150 4404 2265 4486 τοῖς
2302 4422 2614 4493 προοιμίοις
2661 4423 2920 4487 ἐπιεικῶς
2947 4424 3533 4495 ἀντιστρατευόμενον,
3575 4425 3721 4479 οὐδὲν

2151 4513 2408 4576 ἀπεικός.
2454 4512 2592 4565 Οὐδέ
2621 4512 2751 4583 γὰρ,
2805 4514 2881 4575 ώς
2934 4515 3133 4581 ἔοικεν,
3163 4516 3362 4570 εἰδέναι
3398 4518 3579 4570 ἔπεισι
3624 4520 3724 4579 τοῖς

2081 4622 2125 4678 ι)
2154 4605 2439 4671 τοιούτοις,
2470 4605 2546 4674 μὴ
2592 4607 2692 4677 τὴν
2723 4607 2974 4675 γλῶτταν
3006 4606 3267 4663 δύνασθαι
3311 4610 3584 4682 καῦιστᾷν
3609 4611 3725 4671 τοὺς

2160 4698 2384 4768 καιροὺς
2424 4698 2749 4768 ἀνυσίμους,
2787 4698 2910 4761 τοὺς
2939 4698 2996 4751 δὲ
3038 4702 3266 4769 καιροὺς
3297 4705 3400 4773 τὴν
3446 4701 3684 4771 γλῶτταν
3708 4712 3720 4725 ⁸

2152 4793 2262 4846 οὐδ’
2290 4794 2370 4847 ὅτι
2419 4794 2765 4864 Τυρσηνικῆς
2814 4795 3116 4863 σλλπιγγος
3146 4796 3324 4860 οὐδεὶς
3366 4797 3582 4868 ἀνδρῶν
3638 4813 3726 4866 με·

2154 4883 2591 4954 γαλοερωνότερος
2620 4885 2754 4954 ὁμοῦ
2794 4885 2840 4939 δ’
2882 4887 3029 4953 ὅμως
3062 4882 3138 4955 τῷ
3186 4886 3453 4957 πληγέντι
3482 4889 3603 4956 ἀέρι
3637 4886 3726 4939 καὶ

2153 4976 2294 5042 αὕτη
2354 4977 2571 5049 δαπανᾷ
2611 4979 2730 5031 κα“ι’
2763 4977 2881 5045 λύει
2922 4980 2980 5031 τὸ
3042 4980 3241 5047 κράτος
3297 4981 3397 5050 τῆς
3465 4982 3723 5053 τέρψεως.

2152 5073 2343 5126 οὐδένα
2373 5076 2584 5142 καρπὸν
2608 5076 2721 5137 τοῖς
2750 5073 2944 5125 ἔπειτα
2990 5074 3402 5127 καταλείπουσα
3438 5076 3539 5141 τῆς
3567 5071 3724 5143 ἠχοῦς

2156 5160 2684 5231 μονιμώτερον.’οτι
2710 5161 2756 5213 δ’
2781 5162 2841 5214 οὐ
2870 5159 3048 5232 χρεὼν
3075 5161 3211 5229 ὁμοῦ
3239 5162 3336 5214 καὶ
3370 5164 3498 5226 τοὺς
3532 5163 3642 5215 ὅσοι
3665 5179 3721 5229 γε

2154 5251 2373 5318 βαθεῖαν
2405 5248 2615 5303 αὔλακα
2644 5250 2729 5304 διὰ
2770 5251 2967 5321 φρενὸς
2997 5250 3359 5320 καρποῦνται,
3393 5251 3724 5323 παραλόγοις

2154 5339 2455 5407 ἑπομένους
2494 5339 2694 5409 ὁρμαῖς
2744 5339 2799 5401 ἐς
2837 5337 3198 5404 αὐθαιρέτους
3246 5339 3386 5392 ίέναι
3429 5339 3724 5403 κινδύνους,

2152 5430 2310 5498 δῆλον
2353 5426 2507 5500 οἶμαι
2551 5433 2661 5492 τοῖς
2692 5430 2898 5484 ἅπασιν
2953 5426 3094 5485 εἶναι
3119 5449 3134 5463 ·
3172 5431 3490 5503 δηλώσομεν
3531 5433 3586 5485 δὲ
3636 5432 3725 5484 καὶ

2151 5520 2306 5573 αὐτοὶ
2363 5522 2667 5591 προϊόντες.
2716 5521 2928 5593 Ὠσπερ
2991 5523 3098 5593 γὰρ
3161 5522 3305 5576 δυοῖν
3346 5523 3724 5592 στρατοπέδων

2152 5615 2211 5674 ἐς
2267 5614 2447 5683 μάχην
2498 5612 2908 5682 ἀποκριθέντων
2945 5617 2978 5685 ἡ
3013 5614 3106 5669 τοῦ
3141 5616 3261 5679 ἐνὸς
3313 5615 3570 5669 εὐϐουλία
3602 5614 3723 5682 φθο-

2157 5704 2374 5775 ροπυιόν
2439 5720 2561 5756 τινα
2619 5702 2836 5774 θατέρῳ
2887 5708 3115 5773 χορηγεῖ
3170 5706 3269 5775 τὴν
3326 5704 3565 5775 δύναμιν
3606 5704 3721 5773 βου-

2153 5794 2428 5863 λευομένῳ
2471 5795 2653 5857 κακῶς
2689 5795 2783 5847 καὶ
2834 5795 3147 5849 τοῦναντίον
3193 5795 3365 5857 αὖθις,
3415 5795 3559 5848 οὓτω
3598 5796 3719 5846 κᾶν·

2153 5888 2354 5943 ταῦίὶλ·
2400 5890 2446 5942 εί
2482 5888 2609 5958 πρῖν
2644 5887 2821 5952 καλῶς
2862 5885 2993 5959 ὁμοῦ
3049 5889 3140 5943 καὶ
3184 5889 3417 5951 συνετῶς
3466 5884 3719 5955 ἐσκέφθαι
