4088 6586
336 397 456 459 78.3
518 418 529 423 -
603 392 679 463 [Α.
723 409 773 448 c.
814 392 952 449 iiiis
992 409 1057 449 Al)
1101 392 1256 466 ιδιι]

1405 400 1848 462 ΒΥΖΑΝΤίΝίΕ
1890 400 2268 458 ΗΙΞΤΟΒΗΕ
2310 399 2448 461 LIB.
2497 398 2579 462 Χ,

3485 391 3592 456 708

2681 395 2812 468 [tum
2856 410 3130 449 ANDRON.C.
3157 393 3298 465 ων]

342 509 486 580 πρὸς
512 511 779 576 διαλέξεις
813 513 904 564 καὶ
926 514 1088 581 ἡμεῖς
1115 515 1374 584 ἀπαντῴη
1386 532 1484 583 μεν
1507 517 1616 568 τῶν
1641 514 1922 580 ἐναντίων,

2031 514 2287 569 tinuisse.
2329 513 2572 568 Priinum
2598 513 2744 567 enim
2770 528 2834 567 ea
2862 528 2972 576 res,
3017 526 3136 580 quae
3166 525 3341 578 neque
3374 510 3596 565 modum

342 603 541 671 ἕψεται
575 604 712 672 πρὸς
742 604 1004 674 αἰσχύνην
1031 606 1201 675 ὁρῶσι
1250 606 1487 675 χρῆσθαι
1531 610 1644 670 τοῖς
1674 609 1783 660 τῶν
1821 625 1924 661 κα-

348 694 469 758 κῶς
516 695 857 762 δεδογμένωί
897 697 1121 765 πέρασι.
1157 700 1262 751 Καὶ
1313 701 1386 767 μή
1434 716 1520 767 μοι
1555 698 1760 767 λεγέτω
1812 716 1921 765 τις,

344 787 427 849 ὡς
458 787 648 840 πολλοὶ
686 788 946 850 πολλάκις
995 790 1194 856 ὁρμαῖς
1250 789 1536 861 όξυτέρᾳις
1581 789 1674 842 τοῦ
1714 790 1926 855 δέοντος

343 880 447 950 τὴν
499 881 800 951 ἠγεμονίαν
838 880 940 951 τῆς
995 880 1241 955 γλώττης
1294 883 1730 953 ἐγκεχειρικότες
1768 883 1924 951 νίκης

345 975 448 1026 καὶ
498 972 777 1044 τροπαίων
812 974 1142 1043 κληρονόμοι
1194 976 1541 1045 γεγένηνται.
1574 975 1796 1043 Πρῶτον
1827 976 1924 1043 μὲν
1952 1034 1959 1039 ,

342 1066 461 1135 γὰρ
483 1066 541 1117 ού
572 1068 770 1117 κανόνα
794 1065 885 1117 καὶ
910 1065 1159 1137 στάθμην
1186 1067 1444 1136 εὐνομίας
1473 1067 1723 1138 ἡγεῖσθαι
1749 1067 1925 1135 χρεὼν

343 1154 699 1222 ἀστάθμητον
734 1154 968 1222 πρᾶγμα
988 1169 1001 1184 ·
1028 1153 1220 1207 ἔπειτα
1247 1154 1366 1207 οὐδὲ
1395 1155 1491 1223 τὴν
1516 1156 1924 1239 ἀπερίσκεπτον
1968 1174 1977 1179 ’

344 1245 512 1314 ἴσμεν
568 1245 743 1315 ὁρμὴν
798 1244 1010 1299 οἴκοθεν
1052 1247 1322 1315 φέρουσὰι)
1354 1263 1488 1301 ποτε
1518 1248 1585 1301 τὰ
1632 1250 1729 1316 τῆς
1768 1246 1926 1316 νίκης

343 1335 537 1402 ἐςέδια
558 1350 574 1365 ⁸
612 1334 750 1388 ἀλλά
781 1335 881 1405 τῆς
903 1335 1011 1387 τῶν
1053 1337 1646 1407 ἀντιπαραταξαμένων
1681 1336 1925 1407 μείζονος

344 1426 712 1489 κακοϐουλίας
741 1426 874 1496 ὕλην
900 1429 1212 1498 παράδοξον
1246 1430 1634 1499 χορηγησάσης
1661 1428 1925 1495 πολλάκις

344 1520 407 1583 ἐς
468 1518 531 1573 τὸ
587 1518 887 1589 κοτορθούν
925 1524 991 1589 τῇ
1034 1521 1450 1592 ἀντιστρατήγῳ
1490 1521 1816 1590 θρασύτητι,
1868 1522 1925 1584 ές

343 1611 449 1682 τὴν
489 1610 583 1664 τοῦ
611 1610 884 1680 βελτίονος
921 1614 1115 1683 μοῖραν
1143 1613 1513 1683 ἀπενηνέχθαι
1538 1612 1687 1679 ἔδοξε
1724 1615 1817 1665 καὶ
1855 1614 1925 1667 τὰ

345 1703 533 1771 φαῦλα
556 1719 573 1735 ·
609 1703 796 1774 ὥσπερ
843 1703 907 1758 αὖ
940 1706 1202 1769 πολλάκις
1232 1707 1292 1758 τὸ
1315 1707 1423 1759 τῶν
1462 1706 1775 1760 ἀντιπάλων
1804 1723 1928 1760 συν-

347 1796 615 1865 ετώτερον
639 1794 724 1866 [Ρ.
755 1794 881 1865 311]
907 1795 1180 1866 βούλευμα
1210 1797 1492 1868 παρήλασε
1531 1797 1626 1851 καὶ
1659 1800 1784 1862 τοὺς
1826 1799 1921 1869 ὀρ-

349 1889 461 1952 θῶς
509 1888 891 1958 βεϐουλεῦσθαι
942 1890 1217 1955 δόξαντας.
1260 1891 1481 1963 Ἀδήλου
1511 1895 1619 1964 γὰρ
1641 1893 1796 1955 ὄντος
1830 1892 1927 1946 τοῦ

354 1979 647 2048 μέλλοντος
699 1983 1054 2054 ὲγχωρεῖκαὶ
1084 1981 1313 2037 τοιαῦτα
1366 1984 1686 2053 συμϐαίνειν
1732 1982 1923 2038 ἐνίοτε.

367 2068 513 2122 Ἀλλ’
528 2071 664 2140 ἡμῖν
697 2087 760 2139 γε
789 2072 851 2124 ού
874 2071 1037 2143 νόμον
1058 2071 1330 2126 ποιεῖσθαι
1350 2073 1521 2144 δήπου
1542 2072 1717 2144 χρεὼν
1749 2090 1929 2144 παρα-

355 2159 539 2228 λόγων
568 2162 1013 2233 κατορθωμάτων
1048 2163 1349 2233 κατάλογον
1369 2180 1383 2195 ·
1404 2165 1498 2217 καὶ
1533 2164 1769 2234 μάλιστα
1808 2165 1925 2230 νῦν,

332 2252 517 2306 ίὸπότε
543 2254 673 2322 περὶ
690 2253 785 2307 τοῦ
805 2254 903 2325 τῆς
924 2255 1206 2320 εὐσεϐείας
1229 2255 1469 2327 κράτους
1485 2256 1552 2310 τὰ
1570 2255 1929 2327 παλαίσματα

348 2343 840 2401 διακινδυνεύεται.
887 2347 1107 2401 Τούτων
1138 2348 1246 2418 γὰρ
1293 2349 1477 2403 εἵνεκα
1526 2348 1925 2420 παρελήλυθαο

353 2435 783 2504 συμϐουλεύσων
816 2438 853 2493 ἃ.
877 2439 1148 2510 συμφέρει
1183 2440 1409 2511 ἐνόμισα
1454 2441 1550 2495 καὶ
1579 2442 1643 2512 τῇ
1675 2440 1930 2514 παρούσῃ

350 2525 516 2596 χρείᾳ
547 2527 673 2579 ὅσον
716 2525 897 2593 ἔξεστι
936 2529 1039 2595 ,καὶ
1069 2528 1233 2592 αὐτὸς
1281 2532 1738 2599 συνεισενεγκεῖν.
1782 2530 1845 2584 Et
1882 2529 1927 2583 δ’

344 2613 580 2684 ὁρθὼςῆ
612 2613 712 2685 μὴ,
746 2616 972 2670 σκοπεῖν
1003 2616 1272 2672 λείπεται.
1304 2617 1440 2671 Οὐδὲ
1484 2617 1593 2688 γάρ
1630 2619 1943 2691 νομοθετή-“

347 2719 538 2766 σοντες
560 2704 791 2774 ἥκομεν,
823 2703 936 2757 οὐδ’
966 2705 1358 2773 ἀποφαντικῶς
1380 2706 1449 2761 τὰ
1478 2707 1724 2777 ἡμέτερα
1753 2707 1930 2773 λέξειν

345 2788 617 2860 δόγματα.
660 2791 803 2844 Ἀλλ’
838 2791 1030 2861 ὥσπερ
1070 2792 1239 2846 πάλαι
1272 2796 1393 2857 ταῖς
1432 2795 1931 2866 ἀριστοκρατουμέ-

349 2898 474 2946 ναις
504 2884 755 2952 ἐγίγνετο
788 2878 1028 2947 πόλεσιν,
1069 2885 1214 2938 οὕτω
1245 2887 1339 2940 καὶ
1366 2889 1733 2959 ήμῖνθὲράνου
1765 2890 1927 2961 δίκην

348 2974 427 3029 τὰ
451 2976 520 3045 τῇ
549 2975 761 3046 διανοίᾳ
790 2976 926 3046 πρὸς
952 2976 1015 3031 τδ
1052 2977 1225 3048 παρὸν
1252 2979 1607 3049 ἐπιτρέχοντα
1637 2982 1928 3050 συνεισφέ-

354 3083 472 3135 ρειν
502 3064 649 3132 εδοξε
681 3066 908 3122 δίκαιον.
940 3071 1007 3123 ’Δ
1047 3070 1229 3124 τοίνυν
1257 3069 1437 3139 λέγειν
1484 3072 1811 3143 προήγμεθα
1835 3074 1929 3145 τή·

353 3175 545 3229 μερον,
572 3160 945 3230 ἀπαγόρευσίς
978 3163 1094 3216 εστι
1136 3164 1210 3232 μὴ
1257 3163 1461 3226 πάντας
1489 3164 1785 3236 αὐτονομίᾳ
1809 3166 1931 3237 βου-
1956 3196 2001 3257 C

350 3249 564 3319 λήσεως
614 3251 837 3321 ῥέοντας
890 3253 1055 3321 ὁμόσε
1086 3255 1283 3324 χωρεῖν
1310 3255 1366 3317 ὲς
1397 3254 1660 3320 διαλέξεις
1698 3260 1792 3311 καὶ
1823 3260 1925 3313 ἀπ-

353 3345 616 3414 αντήσεις
669 3343 776 3397 τῶν
831 3345 890 3410 ἐξ
946 3344 1177 3407 Ἰταλίας
1234 3345 1422 3400 ἰόντων
1452 3365 1465 3377 ο
1501 3348 1635 3401 ὅπου
1677 3365 1740 3417 γε
1787 3350 1923 3419 μηδι

348 3437 469 3497 τοῖς
504 3435 895 3507 προεδρεύουσι
933 3439 1026 3490 καὶ
1073 3437 1241 3507 τιμῆς
1272 3438 1531 3510 τοιαύτης
1575 3439 1921 3510 ἠξιωμένοις,

350 3533 491 3598 πρὶν
516 3527 637 3597 μετ’
662 3527 907 3599 ἀλλήλων
936 3529 1027 3582 τὸν
1054 3532 1153 3601 τῆς
1183 3530 1475 3596 διαλέξεως
1507 3532 1770 3601 ἐσκέφθαι
1801 3549 1925 3586 σκο-

352 3622 481 3684 πὸν,
518 3619 696 3691 χρεὼν
726 3622 1000 3692 ἀπαντᾷνο
1034 3622 1265 3689 εἰδότας,
1296 3624 1379 3677 ὄτι
1418 3624 1618 3691 πρᾶξις
1653 3627 1802 3679 πᾶσα
1831 3626 1924 3679 καὶ

352 3710 514 3780 λόγος
545 3711 690 3775 ἄπας
717 3711 830 3782 ἔχει
858 3713 1058 3767 σκοπὸν
1091 3715 1185 3767 καὶ
1205 3715 1379 3780 τέλος,
1409 3717 1539 3785 πρὸς
1569 3715 1599 3769 ὃ
1628 3716 1924 3785 βλέποντας

349 3800 448 3853 τόν
473 3817 533 3853 τε
566 3801 871 3869 πράττοντα
908 3804 1001 3857 καὶ
1044 3804 1269 3870 λέγοντα
1302 3805 1402 3874 τήν
1448 3821 1507 3857 τε
1545 3805 1742 3875 πρᾶξιν
1787 3806 1924 3875 ὁμοῦ

355 3894 450 3945 καὶ
486 3894 574 3946 τὸν
600 3894 759 3962 λόγον
792 3894 1035 3948 εὐθύνειν
1068 3899 1351 3965 προσήκει.
1387 3896 1590 3949 Τούτου
1617 3897 1663 3950 δ’
1690 3899 1923 3961 ἀπόντος

353 3982 599 4036 κίνδυνον
629 3980 789 4050 εῖναι,
816 3985 1046 4052 μάταιον
1075 3986 1310 4055 σπουδήν
1340 4002 1397 4038 τε
1432 3988 1611 4039 πᾶσαν
1648 3990 1741 4040 καὶ
1763 3990 1924 4042 πόνον

355 4075 576 4131 ἅπαντα
604 4076 940 4146 νομίζεσθαι.
974 4072 1097 4130 Οἷον
1130 4080 1158 4129 ὁ
1195 4077 1370 4131 πλέων
1395 4077 1453 4129 ού
1487 4078 1646 4131 τοῦτο
1676 4079 1923 4147 βιύλεται

356 4171 456 4224 καὶ
491 4169 634 4222 τοῦτ’
679 4169 793 4238 ἔχει
831 4170 1053 4232 σκοπὸν,
1100 4170 1234 4238 ὅπερ
1265 4170 1579 4240 ἐργάζεται.
1603 4172 1718 4223 ἀλλ’
1749 4174 1926 4227 ἐκεῖνο

358 4261 585 4330 μᾶλλον,
610 4253 669 4313 οὗ
686 4260 868 4313 ἕνεκεν
887 4262 1180 4331 ἐργάζεται
1202 4264 1337 4331 ὅπερ
1356 4260 1552 4331 ἑργὰζε
1563 4252 1665 4316 τοῖι.
1689 4263 1925 4331 Κέρδους

353 4354 467 4423 γὰρ
497 4353 680 4419 ἕνεκα,
715 4354 809 4406 καὶ
838 4354 898 4406 οὐ
932 4353 1022 4406 τοῦ
1052 4352 1259 4422 κύμασι
1292 4353 1383 4405 καὶ
1428 4353 1757 4420 πνευμάτων
1782 4354 1925 4422 βίαις

353 4443 700 4497 διακυϐεύειν
729 4445 789 4496 τὸ
822 4444 942 4514 ζῇν,
971 4445 1159 4510 ἀνάγει
1186 4444 1286 4513 τὴν
1324 4442 1474 4497 ναῦν.
1510 4445 1618 4497 Καὶ
1651 4445 1679 4496 ὁ
1699 4446 1922 4511 τοξότης

2028 598 2209 673 neque
2239 602 2511 657 rationem
2545 602 2598 655 in
2623 617 2680 656 sc
2710 602 2875 657 ullam
2910 603 3099 663 habet.
3132 601 3328 655 modus
3369 610 3426 653 et
3457 600 3597 654 ratio

2025 693 2298 762 a‘quitatis
2332 694 2582 748 ducenda
2608 709 2716 748 non
2742 704 2847 748 est.
2874 693 3086 749 Deinde
3111 694 3249 747 satis
3289 692 3483 754 scitur,
3516 694 3603 744 ξιτ-η

2026 788 2431 842 consideratam
2469 788 2734 857 impetum
2767 804 2874 842 non
2933 795 3126 857 suapte
3169 797 3363 841 natura
3398 799 3594 855 parcre

2027 880 2320 935 victoriam
2361 900 2373 935 :
2408 882 2528 945 sed,
2562 882 2606 936 si
2645 880 3089 935 adversariorum
3125 881 3335 948 major,
3355 876 3593 933 stultitia

2027 974 2378 1026 occasionem
2410 974 2489 1026 rei
2544 973 2683 1027 bene
2733 971 2984 1052 gerepdae
3037 979 3236 1040 prteter
3297 969 3592 1038 opinonem

2029 1062 2266 1132 praebeat
2293 1064 2584 1117 contraria:
2607 1063 2871 1125 audaciae,
2903 1079 2968 1117 eo
3018 1077 3144 1116 casu
3176 1062 3347 1115 malas
3373 1071 3595 1128 quoque

2028 1168 2116 1205 res
2148 1154 2413 1206 bonarum
2442 1168 2629 1207 rerum
2664 1154 2845 1207 locum
2885 1167 3200 1222 occupare;
3259 1151 3404 1206 sicut
3429 1149 3594 1203 vicis—
3672 1215 3685 1231 ,

2026 1245 2128 1297 sim
2159 1246 2330 1314 major
2359 1260 2502 1314 saepe
2522 1244 2962 1299 adversariorum
2981 1243 3266 1314 prudentia
3287 1257 3384 1296 eos
3402 1241 3593 1301 etiam.

2028 1333 2121 1406 qui
2159 1336 2299 1390 bene
2358 1337 2474 1391 suis
2537 1336 2705 1391 rebus
2739 1336 3090 1390 consuluisse
3121 1334 3281 1405 504
3315 1333 3595 1397 videntur,

2026 1437 2276 1496 supcrat.
2311 1427 2443 1482 Nam
2474 1443 2599 1482 cum
2632 1443 2718 1482 res
2769 1428 2970 1482 futurae
3021 1426 3244 1481 incertie
3285 1425 3417 1490 sint,
3454 1424 3596 1477 nihil

2028 1519 2228 1578 obstat.
2271 1535 2379 1588 quo
2409 1520 2593 1573 minus
2620 1516 2894 1573 interdum
2924 1520 3089 1572 etiam
3116 1518 3220 1571 tale
3249 1516 3454 1586 aliquid
3489 1531 3593 1569 usu

2029 1612 2233 1664 veniat.
2286 1610 2391 1666 Sed
2456 1610 2810 1665 fortuitorum
2852 1625 3206 1664 succcssuum
3241 1607 3599 1663 enumeratio

2027 1716 2136 1755 non
2163 1702 2324 1756 debet
2350 1703 2495 1771 apud
2527 1719 2627 1758 nos
2654 1702 2791 1771 legis
2822 1702 2942 1755 loco
2968 1715 3115 1763 esse.
3191 1716 3336 1754 nunc
3370 1713 3602 1769 praeser-

2032 1796 2151 1861 tim,
2215 1811 2341 1851 cum
2399 1796 2465 1850 de
2530 1796 2810 1866 religionis
2867 1794 3098 1850 victoria
3142 1793 3215 1847 sit
3247 1792 3596 1847 certandum.

2031 1888 2325 1944 Enimvero
2361 1889 2462 1944 bac
2492 1889 2559 1943 de
2593 1903 2755 1943 causa
2779 1887 2979 1957 prodii,
3026 1885 3171 1956 quod
3215 1896 3270 1941 et
3305 1901 3389 1940 me
3416 1887 3596 1953 ipsum

2029 1979 2359 2048 putaverim,
2417 1979 2463 2034 si
2503 1979 2636 2034 utile
2659 1978 2949 2034 consilium
2978 1977 3193 2041 darem,
3242 1975 3511 2045 quidquid
3542 1974 3599 2030 in

2029 2084 2115 2123 me
2141 2069 2262 2140 opis
2296 2068 2439 2124 foret
2470 2070 2522 2123 in
2556 2085 2670 2124 rem
2725 2078 3050 2140 praesentem
3086 2082 3209 2123 esse
3255 2067 3602 2123 contributu-

2031 2177 2176 2217 rum.
2242 2161 2298 2217 ld
2351 2171 2535 2216 autem
2600 2164 2821 2217 rectene
2868 2176 2937 2215 an
2991 2175 3155 2216 secus
3185 2159 3431 2215 facturus
3472 2160 3600 2225 siin,

2029 2253 2430 2310 consideretur.
2459 2251 2643 2323 Neque
2665 2253 2811 2308 enim
2833 2232 3014 2321 legum
3040 2251 3392 2306 ferendarum
3421 2250 3599 2321 gratia

2032 2345 2313 2411 adsumus,
2341 2354 2437 2398 aut
2477 2354 2536 2399 ut
2568 2354 2752 2399 nostra
2775 2345 2995 2400 decreta
3014 2343 3171 2399 ﬁrma
3194 2353 3247 2398 et
3272 2343 3601 2399 inconcussa

2028 2434 2223 2490 haberi
2255 2435 2489 2490 velimus
2517 2453 2531 2500 ;
2565 2435 2663 2490 sed
2695 2444 2755 2491 ut
2785 2436 2913 2491 olim
2970 2437 3026 2491 in
3061 2434 3253 2490 liberis
3285 2433 3603 2490 civitatibus
3676 2486 3683 2497 η

2032 2528 2216 2599 fiebat,
2257 2528 2329 2583 ita
2362 2536 2416 2581 et
2448 2526 2608 2583 nobis
2639 2543 2762 2597 quas
2820 2528 2880 2581 in
2912 2536 3149 2582 mentem
3206 2541 3306 2596 pro
3359 2535 3604 2597 tempore

2029 2623 2312 2677 venissent
2334 2621 2487 2675 velut
2512 2620 2709 2689 stipem
2741 2618 2995 2674 conferre
3040 2619 3219 2674 visum
3250 2628 3352 2675 est.
3390 2618 3441 2673 ls
3466 2632 3603 2673 vero

2034 2715 2201 2785 hujus
2222 2722 2426 2768 nostra:
2452 2711 2719 2767 orationis
2751 2725 2959 2779 seupus-
2978 2720 3084 2773 est,
3125 2720 3186 2766 ut
3216 2710 3600 2776 debortemur,
3659 2753 3671 2763 .

2032 2823 2100 2862 ne
2129 2806 2311 2876 quivis
2340 2819 2442 2874 pro
2470 2818 2571 2858 suo
2601 2803 2759 2858 libito
2779 2818 2903 2861 cum
2930 2802 3000 2857 iis
3036 2803 3130 2872 qui
3155 2817 3222 2857 ex
3251 2801 3402 2857 Italia
3429 2814 3603 2857 vene-

2032 2905 2396 2951 runttemerc
2425 2894 2812 2965 congredimur
2834 2901 2891 2947 et
2919 2891 3205 2961 disputet;
3262 2906 3386 2947 cum
3437 2891 3488 2945 id
3536 2908 3605 2947 ne

2030 2986 2363 3058 praesulibus
2389 2984 2612 3055 quidem
2638 2994 2693 3039 et
2727 2985 2860 3039 viris
2902 2998 2965 3038 ea
2997 2983 3324 3037 auctoritate
3359 2983 3603 3052 praeditis

2030 3075 2448 3132 concedendum
2475 3090 2597 3130 esse
2630 3075 2903 3138 videatur,
2946 3075 3267 3144 priusquam
3304 3074 3450 3130 inter
3480 3088 3602 3128 sese

2032 3169 2728 3239 disputationisscopumet
2749 3166 2911 3221 tinem
2931 3164 3602 3235 considerarintaquippe
3662 3186 3675 3193 κ
3756 3214 3767 3221 .

2032 3263 2128 3334 qui
2169 3262 2365 3325 sciant,
2426 3260 2575 3313 omni
2626 3259 2741 3313 sive
2787 3259 2985 3313 actioni
3020 3259 3136 3313 sive
3182 3258 3418 3312 orationi
3469 3270 3599 3313 scu-

2032 3368 2159 3422 pum
2184 3367 2248 3406 ac
2274 3351 2437 3405 linem
2460 3349 2697 3419 aliquem
2725 3364 2845 3406 esse
2878 3348 3241 3418 propositum,
3276 3348 3343 3402 ad
3362 3363 3525 3417 quem
3551 3342 3609 3401 is.

2031 3441 2125 3512 qui
2146 3442 2234 3495 vel
2263 3440 2373 3510 agit
2395 3439 2477 3493 vel
2501 3439 2722 3493 disserit
2745 3438 3025 3493 collimare
3044 3448 3263 3493 etsuam
3292 3449 3405 3492 tum
3420 3441 3599 3491 actio-

2031 3548 2157 3587 nem
2180 3542 2294 3586 tum
2322 3531 2631 3586 orationem
2659 3531 2896 3602 dirigere
2914 3530 3134 3586 debeat.
3159 3530 3315 3596 Quod
3350 3530 3454 3584 nisi
3480 3528 3594 3592 fiat,

2030 3623 2332 3694 periculum
2350 3636 2452 3687 est,
2466 3638 2536 3677 ne
2562 3638 2724 3677 omne
2739 3621 3006 3687 studium,
3032 3623 3210 3677 omnis
3235 3623 3390 3676 labor
3417 3623 3597 3677 inanis

2029 3730 2084 3771 et
2103 3716 2294 3770 irritus
2310 3714 2597 3770 habeatur.
2618 3714 2797 3769 Veluti
2820 3715 2867 3769 is
2901 3716 2993 3784 qni
3011 3714 3227 3785 navigat
3258 3730 3363 3768 non
3387 3714 3438 3768 id
3456 3715 3599 3779 vult,

2031 3822 2137 3862 nec
2155 3821 2381 3877 scopum
2412 3806 2516 3859 sibi
2534 3805 2796 3875 preponit
2814 3806 2865 3859 id
2882 3803 3027 3874 quod
3049 3804 3192 3875 agit;
3215 3804 3311 3858 sed
3343 3805 3480 3859 illud
3503 3821 3603 3874 ιιο-

2033 3897 2163 3956 tius,
2180 3896 2509 3967 cujuscausa
2538 3896 2588 3949 id
2607 3896 2783 3965 ipsum
2799 3897 2931 3965 agit.
2952 3895 3111 3949 Lucri
3133 3895 3390 3949 nimirum
3412 3906 3598 3959 (ασελ,

2031 4002 2141 4041 non
2167 3998 2349 4040 autem
2374 3997 2429 4039 ut
2458 3996 2745 4040 venturum
2767 3997 2824 4040 et
2850 3984 3114 4039 ﬂuctuum
3148 3986 3377 4040 arbitrio
3394 3987 3462 4040 de
3489 3987 3601 4040 vita

2033 4077 2192 4148 505
2232 4077 2477 4141 dimicet,
2507 4090 2538 4131 e
2566 4088 2725 4147 portu
2772 4076 2953 4131 solvit.
2990 4076 3189 4131 Eodem
3230 4077 3391 4131 modo
3439 4076 3602 4147 sagit-

2034 4172 2206 4226 larius
2233 4187 2340 4226 non
2376 4171 2500 4225 ideo
2532 4171 2756 4238 sagittas
2800 4169 3019 4233 emittit,
3055 4179 3114 4223 ut
3140 4180 3361 4223 ventum
3405 4169 3602 4224 verbe-

2033 4270 2151 4328 ret;
2180 4263 2273 4317 sed
2303 4271 2365 4317 ut
2393 4261 2606 4316 hostem
2638 4270 2867 4325 sternat,
2901 4260 2951 4313 id
2980 4259 3130 4315 facit.
3160 4259 3259 4315 llic
3283 4276 3410 4315 vero
3440 4263 3600 4328 cujus

2031 4355 2384 4410 emolumenti
2419 4369 2536 4423 spe,
2562 4367 2670 4423 quo
2698 4352 2804 4406 ﬁne
2832 4351 3132 4421 proposito,
3160 4354 3449 4421 quisquam
3480 4353 3600 4407 d.s-

2033 4456 2226 4516 putare
2271 4460 2394 4500 cum
2430 4445 2643 4499 Latinis
2707 4444 2859 4510 velit,
2894 4442 3149 4513 equidem
3199 4460 3307 4498 non
3341 4444 3518 4505 video,
3551 4445 3598 4497 si

353 4535 400 4586 δ’
432 4534 636 4604 ὁμοίως
680 4535 778 4587 οὐκ
806 4537 939 4587 αὐτὸ
976 4536 1094 4586 καθ’
1125 4535 1257 4588 αὐτὸ
1283 4536 1344 4587 τὸ
1381 4533 1638 4599 τοξεύειν.
1668 4535 1803 4588 ἀλλά
1832 4536 1923 4588 τοῦ

2031 4553 2134 4592 nec
2174 4537 2274 4607 ipsi
2311 4538 2533 4602 nostris,
2563 4552 2665 4591 nec
2689 4551 2791 4591 nos
2820 4536 3038 4590 illorum
3069 4536 3305 4590 decretis
3334 4536 3595 4590 assentiri

357 4623 542 4690 βαλεῖν
565 4622 655 4675 τὸν
683 4622 939 4691 πολέμων
969 4624 1149 4675 εἰνεκα
1179 4622 1333 4676 τοῦτο
1362 4624 1688 4694 προῄρηται.
1708 4626 1931 4679 Ἐνταυ-

356 4716 445 4769 θοί
471 4716 516 4768 δ’
549 4716 647 4785 οὐχ
674 4716 803 4783 ὁρῶ,
841 4717 986 4778 τίνος
1028 4716 1214 4768 εἵνεκα
1243 4714 1464 4787 κέρδους
1512 4720 1605 4769 καὶ⁵
1637 4719 1770 4789 πρὸς
1808 4718 1931 4772 τίνα

360 4805 578 4874 βλέπων
613 4806 812 4873 σκοπὸν
856 4805 1200 4874 διαλέγεσθαι
1232 4807 1298 4860 ἄν
1349 4824 1431 4870 τις
1478 4808 1671 4872 ἕλοιτο,
1716 4810 1763 4861 si
1804 4809 1931 4879 μήτ’

357 4899 512 4951 αὐτοὶ
539 4898 650 4960 τοῖς
680 4897 855 4967 ἡμῶν,
902 4897 1034 4968 μήθ’
1071 4899 1234 4966 ἡμεῖς
1265 4901 1377 4962 τοῖς
1403 4899 1583 4953 αὐτῶν
1634 4901 1928 4954 συνθέσθαι

362 4990 699 5060 βουλήμασιν
733 4989 978 5059 ἔγνωμεν
1008 4990 1249 5056 πώποτε,
1296 4990 1397 5043 κᾶν
1427 4993 1626 5053 πάντες
1662 4993 1803 5059 φῶσι
1848 4993 1931 5045 λί-

361 5088 470 5149 θοι,
504 5083 607 5137 κᾶν
659 5082 834 5135 πάντα
871 5085 1035 5150 φυτά.
1068 5084 1188 5136 Ἔτι
1230 5086 1339 5153 μὴν
1373 5086 1464 5137 καὶ
1505 5087 1613 5138 τῶν
1641 5087 1927 5137 ἀτοπωτά-

360 5190 470 5226 των
498 5174 565 5225 ἂν
590 5173 678 5241 εἴη
709 5172 802 5223 καὶ
834 5173 1022 5243 πόρρω
1055 5188 1153 5223 που
1185 5172 1280 5223 τοῦ
1309 5173 1676 5243 προσήκοντος
1706 5175 1929 5242 πορευό-

366 5281 529 5335 μενον
560 5264 744 5331 λόγου,
770 5266 896 5326 τοὺς
931 5260 1032 5332 μὲν
1079 5264 1431 5333 Ὀλυμπιάσιν
1474 5267 1806 5331 ἀγωνιστὰς,
1837 5270 1928 5318 καὶ

363 5358 480 5411 ὅσοι
510 5358 611 5428 γῆς
643 5358 803 5410 ἕνεκα
848 5356 1123 5419 σταδιαίας
1157 5356 1591 5426 ἀμφισϐητοῦσι,
1638 5357 1733 5409 καὶ
1768 5358 1926 5421 εἴτις

360 5449 721 5512 λωποδυσίαις
755 5447 1049 5513 ἁλίσκοιτο,
1085 5448 1293 5510 τούτοις
1317 5451 1518 5514 ἐξεῖναι
1553 5450 1718 5502 πᾶσιν
1743 5449 1929 5504 Ἑλλα-

366 5538 583 5600 νοδίκας
610 5540 762 5601 τινας
790 5539 882 5591 καὶ
921 5537 1116 5605 κριτὰς
1136 5538 1401 5607 ἀρῤεπείς
1442 5536 1813 5607 προκαθίζειν,
1853 5537 1929 5602 ὡς

367 5632 445 5704 μὴ
471 5632 607 5703 λάθῃ
644 5632 979 5702 παρσῤῥυεὶς
1025 5630 1052 5681 ὁ
1089 5628 1182 5681 τοῦ
1229 5628 1439 5683 δικαίου
1490 5629 1690 5693 κανὼν.
1728 5632 1927 5699 μᾶλλον

363 5720 409 5773 δ’
447 5720 533 5773 ἱνα
566 5722 644 5790 μὴ
673 5720 937 5789 ἀνήνυτον
965 5717 1063 5788 ἔχῃ
1094 5717 1185 5770 τὸν
1238 5717 1439 5788 δρόμον
1469 5718 1501 5786 ἡ
1532 5719 1626 5789 τῆς
1651 5718 1929 5790 ἀμφισϐη-

360 5812 577 5883 τήσεως
610 5810 748 5879 ἔρις,
778 5809 1003 5881 μηδενὸς
1029 5810 1391 5880 προκειμένου
1428 5808 1649 5872 κανόνος
1685 5810 1778 5864 καὶ
1805 5811 1929 5865 στά-

2033 4644 2272 4699 unquam
2296 4629 2664 4695 decrevimus,
2696 4629 2780 4682 vel
2805 4628 2848 4682 si
2879 4628 3072 4683 onincs
3098 4628 3199 4681 hoc
3222 4628 3450 4697 lapides,
3478 4643 3598 4682 Oili-

2033 4738 2130 4778 ncs
2171 4721 2390 4791 stipites
2420 4721 2650 4777 dictent.
2684 4720 2890 4775 Deinde
2934 4720 3393 4775 absurdissimum
3439 4729 3495 4774 ct
3523 4721 3593 4774 ab
3630 4740 3633 4743 ι

2031 4815 2179 4869 omni
2217 4815 2427 4881 ratione
2458 4810 2852 4868 alienissimum
2889 4813 3073 4877 fuerit,
3112 4811 3178 4865 iis
3214 4809 3306 4880 qui
3332 4812 3383 4865 in
3410 4810 3597 4883 Olym-

2031 4905 2133 4974 piis
2172 4914 2386 4959 certant
2413 4913 2469 4959 et
2510 4905 2564 4958 in
2606 4905 2783 4959 stadio
2815 4905 3136 4965 decurrunt,
3188 4912 3282 4957 aut
3323 4904 3414 4972 qui
3468 4904 3600 4958 furti

2031 5004 2356 5066 arguuntur,
2395 4995 2461 5049 ad
2504 4995 2883 5049 llellanudicas
2911 5006 2968 5048 et
3007 4980 3355 5063 incorruptos
3383 4994 3600 5064 judiccs

2030 5102 2151 5140 esse
2179 5086 2646 5154 provocationem.
2679 5102 2743 5141 nc
2770 5086 3001 5156 justitize
3038 5086 3223 5154 regula
3267 5085 3453 5139 lurtim
3499 5086 3599 5140 de-

2032 5177 2201 5232 cline:
2247 5192 2310 5232 ac
2346 5178 2516 5241 fallat,
2566 5189 2661 5232 aut
2712 5178 2827 5231 litis
2879 5178 3205 5247 disceptatio
3237 5176 3439 5231 frustra
3471 5193 3594 5246 pro-

2030 5271 2210 5334 cedat,
2261 5270 2406 5323 trulla
2460 5270 2646 5339 regula
2684 5278 2780 5324 aut
2811 5285 2999 5341 norma
3032 5269 3299 5331 adhibita.
3332 5270 3397 5323 ad
3431 5285 3594 5339 quam

2031 5356 2451 5426 disceptantium
2508 5356 2750 5410 rationes
2792 5358 3173 5413 exactaalitcm
3231 5357 3455 5410 tiuiant:
3504 5372 3601 5412 cos

2030 5464 2183 5511 vero,
2216 5448 2310 5517 qui
2344 5447 2413 5502 de
2450 5448 2615 5502 rebus
2639 5446 2842 5502 divinis
2874 5448 3204 5517 disputaturi
3229 5459 3284 5502 et
3311 5448 3365 5501 in
3386 5448 3594 5518 longis-

2030 5546 2171 5595 simu
2209 5542 2302 5596 illo
2346 5541 2523 5595 stadio
2559 5540 2845 5594 niaximam
2890 5541 3100 5595 cladem
3137 5541 3334 5595 animis
3367 5551 3421 5594 ct
3468 5555 3594 5596 cor-

2032 5634 2261 5703 poribus
2295 5633 2583 5689 tninitanlc
2612 5634 2901 5689 decursuri
2951 5646 3100 5699 sunt,
3132 5633 3343 5688 nullutn
3391 5632 3594 5688 habere

2028 5725 2291 5796 judicent,
2327 5726 2421 5795 qui
2476 5729 2764 5797 utriusque
2798 5727 2968 5796 partis
3000 5728 3164 5781 verba
3197 5726 3488 5795 expritdat,
3535 5741 3600 5781 ac

2035 5815 2125 5870 iila
2152 5816 2374 5886 quidem
2411 5818 2655 5875 victricia
2682 5819 3023 5889 pronuntiet,
3056 5819 3145 5873 illa
3174 5835 3307 5873 veru
3334 5829 3393 5873 ut
3417 5800 3600 5875 inania
3696 5873 3708 5882 ,
