3842 6576
193 361 272 426 ω
415 347 487 421 [ι.
527 350 576 403 c.
610 344 746 404 ms
781 360 847 400 Αι)
880 341 1035 416 isti]

1180 347 1630 409 nvzmnm
1673 333 2060 410 HISTORka
2105 349 2231 408 LIB
2273 347 2344 409 Χ.

2713 246 2746 276 ,_

3274 348 3380 414 7H

2483 343 2618 416 [μιν.
2649 355 2910 402 annos":
2946 345 3089 418 ius.)

185 472 255 528 ἐπὶ
276 468 356 537 τῆς
392 462 646 533 γεννητῆς
691 460 895 534 ταύτης
928 459 1024 516 καὶ
1073 461 1308 530 ῥευστῆς
1341 459 1580 530 φύσεως,
1613 460 1696 522 τίς

1815 458 1910 525 ait;
1945 459 2208 530 quoniam
2246 460 2362 515 lucc
2409 464 2619 515 tantum
2649 441 2757 516 Ion
2800 476 2934 518 voce
2971 462 3116 519 edita
3153 479 3250 535 per
3290 481 3378 528 ea.

186 560 328 621 ίκανὸς
369 553 640 624 ἐφικέσθαι
670 554 736 626 δὴ
765 555 864 624 τῆς
893 553 1084 620 ἁξίαςς
1126 553 1190 606 Ei
1221 553 1327 624 γὰρ
1364 554 1500 616 τοὺς
1521 553 1699 616 Θείους

187 651 385 719 Πατίρας
415 645 672 713 ἐκείνους,
715 647 784 700 τὰ
813 645 909 700 τοῦ
942 644 1258 716 Πνεύματος
1306 645 1534 716 όργανα,
1569 648 1699 710 τοὺς

185 751 324 801 πᾶσαν
354 739 474 809 ὑπὲρ
511 739 759 801 ἅπαντας
790 736 1148 808 ἀνθρωπίνην
1184 736 1377 806 σοφίαν
1406 735 1700 802 διεξελθὸν.

181 852 279 898 τας,
303 832 342 882 εἰ
373 824 452 882 οὖν
492 827 736 890 ἐκείνους
770 830 828 879 ὲν
871 829 992 890 ταῖς
1036 826 1195 880 θείων
1231 825 1464 899 Γραφῶν
1497 826 1702 896 ἐξηγή-

185 943 268 985 σεσι
295 917 678 989 διαφωνοῦντας
711 919 1050 990 εὑρίσκομεν
1078 917 1324 989 πολλαχῆ
1359 919 1454 972 καὶ
1495 917 1697 988 μικροῦ

179 1012 386 1072 τάναντία
426 1009 685 1073 πολλάκις
715 1009 1039 1074 διεξιόντας,
1074 1009 1164 1063 διὰ
1195 1009 1270 1062 τὸ·
1297 1011 1482 1080 γνόφῳ
1519 1009 1700 1080 πολλῴ

180 1111 272 1174 καὶ,
303 1100 399 1158 οἷον
426 1103 619 1167 εἰπεῖν,
657 1100 1014 1174 προπυλαίοις
1044 1104 1294 1175 στερροῖς
1324 1085 1420 1156 καὶ
1454 1103 1700 1173 ἀδαμαν-

177 1205 304 1263 τίνοις
327 1193 731 1266 δορυφορεῖσθαι
763 1193 862 1256 τὰς
894 1193 1045 1271 θείας
1072 1197 1278 1258 ταύτας
1312 1196 1406 1249 καὶ
1437 1195 1703 1265 ὑψηλοτέ-

179 1314 252 1368 ρας
276 1288 487 1346 ἐννοίας·
519 1287 572 1341 τί
602 1287 671 1341 ἂν
705 1285 818 1358 ἒχοι
847 1304 934 1350 τις
971 1279 1159 1357 ἕτερος
1189 1288 1388 1357 λέγειν,
1430 1290 1567 1360 μήτε
1599 1293 1700 1358 τὴν

174 1383 463 1458 ἀνθρωπίνην
495 1381 691 1450 σοφίαν
716 1380 884 1449 ἐγγύς
916 1397 1020 1433 που
1043 1383 1326 1452 τυγχάνων
1351 1383 1578 1435 ἐκείνων
1610 1383 1702 1435 καὶ

175 1482 263 1550 ἅμα
290 1475 469 1540 πολλῆς
512 1473 734 1537 ἀπόζων
773 1473 875 1542 τῆς
912 1472 1194 1543 μοχθηρᾶς
1220 1471 1423 1544 ταύτης
1456 1475 1550 1526 καὶ
1586 1475 1701 1527 ὑλι-

176 1571 249 1638 κῆς
274 1562 660 1632 προσπαθείας;
686 1560 820 1616 Ἰδοὺ
849 1565 978 1634 γὰρ,
1014 1564 1104 1617 ἵνα
1145 1567 1321 1634 σιωπῇ
1352 1565 1704 1636 παραδράμω

175 1665 225 1712 τὰ
244 1657 456 1716 πλεῖστα,
486 1653 580 1716 τὸ,
626 1673 644 1706 ι
682 1653 887 1724 Κύριος
924 1656 1108 1708 ἐκτισέ
1145 1672 1214 1724 με
1256 1657 1431 1728 ἀρχὴν
1461 1657 1578 1712 ὁδὸν
1609 1658 1707 1712 αύ-

175 1751 263 1814 τοῦ,
297 1749 370 1800 »ό
415 1746 518 1816 μὲν
570 1747 711 1809 Θεῖος
757 1746 851 1799 καὶ
894 1746 1068 1816 μέγας
1110 1747 1391 1811 Βασίλειος
1440 1750 1569 1819 περὶ
1608 1753 1706 1818 τῆς

174 1811 524 1910 ἐμφαινομένης
559 1833 636 1902 τῷ
659 1835 849 1904 κόσμῳ
884 1811 1074 1904 σοφίας
1115 1836 1364 1907 είρῆσθαί
1399 1811 1698 1909 (ει)’φησὶ,
1734 1811 1783 1872 Β

177 1929 406 2001 μονονουχὶ
455 1927 643 1998 φωνὴν
691 1927 943 1998 ἀφιείσης
983 1928 1073 1982 διὰ
1113 1929 1221 1981 τῶν
1265 1931 1582 2000 ὁρωμένων,
1617 1934 1700 1984 ὅτι

176 2024 286 2092 παρὰ
323 2019 468 2090 Θεοῦ,
500 2022 696 2088 γέγονε
733 2022 829 2074 καὶ
866 2021 968 2074 ούκ
1016 2021 1340 2092 αὐτομάτως
1383 2025 1416 2093 ἡ
1461 2025 1701 2094 τοσαύτη

181 2114 294 2182 «ei:
324 2114 431 2176 τοῖς
458 2111 908 2166 ἀποτελεσθεῑσιν
939 2115 1220 2184 ἐμπρέπει
1241 2127 1254 2141 ’
1283 2114 1430 2168 καθὰ
1455 2117 1548 2172 καὶ
1573 2117 1701 2180 τοὺς

180 2205 431 2276 οὐρανοὺςιό
456 2205 626 2258 Δαὸὶδ
643 2203 952 2274 διηγεῖσθαί
969 2191 1107 2274 φησι
1134 2205 1232 2276 τὴν
1261 2207 1420 2272 δόξαν
1451 2209 1542 2262 τοῦ
1564 2209 1700 2262 Θεοῦ

176 2302 332 2368 φωναῖς
358 2298 676 2368 ἀλαλήτοις.
723 2295 782 2349 '0
817 2297 874 2351 δὲ
910 2299 1086 2368 μέγας
1119 2300 1177 2351 ὲν
1211 2299 1459 2372 θεολογίᾳ
1492 2302 1702 2374 Γρηγό-

174 2409 254 2461 pm;
271 2389 349 2442 τοῦ
376 2391 631 2459 Σωτῆρος
651 2386 840 2459 τοῦτον
864 2385 1003 2442 εἶναι
1031 2390 1232 2459 φάσκει
1263 2392 1352 2445 τὸν
1370 2394 1526 2463 λόγον
1551 2395 1663 2466 (85)
1686 2413 1698 2427 '

170 2485 240 2538 καὶ
267 2483 378 2552 ἑξῆς
427 2481 773 2552 ἑρμηνεύων,
806 2481 907 2535 ὅσα
941 2483 1041 2552 μὲν
1095 2483 1234 2552 μετὰ
1265 2485 1362 2552 τῆς
1393 2485 1572 2551 αίτίας
1614 2488 1704 2541 εὐ-

169 2578 328 2647 ρίσκει,
357 2578 420 2646 τῇ
455 2575 843 2645 ἁνθρωπότητι
882 2575 1056 2628 ταῦτα
1101 2575 1460 2648 προστίθησιν
1483 2595 1500 2614 ο
1527 2580 1626 2634 ὅσα
1657 2581 1704 2633 δ’

165 2670 282 2722 άτιλὶ
301 2669 383 2722 καὶ
408 2668 651 2735 ἀναίτια,
674 2667 846 2722 ταῦτα
868 2666 1062 2722 διελὼν
1082 2668 1356 2737 λογίζεται
1377 2673 1442 2741 τῇ
1466 2669 1701 2740 θεότητι.

172 2762 286 2817 Ἀλλ’
309 2757 446 2816 οὗτοι
481 2761 581 2833 μὲν
607 2761 778 2828 σκεύη
803 2761 894 2815 τοῦ
919 2763 1236 2832 Πνεύματος
1261 2764 1413 2827 ὅντες
1441 2767 1537 2820 καὶ
1567 2768 1705 2838 πρὸς

161 2856 237 2908 ἕνα
264 2856 544 2925 βλέποντες
591 2855 796 2909 σκοπὸν
836 2856 931 2909 καὶ
965 2854 1066 2925 τὴν
1103 2856 1365 2927 τοιαύτην
1407 2859 1708 2932 διαφωνίαν

160 2947 316 3016 ὥσπερ
342 2949 402 3000 ἐκ
427 2948 706 3016 διαφόρων
739 2947 876 3002 ὁδῶν
909 2947 1045 3018 πρὸς
1071 2947 1131 3003 ἓν
1163 2951 1498 3021 περιάγουσι
1530 2953 1705 3020 τέλος,

160 3039 347 3104 εύσεὸὲς
383 3039 590 3112 δηλαδὴ
624 3040 720 3093 καὶ
755 3043 1045 3112 σωτήριον.
1078 3042 1141 3096 Οί
1175 3042 1231 3097 δὲ
1260 3044 1368 3097 τῶν
1412 3045 1708 3118 ἀλλοτρίων

160 3137 391 3206 αἱρέσεων
427 3137 736 3206 ἡγεμόνες,
780 3135 1054 3206 πρόφασιν
1099 3135 1470 3206 λαμϐάνοντες
1514 3141 1574 3191 τὸ
1609 3140 1708 3210 τῆς
1741 3178 1781 3234 c

158 3227 361 3290 διανοίας
399 3228 726 3296 δυσέφικτον
773 3229 882 3281 τῶν
917 3229 1174 3300 Γραφῶν,
1219 3229 1374 3301 δίκην
1420 3230 1712 3300 ἱεροσύλων

159 3322 515 3388 καταξαίνουσι
564 3321 764 3384 ταύτας
796 3324 890 3376 καὶ
935 3323 1070 3394 πρὸς
1107 3323 1384 3386 άόύσσους
1428 3323 1712 3393 πυθμένας

158 3417 460 3470 καθέλκουσιν
511 3415 620 3468 τῶν
668 3415 1055 3486 βλασφημιῶν.
1107 3417 1172 3472 Εί
1226 3415 1361 3485 γοῧν
1412 3418 1713 3484 ἀναγκαῖον

157 3509 390 3579 ἐτύγχανε
437 3508 536 3561 καὶ
582 3510 714 3577 ἡμῖν
747 3509 839 3561 ἐπὶ
873 3507 968 3561 τοῦ
1017 3509 1289 3579 παρόντος
1322 3509 1568 3572 ὁπλίζειν
1614 3507 1712 3578 τὴν

158 3600 380 3666 γλῶτταν
407 3599 557 3653 κατὰ
591 3599 702 3651 τῶν
733 3598 1013 3667 ἐναντίων,
1047 3600 1125 3662 ὡς
1163 3599 1404 3670 ἔφαμεν,
1435 3601 1494 3652 ού
1535 3599 1712 3653 τοιού-

152 3709 242 3762 τοις
268 3693 330 3744 ἂν
353 3691 715 3761 ἐχρησάμεθα
733 3693 842 3753 τοϊς
865 3691 1146 3761 ὀνόμασιν,
1175 3687 1254 3755 οἷς
1284 3693 1344 3744 τὸ
1374 3691 1714 3762 πολύτροπον

153 3759 228 3834 κέι
255 3784 570 3854 πολυσχιδὲς
606 3781 914 3851 έμφωλεύει
945 3782 1040 3836 τοῦ
1073 3783 1190 3847 νοῦ,
1223 3783 1361 3838 ἀλλὰ
1392 3785 1504 3847 τοῖς
1536 3785 1715 3854 ἀναμ-

154 3875 480 3944 φισϐητήτως
510 3873 956 3943 ὡμολογημένοις
979 3874 1068 3926 καὶ
1093 3877 1624 3943 συμπεφωνημένοις
1655 3875 1717 3941 ἐξ

154 3965 330 4032 ἀμφοῖν
361 3966 457 4017 καὶ
495 3965 600 4016 ὅσα
636 3967 715 4028 εἰς
749 3965 998 4027 ἐπινοίας
1028 3964 1253 4032 ἄγουσιν
1278 3968 1425 4035 ἡμᾶς
1456 3967 1513 4032 ἐξ
1548 3967 1714 4035 ἀνάγ-

154 4068 238 4119 κης
258 4051 356 4104 τῶν
375 4051 582 4122 νοητῶν
602 4051 744 4104 κατὰ
767 4051 826 4104 τὸ
853 4050 1222 4121 ἁπλούστερον
1246 4069 1259 4082 ·
1281 4055 1402 4105 ἐπεὶ
1423 4054 1717 4124 πάμπολλα

156 4143 331 4212 σφόδρα
356 4141 648 4195 καὶταῦτα
673 4143 899 4196 ἐπανοεί
928 4147 994 4212 τῇ
1045 4143 1165 4214 θεία
1222 4145 1434 4216 Γραφῇ.
1467 4145 1552 4217 [Ρ.
1587 4146 1716 4212 5161

164 4231 297 4288 Ἐπεὶ
322 4232 365 4286 δ’
398 4235 499 4286 οὐκ
533 4233 829 4300 ἀναγκαῖον
858 4234 1006 4286 τοῦθ’
1035 4235 1160 4302 ἡμῖν
1190 4236 1341 4287 ἐστιν
1375 4237 1432 4287 ὲν
1472 4235 1548 4303 τῷ
1575 4252 1720 4307 παρ·

153 4323 266 4384 όντι,
297 4322 719 4393 ὲρηρεισμένοις
749 4323 842 4372 καὶ
870 4321 1232 4391 ήδρασμένοις
1265 4324 1357 4374 ἐπὶ
1387 4325 1506 4385 ταῖς
1539 4325 1720 4394 κρείτ-

151 4429 248 4465 τοσι
287 4415 478 4483 ρήσεσι
511 4415 608 4465 καὶ
635 4407 1082 4481 ἀσφαλεστέραιςξ
1107 4416 1225 4475 ταῖς
1253 4431 1309 4466 τε
1337 4415 1720 4484 εύσγγελικαῐς

1799 567 1924 622 ιιιιω
1957 553 2062 608 sub
2096 563 2380 624 aspectum
2411 552 2701 608 oculorum
2739 553 2943 609 cadunt
2973 562 3228 622 testetur,
3258 571 3317 613 se
3348 572 3382 614 a

1807 649 1915 703 Deo
1945 663 2068 703 esse
2094 648 2376 704 conditam
2401 657 2458 702 et
2487 662 2597 702 non
2624 662 2754 702 casu
2785 648 3087 714 exstitisse,
3129 659 3188 704 ut
3229 659 3381 705 tanta

1801 739 1856 794 in
1898 738 1966 794 iis
2021 754 2142 819 qua:
2189 739 2330 794 facta
2365 747 2492 792 sunt
2537 739 2807 808 sapientia
2843 741 3148 808 emineret;
3187 758 3384 812 quem-

1799 832 2094 888 admodum
2121 841 2176 887 et
2205 833 2371 886 David
2385 832 2556 888 caelos
2571 831 2708 888 dixit
2735 833 2828 889 Dei
2858 833 3087 903 gloriam
3117 851 3381 892 enarrare

1801 925 2032 981 vocibus
2059 923 2451 981 ineffabilibus.
2475 926 2545 980 At
2563 941 2800 996 magnus
2822 927 2875 980 in
2903 927 3226 1000 theologieis
3242 929 3382 987 Gre-

1803 1022 1989 1092 gorius
2019 1020 2332 1077 Servatoris
2361 1021 2504 1077 hanc
2529 1022 2838 1077 orationem
2871 1037 2993 1079 esse
3022 1023 3118 1088 ait,
3146 1039 3384 1095 eamque

1801 1115 1996 1170 ordine
2026 1116 2420 1185 interpretans,
2452 1131 2573 1185 qua:
2598 1130 2722 1170 eum
2748 1131 2912 1171 causa
2933 1130 3056 1172 esse
3085 1118 3385 1188 conjuncta

1803 1206 2035 1271 invenit,
2091 1221 2154 1261 ea
2210 1205 2540 1261 humanitati
2588 1206 3010 1262 accommodat:
3072 1223 3195 1278 qua:
3255 1224 3388 1264 vero

1809 1299 2081 1370 simplicia
2111 1309 2167 1354 et
2195 1299 2315 1355 sine
2346 1313 2532 1365 causa,
2570 1299 2863 1370 distinguit
2893 1315 2957 1355 ac
2988 1299 3148 1370 512
3181 1300 3390 1355 Divini-

1808 1395 1906 1448 tati
1937 1393 2214 1449 attribuit.
2248 1393 2547 1448 Enimvero
2578 1392 2658 1459 hi,
2686 1408 2810 1448 cum
2838 1393 3080 1464 Spiritus
3114 1409 3240 1448 vasa
3274 1395 3388 1449 sint

1804 1494 1862 1540 et
1889 1484 1957 1539 ad
2006 1484 2264 1540 eumdem
2311 1499 2542 1555 scopum
2595 1485 2901 1549 colliment,
2942 1485 3049 1540 tale
3093 1485 3389 1541 dissidium

1809 1578 1961 1634 velut
1993 1578 2232 1633 diversis
2278 1578 2386 1632 viis
2424 1577 2492 1634 ad
2529 1565 2700 1634 tinum
2751 1577 2915 1634 finem
2945 1594 3184 1650 eumque
3233 1579 3385 1649 pium

1809 1689 1871 1728 ac
1898 1676 2192 1729 salutarem
2214 1673 2519 1729 inﬂectunt.
2539 1674 2936 1729 Extranearum
2961 1687 3092 1728 vero
3110 1682 3386 1728 sectarum

1809 1775 2086 1830 auctores,
2141 1776 2360 1836 arrepta
2392 1765 2746 1821 obscuritatis
2783 1765 3196 1835 Scripturarum
3217 1780 3378 1820 occa-

1808 1858 1984 1920 sione,
2022 1858 2421 1927 sacrilegorum
2460 1858 2633 1912 instar
2666 1872 2762 1912 eas
2789 1857 3094 1912 dilacerant
3117 1866 3174 1912 et
3201 1857 3258 1912 in
3294 1872 3393 1910 ex-

1808 1955 2040 2000 tremam
2074 1946 2542 2016 blasphemiarum
2574 1947 2830 2019 abyssum
2871 1945 3197 2002 detrudunt.
3226 1943 3381 2011 Quod

1807 2037 1851 2090 si
1903 2036 2063 2091 nobis
2112 2037 2280 2092 etiam
2333 2039 2388 2092 in
2436 2038 2723 2108 prmsentia
2774 2047 2923 2094 esset
2970 2053 3110 2108 Opus
3140 2038 3386 2109 linguam

1808 2135 2000 2180 contra
2039 2125 2390 2182 adversarios
2418 2142 2640 2191 acuere,
2673 2135 2733 2182 ut
2763 2128 3027 2193 diximus,
3054 2143 3162 2184 non
3191 2128 3257 2184 iis
3290 2145 3389 2183 vo-

1811 2217 2023 2272 cabulis
2047 2227 2351 2283 uteremur,
2384 2219 2439 2274 in
2471 2218 2677 2289 quibus
2713 2220 2986 2275 sententia
3019 2221 3303 2290 multiplex
3333 2229 3392 2274 et

1811 2311 1962 2365 varia
1998 2311 2230 2379 lateret;
2280 2310 2375 2366 sed
2409 2311 2498 2373 iis.
2533 2329 2655 2382 qua:
2685 2325 2840 2368 extra
2888 2328 3108 2369 omnem
3161 2322 3388 2368 contro-

1809 2405 2046 2458 versiam
2076 2405 2552 2460 consentientibus
2577 2405 2777 2461 animis
2809 2405 3028 2476 utrique
3054 2407 3388 2462 conﬁteren-

1814 2507 1924 2559 tur,
1955 2511 2190 2566 quaeque
2233 2497 2549 2552 necessario
2590 2512 2692 2552 nos
2715 2477 2790 2552 ad
2810 2499 3096 2568 cogitanda
3122 2514 3184 2552 ea
3217 2499 3392 2554 dedu-

1812 2597 2019 2650 cerent,
2058 2603 2177 2657 qua:
2209 2588 2533 2657 simpliciori
2559 2603 2724 2643 sensu
2757 2587 3217 2660 intelligerentur.
3252 2591 3384 2646 Nam

1812 2689 1868 2734 et
1896 2679 2208 2750 bujusmodi
2244 2679 2516 2749 permulta
2567 2695 2598 2734 e
2635 2679 2809 2734 sacris
2855 2679 3086 2736 Litteris
3122 2681 3273 2735 velut
3304 2685 3388 2736 et-

1815 2769 2135 2827 tlorescunt.
2177 2770 2285 2828 Sed
2316 2772 2444 2842 quia
2475 2771 2636 2827 nobis
2665 2771 2720 2827 id
2758 2772 2865 2828 hoc
2898 2779 3142 2844 tempore
3168 2789 3276 2828 non
3306 2784 3393 2830 est

1816 2861 2217 2928 necessarium,
2267 2863 2360 2934 qui
2413 2863 2737 2920 melioribus
2777 2875 2833 2920 et
2873 2867 3171 2922 tutioribus
3205 2869 3389 2933 dictis,

1813 2954 2145 3025 cvangelieis
2172 2953 2452 3021 videlicet,
2481 2966 2534 3010 et
2562 2971 2722 3010 sacro
2744 2955 2867 3011 ﬁdei
2893 2957 3177 3029 Symbola,
3208 2977 3238 3014 a
3265 2977 3393 3016 san-

1819 3045 1924 3099 ctis
1959 3045 2214 3100 Patribus
2243 3045 2373 3100 olim
2420 3046 2656 3108 sancito.
2704 3047 2938 3101 nitimur
2967 3058 3022 3104 et
3057 3050 3223 3104 veluti
3272 3051 3394 3106 run-

1817 3135 2081 3190 damento
2116 3135 2423 3190 insistimus
2457 3136 2536 3206 (hi
2567 3136 2715 3190 enim
2744 3136 2966 3203 limites,
3002 3138 3117 3194 ha-c
3147 3157 3393 3211 pronun-o

1823 3227 1952 3280 tiata
2003 3243 2195 3282 revera
2235 3235 2365 3284 sunt
2399 3228 2632 3295 notiora,
2682 3229 2996 3301 nullamque
3049 3216 3395 3288 demonstra-

1819 3323 2021 3375 tionem
2054 3319 2368 3391 requirunt)
2395 3340 2409 3375 :
2433 3320 2655 3377 silentio
2683 3321 2896 3391 rixosas
2916 3323 3132 3377 illorum
3161 3333 3395 3380 conten-

1818 3416 1997 3469 tiones
2028 3427 2082 3469 et
2112 3415 2528 3472 adversationes
2551 3431 2716 3487 quam
2743 3389 3215 3487 disputationibus
3239 3435 3399 3474 ever-

1821 3517 1938 3562 tere
1971 3508 2106 3562 mibi
2137 3508 2358 3563 videtur
2385 3523 2509 3564 esse
2557 3508 2792 3579 aequius.
2828 3509 2982 3575 Quod
3018 3511 3062 3564 si
3101 3510 3261 3565 nobis
3301 3527 3397 3563 oc-

1817 3601 2060 3653 curritur
2089 3599 2158 3654 ab
2186 3599 2394 3669 aliquo,
2427 3609 2648 3655 sanctos
2677 3600 2868 3655 Patres
2901 3617 3045 3672 srepe
3067 3603 3399 3673 syllogismis

1821 3706 1950 3746 usos
1983 3692 2037 3746 in
2068 3692 2337 3762 ejusmodi
2368 3691 2792 3762 quaastionibus,
2824 3708 2950 3747 eum
2983 3709 3084 3763 ego
3121 3695 3263 3750 haud
3295 3711 3412 3765 op-~

1822 3791 2058 3851 portnna
2091 3783 2275 3838 dicere
2299 3783 2644 3836 atﬁrmarim.
2683 3782 2873 3852 Neque
2906 3785 3051 3838 enim
3079 3801 3147 3840 eo
3175 3786 3224 3839 id
3252 3786 3401 3841 fece-

1819 3881 1973 3939 runt,
2032 3884 2092 3928 ut
2140 3873 2516 3938 ostenderent,
2569 3889 2691 3943 qua:
2744 3874 2837 3928 Dei
2874 3885 3067 3930 natura
3101 3888 3268 3939 esset,
3305 3891 3402 3934 aut

1819 3980 1940 4035 qua:
1967 3964 2088 4019 Filii
2122 3965 2282 4036 513
2319 3967 2623 4035 generatio,
2658 3975 2754 4020 aut
2781 3983 2903 4037 qua:
2938 3967 3174 4038 Spiritus
3218 3973 3397 4026 sancti

1821 4054 2141 4124 processio:
2173 4055 2267 4110 sed
2301 4057 2506 4124 potius,
2541 4064 2602 4110 ut
2643 4069 2738 4110 eos
2769 4067 3112 4123 coercerent,
3151 4060 3244 4128 qui
3280 4061 3401 4115 sine

1822 4149 1932 4202 ulla
1972 4146 2241 4200 modestia
2295 4145 2350 4200 in
2399 4147 2729 4218 theologiam
2779 4149 3124 4203 invaderent.
3176 4150 3399 4221 Alioqui

1823 4239 1970 4293 dicat
2001 4238 2137 4293 mihi
2179 4238 2400 4306 aliquis,
2433 4253 2542 4306 quo
2575 4238 2810 4292 consilio
2844 4256 3070 4310 magnus
3102 4241 3192 4294 ille
3240 4243 3397 4297 theo-

1823 4332 1980 4401 logus
1999 4329 2296 4400 Gregorius
2320 4345 2436 4392 eos,
2461 4333 2554 4400 qui
2583 4332 2924 4386 contentiose
2951 4334 3014 4386 de
3041 4337 3397 4402 generatione

1827 4422 1948 4476 Filii
1998 4433 2053 4477 et
2086 4424 2152 4476 de
2184 4422 2424 4493 Spiritus
2474 4423 2647 4477 sancti
2685 4424 3040 4492 processioue
3088 4426 3396 4497 interroga-

151 4505 330 4577 δηλαδὴ
362 4509 461 4560 καὶ
492 4507 570 4569 ὡς
600 4507 809 4558 ἄνωθεν
849 4510 957 4569 τοῖς
997 4508 1166 4570 όσίοις
1202 4507 1448 4578 Πατράσι
1485 4510 1545 4562 τὸ
1578 4510 1710 4563 οεῖοι

1828 4515 1983 4580 bant,
2045 4515 2147 4569 hac
2182 4514 2476 4569 verborum
2531 4515 2701 4586 ﬁgura
2749 4530 3036 4584 aggressus
3082 4517 3185 4571 sit:
3249 4539 3266 4570 ι
3300 4521 3398 4574 Die

151 4597 235 4665 τῆς
269 4599 511 4660 πίστεως
555 4597 868 4666 κεκύρωται
925 4599 1193 4667 σύμϐολον
1231 4601 1424 4668 (ταῦτα
1464 4591 1718 4673 γὰρ’ὃροι

155 4689 237 4740 καὶ
263 4691 435 4754 θέσεις
477 4690 553 4752 ὠς
589 4690 805 4759 άληθῶς
840 4691 1262 4760 γνωριμώτεραί
1297 4709 1355 4745 τε
1396 4698 1489 4747 καὶ
1521 4695 1724 4747 ἀναπό-

152 4779 354 4851 δεικτοι)
385 4797 399 4810 ⁸
450 4785 635 4852 σιωπῇ
683 4783 782 4845 τὰς
828 4785 1008 4834 αὐτῶν
1048 4784 1384 4849 φιλονείκους
1439 4789 1723 4850 ἐνστάσεις

157 4872 466 4940 ἀνατρέπειν
502 4872 702 4941 μᾶλλον
732 4873 763 4942 η
799 4871 998 4939 λόγοις,
1025 4872 1148 4940 ἐμοὶ
1187 4874 1333 4926 δοκεῖ
1361 4876 1718 4945 δικαιότερον.

158 4960 208 5012 Ei
232 4962 283 5014 δέ
315 4981 400 5026 τις
429 4964 728 5026 ὲνίσταιτο,
775 4965 902 5028 τοὺς
949 4964 1126 5027 θείους
1159 4966 1410 5036 Πατέρας
1473 4967 1720 5036 συλλογι-

159 5057 296 5123 σμοῖ;
326 5057 594 5120 πολλάκις
618 5057 936 5128 χρωμένους
962 5059 1230 5128 παράγων
1249 5061 1304 5112 ἐν
1321 5063 1428 5124 τοῖς
1441 5061 1722 5126 τοιούτοις⁸

157 5147 242 5201 οὐκ
274 5151 337 5203 ἄν
385 5151 568 5219 ἔγωγε
617 5150 806 5219 καίρια
839 5153 1071 5218 φάσκειν
1116 5153 1358 5223 φήσαιμι
1405 5145 1612 5208 τοῦτονέ
1650 5157 1724 5208 Ob

159 5242 252 5309 γαρ
288 5241 372 5294 ἵνα
405 5241 681 5318 δείξωσιν,
720 5241 834 5294 οὗθ’
873 5242 900 5292 ὃ
954 5261 1005 5296 τι
1036 5243 1283 5314 ὲστὶήτὴν
1315 5243 1478 5312 φύσιν
1503 5247 1532 5298 ὁ
1563 5246 1720 5314 Θεὸς,

1829 4606 1986 4672 mihi,
2013 4606 2210 4676 inquit,
2243 4619 2354 4676 quo
2389 4613 2547 4674 pacto
2577 4605 2736 4660 Pater
2770 4615 2932 4659 natus
2963 4623 3069 4661 non
3103 4609 3192 4670 sit,
3222 4619 3275 4663 et
3298 4627 3402 4681 ego

1823 4709 2072 4754 naturam
2129 4699 2502 4770 generationis
2542 4699 2665 4753 Filii
2717 4698 3003 4768 explicabo
3055 4709 3109 4754 et
3160 4701 3403 4773 Spiritus

1822 4792 2269 4858 processionem;
2305 4801 2362 4846 et
2390 4793 2554 4847 ambo
2591 4793 2951 4858 insaniemus,
2987 4793 3041 4847 in
3071 4810 3270 4849 arcana
3305 4796 3401 4852 Dei

1823 4885 2074 4940 curiosos
2109 4885 2302 4940 oculos
2345 4885 2688 4941 inserentes:
2741 4885 2775 4938 ii
2810 4887 3136 4954 praesertim,
3171 4889 3264 4959 qui
3301 4906 3403 4946 nec

1825 4993 1891 5033 ea
1928 4994 2050 5048 qua:
2081 4987 2207 5033 ante
2241 4979 2409 5048 pedes
2435 4986 2585 5042 sunt,
2615 4977 2920 5048 intelligere
2951 4995 3262 5049 possumus,
3291 4999 3400 5037 non

1827 5085 2048 5124 arenam
2086 5069 2274 5134 maris,
2311 5085 2420 5122 non
2449 5076 2630 5139 guttas
2658 5069 2992 5138 pluviarum,
3024 5087 3126 5127 nec
3160 5074 3278 5127 dies
3305 5091 3404 5130 sa:-

1829 5158 1938 5212 euli
1969 5174 2296 5212 etunnerare
2325 5174 2338 5210 :
2383 5165 2594 5210 tantum
2629 5155 2809 5223 abest,
2841 5166 2901 5210 ut
2952 5157 3006 5212 in
3043 5159 3136 5215 Dei
3181 5161 3404 5228 profun-

1827 5249 2025 5304 ditates
2079 5250 2412 5305 descendere
2461 5258 2515 5303 et
2555 5249 2691 5304 adeo
2736 5248 3034 5306 inell'abilis
3086 5265 3296 5308 natura:
3346 5262 3403 5308 ct

1503 5385 1840 5449 Variorum
1880 5399 2062 5452 noue.

227 5520 332 5588 (84)
357 5519 602 5593 Basilius
614 5517 1084 5593 Magnus‘libgv,”
1105 5523 1366 5576 Adversus
1389 5523 1730 5593 Eunomium,

163 5594 218 5642 ad
237 5593 320 5643 illa
347 5591 544 5663 verba,
565 5591 820 5663 ΚΥΡΙΟΣ
841 5590 1090 5642 ΕΚΤΙΣΕ
1109 5593 1223 5663 ΜΕ,
1247 5595 1482 5663 Ἀνάγκη
1509 5597 1623 5659 οὖν,
1644 5590 1727 5650 in;

165 5664 289 5728 quit,
321 5665 398 5722 εἰς
427 5657 530 5729 τὴν
557 5661 954 5728 ἁνΟρωπότητα
1000 5662 1168 5714 αὑτοῦ
1202 5665 1363 5716 νοεῖν.
1389 5657 1554 5718 Εἴποι
1584 5657 1626 5718 6³
1661 5670 1726 5722 ἄν

166 5748 237 5804 ῖς
267 5735 359 5783 καὶ
391 5733 483 5804 τον
519 5729 837 5804 Σολομῶντα
858 5734 1002 5804 Δπερὶ
1045 5732 1142 5799 τῆς
1191 5735 1382 5799 σοφίας
1414 5738 1721 5804 εἰρηκέναι,

167 5797 222 5871 ἧς
259 5804 348 5854 καὶ
377 5803 405 5853 ὁ
440 5800 761 5862 ’Λπόστυλος
806 5797 1109 5869 μέμνηται,
1149 5797 1349 5855 εἰπών’
1387 5797 1574 5877 ἐπειδὴ
1613 5797 1718 5878 γὰρ

480 5900 753 5960 Pnnon.
797 5899 914 5959 (in.
962 5899 1260 5958 CXLVIII

1838 5537 1896 5588 ἐν
1926 5537 1994 5604 τῇ
2028 5536 2189 5604 σοεξίξι
2220 5531 2479 5604 τοῧεθεθῦ
2521 5532 2621 5585 οὐκ
2646 5534 2788 5600 ἔϊνω
2835 5531 3034 5604 κάείμοε
3066 5533 3153 5586 διὰ
3186 5535 3283 5604 τῆς
3313 5553 3403 5587 σθ’

1838 5607 1962 5671 (pix;
1985 5603 2084 5656 τὸν
2123 5606 2276 5656 Θεόν.
2315 5603 2563 5656 Fortasse
2599 5605 2662 5656 ad
2699 5621 2762 5657 ea
2815 5603 2978 5656 verba
3013 5603 3283 5674 Gregoras
3315 5622 3404 5659 re-

1835 5675 2032 5744 spexit.
2075 5675 2279 5726 BUH’IN.

1911 5747 2019 5814 (Si)
2055 5744 2278 5813 Gregor.
2314 5746 2442 5800 Nuz.
2477 5747 2723 5802 oratione
2753 5749 2785 5799 2
2825 5752 2889 5806 de
2923 5751 3076 5803 Filio.
3121 5748 3330 5802 Bomx.

3007 5915 3082 5944 ιγ)

3009 5937 3083 5972 τω
