4088 6602
502 354 614 419 715
792 350 868 424 [Α.
910 366 967 407 ιι.
1008 346 1254 421 ϐΒῦϐλΑυ
1295 345 1464 420 0849]

1715 348 2143 413 NICEPHORI
2183 351 2571 414 GiiEGOR/E

2854 347 2993 422 [nim
3032 361 3318 411 Attenuare.
3359 353 3495 428 rem]
3643 365 3734 430 ηδ

505 506 724 549 omnem
746 490 1013 547 rationem
1033 486 1348 560 superantis
1370 486 1638 544 rationem
1655 487 1891 545 reddere
1908 502 2064 560 quea-

2184 483 2299 541 οὗθ’
2327 488 2356 542 ὅ
2385 505 2437 543 τι
2489 489 2640 543 ἐστὶν
2680 488 2811 544 Υίοῦ
2844 486 3135 561 γέννησις,
3163 487 3280 547 οὗθ’
3305 493 3334 548 ὃ
3363 511 3415 548 τι
3441 496 3550 553 ἐστὶ
3581 500 3733 562 Πνιύ·

506 570 689 639 ιηιιε.›’
713 583 791 638 Ac
821 571 983 653 paulo
1016 591 1140 653 post
1173 581 1395 644 iterum,
1444 580 1763 636 adversario
1799 588 2080 651 quaerente

505 675 784 746 specimen
842 686 895 731 et
937 673 1379 738 similitudinem,
1431 688 1535 739 ac,
1593 695 1611 726 ι
1657 671 1731 727 Da
1783 673 1940 740 mihi,
1996 673 2080 727 in-

505 767 754 839 quiente,
789 780 856 822 ex
891 766 1086 822 eodem
1125 766 1323 836 partim
1356 765 1578 831 Filium,
1611 768 1811 837 partim
1848 782 1959 821 non
1994 766 2085 822 Fi-

504 863 666 926 lium,
707 859 908 915 deinde
946 869 1003 915 et
1044 859 1296 914 eamdem
1344 860 1747 925 substantiam;
1797 876 1862 914 ac
1906 860 2079 915 Deum

502 956 562 1012 et
586 954 758 1011 Deum
794 954 1106 1019 admittam,
1135 971 1154 1005 ι
1191 952 1519 1021 respondet:
1556 971 1577 1005 ι
1611 953 1743 1007 Dato
1764 960 1822 1007 et
1850 961 1907 1008 tu
1938 952 2079 1009 mihi

502 1048 675 1102 Deum
713 1046 879 1123 alium
916 1056 972 1101 et
1003 1054 1261 1101 naturam
1303 1045 1438 1112 Dei;
1476 1054 1533 1101 et
1555 1061 1656 1117 ego
1694 1045 1792 1102 tibi
1824 1047 2076 1103 eamdem

502 1136 830 1195 Trinitatem
859 1138 1025 1204 dabo,
1056 1152 1181 1194 cum
1230 1138 1423 1194 iisdem
1457 1148 1515 1195 et
1546 1138 1866 1195 nominibus
1907 1148 1964 1195 et
1990 1154 2080 1194 re-

388 1235 390 1237 ’
501 1231 629 1286 bus.
666 1231 722 1285 Si
757 1246 891 1285 vero
926 1245 1071 1287 unus
1100 1240 1185 1287 est
1209 1230 1376 1295 Deus,
1415 1245 1521 1284 una
1552 1244 1810 1318 suprema
1839 1240 2075 1286 natura:

501 1322 649 1378 unde
686 1323 784 1378 tibi
813 1323 1041 1379 alteram
1075 1320 1579 1379 similitudinem?»
1619 1323 1713 1379 Est
1736 1326 1882 1379 enim
1918 1326 2077 1380 valde

499 1423 681 1484 turpe.
708 1428 810 1468 nec
840 1415 1003 1470 modo
1036 1422 1217 1483 turpe,
1246 1414 1341 1469 sed
1364 1424 1420 1470 et
1444 1415 1871 1484 perabsurdum,
1900 1432 1967 1472 ex
1992 1418 2079 1472 in-

498 1505 798 1562 ferioribus
827 1508 1176 1577 superiorum
1209 1517 1396 1576 petere
1432 1508 1747 1578 imaginem,
1797 1520 2073 1566 eteorum

497 1615 620 1672 qua:
668 1600 895 1656 immota
932 1611 1059 1656 sunt
1107 1614 1173 1656 ex
1211 1602 1279 1655 iis
1307 1616 1431 1672 quae
1475 1601 1621 1656 ﬂuxa
1649 1608 1705 1656 et
1743 1600 1972 1668 caduca,
2018 1611 2075 1658 et

495 1692 641 1763 quod
672 1693 834 1747 Isaias
864 1692 960 1755 ait,
987 1691 1226 1747 viventia
1258 1694 1311 1746 in
1339 1694 1576 1748 mortuis
1603 1693 1909 1763 requirere.
1933 1694 2076 1761 Qua-

493 1791 727 1854 propter
780 1782 944 1838 etiam
999 1783 1129 1837 alibi
1187 1784 1300 1840 ait:
1361 1802 1380 1837 ι
1416 1783 1561 1839 Intra
1616 1787 1820 1842 limites
1856 1798 2073 1843 nostros

495 1872 660 1946 514
679 1874 1040 1930 consistentes
1064 1873 1367 1944 ingenitum
1391 1877 1706 1947 etgenitum
1730 1879 2064 1945 inducimus,

493 1973 552 2021 et
582 1966 636 2019 id
669 1966 813 2036 quod
846 1980 876 2021 e
908 1966 1071 2021 Patre
1102 1967 1368 2035 procedit,
1413 1979 1474 2022 ut
1506 1970 1624 2038 ipse
1655 1971 1799 2026 Deus
1846 1981 1905 2027 et
1936 1970 2072 2027 Ver-

493 2059 626 2114 bum
657 2059 756 2115 ait.
782 2079 800 2111 ι
835 2058 961 2114 Haec
982 2058 1152 2131 igitur
1181 2061 1303 2130 ejus
1333 2069 1484 2126 sunt,
1509 2077 1616 2116 non
1646 2063 1737 2132 qui
1770 2065 2071 2119 asserendo

495 2151 838 2206 constituere
874 2150 1025 2217 velit,
1068 2150 1201 2221 quid
1242 2152 1359 2206 haec
1398 2152 1529 2215 sint,
1562 2154 1655 2207 sed
1684 2155 1823 2225 ejus,
1862 2155 1953 2223 qui
1985 2170 2071 2209 re.

493 2241 662 2313 pellat
700 2249 755 2297 et
804 2240 1080 2297 deterreat
1111 2254 1230 2307 eos,
1266 2243 1359 2313 qui
1397 2252 1601 2299 temere
1649 2246 1717 2300 ad
1756 2245 2070 2317 liujusmodi

492 2334 826 2390 assertiones
871 2333 1218 2406 confugiunt.
1271 2330 1624 2405 Ecquomodo
1675 2346 1862 2392 autem
1910 2339 2071 2395 aliter

492 2426 716 2490 sentiat,
753 2424 847 2495 qui
894 2442 965 2480 ne
995 2426 1260 2481 vocabula
1287 2426 1512 2497 quidem
1563 2427 1657 2484 Dei
1691 2438 1903 2485 naturae
1937 2447 2071 2487 con-

492 2517 745 2587 gruentia
797 2515 1029 2584 reperiri
1086 2515 1157 2571 ab
1209 2516 1528 2574 hominibus
1575 2535 1735 2590 posse
1790 2521 2070 2577 aiiirmat?

491 2607 604 2662 Res
636 2606 783 2662 enim
839 2606 1054 2662 divinas
1092 2607 1301 2662 nostris
1336 2611 1674 2676 nominibus,
1703 2620 1758 2665 ut
1787 2613 1936 2675 licet,
1974 2628 2068 2668 ex-

489 2696 802 2768 primimus.
829 2697 997 2753 «Nam
1014 2698 1059 2753 si
1088 2700 1142 2752 in
1165 2698 1254 2764 iis,
1279 2678 1476 2769 inquit.
1508 2716 1630 2770 quae
1658 2701 2065 2772 intelliguntur,

492 2806 558 2847 ea
586 2805 709 2862 quae
752 2789 1005 2845 intimum
1049 2790 1229 2847 locum
1264 2791 1533 2856 obtinent,
1577 2809 1776 2865 nempe
1825 2795 1971 2867 ψυχή
2012 2805 2068 2852 et

490 2880 673 2949 λόγος,
725 2880 965 2951 propriis
1020 2881 1338 2936 nominibus
1388 2891 1577 2936 carent
1639 2884 1865 2957 (etenim
1916 2886 2063 2957 ψυχή

491 2972 732 3028 femineo
782 2972 1003 3028 nomine
1037 2973 1366 3043 appellatur,
1420 2990 1546 3029 cum
1586 2991 1650 3030 ea
1703 2978 1823 3047 ejus
1870 2987 2066 3033 natura

491 3078 603 3127 non
638 3065 732 3127 sit,
762 3075 818 3118 et
855 3064 1014 3132 λόγος
1046 3065 1376 3132 masculino,
1403 3066 1505 3120 etsi
1540 3065 1664 3137 ejus
1696 3080 1805 3120 non
1843 3067 1914 3121 sit
1948 3082 2064 3121 ma-

2190 592 2362 646 ματος
2413 576 2572 646 ἁγίου
2622 579 2971 650 ἐκπόρευσις,
3023 579 3143 634 ἀλλ’
3196 582 3282 637 ίνα
3335 584 3531 656 μᾶλλον
3581 593 3733 659 ἄλλως

2185 669 2455 738 ἐπίσχωσι
2497 672 2626 736 τοὺς
2665 671 2916 734 ἀτάκτως
2955 674 3024 744 τῇ
3076 670 3329 748 θεολογίᾳ
3364 677 3733 752 ἐπιπηδῶντας,

2184 760 2251 815 Εί
2284 760 2331 814 δ’
2360 761 2476 828 οὖν,
2508 763 2720 832 λεγέτω
2757 764 2852 835 μοί
2895 781 2981 829 τις
3013 766 3326 837 παρελθὼν,
3362 771 3416 823 τί
3446 769 3737 843 βουλόμενος

2182 855 2210 907 ὁ
2251 846 2426 924 μέγας
2457 856 2515 911 ἐν
2549 857 2801 928 θεολογίᾳ
2843 857 3148 931 Γρηγόριος
3189 860 3735 936 οὑτωσΓσχηματίζει

2182 946 2274 1001 τὸν
2305 947 2463 1017 λόγον
2493 948 2629 1016 πρῦς
2676 952 2802 1014 τοὺς
2836 950 3132 1019 ἐριστικῶς
3173 954 3495 1024 ἐρωτῶντας
3527 959 3642 1030 περί
3682 976 3735 1015 τε

2179 1033 2280 1099 τῆς
2318 1034 2412 1088 τοῦ
2448 1034 2577 1091 Υίοῦ
2606 1037 2917 1107 γεννήσεως
2944 1038 3041 1092 καὶ
3071 1039 3173 1109 τῆς
3209 1036 3303 1095 τοῦ
3343 1042 3496 1110 ἁγίου
3514 1045 3736 1117 Πνεῦμα·-

2179 1143 2270 1191 τος
2303 1126 2680 1198 ἐκπορεύσεως
2701 1143 2718 1159 ο
2771 1147 2791 1181 ι
2825 1128 2960 1183 Βίπέ
2992 1146 3107 1201 μοι,
3148 1146 3183 1183 ιλ
3204 1122 3430 1201 φάσὶιων
3462 1135 3591 1204 (86),
3625 1155 3643 1189 ι
3678 1140 3732 1194 σὺ

2180 1216 2281 1291 τὴν
2306 1219 2634 1289 ἀγεννησίαν
2660 1216 2754 1272 τοῦ
2783 1219 3047 1290 Πατέρος,
3084 1219 3240 1289 κάγὼ
3267 1221 3365 1292 τὴν
3394 1222 3638 1293 γέννησιν
3653 1225 3735 1280 τοῦ

2181 1310 2311 1365 Υίοῦ
2330 1311 2707 1383 φυσιολογήσω
2730 1312 2821 1366 καὶ
2844 1310 2941 1383 τὴν
2966 1312 3299 1380 ἐκπόρευσιν
3315 1314 3409 1367 τοῦ
3429 1311 3741 1384 Ποσεύματος,

2180 1401 2275 1456 καὶ
2302 1401 2831 1473 παραπληκτίσομεν
2861 1401 3050 1473 ἄμφω,
3082 1404 3163 1465 είς
3186 1402 3324 1458 Θεοῦ
3355 1406 3622 1477 μυστήρια
3649 1424 3741 1460 πα-

2179 1491 2552 1564 ρακύπτοντες
2572 1508 2587 1523 ·
2630 1494 2727 1546 καὶ
2755 1490 2929 1546 ταῦτα
2959 1493 3135 1559 τίνεςς
3163 1493 3228 1547 Oi
3255 1494 3391 1566 μηδὲ
3416 1494 3484 1548 τὰ
3511 1496 3567 1548 ἐν
3599 1497 3742 1552 ποσὶν

2176 1586 2381 1640 ειδέναι
2411 1585 2723 1654 δυνάμενοι,
2757 1584 2894 1654 μηδὲ
2930 1582 3159 1655 ψάμμον
3187 1585 3476 1640 θαλασσῶν
3507 1589 3594 1641 καὶ
3623 1605 3740 1644 στα-

2177 1678 2347 1747 γόνας
2373 1676 2531 1731 ὑετοῦ
2564 1676 2659 1730 καὶ
2695 1678 2910 1747 ἡμέρας
2960 1676 3303 1751 αίῶνος
3325 1678 3741 1750 ἐξαριθμεῖσθαι,

2180 1770 2255 1842 μὴ
2283 1771 2365 1825 ὅτι
2390 1786 2452 1839 γε
2477 1768 2613 1824 Θεοῦ
2634 1770 2852 1841 βάθεσιν
2887 1770 3221 1839 ἐμϐατεύειν
3250 1773 3344 1825 καὶ
3363 1772 3520 1843 λόγον
3540 1773 3743 1845 ὑπέχειν

2175 1866 2275 1934 τῆς
2316 1862 2489 1927 οὕτως
2533 1864 2778 1936 ἀρρήτου
2823 1867 2913 1918 καὶ
2953 1864 3094 1936 ὑπὲρ
3125 1864 3283 1932 λόγον
3315 1865 3551 1934 φύσεως.
3591 1886 3609 1920 ι
3647 1869 3745 1923 Καὶ

2178 1959 2297 2028 μετ’
2322 1958 2479 2026 ὀλίγα
2512 1957 2694 2021 πάλιν,
2727 1957 2821 2012 τοῦ
2855 1959 3100 2013 ἐναντίου
3135 1960 3427 2028 ζητοῦντος
3459 1961 3745 2031 ὑπόδειγμα

2174 2054 2267 2103 καὶ
2299 2051 2558 2120 ὁμοίωσιν
2587 2052 2703 2114 καὶ,
2736 2070 2754 2103 ι
2781 2051 2879 2114 Δός
2904 2068 3018 2121 μοι,
3045 2071 3064 2105 ι
3099 2051 3371 2120 λέγοντος,
3406 2072 3427 2105 ε
3462 2053 3525 2106 ἐκ
3541 2053 3627 2107 τοῦ
3654 2052 3744 2107 αὐ-

2172 2137 2266 2191 τοῦ
2301 2138 2358 2189 τὸ
2389 2136 2490 2207 μὲν
2535 2137 2686 2202 Υίδν,
2715 2136 2776 2190 τὸ
2807 2136 2861 2191 δέ
2893 2138 2989 2210 οὐχ
3006 2138 3158 2205 Υίὸν,
3190 2135 3308 2193 εἶτα
3340 2141 3620 2209 όμοούσια,
3659 2139 3746 2199 καὶ

2173 2230 2545 2301 δέχομαιθεὺν
2572 2230 2667 2283 καὶ
2692 2229 2846 2296 Θεὸν,
2888 2250 2906 2283 ι
2946 2233 3305 2302 ἀποκρίνεται
3342 2231 3553 2301 λέγων’
3587 2252 3606 2287 ι
3650 2232 3741 2295 Δός

2176 2341 2269 2396 μοι
2321 2324 2414 2376 καὶ
2450 2323 2515 2376 σὺ
2537 2321 2672 2377 Θεὸν
2713 2322 2872 2378 ἄλλον
2904 2324 3000 2378 καὶ
3049 2325 3211 2395 φύσιν
3254 2324 3416 2391 Θεοῦ,
3474 2326 3564 2381 καὶ
3599 2325 3741 2382 δώσω

2175 2434 2255 2471 σοι
2313 2416 2413 2485 τὴν
2454 2416 2624 2487 αὐτὴν
2669 2416 2875 2486 Τριάδα
2936 2419 3075 2488 μετᾶ
3110 2418 3220 2472 τῶν
3254 2418 3440 2473 αὐτῶν
3476 2418 3742 2490 ὀνομάτων

2172 2524 2231 2560 τε
2282 2506 2378 2559 καὶ
2439 2505 2802 2574 πραγμάτων.
2867 2505 2932 2560 Et
2984 2505 3042 2560 δέ
3105 2502 3186 2571 εἷς
3251 2507 3387 2571 Θεὸς
3440 2509 3537 2579 μία
3586 2507 3738 2579 φύσις

2172 2598 2205 2669 ἡ
2238 2596 2522 2660 ἀνωτάτω,
2555 2598 2720 2652 πόθεν
2754 2598 3094 2669 παραστήσω
3141 2616 3224 2652 σοι
3263 2600 3366 2670 τὴν
3395 2600 3676 2671 δμοίωσινς
3713 2618 3732 2654 ι

2170 2691 2308 2745 Δίαν
2352 2690 2461 2762 γὰρ
2516 2690 2779 2762 αἰσχρὸν,
2810 2690 2907 2749 καὶ
2945 2691 3049 2744 οὐκ
3096 2691 3319 2763 αίσχρὸν
3376 2692 3571 2762 μόνον,
3616 2691 3739 2748 ἀλλά

2170 2784 2267 2839 καὶ
2329 2785 2561 2855 μάταιον
2618 2782 2917 2849 ἐπιεικῶς,
2976 2784 3041 2837 ἐκ
3093 2785 3203 2838 τῶν
3264 2786 3423 2838 κάτω
3478 2785 3584 2838 τῶν
3638 2784 3740 2840 ἀνω

2168 2878 2269 2948 τὴν
2309 2876 2558 2931 εἰκασίαν
2598 2876 2922 2945 λαμϐάνειν,
2962 2877 3057 2930 καὶ
3102 2876 3212 2928 τῶν
3233 2877 3511 2949 ἀκινήτων
3552 2879 3613 2930 ἐκ
3649 2876 3739 2945 τῆς

2172 2969 2406 3041 ῥευστῆς
2434 2969 2671 3039 φύσεως,
2706 2971 2827 3033 καὶ,
2856 2969 2885 3023 δ
2913 2986 3078 3039 φησιν
3123 2968 3376 3034 Ἡσαΐας,
3409 2970 3739 3040 ἐκζητεϊσοαι

2167 3064 2237 3115 τὰ
2272 3062 2449 3127 ζῶντα
2473 3063 2530 3115 ἐν
2559 3064 2670 3125 τοῖς
2701 3066 2936 3132 νεκροῖς.
2968 3063 3066 3115 Διά
3087 3062 3246 3116 τοῦτο
3268 3064 3361 3116 καὶ
3390 3062 3615 3132 ἀλλαχοῦ
3645 3076 3738 3133 τρη-

490 3156 641 3213 scula
669 3165 885 3229 natura)
914 3173 930 3223 ;
961 3173 1023 3211 ea
1052 3154 1415 3222 intellectilia,
1455 3173 1575 3228 qum
1601 3159 1848 3213 omnium
1884 3160 2059 3228 prima

2172 3172 2255 3207 σιν
2279 3172 2293 3187 ·
2329 3172 2347 3206 ι
2372 3154 2494 3208 Ἐπὶ
2542 3155 2651 3207 τῶν
2700 3155 2991 3225 ἡμετέρων
3026 3155 3169 3226 ὅρων
3209 3155 3323 3228 (88)
3361 3156 3639 3224 ἱστάμενοι
3681 3154 3739 3208 τὸ

486 3257 615 3304 sunt
647 3258 703 3303 et
731 3264 947 3303 omnem
982 3246 1322 3305 intellectum
1352 3258 1635 3319 superant,
1674 3252 1916 3321 propriis
1961 3269 2056 3322 ap-

487 3340 676 3420 pellari
706 3341 1026 3395 nominibus
1073 3340 1352 3411 quomodo
1382 3342 1819 3399 allinnabimus?
1871 3364 1889 3397 ι
1923 3344 2059 3402 Cum

485 3432 653 3505 igitur
684 3442 849 3487 tanta:
872 3443 928 3488 et
962 3432 1248 3488 notionum
1280 3448 1335 3489 et
1359 3434 1789 3511 appellationqu
1824 3436 2063 3492 tenebrae

483 3532 690 3581 nostra:
726 3525 896 3579 menti
926 3524 1308 3588 oﬂ'undantur,
1360 3526 1490 3596 quis
1534 3520 1848 3583 ratiocinari
1890 3529 1942 3582 in
1972 3528 2062 3585 his

485 3619 686 3691 queat?
723 3619 878 3687 Quod
919 3620 1012 3690 qui
1039 3630 1289 3683 conatur,
1333 3619 1586 3674 bifariam
1631 3631 1838 3692 peccat.
1873 3619 2060 3691 Neque

483 3712 631 3768 enim
650 3712 844 3766 borum
861 3711 1159 3782 quidquam
1172 3712 1345 3777 novit,
1369 3713 1641 3783 simulque
1657 3727 1719 3767 ea
1735 3729 1792 3768 se
1809 3714 2061 3783 ignorare

484 3802 722 3873 ignorat.
748 3802 851 3867 Qui
889 3812 1072 3856 autem
1100 3803 1338 3873 ignorat,
1368 3804 1589 3873 quando
1614 3816 1667 3859 et
1694 3805 1785 3858 ubi
1809 3813 2059 3874 Oporteat

484 3896 828 3960 ratiocinari,
854 3909 923 3949 ne
943 3903 1057 3949 tum
1080 3895 1299 3964 quidem
1321 3911 1446 3950 cum
1468 3897 1907 3952 ratiocinandum
1929 3898 2056 3962 erit,

483 4001 549 4041 ea
567 4002 686 4055 quae
704 3994 923 4056 Oportet
944 3997 1108 4056 atque
1127 4001 1194 4041 eo
1218 3986 1379 4040 modo
1400 4002 1510 4057 quo
1530 3998 1747 4059 oportet
1767 4004 2061 4061 argumen-

484 4078 652 4131 tando
677 4078 990 4133 coneludet.
1019 4078 1176 4146 Quod
1199 4078 1303 4133 etsi
1336 4076 1568 4133 fortasse
1594 4088 1839 4149 praestet,
1874 4090 2057 4138 tamen

481 4181 738 4241 suspecta
791 4172 898 4226 erit
931 4170 1285 4233 audientibus
1329 4172 1449 4241 ejus
1484 4176 1678 4238 oratio,
1712 4175 1804 4243 qui
1837 4190 1964 4229 eum
1999 4187 2059 4230 ut

479 4263 784 4333 simplicem
804 4274 861 4318 et
885 4276 1157 4319 amentem
1185 4265 1353 4319 semel
1381 4265 1731 4335 reprobatum
1757 4266 2054 4324 carebunt.

479 4353 755 4409 Fortassis
782 4357 946 4410 etiam
981 4357 1157 4410 sancti
1184 4356 1260 4410 illi
1298 4357 1486 4412 Patres
1519 4357 1823 4413 istiusmodi
1858 4358 2055 4413 absur-

480 4446 578 4502 das
623 4449 1007 4503 contentiones
1040 4432 1259 4504 silentio
1291 4467 1518 4519 prorsus
1550 4438 1905 4521 repulissent,
1944 4452 2050 4508 nisi

2167 3248 2461 3317 ἀγέννητον
2478 3245 2775 3315 εἰσάγομεν
2801 3246 2897 3299 καὶ
2920 3246 2983 3299 τὸ
3017 3246 3313 3316 γεννητόν·
3348 3245 3444 3301 καὶ
3479 3247 3536 3299 τὸ
3562 3248 3623 3299 ἐκ
3646 3242 3730 3297 τοῦ

2162 3340 2373 3411 Πατρδς
2413 3340 2872 3409 ἐκπορευόμενον,
2912 3337 2987 3404 ὥς
3014 3354 3182 3409 φησιν
3225 3338 3395 3402 αὖ.δς
3424 3341 3460 3394 ὁ
3488 3338 3618 3403 Θεὸς
3647 3337 3737 3393 καὶ

2159 3433 2351 3501 Λόγος.
2400 3450 2419 3484 ι
2462 3431 2647 3486 Ταῦτα
2698 3431 2763 3503 δὴ
2808 3433 2991 3485 τοίνυν
3034 3434 3093 3487 οῦ
3130 3432 3375 3495 θέλοντός
3421 3433 3538 3487 ἐστι
3583 3444 3741 3485 κατα·

2163 3526 2453 3590 σκευάζειν
2502 3527 2531 3579 ὃ
2588 3544 2641 3578 τι
2674 3525 2797 3578 ἐστὶ
2828 3524 3020 3591 ταῦτα,
3057 3525 3173 3580 ἀλλ’
3223 3524 3632 3588 aversatio-ivro:
3648 3521 3738 3577 καὶ

2160 3619 2568 3686 ἀποτρέποντος
2596 3620 2723 3681 τοὺς
2752 3618 2967 3686 ἀλόγως
2999 3617 3080 3680 είς
3108 3618 3366 3682 τοιαύτας
3401 3616 3736 3678 κατασκευὰς

2160 3710 2630 3780 καταφεύγοντας.
2663 3711 2786 3776 Πῶς
2808 3713 2949 3782 reip;
2972 3709 3034 3774 ὃς
3056 3710 3165 3764 οὐδ’
3188 3711 3437 3781 ὀνόματα
3470 3710 3558 3778 (89
3563 3726 3582 3781 )
3609 3725 3737 3779 φησι

2160 3806 2508 3877 προσήκοντα
2539 3803 2699 3874 φύσει
2717 3802 2853 3857 Θεοῦ
2879 3804 2994 3868 τοῖς
3020 3803 3330 3873 ἀνθρώποις
3364 3804 3512 3856 ἔστιν
3539 3801 3731 3872 εὑρεῖν.

2159 3899 2245 3973 [Ρ.
2272 3898 2401 3971 517]
2436 3897 2810 3968 Ὀνομάζομεν
2841 3895 2970 3968 γὰρ,
2998 3895 3074 3961 ὠς
3102 3898 3236 3967 ἡμῖν
3262 3896 3511 3967 ἐφικτὸν,
3542 3897 3606 3949 ἐκ
3634 3892 3736 3946 τῶν

2156 3992 2449 4064 ἡμετέρων
2477 3993 2543 4045 τὰ
2563 3991 2658 4045 τοῦ
2688 3989 2849 4046 Θεοῦ.
2881 4010 2899 4044 ι
2936 3986 3000 4045 Ei
3036 3992 3143 4063 γὰρ
3167 3990 3278 4043 τῶν
3290 3989 3506 4069 ¹νοητῶν
3532 3986 3732 4060 (φησὶν)

2157 4089 2365 4159 ἔσχατα
2403 4087 2551 4158 ψυχὴ
2603 4084 2700 4139 καὶ
2744 4085 2902 4152 λόγος
2948 4084 3141 4155 κύριον
3181 4083 3241 4136 οὐ
3293 4083 3592 4154 κέκτηνται
3622 4075 3737 4132 τοῦ·

2156 4199 2329 4248 νομα·
2365 4181 2512 4252 ψυχὴ
2546 4181 2645 4251 μὲν
2676 4180 2785 4249 γὰρ
2817 4178 3048 4248 ὀνόματι
3082 4177 3303 4249 θηλυκῷ
3339 4172 3734 4247 προσαγορεύει·

2156 4290 2270 4338 τιι,
2302 4273 2559 4342 τοιαύτην
2598 4271 2699 4322 οὐκ
2732 4268 2934 4339 ἔχουσα
2965 4268 3151 4337 φύσιν,
3194 4268 3287 4321 καὶ
3316 4268 3345 4320 ὁ
3380 4268 3538 4334 λόγος
3568 4263 3614 4318 δ’
3639 4262 3732 4334 ἆῤ·

2159 4366 2312 4434 ρενος
2352 4363 2563 4431 φύσεως
2591 4363 2792 4434 ἥκιστα
2817 4360 2891 4415 ὣν
2928 4361 3225 4432 ἁρῤενικδν
3252 4359 3346 4412 καὶ
3382 4359 3545 4421 αὐτὸς
3580 4354 3732 4425 ἐκτή-

2160 4474 2290 4510 σατο
2336 4456 2614 4525 τοῦνομα·
2656 4455 2705 4506 εί
2740 4453 2834 4507 οῦν
2878 4452 3053 4506 ταῦτα
3100 4451 3289 4523 κύριον
3333 4453 3394 4503 οὐ
3452 4451 3733 4520 κέκτηνται

478 4539 637 4593 inviti
658 4556 752 4593 eas
770 4540 1012 4594 refutare
1037 4544 1206 4595 coacti
1229 4550 1432 4604 essent,
1458 4558 1580 4596 cum
1609 4545 1891 4613 populum,
1916 4558 2054 4598 non-

2168 4549 2413 4619 τοῦνομα,
2442 4550 2558 4611 πῶς
2586 4547 2652 4601 ἂν
2676 4547 2745 4600 τὰ
2776 4546 2968 4616 πρῶτα
2994 4546 3089 4599 καὶ
3115 4546 3332 4599 πάντων
3355 4543 3610 4597 ἐπέκεινα
3632 4540 3732 4593 τῶν

477 4630 607 4688 dum
631 4632 789 4704 515
822 4635 876 4688 in
902 4634 1005 4688 ﬁde
1031 4635 1331 4717 stabiliturn
1360 4651 1463 4690 nec
1491 4637 1671 4690 omnis
1690 4637 2051 4693 dubitationis

475 4736 783 4795 expertem,
837 4726 974 4780 alias
1020 4726 1146 4780 aliis
1195 4726 1360 4781 sectis
1413 4728 1834 4783 suborientibus
1890 4729 2050 4785 facile

478 4815 763 4870 adlimrere
808 4818 1099 4879 vidissent.
1137 4817 1297 4872 Nunc
1340 4828 1524 4873 autem
1580 4834 1704 4873 cum
1754 4820 2053 4877 multitudo

478 4906 551 4959 ita
578 4897 898 4961 coniiﬁnata
929 4908 1061 4963 etin
1100 4908 1203 4963 tlde
1227 4907 1401 4964 deﬁxa
1436 4910 1528 4972 sit,
1562 4918 1622 4965 ut
1644 4911 1773 4965 ferri
1799 4921 2051 4966 naturam

479 4997 696 5052 lat-ilius
728 5006 931 5065 mutes,
964 5016 1129 5070 quam
1164 5016 1261 5056 eos
1306 5003 1587 5071 paululum
1623 5018 1653 5056 a
1689 5004 1882 5072 patriis
1916 5005 2051 5074 dog-

475 5090 718 5143 matibus
764 5091 1006 5147 abducas
1041 5112 1051 5145 :
1088 5094 1219 5164 quid
1268 5110 1410 5165 opus
1452 5105 1539 5151 est
1587 5095 2051 5164 disputationibus

477 5180 613 5237 nihil
642 5183 986 5252 profuturis?
1019 5184 1090 5243 Ut
1114 5187 1260 5242 enim
1294 5196 1351 5243 et
1391 5185 1509 5257 ipse
1538 5187 1784 5257 Apostoli
1819 5188 2006 5244 verbis
2030 5188 2047 5220 ‘

554 5354 570 5385 ³
607 5351 776 5408 Rmu:
800 5367 913 5416 vnt,
948 5353 1032 5406 9.’

2156 4642 2365 4712 νοητῶν
2392 4640 2557 4711 νοητὰ
2586 4638 2794 4709 κυρίοις
2820 4640 3080 4706 ὀνόμασιν
3108 4635 3509 4711 ἐπικεκλῆσθαι
3540 4635 3731 4703 φήσαι·
3764 4653 3775 4657 -

2161 4746 2296 4801 μεν;
2342 4749 2368 4783 αι
2403 4730 2680 4800 Τοσαύτης
2720 4728 2902 4782 τοίνυν
2945 4726 3141 4789 νυκτὸς
3188 4723 3628 4797 ἐπιπροσθούσης
3669 4721 3730 4789 τῇ

2157 4820 2407 4893 ἡμετέρᾳ
2457 4818 2668 4891 διανοίᾳ
2711 4818 2819 4871 τῶν
2863 4835 2921 4871 τε
2970 4817 3256 4886 νοημάτων
3287 4816 3383 4870 καὶ
3437 4814 3729 4885 ὀνομάτων,

2154 4912 2241 4976 τίς
2280 4912 2346 4966 ἂν
2373 4913 2433 4964 ἐν
2461 4916 2674 4972 τούτοις
2707 4909 3118 4978 συλλογίζεσθαι
3151 4907 3404 4980 δυνηθείη
3433 4924 3449 4973 ;
3478 4905 3539 4960 Ei
3571 4905 3624 4958 δέ
3653 4919 3729 4966 τις

2155 5002 2484 5075 ἐπιχειροίη,
2535 5001 2741 5066 διπλῶς
2786 5001 3115 5073 ἁμαρτάνει.
3167 5000 3308 5054 Οὔτε
3357 4999 3469 5070 γὰρ
3506 4992 3643 5052 οἶδεν
3677 4996 3729 5049 ἐν

2160 5096 2374 5160 τούτοις
2398 5095 2554 5149 οὐδὲν
2582 5096 2679 5149 καὶ
2709 5096 2824 5165 ἅμα
2851 5092 3078 5164 λέληθεν
3108 5093 3303 5147 ἐαυτὸν
3331 5092 3432 5146 οὐκ
3464 5090 3636 5153 εἰδώς.
3676 5088 3729 5140 '0

2155 5189 2203 5243 δ’
2233 5189 2336 5244 οὐκ
2363 5187 2519 5253 είδὼς
2549 5189 2640 5244 ὅτε
2675 5188 2759 5242 δεί
2784 5188 2879 5243 καὶ
2909 5188 3016 5258 ὅπη
3049 5185 3132 5241 δεῖ
3158 5183 3594 5254 συλλογίζεσθαι,
3625 5178 3726 5233 οὐτ’

672 5481 693 5529 Ι
1823 5443 2163 5503 Variorum
2194 5452 2382 5507 notae.

542 5552 656 5622 (86)
706 5550 939 5623 Gregor.
996 5546 1130 5605 Naz.
1182 5547 1434 5603 oratione
1487 5548 1555 5604 de
1588 5547 1794 5618 Spiritu
1830 5558 2047 5601 sancto.

472 5627 805 5767 Βοξῖςιῧόξεε
834 5691 1039 5767 sectili,
1082 5706 1212 5754 non,
1239 5696 1301 5767 ut
1340 5689 1594 5767 yertebat
1628 5687 1881 5753 Wolﬁus,
1903 5698 2053 5767 (νιετ-

482 5760 681 5820 uitatis.
733 5764 868 5819 Nam
921 5763 1028 5818 dies
1071 5760 1385 5823 (Btcrttitalt's
1428 5775 1717 5813 numerare
1742 5776 1849 5813 non
1879 5760 2050 5826 magis

474 5836 634 5897 facile
661 5844 766 5899 est,
791 5849 954 5899 quam
984 5835 1039 5888 in
1070 5833 1163 5888 Dei
1186 5831 1449 5901 orofmula
1473 5831 1804 5884 descendere.
1838 5829 2045 5883 lloms.

2225 5548 2337 5621 (88)
2378 5547 2611 5622 Grcam.
2678 5547 3124 5606 Nn.-oratione
3182 5552 3357 5621 prima
3438 5548 3508 5607 de
3572 5547 3719 5606 Filio.

2149 5619 2600 5814 Ξοξέθῗᾟῑεδεέ.
2659 5686 2783 5749 tiu.
2827 5689 2889 5746 ad
2942 5690 3236 5763 Evagrium
3298 5691 3366 5747 de
3414 5669 3720 5746 Divitiitate.

2193 5776 2363 5814 omn.

2193 5776 2363 5815 0|\'|N.
