4088 6598
472 364 580 428 719
725 359 799 432 [Α.
832 377 888 417 ιι.
924 358 1156 417 6836Αυ
1185 356 1353 433 6849]
1404 344 1415 353 ‘

1675 360 2100 425 NICEPHORI
2135 361 2522 426 GREGORE

2847 359 2985 435 [nm
3036 375 3314 419 AllDBONlC.
3343 360 3485 437 ius]

3614 370 3712 437 79.0

469 500 601 555 dum
637 517 653 555 :
691 498 826 555 item
879 514 950 554 ne
1003 499 1073 553 iis
1116 513 1241 568 qua:
1266 499 1662 555 enconiiastice
1705 500 1852 555 dicta
1900 504 2051 561 sunt,

2168 502 2255 556 καὶ
2293 492 2452 559 τοῦτο
2489 500 2696 576 χρεὼν,
2730 502 2807 568 ὡς
2847 504 2945 574 οὐχ
2989 502 3177 569 ἁπλῶς
3220 503 3342 558 οὐδὲ
3386 506 3506 560 καθ’
3531 506 3620 562 ἕνα
3659 525 3716 579 γι

470 609 572 665 pro
592 594 807 663 legibus
833 600 1074 648 utamur.
1103 592 1239 648 Nam
1260 590 1617 648 laudantibus
1642 607 1734 647 ars
1759 592 1876 663 ipsa
1899 586 2069 663 quid-i

470 687 556 742 vis
604 686 825 742 dicendi
858 686 1142 742 licentiam
1191 685 1367 741 dedit.
1401 684 1536 752 Quae
1573 701 1703 740 vcro
1744 685 2066 771 dogmaticeI

468 790 527 835 et
568 778 912 834 sententiose
956 776 1246 832 enuntiata
1282 785 1435 839 sunt,
1469 777 1537 831 iis
1581 776 1802 831 demum
1840 784 2052 830 rectum

468 881 525 929 et
557 881 734 928 tutum
761 880 847 926 est
878 868 1049 925 veluti
1069 868 1286 942 regulis
1318 876 1377 924 et
1405 868 1611 923 amussi
1658 866 1839 937 quoad
1887 864 2053 920 [idem

469 964 572 1019 uti.
609 962 721 1034 Ego
751 977 883 1019 vero
916 962 1061 1019 sicut
1086 962 1252 1017 Italos
1285 960 1540 1031 improbo
1583 968 1641 1014 et
1683 958 2054 1029 reprehendo,

469 1057 609 1113 adeo
654 1067 861 1112 temere
897 1064 954 1110 et
987 1063 1314 1125 arroganter
1350 1054 1406 1108 in
1462 1052 1791 1123 theologiam
1830 1051 2054 1106 irruen-

470 1160 583 1216 tes;
621 1150 694 1204 ita
724 1150 892 1205 etiam
930 1158 1090 1218 turpe
1117 1156 1174 1203 et
1214 1147 1457 1203 levitatis
1489 1161 1612 1201 esse
1647 1145 1815 1207 duco.
1859 1159 2052 1200 eorum

468 1259 591 1314 qua:
625 1243 931 1313 probamus
978 1240 1164 1296 iacere
1194 1254 1297 1295 nos
1344 1241 1649 1305 contraria,
1687 1252 1880 1294 eorum
1923 1251 2057 1292 vero

469 1351 592 1407 qua:
632 1335 1012 1405 improbamns
1033 1334 1256 1388 similia.
1282 1330 1400 1387 Non
1436 1333 1581 1386 cnim
1613 1322 1743 1401 quia
1774 1328 2059 1385 conﬁden-

470 1438 553 1484 tes
604 1428 684 1482 illi
731 1437 864 1482 sunt
902 1433 959 1482 et
993 1424 1239 1480 audaces
1290 1425 1344 1479 in
1380 1424 1700 1495 hujusmodi
1733 1424 1925 1489 rebus,
1974 1421 2059 1477 id-

469 1521 619 1574 circo
668 1534 770 1574 nos
800 1532 997 1573 eorum
1031 1517 1342 1587 exemplum
1389 1515 1545 1587 sequi
1579 1531 1679 1587 par
1710 1525 1835 1583 est;
1876 1531 2058 1586 neque

468 1627 560 1676 eo,
595 1611 741 1682 quod
770 1610 938 1666 iidem
976 1624 1007 1665 a
1038 1618 1188 1665 recta
1229 1610 1318 1664 via
1349 1607 1719 1674 deﬂexerunt,
1751 1617 1808 1664 et
1842 1623 1946 1664 nos
1993 1623 2058 1664 ea

475 1705 750 1776 negligere
784 1711 1024 1773 oportet,
1061 1718 1184 1773 quae
1213 1711 1366 1757 recte
1399 1702 1700 1757 constituta
1731 1713 1879 1758 sunt.
1914 1700 2074 1769 Quin-

470 1796 656 1866 potius
679 1793 890 1848 immoti
912 1793 1053 1848 intra
1084 1792 1361 1864 legitimos
1379 1791 1646 1848 terminos
1663 1793 2055 1858 consistamus,

2153 595 2252 680 ’τὸν
2285 594 2487 666 τρόπον
2515 596 2615 660 τὰς
2648 595 2758 651 τῶν
2793 594 2953 687 θείων
2989 597 3251 666 Πατέρων
3284 598 3497 667 γραφὰς
3529 600 3719 673 ἐκλαμ-

2148 690 2348 781 ζσςξνειν
2377 690 2518 746 δέον.
2547 690 2630 746 Τὰ
2662 691 2760 763 μὲν
2785 692 2895 764 γὰρ
2925 692 3105 747 αὐτῶν
3133 692 3647 765 διδασκαλικώτερόν
3670 711 3722 750 τι

2164 784 2258 837 καὶ
2290 782 2785 856 οἰκονομικώτερον
2818 784 3037 855 ἐξεδόθη
3073 784 3168 839 τὸν
3198 788 3401 856 τρόπον
3423 824 3438 847 ,
3472 786 3725 859 καταλλὴ-

2159 878 2273 957 ,λως
2316 876 2419 948 μὶν
2448 880 2562 942 τοῖς
2595 878 2914 947 προσώποις
2947 880 3041 933 καὶ
3070 871 3181 944 τοῖς
3215 879 3405 934 ἄλλοτε
3440 879 3610 944 ἄλλως
3638 881 3727 937 ἀν-

2149 968 2318 1057 ’θούσι
2348 970 2563 1040 καιροῖς
2582 985 2599 1001 ο
2630 968 2874 1034 εὐσεϐῶς
2902 969 2948 1023 δ’
2973 970 3190 1025 ἅπαντα
3212 985 3230 1003 '
3261 969 3318 1024 al
3349 968 3451 1041 μὲν
3479 968 3604 1040 γοῦν
3629 971 3728 1026 τῶν

2152 1062 2393 1135 γραφῶν
2422 1063 2597 1128 οὕτως
2628 1063 2957 1137 ἐξεδόθησαν
2978 1109 2991 1128 ,
3020 1066 3077 1121 αῖ
3106 1066 3163 1121 δὲ
3192 1065 3539 1139 δογματικῶς
3558 1109 3571 1125 .
3599 1066 3651 1121 αῖ
3678 1066 3731 1122 δὲ

2163 1155 2647 1223 ἑγκωμιαστικῶς,
2697 1159 2755 1211 αῖ
2801 1158 2857 1213 δὲ
2905 1159 3305 1229 ἀγωνιστικῶς.
3351 1154 3599 1213 Ούτόὗν
3645 1159 3733 1224 τὰς

2163 1246 2388 1300 ἄλλοθεν
2408 1248 2781 1317 ἀγωνιστικὰς
2803 1248 2995 1305 ἄλλοσε
3023 1251 3350 1320 μεταφέρειν
3373 1249 3567 1320 χρεών.
3591 1250 3733 1305 Ἐπεὶ
3771 1262 3789 1336 ξ

2163 1338 2269 1391 οὐδ’
2294 1336 2449 1403 εἴτις
2482 1341 2769 1409 πολεμίοις
2802 1342 3114 1414 μαχόμενος
3144 1344 3239 1397 καὶ
3267 1342 3398 1414 ὃλην
3429 1343 3734 1413 ἁπασχολῶν
3767 1338 3779 1390 ἷ

2164 1429 2262 1500 τὴν
2293 1428 2536 1484 διάνοιαν
2566 1432 2628 1495 ες
2655 1430 2717 1485 τὸ
2751 1432 2905 1501 ξίφος
2936 1432 3035 1486 καὶ
3065 1433 3164 1503 τήν
3196 1432 3406 1487 ἀσπίδα
3438 1432 3543 1503 πρὸ
3575 1432 3735 1486 ποδῶν

2168 1524 2463 1593 ἱστάμενον
2497 1524 2588 1578 τὸν
2624 1523 3042 1597 συστρατιώτην
3077 1523 3387 1596 ἐξὼθησεν,
3425 1521 3549 1578 οὔτε
3582 1523 3736 1594 νόμον
3789 1539 3801 1551 ‘

2163 1616 2417 1684 ἡγεῖσθαι
2441 1616 2502 1669 τδ
2527 1620 2940 1687 πεπραγμένον,
2967 1614 3092 1670 οὔτε
3112 1616 3191 1688 τῷ
3215 1615 3519 1688 πεπραχότι
3542 1614 3738 1670 δίκαιον

2165 1708 2423 1775 ἐγκαλεῖν
2442 1749 2458 1775 ,
2487 1708 2589 1781 τῆς
2620 1709 2871 1780 ἀνάγκης
2903 1708 3098 1763 ἄλλοσε
3129 1706 3438 1779 τηνικαῦτα
3469 1707 3739 1778 περισπῶ-

2168 1815 2271 1869 σης
2312 1801 2406 1855 τὸν
2444 1801 2710 1873 λογισμὸν
2753 1802 2847 1855 καὶ
2888 1799 3093 1871 ἥκιστα
3139 1799 3534 1871 συγχωρούσης
3578 1798 3741 1864 ἄλλως

468 1896 530 1966 et
554 1886 867 1941 istiusmodi
900 1886 1168 1956 strepitus
1204 1884 1740 1954 repellamus,sicut
1773 1900 1942 1955 rupes
1978 1886 2060 1940 in-

2168 1895 2485 1965 πεπρᾶχθαι
2510 1896 2570 1947 τὸ
2597 1872 3012 1966 πεπραγμένον.
3041 1890 3168 1949 ούτ⁹
3191 1892 3284 1946 οὖν
3306 1891 3457 1947 τοῦθ’
3481 1891 3620 1945 οὕτω
3643 1892 3740 1965 χρὴ

468 1960 738 2036 concussa
758 1978 1322 2035 ﬂuctusincurrentes
1340 1976 1871 2049 propulsat.Vereor
1886 1977 2060 2045 enim,

469 2054 666 2128 vereor
689 2111 704 2132 .
750 2088 821 2127 ne
879 2072 1091 2126 fumum
1128 2056 1401 2142 fugientes
1430 2070 1486 2124 in
1518 2070 1872 2141 blasphemia:
1907 2054 2066 2125 llam-

470 2179 614 2220 mam
646 2164 977 2219 incidamus.
1007 2163 1164 2229 Quod
1197 2162 1346 2219 enim
1378 2179 1407 2218 a
1440 2163 1727 2218 veteribus
1751 2161 1961 2218 Graecis
1993 2162 2062 2218 de

470 2257 698 2312 Platone
730 2256 999 2329 jactatum
1029 2264 1134 2322 est,
1179 2270 1306 2312 cum
1359 2255 1408 2312 is
1452 2254 1522 2310 ad
1558 2255 1879 2328 Dionysium
1924 2255 2066 2312 Sici-

469 2351 558 2406 lize
588 2363 880 2423 tyrannum
911 2349 1113 2420 hospes
1143 2352 1412 2414 venisset,
1443 2348 1653 2422 regiam
1684 2351 1917 2421 pulvere
1963 2349 2066 2405 im-

470 2444 675 2514 pletam
725 2442 918 2507 fuisse,
974 2456 1107 2511 cum,
1157 2442 1410 2512 plerique
1460 2440 1849 2497 describendis
1901 2440 2066 2497 lineis

472 2540 798 2596 incumbere
828 2538 978 2593 illico
1011 2537 1347 2606 coepissent;
1395 2535 1450 2590 id
1481 2545 1535 2592 et
1564 2534 1708 2606 apud
1753 2550 1854 2590 nos
1904 2535 2066 2591 hodie

471 2630 584 2686 alio
613 2628 778 2684 modo
810 2627 1035 2683 accidit.
1072 2626 1288 2682 Etenim
1335 2625 1491 2697 ipsis,
1529 2636 1588 2681 ut
1618 2627 1691 2681 ita
1721 2626 1924 2693 dicam,
1953 2641 2070 2681 cer-

472 2722 711 2778 donibus
740 2729 929 2792 patent
969 2719 1147 2775 effusa
1181 2718 1469 2790 theologiae
1512 2719 1795 2790 mysteria,
1824 2733 2064 2789 quorum

474 2813 785 2869 rationibus
827 2812 1158 2883 syllogistica
1215 2810 1385 2882 518
1435 2820 1553 2867 arte
1599 2812 1953 2882 penetrantlis
1993 2812 2066 2867 ita

474 2921 671 2962 omnes
693 2906 1024 2961 incumbunt
1070 2913 1125 2959 et
1165 2904 1399 2971 inhiant,
1423 2913 1481 2958 ut
1512 2904 1752 2977 pecudes
1794 2905 1980 2961 herbis
2010 2915 2068 2960 et

470 3000 715 3074 pascuis.
734 3002 913 3070 Atque
931 2999 966 3054 ii
984 3014 1221 3069 quorum
1239 2998 1373 3053 lides
1398 3015 1463 3053 an
1487 3009 1637 3053 recta
1660 2999 2064 3068 sitambiguum

471 3101 577 3159 est,
609 3107 710 3147 nec
745 3107 851 3147 non
886 3092 923 3145 Ii
958 3093 1055 3162 qui
1087 3091 1365 3163 quomodo
1393 3090 1465 3146 sit
1494 3090 1829 3146 credendum
1853 3101 1908 3147 et
1929 3092 2063 3164 quid

473 3191 547 3246 sit
580 3187 734 3254 illud,
786 3187 934 3257 quod
991 3194 1190 3242 vocant
1218 3185 1468 3249 credere,
1527 3186 1813 3256 ignorant;
1875 3186 1933 3251 ii,
1981 3186 2064 3240 in-

472 3301 661 3357 quam,
696 3291 754 3339 et
801 3283 915 3337 lor:
948 3292 1005 3338 et
1058 3283 1306 3353 porticus
1333 3291 1390 3337 et
1437 3282 1653 3337 theatra
1684 3284 1867 3338 omnia
1910 3284 2067 3338 theo-

472 3378 616 3448 logia
648 3376 1085 3449 compleverunt,
1114 3389 1290 3444 neque
1317 3373 1488 3429 solem
1507 3374 1673 3449 ‘hunc
1708 3373 2067 3445 impudentia:

474 3484 591 3526 sua:
624 3468 806 3524 facere
843 3475 1040 3523 testem
1091 3477 1439 3523 reverentur.
1477 3468 1544 3524 Et
1581 3467 1717 3539 quid
1767 3470 2067 3525 absurdius

476 3562 708 3635 cogitari
742 3571 928 3633 queat,
963 3577 1127 3633 quam
1183 3576 1308 3617 cum
1363 3562 1497 3617 olim
1559 3561 1882 3619 Graecorum
1933 3563 2067 3634 dog-

477 3665 626 3711 mata
655 3654 941 3721 llorerent,
974 3663 1183 3710 certum
1232 3654 1482 3709 ordinem
1530 3653 1834 3719 exStitissc,
1862 3663 1920 3710 et
1946 3671 2068 3727 my-

479 3749 619 3806 stica
679 3762 922 3813 arcana,
988 3745 1322 3816 Delphorum
1400 3747 1671 3819 theologis
1732 3748 2065 3814 commissa,

478 3840 619 3896 nulli
648 3839 742 3896 alii
776 3839 864 3895 vel
902 3837 1130 3910 vulgare
1167 3839 1251 3893 vel
1285 3839 1547 3909 indagare
1597 3840 1845 3906 licuisse,
1877 3841 1994 3896 sive
2020 3841 2069 3896 is

479 3932 659 3998 Plato,
688 3930 804 3987 sive
838 3930 1098 3986 Socrates
1124 3937 1294 3993 esset,
1336 3937 1433 3983 aut
1461 3930 1645 4000 quivis
1674 3931 1817 3986 alius
1848 3936 2065 4002 sapien.

483 4026 572 4080 tiae
602 4023 766 4080 laude
801 4023 1037 4079 celebris
1067 4040 1080 4077 :
1120 4022 1264 4090 apud
1298 4037 1402 4078 nos
1432 4030 1638 4088 autem,
1668 4023 1763 4093 qui
1789 4023 2065 4081 sincerum

480 4132 626 4173 vera:
651 4115 936 4188 religionis
972 4112 1296 4187 mysterium
1324 4116 1668 4185 proﬁtemur,
1695 4118 1769 4170 ita
1803 4134 1890 4173 res
1921 4117 2068 4172 divi-

482 4226 584 4266 nas
612 4208 892 4279 prolanari
920 4215 976 4263 et
1013 4208 1363 4279 quibuslibet'
1402 4208 1470 4265 de
1519 4209 1586 4264 iis
1628 4211 1933 4266 disserendi
1971 4227 2070 4282 po-

484 4314 734 4360 testatum
768 4304 910 4368 dari,
961 4302 1046 4357 vel
1082 4301 1266 4373 potius
1287 4301 1611 4372 ,quemlibet
1640 4318 1759 4357 eam
1812 4303 1916 4359 sibi
1963 4303 2069 4376 ipsi

483 4396 783 4466 arrugare?
830 4394 1128 4467 Gregorius
1157 4410 1289 4451 vero
1331 4396 1650 4451 divinarum
1699 4414 1885 4453 rerum
1919 4398 2070 4468 peri-

487 4489 730 4542 tissimus
763 4488 1004 4558 linguam
1030 4487 1114 4561 ad
1153 4486 1490 4558 theologicas
1518 4487 1925 4558 disputationes
1953 4506 2067 4561 ap-

2170 1987 2520 2054 ποιεῖν,,ούτε
2553 1986 2661 2058 μὴν
2687 1989 2813 2050 ταῖς
2838 1987 3313 2057 ἐγκωμιαστικαῖς
3342 1984 3419 2048 ὡς
3449 1985 3631 2054 νόμοις
3658 2001 3743 2038 κε-

2166 2080 2425 2153 Χρῆσθαιο
2449 2078 2753 2151 Αὗτονομεα
2774 2078 2884 2150 γὰρ
2910 2080 2976 2133 ὲκ
2994 2080 3092 2150 τῆς
3116 2079 3308 2150 τέχνης
3334 2077 3432 2131 καὶ
3452 2080 3561 2139 τιῖς
3582 2076 3744 2147 ὲγκωο

2172 2172 2431 2242 μιάζουσι
2481 2170 2692 2224 δέδοται
2743 2169 2927 2239 λέγειν
2975 2170 3076 2224 ὅσα
3129 2168 3480 2240 βουλομένοις
3533 2168 3618 2238 είη
3664 2169 3742 2224 ἄν.

2171 2262 2344 2324 Ὅσας
2374 2278 2437 2329 γε
2476 2260 2581 2333 μὴν
2606 2258 2956 2332 δογματικῶς
2982 2277 3041 2314 τε
3072 2260 3168 2315 καὶ
3198 2259 3588 2330 ἀποφαντικῶς
3616 2259 3746 2313 ἐκεῖ-

2170 2371 2249 2409 νοι
2292 2353 2670 2423 ἐξενηνόχασι,
2709 2351 2926 2416 τούτοις
2965 2350 3143 2424 δ’ἄρα
3186 2351 3525 2422 ἀνέγκλητόν
3560 2368 3618 2405 τε
3658 2350 3745 2404 καὶ

2169 2446 2410 2517 ἀσφαλὲς
2445 2441 2535 2499 οἷά
2564 2456 2676 2499 τισι
2709 2443 2902 2498 κανόσι
2937 2446 3032 2498 καὶ
3065 2443 3337 2517 στάθμαις
3371 2444 3633 2516 πρδςτὴν
3664 2442 3746 2498 πί-

2173 2558 2291 2595 στιν
2336 2539 2665 2611 κεχρῆσθαι.
2708 2536 2852 2608 Ἐγὼ
2896 2538 3081 2592 τοίνυν
3121 2537 3315 2607 ῶσπερ
3360 2537 3490 2602 τοὺς
3526 2537 3746 2603 Ἰταλοὺς

2170 2631 2415 2702 διασύρω
2434 2630 2529 2683 καὶ
2552 2629 2862 2699 μέμφομαι,
2887 2627 3099 2698 ἰταμῶς
3118 2627 3320 2681 οὑτωσὶ
3342 2628 3438 2682 καὶ
3463 2625 3600 2698 μετὰ
3628 2625 3748 2679 πολ-

2170 2727 2270 2796 λῆς
2299 2727 2398 2794 τῆς
2426 2723 2627 2795 ὀφρύος
2648 2726 2716 2795 τῇ
2738 2722 2992 2794 θεολογίᾳ
3048 2721 3456 2793 ἐπιπηδῶντας,
3478 2721 3567 2776 τὸν
3598 2720 3747 2776 αύτδν

2170 2819 2234 2889 δὴ
2259 2817 2463 2889 τρόπον
2488 2814 2714 2886 αἰσχρὸν
2769 2816 2861 2869 καὶ¹
2888 2814 3223 2886 παλίμϐολον
3275 2815 3515 2887 ἥγημαι,
3542 2807 3613 2869 ὧν
3655 2810 3747 2884 μὲν

2170 2909 2504 2980 ἐπαινοῦμεν
2550 2910 2814 2965 τάναντία
2847 2910 3020 2963 ποιεῖν
3080 2909 3262 2979 ἡμᾶς,
3293 2904 3374 2972 οἷς
3409 2907 3466 2961 δὲ
3524 2906 3749 2977 ψέγομεν

2168 3007 2235 3059 τὰ
2262 3004 2639 3075 παραπλήσια.
2666 3002 2748 3076 [Ρ.
2779 3000 2907 3075 519]
2933 3001 3008 3055 Oti
3034 3002 3144 3073 γὰρ
3169 3002 3250 3055 ὅτι
3279 3002 3480 3056 ἐκεῖνοι
3503 2997 3748 3069 τολμηροὶ

2172 3096 2269 3150 καὶ
2297 3095 2522 3165 θρασεῖς
2547 3094 2675 3166 περὶ
2696 3094 2760 3148 τὰ
2778 3093 3024 3159 τοιαῦτα,
3043 3094 3132 3149 διὰ
3155 3092 3314 3148 τοῦτο
3334 3093 3430 3148 καὶ
3454 3094 3596 3165 ἡμᾶς
3629 3076 3747 3144 ἐπέ-

2173 3188 2295 3241 σθαι
2323 3187 2403 3240 δεῖ
2423 3203 2438 3218 ο
2467 3185 2576 3240 οὐδ’
2600 3187 2683 3239 ὅτι
2703 3185 2803 3258 τῆς
2829 3184 3040 3251 εὐθείας
3071 3185 3272 3239 ἐκεῖνοί
3294 3202 3362 3254 γε
3382 3185 3745 3258 ἐξετράποντο,

2092 3253 2137 3313 C
2171 3282 2266 3332 καὶ
2292 3279 2439 3348 ἡμᾶς
2464 3277 2573 3331 τῶν
2601 3253 2961 3363 καθεστῶτων
2983 3276 3163 3348 χρεὼν
3187 3253 3415 3346 ἀμελεῖν
3432 3292 3448 3307 ·
3476 3253 3589 3330 ἀλλ’
3608 3275 3747 3332 ἀκλι-

2175 3377 2286 3436 νεῐς
2322 3373 2430 3426 τῶν
2467 3372 2857 3443 προσηκόντων
2898 3373 3041 3440 ὅρων
3083 3368 3411 3439 ἱσταμένους
3455 3369 3603 3433 ἐντὸς
3633 3367 3748 3431 τοὺς

2174 3465 2453 3529 τοιούτους
2484 3463 2931 3536 πλρακρούεσθαι
2964 3465 3215 3535 κρότους,
3242 3462 3499 3534 καθάπερ
3526 3458 3751 3532 προϐλῆ-

2173 3576 2265 3621 τες
2317 3559 2601 3612 ὰτίνακτοι
2651 3556 2720 3610 τὰ
2773 3556 3192 3626 προσπίπτοντα
3243 3555 3493 3626 κύματα.
3539 3554 3750 3608 Δέδοικα

2176 3651 2306 3722 γὰρ,
2341 3650 2417 3723 μὴ
2447 3650 2655 3704 καπνὸν
2686 3649 2980 3720 φεύγοντες
3014 3651 3093 3713 εἰς
3124 3651 3236 3722 πῦρ
3273 3648 3624 3721 βλασφημίας
3653 3649 3746 3718 ὲμο

2176 3744 2488 3813 πίπτωμεν.
2520 3743 2586 3796 ⁸0
2621 3743 2728 3812 γὰρ
2763 3743 2898 3811 παρ’
2922 3741 3154 3813 Ἕλλησι
3194 3740 3367 3795 πάλαι
3400 3738 3749 3811 τεθρύλληται

2175 3841 2305 3908 περ)⁸
2348 3836 2673 3902 Πλάτωνος,
2710 3835 2786 3898 ὡς
2822 3835 3034 3888 ἐκείνου
3072 3852 3136 3904 γε
3173 3835 3326 3906 παρὰ
3361 3833 3634 3888 Διονύσιον
3664 3830 3749 3884 τὸν

2173 3930 2274 4000 τῆς
2310 3929 2561 3995 Σικελίας
2596 3929 3041 4001 ἐπιδημήσαντος
3076 3926 3343 3999 τύραννον
3381 3925 3655 3999 κονιορτοῦ
3685 3922 3750 3977 τὰ

2177 4024 2426 4096 βασίλεια
2459 4022 2902 4094 ἐνεπίμπλαντο,
2940 4022 3073 4092 περὶ
3106 4022 3205 4083 τὰς
3238 4022 3565 4093 γραμμικᾶς
3597 4021 3750 4089 ἀσχο-

2175 4118 2298 4182 λίας
2333 4118 2638 4189 τηνικαῦτα
2672 4117 2782 4173 τῶν
2817 4116 3092 4171 πλείστων
3126 4115 3427 4192 ὁρμώντων
3448 4157 3464 4182 ,
3497 4114 3653 4169 τοῦτο
3688 4113 3749 4183 δὴ

2176 4213 2271 4264 καὶ
2297 4210 2429 4282 παρ’
2450 4212 2580 4281 ἡμῖν
2607 4210 2805 4281 τρόπον
2830 4210 3017 4281 ἕτερον
3042 4209 3287 4279 γίγνεται
3316 4211 3577 4281 σήμερον.
3604 4204 3749 4260 Οὕτω

2175 4304 2287 4374 γὰρ
2316 4304 2410 4358 καὶ
2438 4321 2511 4355 πα
2523 4302 2569 4374 ρ’
2590 4303 2774 4366 αὐτοῖς
2802 4304 2978 4355 εἰπεῖν
3003 4305 3115 4365 τοῖς
3143 4300 3442 4373 βαναύσοις
3469 4299 3749 4370 ἐκκέχυται

2177 4397 2245 4450 τὰ
2279 4395 2557 4464 θεολογίας
2592 4395 2869 4467 μυστήρια
2900 4395 2994 4449 καὶ
3027 4393 3170 4448 οὕτω
3200 4394 3497 4464 κεχήνασιν
3527 4392 3748 4452 ἅπαντες

2179 4492 2271 4545 ἐπὶ
2293 4491 2372 4562 τῷ
2394 4489 2828 4559 συλλογιστικῶς
2855 4489 2880 4540 ὲ
2890 4486 3184 4558 μϐατεύειν
3207 4489 3321 4550 τοῖς
3350 4485 3531 4555 λόγοις
3558 4481 3745 4547 αὐτῶν,

487 4579 688 4649 pellere
743 4581 823 4634 sic
875 4579 1220 4644 reformidat,
1270 4588 1332 4634 ut
1379 4595 1603 4635 n‘ianum
1647 4582 1715 4636 ad
1766 4581 2064 4639 ﬂammam.

2183 4585 2373 4657 ὥσπερ
2407 4585 2499 4638 ἐπὶ
2527 4585 2594 4655 τῇ
2635 4584 2771 4655 χλόῃ
2805 4584 2898 4636 καὶ
2930 4583 3050 4645 ταῖς
3082 4584 3279 4651 νομαῖς
3311 4582 3381 4634 τὰ
3416 4579 3744 4652 βοσκήματα.

486 4673 722 4729 Proinde
774 4664 983 4729 multis
1017 4672 1203 4729 verbis
1260 4688 1321 4728 se
1383 4684 1631 4740 excusat,
1692 4676 2066 4749 declaratque,

485 4779 544 4820 se
578 4781 685 4821 non
721 4765 956 4820 libenter
981 4764 1245 4820 accedere
1277 4763 1347 4820 ad
1394 4765 1791 4837 disputandum
1821 4770 1889 4826 de
1936 4770 2069 4840 Deo,

485 4866 544 4913 et
596 4872 693 4913 eos
723 4858 818 4927 qui
869 4856 924 4911 id
979 4868 1189 4912 temere
1223 4859 1465 4912 audeant
1492 4857 1784 4928 improbat.
1821 4877 1841 4912 ι
1880 4860 2071 4934 Neque

487 4949 662 5018 enim,
693 4951 897 5021 inquit,
929 4948 1199 5004 laudabile
1228 4957 1312 5004 est
1341 4949 1701 5015 desiderium,
1738 4953 1833 5008 sed
1873 4962 1930 5009 et
1975 4972 2072 5012 co-

488 5055 652 5099 natus
682 5043 797 5113 ipse
838 5043 1220 5097 formidabilis.
1258 5062 1277 5094 ι
1309 5041 1377 5098 Ει
1407 5041 1530 5098 Οῑιε
1559 5045 1869 5115 exemplum
1900 5048 2071 5103 addu-

486 5134 582 5201 cit,
638 5136 729 5204 qni
779 5133 975 5188 Arcam
1028 5135 1156 5189 olim
1191 5134 1537 5190 solummodo
1587 5138 1859 5210 attingere
1904 5156 2073 5196 ausus

489 5227 686 5298 periit;
755 5228 887 5294 Deo,
939 5228 1138 5298 inquit,
1199 5229 1566 5284 reverentiam
1619 5230 1775 5286 Arcas
1826 5232 2068 5288 debitam

486 5322 578 5379 sic
600 5331 895 5378 asserente.
955 5322 1112 5389 Quod
1166 5322 1211 5377 si
1238 5338 1333 5378 rex
1380 5339 1506 5378 eum
1558 5341 1721 5395 quam
1767 5326 2005 5398 primum
2041 5344 2071 5383 e

492 5418 677 5473 medio
710 5416 947 5482 loilcrcl,
1001 5416 1096 5486 qui
1150 5417 1351 5487 regiam
1403 5433 1664 5474 coronam
1718 5420 2072 5492 impudenter

491 5511 655 5584 519
688 5526 788 5567 suo
838 5510 1004 5582 capiti
1034 5509 1320 5581 imponere
1351 5512 1616 5580 auderet;
1648 5525 1784 5585 quot
1815 5516 2067 5583 fulmina,

487 5614 623 5676 quot
689 5605 939 5659 turbines
994 5603 1043 5658 is
1112 5613 1377 5667 meretur,
1435 5607 1527 5675 qui
1585 5610 1880 5664 temerario
1930 5626 2067 5667 ausu

488 5697 799 5766 irrumpere
833 5696 887 5750 in
934 5695 1262 5767 theologiam
1297 5711 1405 5751 non
1447 5698 1710 5754 dubitat?
1757 5700 1892 5757 Volo
1919 5705 2067 5761 enim

486 5786 707 5841 brevem
762 5787 1268 5843 narrantiunculam
1326 5792 1531 5851 veteris
1580 5795 1881 5862 memoriae,
1939 5798 2069 5855 huic

488 5883 712 5954 negotio
741 5880 901 5937 valde
946 5892 1398 5954 consentaneam,
1441 5885 1801 5958 subjungere.
1835 5891 2070 5953 Alexan-

2181 4677 2291 4732 Καὶ
2321 4678 2369 4731 οἱ
2392 4676 2454 4731 τὸ
2482 4675 2765 4731 πιστεύειν
2790 4676 2967 4748 ὀρθῶς
2999 4674 3301 4746 ἀμφίϐολον
3327 4666 3562 4746 ἔχοντες,
3590 4670 3678 4725 καὶ
3700 4669 3744 4723 οῖ

2180 4769 2304 4843 μηδ’
2333 4770 2482 4834 ὅπως
2520 4769 2602 4822 δεῖ
2641 4768 2921 4823 πιστεύειν
2976 4768 3183 4831 εἰδότες
3226 4767 3349 4839 μηδ’
3379 4767 3407 4821 ὃ
3454 4784 3505 4820 τι
3548 4759 3742 4818 ἐστὶνὸ

2175 4863 2456 4917 πιστεύειν
2484 4864 2679 4933 φασὶν,
2709 4863 2917 4935 ἀγορὰς
2945 4865 3037 4916 καὶ
3065 4862 3406 4932 περιπάτους
3433 4861 3526 4915 καὶ
3552 4859 3741 4927 θέατρα

2160 4957 2332 5013 ,πάντ’
2356 4959 2747 5029 ἐμπεπλήκασι
2786 4957 2890 5024 τῆς
2932 4955 3216 5025 θεολογίας
3255 4953 3353 5009 καὶ
3390 4953 3511 5008 οὐδὲ
3547 4948 3740 5007 τουτονὶ

2173 5051 2265 5104 τὸν
2296 5051 2448 5122 ἥλιον
2476 5051 2826 5120 αἰσχύνονται
2857 5050 3111 5121 μάρτυρα
3139 5050 3238 5113 τῆς
3270 5046 3545 5110 ἀναιδείας
3574 5039 3740 5097 ποιού-

2177 5161 2352 5214 μενοι.
2390 5144 2511 5207 Πῶς
2547 5142 2591 5196 δ’
2618 5144 2716 5197 οὐκ
2754 5143 2820 5197 ἂν
2853 5144 2937 5215 εἴη
2973 5132 3081 5195 τῶν
3117 5142 3324 5214 σφόδρα
3358 5138 3736 5200 ἀτοπωτάτων,

2175 5238 2346 5290 πάλαι
2383 5237 2482 5307 μὲν
2510 5239 2671 5291 ὁπότε
2699 5239 2768 5291 τὰ
2803 5237 3070 5307 Ἑλλήνων
3100 5236 3319 5307 ἤκμαζε
3352 5234 3625 5304 δίγματα,
3651 5226 3735 5282 τά·

2175 5332 2258 5398 ξιν
2289 5330 2639 5397 ἐπιπολάζειν
2670 5333 2764 5385 καὶ
2794 5330 2831 5385 ἃ
2860 5334 2969 5392 τοῖς
2995 5330 3213 5398 Δελφῶν
3244 5328 3516 5396 θεολόγοις
3544 5316 3734 5394 ἐφεῖται

2177 5426 2483 5497 μυστήρια,
2532 5425 2721 5494 μηδενὶ
2764 5425 2873 5475 τῶν
2918 5423 3092 5476 ἄλλων
3141 5422 3343 5486 ἐξεῖναι
3390 5422 3524 5492 μήτε
3568 5418 3734 5483 λέγειν

2176 5520 2320 5590 μήτε
2348 5521 2619 5590 περινοεῖν
2638 5560 2649 5581 ,
2682 5504 2782 5570 κᾶν
2810 5516 3104 5589 Σωκράτης
3132 5511 3198 5589 ᾗ,
3235 5518 3341 5567 xiv
3367 5513 3609 5575 Πλάτων,
3640 5504 3733 5559 κᾶν

2173 5614 2225 5666 εί
2254 5629 2338 5670 τις
2370 5614 2462 5666 ἐπὶ
2499 5613 2659 5681 σοφίᾳ
2696 5611 3006 5681 περιφανής
3042 5626 3101 5662 τε
3136 5609 3227 5661 καὶ
3260 5607 3540 5676 διαῦόητσς
3563 5620 3576 5634 ·
3614 5594 3730 5668 παρ’

2172 5708 2307 5779 ήμῖν
2337 5705 2414 5770 δὲ,
2442 5700 2525 5769 οἷς
2553 5703 2846 5771 ἀκίϐδηλέν
2874 5703 2934 5754 το
2962 5704 3061 5773 τῆς
3092 5701 3376 5762 εὐσεϐείας
3408 5695 3728 5767 ὁμολογεῖται

2178 5804 2501 5872 μυστήριον,
2549 5798 2750 5850 οὑτοσὶ
2798 5796 3159 5868 βεϐηλοῦσθαι
3199 5798 3267 5849 τὰ
3312 5794 3431 5848 θεῖα
3474 5792 3564 5843 καὶ
3606 5785 3728 5838 πᾶσι

2172 5896 2286 5958 τοῖς
2318 5893 2589 5963 θεολογεῖν
2621 5891 2969 5962 βουλομένοις
3004 5885 3140 5944 εἶναι
3173 5889 3316 5943 τοῦτ’
3342 5885 3617 5958 ἐφειμένον
3644 5882 3726 5933 καὶ
