4088 6618
463 453 576 519 729

719 455 795 528 [Α.
834 467 889 513 c.
930 455 1069 514 1328
1102 472 1170 514 ιο
1217 456 1377 530 1581]
1488 462 1934 533 BYZANTIN/E
1972 468 2049 527 ill

2153 469 2355 530 CRM!
2393 471 2543 536 LIB.
2582 473 2687 533 ΧῙ.

2824 466 2958 540 [ευρ.
2995 482 3277 525 λαοιιοκιο.
3315 469 3465 545 tum]

3610 476 3718 540 730

464 571 619 627 οὐδὲν
647 573 810 627 πλέον
838 575 1313 648 διαπραττόμενον
1337 575 1427 630 τὸν
1469 576 1697 649 βασιλέα
1730 577 1919 646 ἐώρων
1947 580 2035 634 ἐπ’

2150 591 2332 637 contra
2364 596 2425 637 se
2455 581 2641 638 moliri
2684 593 3002 644 cernerent.
3051 583 3147 639 sed
3193 594 3365 641 totum
3415 586 3716 659 Milylenma

465 664 688 729 αὐτοὺς,
716 664 833 719 ἀλλ’
863 665 988 721 ὅλον
1018 666 1397 737 ήσχολημένον
1433 672 1562 737 περὶ
1590 668 1681 721 τὸν
1712 670 1766 731 ἐς
1798 669 2038 740 Μιτυλή-

465 773 567 826 νην
620 757 920 822 ἀπόπλουν,
975 761 1466 831 ἀναθαρρήσαντες
1530 761 1710 832 μάχην
1773 761 2043 833 ἐκήρυξαν

466 850 714 918 φανερὰν
741 853 836 905 καὶ
866 852 1039 917 ἀδεῶς
1063 853 1117 918 ἐς
1148 870 1207 906 τε
1267 852 1595 918 Βυζαντίους
1625 855 1719 907 καὶ
1780 854 1837 915 ἐς
1883 853 2044 907 αὑτὸν

468 941 698 1013 βασιλέα
722 944 1009 1014 ἐνύϐριζον
1058 944 1307 1010 ξυλίνους
1343 961 1399 995 τε
1430 943 1769 1015 περιήλασαν
1800 944 2044 1014 πύργους

468 1039 582 1102 τοϊς
607 1038 818 1092 ἑαυτῶν
855 1040 1063 1108 τείχεσι
1099 1052 1113 1067 ·
1189 1038 1284 1091 καὶ
1343 1037 1450 1090 τῶν
1493 1035 1746 1107 μεγάλων
1802 1034 2045 1088 ὁλκάδων

465 1128 568 1191 τὰς
599 1128 698 1196 μὲν
730 1129 810 1191 είς
833 1127 1118 1198 πυθμένας
1152 1127 1430 1197 θαλάσσης
1491 1127 1816 1188 κατέδυσαν,
1871 1124 1964 1187 τὰς
1998 1123 2042 1177 δ’

465 1220 792 1283 ὁπλίσαντες
825 1220 934 1290 πρὸ
962 1219 1056 1273 τοῦ
1084 1220 1300 1290 λιμένος
1367 1220 1481 1272 ἀντ’
1535 1218 1709 1272 ἀλλων
1762 1216 2047 1288 προϐόλων

470 1312 569 1365 καὶ
599 1312 1021 1382 χαρακωμάτων
1048 1311 1308 1381 ἔστησαν.
1343 1310 1406 1365 ’0
1450 1311 1509 1366 δὲ
1535 1310 1790 1381 βασιλεὺς
1819 1309 1893 1380 μὴ
1925 1308 2048 1379 βου-

436 1440 441 1441 ν
470 1406 699 1475 λόμενος
730 1406 828 1475 τὴν
857 1405 1130 1475 τοσαύτην
1166 1406 1532 1475 παρασκευὴν
1573 1402 1827 1457 ἐνταυθοῖ
1885 1419 2039 1473 περι-¹

472 1501 621 1568 σπᾷν
655 1497 1052 1568 μεγαλοψύχως
1079 1515 1138 1550 τε
1168 1498 1443 1568 ἐχρήσατο
1469 1498 1577 1560 τοῖς
1603 1495 1890 1566 παροῦσιν,
1913 1495 2052 1564 ήμε-

468 1590 654 1660 ληκὼς
679 1590 740 1643 τδ
777 1591 1043 1662 παράπαν
1073 1590 1277 1654 αὐτῶν,
1306 1592 1402 1644 καὶ
1434 1589 1569 1661 πρὸς
1594 1589 1832 1642 ἔκπλουν
1876 1603 2048 1655 παρε-

397 1694 413 1710 ¹
470 1685 774 1750 σκευάζετο
826 1685 979 1758 πάσῃ
1039 1685 1268 1756 σπουδῇ,
1324 1682 1577 1747 πλείονας
1633 1681 1718 1735 ἐτι
1784 1679 2051 1749 δυνάμεις

469 1777 771 1845 ἀθροίζων.

544 1868 628 1923 H'.
667 1867 823 1921 Ἐπεὶ
883 1867 941 1922 δέ
979 1866 1171 1937 μέχρις
1214 1866 1351 1921 ὅλων
1416 1865 1556 1919 ἐτττά
1623 1864 1851 1935 ἡμερῶν
1901 1863 2051 1925 ἐντὸς

2141 672 2487 744 navigatione
2516 674 2773 744 occupari
2799 691 2813 729 :
2845 675 2972 729 elati
3005 676 3205 731 animis
3234 685 3488 746 apertum
3514 678 3719 734 bellum

2136 765 2504 833 denuntiant;
2536 782 2637 823 nec
2657 766 2835 822 solum
2877 767 3172 839 Byzantiis,
3206 770 3300 824 sed
3329 780 3386 826 et
3413 772 3512 842 ipsi
3547 772 3720 843 impe-

2144 859 2313 914 ratori
2348 859 2612 915 audacter
2654 859 2921 924 illudunt,
2955 860 3153 933 ligneis
3186 864 3431 919 turribus
3464 879 3562 919 sna
3590 880 3727 920 ιιιω-

2143 951 2235 1006 nia
2274 950 2822 1023 circumplectuntur,
2882 969 3108 1025 magnas
3154 954 3391 1025 denique
3438 957 3725 1012 onerarias

2145 1043 2345 1111 partim
2396 1043 2453 1098 in
2501 1042 2733 1099 fundum
2767 1042 2933 1098 maris
2983 1044 3328 1115 demergunt,
3361 1047 3559 1115 partim
3598 1055 3725 1102 ante

2145 1147 2367 1203 portum
2395 1143 2642 1189 armalas
2696 1134 3066 1199 munitionum
3114 1145 3172 1192 et
3199 1152 3455 1209 aggerum
3486 1139 3606 1194 vice
3631 1155 3726 1207 0p-

2146 1233 2379 1296 ponunt.
2412 1226 2718 1296 Imperator
2749 1241 2905 1294 vero,
2933 1243 3058 1283 cum
3090 1228 3282 1297 copias
3312 1237 3463 1283 tanto
3488 1244 3724 1299 appara-

2150 1321 2207 1369 tu
2244 1330 2275 1370 a
2334 1330 2395 1372 se
2445 1316 2743 1373 instructas
2780 1318 2954 1374 nollet
3010 1333 3078 1375 eo
3123 1317 3268 1375 bello
3317 1318 3572 1381 distrahi,
3607 1333 3726 1372 ma-

2146 1425 2315 1481 gnum
2346 1410 2492 1467 inter
2520 1412 2637 1469 haec
2665 1413 2912 1469 animum
2941 1428 3054 1484 prae
3092 1427 3152 1469 se
3189 1413 3335 1476 tulit,
3366 1412 3473 1467 illis
3500 1426 3725 1482 prorsus

2148 1502 2430 1573 neglectis,
2458 1512 2515 1558 et
2542 1503 2691 1558 omni
2724 1503 2909 1559 studio
2951 1505 3017 1558 ait
3051 1503 3450 1574 navigationem
3474 1518 3531 1558 se
3565 1518 3729 1572 para-

2150 1595 2319 1652 vitae
2344 1611 2516 1653 novas
2542 1598 2648 1654 sibi
2681 1599 2829 1653 vires
2853 1597 3128 1668 quaesivit.

2220 1868 2352 1923 Vill.
2384 1868 2490 1924 Sed
2518 1885 2643 1924 cum
2671 1867 2853 1924 Latini
2888 1868 3110 1925 ϐαιοίωί
3144 1868 3210 1923 ad
3245 1879 3452 1938 septeni
3483 1869 3725 1938 integros

463 1962 684 2028 τείχους
715 1961 765 2012 oi
795 1961 854 2013 ἐν
877 1961 990 2018 τοῖς
1043 1958 1283 2013 Γαλάτου
1328 1958 1554 2013 Λατῖνοι
1602 1955 2049 2024 συγκλεισθέντες

2152 1946 2273 2014 dies
2305 1960 2581 2016 mmnibus
2633 1960 2750 2016 suis
2786 1959 2982 2015 inclusi
3015 1960 3369 2025 mansissent,
3403 1975 3467 2015 ac
3492 1961 3603 2030 jam
3655 1959 3725 2012 iis

462 2051 698 2120 ἔμελλον
727 2052 831 2104 ὑπὸ
862 2051 956 2104 τοῦ
989 2051 1195 2104 οἰκείου
1224 2050 1400 2119 δήμου
1435 2048 2044 2118 διασπαραχθήσεσθαι,

462 2141 644 2195 διὰτὸ
674 2140 752 2210 μὴ
783 2140 1047 2194 δύνασθαι
1108 2142 1296 2209 φέρειν
1341 2140 1506 2193 πλέον
1567 2140 1636 2194 τὰ
1693 2139 2049 2209 συμπεσόντα

467 2234 632 2301 σφίσι
669 2231 842 2291 δεινά·
877 2232 1069 2296 ὕδατός
1116 2250 1177 2286 τε
1202 2231 1312 2302 γάρ
1368 2232 1661 2296 ἐσπάνιζον
1695 2234 1793 2287 καὶ
1827 2234 1926 2302 ὅση
1983 2233 2047 2284 ἐκ

462 2324 583 2376 τῶν
623 2324 874 2391 λαχάνων
906 2324 1000 2377 καὶ
1028 2322 1263 2394 ὀπωρῶν
1288 2319 1357 2395 ἦν
1387 2322 1748 2395 ψυχαγωγία·
1798 2323 1853 2377 οἴ
1878 2322 1927 2376 τ’
1960 2321 2045 2383 οὗ

464 2416 730 2485 ἀγοραῖοι
778 2417 875 2470 καὶ
908 2416 1141 2486 πένητες
1176 2415 1482 2485 ἄνθρωποι,
1517 2415 1612 2468 καὶ
1664 2415 1782 2468 ὅσοι
1837 2416 1904 2468 ἐκ
1935 2413 2047 2467 τῶν

459 2507 650 2562 ὠνίων
684 2508 744 2562 τὸ
777 2509 1056 2579 ἐφήμερον
1083 2506 1474 2561 ταλαντεύουσι
1521 2507 1737 2578 κέρδος.
1776 2503 1925 2563 οὗτοι
1987 2508 2046 2560 δὲ

460 2600 733 2667 πλείστην
757 2597 1122 2667 ὑπομένοντες
1146 2597 1351 2668 ζημίαν
1379 2599 1561 2669 πολλῷ
1584 2598 1746 2652 πλέον
1769 2600 1911 2652 κατὰ
1939 2599 2049 2652 τῶν

462 2690 832 2762 προεστώτων
892 2694 1141 2745 Λατίνων
1209 2693 1536 2761 ἐμαίνοντο’
1606 2691 1696 2746 διὰ
1757 2692 1821 2761 δὴ
1869 2689 2045 2744 ταῦτα

460 2784 612 2853 πρὸς
673 2783 733 2836 τὸ
800 2783 1187 2855 ταπεινότερον
1257 2784 1671 2849 ἀπαλλάξαντες
1756 2782 2046 2846 ὑπέκυψαν

459 2895 529 2931 τε
556 2879 634 2947 τῷ
672 2878 890 2949 βασιλεί
918 2880 1014 2934 καὶ
1045 2879 1393 2950 ’συγγνώμην
1442 2878 1601 2950 ἔσχον
1654 2878 1752 2949 τῆς
1812 2877 2045 2949 ἀκαίρου

460 2970 691 3042 ὀφρύος,
1928 2998 1934 3011 ,

539 3061 619 3118 8'.
644 3062 751 3117 Τοῦ
789 3079 853 3131 γε
896 3061 1002 3133 μὴν
1035 3062 1191 3128 ιτους
1237 3063 1338 3134 ήδη
1399 3061 1539 3130 μετά
1586 3060 1685 3124 τὰς
1718 3061 1812 3115 τοῦ
1868 3060 2047 3126 Κυνὸς

461 3156 624 3221 ϐντος
655 3158 928 3222 ἐπιτολὰς,
964 3158 1054 3212 ὅτε
1085 3156 1153 3228 δὴ
1211 3157 1306 3211 καὶ
1343 3155 1697 3227 ἀφθονῴτερα
1757 3156 1828 3209 τὰ
1854 3159 2047 3227 ἀρκτι-

2152 2052 2424 2107 tumultus
2450 2053 2519 2107 ab
2548 2051 2766 2108 civibus
2803 2051 2918 2107 suis
2952 2052 3291 2115 immineret,
3332 2052 3424 2121 qui
3457 2051 3599 2106 mala
3634 2068 3726 2106 ur-

2147 2145 2335 2216 gentia
2361 2144 2577 2199 diutius
2606 2144 2841 2200 tolerare
2891 2158 3002 2199 non
3036 2152 3293 2214 poterant
3321 2143 3469 2204 (nam
3501 2154 3556 2198 et
3583 2160 3725 2212 aqua

2147 2247 2206 2293 et
2240 2238 2391 2292 omni
2420 2237 2716 2292 herbarum
2760 2240 3158 2307 pomorumque
3189 2235 3386 2290 solatio
3419 2237 3724 2302 carebant),

2145 2333 2203 2380 et
2242 2324 2670 2380 circumloranei
2709 2338 2776 2379 ac
2810 2337 3083 2394 pauperes
3136 2322 3416 2386 homines,
3441 2336 3496 2377 et
3552 2323 3649 2401 qni
3698 2339 3728 2376 e

2145 2414 2473 2486 quotidiano
2514 2416 2849 2471 venditionis
2894 2414 3097 2470 lucello
3154 2412 3626 2475 sustentabantur,
3688 2414 3724 2467 ii

2145 2506 2369 2562 demum
2425 2508 2662 2562 maxima
2704 2508 2918 2578 jactura
2961 2505 3102 2561 facta
3133 2506 3306 2576 magis
3337 2507 3500 2560 etiam
3536 2514 3728 2560 contra

2144 2600 2503 2671 magistratus
2565 2598 2791 2654 Latinos
2848 2598 3157 2653 insanirent
3196 2616 3223 2669 _:
3275 2597 3347 2652 ob
3394 2597 3511 2650 haec
3560 2597 3729 2666 igitur

2145 2692 2277 2749 facti
2337 2691 2704 2747 modestiores
2757 2691 3072 2760 imperatori
3097 2704 3218 2745 sese
3244 2690 3645 2755 submiserunt,
3675 2697 3731 2743 ct

2145 2782 2547 2854 intempestivae
2576 2781 2848 2852 superbiae
2879 2782 3091 2836 veniam
3127 2780 3515 2851 impetrarunt.

2215 3064 2305 3120 lx.
2328 3067 2459 3122 Post
2494 3065 2768 3121 Canicule
2818 3075 3093 3129 exortum,
3128 3079 3275 3119 anno
3292 3066 3406 3135 jam
3442 3072 3724 3134 vergente,

2146 3160 2310 3232 529
2336 3174 2458 3214 cum
2512 3158 2917 3228 septentriones
2963 3158 3018 3211 in
3081 3158 3218 3211 mari
3285 3157 3531 3211 inferiori
3565 3156 3730 3211 vehe-

459 3248 543 3303 κά
564 3247 849 3327 πνεύματα
875 3250 932 3311 ἐς
960 3248 1061 3318 τὴν
1097 3248 1250 3302 κάτω
1276 3247 1494 3317 χέονται
1536 3246 1835 3311 θάλατταν,
1906 3246 2044 3317 ἄρας

2151 3253 2391 3307 mentius
2443 3252 2675 3320 spirant,
2733 3252 3034 3321 imperator
3065 3266 3193 3306 cum
3227 3251 3489 3305 omnibus
3523 3251 3730 3304 navali-

460 3344 497 3397 ὁ
531 3341 782 3412 βασιλεὺς
806 3340 946 3411 μετά
970 3341 1149 3409 πάσης
1160 3341 1262 3410 τῆς
1282 3341 1549 3408 ναυτικῆς
1575 3340 1863 3409 δυνάμεως
1888 3339 2044 3393 ἔπλει

2151 3340 2256 3397 bus
2288 3341 2463 3410 copiis
2505 3341 2799 3411 Mitylenen
2851 3340 3047 3394 tendit.
3073 3340 3144 3394 At
3188 3338 3411 3395 Catanis
3444 3340 3722 3405 triremes,

465 3437 528 3497 ἐς
564 3434 906 3504 Μιτυλήνην.
950 3432 1016 3486 Ai
1054 3433 1097 3485 δ’
1123 3432 1264 3487 ἐτιτά
1294 3432 1388 3488 τοῦ
1427 3433 1650 3502 Κατάνη
1677 3434 1932 3503 τριήρεις
1950 3432 2048 3499 τὴν

466 3524 792 3595 Μιτυλήνην
830 3523 1271 3594 παραπλέουσαι,
1299 3523 1577 3594 πλείουςῆ
1627 3523 1771 3578 κατὰ
1821 3523 2051 3593 προσδο-

465 3616 601 3670 κίαν
627 3615 888 3677 ἐπιούσας
918 3615 1015 3678 τὰς
1043 3614 1133 3668 τοῦ
1167 3614 1433 3683 βασιλέως
1492 3616 1819 3687 ἐωρακυϊαι,
1863 3615 1920 3668 ai
1950 3615 2048 3683 μὲν

464 3705 567 3759 δύο
592 3706 872 3773 φθάσασαι
905 3704 1411 3775 προσωρμίσθησαν
1467 3706 1545 3775 τῷ
1598 3708 1697 3774 τῆς
1732 3703 2051 3772 Μιτυλήνης

465 3798 677 3870 λιμένι,
730 3800 784 3853 αἱ
830 3798 886 3851 δὲ
939 3798 1104 3853 πέντε
1163 3800 1547 3863 ἀπεγνωκυῖαι
1600 3801 1656 3861 ἐς
1697 3799 1797 3868 τὴν
1852 3799 2049 3867 χέρσον

468 3891 793 3958 ἐξώκειλαν,
836 3890 931 3944 καὶ
966 3890 1168 3950 πάντες
1195 3891 1245 3944 oi
1292 3891 1350 3944 ἐν
1378 3892 1567 3952 αὐταῖς
1602 3890 1928 3957 ἀποθέμενοι
1983 3889 2052 3941 τά

465 3983 615 4037 ὅπλα
641 3982 873 4052 ἔφευγον
898 3997 912 4011 ·
951 3978 1026 4036 ὧν
1050 3983 1101 4036 oi
1133 3984 1233 4052 μέν
1257 3982 1495 4053 ἔδραμον
1525 3987 1606 4046 εἰς
1644 3984 1745 4053 τὴν
1799 3984 2049 4053 Μιτυλή-

463 4092 596 4148 νην,
621 4077 671 4128 oi
698 4076 744 4130 δ’
788 4074 973 4147 ἀνοδίᾳ
1026 4078 1365 4148 χρησάμενοι
1414 4076 1786 4147 διεφθάρησαν
1810 4078 1915 4130 ὑπὸ
1943 4077 2052 4130 τῶν

464 4169 744 4224 Λεσϐίων.
777 4170 889 4232 Τὰς
946 4169 1001 4224 δὲ
1050 4170 1211 4223 πέντε
1262 4169 1397 4229 ναῦς
1432 4170 1663 4240 πλήρεις
1726 4171 1907 4224 ὃπλων
1955 4171 2052 4224 καὶ

464 4262 723 4332 ὀψωνίων
751 4263 1024 4316 ναυτικῶν
1061 4266 1110 4315 oi
1143 4263 1238 4315 τοῦ
1281 4262 1544 4332 βασιλέως
1594 4262 1854 4325 λαϐόντες
1914 4264 2053 4317 ἀπέ-

469 4356 720 4412 πλευσαν
752 4358 809 4418 ἐς
830 4356 960 4408 Χίον
992 4355 1090 4425 τὴν
1114 4357 1277 4425 νῆσον
1309 4357 1425 4427 ἅμα
1454 4356 1532 4427 τῷ
1561 4355 1798 4424 βασιλεῖ,
1829 4354 2052 4426 πληρώ-

469 4463 664 4509 σοντες
689 4442 787 4509 τᾶς
824 4447 927 4515 ήδη
957 4445 1261 4514 ληφθείσας
1314 4445 1479 4498 πέντε
1528 4446 1779 4517 τριήρεις
1832 4445 2053 4508 ἐκείνας

468 4537 683 4609 ἐρετῶν
706 4554 764 4589 τε
802 4536 896 4589 καὶ
919 4536 1107 4587 ὁπόσοι
1137 4536 1200 4586 ἐκ
1239 4533 1349 4586 τῶν
1412 4534 1905 4604 καταστρωμάτων
1958 4533 2056 4603 μά-

2148 3450 2271 3502 quae
2306 3446 2419 3488 tum
2447 3442 2654 3500 septem
2687 3448 2915 3499 numero
2941 3433 3226 3503 Mitylenes
3257 3446 3411 3485 oram
3450 3417 3727 3501 legebant,

2150 3538 2273 3579 cum
2305 3524 2491 3593 plures
2519 3527 2930 3593 exspectatione
2958 3540 3055 3578 sna
3089 3539 3257 3579 naves
3288 3522 3726 3592 conspexissent.

2149 3618 2271 3673 dua:
2299 3617 2521 3687 quidem
2558 3617 2612 3670 in
2646 3625 2864 3681 portum
2906 3616 3096 3671 statim
3127 3624 3457 3681 evaserunt;
3486 3614 3731 3685 quinque

2151 3726 2283 3765 vero
2310 3725 2408 3780 per
2432 3710 2875 3780 desperationem
2918 3709 2973 3764 in
3005 3721 3206 3763 terram
3246 3706 3598 3778 appulerunt.
3625 3706 3729 3772 Qui

2150 3812 2335 3858 antem
2387 3802 2442 3856 in
2469 3801 2553 3857 eis
2608 3804 2853 3867 fuerunt,
2880 3816 3074 3857 omnes
3108 3801 3340 3870 abiectis
3385 3799 3554 3853 armis
3574 3798 3730 3867 fuge-

2151 3906 2282 3952 runt
2310 3915 2324 3949 :
2352 3910 2587 3965 quorum
2631 3894 2724 3948 alii
2779 3909 2946 3949 cursu
2995 3892 3291 3964 Mitylenen
3336 3898 3728 3961 pervenerunt,

2151 3988 2241 4043 alii
2276 3973 2377 4045 via:
2408 3986 2583 4056 ignari
2615 4001 2647 4040 λ
2678 3985 2892 4041 Lesbiis
2933 3985 3212 4040 interfecti
3259 3994 3406 4039 sunt.
3435 3983 3735 4054 Imperato-

2153 4080 2219 4132 rii
2257 4093 2389 4132 vero
2422 4092 2592 4130 naves
2623 4077 2866 4145 quinque
2910 4074 3082 4129 armis
3115 4083 3172 4129 et
3205 4086 3514 4128 commeatu
3545 4072 3734 4141 plenas

2153 4176 2442 4237 ceperunt,
2465 4175 2520 4221 et
2551 4167 2621 4221 iis
2644 4183 2830 4223 secum
2860 4167 3119 4222 abductis
3143 4166 3341 4221 Chium
3372 4181 3568 4219 versus
3604 4178 3732 4218 cum

2154 4260 2489 4329 imperatore
2554 4260 2907 4329 navigarunt,
2939 4260 3060 4313 illas
3120 4260 3269 4328 ipsas
3314 4273 3453 4327 quas
3474 4265 3737 4325 ceperant

2154 4352 2402 4421 quinque
2428 4353 2686 4407 triremes
2738 4352 3042 4421 remigibus
3075 4351 3439 4421 eompleturi;
3471 4350 3601 4403 item
3636 4347 3738 4400 mi-

2155 4441 2368 4501 litibus.
2403 4441 2497 4510 qui
2527 4456 2559 4496 e
2593 4441 2854 4496 tabulatis
2877 4450 3207 4511 pugnarent.
3229 4442 3410 4509 Atque
3448 4439 3561 4492 haec
3589 4438 3735 4505 apud

2156 4529 2354 4586 Chium
2407 4543 2560 4584 mora
2611 4531 2956 4586 festinationi
3019 4541 3076 4585 et
3137 4530 3324 4586 studio
3386 4527 3737 4598 imperatoris

468 4628 672 4701 χεσθαι
704 4627 954 4699 ἔμελλον.
988 4627 1148 4695 Μέγα
1170 4626 1215 4680 δ’
1252 4628 1468 4695 ἐγένετο
1497 4627 1808 4697 ἐναντίωμα
1833 4628 1899 4698 τῇ
1953 4626 2049 4678 τοῦ

2156 4625 2312 4679 valde
2359 4626 2588 4680 adVersa
2637 4624 2861 4680 accidit.
2895 4624 3129 4679 Catanes
3177 4622 3326 4677 enim
3354 4623 3465 4692 jam
3505 4635 3737 4674 securus

472 4721 746 4795 βασιλέως
784 4720 985 4788 σπουδῇ
1027 4722 1121 4773 καὶ
1144 4720 1364 4787 θελήσει
1401 4721 1432 4789 ἡ
1470 4719 1603 4789 πρὸς
1630 4719 1727 4789 τὴν
1756 4720 1888 4772 Χίον
1909 4718 2048 4789 αῦτη

469 4815 753 4885 διατριϐή.
771 4812 857 4885 [P.
885 4812 1018 4885 525]
1037 4813 1248 4875 Ἀδείας
1277 4813 1383 4882 γὰρ
1412 4814 1440 4866 ὁ
1482 4812 1734 4882 Κατάνης
1755 4811 2053 4881 λαϐόμενος

468 4907 580 4976 τήν
614 4922 673 4957 τε
708 4905 1023 4974 Μιτυλήνην
1049 4903 1383 4974 ὠχυρώσατο
1408 4903 1504 4956 καὶ
1529 4904 1730 4970 πολλὴν
1761 4906 2052 4973 εἰσήνεγκε

468 4996 710 5067 δύναμιν
762 4997 1166 5067 στρατιωτικὴν
1208 4996 1302 5047 καὶ
1361 4994 1628 5064 χορηγίαν
1669 4994 2053 5064 ἀφθονωτέραν

470 5087 587 5142 τῶν
619 5085 935 5157 χρειωδῶν·
997 5086 1091 5138 καὶ
1147 5086 1228 5137 ἐτι
1288 5088 1346 5147 ἐς
1406 5085 1662 5138 Φώκαιαν
1719 5085 1941 5155 πέμψας
1988 5083 2054 5148 ἃς

472 5174 596 5249 εἶχε
615 5179 710 5232 δύο
740 5177 1160 5247 ταχυπλοούσας
1206 5179 1457 5248 τριήρεις
1486 5176 1555 5230 τά
1590 5178 1753 5246 ὃμοια
1805 5179 2053 5244 ἐπεπρά-

474 5285 569 5340 χει
599 5268 768 5337 πολλῇ
803 5268 1151 5338 χρησάμενος
1182 5269 1249 5337 τῇ
1303 5267 1534 5336 σπουδῇ.
1589 5266 1741 5320 Μετά
1784 5265 1841 5318 δὲ
1878 5266 2054 5319 ταῦτα

476 5360 868 5423 καταπλεύσας
920 5361 949 5412 ὁ
1008 5359 1112 5430 βασ
1138 5360 1262 5420 λεὺς
1317 5360 1458 5427 μετὰ
1514 5358 1624 5410 τῶν
1664 5357 1945 5428 δυνάμεων
1997 5358 2054 5421 ἐς

483 5454 766 5518 ⁴ἰδώκαιαν,
802 5438 1323 5523 προσκαλεσάμενος
1378 5453 1432 5504 δὲ
1472 5455 1569 5503 καὶ
1619 5450 1714 5504 τὸν
1744 5450 1842 5521 τὴν
1896 5449 2059 5519 πέριξ

476 5545 757 5616 ἐπαρχίαν
786 5544 980 5618 ἔχοντα
1004 5545 1269 5616 Τοῦρκον,
1307 5544 1403 5597 are
1456 5542 1614 5607 εἰδὼς
1669 5545 1929 5596 κάκεῖνον
1958 5545 2057 5615 ἀχ-

480 5637 711 5706 θόμενον
743 5638 809 5691 ἐκ
848 5637 1045 5689 πολλοῦ
1076 5639 1188 5699 τοῖς
1215 5635 1502 5689 Φωκαεῦσι
1562 5635 1814 5698 Λατίνοις
1833 5635 1926 5713 διὰ
1954 5638 2055 5700 τὰς

2155 4715 2453 4789 Mitylenen
2512 4717 2771 4782 munivit,
2835 4731 3087 4785 magnam
3135 4713 3372 4769 militum
3425 4727 3646 4766 manum
3678 4723 3736 4765 et

2157 4812 2384 4866 uberem
2437 4791 2804 4868 commeatum
2868 4809 3207 4874 introduxit;
3263 4815 3322 4863 et
3363 4807 3578 4861 duabus
3628 4803 3737 4858 illis

2155 4902 2425 4972 expeditis
2462 4903 2802 4964 triremibus,
2839 4917 2977 4971 quas
2997 4899 3253 4961 habebat,
3277 4898 3564 4952 Phocaeam
3609 4896 3737 4950 mis-

2158 4993 2256 5056 sis.
2289 5003 2441 5049 tanta
2476 4993 2760 5064 diligentia
2792 5007 2923 5047 usus
2947 5003 3054 5054 est,
3091 5001 3149 5044 nt
3195 5002 3251 5046 et
3284 4990 3361 5044 illi
3396 4988 3516 5042 urbi
3540 4986 3735 5041 eodem

2158 5083 2324 5139 modo
2366 5083 2691 5155 providerit.
2727 5083 2856 5136 Post
2906 5080 3023 5136 haec
3070 5083 3370 5148 imperator
3398 5093 3522 5132 eum
3563 5075 3738 5146 copiis

2161 5174 2450 5230 Phocaeam
2513 5174 2796 5236 advectus,
2836 5171 3071 5241 ipsumet
3101 5170 3282 5224 'l‘urco
3341 5168 3738 5237 circumiacen-

2162 5266 2300 5322 tium
2349 5268 2601 5321 locorum
2642 5264 2868 5318 domino
2925 5263 3188 5318 arcessito
3247 5261 3472 5331 (quippe
3529 5258 3733 5313 sciebat

2158 5359 2313 5414 illum
2344 5374 2564 5429 quoque
2593 5359 2706 5429 jam
2736 5358 2829 5410 diu
2872 5357 3295 5412 Phncmensibus
3325 5353 3528 5408 Latinis
3555 5351 3734 5406 infen-

2156 5468 2281 5508 sum
2297 5453 2370 5507 ob
2391 5452 2540 5505 illata
2576 5451 2683 5505 sibi
2714 5452 2783 5505 ab
2809 5452 2888 5505 eis
2916 5450 3108 5505 crebra
3140 5443 3511 5515 de’trimenta),
3540 5445 3735 5501 castel-

2158 5546 2273 5601 lum
2340 5554 2488 5599 terra
2532 5544 2782 5613 marique
2827 5543 3068 5607 obsidet,
3124 5542 3323 5596 Turcis
3367 5548 3732 5594 commeatum

2164 5638 2370 5694 aﬁatim
2404 5639 2457 5693 in
2492 5638 2748 5693 triremes
2782 5637 3226 5705 lmportantibus.

482 5730 593 5785 5216
626 5731 777 5801 σφῶν
833 5732 1182 5802 ἐπαγομένας
1241 5731 1392 5801 αύτῷ
1452 5730 1787 5800 συχνοτέρας
1826 5729 2056 5800 ζημίας,
2100 5732 2730 5806 περιεστρατοπέδευσεν
2796 5732 2940 5786 οῦτω
2971 5732 3032 5785 τὸ
3079 5728 3340 5801 φρούριον
3405 5725 3468 5779 E1.
3511 5741 3572 5778 τε
3626 5722 3734 5792 γῆς

479 5823 578 5875 καὶ
604 5823 880 5893 θαλάττης
921 5824 1249 5895 πολιορκῶν,
1285 5821 1485 5892 πολλῆς
1524 5822 1621 5892 τῆς
1652 5822 1920 5892 χορηγίας
1951 5822 2057 5877 τῶν
2096 5825 2373 5897 χρειωδῶν
2402 5827 2852 5897 παραγινομένης
2913 5825 2970 5889 ἐς
3002 5823 3100 5888 τὰς
3164 5822 3411 5894 τριήρεις
3444 5820 3595 5890 παρᾶ
3622 5816 3733 5873 τῶν

482 5909 759 5992 Τούρκων.
