3842 6572
445 361 555 426 ,Ἶῖιι
714 350 815 433 ’[Α.
859 374 915 413 ιι.
951 356 1091 416 6856
1132 374 1197 415 to
1236 356 1399 433 68i9]
1658 360 1962 429 NICEPIIt

2148 360 2534 424 GREGORJ!
2790 356 2926 432 lin.
2967 373 3247 416 ειωιοιιιο.
3284 363 3418 437 me]
3574 378 3654 443 περ

457 482 510 533 ἱιι
543 480 663 551 ejus
687 493 919 549 corpore
951 476 1236 543 excitavit,
1266 485 1475 547 quanta
1508 491 1629 533 esse
1656 477 1832 548 possit
1862 476 1916 531 in
1949 491 1974 531 ε

2149 491 2311 546 τητος
2361 475 2637 547 ξηρότητα
2702 473 2993 546 ἐνεποίησε
3052 474 3131 547 τῷ
3175 473 3380 547 σώματι
3423 485 3654 559 τοιαύτην⁹

456 570 552 641 qui
587 569 778 640 viginti
811 584 987 625 annos
1031 581 1195 625 natus
1218 569 1309 625 sit.
1365 569 1523 627 Unde
1551 570 1718 625 etiam
1747 584 1846 639 par
1873 569 1973 626 rnb

2146 569 2264 623 οἵαν
2320 570 2416 623 καὶ
2468 568 2789 640 εἰκοσαέτης
2848 569 2961 641 ἐχοι
3018 568 3086 625 άν
3112 586 3127 602 ’
3164 570 3450 627 κάντεῦθεν
3478 582 3558 634 καὶ
3582 590 3657 654 την

446 662 711 733 partibus
759 672 811 716 ct
846 662 1112 716 membris
1137 664 1260 733 ejus
1290 662 1546 728 accessit,
1583 671 1643 717 ut
1682 660 1811 717 inde
1839 661 1963 732 cuiq

2144 662 2341 733 ὁμοίαν
2390 664 2549 735 ίσχὺν
2592 667 2708 728 τοῖς
2748 663 2939 732 μέλεσι
2970 666 3068 718 καὶ
3118 664 3326 735 μορίοις
3349 667 3499 723 αὐτοῦ
3526 678 3659 740 γείν-

456 758 604 812 artati
632 756 970 812 conveniens
998 756 1403 812 incrementum
1431 766 1488 812 et
1524 757 1926 811 nutrimentum
1951 771 1973 810 ε

2144 755 2411 823 τέθεικεν,
2445 757 2521 821 ὡς
2550 757 2883 829 συσχεθῆναι
2908 757 3011 828 μὲν
3038 757 3131 812 διά
3163 757 3336 814 ταῦτα
3375 761 3465 834 τὴν
3488 766 3658 837 ἁρμότ.

465 852 754 906 hiberctur
786 868 800 905 :
838 859 1039 906 natura
1065 863 1201 904 vero
1234 852 1373 919 ipsa,
1409 858 1468 903 ut
1508 850 1576 903 ab
1604 864 1694 913 eo,
1758 848 1853 919 qui
1883 848 1982 903 fin)

2144 866 2346 903 τουσαν
2386 850 2596 921 ἑκάστῃ
2628 850 2739 905 τῶν
2782 851 3015 923 ήλικιῶν
3068 850 3301 922 αὔξησιν
3339 854 3427 908 καὶ
3452 862 3654 932 τροφήν·

365 1003 376 1016 ,
440 953 511 998 -et
539 943 840 1015 colligavit,
869 942 1234 1018 constitutum
1269 950 1376 1004 est,
1433 939 1668 1012 seipsam
1695 954 1882 1010 regere

2147 943 2225 1015 μὴ
2274 945 2419 1016 ἔχειν
2467 944 2515 999 δ’
2552 943 2725 1017 αὐτὴν
2776 945 2980 1017 ἐαυτὴν
3034 944 3261 1000 διοικεῖν
3294 946 3389 1018 τήν
3423 951 3662 1019 adsimili;

458 1046 664 1106 posset.
702 1035 797 1091 Sic
841 1035 990 1090 enim
1025 1035 1326 1089 animantis
1379 1032 1612 1088 fortnam
1665 1031 1860 1088 artifex
1899 1032 1971 1088 De

2145 1039 2347 1111 ἐτάχθη
2400 1041 2539 1110 πρὸς
2613 1038 2713 1094 τοῦ
2774 1040 3110 1112 ποιήσαντος
3169 1038 3268 1094 καὶ
3331 1041 3662 1113 συνδήσαντος,

456 1126 917 1199 contemperavit,
953 1136 1012 1183 ut
1043 1127 1191 1183 nulla
1226 1126 1302 1182 illi
1337 1126 1576 1195 amplius
1603 1124 1922 1179 accessione
1955 1140 1973 1177 ι

2150 1132 2308 1187 Οῦτω
2360 1135 2472 1205 γὰρ
2525 1132 2630 1206 τὴν
2680 1131 2776 1187 τοῦ
2826 1133 2971 1198 ζώου
3004 1133 3206 1190 πλάσιν
3242 1135 3273 1188 δ
3313 1137 3542 1209 τεχνίτης
3566 1141 3667 1207 Θεὸς

457 1223 778 1280 decessione
811 1223 885 1279 sit
914 1236 1076 1290 opus.
1134 1220 1242 1277 Sed
1294 1227 1354 1275 ut
1403 1221 1456 1272 in
1496 1228 1769 1275 concentu
1828 1220 1969 1273 musi

2152 1225 2534 1297 συνεκέρασεν,
2565 1226 2641 1290 ὡς
2679 1228 2757 1299 μή
2809 1225 3023 1280 δεῖσθαι
3060 1225 3335 1297 μηδεμιᾶς
3378 1228 3453 1281 ἔτι
3480 1233 3669 1306 προσθή-

451 1317 564 1374 alia
591 1317 800 1373 chorda
827 1317 1034 1380 laxata,
1058 1313 1165 1369 alia
1196 1317 1407 1369 intenta
1438 1311 1579 1367 ultra
1604 1327 1768 1381 quam
1804 1327 1904 1381 par
1930 1328 1968 1367 e:

2153 1335 2249 1386 ιιης
2281 1318 2315 1389 ἢ
2373 1318 2700 1387 ἐλλείψεωςο
2755 1318 2893 1373 ἀλλὰ
2939 1318 3195 1390 καθάπερ
3228 1319 3288 1373 ιν
3330 1310 3546 1393 άρμοῦίᾳ
3568 1343 3670 1393 μου.

457 1411 853 1466 modulationis
884 1410 1079 1477 vitium
1115 1407 1591 1491 deprehenditur:
1623 1407 1698 1461 ita
1729 1404 1820 1461 hic
1844 1406 1974 1461 etiat

2153 1411 2433 1482 σικῇ,.τῆς
2463 1409 2564 1481 μὲν
2585 1408 2838 1482 λυθείσης
2859 1411 2969 1464 τῶν
2997 1409 3229 1481 χορδῶν,
3266 1413 3361 1481 τῆς
3388 1410 3444 1466 δέ
3465 1413 3670 1485 ταθείσης

457 1520 583 1560 cum
615 1501 918 1558 animantis
957 1514 1250 1570 compages
1309 1498 1381 1553 ab
1430 1497 1616 1568 aliqua
1655 1498 1899 1553 materia:
1951 1512 1974 1550 v

2155 1501 2289 1571 ὕπὲρ
2321 1501 2383 1555 τὸ
2429 1501 2580 1566 εἰκὸς
2601 1543 2617 1570 ,
2665 1502 2699 1573 ή
2741 1499 2836 1556 τοῦ
2878 1501 3075 1572 μέλους
3107 1501 3384 1573 φαυλότης
3413 1503 3672 1575 ἐλέγχεται,

458 1595 699 1663 penuria
728 1592 1078 1655 destituitur,
1102 1593 1189 1646 vel
1224 1589 1589 1645 redundantia
1611 1589 1964 1661 opprimitur,

2157 1594 2287 1650 ιῦτω
2340 1593 2624 1649 κάνταῦθα
2657 1595 2758 1666 τῆς
2793 1594 2890 1649 τοῦ
2917 1593 3063 1660 ζώου
3109 1594 3442 1666 συμπήξεως
3471 1597 3674 1669 sapa“.

454 1698 676 1757 tempus
708 1684 1014 1755 legitimum
1052 1681 1411 1751 praeterierit,
1462 1680 1840 1750 generationis
1877 1679 1971 1734 eti

2158 1687 2337 1757 οείσης
2386 1686 2495 1740 ὑπό
2549 1702 2699 1749 τινος
2763 1684 2955 1756 ὑλικῆς
3005 1685 3214 1751 ἐνδείας
3265 1686 3301 1756 ή
3357 1686 3675 1759 πλεονασμοῦ,

458 1780 729 1837 Crementi
792 1775 1108 1847 progressio
1151 1774 1611 1845 interrumpitur:
1638 1774 1893 1843 ldetnque
1922 1771 1974 1828 fe

2157 1780 2247 1832 ttat
2298 1777 2392 1831 τὸν
2429 1778 2788 1849 προσήκοντα
2840 1778 3283 1849 παραμειψάσης
3329 1779 3582 1852 χρόνον,ή
3611 1783 3674 1847 είς

453 1874 663 1929 evenit.
691 1870 841 1943 quod
878 1871 931 1925 in
965 1868 1199 1925 novellis
1227 1839 1462 1923 tioribus
1491 1866 1766 1934 videmus,
1797 1839 1895 1936 qui
1913 1882 1970 1920 an

2163 1869 2219 1925 ιὰ
2257 1871 2449 1941 πρόσω
2475 1839 2689 1939 ’πορεία
2717 1854 2819 1940 τῆς
2851 1839 3126 1939 γενέσεως
3153 1839 3552 1942 “tulissem;
3571 1839 3680 1928 ’διαὶ

450 1979 676 2037 tempus
702 1966 906 2028 exorti,
946 1975 1112 2034 atque
1140 1961 1283 2017 adeo
1333 1976 1601 2017 novarum
1628 1960 1790 2031 quasi
1848 1964 1967 2014 reri]

2159 1962 2413 2016 κόπτεται
2443 1974 2459 1991 ⁶
2535 1962 2633 2016 καὶ
2696 1961 2910 2031 γίνεται
2970 1961 3361 2033 παραπλήσιον
3419 1963 3477 2016 τὸ
3522 1965 3676 2031 πάθος,

452 2070 515 2117 ct
566 2058 909 2116 temeritatis
965 2040 1071 2120 rei,
1134 2053 1380 2109 fulminis
1418 2063 1476 2109 et
1507 2052 1791 2126 grandinis
1831 2050 1969 2122 impe

2161 2055 2324 2109 ltrol'ov
2386 2055 2491 2109 κάν
2556 2057 2672 2119 τοῖς
2742 2054 3087 2120 νεοδλάστοις
3164 2055 3385 2127 δρῶμεν
3441 2058 3678 2127 γινόμενον

460 2160 836 2215 marcescunt,
882 2160 939 2204 et
966 2148 1209 2216 vigorem
1242 2146 1603 2225 immodicum
1635 2143 1843 2216 frigore
1875 2145 1977 2198 aml

2167 2148 2387 2212 ἱνθεσιν,
2415 2145 2452 2202 a
2483 2146 2587 2218 τὴν
2612 2147 2765 2217 ὥραν
2807 2150 3247 2219 προαρπάσαντα
3277 2148 3559 2205 κάντεῦθεν
3581 2167 3684 2202 νεω-

456 2253 603 2309 tunt,
630 2250 689 2298 et
717 2241 917 2313 pruina
943 2238 1330 2308 intempestiva
1365 2235 1662 2301 laeduntur,
1693 2252 1816 2307 qua
1839 2236 1965 2306 plan

2165 2238 2406 2309 reptapoﬁ
2426 2255 2571 2304 τινος
2596 2241 2691 2293 καὶ
2714 2236 3046 2308 προπετείας
3057 2240 3294 2310 ὖφλοντα
3314 2240 3465 2310 δίκην
3483 2241 3682 2312 σκηπτοῦ

446 2334 738 2390 luxuriem
772 2329 1068 2386 evidenter
1093 2327 1368 2397 coarguit.
1472 2382 1475 2385 γ

2153 2332 2234 2384 καὶ
2280 2329 2524 2400 χαλάζης
2578 2332 2939 2403 μαραίνουσιν
2975 2333 3210 2403 ἐμδολαὶ
3253 2333 3351 2386 καὶ
3377 2330 3538 2403 ψύχος
3566 2333 3670 2386 άτι-

449 2432 684 2498 μίευτον
717 2427 948 2498 ἀφαιρεῖ
979 2422 1079 2491 τὴν
1126 2422 1330 2495 ἀκμὴν,
1358 2423 1455 2477 καὶ
1506 2424 1690 2495 πάχνη
1754 2441 1842 2488 τις
1908 2422 2112 2497 ἔξωρος
2149 2424 2368 2497 ἔλεγχος
2418 2426 2597 2497 σαφής
2653 2427 2753 2498 τῆς
2801 2427 3042 2500 λιχνείας
3097 2428 3427 2483 καθίσταται
3484 2425 3568 2481 τοῦ
3605 2442 3686 2497 9t.-

458 2540 577 2578 του.

524 2617 701 2691 548
731 2616 824 2672 W.
859 2619 1139 2671 Autumno
1166 2623 1353 2670 autem
1378 2614 1490 2687 jam
1518 2614 1747 2668 ineunte
1774 2610 2036 2667 Genuen-

2218 2608 2304 2683 [P.
2325 2607 2904 2683 558ῙΔ⁹ζΦθινοπὼρου
2931 2610 2975 2664 δ’
3007 2609 3320 2682 ἀρχομένου
3347 2611 3447 2683 ήδη
3473 2613 3688 2683 σύγχυσις
3711 2674 3726 2685 ,

462 2712 545 2768 sis
584 2708 903 2779 respublica
939 2706 1261 2779 perturbata
1288 2717 1393 2762 est.
1435 2702 1571 2759 Nam
1620 2703 1943 2773 quigenere

2171 2700 2358 2756 νίνεται
2388 2700 2664 2768 πολιτείας
2685 2703 2743 2755 ἐν
2768 2705 2833 2773 τῇ
2874 2703 3128 2775 Γεννούᾳ.
3166 2703 3294 2758 Τῶν
3324 2706 3430 2775 γὰρ
3465 2708 3595 2773 γένει
3619 2712 3688 2760 καὶ

452 2805 666 2877 opibus
701 2804 756 2858 in
783 2818 848 2859 ea
871 2802 1010 2857 urbe
1045 2799 1403 2871 praestabant,
1426 2799 1494 2854 ad
1534 2800 1734 2853 fastum
1759 2806 1816 2851 ct
1846 2810 1969 2866 supt

2173 2791 2367 2857 πλούτῳ
2405 2791 2758 2862 προύχόντων
2803 2792 2905 2863 τῆς
2965 2794 3173 2858 πόλεως
3232 2795 3450 2864 ἐκείνης
3493 2797 3611 2867 πρὸς
3645 2800 3690 2851 τὸ

460 2896 605 2965 biam
640 2894 1003 2956 deflexerunt,
1070 2891 1151 2945 sic
1202 2898 1264 2945 ut
1295 2888 1649 2945 democratia:
1695 2887 1976 2957 arquabilit

2173 2883 2359 2955 ταῦρον
2427 2883 2522 2939 καὶ
2577 2884 3097 2957 ὑπεροπτικώτερον
3167 2888 3602 2953 άποκλινάντων,
3649 2893 3690 2954 ἐς

462 2990 518 3043 in
547 2986 894 3061 tyrannidem
921 2991 1252 3039 mutaretur.
1280 2982 1444 3037 Plebs
1474 2982 1683 3050 itaque,
1714 2992 1840 3034 cum
1890 2991 1957 3032 ea

2175 2977 2440 3047 υραννίδα
2474 2978 2573 3050 τὴν
2603 2978 2702 3049 τῆς
2726 2979 3103 3049 δημοκρατίας
3151 2980 3535 3053 ὁμοφροσύνην
3564 3000 3692 3050 μετα-

456 3082 618 3136 valde
647 3088 965 3149 angeretur,
993 3078 1046 3131 in
1076 3091 1174 3132 eos
1206 3075 1465 3146 insurgit,
1529 3089 1607 3128 ac.
1649 3072 1843 3128 iisdem
1902 3087 1969 3125 ur

2176 3070 2444 3126 ἰάλλεσθαι
2479 3070 2784 3137 ξυνέδαινε.
2826 3073 2939 3126 Καὶ
2987 3072 3081 3125 διὰ
3134 3072 3303 3128 τοῦτο
3359 3075 3693 3147 ταλαιπωρούο

456 3174 672 3231 exactis
704 3187 875 3227 unum
898 3187 930 3227 e
959 3169 1165 3241 populo
1203 3167 1401 3224 ducem
1456 3167 1560 3222 sibi
1613 3166 1930 3229 constituit,

2175 3181 2311 3217 ιενοι
2367 3163 2558 3226 δεινῶς
2602 3165 2653 3217 οί
2698 3165 2935 3236 δημόται
2997 3166 3495 3233 κατεξανιστανται
3530 3166 3692 3221 τούτων

456 3266 829 3323 imitationem
862 3264 1005 3335 ejus,
1057 3275 1180 3333 quae
1237 3259 1382 3331 apud
1436 3259 1715 3313 Romanos
1749 3257 1880 3313 olim
1914 3256 1968 3310 fu

2178 3262 2248 3309 :a‘:
2284 3253 2553 3320 ἐξωθοῦσι
2592 3255 2693 3324 τῆς
2732 3256 2943 3318 πόλεως
2988 3255 3083 3308 καὶ
3116 3255 3456 3310 καθιστῶσιν
3496 3258 3695 3327 ἡγεμόνα

462 3359 769 3416 consularis
791 3354 1097 3428 dignitatis,
1135 3362 1229 3409 aut
1256 3353 1443 3425 potius
1476 3351 1730 3423 exemplo
1762 3367 1794 3405 a
1821 3350 1979 3407 Venet

2177 3348 2252 3419 ἧς
2303 3348 2582 3412 πολιτείας
2616 3347 2713 3401 Eva
2740 3347 2834 3401 τοῦ
2875 3347 3051 3418 δήμου
3075 3348 3211 3418 (2i),
3255 3349 3400 3403 κατὰ
3426 3349 3485 3401 τὸ
3510 3350 3694 3419 ἀρχαῖον

457 3455 657 3523 petito.
2154 3441 2254 3511 τῆς
2286 3440 2550 3504 ὑπατείας
2577 3440 2687 3495 τῶν
2720 3440 3015 3513 Ῥωμαίων
3045 3441 3347 3514 άξίωμα.ἢ
3374 3441 3565 3511 μᾶλλον
3586 3442 3697 3494 κατὰ

2153 3534 2255 3607 τὴν
2280 3533 2389 3588 τῶν
2424 3534 2726 3589 Βενετικῶν
2770 3534 3070 3589 πολιτείαν.

539 3637 601 3693 V.
631 3635 826 3691 llieme
850 3646 983 3687 vero
1014 3630 1221 3700 elapsa,
1250 3641 1374 3684 cum
1396 3626 1475 3681 sol
1502 3626 1614 3697 jam
1635 3624 1880 3681 Arietem
1922 3637 2051 3693 per-

2230 3631 2306 3685 E’.
2338 3629 2446 3683 Τοῦ
2485 3629 2542 3683 δέ
2577 3629 2850 3700 χειμῶνος
2891 3627 3085 3682 τούτου
3122 3630 3593 3704 παρερῤυηκότος,
3628 3628 3698 3682 καὶ

467 3724 755 3784 transiret,
786 3730 1003 3776 cometa
1030 3718 1183 3774 ensis
1217 3718 1399 3788 specie
1424 3716 1479 3771 in
1509 3718 1652 3772 cmlo
1676 3715 1951 3785 apparuit,
1976 3730 1984 3768 ι

2181 3721 2253 3776 ποῦ
2286 3722 2437 3792 ήλίου
2479 3723 2572 3776 τὸν
2608 3724 2766 3794 κριὸν
2813 3725 3316 3796 παραλλάττοντος,
3352 3726 3519 3794 ἐφάνη
3543 3723 3698 3791 Ξιφίας

467 3818 617 3873 mitis
643 3814 869 3887 quidem
896 3811 971 3879 ei,
1020 3812 1116 3882 qui
1171 3820 1300 3865 ante
1361 3810 1665 3864 triennium
1694 3822 1984 3878 apparuer:

2180 3833 2215 3870 ην
2269 3814 2510 3886 οὐρανῷ,
2547 3816 2733 3885 ὅμοιος
2766 3814 2866 3886 μὲν
2902 3815 2981 3887 τῷ
3030 3816 3136 3886 πρὸ
3187 3815 3363 3887 τριῶν
3390 3816 3489 3887 ήδη
3516 3817 3697 3885 φανέντι

463 3913 559 3967 sed
599 3926 708 3963 non
736 3908 930 3962 eodem
958 3906 1013 3959 in
1043 3905 1186 3967 loco,
1213 3916 1313 3957 nec
1337 3910 1491 3955 motu
1517 3900 1733 3955 eodem.
1760 3900 1895 3955 Nam
1923 3900 1976 3954 in

2180 3904 2268 3961 τῶν
2309 3907 2599 3971 ἐνιαυτῶν,
2649 3905 2712 3959 οὐ
2769 3905 2900 3976 περὶ
2953 3905 3045 3959 τὸν
3088 3905 3256 3960 αὐτὸν
3288 3905 3347 3959 δὲ
3394 3904 3697 3973 τόπον,οὺδὲ

466 4002 808 4074 auspicatus,
839 4000 930 4054 ubi
965 3996 1151 4053 Chclm
1172 3994 1502 4050 desinebant
1531 4005 1589 4048 et
1619 3991 1863 4064 Virginis
1897 3993 1978 4063 Spi

2181 3999 2256 4071 τὴν
2302 3999 2503 4070 ὁμοίαν
2553 3998 2883 4069 ποιούμενος
2920 3997 3137 4068 κίνησιν
3162 4013 3177 4029 ο
3215 3998 3362 4052 ἀλλὰ
3433 3999 3698 4067 ἀρξάμενος

468 4110 584 4153 tum
616 4095 988 4159 occurrebat,
1018 4090 1250 4160 singulis
1286 4087 1495 4145 vicenis
1538 4088 1825 4158 quaternis
1874 4087 1985 4141 hori

2182 4093 2265 4145 ιπὸ
2286 4092 2383 4161 τῆς
2409 4092 2518 4144 τῶν
2544 4089 2726 4161 χηλῶν
2769 4090 3052 4160 τελευτῆς,
3086 4088 3217 4144 ἔνθα
3255 4090 3351 4144 τὸν
3400 4090 3593 4159 στάχυν
3626 4089 3699 4155 τῆς

464 4190 654 4262 quinis
685 4186 949 4260 gradibus
980 4182 1462 4254 progrediebatur,
1505 4181 1682 4237 donec
1704 4180 1772 4235 ad
1806 4179 1981 4235 Leone

2181 4182 2431 4253 παρθένου
2472 4179 2780 4252 τηνικαῦτα
2831 4184 3091 4251 παρεῖναι
3127 4181 3477 4247 συνέὸαινεν,
3505 4180 3698 4233 ἐκινεῖτο

461 4283 842 4356 pervenisset,
879 4278 974 4333 ubi
1010 4290 1240 4347 prorsus
1270 4277 1515 4331 evanuit.
1720 4284 1745 4295 ‘

2185 4277 2298 4330 ιατά
2312 4273 2669 4345 ,νυχθήμερον
2695 4274 2931 4329 ἐκαστον
2968 4276 3102 4343 περί
3136 4292 3243 4328 που
3287 4276 3390 4338 τὰς
3437 4275 3587 4327 πέντε
3615 4270 3702 4339 μοι·

2158 4385 2284 4439 ρας,
2313 4368 2419 4431 ἐως
2450 4369 2791 4439 κατήντησεν
2820 4368 2902 4432 είς
2926 4367 3018 4424 τὸν
3046 4367 3265 4437 λέοντα,
3315 4367 3481 4421 κάκεῖ
3524 4362 3703 4432 διελύθη

2148 4460 2373 4523 τελέως.

540 4561 633 4617 Ἦ.
658 4561 929 4617 Caeterum
966 4559 1273 4615 Turcorum
1303 4568 1430 4614 octo
1458 4557 1651 4624 millia,
1689 4555 2046 4628 Hellesponto

2226 4575 2320 4642 ς’.
2371 4573 2494 4626 Τῶν
2526 4573 2583 4627 δέ
2634 4573 2898 4646 Τούρκων
2930 4573 3076 4629 ὀκτὼ
3123 4574 3369 4647 χιλιάδες
3406 4574 3703 4643 δίαπεραιω·

464 4674 591 4714 eum
623 4656 893 4728 iumentis
918 4653 1168 4722 plerique
1195 4651 1450 4722 traiecto,
1507 4665 1727 4705 omnem
1755 4651 1981 4705 Thracia

2183 4663 2375 4734 άμενοι
2433 4666 2526 4719 τὸν
2598 4664 3018 4737 Ἑλλησπόντιον
3074 4667 3371 4738 πορθμὸν,
3440 4667 3573 4737 μετὰ
3616 4662 3700 4715 τῶν

463 4754 532 4806 ad
563 4749 789 4820 Mysiam
820 4763 995 4817 usque
1017 4746 1398 4815 diripuerunt.
1455 4741 1629 4809 Quam
1662 4743 1929 4799 Romanis
1957 4759 1980 4797 v

2185 4756 2459 4827 ποζυγίων
2509 4759 2559 4812 oi
2620 4758 2862 4827 πλείους,
2915 4760 3207 4832 ἐληίσαντο
3261 4762 3450 4815 πᾶσαν
3484 4760 3577 4829 τὴν
3601 4755 3702 4827 ἄχρι

465 4853 607 4898 stam
638 4852 693 4897 et
727 4842 799 4896 ab
831 4840 983 4894 omni
1019 4847 1176 4908 parte
1207 4838 1549 4891 inaccessam
1602 4851 1728 4890 cum
1785 4836 1982 4891 fecerit

2186 4848 2355 4903 Ιυσῶν
2383 4849 2628 4921 Θρᾴκην,
2656 4850 2723 4922 ἢν
2754 4849 2819 4921 δὴ
2858 4856 2955 4906 καὶ⁸
2988 4850 3285 4923 Ῥωμαίοις
3316 4852 3421 4922 μὲν
3444 4848 3633 4921 ἔρημόν
3660 4862 3703 4897 τε

401 4933 417 4955 ¹
466 4935 570 5004 ipsi
593 4943 759 4987 noctu
784 4943 840 4986 et
864 4931 1108 4985 interdiu
1143 4928 1398 5000 populari
1424 4942 1531 4982 non
1560 4926 1824 5011 desinunt
1859 4940 1873 4987 :
1906 4944 1918 4999 ι

2188 4940 2245 4993 αὶ
2269 4940 2467 5013 ἀτριδῆ
2503 4943 2885 5014 πεποιήκεσαν
2920 4926 3128 4998 πᾶσαν’
3156 4944 3315 4998 αὐτοὶ
3343 4942 3391 4996 δ’
3426 4939 3636 5011 ἄγοντές
3660 4951 3703 4990 τε

465 5031 595 5082 dam
666 5026 890 5095 quidem
964 5037 1186 5077 omnem
1262 5020 1317 5075 in
1389 5012 1613 5076 Asiam‘
1658 5029 1972 5089 tranSporta

2184 5033 2248 5087 al.
2283 5012 2544 5105 φέροντες
2587 5012 2940 5090 οὐκ-ὀκνοῦσι
2972 5035 3195 5108 νύκτωρ
3222 5037 3321 5089 καὶ
3369 5035 3491 5106 μεθ’
3520 5032 3701 5103 ήμέραν

466 5129 583 5184 tes,
643 5118 744 5187 ipsi
817 5130 951 5171 vero
1002 5128 1073 5168 ne
1125 5112 1292 5181 longo
1340 5111 1565 5181 quidem
1615 5122 1741 5183 post
1805 5120 1983 5185 tempo

2185 5129 2249 5182 al.
2279 5128 2380 5199 τήν
2425 5128 2525 5197 μὲν
2555 5128 2707 5182 λείαν
2754 5130 2939 5183 πᾶσαν
2982 5126 3401 5195 διαὸιὸάζοντες
3433 5131 3492 5192 ἐς
3532 5123 3702 5184 Ἀσίαν.

462 5213 715 5267 volentes
743 5210 967 5264 domum
1002 5204 1205 5273 redire,
1246 5204 1449 5276 quippe
1482 5218 1608 5259 cum
1640 5220 1805 5262 nemo
1837 5208 1979 5278 sit,q

2180 5222 2308 5275 ιύτοὶ
2337 5222 2383 5276 δ’
2422 5221 2864 5277 ἀπαλλάττεσθαι
2909 5222 3009 5293 τῆς
3056 5222 3283 5296 Θρᾴκης
3330 5222 3447 5276 οὐδ’
3490 5219 3581 5290 ὀψε
3623 5213 3697 5269 τοῦ

456 5311 551 5362 eis
586 5306 841 5361 obsistat.
2152 5313 2347 5384 χρόνου
2384 5312 2727 5386 βουλόμενοι,
2769 5316 2866 5371 au
2907 5315 3117 5389 μηδένα
3148 5315 3244 5370 τὸν
3271 5313 3704 5384 ἐναντιωσόμενον

2155 5407 2398 5477 ἔχοντες.

1826 5539 2166 5604 Variorum
2204 5550 2395 5606 notat.

531 5680 968 5755 (RUSimonem
1000 5680 1433 5755 Buccanegram.
1470 5680 1607 5735 Vide
1628 5677 1893 5755 Joannem
1924 5676 2035 5732 Vil-
2097 5667 2450 5755 'Bizarrum,
2502 5678 2602 5738 lib.
2666 5697 2718 5738 vt
2780 5680 3034 5740 Historia
3063 5679 3379 5748 Cannensis,
3426 5678 3525 5737 sub
3575 5688 3696 5733 anno

458 5748 821 5812 hdeuinlib.
855 5768 930 5820 xI,
962 5768 1083 5822 cap.
1120 5751 1213 5806 101
1241 5748 1383 5818 ςἸιι).
1416 5766 1513 5818 xu,
1547 5766 1669 5823 cap.
1700 5753 1789 5804 2b.
1817 5750 1975 5804 Petru

1069 5792 1083 5807 .
1120 5751 1213 5806 101
1241 5748 1383 5818 ςἸιι).
1416 5766 1513 5818 xn,
1547 5766 1669 5823 cap.
1700 5753 1789 5804 2b.
1817 5750 2036 5804 Petrum
2148 5748 2306 5803 1559.
2348 5751 2581 5808 Ducam.
