4088 6590
349 429 461 495 ’161
650 429 728 503 [Α.
769 447 820 488 ε.
860 431 1000 489 1328
1039 448 1104 490 ιι)
1148 433 1310 510 1541]

1431 441 1870 504 mamma:
1907 419 2452 511 HISTdRMELIB.
2499 453 2597 515 x1.

2749 447 2883 520 [ιιιρ.
2924 465 3204 509 Αιιυιιοιιιο.
3242 453 3384 528 tum]

3524 457 3628 522 762

351 547 518 617 λαᾶιμ
552 546 665 618 (54)
697 549 888 636 ἐαυτὸν
935 551 1232 618 ὀνομάσας.
1272 548 1438 617 Οὗτος
1472 555 1684 626 ῆσκητο
1717 557 1816 627 μὲν
1843 559 1938 613 καὶ

2067 561 2358 619 eruditione
2405 565 2709 621 instructus
2757 578 2898 629 erat.
2932 576 3046 622 tum
3093 568 3412 626 Graecorum
3461 573 3628 627 etiam

352 639 460 692 τέῦ
484 641 732 694 Λατίνων
759 641 1100 714 δογματικὴν
1129 645 1340 715 σοφίαν·
1369 647 1633 715 ἐγεύσατο
1655 650 1704 704 δ’
1727 649 1820 706 οὖν
1849 653 1947 705 καὶ

356 731 468 799 τῆς
502 733 738 804 θύραθεν
781 735 891 788 τῶν
936 735 1239 809 Ἑλλήνων,
1274 741 1322 794 εί
1371 742 1470 796 καὶ
1514 743 1590 815 μὴ
1622 742 1698 807 ὡς
1735 745 1948 809 ἐκεῖνος

361 821 671 892 ᾧετο,ἁλλ’
708 826 804 879 οὖν
833 829 1074 898 μετρίως
1128 832 1222 884 καὶ
1279 831 1436 904 ἄκρῳ
1471 833 1554 904 (τὸ
1610 835 1707 888 τοῦ
1761 834 1948 905 λόγου)

365 915 644 986 δακτύλῳ.
676 919 871 989 Τυχών
925 938 988 989 γε
1049 925 1156 994 μὴν
1197 925 1486 996 εὐμενείας
1518 927 1808 998 βασιλικῆς
1853 929 1950 980 καὶ

366 1008 607 1080 πλουσίᾳ
641 1013 704 1080 τῇ
737 1011 959 1084 γλώττῃ
1006 1017 1288 1084 σεμνύνων
1340 1017 1409 1072 τὰ
1456 1019 1653 1074 ἑαυτοῦ
1685 1019 1950 1090 ἐλοιδόρει

365 1101 473 1154 καὶ
515 1105 904 1174 κατεμέμφετο
957 1109 1057 1177 τὴν
1095 1109 1207 1162 τῶν
1258 1111 1574 1174 Βυζαντίων
1631 1111 1952 1177 πολιτείαν,

365 1191 607 1263 ἄμοιρον
635 1194 776 1252 εἶναι
823 1200 1018 1268 σοφίας
1048 1201 1214 1264 αὐτὸς
1258 1202 1802 1275 καταψηφιζόμενος,
1829 1205 1953 1256 ἐπι-

366 1283 588 1350 ϐούλως
621 1287 821 1342 οὑτωσὶ
868 1293 962 1345 καὶ
1002 1295 1294 1366 κακοήθως
1349 1295 1438 1349 διὰ
1491 1296 1592 1365 τῆς
1629 1295 1739 1349 τῶν
1775 1295 1954 1350 ἄλλων

361 1375 642 1450 λοιδορίας
683 1383 864 1454 ἐαυτῷ
903 1390 1435 1458 πραγματευόμενος
1489 1389 1738 1444 εὔκλειαν
1788 1391 1956 1459 δημο-

361 1471 556 1540 τικήνο
595 1471 670 1534 ὡς
719 1475 815 1528 καὶ
879 1475 1052 1529 πολὺν
1114 1479 1364 1532 ἐντεῦθεν
1414 1480 1506 1533 τὸν
1558 1480 1782 1533 ἔπαινον
1813 1479 1953 1549 πρὸς

361 1561 483 1615 τῶν
515 1564 866 1637 φαυλοτέρων
909 1564 1006 1622 καὶ
1040 1570 1268 1640 ἀμαθῶν
1297 1572 1732 1627 ἐπισπάσασθαι.

439 1652 523 1722 B'.
561 1657 704 1710 Ἀλλ’
729 1659 828 1712 οὐκ
864 1663 944 1723 είς
979 1665 1196 1735 μακρὰν
1226 1663 1468 1735 ἠλέγχθη
1499 1665 1734 1738 πίθηκος
1765 1665 1841 1722 ῶν
1862 1670 1956 1724 καὶ

360 1747 518 1815 πρὸς
562 1751 671 1803 τῶν
722 1752 1036 1816 Βυζαντίων
1094 1755 1275 1825 ὀλίγου
1309 1757 1413 1812 δέω
1474 1759 1654 1828 λέγειν
1699 1762 1956 1816 ἁπάντων

361 1841 758 1910 κατέγνωσται
797 1845 891 1898 καὶ
927 1847 1419 1920 διακεκωμῴδηται
1452 1851 1595 1906 π’ἇνυ
1637 1873 1721 1908 τοι
1751 1857 1956 1927 σφόδρα

362 1937 721 2005 περιφανῶς.
753 1939 825 1992 Τὸ
876 1939 922 1994 δ’
951 1941 1122 2005 ὅπως,
1165 1943 1382 2010 ἔξεστιν
1431 1946 1653 2000 ἀκούειν
1689 1951 1802 2011 τοῖς
1835 1948 1957 2019 βου-
1988 1933 2028 1988 Β

362 2025 626 2095 λομένοις
659 2033 1016 2103 ἐντυγχάνειν
1046 2037 1122 2105 τῷ
1164 2037 1400 2109 διαλόγῳ
1439 2041 1576 2111 (35),
1607 2043 1666 2095 ὃν
1701 2041 1812 2111 ἐγὼ
1837 2046 1956 2102 ταῖς

364 2121 488 2174 τῶν
521 2122 792 2178 πλείστων
848 2129 942 2182 καὶ
991 2131 1319 2202 σοφωτέρων
1351 2133 1603 2202 δεήσεσιν
1639 2136 1789 2202 εἴξας
1829 2137 1960 2206 Ευγ-

364 2216 653 2286 γέγραφα,
711 2221 1052 2293 πλατύτερον
1089 2223 1272 2279 πάντα
1327 2227 1617 2294 διεξελθὼν
1674 2233 1732 2284 ἐν
1784 2230 1955 2300 αὐτῷ.

366 2309 584 2363 Τούτου
612 2312 658 2365 δ’
688 2313 722 2376 ἡ
778 2314 879 2383 μὲν
924 2319 1231 2390 ἐπιγραφὴ,
1287 2323 1661 2390 Φλωρέντιος
1687 2366 1702 2389 ,
1754 2326 1788 2396 ἢ
1821 2325 1959 2393 περὶ

365 2406 604 2474 respiat;
625 2423 638 2439 ο
669 2409 704 2479 ἡ
754 2408 800 2462 δ’
826 2411 988 2481 ἀρχήο
1031 2431 1048 2462 ι
1089 2413 1261 2466 Πόθεν
1297 2416 1431 2484 ἡμῖν
1457 2418 1484 2469 ό
1510 2417 1674 2480 καλὸς
1715 2417 1959 2490 Φλωρέν-

366 2515 493 2563 τιος
525 2501 616 2554 διὰ
662 2503 858 2573 χρόνου
897 2505 1150 2575 καταίρει
1204 2507 1262 2572 ἐς
1317 2508 1376 2560 τί)
1429 2508 1538 2560 τῶν
1592 2511 1958 2579 Κερκυραίων

366 2593 648 2667 ἐπίνειον;
687 2595 841 2669 Τύχῃ
883 2599 1086 2670 ἀγαθῇ,
1131 2594 1176 2653 ὦ
1228 2600 1350 2666 φίλε
1391 2601 1747 2664 Κριτόϐουλε,
1782 2602 1958 2657 Σαλα·

371 2684 536 2756 μινία
580 2689 672 2740 καὶ
721 2689 973 2766 Πάραλος
1000 2733 1016 2758 ,
1069 2692 1126 2745 αί
1170 2691 1410 2761 μάλιστα
1459 2692 1764 2761 Ἀθηναίων
1789 2710 1955 2764 ταχυ-

369 2780 674 2834 ναυτοΰσαι
727 2785 998 2855 τριήρεις,
1050 2785 1378 2849 δεκαταίους
1436 2787 1586 2858 ἡμᾶς
1655 2787 1960 2856 Ἀθήνηθεν

367 2873 608 2943 ἥκουσιν
640 2875 873 2944 ἄγουσαι
908 2879 1170 2949 πρέσσεις
1202 2882 1259 2942 ἐς
1313 2881 1414 2951 τὴν
1449 2882 1559 2935 τῶν
1593 2882 1958 2952 Κερκυραίων

373 2966 603 3038 βουλὴν,
636 2968 1006 3039 άγγελοΰντας
1046 2973 1184 3028 ἄττα
1219 2975 1476 3044 ἀκηκοὼς
1529 2977 1624 3028 καὶ
1671 2975 1834 3039 αὐτὸς
1862 2977 1963 3029 οὐκ

370 3057 445 3112 ἂν
477 3053 636 3129 οἶμαι
663 3060 828 3130 ἔχοις.
876 3063 1025 3126 ὅπως
1048 3065 1169 3135 οὐχὶ
1206 3064 1540 3136 θαυμάσαις.
1591 3087 1608 3120 ι
1645 3065 1963 3119 Πέπλασται

371 3151 496 3222 γὰρ
526 3152 584 3204 ἐν
613 3151 689 3224 τῷ
718 3153 955 3223 διαλόγῳ
995 3157 1089 3209 καὶ
1131 3157 1428 3227 ἠλλοίωται
1463 3161 1597 3232 ἡμῖν
1633 3160 1702 3213 τά
1747 3178 1808 3212 τε
1852 3161 1962 3215 τῶν

2051 649 2263 708 litteras
2294 654 2552 724 profanas
2580 655 2925 726 degustarat;
2960 674 3069 713 non
3105 675 3200 715 eas
3232 660 3453 731 quidem
3489 678 3630 731 qua-

2051 755 2212 800 tenus
2251 745 2370 817 ipse
2404 747 2654 818 putabat.
2687 759 2926 805 attamen
2967 751 3319 807 mediocriter
3346 761 3402 807 et
3442 763 3628 808 extre-

2051 852 2141 891 mo
2189 837 2355 908 (quod
2391 839 2570 907 aiunt)
2616 840 2810 911 digito.
2849 841 3120 896 Caeterum
3168 844 3274 898 iste
3323 845 3629 914 propitium

2052 929 2443 1001 imperatorem
2476 942 2694 998 nactus,
2723 947 2851 988 suas
2895 949 2986 988 res
3025 935 3267 1004 copiosis
3307 936 3496 991 verbis
3541 951 3632 990 or-

2050 1037 2224 1089 nans,
2280 1025 2723 1094 reprehendebat
2775 1035 2831 1080 et
2893 1027 3209 1097 exagitabat
3273 1029 3628 1097 Byzantinam

2053 1117 2472 1185 rempublicam,
2496 1118 2681 1174 omnis
2703 1119 3032 1174 eruditionis
3054 1130 3334 1188 expertem
3363 1137 3482 1176 eam
3508 1137 3632 1177 esse

2052 1217 2247 1278 suopte
2276 1209 2486 1276 judicio
2520 1219 2772 1267 statuens
2801 1230 2815 1267 :
2861 1213 3050 1282 sicque
3092 1212 3359 1267 insidiose
3391 1223 3447 1267 et
3477 1215 3635 1268 mali-

2057 1299 2192 1354 tiose
2216 1301 2338 1359 aliis
2367 1302 2744 1372 deprimendis
2770 1319 2961 1358 auram
2991 1303 3312 1373 popularem
3341 1305 3595 1373 captabat
3619 1324 3633 1370 ;

2055 1404 2115 1449 ut
2153 1413 2180 1449 a
2212 1395 2414 1450 vilibus
2448 1408 2611 1466 atque
2648 1397 2884 1453 indoctis
2916 1397 3236 1452 hominibus
3282 1413 3533 1468 magnam
3567 1413 3634 1452 cx

2055 1502 2122 1542 eo
2151 1489 2368 1544 laudem
2407 1489 2512 1545 sibi
2539 1489 2841 1560 colligeret.

2127 1693 2194 1748 11.
2234 1691 2339 1748 Sed
2376 1707 2483 1746 non
2517 1691 2689 1746 multo
2724 1701 2845 1761 post
2870 1706 2994 1746 eum
3033 1705 3153 1744 che
3182 1689 3397 1744 simiam
3432 1689 3630 1758 patuit,

2058 1797 2118 1842 ut
2163 1802 2192 1840 ιι
2241 1785 2515 1857 Byzantiis
2548 1800 2717 1854 prope
2748 1784 2980 1839 dixerim
3019 1783 3276 1857 omnibus
3303 1782 3635 1836 condemnas

2057 1891 2212 1936 retur
2259 1887 2315 1933 et
2364 1878 2802 1935 luculentissime
2849 1853 3266 1946 expl‘oderctur.
3303 1876 3423 1944 Quo
3476 1884 3640 1944 pacto

2058 1981 2245 2026 autem
2297 1970 2348 2025 id
2403 1972 2687 2045 acciderit,
2741 1970 2902 2041 556
2951 1970 3127 2023 cuivis
3179 1985 3244 2024 ex
3299 1984 3365 2022 eo
3422 1968 3639 2038 dialogo

2058 2081 2390 2134 cognoscere
2424 2066 2574 2132 licet.
2611 2081 2773 2135 quem
2818 2081 2919 2135 ego
2952 2065 3314 2134 plurimorum
3348 2063 3637 2118 doctorum

2059 2169 2246 2228 rogatu
2279 2158 2606 2228 conscripsi,
2639 2168 2750 2213 tcta
2783 2174 2842 2213 re
2875 2157 3156 2227 cOpiosius
3187 2158 3238 2210 in
3266 2172 3332 2210 eo
3365 2157 3636 2224 exposita.

2060 2251 2386 2307 lnscribitur
2427 2264 2610 2306 autem
2647 2268 2662 2308 :
2703 2250 3022 2313 Florentius,
3072 2250 3187 2305 sive
3231 2250 3295 2302 de
3329 2247 3641 2317 Sapientia;

2061 2345 2235 2399 ethoc
2255 2345 2414 2399 habet
2433 2343 2649 2399 initium
2683 2361 2695 2396 :
2727 2333 2744 2394 ἃ
2771 2343 2925 2398 Unde
2951 2343 3109 2397 nobis
3131 2341 3308 2396 bellus
3331 2339 3644 2394 Florentius

2061 2448 2177 2508 post
2192 2440 2412 2507 longum
2433 2445 2648 2506 tempus
2663 2436 2728 2489 ad
2744 2434 3157 2503 Corcyraeorum
3177 2433 3366 2486 navale
3388 2444 3644 2484 reversus

2060 2527 2326 2598 appellit?
2356 2528 2466 2582 Deo
2501 2527 2750 2597 juvante.
2801 2524 2871 2578 mi
2907 2523 3211 2580 Critobule.
3260 2520 3555 2578 Salaminia
3588 2527 3645 2573 et

2060 2624 2310 2686 Paralus,
2340 2619 2642 2675 celerrimae
2673 2617 3096 2674 Atheniensium
3130 2617 3405 2677 triremes,
3431 2614 3646 2669 decimo

2061 2725 2187 2788 post
2221 2714 2312 2767 die
2361 2727 2524 2782 quam
2560 2728 2590 2766 e
2621 2719 2781 2779 portu
2817 2711 3107 2774 solvimus,
3139 2721 3241 2762 nos
3285 2706 3394 2760 huc
3436 2705 3647 2774 legatos

2063 2809 2406 2862 advexerunt
2435 2803 2689 2866 Athenis,
2727 2819 2790 2858 ea
2821 2801 3234 2872 Corcyrzeorum
3262 2797 3476 2854 senatui
3508 2811 3646 2850 nun-

2063 2902 2331 2961 tiaturos,
2378 2913 2500 2968 quae
2547 2906 2603 2951 et
2642 2896 2780 2966 ipse,
2811 2895 2904 2950 ubi
2949 2893 3211 2956 audieris,
3244 2907 3350 2946 non
3384 2888 3666 2971 admirari

2063 3009 2170 3049 non
2203 2993 2428 3062 poteris.
2462 3009 2481 3044 ι
2514 2987 2758 3044 Conficta
2791 2995 2923 3043 sunt
2947 2988 3093 3042 enim
3123 3001 3151 3040 a
3179 2983 3413 3040 nobisin
3432 2983 3648 3052 dialogo

2063 3097 2120 3144 et
2148 3089 2434 3142 immutata
2465 3092 2571 3138 tam
2602 3097 2788 3137 rerum
2815 3095 2980 3151 quam
3005 3093 3365 3151 personarum
3391 3076 3645 3139 nomina;

2065 3195 2129 3234 ac
2151 3179 2273 3233 loco
2297 3175 2686 3246 Byzantiorum
2715 3173 2893 3243 posita
2917 3182 3004 3228 est
3023 3170 3450 3227 Atheniensium
3479 3170 3646 3233 urbs;

372 3247 698 3316 προσώπων
725 3249 818 3302 καὶ
852 3251 960 3303 τῶν
1000 3252 1342 3320 πραγμάτοιν
1380 3254 1621 3325 ὀνόματα
1644 3271 1658 3287 ο
1703 3256 1797 3310 καὶ
1843 3257 1964 3310 ἀντὶ

2069 3287 2170 3340 pro
2201 3269 2464 3324 Romanis
2497 3265 2846 3337 principibus
2881 3263 3184 3318 Heraclida:
3209 3270 3264 3316 et
3294 3259 3649 3327 Cecropidae:

371 3340 489 3409 μὲν
528 3340 898 3412 Βυζαντίωνή
941 3343 1051 3396 τῶν
1095 3344 1405 3412 Ἀθηναίων
1447 3347 1724 3414 εἰσάγεται
1771 3347 1961 3411 πόλις·

367 3433 510 3488 ἀντὶ
554 3432 610 3488 δὲ
644 3434 758 3487 τῶν
796 3433 1122 3506 Ῥωμαϊκῶν
1156 3438 1446 3507 ἡγεμόνων
1485 3438 1840 3508 Ἡρακλεῖδαι
1869 3439 1966 3493 καὶ

369 3527 726 3598 Κεκροπίδαι
752 3525 866 3597 (56)
904 3545 918 3558 ·
957 3527 1039 3600 [Ρ.
1067 3528 1193 3600 5M]
1217 3531 1340 3583 ἀντὶ
1360 3530 1416 3584 δὲ
1447 3531 1768 3603 Νικηφόρον
1796 3533 1986 3586 Νικα-,

369 3621 559 3690 γόρας
581 3621 694 3688 (37)
723 3638 739 3653 '
772 3624 868 3675 ml.
899 3622 966 3676 τά
1001 3622 1126 3692 ἐξῆς
1167 3624 1306 3695 δῆλα
1330 3628 1444 3691 τοῖς
1474 3629 1711 3692 συνετῶς
1742 3629 1966 3699 δρῶσιν.

456 3713 537 3768 1".
597 3714 759 3768 ’Λλλά
800 3717 912 3785 γὰρ
963 3710 1119 3776 οὗτος
1176 3719 1204 3772 ό
1261 3718 1526 3790 Βαρλαὰμ
1577 3722 1677 3791 τὴν
1741 3720 1968 3790 πρώτην

367 3805 683 3876 ἠτυχηκὼς
733 3809 828 3862 καὶ
877 3809 985 3862 τῶν
1032 3811 1307 3881 μεγίστων
1337 3812 1568 3866 ἐλπίδων
1594 3813 1969 3878 ἐκπεπτωκὼς

367 3900 584 3968 ἑτέραν
632 3899 759 3969 ἐξῆς
788 3900 1027 3967 ἐϐάδισε,
1056 3902 1382 3972 βουλόμενος
1421 3904 1675 3958 ἐντεῦθεν
1716 3906 1869 3973 γοῦν,
1901 3908 1967 3979 ἧν

368 3991 598 4045 ἐκεῖθεν
624 3993 685 4046 οὐ
715 3992 1024 4064 δεδύνηται,
1059 3996 1220 4062 δόξαν
1249 3996 1628 4068 θηράσασθαι.
1658 4000 1772 4052 Καὶ
1797 4001 1964 4065 εὐθὺς

369 4084 671 4154 ὥρμησεν,
702 4085 758 4138 εῐ
795 4103 849 4139 τι
877 4085 1076 4155 σαθρόν
1128 4087 1278 4143 ἐστιν
1327 4089 1622 4159 είρημένον
1677 4091 1860 4155 ἐνίοις.
1913 4095 1970 4156 ἐς

371 4171 670 4245 προῦπτον
727 4177 994 4248 ἐλέγχειν,
1058 4179 1129 4232 ἵν’
1171 4180 1381 4234 ἐκεῖθεν
1441 4183 1518 4246 ὠς
1581 4182 1640 4248 ἐξ
1692 4185 1971 4252 ἀσφαλοῦς

376 4269 560 4336 δῆθεν
591 4271 930 4342 όρμητηρίου
964 4271 1268 4342 φερόμενος
1297 4272 1458 4342 ὓβριν
1497 4277 1622 4330 τινὰ
1674 4280 1768 4329 καὶ
1802 4279 1972 4348 ζάλην

371 4368 456 4434 τῇ
520 4364 786 4436 ἐκκλησίᾳ
835 4365 1275 4436 προστρίψηται,
1327 4369 1622 4423 κάντεῦθεν
1665 4371 1958 4442 ὑγιέστερα

371 4461 461 4511 τὰ
493 4455 734 4509 Λατίνων
753 4455 1158 4527 ἐπιψηφίσηται
1191 4458 1439 4529 δόγματα
1469 4459 1603 4531 (58).
1647 4462 1972 4532 Ἐγρηγόρει

376 4549 580 4602 τοίνυν
632 4553 726 4602 καὶ
786 4548 886 4618 τὴν
941 4549 1052 4602 τῶν
1126 4550 1382 4621 ἀσκητῶν
1437 4552 1668 4622 ἀναίδην
1723 4555 1972 4608 διέϐαλλε

2070 3379 2167 3434 pro
2202 3361 2511 3430 Nicephoro
2540 3358 2858 3428 Nicagoras.
2892 3354 3126 3424 Reliqua
3155 3351 3446 3424 perspicua
3485 3356 3654 3406 erunt

2067 3464 2228 3510 acute
2254 3451 2617 3508 intuentibus.

2139 3743 2232 3799 lll.
2272 3740 2546 3797 Caeterum
2599 3736 2689 3791 hic
2721 3735 3042 3790 Barlaamus
3083 3729 3261 3802 primo
3295 3733 3493 3782 conatu
3541 3723 3656 3777 fru-

2071 3818 2277 3889 stratus
2324 3839 2379 3885 et
2429 3825 2798 3894 maximarspe
2833 3822 3092 3890 delapsus
3125 3818 3230 3872 alia
3279 3816 3366 3868 via
3417 3826 3535 3866 rem
3573 3817 3657 3863 est

2069 3938 2382 3994 aggressus,
2420 3929 2480 3975 ut
2509 3933 2673 3990 quam
2707 3916 2833 3971 inde
2870 3928 2979 3967 non
3035 3918 3315 3980 potuerat,
3356 3897 3485 3960 eam
3525 3901 3659 3956 hinc

2071 3993 2261 4075 saltem
2287 4015 2516 4086 gloriam
2543 4018 2837 4066 venaretur
2861 4025 2876 4061 :
2909 4004 3207 4072 statimque
3238 4000 3427 4069 empit,
3450 3996 3497 4050 si
3517 3993 3656 4086 quid

2071 4110 2255 4163 minus
2281 4084 2571 4160 commode
2599 4100 2668 4154 ab
2695 4097 2975 4168 aliquibus
3001 4095 3209 4155 dictum
3242 4098 3409 4154 esset,
3436 4084 3660 4157 publice

2071 4200 2127 4255 id
2149 4196 2425 4268 exagitare
2450 4214 2464 4248 :
2493 4203 2553 4248 ut
2581 4191 2712 4246 inde
2734 4191 2884 4244 velut
2905 4204 2935 4243 e
2961 4196 3080 4243 tuto
3105 4181 3335 4239 castello
3359 4190 3660 4245 erumpens

2071 4289 2250 4344 labem
2283 4287 2522 4355 aliquam
2566 4296 2632 4336 ac
2663 4279 2960 4351 procellam
3007 4272 3266 4330 Ecclesiae
3307 4270 3560 4325 inferret.
3602 4273 3661 4319 et

2075 4381 2393 4436 Latinorum
2423 4375 2677 4443 dogmata
2707 4370 2930 4426 saniora
2961 4381 3084 4422 esse
3115 4365 3243 4419 hinc
3267 4363 3488 4417 demum
3523 4373 3661 4412 con-

2076 4473 2340 4528 ﬁrmaret.
2406 4464 2780 4534 Quamobrem
2852 4465 3208 4527 experrectus
3269 4450 3532 4522 vigilabat
3600 4455 3660 4501 et

2077 4561 2472 4619 monachorum
2504 4553 2854 4623 disciplinam
2883 4548 3239 4620 impudenter
3274 4540 3660 4623 calumniaba-

374 4641 699 4705 πολιτείαν,
732 4641 969 4712 Εὐχίτας
1020 4658 1080 4694 τε
1134 4641 1425 4712 ὀνομάζων
1467 4621 1666 4707 αὑτοίις
1698 4646 1793 4699 καὶ
1834 4648 1964 4718 ’ομ-

2080 4665 2188 4722 tur,
2218 4652 2377 4723 557
2409 4621 2674 4706 Euehitas
2705 4662 2804 4702 eos
2833 4655 2885 4700 et
2916 4635 3428 4713 Omphalopsychos
3449 4641 3506 4687 et
3529 4621 3664 4685 aliis

378 4734 764 4805 φαλοψύχους,
790 4736 884 4789 καὶ
909 4736 1011 4789 ὅσα
1043 4735 1257 4798 τούτοις
1287 4736 1555 4806 ἑπόμενα,
1585 4740 1683 4792 καὶ
1727 4740 1822 4792 ἐπὶ
1851 4739 1978 4794 τού-

377 4843 512 4889 τοις
558 4829 622 4896 τῇ
675 4826 786 4880 τῶν
815 4811 1218 4881 Μασσαλιανῶν
1273 4828 1483 4891 αἱρέσει
1514 4828 1972 4885 καθυποὸάλλων·

381 4923 499 4977 ἅτε
541 4921 981 4992 ἐγκαυχωμένων
1019 4921 1236 4976 ἁκούων
1289 4920 1472 4976 αὐτῶν
1507 4921 1604 4976 καὶ
1634 4922 1852 4996 γλώττῃ
1883 4927 1978 4979 καὶ

380 5013 667 5085 γραφαῖς,
720 5012 798 5076 ὡς
851 5013 1004 5084 ἔλεγε
1033 5053 1050 5081 ,
1107 5008 1443 5086 σωματικοῖς
1493 5015 1628 5086 όρᾷν
1675 5015 1979 5088 όφθαλμοῑς

2079 4749 2134 4804 id
2169 4761 2344 4818 genus
2378 4740 2698 4800 nominibus
2727 4737 3038 4809 appellans;
3073 4748 3138 4788 ac
3169 4724 3663 4818 praeterea-Massa-

2078 4815 2322 4896 lianismi
2351 4848 2654 4898 accusans;
2687 4828 2854 4900 quod,
2892 4836 2950 4879 ut
2983 4825 3186 4884 aiebat,
3225 4835 3321 4874 eos
3356 4815 3573 4871 audiret
3603 4820 3662 4867 et

2081 4933 2270 5002 lingua
2291 4939 2348 4986 et
2376 4927 2600 4998 scriptis
2624 4923 2926 4997 gloriantes
2953 4933 3014 4973 se
3040 4914 3324 4985 corporeis
3351 4909 3530 4964 oculis
3551 4905 3661 5002 Δ1)(ξὶ

2085 4998 2340 5078 naturam
2384 5019 2597 5074 videre.
2641 5015 2764 5070 Haec
2804 5011 2882 5068 illi
2937 5008 3227 5064 audientes
3269 5017 3426 5073 aquo
3476 4998 3661 5054 animo

1746 5130 2082 5196 Variorum
2109 5145 2300 5198 notae.

476 5254 590 5322 (54)
615 5254 809 5311 Totam
842 5257 1109 5312 Barlaami
1148 5257 1440 5326 historiam
1471 5255 1744 5326 describit
1770 5257 1980 5326 pariter

387 5325 774 5396 Cantacuzeu.
814 5327 910 5382 lib.
963 5343 1025 5389 ιι,
1085 5342 1207 5396 cap.
1238 5326 1328 5384 59.
1383 5325 1486 5389 40;
1561 5325 1860 5382 Gretserus
1916 5330 1984 5384 ad

389 5395 660 5450 eumdem
684 5395 1078 5465 Cantacuzen.,
1105 5395 1225 5466 pag.
1265 5397 1391 5453 925.
1414 5397 1651 5452 Ducam.

395 5467 602 5594 Βιῶῗζ
630 5467 820 5523 Exstat
874 5468 930 5522 in
993 5468 1183 5523 codice
1236 5469 1406 5538 Regio
1463 5467 1628 5531 5284,
1690 5468 1786 5526 fol.
1855 5469 1986 5532 252,.

467 5555 543 5592 »ιν
608 5578 620 5589 .

467 5553 620 5592 ιινιιι.

480 5609 594 5676 ('56)
615 5607 938 5674 Ηει-αείὶιίιε,
967 5608 1206 5678 iunioris
1237 5607 1536 5664 Andronici
1563 5607 1763 5675 factio;
1792 5610 1981 5666 Cecro-

399 5679 570 5751 pidaz,
599 5681 856 5751 senioris.
889 5681 1100 5734 BOIVIN.

480 5749 594 5818 (57)
625 5749 758 5821 Item
789 5751 1176 5821 Μητρόδωρος.
1227 5765 1329 5821 pro
1361 5748 1637 5821 Θεόδωρος
1683 5753 1710 5804 ό
1741 5751 1976 5819 Mazax!-

396 5838 612 5891 en;.e—
628 5819 937 5890 Ξενοφάνης
957 5860 971 5883 ,
1001 5836 1099 5890 pro
1128 5819 1416 5891 Βαρλαάμ.
1447 5819 1581 5876 Vide
1609 5819 1865 5891 Gregorze
1883 5821 1977 5878 Vi-

401 5907 522 5946 tam
556 5890 684 5947 huic
716 5889 980 5947 volumini
1005 5889 1304 5962 praelium.
1333 5889 1548 5948 Βοιιίιι.

910 6089 944 6131 \

2085 5263 2096 5272 ’
2157 5261 2271 5328 (58)
2307 5258 2512 5313 Tamen
2544 5255 2865 5328 Barlaamus
2893 5267 2991 5328 per
3019 5248 3153 5306 illud
3187 5258 3403 5328 tempus
3428 5240 3659 5328 scripsit

2085 5311 2418 5401 pro'B'rtecis
2446 5311 2639 5383 contra
2669 5311 3181 5401 Latittosi‘Exstant
3235 5319 3288 5371 in
3304 5311 3466 5401 "0,011-
3517 5311 3656 5401 Antig;

2083 5385 2248 5464 9950,
2290 5398 2553 5468 Ιίαρλαὰμ
2585 5393 2949 5468 μοναχοὶκαὶ
2993 5385 3468 5468 φιλοσόφου-λόγοι
3515 5386 3658 5468 κατὰ

2084 5473 2194 5522 τῶν
2236 5456 2296 5535 ἐξ
2331 5456 2406 5524 ὧν
2435 5456 2527 5522 καί
2561 5456 2758 5528 dines"
2780 5459 2931 5517 εἷλκε
3078 5456 3241 5535 γένος.
3273 5456 3517 5535 Ἰταλῶν,
3544 5461 3652 5503 etc.

2090 5525 2366 5595 Barlaami
2399 5539 2638 5592 monachi
2669 5525 2718 5589 et
2751 5534 3042 5604 philosophi
3089 5525 3365 5604 orationes
3405 5525 3655 5604 adversus

2083 5610 2277 5676 Italos.
2330 5628 2361 5663 a
2411 5609 2596 5680 quibus
2636 5616 2685 5660 et
2737 5595 2847 5680 ipse
2905 5595 3068 5680 genius
3103 5603 3344 5680 ducebat.
3406 5595 3492 5648 Ea:
3531 5601 3660 5680 sunt

2075 5670 2367 5735 b'rationes
2390 5670 2605 5749 viginti:
2637 5670 2842 5749 quibus
2869 5670 3146 5749 pra’ﬁxum
3185 5670 3517 5749 epigramma
3547 5673 3666 5749 μιιξ

2087 5733 2512 5820 ηιίἧέέιεεωῖέ,
2543 5751 2596 5802 in
2651 5733 2758 5820 ἶιιιο
2786 5733 2982 5820 _lec_tor
3024 5733 3493 5820 jubetur_gratias
3547 5733 3659 5820 Diuo

2086 5809 2563 5890 maximasvagere.
2607 5809 2750 5884 quod
2786 5809 3235 5890 Latinus'contra
3270 5809 3494 5860 Latinos
3523 5818 3660 5872 prin-

2087 5893 2262 5949 claras
2292 5883 2728 5947 illas'orationcs
2757 5886 3059 5954 scripserit.
3093 5883 3307 5937 Butvm.
