3978 6606
319 406 442 472 76)

588 403 669 478 [Α.
709 417 764 461 c.
807 402 945 460 1528
984 418 1053 458 an
1093 401 1256 474 13H}
1330 405 1784 470 BYzANTm/E
1822 404 1917 466 HI;

2020 405 2225 466 ΟΒῙᾸΞ
2264 405 2409 468 LIB.
2451 405 2561 470 XI.

2676 398 2810 474 [tum
2852 418 3134 459 ANDROMC.
3175 402 3318 479 tum]

3500 407 3609 474 770

320 525 587 599 θαλάσσῃ
621 523 880 597 μερισθὲν
908 525 1006 578 καὶ
1051 525 1221 594 ἄμφω
1249 523 1319 591 τὰ
1352 526 1592 594 στοιχεῖα
1635 523 1917 594 ὲμπλῆσαν

2025 508 2357 593 profligavit.
2387 521 2545 577 Nunc
2585 536 2715 576 vero
2744 523 2942 592 ipsum,
2970 523 3074 578 heu
3105 525 3119 578 ι
3152 540 3298 580 mors
3319 529 3606 596 repentina

318 619 427 672 τοῦ
492 619 770 689 θαύματος
795 635 809 651 ο
861 618 1007 686 λέγω
1058 617 1116 672 δὲ
1175 619 1276 686 τὴν
1319 617 1582 671 διαϐᾶσαν
1636 615 1697 681 ἐξ
1741 615 1923 678 Ἀσίας

326 713 618 782 Περσικὴν
639 712 857 779 ἐκείνην
887 712 980 764 καὶ
1002 707 1282 780 δύσμαχον
1308 708 1560 780 δύναμιν,
1590 709 1660 778 ἢν
1683 709 1925 778 αὐθημε-

328 804 432 873 ρὸν
473 803 885 872 κατηγωνίσατο
919 802 1207 873 κράτιστα.
1244 801 1406 855 Ἀλλά
1453 801 1548 855 νῦν
1575 800 1757 866 αὑτὸν,
1797 798 1921 870 φεῦ,

324 895 594 966 ὀξύτερον
625 894 972 949 ἐπεισπεσὼν
1008 898 1034 949 ό
1063 895 1292 960 θάνατος
1328 882 1771 967 κατηγωνίσατο.
1806 893 1925 948 Σεί-

327 989 497 1058 σθητι
529 988 600 1056 γῆ
657 987 794 1058 πρὸς
828 988 890 1040 τὸ
931 987 1026 1040 νῦν
1057 987 1251 1054 πάθος,
1301 989 1388 1042 ἵνα
1440 988 1597 1057 γένος
1631 987 1778 1043 ἅπαν
1828 986 1924 1043 καὶ⁵

327 1081 530 1150 ἡλικία
565 1082 717 1134 πᾶσα
746 1080 856 1134 τῶν
902 1080 1210 1151 ἀνθρώπων
1239 1080 1496 1152 αἴσθησιν
1525 1079 1619 1134 τοῦ
1665 1082 1921 1134 τοσούτου

324 1172 593 1235 λαϐόντες
627 1173 838 1233 πάθους
868 1173 1090 1236 πλείους
1125 1174 1377 1227 κοινωνοὶ
1403 1171 1502 1226 καὶ
1550 1172 1924 1244 συλλήπτορες

321 1267 446 1321 τῶν
494 1266 713 1337 θερμῶν
753 1268 884 1336 ἡμῖν
919 1265 1163 1334 γένοιντο
1211 1249 1553 1335 στεναγμῶν.
1585 1261 1754 1330 Οὗτος
1797 1260 1866 1338 ἦν
1895 1267 1924 1321 ό

327 1361 473 1429 πρὶν
514 1358 1191 1429 ἀκουσθῆωηφωνόμενος
1220 1358 1299 1429 τῷ
1345 1355 1439 1412 τοῦ
1492 1358 1694 1430 δρόμου
1738 1358 1919 1429 τάχει,

324 1453 430 1506 καὶ
468 1452 598 1521 πρὶν
642 1451 881 1520 φανῆναι
937 1450 1152 1506 διώκων
1199 1452 1324 1514 τοὺς
1363 1452 1660 1522 πολεμίους
1689 1449 1768 1522 τῷ
1813 1451 1924 1504 δέει

322 1545 433 1612 τῆς
469 1544 659 1615 φήμης
675 1559 692 1575 ⁸
717 1543 834 1599 ἀλλ’
858 1545 1024 1614 οἴμοι,
1049 1545 1144 1598 νῦν
1167 1543 1334 1597 αὐτοῦ
1363 1543 1540 1615 πολλῷ
1568 1546 1754 1613 φανεὶς
1778 1543 1924 1598 ὠκύ-

321 1655 495 1707 τερος
527 1639 556 1691 ό
587 1637 812 1699 θάνατος
843 1638 969 1701 τοὺς
999 1635 1281 1698 τοιούτους
1321 1635 1536 1704 φθάσας
1563 1635 1777 1705 διέκοψε
1802 1635 1924 1707 δρό-

325 1746 499 1796 μους.
535 1726 692 1798 Πηγὴ
732 1729 902 1797 πυρὸς
931 1726 1198 1795 αἰθερίου,
1235 1727 1380 1781 δυοῖν
1411 1727 1638 1796 θάτερον
1672 1726 1922 1780 καινοτό-

327 1836 514 1890 μησον
535 1835 551 1850 ·
586 1819 618 1889 ἢ
651 1818 857 1872 παῦσαι
907 1818 1006 1880 τὰς
1036 1818 1344 1887 ζωογόνους
1395 1820 1639 1884 σπείρων
1674 1818 1765 1871 ἐπὶ
1817 1818 1922 1888 γῆς

2026 629 2352 685 oppressum
2386 614 2705 684 prostravit.
2730 613 3094 672 Commovere
3123 625 3264 672 terra
3288 617 3447 689 562
3477 637 3608 689 pro-

2025 715 2148 776 pter
2198 706 2346 761 hunc
2393 721 2607 772 casum,
2656 717 2718 762 ut
2775 723 2938 762 omne
2994 725 3190 780 genus,
3233 713 3420 766 omnis
3472 722 3607 768 tetas

2026 801 2312 856 hominum
2363 810 2570 856 tantam
2606 801 2818 856 cladem
2872 803 3098 868 sentiat,
3133 812 3188 858 et
3229 804 3412 873 plures
3443 805 3604 861 nobis

2025 893 2160 949 socii
2190 902 2247 949 et
2275 893 2561 966 adjutores
2593 893 3006 950 vehementiam
3055 895 3166 950 sint
3215 896 3602 964 suspiriorum.

2025 987 2124 1042 Hic
2151 986 2274 1052 fuit,
2307 986 2402 1057 qui
2433 987 2718 1043 celeritate
2745 1003 2944 1043 cursus
2984 987 3256 1042 adventus
3284 989 3370 1043 sui
3401 988 3602 1045 famam

2023 1087 2418 1143 anteverteret,
2459 1087 2515 1133 et
2555 1077 2878 1148 priusquam
2917 1078 3357 1148 conspiceretur,
3393 1088 3604 1136 terrore

2025 1172 2109 1228 sui
2159 1171 2407 1227 nominis
2459 1170 2677 1242 fugaret
2716 1169 2924 1226 hostes.
2960 1169 3090 1234 Sed,
3128 1169 3218 1226 hei
3246 1171 3377 1225 mihi
3407 1173 3420 1225 ι
3455 1187 3604 1228 nunc

2027 1281 2175 1321 tnors
2197 1266 2359 1336 longe
2391 1264 2488 1321 illo
2521 1263 2758 1320 celerior
2790 1263 3024 1327 exstitit,
3050 1271 3106 1320 et
3141 1265 3451 1320 istiusmodi
3479 1281 3605 1320 cur-

2025 1374 2119 1413 sus
2140 1359 2440 1413 antevertit
2459 1366 2515 1412 et
2539 1357 2782 1428 abrupit.
2807 1356 3014 1412 Adesto
3040 1356 3161 1412 fons
3188 1356 3328 1428 ignis
3351 1357 3602 1424 aetherei,

2023 1461 2189 1522 atque
2233 1451 2562 1527 alterutrum
2615 1449 2868 1520 perficito
2912 1466 2927 1505 :
2973 1459 3071 1505 aut
3113 1450 3307 1506 vitales
3355 1451 3409 1506 in
3459 1461 3604 1507 terra

2024 1559 2284 1615 spargere
2309 1543 2550 1598 desitiito
2593 1541 2796 1607 radios,
2824 1551 2919 1596 aut
2944 1542 3112 1596 totius
3146 1543 3288 1613 ignis
3315 1543 3394 1597 tui
3419 1553 3604 1599 crate-

2025 1652 2112 1690 ras
2140 1637 2196 1690 in
2227 1650 2350 1691 eam
2384 1650 2578 1690 omnes
2603 1633 2894 1698 ell‘undito,
2923 1644 2982 1690 ut
3015 1649 3203 1690 comas
3235 1637 3416 1692 omnis
3439 1637 3606 1693 arbor

2024 1728 2266 1796 amittat,
2289 1736 2345 1784 et
2369 1729 2481 1782 lilia
2509 1728 2622 1798 agri
2652 1738 3015 1790 marcescant,
3038 1738 3094 1783 et
3119 1728 3412 1784 herbarum
3437 1745 3603 1787 omne

2024 1836 2196 1890 genus
2230 1829 2434 1874 tantam
2481 1819 2696 1873 cladem
2737 1818 2942 1874 sentiat
2989 1827 3153 1889 atque
3186 1819 3471 1884 intelligat.
3509 1822 3604 1878 Ille

319 1879 562 1975 άκτίνας
589 1879 662 1983 ’.ἢ
694 1912 822 1974 τοὺς
851 1879 1136 1982 κρατῆρας
1158 1879 1281 1965 δ).ου
1309 1879 1403 1965 τοῦ
1429 1879 1716 1982 σοῦ-πυρός
1741 1879 1917 1982 ὰθροίζ

2025 1879 2154 1978 iuit,
2187 1914 2280 1982 qui
2317 1911 2688 1965 'l‘riballorum
2732 1920 2788 1965 et
2817 1879 3090 1982 Mysorum
3120 1911 3289 1967 duces
3329 1925 3605 1983 perterre-

326 2022 459 2068 σας,
491 2004 644 2074 ῥῖψον
676 2005 798 2058 κατ’
837 2005 1031 2074 αὐτῆς,
1085 2004 1172 2058 ἵνα
1203 2003 1266 2074 δὴ
1300 2003 1397 2068 τὰς
1429 2005 1604 2074 κόμας
1803 2005 1923 2058 δένο

325 2096 464 2165 δρον
508 2096 685 2150 ἅπαν,
709 2097 804 2150 καὶ
857 2096 1108 2167 μαρανθῇ
1152 2097 1219 2149 τά
1265 2099 1431 2166 κρίνα
1476 2094 1570 2148 τοῦ
1600 2096 1771 2166 άγροῦ
1828 2098 1924 2150 καὶ

321 2188 476 2260 λάϐῃ
509 2189 662 2256 γένος
691 2190 848 2259 χλόης
880 2190 1026 2243 ἅπαν
1058 2190 1314 2258 αἴσῗησιν
1347 2189 1440 2242 καὶ
1469 2189 1672 2256 γνῶσιν
1711 2188 1805 2242 τοῦ
1833 2207 1923 2242 τοο

322 2283 527 2335 τούτου
573 2275 802 2346 πάθους.
846 2283 1088 2345 Ἐκεῖνος
1118 2279 1186 2354 ἦν
1233 2285 1261 2336 ὁ
1300 2284 1423 2344 τοὺς
1471 2280 1788 2354 Τριϐαλλῶν
1827 2282 1923 2336 καὶ

325 2375 542 2428 Μυσῶν
576 2375 852 2445 ἡγεμόνας
885 2374 971 2446 [Ρ.
1001 2373 1129 2447 548]
1165 2375 1466 2444 ἐκπλήξας,
1494 2370 1582 2429 οἷα
1625 2376 1920 2431 καθεύδου-

325 2484 359 2518 σ
384 2485 416 2520 ν
451 2469 681 2530 ἐπιστὰς
717 2466 978 2525 πολλάκις
1017 2466 1307 2534 αἰφνίδιον,
1353 2465 1606 2538 καθάπερ
1658 2485 1740 2530 τις
1770 2467 1920 2522 αἰθέ-

327 2579 450 2630 ριος
503 2561 791 2631 κεραυνός.
833 2560 995 2624 Ἀλλ’,
1055 2558 1225 2632 οἴμοι,
1271 2559 1365 2612 νῦν
1405 2559 1568 2613 αὑτὸν
1622 2561 1790 2632 άργδν
1827 2560 1920 2614 καὶ

321 2655 587 2723 κείμενον
614 2653 871 2718 καθάπαξ
912 2652 1113 2717 ἔδειξεν
1138 2654 1165 2705 ό
1209 2653 1400 2720 τάφος.
1429 2653 1657 2723 Ούρανὲ,
1684 2656 1782 2717 τὰς
1820 2655 1918 2716 σὰς

328 2747 516 2809 πύλας
571 2745 919 2808 ἀναπετάσας
974 2744 1300 2815 πρόπεμψον
1343 2744 1572 2816 βροντὴν
1619 2744 1774 2809 ἀξίαν
1821 2746 1917 2799 τοῦ

332 2841 580 2907 μεγάλου
625 2838 816 2892 τούτου
857 2837 1062 2902 πάθους
1109 2837 1204 2890 καὶ
1252 2837 1556 2908 θορύὸησον
1608 2837 1706 2909 τὴν
1741 2840 1918 2893 κτίσιν

326 2929 542 2993 πᾶσαν,
579 2929 666 2983 ἵνα
696 2929 926 2983 καὶτῶν
964 2928 1246 3000 ἀψύχωνὴ
1293 2928 1456 2998 φύσις
1499 2929 1752 3001 αἴσθησιν
1776 2931 1916 3004 λάϐῃ

322 3023 426 3076 καὶ
465 3021 777 3078 συλλάϐοιτο
811 3020 920 3074 τῶν
944 3021 1161 3093 θρήνων
1188 3020 1376 3076 ἅπασα
1407 3022 1570 3092 φύσις
1599 3026 1915 3095 κτισμάτων

319 3116 488 3183 ἡμῖν.
529 3114 592 3165 ’Ὠ
625 3113 738 3178 πῶς
768 3115 802 3185 ἡ
836 3115 1112 3184 ταχυτάτη
1148 3116 1242 3168 καὶ
1273 3114 1596 3187 ὠκύπτερος
1627 3117 1789 3184 φύσις
1821 3118 1916 3172 νῦν

2027 2005 2253 2070 faceret,
2291 2020 2428 2074 quos
2471 2020 2614 2074 saepe
2647 2004 2798 2060 velut
2841 2003 3180 2060 dormientes
3213 2006 3399 2061 subito
3432 2007 3605 2062 instar

2024 2097 2250 2152 aetherei
2305 2095 2552 2150 fulminis
2601 2096 2894 2166 oppressit.
2959 2098 3050 2160 At,
3103 2096 3192 2153 hei
3246 2099 3416 2152 mihi!
3457 2114 3604 2160 nunc

2026 2190 2178 2245 illum
2213 2191 2468 2260 ignavum
2504 2197 2559 2242 et
2587 2189 2864 2259 jacentem
2896 2206 3124 2259 prorsus
3150 2193 3390 2249 ostendit
3422 2202 3605 2248 tumu~

2023 2283 2132 2338 lus.
2190 2282 2235 2338 Ο
2287 2282 2511 2348 malum,
2557 2282 2730 2351 portis
2765 2282 2874 2335 tuis
2926 2282 3135 2350 apertis
3190 2283 3396 2337 tonitru
3451 2292 3600 2337 tanta

2023 2374 2332 2429 calamitate
2361 2373 2584 2440 dignum
2617 2387 2844 2441 erumpe
2868 2384 2922 2426 et
2949 2382 3114 2426 totam
3140 2388 3322 2426 rerum
3349 2383 3598 2428 naturam

2023 2468 2379 2540 perterrefac,
2411 2478 2470 2522 ut
2500 2477 2556 2520 et
2586 2467 3015 2545 inanimatorum
3059 2477 3252 2522 natura
3285 2469 3508 2532 sentiat,
3545 2477 3601 2522 et

2022 2579 2109 2618 res
2142 2564 2324 2618 omnis
2355 2563 2571 2632 generis
2614 2579 2644 2618 a
2677 2561 2788 2617 Deo
2822 2562 3058 2617 conditae
3104 2561 3315 2615 luctum
3351 2573 3600 2616 nostrum

2019 2656 2304 2727 adjuveut.
2329 2654 2444 2709 Heu
2473 2657 2484 2709 ί
2515 2670 2614 2709 cur
2647 2663 2738 2709 tua
2767 2654 3052 2709 celerrima
3083 2661 3138 2708 et
3160 2653 3328 2708 veluti
3356 2653 3598 2709 voluciis

2020 2758 2215 2804 natura
2267 2761 2412 2814 nunc
2460 2750 2686 2802 immota
2715 2747 2988 2816 quiescit?
3039 2745 3152 2801 Heu
3184 2747 3197 2799 ι
3235 2761 3335 2800 cur
3385 2757 3464 2811 tu,
3501 2746 3596 2816 qui

2022 2843 2185 2896 toties
2214 2841 2374 2895 nobis
2399 2855 2465 2894 ex
2500 2839 2718 2895 bellicis
2748 2838 3042 2909 triumphis
3068 2838 3313 2892 laatitiam
3339 2839 3596 2902 attulisti,

2022 2935 2184 2990 hodie
2216 2936 2270 2989 in
2294 2935 2636 2990 contrarium
2663 2933 2874 2988 vertisti
2910 2933 3116 2996 omnia,
3138 2947 3267 2988 vere
3292 2934 3346 2986 in
3381 2933 3598 2987 hiemen

2020 3037 2383 3090 commutato,
2421 3026 2839 3098 pulchritudine
2871 3025 3004 3080 solis
3038 3025 3092 3078 in
3136 3026 3402 3079 obscuras
3448 3035 3599 3079 tene-

2021 3120 2166 3181 bras,
2193 3119 2398 3189 pullata
2422 3117 2569 3172 omni
2597 3125 2780 3180 aetate,
2801 3126 2857 3170 et
2877 3115 3223 3186 splendorem
3248 3115 3406 3186 563
3431 3115 3600 3170 tethy-

319 3207 532 3276 ὴρεμεῖ
561 3205 634 3277 μὴ
663 3205 1016 3276 κινούμενος;
1055 3206 1120 3258 Ὢ
1143 3204 1260 3270 πῶς
1285 3207 1546 3269 πολλάκις
1580 3208 1713 3277 ἡμῖν
1758 3209 1914 3278 κομί-

2023 3213 2115 3266 ria:
2145 3212 2278 3266 facis
2307 3211 2439 3264 solis
2468 3210 2618 3264 velut
2647 3207 3002 3262 occultante?
3042 3207 3178 3268 Heu,
3219 3205 3491 3276 quomodo
3546 3224 3594 3267 s,

321 3315 433 3361 σας
460 3299 634 3368 χαράν
655 3299 718 3351 ἐκ
737 3299 845 3352 τῶν
872 3297 1184 3367 πολεμικῶν
1214 3300 1492 3371 τροπαίων
1521 3302 1578 3362 ἐς
1605 3300 1911 3355 τούναντίον

320 3390 628 3460 ἀνέτρεψεν
654 3391 871 3444 ἅπαντα
905 3391 1168 3462 σήμερον,
1198 3392 1292 3444 καὶ
1320 3391 1568 3462 χειμῶνα
1602 3393 1701 3458 μὲν
1732 3393 1789 3444 τὸ
1816 3393 1912 3463 ἔαρ

321 3483 630 3552 ποποίηκε,
672 3485 859 3544 σκότος
889 3483 944 3536 δὲ
978 3483 1114 3552 βαθὺ
1142 3483 1205 3535 τὸ
1247 3485 1342 3536 τού
1375 3483 1530 3554 ⁴ἡλίου
1563 3484 1778 3547 κάλλος,
1816 3501 1912 3553 με·

317 3573 752 3644 λανειμονούσης
777 3575 994 3643 ἡλικίας
1025 3576 1370 3648 άπάσηςλκαὶ
1397 3571 1506 3628 οἷον
1533 3576 1915 3646 ἀποκρυπτού-

317 3684 433 3738 σης
484 3667 582 3738 τὴν
610 3669 783 3735 αὐγὴν
822 3669 918 3736 τῆς
959 3668 1202 3738 αἰθερίας
1250 3669 1343 3722 τού
1392 3669 1543 3739 ἡλίου
1594 3671 1911 3740 λαμπάδος;

323 3763 397 3813 Ὢ
432 3761 546 3824 πῶς
569 3763 595 3814 ὁ
626 3760 855 3824 πολλοὺς
890 3763 953 3814 ἐκ
982 3761 1088 3814 τῶν
1121 3761 1407 3834 βλεφάρων
1430 3764 1914 3832 ἀποκρουσάμενος

319 3854 536 3915 ὕπνους
568 3854 706 3923 ὑπὲρ
735 3853 846 3906 τῶν
881 3855 1140 3924 ὑπηκόων
1173 3853 1268 3907 νῦν
1309 3857 1365 3907 ἐν
1392 3857 1546 3926 τάφῳ
1576 3856 1666 3908 τὸν
1701 3857 1913 3926 μακρὸν

316 3946 498 3998 ὕπνον
533 3946 827 4011 καθεύδεις
864 3947 928 3999 Ὢ
971 3946 1084 4010 πῶς
1137 3947 1230 4001 τὸν
1261 3947 1459 4000 λίθινον
1503 3947 1663 4012 arce;
1710 3949 1912 4011 ὑποδὺς

314 4043 538 4112 χιτῶνα
569 4043 628 4094 ἐν
665 4041 860 4112 βραχεί
898 4041 1181 4111 δυστυχῶν
1209 4043 1356 4112 ἡμᾶς
1391 4042 1762 4096 ἀποδύσασθαι
1796 4043 1909 4112 (48)

317 4141 650 4206 πέπραχεν;
687 4136 752 4187 Ὢ
796 4137 910 4198 πῶς
941 4138 1208 4206 πρότερον
1241 4139 1343 4205 μὲν
1386 4139 1456 4189 τά
1495 4137 1603 4190 τῶν
1639 4135 1912 4206 πολεμίων

313 4230 550 4281 κόπτων
580 4229 676 4281 καὶ
730 4229 1089 4282 καταϐάλλων
1123 4231 1353 4299 σώματα
1394 4229 1492 4282 νῦν
1521 4231 1586 4282 ἐκ
1619 4229 1788 4297 τάφου
1814 4228 1912 4291 τὰς

312 4324 441 4376 τῶν
476 4323 734 4392 ὑπηκόων
769 4324 980 4389 τοξεύει
1023 4324 1202 4392 ψυχάς
1239 4323 1503 4392 άφειδῶς;
1535 4323 1605 4375 Σὺ
1644 4323 1689 4375 δ’
1720 4317 1764 4375 ὦ
1796 4322 1914 4374 θεία

316 4415 570 4486 βασιλὶς,
605 4414 708 4467 ποῦ
738 4417 798 4467 τὸ
831 4416 921 4468 σὸν
949 4415 1346 4478 καταλέλοιπας
1375 4414 1561 4482 κλέοςς
1592 4415 1712 4478 Πῶς
1735 4416 1916 4467 καθά-

312 4526 440 4579 περ
462 4509 723 4572 εθκυκλος
757 4510 955 4580 σελήνη
1000 4510 1108 4563 τῶν
1147 4508 1435 4579 βασιλείων
1466 4510 1591 4580 χθὲς
1622 4509 1912 4574 ἐξελθοῦσα

2017 3308 2109 3376 qui
2157 3316 2386 3374 propter
2439 3303 2693 3357 subditos
2742 3316 2870 3356 suos
2919 3316 3171 3355 somnum
3223 3299 3398 3354 oculis
3451 3314 3597 3368 stepe

2016 3398 2252 3467 negavit,
2290 3411 2438 3450 nunc
2488 3395 2543 3448 in
2598 3392 2854 3463 sepulcro
2902 3392 3121 3460 longum
3157 3390 3310 3443 illum
3340 3405 3594 3444 somnum

2015 3490 2256 3545 dormit?
2289 3489 2422 3550 Heu,
2467 3487 2744 3557 quomodo
2790 3486 2902 3548 ille,
2941 3498 3102 3538 saxea
3155 3484 3333 3536 tunica
3381 3481 3594 3548 induta,

2016 3585 2167 3640 brevi
2200 3584 2408 3646 effecit,
2441 3592 2498 3636 ut
2530 3597 2629 3635 nos
2658 3580 2856 3634 misere
2889 3576 3256 3633 exucremur?
3292 3576 3432 3639 lleu,
3461 3590 3597 3644 quo-

2016 3678 2178 3733 modo
2217 3676 2314 3746 qui
2346 3685 2505 3730 antea
2543 3674 2784 3728 hostium
2809 3686 3042 3740 corpora
3075 3666 3323 3723 cedebat
3365 3675 3421 3720 et
3449 3677 3594 3720 ster-

2015 3770 2200 3834 nebat,
2240 3783 2388 3822 nunc
2419 3783 2446 3820 e
2491 3765 2746 3834 sepulcro
2780 3763 3126 3817 subditorum
3159 3758 3371 3813 animos
3425 3758 3593 3825 Sagit-

2017 3865 2086 3917 tis
2135 3861 2495 3932 pertinaciter
2536 3857 2789 3926 impetit?
2825 3856 2905 3908 Tu
2951 3869 3101 3918 vero,
3134 3867 3166 3905 0
3206 3851 3390 3906 divina
3424 3851 3596 3918 impe-

2017 3955 2206 4018 ratrix,
2250 3953 2474 4007 ubinam
2508 3951 2678 4004 decus
2711 3959 2862 4002 tuum
2900 3945 3214 4015 reliquisti?
3263 3943 3385 3998 Heri
3420 3943 3594 4012 plenae

2016 4044 2158 4098 luna:
2187 4045 2361 4098 instar
2398 4056 2617 4112 egressa
2650 4040 2875 4109 palatio,
2911 4037 3072 4090 hodie
3101 4051 3210 4104 quo
3245 4044 3403 4104 pacto
3434 4033 3594 4085 dimi-

2016 4137 2165 4190 diata
2206 4132 2536 4189 reverteris?
2565 4131 2874 4198 Quomodo,
2924 4145 3048 4183 cum
3092 4129 3266 4182 instar
3305 4126 3598 4180 frondibus

2014 4231 2209 4284 obsitae
2253 4228 2472 4283 arboris
2517 4215 2977 4288 ﬂoreres,‘hodie
3013 4231 3071 4275 ut
3102 4221 3310 4275 fumum
3349 4219 3462 4288 agri
3495 4219 3596 4271 de-

2014 4321 2250 4376 ﬂoruisti
2280 4331 2337 4376 et
2370 4336 2491 4373 rosa
2518 4320 2570 4372 in
2597 4317 2790 4388 prato?
2830 4315 2949 4381 Quo
2981 4327 3141 4384 pacto
3169 4312 3288 4368 heri
3327 4327 3393 4366 ex
3425 4313 3596 4380 impe-

2018 4418 2220 4470 ratoris
2270 4413 2526 4468 thalamis
2567 4396 2911 4482 splendentis
2955 4418 3010 4462 et
3041 4406 3268 4460 illustris
3305 4403 3594 4474 pleuilunii

2020 4509 2193 4562 instar
2221 4513 2416 4561 exorta
2444 4519 2592 4558 nunc
2625 4503 2812 4557 multis
2839 4511 2896 4556 et
2919 4500 3106 4554 densis
3137 4498 3376 4551 nubibus
3406 4496 3594 4550 occul-

313 4577 574 4672 σήμερον
600 4577 899 4671 ἐπανῆλθες
946 4577 1294 4673 ημίκυκλος;
1340 4577 1756 4675 Πῶς-καθάπερ
1799 4603 1914 4656 δὲν-

2021 4602 2192 4656 taris?
2221 4604 2346 4670 quis
2403 4609 2510 4652 tam
2556 4598 2708 4653 brevi
2751 4605 3031 4650 momento
3082 4603 3230 4646 tuam
3285 4591 3596 4661 pulchritu-

311 4701 457 4767 ὅρον
497 4699 888 4766 εύσκιόφυλλον
915 4698 1152 4754 ἁνθοῦσα
1187 4701 1428 4770 σήμερον
1459 4699 1717 4768 ἐξαίφνης
1743 4702 1918 4771 ἀπήν-

2015 4699 2200 4752 dinettt
2231 4695 2582 4750 obscuravit?
2616 4692 2716 4749 Ubi
2751 4693 2941 4746 florem
2976 4700 3128 4744 tuum
3177 4688 3471 4742 deeiduum
3506 4702 3595 4738 re-

315 4788 505 4856 θησας
544 4787 618 4850 ὼς
679 4790 868 4859 χόρτος
908 4790 968 4840 ὲν
1010 4789 1166 4859 ἀγρῷ
1198 4794 1291 4841 καὶ
1341 4788 1495 4860 ῥόδον
1544 4790 1604 4842 ἐν
1649 4788 1914 4858 λειμῶνι;

2020 4789 2267 4862 liquisti?
2310 4788 2436 4859 quis
2471 4799 2796 4842 veruantem
2850 4797 3003 4838 tuum
3056 4783 3279 4837 hortum
3321 4778 3595 4849 perfodit?

319 4881 463 4942 Πῶς
512 4883 572 4933 ἐκ
610 4881 718 4934 τῶν
769 4881 1064 4952 βασιλικῶν
1092 4883 1356 4951 θαλάμων
1402 4880 1529 4952 χθὲς
1562 4875 1650 4934 οἷα
1688 4880 1920 4952 λαμπρὰ

314 4977 432 5028 καὶ
464 4974 777 5046 πλησιφαὴς
811 4975 1148 5042 πανσέληνος
1179 4975 1510 5029 άνατείλασα
1548 4972 1644 5028 νῦν
1693 4977 1751 5027 ὲν
1784 4974 1919 5028 πολ-

315 5070 447 5128 λοῖς
474 5068 570 5120 καὶ
599 5066 820 5138 βαθέσιν
850 5066 1088 5136 ὲκρύὸης
1117 5068 1226 5128 τοῖς
1253 5071 1440 5136 νέφεσι
1458 5083 1472 5131 ;
1507 5067 1549 5118 Τ
1556 5066 1601 5130 ίς
1632 5069 1690 5120 ἐν
1721 5067 1918 5138 βραχεῖ

314 5163 393 5214 τὸ
436 5161 528 5213 σδν
562 5160 942 5230 ἁπημαύρωσε
979 5160 1214 5224 κάλλος;
1262 5157 1372 5212 Πυῦ
1408 5159 1508 5231 τὴν
1539 5163 1919 5231 συγκαταρεύ-

323 5271 514 5308 σασαν
544 5255 761 5324 ἀφῆκας
789 5253 988 5323 χλόην;
1022 5253 1116 5317 Τίς
1145 5253 1238 5306 τὸν
1276 5252 1365 5306 σὸν
1395 5251 1786 5307 εὐανθέστατον
1819 5255 1919 5325 κῆ-

323 5361 441 5398 πον
473 5344 713 5415 ἐξώρυξε
741 5361 756 5412 ;
790 5345 872 5408 τίς
901 5343 1162 5414 κλέπτης,
1194 5343 1274 5407 τίς
1296 5342 1518 5414 λῃστὴς,
1545 5344 1631 5406 τίς
1658 5343 1914 5414 πρηστὴρ

319 5437 426 5491 καὶ
459 5439 727 5506 κεραυνὸς
753 5435 810 5502 ἐξ
832 5435 1064 5507 ούρανοῦ
1093 5453 1108 5501 ;
1147 5434 1268 5498 Πῶς
1301 5435 1427 5504 χθὲς
1465 5435 1540 5498 ὼς
1588 5435 1652 5488 ἐκ
1695 5433 1916 5505 λιμένος

317 5531 423 5582 τὴν
453 5528 694 5582 ἔκπλουν
726 5528 1074 5599 ποιησαμένη
1114 5526 1368 5598 λαμπρὸν
1417 5527 1660 5598 σήμερον
1703 5529 1915 5598 ἐπανῆ-

2014 4886 2106 4954 qui
2142 4883 2264 4938 fur?
2313 4884 2407 4952 qui
2455 4879 2633 4935 latro?
2685 4894 2807 4949 qua:
2861 4877 3134 4946 fulgetra?
3178 4874 3326 4944 quod
3373 4874 3598 4926 caeleste

2016 4974 2257 5030 fulmen?
2289 4973 2408 5040 Quo
2439 4980 2599 5043 pacto
2638 4985 2760 5040 qua:
2795 4969 2916 5022 heri
2963 4968 3114 5022 velut
3139 4981 3169 5020 e
3201 4974 3363 5035 portu
3414 4965 3598 5033 Splen-

2017 5069 2145 5122 didc
2178 5067 2415 5129 solvisti,
2450 5064 2620 5119 hodie
2648 5073 2906 5130 tanquam
2951 5078 2982 5113 e
3013 5059 3302 5130 naufragio
3329 5067 3386 5112 et
3426 5056 3597 5110 ilUcttt

2013 5176 2074 5216 es
2111 5175 2355 5224 reversa,
2389 5157 2646 5212 omnibus
2684 5157 2751 5210 iis
2785 5171 2922 5224 qnas
2964 5155 3229 5218 vehebas,
3265 5150 3599 5220 pretiosissi-

2014 5254 2118 5309 nais
2159 5253 2443 5308 mercibus
2471 5249 2740 5320 spoliata?
2767 5249 2902 5314 Quis
2933 5258 3082 5301 tuam
3125 5260 3349 5299 auream
3380 5256 3594 5298 comam

2012 5343 2305 5401 detondit?
2332 5342 2468 5409 Quis
2503 5341 2601 5396 tibi
2649 5339 2910 5410 purpurae
2961 5338 3312 5409 splendorem
3357 5331 3599 5387 adeum?

2013 5439 2141 5509 quis
2179 5447 2330 5491 tuam
2383 5437 2668 5490 lucernam
2716 5432 2999 5503 abripuit?
3043 5432 3170 5500 quis
3223 5439 3374 5483 tuum
3424 5429 3598 5479 solum

2023 5527 2320 5584 exstinxit?
2353 5526 2480 5597 quis
2527 5526 2624 5582 tibi
2657 5541 2856 5580 novam
2893 5526 3053 5578 istaut
3086 5522 3317 5592 eclipsin
3353 5515 3600 5573 iuvent?

1694 5643 2038 5706 Variorum
2080 5652 2272 5707 ιιοιω.

402 5763 516 5836 (58)
555 5761 708 5836 Haud
757 5763 873 5824 scio,
929 5779 996 5836 an
1049 5761 1193 5836 desit
1245 5761 1488 5836 aliquid,
1519 5761 1586 5818 de
1616 5763 1910 5834 splendore

321 5833 589 5892 vestium.
628 5833 738 5889 Sed
772 5840 816 5889 si
863 5835 1000 5888 nihil
1032 5833 1208 5902 deest,
1256 5835 1613 5890 mutationem
1642 5833 1789 5893 certe
1817 5853 1910 5893 ve-

2024 5767 2189 5823 stitus
2221 5765 2497 5838 significat
2529 5767 2589 5820 τὸ
2618 5767 3016 5835 ἀποδύσασθαι,
3049 5765 3206 5838 quasi
3237 5749 3378 5819 esset
3411 5778 3608 5835 μετεν-

2020 5835 2308 5894 δύσασθαιῖ.
2332 5835 2613 5895 Wou‘tus.
