3978 6582
315 397 445 457 7’73

606 390 685 465 [Α.
727 408 781 452 c.
832 391 964 448 l328
1000 409 1065 450 ω
1110 391 1277 465 1541]
1382 393 1831 481 Bgzm’rmm
1873 392 1949 454 [ῃ

2056 380 2257 452 ORle
2291 392 2443 454 LIB;
2479 392 2587 453 X1.
2692 385 2824 459 [ιιιιι.
2864 398 3128 440 Αιιοιιοιιιο
3190 380 3334 457 tum]

3513 380 3621 448 774

324 530 432 564 και
472 512 691 583 γνώσει.
727 510 820 567 Διὸ
857 511 952 565 καὶ
981 503 1276 582 κρυψινους
1319 504 1388 581 ἦν
1412 509 1488 570 ὼς
1517 510 1587 563 τὰ
1636 507 1807 562 πολλὰ
1836 506 1934 561 καὶ

2058 506 2126 563 lle
2164 508 2427 574 quidem;
2465 496 2643 563 sed'a
2697 506 2988 578 colloquiis
3026 514 3084 562 et
3134 515 3284 562 ctetu
3331 504 3622 561 hominum

327 603 568 675 βαθεῖαν
600 605 703 676 μὲν
725 606 815 659 διὰ
862 605 1057 676 φρενὸς
1089 602 1473 675 καρπούμενος
1521 602 1773 657 αὔλακα⁴
1808 602 1934 655 tivo.

332 698 578 771 μελητος
598 698 645 751 δ’
668 697 763 756 οὖν
793 682 887 754 καὶ
914 696 1092 768 μισῶν
1120 695 1254 766 περὶ
1280 696 1472 752 ἑαυτὸν
1494 694 1701 766 πλῆθος
1726 691 1937 765 ἀνθρὼ-

331 810 463 845 πων
496 793 653 862 ὁρᾷν.

410 882 497 939 E'.
531 884 698 939 Ὀθεν
727 884 823 943 καὶ
866 886 989 945 οὕτε
1027 887 1333 959 βασιλικαῖς
1368 889 1649 959 ἐνέχεσθαι
1688 886 1934 958 φροντίσι

336 977 447 1031 καὶ
479 975 757 1046 ἀσχολίαις
792 978 1059 1050 ἠνείχετο,
1095 979 1220 1035 οὔτε
1259 981 1366 1052 μὴν
1397 983 1457 1037 ἐν
1491 983 1612 1045 ταῖς
1646 980 1937 1050 μεγίσταις

335 1067 458 1120 τῶν
510 1068 713 1139 ἑορτῶν
762 1071 831 1125 τὰ
881 1072 981 1139 τῆς
1037 1071 1318 1142 βασιλείας
1350 1074 1523 1129 ἐτέλει
1571 1074 1801 1143 νόμιμα,
1836 1070 1937 1136 τὰς

333 1158 642 1231 θεατρικὰς
669 1179 813 1234 φημι
859 1166 955 1218 καὶ
996 1164 1311 1234 δημοτελεῖς
1357 1167 1607 1236 πομπὰς,
1651 1165 1746 1219 καὶ
1783 1162 1932 1234 φιλοο

335 1253 630 1324 φροσύνας
677 1256 774 1308 καὶ
817 1256 917 1318 τὰς
954 1257 1367 1328 μεγαλοψύχους
1400 1257 1721 1329 εὐεργεσίας
1753 1274 1814 1310 τε
1844 1257 1938 1311 καὶ

333 1342 614 1413 διανομὰς
673 1345 784 1398 τῶν
829 1363 891 1398 τε
960 1349 1262 1419 χρημάτων
1319 1349 1458 1418 ὁμοῦ
1529 1348 1624 1401 καὶ
1689 1346 1935 1417 ἀξιωμᾶο

337 1447 484 1484 των.
527 1432 615 1498 Ὡς
651 1433 984 1489 κινδυνεύειν
1018 1437 1272 1491 ἐντεῦθεν
1305 1437 1475 1507 λήθης
1509 1435 1806 1493 καταδῦναι
1839 1436 1938 1506 βυ-

343 1520 469 1585 θοῖς
504 1523 577 1577 τὰ
607 1527 705 1595 τῆς
755 1524 1041 1597 βασιλικῆς
1068 1526 1323 1595 εὐταξίας
1370 1527 1558 1599 ἔθιμα,
1590 1526 1677 1604 [Ρ.
1709 1525 1841 1599 550]
1864 1519 1941 1580 ὦν

340 1614 455 1683 τὴν
484 1617 707 1687 μνήμην
738 1617 882 1673 κατὰ
909 1617 1163 1690 διαδοχὴν
1185 1619 1236 1674 ot
1263 1618 1504 1691 βασιλεῖς
1531 1621 1643 1684 τοίς
1666 1619 1942 1689 δψιγόνοις

344 1709 742 1780 παρέπεμπον.
777 1711 980 1769 Πολλοῦ
1008 1714 1117 1784 γὰρ
1149 1713 1564 1786 παραῤῥυέντος
1594 1714 1815 1785 χρόνον,
1840 1714 1941 1771 καὶ

342 1799 463 1851 τῶν
498 1799 718 1859 εἰδότων
749 1801 1043 1871 θανόντων,
1077 1805 1340 1877 δυσχερὲς
1387 1805 1456 1863 ἂν
1486 1807 1698 1873 γένοιτο
1734 1805 1941 1873 γνῶναι

2038 599 2297 656 alienior.

2201 774 2221 811 I

2110 880 2175 936 ν.
2217 877 2297 933 Eo
2335 876 2520 944 ﬁebat,
2548 884 2609 931 ut
2656 875 3044 947 imperatorias
3077 890 3243 931 curas
3273 882 3330 930 et
3376 890 3620 946 occupa-

2043 971 2221 1029 tiones
2255 978 2627 1036 aversaretur,
2646 984 2709 1025 ac
2736 985 2803 1024 ne
2842 954 2897 1022 in
2931 967 3186 1023 maximis
3213 968 3436 1037 quidem
3469 967 3626 1024 festi-

2040 1064 2305 1120 vitatibus
2353 1064 2617 1119 solemnia
2681 1062 2900 1133 imperii
2941 1061 3144 1125 obiret,
3195 1061 3287 1116 illa
3334 1062 3628 1127 nimirum,

2042 1170 2165 1223 quae
2194 1153 2261 1209 ad
2316 1154 2628 1225 spectacula
2665 1161 2720 1207 et
2754 1151 3005 1219 publicas
3048 1167 3280 1222 pompas
3306 1161 3363 1206 et
3415 1153 3629 1207 saluta-

2043 1227 2225 1304 tiones
2253 1257 2310 1302 et
2341 1247 2776 1301 muniﬁcentiam
2812 1245 3222 1314 imperatoriam
3251 1254 3307 1299 et
3350 1243 3625 1299 distribu-

2042 1340 2250 1394 tionem
2295 1339 2658 1409 pecuniarum
2709 1347 2764 1394 et
2819 1339 3095 1393 bonorum
3146 1339 3511 1408 pertinerent.
3560 1338 3628 1394 Ut

2035 1433 2153 1504 iam
2183 1433 2488 1505 periculum
2528 1434 2622 1498 sit,
2657 1448 2726 1488 ne
2772 1431 3143 1502 imperatoria:
3189 1431 3494 1500 disciplinae
3540 1431 3628 1485 in-

2041 1527 2256 1593 stituta,
2289 1542 2526 1597 quorum
2571 1527 2895 1581 memoriam
2941 1524 3145 1595 singuli
3180 1524 3425 1579 vicissim
3465 1523 3630 1595 566

2042 1622 2409 1690 imperatores
2440 1608 2526 1676 ad
2591 1629 2841 1690 posteros
2889 1618 3295 1689 propagabant,
3349 1616 3628 1672 oblivione

2040 1726 2270 1780 prorsus
2321 1711 2647 1765 obruantur.
2700 1707 2835 1762 Nam
2898 1724 3023 1763 cum
3084 1705 3320 1761 multum
3363 1704 3630 1773 temporis

2043 1801 2436 1863 interﬂuxerit,
2460 1810 2514 1856 et
2565 1794 2659 1871 qui
2698 1801 2790 1855 illa
2835 1799 3096 1854 tenebant
3128 1795 3494 1860 decesserint,
3525 1809 3628 1865 po-

341 1890 484 1954 τοὺς
510 1893 767 1956 ἐπιόντας
799 1894 867 1950 τὰ
898 1894 1088 1949 δέοντα
1112 1910 1128 1926 ·
1170 1897 1285 1950 ἀλλ’
1313 1896 1389 1961 ὡς
1425 1895 1626 1963 ἔοικεν,
1656 1900 1690 1968 ἡ
1710 1898 1847 1969 πρὸς
1873 1896 1943 1952 τὰ

2056 1895 2207 1952 lteris
2250 1895 2386 1965 quid
2430 1893 2595 1952 omcli
2640 1893 2712 1949 sit
2754 1893 2896 1948 scire
2926 1890 3148 1947 difﬁcile
3180 1890 3311 1946 erit.
3353 1886 3627 1944 Nimirum

344 1981 537 2050 φαῦλα
572 1984 773 2053 σπουδὴ
807 1986 1192 2059 ρᾳθυμοτέραν
1232 1990 1379 2042 ποιεῖ
1429 1987 1528 2058 τὴν
1555 1990 1613 2053 ἐς
1640 1989 1709 2045 τὰ
1746 1988 1941 2045 δέοντα

348 2077 697 2147 φιλοτιμίαν.
728 2076 966 2148 Ἐτρεφε
1017 2080 1129 2151 γὰρ
1177 2066 1346 2145 κύνας
1374 2080 1489 2151 (5i)
1520 2081 1616 2137 καὶ
1641 2081 1804 2152 ὄρνεα
1848 2097 1947 2136 κυ-

344 2170 625 2241 νηγετικὰ
658 2171 966 2243 παμπληθῆ
1010 2175 1106 2226 καὶ
1140 2171 1396 2229 τοσοῦτον
1426 2176 1485 2238 ἐς
1513 2174 1686 2233 ταῦτα
1714 2174 1939 2245 ἥττητο,

344 2261 501 2318 ῶστε
549 2264 645 2325 καὶ
691 2262 746 2318 si
774 2280 857 2327 τις
896 2246 1048 2335 αὐτῷ
1080 2265 1328 2336 ἐντυχεῖν
1374 2265 1648 2328 ἐϐούλετο.
1695 2265 1942 2337 ὄρνεονῆ

350 2353 501 2410 κύνα
552 2355 792 2426 κομίζων
821 2355 1084 2434 ἐτύγχανε
1120 2358 1295 2430 ῥᾷστα
1327 2358 1425 2413 τοῦ
1473 2359 1836 2430 ποθουμένου.
1877 2361 1944 2414 Ἀ

348 2449 540 2503 πάντα
572 2449 715 2519 μετὰ
753 2450 854 2521 τὴν
897 2450 1108 2510 ἐκείνου
1136 2452 1397 2524 τελευτὴν
1436 2456 1460 2506 ὁ
1491 2453 1947 2525 Καντακονζηνὺς

345 2545 474 2605 τοῖς
544 2540 808 2613 χρῄζουσι
866 2544 1194 2617 διεμέρισεν,
1257 2545 1725 2616 ἀναλογισάμενος
1768 2546 1834 2601 τό
1884 2563 1947 2600 τε

351 2633 690 2705 παμπληθὲς
724 2636 824 2706 τῆς
873 2635 1117 2707 δαπάνης
1164 2637 1351 2692 καὶτὸ
1396 2637 1600 2693 τούτων
1632 2640 1690 2703 ἐς
1742 2638 1812 2694 τὰ
1844 2637 1949 2702 τῆς

352 2727 643 2797 βασιλείας
675 2728 981 2799 πράγματα
1015 2730 1196 2801 πάντῃ
1228 2729 1328 2801 μὲν
1362 2730 1646 2807 ἀνόνητον,
1689 2732 1871 2802 πάντῃ
1898 2728 1945 2784 δ’

350 2821 688 2891 ἐπισφαλές.
729 2824 901 2879 Πέντε
946 2823 1056 2898 γὰρ
1108 2825 1204 2879 καὶ
1238 2822 1369 2877 δέκα
1424 2823 1667 2894 χιλιάδας
1700 2822 1864 2892 φασὶν
1897 2823 1946 2877 oi

351 2916 454 2968 τοῦ
492 2915 779 2985 βασιλικοῦ
811 2917 1455 2989 πρυτανείου-διοικηταὶ
1495 2919 1627 2987 περὶ
1653 2916 1750 2989 τὴν
1795 2916 1950 2987 σφῶν

348 3008 615 3078 δαπάνην
654 3010 1118 3084 καινοτομεϊσθαι.
1554 3052 1560 3058 -

372 3178 381 3184 ⁸
432 3104 528 3171 ς’.
561 3102 725 3157 Οὕτω
746 3120 809 3173 γε
853 3104 958 3179 μὴν
989 3104 1190 3175 πολλὴν
1221 3106 1317 3161 καὶ
1358 3106 1584 3177 βεϐαίαν
1634 3105 1772 3181 πρὸς
1817 3104 1951 3161 Θεὸν

2046 2003 2109 2043 ea
2139 2003 2262 2058 qua:
2311 1988 2366 2045 in
2406 1988 2574 2043 rebus
2624 1987 2837 2044 frivolis
2869 2000 3036 2057 opera
3081 1984 3276 2044 sedulo
3309 1984 3628 2051 insumitur,

2046 2080 2115 2141 ad
2144 2096 2210 2137 ea
2244 2095 2366 2148 quae
2391 2076 2556 2134 cilicii
2592 2088 2743 2143 sunt,
2779 2074 3138 2147 exsequenda
3164 2068 3453 2148 segniores
3480 2072 3628 2130 facit.

2045 2171 2225 2232 Canes
2249 2173 2398 2227 enim
2446 2181 2507 2226 et
2557 2184 2689 2226 aves
2718 2170 3002 2226 venaticas
3043 2184 3245 2237 magno
3294 2167 3497 2224 alebat
3526 2182 3633 2222 nu-
3684 2240 3689 2245 η

2048 2280 2246 2327 more:
2288 2265 2495 2336 quibus
2547 2264 2622 2319 ita
2672 2274 2796 2319 orat
2850 2262 3094 2325 deditus,
3129 2270 3189 2317 ut
3240 2260 3286 2317 si
3334 2260 3459 2331 quis
3501 2275 3630 2316 eum

2047 2359 2200 2419 adire
2250 2358 2481 2428 cupiens
2528 2371 2720 2412 canem
2745 2367 2861 2413 .aut
2900 2373 3058 2413 avem
3095 2358 3341 2423 oﬂerret,
3371 2356 3632 2413 facillime

2049 2467 2275 2522 compos
2305 2450 2414 2505 voti
2451 2450 2798 2506 redderetur.
2828 2451 2962 2519 Quae
2994 2452 3180 2506 omnia
3210 2452 3632 2509 Cantacuzentts

2050 2558 2176 2621 post
2202 2549 2325 2618 ejus
2355 2536 2567 2600 obitum
2619 2543 2688 2599 iis
2732 2545 2827 2615 qui
2865 2546 3129 2616 petebant
3174 2524 3480 2610 distribuit,
3507 2558 3633 2599 cum

2051 2644 2483 2714 magnitudinem
2525 2651 2847 2712 sumptuum
2883 2649 3166 2710 reputaret
3216 2649 3272 2695 et
3308 2653 3424 2693 rem
3456 2638 3634 2710 ipsam

2051 2729 2286 2805 imper‘io
2313 2751 2421 2789 non
2455 2735 2619 2789 modo
2645 2734 2917 2795 inutilem,
2938 2732 3033 2788 sed
3059 2734 3222 2787 etiam
3261 2732 3632 2802 perniciosam

2046 2829 2339 2902 judicaret.
2374 2828 2511 2914 Nam
2556 2825 2873 2896 quindecim
2920 2840 3276 2879 nummorum
3312 2824 3479 2879 millia
3526 2823 3637 2876 im-

2052 2923 2313 2995 peratorii
2362 2923 2476 2977 lisci
2528 2931 2917 2992 procuratores
2956 2922 3098 2974 ultra
3149 2926 3393 2974 veterem
3424 2933 3637 2973 morem

2053 3018 2107 3071 in
2141 3033 2238 3072 eas
2262 3030 2355 3070 res
2389 3029 2629 3081 expensa
2664 3015 3000 3070 retulerunt.

2123 3107 2213 3163 Vl.
2246 3106 2428 3177 Usque
2459 3106 2598 3159 adeo
2629 3113 2811 3159 autem
2848 3104 2958 3158 Deo
2983 3102 3160 3158 fretus
3193 3111 3315 3158 erat
3346 3111 3403 3157 et
3434 3101 3638 3161 ﬁducia

351 3198 634 3271 ἐκέκτητο
657 3198 862 3267 πίστιν,
894 3198 1034 3253 ὥστε
1061 3201 1156 3254 καὶ
1185 3200 1498 3269 ἀφύλακτος
1528 3201 1684 3273 διῆγε
1709 3201 1771 3256 τὸ
1801 3201 1949 3255 πλεῖσ

2056 3201 2275 3271 plenus,
2309 3210 2370 3254 ut
2400 3200 2727 3269 plerumque
2758 3198 2877 3254 sine
2907 3195 3163 3251 custodia
3208 3205 3393 3269 ageret
3436 3206 3493 3249 ct
3518 3198 3639 3250 sine

351 3307 491 3343 στον
526 3291 621 3346 καὶ
661 3291 842 3347 αὐτῶν
872 3293 1003 3347 ἄνευ
1034 3293 1147 3349 τῶν
1192 3292 1491 3363 βασιλικῶν
1536 3295 1946 3365 πελεκυιρόρων.

352 3383 635 3449 Πολλάκις
691 3383 747 3439 δὲ
792 3388 888 3440 καὶ
938 3385 1031 3450 οὓς
1074 3387 1193 3458 ᾔδει
1253 3392 1377 3447 κατ’
1419 3388 1587 3443 αὑτοῦ
1621 3386 1815 3444 δίκτυα
1860 3388 1953 3443 και

350 3480 607 3550 ἀγχόνας
644 3480 951 3549 ἀρτύοντας
983 3482 1320 3552 ὀμοστέγους
1347 3499 1408 3541 τε
1438 3483 1677 3537 ἐποιεῖτο
1707 3483 1801 3537 καὶ
1825 3482 1951 3535 τούς

349 3590 480 3635 τοις
512 3572 967 3646 συνδιαιτώμενος
999 3569 1089 3646 ἦν.
1119 3575 1313 3644 Ἔλεγε
1364 3577 1497 3646 γὰρ,
1541 3576 1617 3640 ὡς
1659 3576 1951 3648 ἀνθρώπου

351 3666 484 3734 ζωὴ
523 3667 588 3737 τῇ
632 3668 779 3735 χειρὶ
813 3665 910 3719 τοῦ
954 3666 1093 3721 Θεοῦ
1126 3670 1392 3733 συνοικεῖ,
1440 3670 1539 3725 καὶΙ
1564 3671 1701 3724 ὅταν
1740 3670 1953 3724 ἐκεῖθεν

352 3756 699 3827 συγχωρηθῇ
732 3755 800 3810 τὰ
838 3756 937 3827 τῆς
967 3756 1198 3826 λύσεως,
1232 3758 1353 3813 τότε
1387 3761 1480 3815 καὶ
1516 3739 1651 3815 πᾶσι
1683 3759 1951 3824 κινδύνοις

352 3850 578 3916 ἀνέῳγε
607 3848 768 3923 θύρᾳ.
814 3846 817 3851 ’

436 3908 613 3994 Ζϊού
646 3908 806 4012 μόνον
834 3943 915 4009 δὲ,
948 3908 1226 3999 suam
1253 3944 1469 4009 φύσεώς
1513 3962 1597 4008 τις
1651 3921 1954 4016 ἰδιοτροπεα
1992 4014 1997 4021 .

354 4032 543 4100 συνῆν
580 4050 643 4102 γε
669 4035 843 4106 αὐτῷ,
877 4036 950 4107 μὴ
981 4036 1384 4105 φιλοτιμεῖσθαι
1437 4040 1667 4108 μηδαμῆ
1701 4040 1835 4110 περὶ
1862 4034 1954 4090 τὶν

353 4124 467 4180 τοῦ
496 4124 780 4196 βασιλικοῦ
836 4128 1103 4199 μεγέθους
1143 4129 1309 4198 ὄγκον
1335 4143 1348 4156 ·
1386 4131 1522 4189 ἀλλὰ
1568 4132 1954 4201 ταπεινότερον

353 4219 470 4273 καὶ
496 4219 674 4273 αὐτῶν
703 4218 767 4290 γε
794 4221 904 4274 τῶν
936 4221 1192 4295 ὑπηκόων
1218 4223 1447 4294 ὁρᾶσθαι
1476 4222 1761 4286 πολλάκις.
1791 4224 1956 4283 Τουτὶ

355 4314 411 4364 δ’
456 4313 517 4381 ἐξ
550 4313 666 4377 ἐνὸς
714 4313 826 4369 τῶν
857 4314 1069 4371 πολλῶν
1114 4317 1469 4386 παραστῆσαι
1501 4334 1584 4381 τις
1634 4318 1702 4373 ἂν
1730 4319 1788 4370 ἐν
1820 4317 1956 4389 βρα-

356 4407 479 4475 χεῖ.
509 4405 680 4474 Δῆλον
709 4406 981 4477 γάροὲστι
1011 4411 1123 4473 τοῖς
1156 4409 1381 4472 ἅπασιν,
1412 4409 1486 4474 ὡς
1523 4410 1580 4463 αἱ
1629 4408 1724 4463 τοῦ
1763 4411 1957 4464 ἐπιπέ-

354 4502 466 4552 δου
498 4499 610 4573 (52)
643 4502 708 4557 ἐκ
733 4500 1028 4574 διαμέτρου
1052 4502 1356 4575 ἀκρότητες
1385 4502 1495 4561 τῶν
1520 4503 1815 4572 βασιλικῶν
1840 4521 1959 4573 τρι-

2055 3292 2424 3362 imperatoriis
2479 3290 2858 3347 satellitibus:
2893 3290 3026 3361 quin
3081 3299 3137 3346 et
3163 3305 3308 3360 saepe
3354 3304 3451 3344 eos
3499 3304 3640 3358 quos

2053 3384 2192 3440 retia
2221 3392 2279 3440 et
2308 3384 2537 3454 laqueos
2567 3390 2761 3437 contra
2804 3397 2865 3437 se
2901 3384 3180 3438 instruere
3221 3382 3410 3447 sciret,
3440 3390 3642 3439 contu-

2053 3475 2308 3532 bernales
2366 3476 2471 3532 sibi
2533 3476 2743 3530 faceret
2802 3484 2966 3547 atque
3026 3476 3192 3530 etiam
3268 3475 3639 3533 convictores.

2053 3568 2280 3623 Dicebat
2319 3569 2490 3632 enim,
2528 3569 2696 3622 vitam
2742 3567 2985 3629 hominis
3033 3568 3089 3623 in
3147 3584 3313 3624 manu
3360 3568 3459 3624 Dei
3517 3583 3639 3625 esse

2053 3663 2309 3732 positam,
2340 3675 2370 3715 a
2430 3676 2541 3731 quo
2595 3660 2691 3715 ubi
2736 3661 2858 3731 ejus
2909 3660 3215 3717 destructio
3262 3664 3640 3739 permittatur,

2057 3762 2186 3809 tunc
2213 3753 2469 3809 onmibus
2494 3751 2759 3824 periculis
2792 3761 2983 3824 patere
3013 3753 3187 3813 fores.

2132 3937 2246 3995 Vll.
2302 3939 2436 3996 Erat
2487 3950 2755 4011 praeterea
2819 3941 3116 4013 singularis
3162 3943 3416 4013 quaedam
3472 3943 3525 3999 in
3573 3956 3645 4000 eo

2055 4043 2273 4103 natura,
2303 4049 2374 4089 ne
2416 4049 2645 4103 usquam
2680 4034 3057 4106 imperatoria:
3083 4036 3387 4106 maiestatis
3425 4036 3643 4106 magni-

2057 4126 2290 4183 ﬁcentiae
2321 4134 2377 4181 et
2401 4128 2751 4197 amplitudini
2780 4127 3031 4185 studeret
3057 4145 3071 4183 :
3094 4128 3192 4185 sed
3224 4143 3368 4199 stupe
3401 4129 3645 4186 subditis

2059 4214 2323 4273 ltu'milius
2356 4235 2415 4274 se
2444 4230 2682 4288 gereret.
2718 4220 2890 4292 idque
2921 4237 3032 4278 uno
3063 4221 3132 4277 de
3168 4224 3358 4279 multis
3390 4226 3649 4296 exemplo

2060 4309 2307 4363 breviter
2364 4308 2632 4364 declarari
2694 4319 2895 4379 potest.
2961 4312 3166 4369 Notum
3218 4323 3303 4369 est
3358 4314 3645 4382 omnibus,

2060 4401 2222 4473 567
2254 4403 2734 4471 imperatoriorum
2771 4403 3138 4461 tricliniorum
3170 4407 3468 4476 pavimenti
3497 4420 3648 4464 sum-

2064 4497 2280 4553 tnitates
2308 4494 2498 4550 ambas
2530 4494 2676 4550 inter
2715 4511 2837 4551 sese
2878 4496 3168 4567 oppositas
3201 4500 3452 4556 eminere
3477 4515 3647 4572 supra

357 4591 574 4645 κλίνων
631 4593 944 4666 ἀμφότεραι
1013 4594 1369 4664 ὑπέρκεινται
1429 4614 1531 4652 που
1597 4597 1689 4650 τοῦ
1753 4597 1949 4668 μεταξὺ

2065 4588 2411 4660 interjectum
2447 4589 2624 4643 solum
2669 4605 2845 4661 usque
2883 4591 2950 4647 ad
2991 4593 3156 4662 palmi
3208 4595 3489 4661 trientem,
3520 4595 3649 4653 illac

358 4683 636 4745 ἐπιπέδου
666 4686 795 4757 ἄχρι
820 4690 914 4741 καὶ
942 4692 999 4752 ἐς
1030 4691 1215 4758 τρίτον
1261 4690 1565 4761 σπιθαμῆς,
1593 4694 1688 4748 καὶ
1717 4679 1953 4761 μάλιστα

355 4779 483 4846 ὅπη
515 4781 609 4829 καὶ
632 4779 659 4829 ὁ
690 4777 964 4847 βασιλικὶς
1001 4779 1203 4851 ἕστηκε
1258 4779 1445 4853 θρόνος
1467 4798 1481 4811 ο
1517 4781 1586 4836 ἵν’
1614 4783 1747 4845 ἴσως
1780 4782 1881 4854 ἔχῃ
1905 4799 1957 4836 τι

359 4869 481 4921 κᾶν
510 4865 687 4939 τούτῳ
726 4868 888 4924 πλέον
937 4871 1046 4924 τῶν
1081 4871 1259 4927 ἄλλων
1294 4871 1324 4922 ὁ
1376 4870 1632 4943 βασιλεὺς
1668 4872 1956 4943 ἱστάμενος

358 4963 432 5019 ἔν
462 4978 522 5015 τε
553 4965 671 5026 ταῖς
697 4966 868 5034 ἱεραῖς
901 4964 1222 5034 ὑμνῳδίαις,
1265 4968 1358 5019 καὶ
1384 4967 1472 5019 ὅτε
1505 4966 1825 5033 διαλέγοιτο,
1863 4966 1957 5019 νῦν

366 5054 483 5125 μὲν
510 5058 621 5119 τοὶς
652 5057 939 5133 ὑπηκόοις,
968 5057 1065 5111 νῦν
1116 5057 1171 5111 δὲ
1199 5060 1313 5120 τοῖς
1342 5058 1404 5123 ἐξ
1438 5046 1609 5114 ἐθνῶν
1640 5059 1956 5128 πρέσϐεσιν.

376 5146 622 5213 Ἑξεῐναί
651 5166 713 5217 γε
751 5149 858 5221 μὴν
892 5150 978 5203 ἐπ’
1006 5149 1221 5218 ἐκείνης
1246 5151 1343 5218 τῆς
1374 5153 1616 5215 στάσεως
1646 5150 1831 5207 οὐδενὶ
1850 5151 1963 5205 τῶν

361 5232 635 5293 ἁπάντων
662 5239 740 5310 τῷ
781 5236 995 5310 βασιλεῖ
1022 5236 1398 5304 συνίστασθαι,
1423 5240 1563 5310 πλὴν
1590 5244 1693 5312 τῆς
1721 5242 1960 5309 συζύγου

361 5330 613 5386 καὶτῶν
653 5332 817 5387 υἱέων
860 5336 952 5387 καὶ
1005 5333 1252 5403 ἀδελφῶν
1276 5350 1291 5367 ο
1336 5334 1642 5405 προσθείην
1670 5334 1714 5387 δ’
1758 5335 1825 5388 ἂν
1866 5334 1963 5389 καὶ

356 5424 485 5479 τῶν
525 5426 940 5496 πατραδέλφων.
984 5426 1146 5482 Ἀλλὰ
1184 5425 1380 5480 τούτου
1420 5444 1486 5495 γε
1535 5426 1827 5497 ἱσταμένου
1863 5429 1960 5480 καὶ

355 5516 688 5590 ὁμιλοῦντος
735 5519 946 5574 ἐκεῖθεν
998 5515 1081 5584 οἷς
1138 5521 1308 5590 ἐχρῆν
1367 5518 1608 5590 ἀνῄεσαν
1658 5518 1753 5573 καὶ
1826 5536 1956 5571 συν-

2056 4684 2292 4737 maxime
2320 4681 2410 4738 ubi
2441 4682 2864 4754 imperatorium
2899 4687 3105 4743 solium
3131 4696 3218 4742 est
3240 4689 3640 4755 constitutum;

2057 4774 2319 4833 nimirum
2356 4786 2419 4831 ut
2447 4776 2581 4832 etin
2610 4793 2679 4833 eo
2715 4778 3021 4849 imperator
3043 4780 3251 4851 aliquid
3288 4797 3402 4852 prae
3429 4784 3648 4839 castoris

2056 4867 2317 4923 eximium
2372 4870 2591 4939 habeat,
2628 4873 2743 4929 sive
2785 4875 2842 4928 in
2888 4875 3064 4932 sacris
3110 4875 3426 4947 hymnodiis
3469 4886 3644 4939 stans.

2058 4960 2175 5016 sive
2237 4978 2386 5018 nunc
2445 4964 2706 5032 subditis,
2763 4982 2913 5023 nunc
2973 4976 3291 5022 exterarum
3356 4970 3646 5026 nationum

2060 5053 2256 5123 legatis
2286 5058 2630 5125 respondens
2659 5076 2673 5113 :
2701 5074 2805 5113 nec
2835 5059 2893 5113 in
2921 5060 3016 5115 illo
3046 5062 3169 5116 loco
3197 5063 3455 5133 cuiquam
3501 5081 3651 5120 mor-

2065 5148 2253 5202 talium
2280 5150 2450 5205 licere
2490 5152 2566 5206 illi
2607 5163 2808 5221 astarc,
2839 5164 3207 5226 praeterquam
3249 5156 3429 5223 uxori,
3459 5157 3650 5213 liberis

2060 5251 2116 5296 et
2168 5242 2724 5316 fratribus;‘quibns
2772 5255 2825 5301 et
2886 5250 3095 5318 patrui,
3140 5258 3202 5305 ut
3251 5251 3470 5320 opinor,
3521 5251 3683 5305 addi.

2061 5347 2312 5405 possunt.
2338 5338 2539 5392 Verum
2568 5340 2661 5394 illo
2705 5340 2779 5395 ibi
2827 5348 3006 5397 stante
3035 5351 3091 5397 ct
3121 5357 3246 5396 cum
3277 5344 3481 5414 quibus
3510 5328 3653 5412 opus

2062 5439 2184 5481 erat
2240 5429 2628 5499 colloquente,
2698 5448 2808 5487 non
2872 5433 3037 5488 modo
3091 5435 3274 5490 omnis
3344 5435 3652 5490 nobilitatis

2066 5520 2436 5578 adolescentia
2468 5526 2663 5601 eodem
2710 5526 3048 5583 ascendebat
3090 5536 3144 5585 et
3173 5529 3253 5585 illi
3286 5529 3523 5593 astabat,
3554 5527 3650 5583 sed

1719 5659 2065 5733 Variorum
2102 5673 2294 5729 notas.

456 5814 566 5885 (5i)
597 5813 966 5872 Cantacuzcn.
999 5817 1098 5872 lib.
1129 5836 1169 5883 ι,
1203 5833 1327 5887 cap.
1357 5818 1408 5874 ὃ.
1453 5817 1691 5875 Ducasc.

457 5887 565 5959 βε)
606 5888 739 5942 Vide
803 5887 972 5943 Gloss.
1031 5893 1169 5948 med.
1202 5889 1418 5949 Crescit.
1466 5891 1609 5947 inv.
1655 5890 1956 5962 omnem.
2003 5888 2239 5944 Ducam.
