  <div class='ocr_page' id='page_1' title='image "/cluster/home/n/w/nwhite01/storage/ocr_20150623/148/hvd.32044019208362/408.png"; bbox 0 0 3978 6590; ppageno 0'>
   <div class='ocr_carea' id='block_1_1' title="bbox 265 420 1113 551">
    <p class='ocr_par' dir='ltr' id='par_1_1' title="bbox 265 420 1113 551">
     <span class='ocr_line' id='line_1_1' title="bbox 265 420 1113 551; baseline -0.008 -10"><span class='ocrx_word' id='word_1_1' title='bbox 265 536 273 541; x_wconf 83' lang='grc'><em>,</em></span> <span class='ocrx_word' id='word_1_2' title='bbox 322 478 445 541; x_wconf 73' lang='lat'><strong>797</strong></span> <span class='ocrx_word' id='word_1_3' title='bbox 737 473 903 549; x_wconf 69' lang='lat' dir='ltr'><strong>[A.&#39;e.</strong></span> <span class='ocrx_word' id='word_1_4' title='bbox 946 420 1113 551; x_wconf 68' lang='lat' dir='ltr'><strong>iam</strong></span> 
     </span>
    </p>
   </div>
   <div class='ocr_carea' id='block_1_2' title="bbox 1352 486 2580 558">
    <p class='ocr_par' dir='ltr' id='par_1_2' title="bbox 1352 486 2580 558">
     <span class='ocr_line' id='line_1_2' title="bbox 1352 486 2580 558; baseline 0.009 -12"><span class='ocrx_word' id='word_1_5' title='bbox 1352 486 1793 557; x_wconf 68' lang='grc' dir='ltr'><strong>ΒῩΖᾹΝΤΙΝίΕ</strong></span> <span class='ocrx_word' id='word_1_6' title='bbox 1833 491 2217 556; x_wconf 68' lang='lat' dir='ltr'><strong>IIlSTORI/E</strong></span> <span class='ocrx_word' id='word_1_7' title='bbox 2256 496 2399 558; x_wconf 78' lang='lat' dir='ltr'><strong>LIB.</strong></span> <span class='ocrx_word' id='word_1_8' title='bbox 2443 495 2580 557; x_wconf 78' lang='lat' dir='ltr'><strong>XII.</strong></span> 
     </span>
    </p>
   </div>
   <div class='ocr_carea' id='block_1_3' title="bbox 2690 484 3309 560">
    <p class='ocr_par' dir='ltr' id='par_1_3' title="bbox 2690 484 3309 560">
     <span class='ocr_line' id='line_1_3' title="bbox 2690 484 3309 560; baseline -0.003 -15"><span class='ocrx_word' id='word_1_9' title='bbox 2690 487 2826 560; x_wconf 74' lang='grc' dir='ltr'>[ηερ.</span> <span class='ocrx_word' id='word_1_10' title='bbox 2866 501 2908 544; x_wconf 68' lang='grc' dir='ltr'><strong>ι.</strong></span> <span class='ocrx_word' id='word_1_11' title='bbox 2922 484 3190 545; x_wconf 62' lang='grc' dir='ltr'>’ριιβοιη</span> <span class='ocrx_word' id='word_1_12' title='bbox 3232 485 3309 559; x_wconf 76' lang='lat' dir='ltr'><strong>ljj</strong></span> 
     </span>
    </p>
   </div>
   <div class='ocr_carea' id='block_1_4' title="bbox 3480 487 3602 555">
    <p class='ocr_par' dir='ltr' id='par_1_4' title="bbox 3480 487 3602 555">
     <span class='ocr_line' id='line_1_4' title="bbox 3480 487 3602 555; baseline -0.025 0"><span class='ocrx_word' id='word_1_13' title='bbox 3480 487 3602 555; x_wconf 74' lang='lat'><strong>7’58</strong></span> 
     </span>
    </p>
   </div>
   <div class='ocr_carea' id='block_1_5' title="bbox 326 589 1937 672">
    <p class='ocr_par' dir='ltr' id='par_1_5' title="bbox 326 589 1908 672">
     <span class='ocr_line' id='line_1_5' title="bbox 326 589 1908 672; baseline 0.009 -31"><span class='ocrx_word' id='word_1_14' title='bbox 326 608 440 643; x_wconf 77' lang='grc' dir='ltr'><strong>σαν</strong></span> <span class='ocrx_word' id='word_1_15' title='bbox 475 589 583 645; x_wconf 85' lang='grc' dir='ltr'><strong>τῶν</strong></span> <span class='ocrx_word' id='word_1_16' title='bbox 615 592 844 656; x_wconf 66' lang='grc' dir='ltr'>πόλεων,</span> <span class='ocrx_word' id='word_1_17' title='bbox 886 594 964 658; x_wconf 83' lang='grc' dir='ltr'>ὡς</span> <span class='ocrx_word' id='word_1_18' title='bbox 995 595 1132 649; x_wconf 76' lang='grc' dir='ltr'>οἴκοι</span> <span class='ocrx_word' id='word_1_19' title='bbox 1183 595 1412 662; x_wconf 86' lang='grc' dir='ltr'>καθίσας</span> <span class='ocrx_word' id='word_1_20' title='bbox 1443 601 1472 652; x_wconf 84' lang='grc' dir='ltr'><strong>ό</strong></span> <span class='ocrx_word' id='word_1_21' title='bbox 1516 601 1908 672; x_wconf 80' lang='grc' dir='ltr'>Καντακουζηο</span> 
     </span>
    </p>
   </div>
   <div class='ocr_carea' id='block_1_6' title="bbox 2039 589 3597 672">
    <p class='ocr_par' dir='ltr' id='par_1_6' title="bbox 2039 589 3597 672">
     <span class='ocr_line' id='line_1_6' title="bbox 2039 589 3597 672; baseline -0.002 -12"><span class='ocrx_word' id='word_1_22' title='bbox 2039 608 2216 663; x_wconf 48' lang='grc' dir='ltr'><strong>ηἱεείηιί</strong></span> <span class='ocrx_word' id='word_1_23' title='bbox 2246 608 2509 672; x_wconf 86' lang='lat' dir='ltr'><strong>aderant,</strong></span> <span class='ocrx_word' id='word_1_24' title='bbox 2542 606 2825 663; x_wconf 85' lang='lat' dir='ltr'><strong>sedentem</strong></span> <span class='ocrx_word' id='word_1_25' title='bbox 2860 604 3006 660; x_wconf 89' lang='lat' dir='ltr'><strong>domi</strong></span> <span class='ocrx_word' id='word_1_26' title='bbox 3038 589 3474 659; x_wconf 61' lang='lat' dir='ltr'><strong>Cantacuzrnum</strong></span> <span class='ocrx_word' id='word_1_27' title='bbox 3521 600 3597 657; x_wconf 80' lang='lat' dir='ltr'><strong>ab</strong></span> 
     </span>
    </p>
   </div>
   <div class='ocr_carea' id='block_1_7' title="bbox 323 683 1915 765">
    <p class='ocr_par' dir='ltr' id='par_1_7' title="bbox 323 683 1915 765">
     <span class='ocr_line' id='line_1_7' title="bbox 323 683 1915 765; baseline 0.008 -31"><span class='ocrx_word' id='word_1_28' title='bbox 323 685 427 746; x_wconf 58' lang='grc' dir='ltr'><strong>νζς</strong></span> <span class='ocrx_word' id='word_1_29' title='bbox 452 683 671 738; x_wconf 88' lang='grc' dir='ltr'>πάντων</span> <span class='ocrx_word' id='word_1_30' title='bbox 717 689 1064 757; x_wconf 78' lang='grc' dir='ltr'><strong>πραγμάτων</strong></span> <span class='ocrx_word' id='word_1_31' title='bbox 1099 688 1388 760; x_wconf 84' lang='grc' dir='ltr'>ἀπέσχετο,</span> <span class='ocrx_word' id='word_1_32' title='bbox 1426 693 1594 747; x_wconf 76' lang='grc' dir='ltr'>πολὺς</span> <span class='ocrx_word' id='word_1_33' title='bbox 1647 695 1915 765; x_wconf 74' lang='grc' dir='ltr'>ἅνήπτετο</span> 
     </span>
    </p>
   </div>
   <div class='ocr_carea' id='block_1_8' title="bbox 326 774 1917 849">
    <p class='ocr_par' dir='ltr' id='par_1_8' title="bbox 326 774 1917 849">
     <span class='ocr_line' id='line_1_8' title="bbox 326 774 1917 849; baseline 0.007 -24"><span class='ocrx_word' id='word_1_34' title='bbox 326 774 569 842; x_wconf 75' lang='grc' dir='ltr'>θόρυϐος</span> <span class='ocrx_word' id='word_1_35' title='bbox 603 776 750 830; x_wconf 85' lang='grc' dir='ltr'>κατά</span> <span class='ocrx_word' id='word_1_36' title='bbox 772 793 830 829; x_wconf 84' lang='grc' dir='ltr'><strong>τε</strong></span> <span class='ocrx_word' id='word_1_37' title='bbox 875 780 1216 849; x_wconf 81' lang='grc' dir='ltr'><strong>πατριάρχου</strong></span> <span class='ocrx_word' id='word_1_38' title='bbox 1248 783 1344 834; x_wconf 78' lang='grc' dir='ltr'>καὶ</span> <span class='ocrx_word' id='word_1_39' title='bbox 1397 782 1745 837; x_wconf 81' lang='grc' dir='ltr'>Ἀποκαύκου</span> <span class='ocrx_word' id='word_1_40' title='bbox 1773 825 1788 847; x_wconf 86' lang='grc'><strong>,</strong></span> <span class='ocrx_word' id='word_1_41' title='bbox 1822 785 1917 837; x_wconf 72' lang='grc' dir='ltr'><strong>καὶ</strong></span> 
     </span>
    </p>
   </div>
   <div class='ocr_carea' id='block_1_9' title="bbox 328 866 1915 946">
    <p class='ocr_par' dir='ltr' id='par_1_9' title="bbox 328 866 1915 946">
     <span class='ocr_line' id='line_1_9' title="bbox 328 866 1915 946; baseline 0.009 -29"><span class='ocrx_word' id='word_1_42' title='bbox 328 866 393 917; x_wconf 78' lang='grc' dir='ltr'><strong>εἰ·</strong></span> <span class='ocrx_word' id='word_1_43' title='bbox 414 866 555 930; x_wconf 84' lang='grc' dir='ltr'>τινές</span> <span class='ocrx_word' id='word_1_44' title='bbox 579 884 682 921; x_wconf 83' lang='grc' dir='ltr'><strong>που</strong></span> <span class='ocrx_word' id='word_1_45' title='bbox 707 867 815 923; x_wconf 88' lang='grc' dir='ltr'><strong>τῶν</strong></span> <span class='ocrx_word' id='word_1_46' title='bbox 844 871 903 923; x_wconf 90' lang='grc' dir='ltr'><strong>ἐν</strong></span> <span class='ocrx_word' id='word_1_47' title='bbox 927 873 1069 927; x_wconf 81' lang='grc' dir='ltr'>τέλει</span> <span class='ocrx_word' id='word_1_48' title='bbox 1103 873 1214 944; x_wconf 83' lang='grc'><strong>(78)</strong></span> <span class='ocrx_word' id='word_1_49' title='bbox 1246 875 1432 946; x_wconf 89' lang='grc' dir='ltr'>σφίσιν</span> <span class='ocrx_word' id='word_1_50' title='bbox 1458 871 1569 930; x_wconf 76' lang='grc' dir='ltr'>ιίεν</span> <span class='ocrx_word' id='word_1_51' title='bbox 1596 878 1915 946; x_wconf 78' lang='grc' dir='ltr'><strong>ὁμόφρονες.</strong></span> 
     </span>
    </p>
   </div>
   <div class='ocr_carea' id='block_1_10' title="bbox 338 951 1919 1035">
    <p class='ocr_par' dir='ltr' id='par_1_10' title="bbox 338 951 1919 1035">
     <span class='ocr_line' id='line_1_10' title="bbox 338 951 1919 1035; baseline 0.008 -27"><span class='ocrx_word' id='word_1_52' title='bbox 338 951 504 1009; x_wconf 73' lang='grc' dir='ltr'>Εἶναι</span> <span class='ocrx_word' id='word_1_53' title='bbox 546 956 655 1025; x_wconf 84' lang='grc' dir='ltr'><strong>γάρ</strong></span> <span class='ocrx_word' id='word_1_54' title='bbox 692 958 802 1014; x_wconf 87' lang='grc' dir='ltr'><strong>τῶν</strong></span> <span class='ocrx_word' id='word_1_55' title='bbox 857 961 1162 1031; x_wconf 84' lang='grc' dir='ltr'>ἀμηχάνων</span> <span class='ocrx_word' id='word_1_56' title='bbox 1222 964 1482 1033; x_wconf 75' lang='grc' dir='ltr'>ἔφασκον.</span> <span class='ocrx_word' id='word_1_57' title='bbox 1533 966 1772 1035; x_wconf 81' lang='grc' dir='ltr'><strong>ἀφέντας</strong></span> <span class='ocrx_word' id='word_1_58' title='bbox 1826 966 1919 1019; x_wconf 79' lang='grc' dir='ltr'>τὸν</span> 
     </span>
    </p>
   </div>
   <div class='ocr_carea' id='block_1_11' title="bbox 336 1049 1920 1129">
    <p class='ocr_par' dir='ltr' id='par_1_11' title="bbox 336 1049 1920 1129">
     <span class='ocr_line' id='line_1_11' title="bbox 336 1049 1920 1129; baseline 0.006 -28"><span class='ocrx_word' id='word_1_59' title='bbox 336 1049 704 1120; x_wconf 83' lang='grc' dir='ltr'>πλουτοδότην</span> <span class='ocrx_word' id='word_1_60' title='bbox 744 1053 839 1106; x_wconf 80' lang='grc' dir='ltr'>καὶ</span> <span class='ocrx_word' id='word_1_61' title='bbox 877 1055 1058 1108; x_wconf 79' lang='grc' dir='ltr'>κοινὸν</span> <span class='ocrx_word' id='word_1_62' title='bbox 1094 1057 1301 1126; x_wconf 78' lang='grc' dir='ltr'>τροφέα</span> <span class='ocrx_word' id='word_1_63' title='bbox 1326 1057 1802 1129; x_wconf 77' lang='grc' dir='ltr'>Καντακουζηνδν,</span> <span class='ocrx_word' id='word_1_64' title='bbox 1826 1061 1920 1112; x_wconf 80' lang='grc' dir='ltr'>καὶ</span> 
     </span>
    </p>
   </div>
   <div class='ocr_carea' id='block_1_12' title="bbox 340 1147 1923 1220">
    <p class='ocr_par' dir='ltr' id='par_1_12' title="bbox 340 1147 1923 1220">
     <span class='ocr_line' id='line_1_12' title="bbox 340 1147 1923 1220; baseline 0.007 -26"><span class='ocrx_word' id='word_1_65' title='bbox 340 1147 766 1215; x_wconf 78' lang='grc' dir='ltr'><strong>συστρατιώτην</strong></span> <span class='ocrx_word' id='word_1_66' title='bbox 814 1149 1016 1216; x_wconf 82' lang='grc' dir='ltr'>μᾶλλον</span> <span class='ocrx_word' id='word_1_67' title='bbox 1046 1148 1079 1218; x_wconf 76' lang='grc' dir='ltr'>ἢ</span> <span class='ocrx_word' id='word_1_68' title='bbox 1110 1151 1438 1220; x_wconf 77' lang='grc' dir='ltr'>στρατηγὸν,</span> <span class='ocrx_word' id='word_1_69' title='bbox 1487 1151 1583 1207; x_wconf 72' lang='grc' dir='ltr'>καὶ</span> <span class='ocrx_word' id='word_1_70' title='bbox 1629 1151 1923 1205; x_wconf 82' lang='grc' dir='ltr'>συνταλαι-</span> 
     </span>
    </p>
   </div>
   <div class='ocr_carea' id='block_1_13' title="bbox 341 1237 1945 1315">
    <p class='ocr_par' dir='ltr' id='par_1_13' title="bbox 341 1237 1945 1315">
     <span class='ocr_line' id='line_1_13' title="bbox 341 1237 1945 1315; baseline 0.008 -29"><span class='ocrx_word' id='word_1_71' title='bbox 341 1237 558 1304; x_wconf 83' lang='grc' dir='ltr'>πωρείν</span> <span class='ocrx_word' id='word_1_72' title='bbox 590 1237 769 1293; x_wconf 86' lang='grc' dir='ltr'>είδότα</span> <span class='ocrx_word' id='word_1_73' title='bbox 791 1239 934 1293; x_wconf 86' lang='grc' dir='ltr'>κατά</span> <span class='ocrx_word' id='word_1_74' title='bbox 964 1258 1024 1294; x_wconf 86' lang='grc' dir='ltr'><strong>τε</strong></span> <span class='ocrx_word' id='word_1_75' title='bbox 1055 1242 1155 1305; x_wconf 81' lang='grc' dir='ltr'><strong>τὰς</strong></span> <span class='ocrx_word' id='word_1_76' title='bbox 1185 1243 1488 1314; x_wconf 79' lang='grc' dir='ltr'><strong>ὑπαίθρους</strong></span> <span class='ocrx_word' id='word_1_77' title='bbox 1513 1244 1609 1297; x_wconf 75' lang='grc' dir='ltr'>καὶ</span> <span class='ocrx_word' id='word_1_78' title='bbox 1635 1244 1945 1315; x_wconf 71' lang='grc' dir='ltr'><strong>χειμερίας,</strong></span> 
     </span>
    </p>
   </div>
   <div class='ocr_carea' id='block_1_14' title="bbox 341 1330 1923 1409">
    <p class='ocr_par' dir='ltr' id='par_1_14' title="bbox 341 1330 1923 1409">
     <span class='ocr_line' id='line_1_14' title="bbox 341 1330 1923 1409; baseline 0.007 -28"><span class='ocrx_word' id='word_1_79' title='bbox 341 1330 777 1398; x_wconf 78' lang='grc' dir='ltr'><strong>στρατοπεδείας</strong></span> <span class='ocrx_word' id='word_1_80' title='bbox 806 1332 1019 1398; x_wconf 80' lang='grc' dir='ltr'>αὐτοῖς,</span> <span class='ocrx_word' id='word_1_81' title='bbox 1053 1333 1284 1389; x_wconf 72' lang='grc' dir='ltr'>ἕπεσθαι</span> <span class='ocrx_word' id='word_1_82' title='bbox 1324 1338 1631 1407; x_wconf 79' lang='grc' dir='ltr'>μεμηνόσιν</span> <span class='ocrx_word' id='word_1_83' title='bbox 1672 1337 1923 1409; x_wconf 84' lang='grc' dir='ltr'>ἀνδράσι,</span> 
     </span>
    </p>
   </div>
   <div class='ocr_carea' id='block_1_15' title="bbox 340 1419 1927 1502">
    <p class='ocr_par' dir='ltr' id='par_1_15' title="bbox 340 1419 1927 1502">
     <span class='ocr_line' id='line_1_15' title="bbox 340 1419 1927 1502; baseline 0.008 -33"><span class='ocrx_word' id='word_1_84' title='bbox 340 1419 451 1470; x_wconf 77' lang='grc' dir='ltr'>καὶ</span> <span class='ocrx_word' id='word_1_85' title='bbox 484 1420 588 1473; x_wconf 78' lang='grc' dir='ltr'>ὑπὸ</span> <span class='ocrx_word' id='word_1_86' title='bbox 621 1421 821 1488; x_wconf 82' lang='grc' dir='ltr'>φθόνου</span> <span class='ocrx_word' id='word_1_87' title='bbox 856 1423 952 1477; x_wconf 74' lang='grc' dir='ltr'>καὶ</span> <span class='ocrx_word' id='word_1_88' title='bbox 979 1423 1279 1494; x_wconf 79' lang='grc' dir='ltr'>βασκανίας</span> <span class='ocrx_word' id='word_1_89' title='bbox 1323 1427 1685 1498; x_wconf 86' lang='grc' dir='ltr'>διεφθορόσιν,</span> <span class='ocrx_word' id='word_1_90' title='bbox 1718 1430 1751 1502; x_wconf 78' lang='grc' dir='ltr'>ἢ</span> <span class='ocrx_word' id='word_1_91' title='bbox 1787 1431 1927 1500; x_wconf 79' lang='grc' dir='ltr'>μᾶ)-</span> 
     </span>
    </p>
   </div>
   <div class='ocr_carea' id='block_1_16' title="bbox 337 1508 1925 1583">
    <p class='ocr_par' dir='ltr' id='par_1_16' title="bbox 337 1508 1925 1583">
     <span class='ocr_line' id='line_1_16' title="bbox 337 1508 1925 1583; baseline 0.004 -23"><span class='ocrx_word' id='word_1_92' title='bbox 337 1508 442 1561; x_wconf 74' lang='grc' dir='ltr'><strong>λον</strong></span> <span class='ocrx_word' id='word_1_93' title='bbox 492 1511 729 1581; x_wconf 81' lang='grc' dir='ltr'><strong>ἀμαθέσι</strong></span> <span class='ocrx_word' id='word_1_94' title='bbox 782 1515 985 1577; x_wconf 76' lang='grc' dir='ltr'>παντὸς</span> <span class='ocrx_word' id='word_1_95' title='bbox 1039 1515 1272 1583; x_wconf 83' lang='grc' dir='ltr'>ἀγαθοῦ,</span> <span class='ocrx_word' id='word_1_96' title='bbox 1320 1516 1494 1571; x_wconf 80' lang='grc' dir='ltr'>ὁπόσα</span> <span class='ocrx_word' id='word_1_97' title='bbox 1548 1517 1729 1580; x_wconf 87' lang='grc' dir='ltr'>πόλεις</span> <span class='ocrx_word' id='word_1_98' title='bbox 1781 1511 1925 1569; x_wconf 78' lang='grc' dir='ltr'>οἶδεν</span> 
     </span>
    </p>
   </div>
   <div class='ocr_carea' id='block_1_17' title="bbox 219 1601 1925 1679">
    <p class='ocr_par' dir='ltr' id='par_1_17' title="bbox 219 1601 1925 1679">
     <span class='ocr_line' id='line_1_17' title="bbox 219 1601 1925 1679; baseline 0.004 -25"><span class='ocrx_word' id='word_1_99' title='bbox 219 1659 226 1663; x_wconf 57' lang='grc'><strong>,</strong></span> <span class='ocrx_word' id='word_1_100' title='bbox 338 1601 603 1671; x_wconf 77' lang='grc' dir='ltr'>ὠφελεῖν,</span> <span class='ocrx_word' id='word_1_101' title='bbox 631 1605 725 1658; x_wconf 84' lang='grc' dir='ltr'>καὶ</span> <span class='ocrx_word' id='word_1_102' title='bbox 768 1604 957 1674; x_wconf 74' lang='grc' dir='ltr'>φοϐεῖν</span> <span class='ocrx_word' id='word_1_103' title='bbox 985 1606 1238 1677; x_wconf 77' lang='grc' dir='ltr'>ἐχθροὺς,</span> <span class='ocrx_word' id='word_1_104' title='bbox 1272 1608 1367 1662; x_wconf 81' lang='grc' dir='ltr'>καὶ</span> <span class='ocrx_word' id='word_1_105' title='bbox 1412 1607 1715 1679; x_wconf 81' lang='grc' dir='ltr'>βασιλικοῖς</span> <span class='ocrx_word' id='word_1_106' title='bbox 1742 1609 1925 1661; x_wconf 79' lang='grc' dir='ltr'>ἐπίδο-</span> 
     </span>
    </p>
   </div>
   <div class='ocr_carea' id='block_1_18' title="bbox 340 1694 1923 1770">
    <p class='ocr_par' dir='ltr' id='par_1_18' title="bbox 340 1694 1923 1770">
     <span class='ocr_line' id='line_1_18' title="bbox 340 1694 1923 1770; baseline 0.006 -26"><span class='ocrx_word' id='word_1_107' title='bbox 340 1709 440 1745; x_wconf 87' lang='grc' dir='ltr'><strong>σιν</strong></span> <span class='ocrx_word' id='word_1_108' title='bbox 476 1694 681 1749; x_wconf 82' lang='grc' dir='ltr'>διδόναι</span> <span class='ocrx_word' id='word_1_109' title='bbox 706 1696 1054 1767; x_wconf 80' lang='grc' dir='ltr'>πράγμασιν.</span> <span class='ocrx_word' id='word_1_110' title='bbox 1085 1696 1253 1753; x_wconf 84' lang='grc' dir='ltr'>Ὥστε</span> <span class='ocrx_word' id='word_1_111' title='bbox 1285 1699 1381 1753; x_wconf 78' lang='grc' dir='ltr'>καὶ</span> <span class='ocrx_word' id='word_1_112' title='bbox 1410 1698 1507 1753; x_wconf 88' lang='grc' dir='ltr'><strong>τοῦ</strong></span> <span class='ocrx_word' id='word_1_113' title='bbox 1551 1699 1699 1754; x_wconf 88' lang='grc' dir='ltr'>θείου</span> <span class='ocrx_word' id='word_1_114' title='bbox 1730 1711 1923 1770; x_wconf 58' lang='grc' dir='ltr'>προτεέ</span> 
     </span>
    </p>
   </div>
   <div class='ocr_carea' id='block_1_19' title="bbox 342 1784 1925 1861">
    <p class='ocr_par' dir='ltr' id='par_1_19' title="bbox 342 1784 1925 1861">
     <span class='ocr_line' id='line_1_19' title="bbox 342 1784 1925 1861; baseline 0.005 -23"><span class='ocrx_word' id='word_1_115' title='bbox 342 1784 540 1849; x_wconf 75' lang='grc' dir='ltr'>Θέντος</span> <span class='ocrx_word' id='word_1_116' title='bbox 569 1787 905 1855; x_wconf 77' lang='grc' dir='ltr'>Εὑαγγελίου</span> <span class='ocrx_word' id='word_1_117' title='bbox 952 1791 1096 1843; x_wconf 81' lang='grc' dir='ltr'>κατὰ</span> <span class='ocrx_word' id='word_1_118' title='bbox 1135 1789 1198 1842; x_wconf 78' lang='grc' dir='ltr'><strong>τὸ</strong></span> <span class='ocrx_word' id='word_1_119' title='bbox 1240 1790 1412 1845; x_wconf 90' lang='grc' dir='ltr'>πάλαι</span> <span class='ocrx_word' id='word_1_120' title='bbox 1454 1791 1740 1861; x_wconf 81' lang='grc' dir='ltr'>κρατῆσαν</span> <span class='ocrx_word' id='word_1_121' title='bbox 1785 1791 1925 1859; x_wconf 77' lang='grc' dir='ltr'>ἔθος,</span> 
     </span>
    </p>
   </div>
   <div class='ocr_carea' id='block_1_20' title="bbox 342 1875 1926 1952">
    <p class='ocr_par' dir='ltr' id='par_1_20' title="bbox 342 1875 1926 1952">
     <span class='ocr_line' id='line_1_20' title="bbox 342 1875 1926 1952; baseline 0.003 -24"><span class='ocrx_word' id='word_1_122' title='bbox 342 1875 496 1946; x_wconf 75' lang='grc' dir='ltr'>ὑπὲρ</span> <span class='ocrx_word' id='word_1_123' title='bbox 524 1878 823 1948; x_wconf 76' lang='grc' dir='ltr'>ἀσφαλείας</span> <span class='ocrx_word' id='word_1_124' title='bbox 848 1880 943 1934; x_wconf 74' lang='grc' dir='ltr'>καὶ</span> <span class='ocrx_word' id='word_1_125' title='bbox 974 1882 1211 1945; x_wconf 89' lang='grc' dir='ltr'>πίστεως</span> <span class='ocrx_word' id='word_1_126' title='bbox 1237 1880 1459 1947; x_wconf 82' lang='grc' dir='ltr'>ὀμνύειν</span> <span class='ocrx_word' id='word_1_127' title='bbox 1487 1882 1596 1935; x_wconf 86' lang='grc' dir='ltr'><strong>τῶν</strong></span> <span class='ocrx_word' id='word_1_128' title='bbox 1635 1882 1926 1952; x_wconf 81' lang='grc' dir='ltr'>βασιλέων,</span> 
     </span>
    </p>
   </div>
   <div class='ocr_carea' id='block_1_21' title="bbox 2016 695 3594 770">
    <p class='ocr_par' dir='ltr' id='par_1_21' title="bbox 2016 695 3594 770">
     <span class='ocr_line' id='line_1_21' title="bbox 2016 695 3594 770; baseline -0.007 -11"><span class='ocrx_word' id='word_1_129' title='bbox 2016 720 2200 759; x_wconf 87' lang='lat' dir='ltr'><strong>rerum</strong></span> <span class='ocrx_word' id='word_1_130' title='bbox 2226 701 2701 759; x_wconf 88' lang='lat' dir='ltr'><strong>administratione</strong></span> <span class='ocrx_word' id='word_1_131' title='bbox 2727 713 2949 770; x_wconf 83' lang='lat' dir='ltr'><strong>prorsus</strong></span> <span class='ocrx_word' id='word_1_132' title='bbox 2971 713 3032 753; x_wconf 76' lang='lat' dir='ltr'><strong>se</strong></span> <span class='ocrx_word' id='word_1_133' title='bbox 3063 696 3364 759; x_wconf 88' lang='lat' dir='ltr'><strong>abstinere,</strong></span> <span class='ocrx_word' id='word_1_134' title='bbox 3391 695 3594 749; x_wconf 84' lang='lat' dir='ltr'><strong>tumul-</strong></span> 
     </span>
    </p>
   </div>
   <div class='ocr_carea' id='block_1_22' title="bbox 2017 790 3592 869">
    <p class='ocr_par' dir='ltr' id='par_1_22' title="bbox 2017 790 3592 869">
     <span class='ocr_line' id='line_1_22' title="bbox 2017 790 3592 869; baseline -0.007 -16"><span class='ocrx_word' id='word_1_135' title='bbox 2017 807 2106 853; x_wconf 85' lang='lat' dir='ltr'><strong>tus</strong></span> <span class='ocrx_word' id='word_1_136' title='bbox 2131 798 2326 869; x_wconf 83' lang='lat' dir='ltr'><strong>ingens</strong></span> <span class='ocrx_word' id='word_1_137' title='bbox 2349 796 2613 851; x_wconf 85' lang='lat' dir='ltr'><strong>adversus</strong></span> <span class='ocrx_word' id='word_1_138' title='bbox 2643 802 2699 848; x_wconf 88' lang='lat' dir='ltr'><strong>et</strong></span> <span class='ocrx_word' id='word_1_139' title='bbox 2730 790 3096 862; x_wconf 88' lang='lat' dir='ltr'><strong>patriarcham</strong></span> <span class='ocrx_word' id='word_1_140' title='bbox 3124 799 3180 845; x_wconf 91' lang='lat' dir='ltr'><strong>et</strong></span> <span class='ocrx_word' id='word_1_141' title='bbox 3204 790 3549 860; x_wconf 84' lang='lat' dir='ltr'><strong>Apocaucum</strong></span> <span class='ocrx_word' id='word_1_142' title='bbox 3575 829 3592 853; x_wconf 96' lang='lat'><strong>,</strong></span> 
     </span>
    </p>
   </div>
   <div class='ocr_carea' id='block_1_23' title="bbox 2018 881 3597 959">
    <p class='ocr_par' dir='ltr' id='par_1_23' title="bbox 2018 881 3597 959">
     <span class='ocr_line' id='line_1_23' title="bbox 2018 881 3597 959; baseline -0.007 -13"><span class='ocrx_word' id='word_1_143' title='bbox 2018 900 2074 946; x_wconf 90' lang='lat' dir='ltr'><strong>et</strong></span> <span class='ocrx_word' id='word_1_144' title='bbox 2098 891 2143 946; x_wconf 88' lang='lat' dir='ltr'><strong>si</strong></span> <span class='ocrx_word' id='word_1_145' title='bbox 2184 890 2275 959; x_wconf 89' lang='lat' dir='ltr'><strong>qui</strong></span> <span class='ocrx_word' id='word_1_146' title='bbox 2299 904 2366 945; x_wconf 82' lang='lat' dir='ltr'><strong>ex</strong></span> <span class='ocrx_word' id='word_1_147' title='bbox 2392 887 2625 943; x_wconf 87' lang='lat' dir='ltr'><strong>ducibus</strong></span> <span class='ocrx_word' id='word_1_148' title='bbox 2671 883 2917 940; x_wconf 78' lang='lat' dir='ltr'><strong>consiliis</strong></span> <span class='ocrx_word' id='word_1_149' title='bbox 2942 898 3134 939; x_wconf 90' lang='lat' dir='ltr'><strong>eorum</strong></span> <span class='ocrx_word' id='word_1_150' title='bbox 3167 881 3454 946; x_wconf 80' lang='lat' dir='ltr'><strong>faverent,</strong></span> <span class='ocrx_word' id='word_1_151' title='bbox 3502 895 3597 935; x_wconf 86' lang='lat' dir='ltr'><strong>ac-</strong></span> 
     </span>
    </p>
   </div>
   <div class='ocr_carea' id='block_1_24' title="bbox 2017 973 3596 1050">
    <p class='ocr_par' dir='ltr' id='par_1_24' title="bbox 2017 973 3596 1050">
     <span class='ocr_line' id='line_1_24' title="bbox 2017 973 3596 1050; baseline -0.009 -12"><span class='ocrx_word' id='word_1_152' title='bbox 2017 981 2294 1038; x_wconf 89' lang='lat' dir='ltr'><strong>cenditur.</strong></span> <span class='ocrx_word' id='word_1_153' title='bbox 2320 978 2602 1048; x_wconf 76' lang='lat' dir='ltr'><strong>Negabant</strong></span> <span class='ocrx_word' id='word_1_154' title='bbox 2635 976 2780 1032; x_wconf 86' lang='lat' dir='ltr'><strong>enim</strong></span> <span class='ocrx_word' id='word_1_155' title='bbox 2815 975 2933 1029; x_wconf 80' lang='lat' dir='ltr'><strong>ﬁeri</strong></span> <span class='ocrx_word' id='word_1_156' title='bbox 2964 987 3145 1042; x_wconf 86' lang='lat' dir='ltr'><strong>posse,</strong></span> <span class='ocrx_word' id='word_1_157' title='bbox 3177 981 3237 1026; x_wconf 85' lang='lat' dir='ltr'><strong>ut</strong></span> <span class='ocrx_word' id='word_1_158' title='bbox 3263 973 3596 1050; x_wconf 74' lang='lat' dir='ltr'><strong>Cantacuze-</strong></span> 
     </span>
    </p>
   </div>
   <div class='ocr_carea' id='block_1_25' title="bbox 2020 1062 3598 1142">
    <p class='ocr_par' dir='ltr' id='par_1_25' title="bbox 2020 1062 3598 1142">
     <span class='ocr_line' id='line_1_25' title="bbox 2020 1062 3598 1142; baseline -0.008 -13"><span class='ocrx_word' id='word_1_159' title='bbox 2020 1089 2152 1130; x_wconf 88' lang='lat' dir='ltr'><strong>num</strong></span> <span class='ocrx_word' id='word_1_160' title='bbox 2180 1072 2399 1142; x_wconf 97' lang='lat' dir='ltr'><strong>quidem</strong></span> <span class='ocrx_word' id='word_1_161' title='bbox 2434 1071 2912 1132; x_wconf 76' lang='lat' dir='ltr'><strong>obliviscerentur,</strong></span> <span class='ocrx_word' id='word_1_162' title='bbox 2946 1067 3121 1120; x_wconf 89' lang='lat' dir='ltr'><strong>virum</strong></span> <span class='ocrx_word' id='word_1_163' title='bbox 3161 1062 3598 1121; x_wconf 79' lang='lat' dir='ltr'><strong>beneﬁcentissi-</strong></span> 
     </span>
    </p>
   </div>
   <div class='ocr_carea' id='block_1_26' title="bbox 2020 1162 3683 1228">
    <p class='ocr_par' dir='ltr' id='par_1_26' title="bbox 2020 1162 3683 1228">
     <span class='ocr_line' id='line_1_26' title="bbox 2020 1162 3683 1228; baseline -0.007 -9"><span class='ocrx_word' id='word_1_164' title='bbox 2020 1179 2193 1225; x_wconf 89' lang='lat' dir='ltr'><strong>mum,</strong></span> <span class='ocrx_word' id='word_1_165' title='bbox 2226 1177 2576 1219; x_wconf 84' lang='lat' dir='ltr'><strong>communem</strong></span> <span class='ocrx_word' id='word_1_166' title='bbox 2616 1162 2844 1215; x_wconf 77' lang='lat' dir='ltr'><strong>altorem</strong></span> <span class='ocrx_word' id='word_1_167' title='bbox 2892 1168 2950 1214; x_wconf 84' lang='lat' dir='ltr'><strong>et</strong></span> <span class='ocrx_word' id='word_1_168' title='bbox 2997 1166 3302 1228; x_wconf 87' lang='lat' dir='ltr'><strong>parentem,</strong></span> <span class='ocrx_word' id='word_1_169' title='bbox 3338 1171 3442 1211; x_wconf 89' lang='lat' dir='ltr'><strong>nec</strong></span> <span class='ocrx_word' id='word_1_170' title='bbox 3487 1166 3594 1210; x_wconf 88' lang='lat' dir='ltr'><strong>tam</strong></span> <span class='ocrx_word' id='word_1_171' title='bbox 3678 1170 3683 1177; x_wconf 62' lang='grc' dir='ltr'>λ</span> 
     </span>
    </p>
   </div>
   <div class='ocr_carea' id='block_1_27' title="bbox 2020 1246 3598 1323">
    <p class='ocr_par' dir='ltr' id='par_1_27' title="bbox 2020 1246 3598 1323">
     <span class='ocr_line' id='line_1_27' title="bbox 2020 1246 3598 1323; baseline -0.006 -13"><span class='ocrx_word' id='word_1_172' title='bbox 2020 1255 2217 1311; x_wconf 87' lang='lat' dir='ltr'><strong>ducem</strong></span> <span class='ocrx_word' id='word_1_173' title='bbox 2261 1268 2423 1323; x_wconf 91' lang='lat' dir='ltr'><strong>quam</strong></span> <span class='ocrx_word' id='word_1_174' title='bbox 2465 1251 2896 1307; x_wconf 76' lang='lat' dir='ltr'><strong>commilitonem</strong></span> <span class='ocrx_word' id='word_1_175' title='bbox 2926 1264 3110 1315; x_wconf 89' lang='lat' dir='ltr'><strong>suum,</strong></span> <span class='ocrx_word' id='word_1_176' title='bbox 3141 1247 3236 1317; x_wconf 87' lang='lat' dir='ltr'><strong>qui</strong></span> <span class='ocrx_word' id='word_1_177' title='bbox 3275 1263 3459 1303; x_wconf 81' lang='lat' dir='ltr'><strong>secum</strong></span> <span class='ocrx_word' id='word_1_178' title='bbox 3493 1246 3598 1301; x_wconf 86' lang='lat' dir='ltr'><strong>sub</strong></span> 
     </span>
    </p>
   </div>
   <div class='ocr_carea' id='block_1_28' title="bbox 2021 1338 3597 1416">
    <p class='ocr_par' dir='ltr' id='par_1_28' title="bbox 2021 1338 3597 1416">
     <span class='ocr_line' id='line_1_28' title="bbox 2021 1338 3597 1416; baseline -0.004 -15"><span class='ocrx_word' id='word_1_179' title='bbox 2021 1346 2111 1402; x_wconf 90' lang='lat' dir='ltr'><strong>dio</strong></span> <span class='ocrx_word' id='word_1_180' title='bbox 2136 1345 2425 1416; x_wconf 83' lang='lat' dir='ltr'><strong>mediaque</strong></span> <span class='ocrx_word' id='word_1_181' title='bbox 2451 1344 2637 1399; x_wconf 85' lang='lat' dir='ltr'><strong>hieme</strong></span> <span class='ocrx_word' id='word_1_182' title='bbox 2662 1343 2889 1398; x_wconf 85' lang='lat' dir='ltr'><strong>bellicos</strong></span> <span class='ocrx_word' id='word_1_183' title='bbox 2931 1342 3152 1397; x_wconf 88' lang='lat' dir='ltr'><strong>labores</strong></span> <span class='ocrx_word' id='word_1_184' title='bbox 3183 1341 3417 1396; x_wconf 89' lang='lat' dir='ltr'><strong>tolerare</strong></span> <span class='ocrx_word' id='word_1_185' title='bbox 3458 1338 3597 1394; x_wconf 60' lang='lat' dir='ltr'><strong>didiv</strong></span> 
     </span>
    </p>
   </div>
   <div class='ocr_carea' id='block_1_29' title="bbox 2023 1432 3599 1507">
    <p class='ocr_par' dir='ltr' id='par_1_29' title="bbox 2023 1432 3599 1507">
     <span class='ocr_line' id='line_1_29' title="bbox 2023 1432 3599 1507; baseline -0.006 -13"><span class='ocrx_word' id='word_1_186' title='bbox 2023 1440 2211 1502; x_wconf 80' lang='lat' dir='ltr'><strong>cisset,</strong></span> <span class='ocrx_word' id='word_1_187' title='bbox 2244 1439 2495 1493; x_wconf 84' lang='lat' dir='ltr'><strong>homines</strong></span> <span class='ocrx_word' id='word_1_188' title='bbox 2522 1447 2704 1492; x_wconf 86' lang='lat' dir='ltr'><strong>autem</strong></span> <span class='ocrx_word' id='word_1_189' title='bbox 2722 1445 3090 1507; x_wconf 78' lang='lat' dir='ltr'><strong>sequerentur</strong></span> <span class='ocrx_word' id='word_1_190' title='bbox 3115 1435 3371 1496; x_wconf 79' lang='lat' dir='ltr'><strong>furiosos,</strong></span> <span class='ocrx_word' id='word_1_191' title='bbox 3396 1432 3599 1487; x_wconf 83' lang='lat' dir='ltr'><strong>invidia</strong></span> 
     </span>
    </p>
   </div>
   <div class='ocr_carea' id='block_1_30' title="bbox 2023 1522 3601 1595">
    <p class='ocr_par' dir='ltr' id='par_1_30' title="bbox 2023 1522 3601 1595">
     <span class='ocr_line' id='line_1_30' title="bbox 2023 1522 3601 1595; baseline -0.006 -10"><span class='ocrx_word' id='word_1_192' title='bbox 2023 1541 2074 1585; x_wconf 86' lang='lat' dir='ltr'><strong>et</strong></span> <span class='ocrx_word' id='word_1_193' title='bbox 2122 1530 2360 1585; x_wconf 86' lang='lat' dir='ltr'><strong>ohscuro</strong></span> <span class='ocrx_word' id='word_1_194' title='bbox 2403 1527 2527 1582; x_wconf 86' lang='lat' dir='ltr'><strong>odio</strong></span> <span class='ocrx_word' id='word_1_195' title='bbox 2585 1527 3074 1590; x_wconf 87' lang='lat' dir='ltr'><strong>contabescentes;</strong></span> <span class='ocrx_word' id='word_1_196' title='bbox 3126 1524 3378 1595; x_wconf 82' lang='lat' dir='ltr'><strong>homines</strong></span> <span class='ocrx_word' id='word_1_197' title='bbox 3421 1522 3601 1577; x_wconf 87' lang='lat' dir='ltr'><strong>omnis</strong></span> 
     </span>
    </p>
   </div>
   <div class='ocr_carea' id='block_1_31' title="bbox 2025 1614 3600 1690">
    <p class='ocr_par' dir='ltr' id='par_1_31' title="bbox 2025 1614 3600 1690">
     <span class='ocr_line' id='line_1_31' title="bbox 2025 1614 3600 1690; baseline -0.008 -11"><span class='ocrx_word' id='word_1_198' title='bbox 2025 1623 2154 1680; x_wconf 88' lang='lat' dir='ltr'><strong>boni</strong></span> <span class='ocrx_word' id='word_1_199' title='bbox 2192 1623 2430 1690; x_wconf 75' lang='lat' dir='ltr'><strong>ignaros,</strong></span> <span class='ocrx_word' id='word_1_200' title='bbox 2466 1619 2610 1687; x_wconf 89' lang='lat' dir='ltr'><strong>quod</strong></span> <span class='ocrx_word' id='word_1_201' title='bbox 2634 1628 2729 1673; x_wconf 90' lang='lat' dir='ltr'><strong>aut</strong></span> <span class='ocrx_word' id='word_1_202' title='bbox 2759 1617 2989 1673; x_wconf 79' lang='lat' dir='ltr'><strong>urbibus</strong></span> <span class='ocrx_word' id='word_1_203' title='bbox 3012 1615 3272 1686; x_wconf 87' lang='lat' dir='ltr'><strong>prodesse</strong></span> <span class='ocrx_word' id='word_1_204' title='bbox 3298 1656 3313 1680; x_wconf 95' lang='lat'><strong>,</strong></span> <span class='ocrx_word' id='word_1_205' title='bbox 3372 1624 3466 1669; x_wconf 89' lang='lat' dir='ltr'><strong>aut</strong></span> <span class='ocrx_word' id='word_1_206' title='bbox 3497 1614 3600 1667; x_wconf 86' lang='lat' dir='ltr'><strong>hc-</strong></span> 
     </span>
    </p>
   </div>
   <div class='ocr_carea' id='block_1_32' title="bbox 2028 1706 3602 1781">
    <p class='ocr_par' dir='ltr' id='par_1_32' title="bbox 2028 1706 3602 1781">
     <span class='ocr_line' id='line_1_32' title="bbox 2028 1706 3602 1781; baseline -0.006 -10"><span class='ocrx_word' id='word_1_207' title='bbox 2028 1726 2140 1771; x_wconf 73' lang='lat' dir='ltr'><strong>Stes</strong></span> <span class='ocrx_word' id='word_1_208' title='bbox 2166 1724 2374 1768; x_wconf 86' lang='lat' dir='ltr'><strong>terrere</strong></span> <span class='ocrx_word' id='word_1_209' title='bbox 2397 1754 2412 1778; x_wconf 92' lang='lat'><strong>,</strong></span> <span class='ocrx_word' id='word_1_210' title='bbox 2442 1707 2534 1767; x_wconf 81' lang='lat' dir='ltr'><strong>ant</strong></span> <span class='ocrx_word' id='word_1_211' title='bbox 2575 1727 2664 1766; x_wconf 88' lang='lat' dir='ltr'><strong>res</strong></span> <span class='ocrx_word' id='word_1_212' title='bbox 2704 1710 3082 1781; x_wconf 85' lang='lat' dir='ltr'><strong>imperatorias</strong></span> <span class='ocrx_word' id='word_1_213' title='bbox 3109 1716 3292 1778; x_wconf 82' lang='lat' dir='ltr'><strong>posset</strong></span> <span class='ocrx_word' id='word_1_214' title='bbox 3326 1708 3379 1761; x_wconf 92' lang='lat' dir='ltr'><strong>in</strong></span> <span class='ocrx_word' id='word_1_215' title='bbox 3425 1706 3602 1775; x_wconf 82' lang='lat' dir='ltr'><strong>majus</strong></span> 
     </span>
    </p>
   </div>
   <div class='ocr_carea' id='block_1_33' title="bbox 2028 1798 3602 1873">
    <p class='ocr_par' dir='ltr' id='par_1_33' title="bbox 2028 1798 3602 1873">
     <span class='ocr_line' id='line_1_33' title="bbox 2028 1798 3602 1873; baseline -0.004 -17"><span class='ocrx_word' id='word_1_216' title='bbox 2028 1802 2354 1873; x_wconf 78' lang='lat' dir='ltr'><strong>provehere.</strong></span> <span class='ocrx_word' id='word_1_217' title='bbox 2390 1801 2626 1856; x_wconf 80' lang='lat' dir='ltr'><strong>Admota</strong></span> <span class='ocrx_word' id='word_1_218' title='bbox 2658 1801 2865 1870; x_wconf 90' lang='lat' dir='ltr'><strong>itaque,</strong></span> <span class='ocrx_word' id='word_1_219' title='bbox 2896 1799 3039 1854; x_wconf 82' lang='lat' dir='ltr'><strong>sicut</strong></span> <span class='ocrx_word' id='word_1_220' title='bbox 3070 1798 3243 1853; x_wconf 87' lang='lat' dir='ltr'><strong>veteri</strong></span> <span class='ocrx_word' id='word_1_221' title='bbox 3263 1812 3415 1852; x_wconf 90' lang='lat' dir='ltr'><strong>more</strong></span> <span class='ocrx_word' id='word_1_222' title='bbox 3450 1812 3602 1851; x_wconf 82' lang='lat' dir='ltr'><strong>rere-</strong></span> 
     </span>
    </p>
   </div>
   <div class='ocr_carea' id='block_1_34' title="bbox 2032 1882 3607 1971">
    <p class='ocr_par' dir='ltr' id='par_1_34' title="bbox 2032 1882 3607 1971">
     <span class='ocr_line' id='line_1_34' title="bbox 2032 1882 3607 1971; baseline -0.006 -26"><span class='ocrx_word' id='word_1_223' title='bbox 2032 1900 2181 1961; x_wconf 89' lang='lat' dir='ltr'><strong>ptum</strong></span> <span class='ocrx_word' id='word_1_224' title='bbox 2204 1899 2322 1971; x_wconf 81' lang='lat' dir='ltr'><strong>est,</strong></span> <span class='ocrx_word' id='word_1_225' title='bbox 2354 1890 2542 1944; x_wconf 87' lang='lat' dir='ltr'><strong>divino</strong></span> <span class='ocrx_word' id='word_1_226' title='bbox 2573 1888 2891 1959; x_wconf 78' lang='lat' dir='ltr'><strong>Evangelia,</strong></span> <span class='ocrx_word' id='word_1_227' title='bbox 2924 1901 3023 1957; x_wconf 91' lang='lat' dir='ltr'><strong>per</strong></span> <span class='ocrx_word' id='word_1_228' title='bbox 3059 1884 3200 1955; x_wconf 92' lang='lat' dir='ltr'><strong>quod</strong></span> <span class='ocrx_word' id='word_1_229' title='bbox 3230 1885 3479 1956; x_wconf 88' lang='lat' dir='ltr'><strong>jurarent</strong></span> <span class='ocrx_word' id='word_1_230' title='bbox 3509 1882 3607 1936; x_wconf 83' lang='lat' dir='ltr'><strong>de-</strong></span> 
     </span>
    </p>
   </div>
   <div class='ocr_carea' id='block_1_35' title="bbox 342 1957 1937 2052">
    <p class='ocr_par' dir='ltr' id='par_1_35' title="bbox 342 1967 1928 2045">
     <span class='ocr_line' id='line_1_35' title="bbox 342 1967 1928 2045; baseline 0.004 -25"><span class='ocrx_word' id='word_1_231' title='bbox 342 1967 513 2022; x_wconf 71' lang='grc' dir='ltr'>αὒτοὶ</span> <span class='ocrx_word' id='word_1_232' title='bbox 542 1969 635 2022; x_wconf 72' lang='grc' dir='ltr'>καὶ</span> <span class='ocrx_word' id='word_1_233' title='bbox 655 1969 748 2023; x_wconf 90' lang='grc' dir='ltr'><strong>τοῦ</strong></span> <span class='ocrx_word' id='word_1_234' title='bbox 773 1971 873 2041; x_wconf 78' lang='grc' dir='ltr'>τῆς</span> <span class='ocrx_word' id='word_1_235' title='bbox 903 1971 1182 2043; x_wconf 79' lang='grc' dir='ltr'>βασιλείας</span> <span class='ocrx_word' id='word_1_236' title='bbox 1212 1974 1509 2043; x_wconf 80' lang='grc' dir='ltr'>ἐπιτρόπου</span> <span class='ocrx_word' id='word_1_237' title='bbox 1535 1974 1928 2045; x_wconf 72' lang='grc' dir='ltr'>Καντακουζη-</span> 
     </span>
    </p>
   </div>
   <div class='ocr_carea' id='block_1_36' title="bbox 2039 1957 3601 2052">
    <p class='ocr_par' dir='ltr' id='par_1_36' title="bbox 2039 1967 3601 2052">
     <span class='ocr_line' id='line_1_36' title="bbox 2039 1967 3601 2052; baseline -0.007 -15"><span class='ocrx_word' id='word_1_238' title='bbox 2039 1967 2284 2037; x_wconf 64' lang='grc' dir='ltr'>Γαιιιευτοε</span> <span class='ocrx_word' id='word_1_239' title='bbox 2303 1994 2361 2036; x_wconf 86' lang='lat' dir='ltr'><strong>se</strong></span> <span class='ocrx_word' id='word_1_240' title='bbox 2389 1983 2778 2052; x_wconf 77' lang='lat' dir='ltr'><strong>imperatorum</strong></span> <span class='ocrx_word' id='word_1_241' title='bbox 2798 1979 2966 2034; x_wconf 88' lang='lat' dir='ltr'><strong>vitam</strong></span> <span class='ocrx_word' id='word_1_242' title='bbox 2998 1986 3054 2032; x_wconf 83' lang='lat' dir='ltr'><strong>et</strong></span> <span class='ocrx_word' id='word_1_243' title='bbox 3079 1976 3238 2031; x_wconf 81' lang='lat' dir='ltr'><strong>tidem</strong></span> <span class='ocrx_word' id='word_1_244' title='bbox 3262 1985 3601 2039; x_wconf 79' lang='lat' dir='ltr'><strong>servaturos,</strong></span> 
     </span>
    </p>
   </div>
   <div class='ocr_carea' id='block_1_37' title="bbox 338 2062 1927 2141">
    <p class='ocr_par' dir='ltr' id='par_1_37' title="bbox 338 2062 1927 2141">
     <span class='ocr_line' id='line_1_37' title="bbox 338 2062 1927 2141; baseline 0.003 -24"><span class='ocrx_word' id='word_1_245' title='bbox 338 2062 446 2117; x_wconf 78' lang='grc' dir='ltr'><strong>νοῦ</strong></span> <span class='ocrx_word' id='word_1_246' title='bbox 478 2065 878 2134; x_wconf 80' lang='grc' dir='ltr'>προσετίθεσαν</span> <span class='ocrx_word' id='word_1_247' title='bbox 910 2066 1171 2139; x_wconf 77' lang='grc' dir='ltr'>τοῦνομα.</span> <span class='ocrx_word' id='word_1_248' title='bbox 1211 2067 1343 2126; x_wconf 67' lang='lat' dir='ltr'><strong>&quot;Ore</strong></span> <span class='ocrx_word' id='word_1_249' title='bbox 1383 2069 1447 2141; x_wconf 82' lang='grc' dir='ltr'>δὴ</span> <span class='ocrx_word' id='word_1_250' title='bbox 1478 2072 1574 2124; x_wconf 81' lang='grc' dir='ltr'>καὶ</span> <span class='ocrx_word' id='word_1_251' title='bbox 1624 2068 1927 2137; x_wconf 79' lang='grc' dir='ltr'>ἀντιλέγειν</span> 
     </span>
    </p>
   </div>
   <div class='ocr_carea' id='block_1_38' title="bbox 340 2153 1927 2233">
    <p class='ocr_par' dir='ltr' id='par_1_38' title="bbox 340 2153 1927 2233">
     <span class='ocr_line' id='line_1_38' title="bbox 340 2153 1927 2233; baseline 0.006 -27"><span class='ocrx_word' id='word_1_252' title='bbox 340 2153 721 2223; x_wconf 73' lang='grc' dir='ltr'>ἐπιχειροῦντι</span> <span class='ocrx_word' id='word_1_253' title='bbox 774 2156 864 2229; x_wconf 80' lang='grc' dir='ltr'>[Ρ.</span> <span class='ocrx_word' id='word_1_254' title='bbox 918 2157 1045 2230; x_wconf 70' lang='grc'><strong>564]</strong></span> <span class='ocrx_word' id='word_1_255' title='bbox 1090 2160 1170 2229; x_wconf 82' lang='grc' dir='ltr'><strong>τῷ</strong></span> <span class='ocrx_word' id='word_1_256' title='bbox 1231 2160 1558 2233; x_wconf 75' lang='grc' dir='ltr'>’Λποκαύκῳ</span> <span class='ocrx_word' id='word_1_257' title='bbox 1613 2162 1927 2233; x_wconf 74' lang='grc' dir='ltr'>ἐπεπήδησέ</span> 
     </span>
    </p>
   </div>
   <div class='ocr_carea' id='block_1_39' title="bbox 340 2245 1927 2325">
    <p class='ocr_par' dir='ltr' id='par_1_39' title="bbox 340 2245 1927 2325">
     <span class='ocr_line' id='line_1_39' title="bbox 340 2245 1927 2325; baseline 0.006 -28"><span class='ocrx_word' id='word_1_258' title='bbox 340 2261 440 2306; x_wconf 79' lang='grc' dir='ltr'>τις</span> <span class='ocrx_word' id='word_1_259' title='bbox 467 2245 727 2314; x_wconf 80' lang='grc' dir='ltr'>ἐξαπίνης</span> <span class='ocrx_word' id='word_1_260' title='bbox 751 2246 1006 2321; x_wconf 79' lang='grc' dir='ltr'>ξιφήρης,</span> <span class='ocrx_word' id='word_1_261' title='bbox 1039 2252 1216 2306; x_wconf 82' lang='grc' dir='ltr'>ἐκεῖνο</span> <span class='ocrx_word' id='word_1_262' title='bbox 1239 2253 1301 2308; x_wconf 87' lang='grc' dir='ltr'>τὸ</span> <span class='ocrx_word' id='word_1_263' title='bbox 1340 2254 1636 2325; x_wconf 76' lang='grc' dir='ltr'>Ὁμηρικὸν</span> <span class='ocrx_word' id='word_1_264' title='bbox 1664 2256 1927 2315; x_wconf 80' lang='grc' dir='ltr'>ἐπειπὼν,</span> 
     </span>
    </p>
   </div>
   <div class='ocr_carea' id='block_1_40' title="bbox 343 2333 1929 2418">
    <p class='ocr_par' dir='ltr' id='par_1_40' title="bbox 343 2333 1929 2418">
     <span class='ocr_line' id='line_1_40' title="bbox 343 2333 1929 2418; baseline 0.01 -29"><span class='ocrx_word' id='word_1_265' title='bbox 343 2333 502 2406; x_wconf 73' lang='grc' dir='ltr'>Δῐψά</span> <span class='ocrx_word' id='word_1_266' title='bbox 527 2356 605 2392; x_wconf 89' lang='grc' dir='ltr'><strong>τοι</strong></span> <span class='ocrx_word' id='word_1_267' title='bbox 629 2334 769 2410; x_wconf 75' lang='grc' dir='ltr'>αἷμα</span> <span class='ocrx_word' id='word_1_268' title='bbox 798 2341 1046 2398; x_wconf 78' lang='grc' dir='ltr'>κελαινὸν</span> <span class='ocrx_word' id='word_1_269' title='bbox 1076 2343 1189 2417; x_wconf 80' lang='lat'><strong>(79)</strong></span> <span class='ocrx_word' id='word_1_270' title='bbox 1223 2347 1458 2417; x_wconf 77' lang='grc' dir='ltr'>ἐρωήσει</span> <span class='ocrx_word' id='word_1_271' title='bbox 1491 2347 1619 2418; x_wconf 77' lang='grc' dir='ltr'>περὶ</span> <span class='ocrx_word' id='word_1_272' title='bbox 1642 2347 1704 2401; x_wconf 76' lang='grc' dir='ltr'><strong>τὺ</strong></span> <span class='ocrx_word' id='word_1_273' title='bbox 1751 2347 1929 2415; x_wconf 77' lang='grc' dir='ltr'>ξίφος.</span> 
     </span>
    </p>
   </div>
   <div class='ocr_carea' id='block_1_41' title="bbox 340 2418 1930 2509">
    <p class='ocr_par' dir='ltr' id='par_1_41' title="bbox 340 2418 1930 2509">
     <span class='ocr_line' id='line_1_41' title="bbox 340 2418 1930 2509; baseline 0.007 -30"><span class='ocrx_word' id='word_1_274' title='bbox 340 2418 425 2497; x_wconf 63' lang='grc' dir='ltr'><strong>*ῼ</strong></span> <span class='ocrx_word' id='word_1_275' title='bbox 454 2427 520 2499; x_wconf 69' lang='grc' dir='ltr'>δὴ</span> <span class='ocrx_word' id='word_1_276' title='bbox 540 2430 635 2482; x_wconf 76' lang='grc' dir='ltr'>καὶ</span> <span class='ocrx_word' id='word_1_277' title='bbox 679 2430 866 2486; x_wconf 74' lang='grc' dir='ltr'>πολλοὶ</span> <span class='ocrx_word' id='word_1_278' title='bbox 902 2434 1011 2488; x_wconf 89' lang='grc' dir='ltr'><strong>τῶν</strong></span> <span class='ocrx_word' id='word_1_279' title='bbox 1042 2436 1399 2505; x_wconf 84' lang='grc' dir='ltr'>στρατιωτῶν</span> <span class='ocrx_word' id='word_1_280' title='bbox 1443 2438 1930 2509; x_wconf 79' lang='grc' dir='ltr'>συμφρονήσαντες</span> 
     </span>
    </p>
   </div>
   <div class='ocr_carea' id='block_1_42' title="bbox 346 2519 1924 2601">
    <p class='ocr_par' dir='ltr' id='par_1_42' title="bbox 346 2519 1924 2601">
     <span class='ocr_line' id='line_1_42' title="bbox 346 2519 1924 2601; baseline 0.007 -30"><span class='ocrx_word' id='word_1_281' title='bbox 346 2519 588 2588; x_wconf 73' lang='grc' dir='ltr'>θορύϐου</span> <span class='ocrx_word' id='word_1_282' title='bbox 629 2522 828 2577; x_wconf 82' lang='grc' dir='ltr'>πολλοῦ</span> <span class='ocrx_word' id='word_1_283' title='bbox 860 2526 953 2578; x_wconf 76' lang='grc' dir='ltr'>καὶ</span> <span class='ocrx_word' id='word_1_284' title='bbox 1003 2526 1135 2596; x_wconf 81' lang='grc' dir='ltr'>βοῆς</span> <span class='ocrx_word' id='word_1_285' title='bbox 1177 2528 1485 2601; x_wconf 85' lang='grc' dir='ltr'>ἐνέπλησαν</span> <span class='ocrx_word' id='word_1_286' title='bbox 1526 2530 1595 2582; x_wconf 82' lang='grc' dir='ltr'><strong>τὰ</strong></span> <span class='ocrx_word' id='word_1_287' title='bbox 1627 2529 1883 2599; x_wconf 87' lang='grc' dir='ltr'>βασίλεια</span> <span class='ocrx_word' id='word_1_288' title='bbox 1911 2545 1924 2559; x_wconf 89' lang='grc'><strong>·</strong></span> 
     </span>
    </p>
   </div>
   <div class='ocr_carea' id='block_1_43' title="bbox 344 2609 1931 2690">
    <p class='ocr_par' dir='ltr' id='par_1_43' title="bbox 344 2609 1931 2690">
     <span class='ocr_line' id='line_1_43' title="bbox 344 2609 1931 2690; baseline 0.006 -23"><span class='ocrx_word' id='word_1_289' title='bbox 344 2609 431 2668; x_wconf 75' lang='grc' dir='ltr'>ὡς</span> <span class='ocrx_word' id='word_1_290' title='bbox 462 2610 733 2677; x_wconf 79' lang='grc' dir='ltr'>περιδεεῖς</span> <span class='ocrx_word' id='word_1_291' title='bbox 766 2615 1092 2687; x_wconf 78' lang='grc' dir='ltr'>γενομένους</span> <span class='ocrx_word' id='word_1_292' title='bbox 1141 2616 1383 2683; x_wconf 86' lang='grc' dir='ltr'>ἐκείνους</span> <span class='ocrx_word' id='word_1_293' title='bbox 1414 2618 1551 2689; x_wconf 84' lang='grc' dir='ltr'>ὁμοῦ</span> <span class='ocrx_word' id='word_1_294' title='bbox 1594 2622 1661 2690; x_wconf 79' lang='grc' dir='ltr'><strong>τῇ</strong></span> <span class='ocrx_word' id='word_1_295' title='bbox 1695 2618 1931 2690; x_wconf 78' lang='grc' dir='ltr'>βασιλίδι</span> 
     </span>
    </p>
   </div>
   <div class='ocr_carea' id='block_1_44' title="bbox 343 2701 1929 2781">
    <p class='ocr_par' dir='ltr' id='par_1_44' title="bbox 343 2701 1929 2781">
     <span class='ocr_line' id='line_1_44' title="bbox 343 2701 1929 2781; baseline 0.016 -31"><span class='ocrx_word' id='word_1_296' title='bbox 343 2701 611 2770; x_wconf 73' lang='grc' dir='ltr'>οἰκτροὺς</span> <span class='ocrx_word' id='word_1_297' title='bbox 661 2704 846 2770; x_wconf 85' lang='grc' dir='ltr'>ίκέτας</span> <span class='ocrx_word' id='word_1_298' title='bbox 887 2707 1142 2775; x_wconf 84' lang='grc' dir='ltr'>γενέσθαι</span> <span class='ocrx_word' id='word_1_299' title='bbox 1201 2709 1680 2781; x_wconf 77' lang='grc' dir='ltr'>Καντακουζηνοῦ.</span> <span class='ocrx_word' id='word_1_300' title='bbox 1718 2712 1815 2772; x_wconf 75' lang='lat'><strong>&quot;0;</strong></span> <span class='ocrx_word' id='word_1_301' title='bbox 1865 2728 1929 2779; x_wconf 78' lang='grc' dir='ltr'><strong>γε</strong></span> 
     </span>
    </p>
   </div>
   <div class='ocr_carea' id='block_1_45' title="bbox 347 2794 1931 2870">
    <p class='ocr_par' dir='ltr' id='par_1_45' title="bbox 347 2794 1931 2870">
     <span class='ocr_line' id='line_1_45' title="bbox 347 2794 1931 2870; baseline 0.005 -25"><span class='ocrx_word' id='word_1_302' title='bbox 347 2795 453 2846; x_wconf 79' lang='grc' dir='ltr'>καὶ</span> <span class='ocrx_word' id='word_1_303' title='bbox 484 2794 648 2866; x_wconf 83' lang='grc' dir='ltr'>μηδὲν</span> <span class='ocrx_word' id='word_1_304' title='bbox 686 2796 788 2866; x_wconf 81' lang='grc' dir='ltr'>τῆς</span> <span class='ocrx_word' id='word_1_305' title='bbox 827 2799 979 2867; x_wconf 90' lang='grc' dir='ltr'>σφῶν</span> <span class='ocrx_word' id='word_1_306' title='bbox 1011 2800 1475 2870; x_wconf 78' lang='grc' dir='ltr'>ὑπολογισάμενος</span> <span class='ocrx_word' id='word_1_307' title='bbox 1507 2803 1931 2869; x_wconf 84' lang='grc' dir='ltr'>κακογνωμοσ’-</span> 
     </span>
    </p>
   </div>
   <div class='ocr_carea' id='block_1_46' title="bbox 345 2887 1930 2966">
    <p class='ocr_par' dir='ltr' id='par_1_46' title="bbox 345 2887 1930 2966">
     <span class='ocr_line' id='line_1_46' title="bbox 345 2887 1930 2966; baseline 0.004 -25"><span class='ocrx_word' id='word_1_308' title='bbox 345 2905 455 2957; x_wconf 85' lang='grc' dir='ltr'><strong>νης</strong></span> <span class='ocrx_word' id='word_1_309' title='bbox 486 2890 565 2950; x_wconf 84' lang='grc' dir='ltr'><strong>είς</strong></span> <span class='ocrx_word' id='word_1_310' title='bbox 588 2889 751 2960; x_wconf 83' lang='grc' dir='ltr'>μέσον</span> <span class='ocrx_word' id='word_1_311' title='bbox 778 2887 913 2963; x_wconf 81' lang='grc' dir='ltr'>ἧκεν</span> <span class='ocrx_word' id='word_1_312' title='bbox 942 2893 1124 2959; x_wconf 83' lang='grc' dir='ltr'>εὐθὺς,</span> <span class='ocrx_word' id='word_1_313' title='bbox 1148 2895 1244 2949; x_wconf 75' lang='grc' dir='ltr'>καὶ</span> <span class='ocrx_word' id='word_1_314' title='bbox 1268 2894 1404 2965; x_wconf 80' lang='grc' dir='ltr'>ὁμοῦ</span> <span class='ocrx_word' id='word_1_315' title='bbox 1434 2893 1512 2965; x_wconf 81' lang='grc' dir='ltr'>τῷ</span> <span class='ocrx_word' id='word_1_316' title='bbox 1539 2893 1773 2966; x_wconf 83' lang='grc' dir='ltr'>όφθῆναι</span> <span class='ocrx_word' id='word_1_317' title='bbox 1795 2893 1930 2963; x_wconf 78' lang='grc' dir='ltr'>πρὸς</span> 
     </span>
    </p>
   </div>
   <div class='ocr_carea' id='block_1_47' title="bbox 348 2982 1932 3058">
    <p class='ocr_par' dir='ltr' id='par_1_47' title="bbox 348 2982 1932 3058">
     <span class='ocr_line' id='line_1_47' title="bbox 348 2982 1932 3058; baseline -0.007 -9"><span class='ocrx_word' id='word_1_318' title='bbox 348 2982 605 3053; x_wconf 69' lang='grc' dir='ltr'>γαλήνην</span> <span class='ocrx_word' id='word_1_319' title='bbox 629 2983 827 3055; x_wconf 71' lang='grc' dir='ltr'>ἐχώρει</span> <span class='ocrx_word' id='word_1_320' title='bbox 857 2984 926 3040; x_wconf 83' lang='grc' dir='ltr'>τὰ</span> <span class='ocrx_word' id='word_1_321' title='bbox 963 2985 1057 3041; x_wconf 90' lang='grc' dir='ltr'><strong>τοῦ</strong></span> <span class='ocrx_word' id='word_1_322' title='bbox 1089 2985 1323 3058; x_wconf 73' lang='grc' dir='ltr'>θορύϐου</span> <span class='ocrx_word' id='word_1_323' title='bbox 1374 2987 1468 3041; x_wconf 75' lang='grc' dir='ltr'><strong>καὶ</strong></span> <span class='ocrx_word' id='word_1_324' title='bbox 1499 2987 1765 3051; x_wconf 76' lang='grc' dir='ltr'>κλύδωνος</span> <span class='ocrx_word' id='word_1_325' title='bbox 1794 2988 1932 3040; x_wconf 81' lang='grc' dir='ltr'>ἐκεί-</span> 
     </span>
    </p>
   </div>
   <div class='ocr_carea' id='block_1_48' title="bbox 351 3072 1930 3151">
    <p class='ocr_par' dir='ltr' id='par_1_48' title="bbox 351 3072 1930 3151">
     <span class='ocr_line' id='line_1_48' title="bbox 351 3072 1930 3151; baseline 0.005 -27"><span class='ocrx_word' id='word_1_326' title='bbox 351 3092 455 3128; x_wconf 69' lang='grc' dir='ltr'><strong>νου</strong></span> <span class='ocrx_word' id='word_1_327' title='bbox 482 3072 721 3142; x_wconf 78' lang='grc' dir='ltr'>κύματα,</span> <span class='ocrx_word' id='word_1_328' title='bbox 756 3076 851 3129; x_wconf 76' lang='grc' dir='ltr'>καὶ</span> <span class='ocrx_word' id='word_1_329' title='bbox 887 3078 968 3141; x_wconf 87' lang='grc' dir='ltr'><strong>είς</strong></span> <span class='ocrx_word' id='word_1_330' title='bbox 999 3077 1185 3132; x_wconf 78' lang='grc' dir='ltr'>εὐδίαν</span> <span class='ocrx_word' id='word_1_331' title='bbox 1211 3079 1240 3131; x_wconf 81' lang='grc' dir='ltr'><strong>ὁ</strong></span> <span class='ocrx_word' id='word_1_332' title='bbox 1265 3078 1360 3133; x_wconf 88' lang='grc' dir='ltr'><strong>τοῦ</strong></span> <span class='ocrx_word' id='word_1_333' title='bbox 1415 3078 1684 3151; x_wconf 89' lang='grc' dir='ltr'>χειμῶνος</span> <span class='ocrx_word' id='word_1_334' title='bbox 1722 3079 1930 3132; x_wconf 88' lang='grc' dir='ltr'>ἐκείνου</span> 
     </span>
    </p>
   </div>
   <div class='ocr_carea' id='block_1_49' title="bbox 351 3166 1931 3239">
    <p class='ocr_par' dir='ltr' id='par_1_49' title="bbox 351 3166 1931 3239">
     <span class='ocr_line' id='line_1_49' title="bbox 351 3166 1931 3239; baseline 0.003 -22"><span class='ocrx_word' id='word_1_335' title='bbox 351 3166 566 3233; x_wconf 80' lang='grc' dir='ltr'>γνόφος</span> <span class='ocrx_word' id='word_1_336' title='bbox 619 3168 1026 3238; x_wconf 84' lang='grc' dir='ltr'>μετωχετεύετο</span> <span class='ocrx_word' id='word_1_337' title='bbox 1055 3183 1070 3198; x_wconf 90' lang='grc'><strong>·</strong></span> <span class='ocrx_word' id='word_1_338' title='bbox 1105 3169 1200 3222; x_wconf 78' lang='grc' dir='ltr'><strong>καὶ</strong></span> <span class='ocrx_word' id='word_1_339' title='bbox 1247 3168 1469 3235; x_wconf 78' lang='grc' dir='ltr'>ἀνοίξας</span> <span class='ocrx_word' id='word_1_340' title='bbox 1515 3168 1577 3223; x_wconf 80' lang='grc' dir='ltr'>τὸ</span> <span class='ocrx_word' id='word_1_341' title='bbox 1623 3168 1801 3239; x_wconf 87' lang='grc' dir='ltr'>στόμα</span> <span class='ocrx_word' id='word_1_342' title='bbox 1833 3169 1931 3222; x_wconf 82' lang='grc' dir='ltr'><strong>αὒ-</strong></span> 
     </span>
    </p>
   </div>
   <div class='ocr_carea' id='block_1_50' title="bbox 343 3257 1929 3332">
    <p class='ocr_par' dir='ltr' id='par_1_50' title="bbox 343 3257 1929 3332">
     <span class='ocr_line' id='line_1_50' title="bbox 343 3257 1929 3332; baseline 0.002 -22"><span class='ocrx_word' id='word_1_343' title='bbox 343 3258 452 3310; x_wconf 72' lang='grc' dir='ltr'><strong>τοῦ</strong></span> <span class='ocrx_word' id='word_1_344' title='bbox 501 3257 680 3312; x_wconf 86' lang='grc' dir='ltr'>τοιάδε</span> <span class='ocrx_word' id='word_1_345' title='bbox 722 3260 816 3312; x_wconf 77' lang='grc' dir='ltr'>ἐπὶ</span> <span class='ocrx_word' id='word_1_346' title='bbox 861 3260 961 3329; x_wconf 74' lang='grc' dir='ltr'>τῆς</span> <span class='ocrx_word' id='word_1_347' title='bbox 1001 3260 1297 3332; x_wconf 84' lang='grc' dir='ltr'>βασιλίδος,</span> <span class='ocrx_word' id='word_1_348' title='bbox 1334 3261 1432 3316; x_wconf 76' lang='grc' dir='ltr'>καὶ</span> <span class='ocrx_word' id='word_1_349' title='bbox 1458 3262 1575 3315; x_wconf 83' lang='grc' dir='ltr'>ὅσοι</span> <span class='ocrx_word' id='word_1_350' title='bbox 1628 3262 1885 3332; x_wconf 78' lang='grc' dir='ltr'>παρῆσαν</span> <span class='ocrx_word' id='word_1_351' title='bbox 1913 3300 1929 3322; x_wconf 87' lang='grc'><strong>.</strong></span> 
     </span>
    </p>
   </div>
   <div class='ocr_carea' id='block_1_51' title="bbox 344 3350 700 3419">
    <p class='ocr_par' dir='ltr' id='par_1_51' title="bbox 344 3350 700 3419">
     <span class='ocr_line' id='line_1_51' title="bbox 344 3350 700 3419; baseline 0 -15"><span class='ocrx_word' id='word_1_352' title='bbox 344 3350 660 3419; x_wconf 81' lang='grc' dir='ltr'>ἐφθέγξατο</span> <span class='ocrx_word' id='word_1_353' title='bbox 682 3367 700 3385; x_wconf 78' lang='grc' dir='ltr'><strong>ο</strong></span> 
     </span>
    </p>
   </div>
   <div class='ocr_carea' id='block_1_52' title="bbox 429 3440 1935 3516">
    <p class='ocr_par' dir='ltr' id='par_1_52' title="bbox 429 3440 1935 3516">
     <span class='ocr_line' id='line_1_52' title="bbox 429 3440 1935 3516; baseline -0.001 -20"><span class='ocrx_word' id='word_1_354' title='bbox 429 3440 508 3498; x_wconf 83' lang='lat' dir='ltr'><strong>B’.</strong></span> <span class='ocrx_word' id='word_1_355' title='bbox 548 3462 567 3495; x_wconf 80' lang='grc' dir='ltr'><strong>ι</strong></span> <span class='ocrx_word' id='word_1_356' title='bbox 606 3445 680 3497; x_wconf 85' lang='grc' dir='ltr'>Τδ</span> <span class='ocrx_word' id='word_1_357' title='bbox 709 3443 810 3515; x_wconf 86' lang='grc' dir='ltr'><strong>μέν</strong></span> <span class='ocrx_word' id='word_1_358' title='bbox 842 3443 1209 3516; x_wconf 81' lang='grc' dir='ltr'>ἀνθρωπίνοις</span> <span class='ocrx_word' id='word_1_359' title='bbox 1250 3443 1677 3516; x_wconf 81' lang='grc' dir='ltr'>ἀπροσδοκήτως</span> <span class='ocrx_word' id='word_1_360' title='bbox 1718 3440 1935 3513; x_wconf 81' lang='grc' dir='ltr'>ἀνθρὼ-</span> 
     </span>
    </p>
   </div>
   <div class='ocr_carea' id='block_1_53' title="bbox 349 3534 1935 3608">
    <p class='ocr_par' dir='ltr' id='par_1_53' title="bbox 349 3534 1935 3608">
     <span class='ocr_line' id='line_1_53' title="bbox 349 3534 1935 3608; baseline -0.002 -18"><span class='ocrx_word' id='word_1_361' title='bbox 349 3554 498 3600; x_wconf 81' lang='grc' dir='ltr'>ττους</span> <span class='ocrx_word' id='word_1_362' title='bbox 525 3536 684 3601; x_wconf 75' lang='grc' dir='ltr'>ὄντας</span> <span class='ocrx_word' id='word_1_363' title='bbox 708 3539 1020 3608; x_wconf 81' lang='grc' dir='ltr'>συμφοραῖς</span> <span class='ocrx_word' id='word_1_364' title='bbox 1049 3537 1427 3607; x_wconf 79' lang='grc' dir='ltr'>ἐντυγχάνειν,</span> <span class='ocrx_word' id='word_1_365' title='bbox 1452 3537 1548 3589; x_wconf 69' lang='grc' dir='ltr'>καὶ</span> <span class='ocrx_word' id='word_1_366' title='bbox 1586 3536 1718 3608; x_wconf 78' lang='grc' dir='ltr'>πρὶν</span> <span class='ocrx_word' id='word_1_367' title='bbox 1747 3536 1780 3608; x_wconf 81' lang='grc' dir='ltr'>ἢ</span> <span class='ocrx_word' id='word_1_368' title='bbox 1813 3534 1935 3606; x_wconf 88' lang='grc' dir='ltr'>βου-</span> 
     </span>
    </p>
   </div>
   <div class='ocr_carea' id='block_1_54' title="bbox 347 3629 1936 3703">
    <p class='ocr_par' dir='ltr' id='par_1_54' title="bbox 347 3629 1936 3703">
     <span class='ocr_line' id='line_1_54' title="bbox 347 3629 1936 3703; baseline -0.002 -19"><span class='ocrx_word' id='word_1_369' title='bbox 347 3630 659 3685; x_wconf 72' lang='grc' dir='ltr'>λεύσασθαι</span> <span class='ocrx_word' id='word_1_370' title='bbox 688 3632 786 3685; x_wconf 81' lang='grc' dir='ltr'>καὶ</span> <span class='ocrx_word' id='word_1_371' title='bbox 829 3631 1073 3703; x_wconf 72' lang='grc' dir='ltr'>πρᾶξαι,“</span> <span class='ocrx_word' id='word_1_372' title='bbox 1111 3632 1345 3701; x_wconf 84' lang='grc' dir='ltr'>πάσχειν</span> <span class='ocrx_word' id='word_1_373' title='bbox 1395 3647 1463 3689; x_wconf 80' lang='grc' dir='ltr'><strong>τι,</strong></span> <span class='ocrx_word' id='word_1_374' title='bbox 1478 3629 1586 3683; x_wconf 88' lang='grc' dir='ltr'><strong>τῶν</strong></span> <span class='ocrx_word' id='word_1_375' title='bbox 1614 3629 1825 3694; x_wconf 81' lang='grc' dir='ltr'>δεινῶν,</span> <span class='ocrx_word' id='word_1_376' title='bbox 1876 3629 1936 3682; x_wconf 69' lang='grc' dir='ltr'>οὐ</span> 
     </span>
    </p>
   </div>
   <div class='ocr_carea' id='block_1_55' title="bbox 350 3720 1941 3796">
    <p class='ocr_par' dir='ltr' id='par_1_55' title="bbox 350 3720 1941 3796">
     <span class='ocr_line' id='line_1_55' title="bbox 350 3720 1941 3796; baseline -0.004 -17"><span class='ocrx_word' id='word_1_377' title='bbox 350 3724 607 3796; x_wconf 72' lang='grc' dir='ltr'>τοσούτῳ</span> <span class='ocrx_word' id='word_1_378' title='bbox 653 3726 822 3796; x_wconf 82' lang='grc' dir='ltr'>φαίην</span> <span class='ocrx_word' id='word_1_379' title='bbox 879 3725 948 3779; x_wconf 74' lang='grc' dir='ltr'>ἂν</span> <span class='ocrx_word' id='word_1_380' title='bbox 1001 3723 1111 3790; x_wconf 84' lang='grc' dir='ltr'><strong>ἐγὼ</strong></span> <span class='ocrx_word' id='word_1_381' title='bbox 1137 3726 1247 3778; x_wconf 90' lang='grc' dir='ltr'><strong>τῶν</strong></span> <span class='ocrx_word' id='word_1_382' title='bbox 1298 3724 1620 3794; x_wconf 84' lang='grc' dir='ltr'>πασχόντων</span> <span class='ocrx_word' id='word_1_383' title='bbox 1667 3721 1777 3792; x_wconf 83' lang='grc' dir='ltr'>δσῳ</span> <span class='ocrx_word' id='word_1_384' title='bbox 1831 3720 1941 3773; x_wconf 87' lang='grc' dir='ltr'><strong>τῶν</strong></span> 
     </span>
    </p>
   </div>
   <div class='ocr_carea' id='block_1_56' title="bbox 354 3803 1940 3891">
    <p class='ocr_par' dir='ltr' id='par_1_56' title="bbox 354 3803 1940 3891">
     <span class='ocr_line' id='line_1_56' title="bbox 354 3803 1940 3891; baseline -0.006 -17"><span class='ocrx_word' id='word_1_385' title='bbox 354 3819 622 3889; x_wconf 74' lang='grc' dir='ltr'>δρώντων</span> <span class='ocrx_word' id='word_1_386' title='bbox 648 3818 916 3891; x_wconf 77' lang='grc' dir='ltr'>ὑπάρχειν</span> <span class='ocrx_word' id='word_1_387' title='bbox 965 3803 1313 3887; x_wconf 73' lang='grc' dir='ltr'>τοΰγκλημα.</span> <span class='ocrx_word' id='word_1_388' title='bbox 1367 3817 1443 3871; x_wconf 83' lang='grc' dir='ltr'>Τὸ</span> <span class='ocrx_word' id='word_1_389' title='bbox 1490 3816 1540 3871; x_wconf 84' lang='grc' dir='ltr'>δ’</span> <span class='ocrx_word' id='word_1_390' title='bbox 1561 3814 1745 3878; x_wconf 76' lang='grc' dir='ltr'>ἄλλοις</span> <span class='ocrx_word' id='word_1_391' title='bbox 1773 3813 1940 3884; x_wconf 68' lang='grc' dir='ltr'>ὀρύσο</span> 
     </span>
    </p>
   </div>
   <div class='ocr_carea' id='block_1_57' title="bbox 358 3906 1945 3983">
    <p class='ocr_par' dir='ltr' id='par_1_57' title="bbox 358 3906 1945 3983">
     <span class='ocr_line' id='line_1_57' title="bbox 358 3906 1945 3983; baseline -0.006 -17"><span class='ocrx_word' id='word_1_392' title='bbox 358 3930 561 3975; x_wconf 72' lang='grc' dir='ltr'>σοντας</span> <span class='ocrx_word' id='word_1_393' title='bbox 594 3913 786 3983; x_wconf 74' lang='grc' dir='ltr'>βόθρον</span> <span class='ocrx_word' id='word_1_394' title='bbox 812 3913 1009 3975; x_wconf 75' lang='grc' dir='ltr'>αὐτοὺς</span> <span class='ocrx_word' id='word_1_395' title='bbox 1032 3914 1114 3976; x_wconf 82' lang='grc' dir='ltr'><strong>είς</strong></span> <span class='ocrx_word' id='word_1_396' title='bbox 1170 3912 1382 3967; x_wconf 80' lang='grc' dir='ltr'>ἐκεῖνον</span> <span class='ocrx_word' id='word_1_397' title='bbox 1427 3908 1730 3980; x_wconf 83' lang='grc' dir='ltr'>προτέρους</span> <span class='ocrx_word' id='word_1_398' title='bbox 1777 3906 1945 3976; x_wconf 81' lang='grc' dir='ltr'>ἐμπί-</span> 
     </span>
    </p>
   </div>
   <div class='ocr_carea' id='block_1_58' title="bbox 368 3999 1944 4077">
    <p class='ocr_par' dir='ltr' id='par_1_58' title="bbox 368 3999 1944 4077">
     <span class='ocr_line' id='line_1_58' title="bbox 368 3999 1944 4077; baseline -0.008 -16"><span class='ocrx_word' id='word_1_399' title='bbox 368 4024 548 4073; x_wconf 81' lang='grc' dir='ltr'>πτειν,</span> <span class='ocrx_word' id='word_1_400' title='bbox 589 4004 1074 4077; x_wconf 73' lang='grc' dir='ltr'>άναμφισὸήτητόν</span> <span class='ocrx_word' id='word_1_401' title='bbox 1111 4006 1228 4057; x_wconf 88' lang='grc' dir='ltr'>ἐστι</span> <span class='ocrx_word' id='word_1_402' title='bbox 1259 4003 1367 4057; x_wconf 90' lang='grc' dir='ltr'><strong>τῶν</strong></span> <span class='ocrx_word' id='word_1_403' title='bbox 1403 4001 1715 4057; x_wconf 86' lang='grc' dir='ltr'>πιπτόντων</span> <span class='ocrx_word' id='word_1_404' title='bbox 1762 3999 1944 4070; x_wconf 80' lang='grc' dir='ltr'>ἁμάρ-</span> 
     </span>
    </p>
   </div>
   <div class='ocr_carea' id='block_1_59' title="bbox 358 4092 1942 4168">
    <p class='ocr_par' dir='ltr' id='par_1_59' title="bbox 358 4092 1942 4168">
     <span class='ocr_line' id='line_1_59' title="bbox 358 4092 1942 4168; baseline -0.006 -14"><span class='ocrx_word' id='word_1_405' title='bbox 358 4115 540 4168; x_wconf 76' lang='grc' dir='ltr'>τημα.</span> <span class='ocrx_word' id='word_1_406' title='bbox 588 4099 677 4161; x_wconf 88' lang='grc' dir='ltr'>Ὠς</span> <span class='ocrx_word' id='word_1_407' title='bbox 705 4098 952 4167; x_wconf 85' lang='grc' dir='ltr'>γίνεσθαι</span> <span class='ocrx_word' id='word_1_408' title='bbox 979 4097 1092 4160; x_wconf 77' lang='grc' dir='ltr'>τοῖς</span> <span class='ocrx_word' id='word_1_409' title='bbox 1133 4095 1234 4165; x_wconf 86' lang='grc' dir='ltr'><strong>μέν</strong></span> <span class='ocrx_word' id='word_1_410' title='bbox 1269 4094 1561 4166; x_wconf 82' lang='grc' dir='ltr'>προτέροις</span> <span class='ocrx_word' id='word_1_411' title='bbox 1595 4092 1659 4146; x_wconf 80' lang='grc' dir='ltr'>τὸ</span> <span class='ocrx_word' id='word_1_412' title='bbox 1685 4092 1854 4153; x_wconf 86' lang='grc' dir='ltr'>πάθος</span> <span class='ocrx_word' id='word_1_413' title='bbox 1878 4092 1942 4145; x_wconf 87' lang='grc' dir='ltr'>οὐ</span> 
     </span>
    </p>
   </div>
   <div class='ocr_carea' id='block_1_60' title="bbox 368 4181 1949 4263">
    <p class='ocr_par' dir='ltr' id='par_1_60' title="bbox 368 4181 1949 4263">
     <span class='ocr_line' id='line_1_60' title="bbox 368 4181 1949 4263; baseline -0.008 -19"><span class='ocrx_word' id='word_1_414' title='bbox 368 4193 522 4263; x_wconf 75' lang='grc' dir='ltr'>μάλα</span> <span class='ocrx_word' id='word_1_415' title='bbox 554 4189 886 4259; x_wconf 81' lang='grc' dir='ltr'>συγγνώμης</span> <span class='ocrx_word' id='word_1_416' title='bbox 918 4188 1134 4258; x_wconf 80' lang='grc' dir='ltr'>μακρᾶς</span> <span class='ocrx_word' id='word_1_417' title='bbox 1161 4185 1478 4257; x_wconf 86' lang='grc' dir='ltr'>ὑπερόριον·</span> <span class='ocrx_word' id='word_1_418' title='bbox 1509 4184 1622 4247; x_wconf 80' lang='grc' dir='ltr'>τοῖς</span> <span class='ocrx_word' id='word_1_419' title='bbox 1644 4181 1702 4236; x_wconf 84' lang='grc' dir='ltr'><strong>δέ</strong></span> <span class='ocrx_word' id='word_1_420' title='bbox 1734 4199 1798 4251; x_wconf 90' lang='grc' dir='ltr'><strong>γε</strong></span> <span class='ocrx_word' id='word_1_421' title='bbox 1829 4182 1949 4234; x_wconf 75' lang='grc' dir='ltr'>δευο</span> 
     </span>
    </p>
   </div>
   <div class='ocr_carea' id='block_1_61' title="bbox 365 4274 1946 4352">
    <p class='ocr_par' dir='ltr' id='par_1_61' title="bbox 365 4274 1946 4352">
     <span class='ocr_line' id='line_1_61' title="bbox 365 4274 1946 4352; baseline -0.008 -15"><span class='ocrx_word' id='word_1_422' title='bbox 365 4284 552 4352; x_wconf 77' lang='grc' dir='ltr'><strong>⁸τέροις</strong></span> <span class='ocrx_word' id='word_1_423' title='bbox 602 4280 935 4351; x_wconf 83' lang='grc' dir='ltr'>συγγνώμης</span> <span class='ocrx_word' id='word_1_424' title='bbox 968 4296 1029 4334; x_wconf 86' lang='grc' dir='ltr'><strong>τε</strong></span> <span class='ocrx_word' id='word_1_425' title='bbox 1081 4280 1262 4350; x_wconf 88' lang='grc' dir='ltr'>πάσης</span> <span class='ocrx_word' id='word_1_426' title='bbox 1309 4278 1387 4343; x_wconf 84' lang='grc' dir='ltr'><strong>ὡς</strong></span> <span class='ocrx_word' id='word_1_427' title='bbox 1434 4276 1777 4349; x_wconf 76' lang='grc' dir='ltr'>πορρωτάτω</span> <span class='ocrx_word' id='word_1_428' title='bbox 1824 4274 1946 4329; x_wconf 86' lang='grc' dir='ltr'>λίαν</span> 
     </span>
    </p>
   </div>
   <div class='ocr_carea' id='block_1_62' title="bbox 367 4369 1948 4448">
    <p class='ocr_par' dir='ltr' id='par_1_62' title="bbox 367 4369 1948 4448">
     <span class='ocr_line' id='line_1_62' title="bbox 367 4369 1948 4448; baseline -0.004 -19"><span class='ocrx_word' id='word_1_429' title='bbox 367 4376 631 4448; x_wconf 78' lang='grc' dir='ltr'>ὲρῤίφθαι</span> <span class='ocrx_word' id='word_1_430' title='bbox 662 4375 1008 4446; x_wconf 77' lang='grc' dir='ltr'>συμϐαίνειν,</span> <span class='ocrx_word' id='word_1_431' title='bbox 1057 4377 1156 4427; x_wconf 81' lang='grc' dir='ltr'>καὶ</span> <span class='ocrx_word' id='word_1_432' title='bbox 1183 4370 1303 4442; x_wconf 72' lang='grc' dir='ltr'>ἅμα</span> <span class='ocrx_word' id='word_1_433' title='bbox 1329 4370 1430 4442; x_wconf 77' lang='grc' dir='ltr'>τὴν</span> <span class='ocrx_word' id='word_1_434' title='bbox 1483 4370 1551 4423; x_wconf 85' lang='grc' dir='ltr'><strong>ἐκ</strong></span> <span class='ocrx_word' id='word_1_435' title='bbox 1603 4369 1715 4423; x_wconf 88' lang='grc' dir='ltr'><strong>τῶν</strong></span> <span class='ocrx_word' id='word_1_436' title='bbox 1765 4369 1948 4437; x_wconf 86' lang='grc' dir='ltr'>νόμων</span> 
     </span>
    </p>
   </div>
   <div class='ocr_carea' id='block_1_63' title="bbox 367 4460 1951 4541">
    <p class='ocr_par' dir='ltr' id='par_1_63' title="bbox 367 4460 1951 4541">
     <span class='ocr_line' id='line_1_63' title="bbox 367 4460 1951 4541; baseline -0.007 -17"><span class='ocrx_word' id='word_1_437' title='bbox 367 4471 688 4541; x_wconf 78' lang='grc' dir='ltr'>περιφανῶς</span> <span class='ocrx_word' id='word_1_438' title='bbox 721 4467 1050 4538; x_wconf 82' lang='grc' dir='ltr'>ἐφέλκεσθαι</span> <span class='ocrx_word' id='word_1_439' title='bbox 1089 4465 1430 4537; x_wconf 82' lang='grc' dir='ltr'>ἐπιτίμησιν.</span> <span class='ocrx_word' id='word_1_440' title='bbox 1470 4463 1663 4535; x_wconf 84' lang='grc' dir='ltr'>Ὅμως</span> <span class='ocrx_word' id='word_1_441' title='bbox 1707 4460 1845 4515; x_wconf 84' lang='grc' dir='ltr'>Θεοῦ</span> <span class='ocrx_word' id='word_1_442' title='bbox 1874 4462 1951 4513; x_wconf 74' lang='grc' dir='ltr'>δι-</span> 
     </span>
    </p>
   </div>
   <div class='ocr_carea' id='block_1_64' title="bbox 369 4555 1952 4629">
    <p class='ocr_par' dir='ltr' id='par_1_64' title="bbox 369 4555 1952 4629">
     <span class='ocr_line' id='line_1_64' title="bbox 369 4555 1952 4629; baseline -0.005 -14"><span class='ocrx_word' id='word_1_443' title='bbox 369 4561 541 4623; x_wconf 80' lang='grc' dir='ltr'>καίως</span> <span class='ocrx_word' id='word_1_444' title='bbox 569 4559 987 4619; x_wconf 72' lang='grc' dir='ltr'>ἐπιστατοῦντος</span> <span class='ocrx_word' id='word_1_445' title='bbox 1011 4561 1125 4623; x_wconf 87' lang='grc' dir='ltr'>τοῖς</span> <span class='ocrx_word' id='word_1_446' title='bbox 1159 4560 1475 4629; x_wconf 83' lang='grc' dir='ltr'>πράγμασι,</span> <span class='ocrx_word' id='word_1_447' title='bbox 1508 4556 1604 4612; x_wconf 78' lang='grc' dir='ltr'>καὶ</span> <span class='ocrx_word' id='word_1_448' title='bbox 1637 4555 1952 4623; x_wconf 75' lang='grc' dir='ltr'>κατάλληλα</span> 
     </span>
    </p>
   </div>
   <div class='ocr_carea' id='block_1_65' title="bbox 2034 2067 3605 2138">
    <p class='ocr_par' dir='ltr' id='par_1_65' title="bbox 2034 2067 3605 2138">
     <span class='ocr_line' id='line_1_65' title="bbox 2034 2067 3605 2138; baseline -0.006 -10"><span class='ocrx_word' id='word_1_449' title='bbox 2034 2074 2294 2130; x_wconf 78' lang='lat' dir='ltr'><strong>addidere</strong></span> <span class='ocrx_word' id='word_1_450' title='bbox 2337 2074 2390 2128; x_wconf 89' lang='lat' dir='ltr'><strong>hi</strong></span> <span class='ocrx_word' id='word_1_451' title='bbox 2415 2083 2467 2130; x_wconf 90' lang='lat' dir='ltr'><strong>et</strong></span> <span class='ocrx_word' id='word_1_452' title='bbox 2497 2071 2863 2129; x_wconf 84' lang='lat' dir='ltr'><strong>Cantacuzeni</strong></span> <span class='ocrx_word' id='word_1_453' title='bbox 2894 2085 3092 2125; x_wconf 89' lang='lat' dir='ltr'><strong>nomen</strong></span> <span class='ocrx_word' id='word_1_454' title='bbox 3113 2107 3130 2133; x_wconf 91' lang='lat'><strong>,</strong></span> <span class='ocrx_word' id='word_1_455' title='bbox 3165 2067 3377 2138; x_wconf 90' lang='lat' dir='ltr'><strong>imperii</strong></span> <span class='ocrx_word' id='word_1_456' title='bbox 3405 2082 3605 2137; x_wconf 80' lang='lat' dir='ltr'><strong>procn-</strong></span> 
     </span>
    </p>
   </div>
   <div class='ocr_carea' id='block_1_66' title="bbox 2035 2160 3607 2237">
    <p class='ocr_par' dir='ltr' id='par_1_66' title="bbox 2035 2160 3607 2237">
     <span class='ocr_line' id='line_1_66' title="bbox 2035 2160 3607 2237; baseline -0.006 -15"><span class='ocrx_word' id='word_1_457' title='bbox 2035 2167 2254 2223; x_wconf 86' lang='lat' dir='ltr'><strong>ratoris.</strong></span> <span class='ocrx_word' id='word_1_458' title='bbox 2284 2166 2532 2237; x_wconf 88' lang='lat' dir='ltr'><strong>Cumque</strong></span> <span class='ocrx_word' id='word_1_459' title='bbox 2582 2166 2648 2220; x_wconf 84' lang='lat' dir='ltr'><strong>ad</strong></span> <span class='ocrx_word' id='word_1_460' title='bbox 2697 2162 3186 2221; x_wconf 82' lang='lat' dir='ltr'><strong>contradicendnm</strong></span> <span class='ocrx_word' id='word_1_461' title='bbox 3219 2160 3607 2232; x_wconf 75' lang='lat' dir='ltr'><strong>aggrederetur</strong></span> 
     </span>
    </p>
   </div>
   <div class='ocr_carea' id='block_1_67' title="bbox 2033 2253 3607 2329">
    <p class='ocr_par' dir='ltr' id='par_1_67' title="bbox 2033 2253 3607 2329">
     <span class='ocr_line' id='line_1_67' title="bbox 2033 2253 3607 2329; baseline -0.008 -13"><span class='ocrx_word' id='word_1_462' title='bbox 2033 2261 2379 2329; x_wconf 85' lang='lat' dir='ltr'><strong>Apocanrus,</strong></span> <span class='ocrx_word' id='word_1_463' title='bbox 2405 2259 2459 2313; x_wconf 91' lang='lat' dir='ltr'><strong>in</strong></span> <span class='ocrx_word' id='word_1_464' title='bbox 2488 2275 2614 2313; x_wconf 91' lang='lat' dir='ltr'><strong>eum</strong></span> <span class='ocrx_word' id='word_1_465' title='bbox 2638 2258 2825 2313; x_wconf 85' lang='lat' dir='ltr'><strong>statim</strong></span> <span class='ocrx_word' id='word_1_466' title='bbox 2854 2255 3076 2325; x_wconf 87' lang='lat' dir='ltr'><strong>quidam</strong></span> <span class='ocrx_word' id='word_1_467' title='bbox 3094 2255 3255 2310; x_wconf 90' lang='lat' dir='ltr'><strong>irruit</strong></span> <span class='ocrx_word' id='word_1_468' title='bbox 3278 2253 3468 2309; x_wconf 88' lang='lat' dir='ltr'><strong>stricto</strong></span> <span class='ocrx_word' id='word_1_469' title='bbox 3494 2253 3607 2324; x_wconf 66' lang='grc' dir='ltr'><strong>ειη-</strong></span> 
     </span>
    </p>
   </div>
   <div class='ocr_carea' id='block_1_68' title="bbox 2034 2348 3041 2417">
    <p class='ocr_par' dir='ltr' id='par_1_68' title="bbox 2034 2348 3041 2417">
     <span class='ocr_line' id='line_1_68' title="bbox 2034 2348 3041 2417; baseline -0.008 -8"><span class='ocrx_word' id='word_1_470' title='bbox 2034 2353 2148 2417; x_wconf 88' lang='lat' dir='ltr'><strong>dio,</strong></span> <span class='ocrx_word' id='word_1_471' title='bbox 2180 2363 2229 2408; x_wconf 91' lang='lat' dir='ltr'><strong>et</strong></span> <span class='ocrx_word' id='word_1_472' title='bbox 2252 2352 2384 2407; x_wconf 91' lang='lat' dir='ltr'><strong>illud</strong></span> <span class='ocrx_word' id='word_1_473' title='bbox 2424 2351 2773 2406; x_wconf 85' lang='lat' dir='ltr'><strong>Homericum</strong></span> <span class='ocrx_word' id='word_1_474' title='bbox 2799 2348 3000 2417; x_wconf 84' lang='lat' dir='ltr'><strong>adjecit</strong></span> <span class='ocrx_word' id='word_1_475' title='bbox 3026 2386 3041 2411; x_wconf 92' lang='lat'><strong>,</strong></span> 
     </span>
    </p>
   </div>
   <div class='ocr_carea' id='block_1_69' title="bbox 2212 2439 3430 2513">
    <p class='ocr_par' dir='ltr' id='par_1_69' title="bbox 2212 2439 3430 2513">
     <span class='ocr_line' id='line_1_69' title="bbox 2212 2439 3430 2513; baseline -0.008 -15"><span class='ocrx_word' id='word_1_476' title='bbox 2212 2445 2429 2499; x_wconf 80' lang='lat' dir='ltr'><strong>obscuro</strong></span> <span class='ocrx_word' id='word_1_477' title='bbox 2452 2445 2653 2513; x_wconf 77' lang='lat' dir='ltr'><strong>ferrum</strong></span> <span class='ocrx_word' id='word_1_478' title='bbox 2691 2443 2787 2496; x_wconf 80' lang='lat' dir='ltr'><strong>hoc</strong></span> <span class='ocrx_word' id='word_1_479' title='bbox 2807 2441 2929 2509; x_wconf 85' lang='lat' dir='ltr'><strong>jam</strong></span> <span class='ocrx_word' id='word_1_480' title='bbox 2958 2439 3219 2509; x_wconf 76' lang='lat' dir='ltr'><strong>sanguine</strong></span> <span class='ocrx_word' id='word_1_481' title='bbox 3245 2440 3430 2507; x_wconf 81' lang='lat' dir='ltr'><strong>tinges.</strong></span> 
     </span>
    </p>
   </div>
   <div class='ocr_carea' id='block_1_70' title="bbox 2035 2526 3606 2605">
    <p class='ocr_par' dir='ltr' id='par_1_70' title="bbox 2035 2526 3606 2605">
     <span class='ocr_line' id='line_1_70' title="bbox 2035 2526 3606 2605; baseline -0.008 -12"><span class='ocrx_word' id='word_1_482' title='bbox 2035 2536 2133 2593; x_wconf 90' lang='lat' dir='ltr'><strong>Cui</strong></span> <span class='ocrx_word' id='word_1_483' title='bbox 2164 2535 2385 2605; x_wconf 79' lang='lat' dir='ltr'><strong>quidem</strong></span> <span class='ocrx_word' id='word_1_484' title='bbox 2413 2534 2646 2589; x_wconf 87' lang='lat' dir='ltr'><strong>militum</strong></span> <span class='ocrx_word' id='word_1_485' title='bbox 2695 2533 2853 2587; x_wconf 89' lang='lat' dir='ltr'><strong>multi</strong></span> <span class='ocrx_word' id='word_1_486' title='bbox 2898 2530 3106 2587; x_wconf 86' lang='lat' dir='ltr'><strong>assensi</strong></span> <span class='ocrx_word' id='word_1_487' title='bbox 3143 2545 3341 2601; x_wconf 79' lang='lat' dir='ltr'><strong>magno</strong></span> <span class='ocrx_word' id='word_1_488' title='bbox 3372 2526 3606 2582; x_wconf 89' lang='lat' dir='ltr'><strong>tumultu</strong></span> 
     </span>
    </p>
   </div>
   <div class='ocr_carea' id='block_1_71' title="bbox 2035 2622 3611 2697">
    <p class='ocr_par' dir='ltr' id='par_1_71' title="bbox 2035 2622 3611 2697">
     <span class='ocr_line' id='line_1_71' title="bbox 2035 2622 3611 2697; baseline -0.01 -12"><span class='ocrx_word' id='word_1_489' title='bbox 2035 2639 2091 2686; x_wconf 88' lang='lat' dir='ltr'><strong>et</strong></span> <span class='ocrx_word' id='word_1_490' title='bbox 2121 2628 2361 2684; x_wconf 85' lang='lat' dir='ltr'><strong>clamore</strong></span> <span class='ocrx_word' id='word_1_491' title='bbox 2397 2627 2577 2682; x_wconf 87' lang='lat' dir='ltr'><strong>aulam</strong></span> <span class='ocrx_word' id='word_1_492' title='bbox 2611 2626 2980 2697; x_wconf 87' lang='lat' dir='ltr'><strong>impleverunt</strong></span> <span class='ocrx_word' id='word_1_493' title='bbox 3010 2641 3025 2677; x_wconf 88' lang='lat'><strong>:</strong></span> <span class='ocrx_word' id='word_1_494' title='bbox 3059 2623 3133 2678; x_wconf 91' lang='lat' dir='ltr'><strong>ita</strong></span> <span class='ocrx_word' id='word_1_495' title='bbox 3187 2635 3247 2679; x_wconf 88' lang='lat' dir='ltr'><strong>ut</strong></span> <span class='ocrx_word' id='word_1_496' title='bbox 3286 2622 3526 2692; x_wconf 82' lang='lat' dir='ltr'><strong>Augusta</strong></span> <span class='ocrx_word' id='word_1_497' title='bbox 3554 2626 3611 2671; x_wconf 84' lang='lat' dir='ltr'><strong>et</strong></span> 
     </span>
    </p>
   </div>
   <div class='ocr_carea' id='block_1_72' title="bbox 2037 2716 3612 2791">
    <p class='ocr_par' dir='ltr' id='par_1_72' title="bbox 2037 2716 3612 2791">
     <span class='ocr_line' id='line_1_72' title="bbox 2037 2716 3612 2791; baseline -0.008 -14"><span class='ocrx_word' id='word_1_498' title='bbox 2037 2721 2112 2777; x_wconf 91' lang='lat' dir='ltr'><strong>illi</strong></span> <span class='ocrx_word' id='word_1_499' title='bbox 2145 2723 2238 2791; x_wconf 90' lang='lat' dir='ltr'><strong>qui</strong></span> <span class='ocrx_word' id='word_1_500' title='bbox 2265 2736 2389 2778; x_wconf 91' lang='lat' dir='ltr'><strong>cum</strong></span> <span class='ocrx_word' id='word_1_501' title='bbox 2417 2735 2479 2775; x_wconf 90' lang='lat' dir='ltr'><strong>ea</strong></span> <span class='ocrx_word' id='word_1_502' title='bbox 2497 2727 2676 2786; x_wconf 89' lang='lat' dir='ltr'><strong>erant,</strong></span> <span class='ocrx_word' id='word_1_503' title='bbox 2707 2729 2854 2773; x_wconf 87' lang='lat' dir='ltr'><strong>metu</strong></span> <span class='ocrx_word' id='word_1_504' title='bbox 2887 2716 3205 2782; x_wconf 81' lang='lat' dir='ltr'><strong>exanimati,</strong></span> <span class='ocrx_word' id='word_1_505' title='bbox 3228 2716 3612 2770; x_wconf 74' lang='lat' dir='ltr'><strong>Cantarnzeno</strong></span> 
     </span>
    </p>
   </div>
   <div class='ocr_carea' id='block_1_73' title="bbox 2039 2804 3615 2885">
    <p class='ocr_par' dir='ltr' id='par_1_73' title="bbox 2039 2804 3615 2885">
     <span class='ocr_line' id='line_1_73' title="bbox 2039 2804 3615 2885; baseline -0.01 -13"><span class='ocrx_word' id='word_1_506' title='bbox 2039 2814 2201 2885; x_wconf 78' lang='lat'><strong>587</strong></span> <span class='ocrx_word' id='word_1_507' title='bbox 2232 2811 2626 2868; x_wconf 87' lang='lat' dir='ltr'><strong>miserabiliter</strong></span> <span class='ocrx_word' id='word_1_508' title='bbox 2649 2810 3044 2881; x_wconf 78' lang='lat' dir='ltr'><strong>supplicarent.</strong></span> <span class='ocrx_word' id='word_1_509' title='bbox 3076 2808 3147 2864; x_wconf 83' lang='lat' dir='ltr'><strong>At</strong></span> <span class='ocrx_word' id='word_1_510' title='bbox 3181 2808 3248 2871; x_wconf 88' lang='lat' dir='ltr'><strong>is,</strong></span> <span class='ocrx_word' id='word_1_511' title='bbox 3280 2804 3615 2861; x_wconf 83' lang='lat' dir='ltr'><strong>malevolen-</strong></span> 
     </span>
    </p>
   </div>
   <div class='ocr_carea' id='block_1_74' title="bbox 2040 2894 3617 2965">
    <p class='ocr_par' dir='ltr' id='par_1_74' title="bbox 2040 2894 3617 2965">
     <span class='ocr_line' id='line_1_74' title="bbox 2040 2894 3617 2965; baseline -0.007 -5"><span class='ocrx_word' id='word_1_512' title='bbox 2040 2908 2128 2962; x_wconf 67' lang='lat' dir='ltr'><strong>tiae</strong></span> <span class='ocrx_word' id='word_1_513' title='bbox 2155 2905 2372 2960; x_wconf 89' lang='lat' dir='ltr'><strong>illorum</strong></span> <span class='ocrx_word' id='word_1_514' title='bbox 2404 2904 2553 2958; x_wconf 85' lang='lat' dir='ltr'><strong>nulla</strong></span> <span class='ocrx_word' id='word_1_515' title='bbox 2600 2900 2790 2958; x_wconf 86' lang='lat' dir='ltr'><strong>habita</strong></span> <span class='ocrx_word' id='word_1_516' title='bbox 2829 2902 3064 2965; x_wconf 88' lang='lat' dir='ltr'><strong>ratione,</strong></span> <span class='ocrx_word' id='word_1_517' title='bbox 3097 2899 3153 2954; x_wconf 93' lang='lat' dir='ltr'><strong>in</strong></span> <span class='ocrx_word' id='word_1_518' title='bbox 3196 2897 3436 2954; x_wconf 87' lang='lat' dir='ltr'><strong>medium</strong></span> <span class='ocrx_word' id='word_1_519' title='bbox 3465 2894 3617 2950; x_wconf 87' lang='lat' dir='ltr'><strong>illico</strong></span> 
     </span>
    </p>
   </div>
   <div class='ocr_carea' id='block_1_75' title="bbox 2041 2988 3613 3066">
    <p class='ocr_par' dir='ltr' id='par_1_75' title="bbox 2041 2988 3613 3066">
     <span class='ocr_line' id='line_1_75' title="bbox 2041 2988 3613 3066; baseline -0.007 -15"><span class='ocrx_word' id='word_1_520' title='bbox 2041 2996 2264 3064; x_wconf 88' lang='lat' dir='ltr'><strong>prodiit.</strong></span> <span class='ocrx_word' id='word_1_521' title='bbox 2293 2995 2464 3066; x_wconf 89' lang='lat' dir='ltr'><strong>Cujus</strong></span> <span class='ocrx_word' id='word_1_522' title='bbox 2496 2994 2682 3049; x_wconf 87' lang='lat' dir='ltr'><strong>vultus</strong></span> <span class='ocrx_word' id='word_1_523' title='bbox 2726 2993 2889 3048; x_wconf 90' lang='lat' dir='ltr'><strong>simul</strong></span> <span class='ocrx_word' id='word_1_524' title='bbox 2923 3003 2986 3048; x_wconf 90' lang='lat' dir='ltr'><strong>ut</strong></span> <span class='ocrx_word' id='word_1_525' title='bbox 3025 2991 3251 3055; x_wconf 74' lang='lat' dir='ltr'><strong>aﬂulsit,</strong></span> <span class='ocrx_word' id='word_1_526' title='bbox 3276 3005 3345 3045; x_wconf 79' lang='lat' dir='ltr'><strong>ex</strong></span> <span class='ocrx_word' id='word_1_527' title='bbox 3372 2988 3613 3044; x_wconf 86' lang='lat' dir='ltr'><strong>tumultu</strong></span> 
     </span>
    </p>
   </div>
   <div class='ocr_carea' id='block_1_76' title="bbox 2041 3076 3613 3156">
    <p class='ocr_par' dir='ltr' id='par_1_76' title="bbox 2041 3076 3613 3156">
     <span class='ocr_line' id='line_1_76' title="bbox 2041 3076 3613 3156; baseline -0.006 -17"><span class='ocrx_word' id='word_1_528' title='bbox 2041 3084 2488 3156; x_wconf 88' lang='lat' dir='ltr'><strong>tempestatisque</strong></span> <span class='ocrx_word' id='word_1_529' title='bbox 2514 3084 2662 3139; x_wconf 91' lang='lat' dir='ltr'><strong>illius</strong></span> <span class='ocrx_word' id='word_1_530' title='bbox 2700 3082 2960 3138; x_wconf 85' lang='lat' dir='ltr'><strong>ﬂuctibus</strong></span> <span class='ocrx_word' id='word_1_531' title='bbox 3016 3080 3386 3150; x_wconf 87' lang='lat' dir='ltr'><strong>tranquillitas</strong></span> <span class='ocrx_word' id='word_1_532' title='bbox 3427 3076 3613 3142; x_wconf 88' lang='lat' dir='ltr'><strong>rediit,</strong></span> 
     </span>
    </p>
   </div>
   <div class='ocr_carea' id='block_1_77' title="bbox 2040 3172 3614 3244">
    <p class='ocr_par' dir='ltr' id='par_1_77' title="bbox 2040 3172 3614 3244">
     <span class='ocr_line' id='line_1_77' title="bbox 2040 3172 3614 3244; baseline -0.004 -15"><span class='ocrx_word' id='word_1_533' title='bbox 2040 3185 2094 3229; x_wconf 82' lang='lat' dir='ltr'><strong>et</strong></span> <span class='ocrx_word' id='word_1_534' title='bbox 2129 3175 2281 3230; x_wconf 89' lang='lat' dir='ltr'><strong>illius</strong></span> <span class='ocrx_word' id='word_1_535' title='bbox 2311 3173 2555 3230; x_wconf 88' lang='lat' dir='ltr'><strong>turbinis</strong></span> <span class='ocrx_word' id='word_1_536' title='bbox 2605 3173 2780 3244; x_wconf 79' lang='lat' dir='ltr'><strong>caligo</strong></span> <span class='ocrx_word' id='word_1_537' title='bbox 2830 3172 2886 3227; x_wconf 91' lang='lat' dir='ltr'><strong>in</strong></span> <span class='ocrx_word' id='word_1_538' title='bbox 2921 3172 3274 3228; x_wconf 86' lang='lat' dir='ltr'><strong>serenitatem</strong></span> <span class='ocrx_word' id='word_1_539' title='bbox 3320 3183 3477 3225; x_wconf 84' lang='lat' dir='ltr'><strong>versa</strong></span> <span class='ocrx_word' id='word_1_540' title='bbox 3508 3176 3614 3223; x_wconf 90' lang='lat' dir='ltr'><strong>est.</strong></span> 
     </span>
    </p>
   </div>
   <div class='ocr_carea' id='block_1_78' title="bbox 2041 3260 3621 3335">
    <p class='ocr_par' dir='ltr' id='par_1_78' title="bbox 2041 3260 3621 3335">
     <span class='ocr_line' id='line_1_78' title="bbox 2041 3260 3621 3335; baseline -0.004 -16"><span class='ocrx_word' id='word_1_541' title='bbox 2041 3266 2181 3320; x_wconf 89' lang='lat' dir='ltr'><strong>Tum</strong></span> <span class='ocrx_word' id='word_1_542' title='bbox 2212 3265 2306 3321; x_wconf 91' lang='lat' dir='ltr'><strong>ille</strong></span> <span class='ocrx_word' id='word_1_543' title='bbox 2349 3280 2413 3320; x_wconf 88' lang='lat' dir='ltr'><strong>os</strong></span> <span class='ocrx_word' id='word_1_544' title='bbox 2461 3265 2678 3335; x_wconf 87' lang='lat' dir='ltr'><strong>aperuit</strong></span> <span class='ocrx_word' id='word_1_545' title='bbox 2697 3305 2713 3325; x_wconf 83' lang='lat'><strong>,</strong></span> <span class='ocrx_word' id='word_1_546' title='bbox 2741 3273 2904 3333; x_wconf 86' lang='lat' dir='ltr'><strong>atque</strong></span> <span class='ocrx_word' id='word_1_547' title='bbox 2928 3263 3070 3333; x_wconf 85' lang='lat' dir='ltr'><strong>apud</strong></span> <span class='ocrx_word' id='word_1_548' title='bbox 3104 3260 3532 3331; x_wconf 84' lang='lat' dir='ltr'><strong>imperatricem.</strong></span> <span class='ocrx_word' id='word_1_549' title='bbox 3561 3267 3621 3313; x_wconf 83' lang='lat' dir='ltr'><strong>et.</strong></span> 
     </span>
    </p>
   </div>
   <div class='ocr_carea' id='block_1_79' title="bbox 2038 3353 3474 3426">
    <p class='ocr_par' dir='ltr' id='par_1_79' title="bbox 2038 3353 3474 3426">
     <span class='ocr_line' id='line_1_79' title="bbox 2038 3353 3474 3426; baseline -0.008 -10"><span class='ocrx_word' id='word_1_550' title='bbox 2038 3374 2134 3417; x_wconf 91' lang='lat' dir='ltr'><strong>eos</strong></span> <span class='ocrx_word' id='word_1_551' title='bbox 2154 3359 2247 3426; x_wconf 87' lang='lat' dir='ltr'><strong>qui</strong></span> <span class='ocrx_word' id='word_1_552' title='bbox 2278 3369 2394 3414; x_wconf 90' lang='lat' dir='ltr'><strong>tum</strong></span> <span class='ocrx_word' id='word_1_553' title='bbox 2430 3359 2685 3421; x_wconf 86' lang='lat' dir='ltr'><strong>aderant,</strong></span> <span class='ocrx_word' id='word_1_554' title='bbox 2718 3356 2862 3413; x_wconf 87' lang='lat' dir='ltr'><strong>hanc</strong></span> <span class='ocrx_word' id='word_1_555' title='bbox 2886 3355 3190 3410; x_wconf 86' lang='lat' dir='ltr'><strong>orationem</strong></span> <span class='ocrx_word' id='word_1_556' title='bbox 3223 3353 3429 3409; x_wconf 80' lang='lat' dir='ltr'><strong>habuit</strong></span> <span class='ocrx_word' id='word_1_557' title='bbox 3457 3366 3474 3405; x_wconf 91' lang='lat'><strong>:</strong></span> 
     </span>
    </p>
   </div>
   <div class='ocr_carea' id='block_1_80' title="bbox 2108 3441 3614 3519">
    <p class='ocr_par' dir='ltr' id='par_1_80' title="bbox 2108 3441 3614 3519">
     <span class='ocr_line' id='line_1_80' title="bbox 2108 3441 3614 3519; baseline -0.005 -14"><span class='ocrx_word' id='word_1_558' title='bbox 2108 3453 2175 3507; x_wconf 91' lang='grc'><strong>11.</strong></span> <span class='ocrx_word' id='word_1_559' title='bbox 2219 3471 2238 3503; x_wconf 81' lang='grc' dir='ltr'><strong>ι</strong></span> <span class='ocrx_word' id='word_1_560' title='bbox 2289 3449 2446 3519; x_wconf 85' lang='lat' dir='ltr'><strong>Quod</strong></span> <span class='ocrx_word' id='word_1_561' title='bbox 2472 3457 2669 3518; x_wconf 64' lang='lat' dir='ltr'><strong>praeter</strong></span> <span class='ocrx_word' id='word_1_562' title='bbox 2694 3447 3008 3518; x_wconf 79' lang='lat' dir='ltr'><strong>Opinionem</strong></span> <span class='ocrx_word' id='word_1_563' title='bbox 3038 3444 3359 3501; x_wconf 84' lang='lat' dir='ltr'><strong>humanitus</strong></span> <span class='ocrx_word' id='word_1_564' title='bbox 3398 3441 3614 3498; x_wconf 87' lang='lat' dir='ltr'><strong>accidat</strong></span> 
     </span>
    </p>
   </div>
   <div class='ocr_carea' id='block_1_81' title="bbox 2037 3533 3617 3617">
    <p class='ocr_par' dir='ltr' id='par_1_81' title="bbox 2037 3533 3617 3617">
     <span class='ocr_line' id='line_1_81' title="bbox 2037 3533 3617 3617; baseline -0.011 -15"><span class='ocrx_word' id='word_1_565' title='bbox 2037 3544 2243 3617; x_wconf 88' lang='lat' dir='ltr'><strong>aliquid</strong></span> <span class='ocrx_word' id='word_1_566' title='bbox 2288 3544 2358 3600; x_wconf 86' lang='lat' dir='ltr'><strong>iis</strong></span> <span class='ocrx_word' id='word_1_567' title='bbox 2400 3543 2494 3613; x_wconf 90' lang='lat' dir='ltr'><strong>qui</strong></span> <span class='ocrx_word' id='word_1_568' title='bbox 2528 3538 2781 3596; x_wconf 83' lang='lat' dir='ltr'><strong>homines</strong></span> <span class='ocrx_word' id='word_1_569' title='bbox 2810 3549 2958 3604; x_wconf 88' lang='lat' dir='ltr'><strong>sunt,</strong></span> <span class='ocrx_word' id='word_1_570' title='bbox 2987 3546 3044 3593; x_wconf 90' lang='lat' dir='ltr'><strong>et</strong></span> <span class='ocrx_word' id='word_1_571' title='bbox 3067 3535 3345 3606; x_wconf 87' lang='lat' dir='ltr'><strong>patiantur</strong></span> <span class='ocrx_word' id='word_1_572' title='bbox 3379 3534 3418 3589; x_wconf 92' lang='lat' dir='ltr'><strong>ii</strong></span> <span class='ocrx_word' id='word_1_573' title='bbox 3467 3533 3617 3604; x_wconf 83' lang='lat' dir='ltr'><strong>inju-</strong></span> 
     </span>
    </p>
   </div>
   <div class='ocr_carea' id='block_1_82' title="bbox 2039 3627 3619 3708">
    <p class='ocr_par' dir='ltr' id='par_1_82' title="bbox 2039 3627 3619 3708">
     <span class='ocr_line' id='line_1_82' title="bbox 2039 3627 3619 3708; baseline -0.009 -15"><span class='ocrx_word' id='word_1_574' title='bbox 2039 3639 2201 3699; x_wconf 88' lang='lat' dir='ltr'><strong>riam,</strong></span> <span class='ocrx_word' id='word_1_575' title='bbox 2231 3637 2327 3708; x_wconf 88' lang='lat' dir='ltr'><strong>qui</strong></span> <span class='ocrx_word' id='word_1_576' title='bbox 2359 3651 2463 3693; x_wconf 88' lang='lat' dir='ltr'><strong>nec</strong></span> <span class='ocrx_word' id='word_1_577' title='bbox 2495 3633 2747 3690; x_wconf 85' lang='lat' dir='ltr'><strong>meditati</strong></span> <span class='ocrx_word' id='word_1_578' title='bbox 2781 3638 2913 3687; x_wconf 89' lang='lat' dir='ltr'><strong>sunt</strong></span> <span class='ocrx_word' id='word_1_579' title='bbox 2943 3629 3128 3700; x_wconf 88' lang='lat' dir='ltr'><strong>primi,</strong></span> <span class='ocrx_word' id='word_1_580' title='bbox 3159 3642 3262 3684; x_wconf 88' lang='lat' dir='ltr'><strong>nec</strong></span> <span class='ocrx_word' id='word_1_581' title='bbox 3283 3627 3619 3688; x_wconf 89' lang='lat' dir='ltr'><strong>intulerunt,</strong></span> 
     </span>
    </p>
   </div>
   <div class='ocr_carea' id='block_1_83' title="bbox 2042 3718 3618 3800">
    <p class='ocr_par' dir='ltr' id='par_1_83' title="bbox 2042 3718 3618 3800">
     <span class='ocr_line' id='line_1_83' title="bbox 2042 3718 3618 3800; baseline -0.009 -16"><span class='ocrx_word' id='word_1_582' title='bbox 2042 3729 2093 3784; x_wconf 92' lang='lat' dir='ltr'><strong>id</strong></span> <span class='ocrx_word' id='word_1_583' title='bbox 2118 3727 2341 3800; x_wconf 85' lang='lat' dir='ltr'><strong>quidem</strong></span> <span class='ocrx_word' id='word_1_584' title='bbox 2372 3742 2474 3797; x_wconf 76' lang='lat' dir='ltr'><strong>ego</strong></span> <span class='ocrx_word' id='word_1_585' title='bbox 2511 3740 2620 3781; x_wconf 91' lang='lat' dir='ltr'><strong>non</strong></span> <span class='ocrx_word' id='word_1_586' title='bbox 2672 3732 2779 3778; x_wconf 84' lang='lat' dir='ltr'><strong>tam</strong></span> <span class='ocrx_word' id='word_1_587' title='bbox 2829 3723 2898 3776; x_wconf 90' lang='lat' dir='ltr'><strong>iis</strong></span> <span class='ocrx_word' id='word_1_588' title='bbox 2944 3721 3038 3792; x_wconf 91' lang='lat' dir='ltr'><strong>qui</strong></span> <span class='ocrx_word' id='word_1_589' title='bbox 3079 3718 3421 3780; x_wconf 72' lang='lat' dir='ltr'><strong>adiciuntur,</strong></span> <span class='ocrx_word' id='word_1_590' title='bbox 3452 3732 3618 3787; x_wconf 78' lang='lat' dir='ltr'><strong>quam</strong></span> 
     </span>
    </p>
   </div>
   <div class='ocr_carea' id='block_1_84' title="bbox 2044 3808 3621 3891">
    <p class='ocr_par' dir='ltr' id='par_1_84' title="bbox 2044 3808 3621 3891">
     <span class='ocr_line' id='line_1_84' title="bbox 2044 3808 3621 3891; baseline -0.01 -14"><span class='ocrx_word' id='word_1_591' title='bbox 2044 3822 2110 3877; x_wconf 88' lang='lat' dir='ltr'><strong>iis</strong></span> <span class='ocrx_word' id='word_1_592' title='bbox 2123 3821 2217 3891; x_wconf 90' lang='lat' dir='ltr'><strong>qui</strong></span> <span class='ocrx_word' id='word_1_593' title='bbox 2247 3815 2746 3885; x_wconf 75' lang='lat' dir='ltr'><strong>aﬂiciunt,crimini</strong></span> <span class='ocrx_word' id='word_1_594' title='bbox 2772 3813 3014 3871; x_wconf 86' lang='lat' dir='ltr'><strong>dandum</strong></span> <span class='ocrx_word' id='word_1_595' title='bbox 3042 3825 3164 3867; x_wconf 83' lang='lat' dir='ltr'><strong>esse</strong></span> <span class='ocrx_word' id='word_1_596' title='bbox 3188 3808 3465 3865; x_wconf 82' lang='lat' dir='ltr'><strong>existimo.</strong></span> <span class='ocrx_word' id='word_1_597' title='bbox 3486 3808 3621 3861; x_wconf 85' lang='lat' dir='ltr'><strong>Cum</strong></span> 
     </span>
    </p>
   </div>
   <div class='ocr_carea' id='block_1_85' title="bbox 2046 3899 3622 3978">
    <p class='ocr_par' dir='ltr' id='par_1_85' title="bbox 2046 3899 3622 3978">
     <span class='ocr_line' id='line_1_85' title="bbox 2046 3899 3622 3978; baseline -0.011 -11"><span class='ocrx_word' id='word_1_598' title='bbox 2046 3922 2231 3969; x_wconf 85' lang='lat' dir='ltr'><strong>autem</strong></span> <span class='ocrx_word' id='word_1_599' title='bbox 2256 3911 2312 3967; x_wconf 90' lang='lat' dir='ltr'><strong>in</strong></span> <span class='ocrx_word' id='word_1_600' title='bbox 2350 3909 2564 3966; x_wconf 81' lang='lat' dir='ltr'><strong>foveam</strong></span> <span class='ocrx_word' id='word_1_601' title='bbox 2582 3906 2743 3978; x_wconf 88' lang='lat' dir='ltr'><strong>primi</strong></span> <span class='ocrx_word' id='word_1_602' title='bbox 2767 3905 3051 3970; x_wconf 84' lang='lat' dir='ltr'><strong>labuntur,</strong></span> <span class='ocrx_word' id='word_1_603' title='bbox 3078 3902 3173 3974; x_wconf 92' lang='lat' dir='ltr'><strong>qui</strong></span> <span class='ocrx_word' id='word_1_604' title='bbox 3194 3901 3318 3957; x_wconf 87' lang='lat' dir='ltr'><strong>aliis</strong></span> <span class='ocrx_word' id='word_1_605' title='bbox 3341 3899 3622 3959; x_wconf 78' lang='lat' dir='ltr'><strong>foderunt,</strong></span> 
     </span>
    </p>
   </div>
   <div class='ocr_carea' id='block_1_86' title="bbox 2044 3989 3627 4068">
    <p class='ocr_par' dir='ltr' id='par_1_86' title="bbox 2044 3989 3627 4068">
     <span class='ocr_line' id='line_1_86' title="bbox 2044 3989 3627 4068; baseline -0.013 -7"><span class='ocrx_word' id='word_1_606' title='bbox 2044 4021 2238 4061; x_wconf 85' lang='lat' dir='ltr'><strong>eorum</strong></span> <span class='ocrx_word' id='word_1_607' title='bbox 2295 4001 2592 4058; x_wconf 80' lang='lat' dir='ltr'><strong>manifesta</strong></span> <span class='ocrx_word' id='word_1_608' title='bbox 2641 4006 2728 4056; x_wconf 88' lang='lat' dir='ltr'><strong>est</strong></span> <span class='ocrx_word' id='word_1_609' title='bbox 2758 3997 2919 4068; x_wconf 89' lang='lat' dir='ltr'><strong>culpa</strong></span> <span class='ocrx_word' id='word_1_610' title='bbox 2971 3994 3066 4065; x_wconf 91' lang='lat' dir='ltr'><strong>qui</strong></span> <span class='ocrx_word' id='word_1_611' title='bbox 3110 3993 3377 4049; x_wconf 90' lang='lat' dir='ltr'><strong>labuntur</strong></span> <span class='ocrx_word' id='word_1_612' title='bbox 3407 3989 3534 4047; x_wconf 74' lang='lat' dir='ltr'><strong>:ita</strong></span> <span class='ocrx_word' id='word_1_613' title='bbox 3566 3994 3627 4041; x_wconf 92' lang='lat' dir='ltr'><strong>nt</strong></span> 
     </span>
    </p>
   </div>
   <div class='ocr_carea' id='block_1_87' title="bbox 2047 4080 3624 4167">
    <p class='ocr_par' dir='ltr' id='par_1_87' title="bbox 2047 4080 3624 4167">
     <span class='ocr_line' id='line_1_87' title="bbox 2047 4080 3624 4167; baseline -0.011 -15"><span class='ocrx_word' id='word_1_614' title='bbox 2047 4098 2154 4164; x_wconf 78' lang='lat' dir='ltr'><strong>illis</strong></span> <span class='ocrx_word' id='word_1_615' title='bbox 2176 4095 2401 4167; x_wconf 87' lang='lat' dir='ltr'><strong>quidem</strong></span> <span class='ocrx_word' id='word_1_616' title='bbox 2448 4107 2583 4148; x_wconf 83' lang='lat' dir='ltr'><strong>suus</strong></span> <span class='ocrx_word' id='word_1_617' title='bbox 2614 4106 2773 4147; x_wconf 87' lang='lat' dir='ltr'><strong>casus</strong></span> <span class='ocrx_word' id='word_1_618' title='bbox 2819 4104 2931 4145; x_wconf 90' lang='lat' dir='ltr'><strong>non</strong></span> <span class='ocrx_word' id='word_1_619' title='bbox 2979 4089 3142 4158; x_wconf 72' lang='lat' dir='ltr'><strong>longe</strong></span> <span class='ocrx_word' id='word_1_620' title='bbox 3194 4084 3340 4141; x_wconf 85' lang='lat' dir='ltr'><strong>absit</strong></span> <span class='ocrx_word' id='word_1_621' title='bbox 3367 4099 3400 4139; x_wconf 73' lang='grc' dir='ltr'><strong>α</strong></span> <span class='ocrx_word' id='word_1_622' title='bbox 3429 4080 3624 4145; x_wconf 84' lang='lat' dir='ltr'><strong>venia;</strong></span> 
     </span>
    </p>
   </div>
   <div class='ocr_carea' id='block_1_88' title="bbox 2048 4176 3625 4253">
    <p class='ocr_par' dir='ltr' id='par_1_88' title="bbox 2048 4176 3625 4253">
     <span class='ocr_line' id='line_1_88' title="bbox 2048 4176 3625 4253; baseline -0.011 -8"><span class='ocrx_word' id='word_1_623' title='bbox 2048 4191 2103 4245; x_wconf 89' lang='lat' dir='ltr'><strong>hi</strong></span> <span class='ocrx_word' id='word_1_624' title='bbox 2136 4204 2269 4245; x_wconf 89' lang='lat' dir='ltr'><strong>vero</strong></span> <span class='ocrx_word' id='word_1_625' title='bbox 2321 4186 2391 4243; x_wconf 86' lang='lat' dir='ltr'><strong>ab</strong></span> <span class='ocrx_word' id='word_1_626' title='bbox 2443 4185 2597 4242; x_wconf 88' lang='lat' dir='ltr'><strong>omni</strong></span> <span class='ocrx_word' id='word_1_627' title='bbox 2647 4183 2808 4240; x_wconf 89' lang='lat' dir='ltr'><strong>venia</strong></span> <span class='ocrx_word' id='word_1_628' title='bbox 2839 4196 3006 4253; x_wconf 88' lang='lat' dir='ltr'><strong>quam</strong></span> <span class='ocrx_word' id='word_1_629' title='bbox 3049 4179 3372 4251; x_wconf 81' lang='lat' dir='ltr'><strong>longissime</strong></span> <span class='ocrx_word' id='word_1_630' title='bbox 3405 4176 3625 4236; x_wconf 78' lang='lat' dir='ltr'><strong>cadant,</strong></span> 
     </span>
    </p>
   </div>
   <div class='ocr_carea' id='block_1_89' title="bbox 2047 4265 3623 4352">
    <p class='ocr_par' dir='ltr' id='par_1_89' title="bbox 2047 4265 3623 4352">
     <span class='ocr_line' id='line_1_89' title="bbox 2047 4265 3623 4352; baseline -0.013 -14"><span class='ocrx_word' id='word_1_631' title='bbox 2047 4292 2104 4338; x_wconf 89' lang='lat' dir='ltr'><strong>et</strong></span> <span class='ocrx_word' id='word_1_632' title='bbox 2125 4279 2388 4352; x_wconf 80' lang='lat' dir='ltr'><strong>legitimis</strong></span> <span class='ocrx_word' id='word_1_633' title='bbox 2421 4276 2601 4349; x_wconf 65' lang='lat' dir='ltr'><strong>panis</strong></span> <span class='ocrx_word' id='word_1_634' title='bbox 2628 4291 2689 4332; x_wconf 89' lang='lat' dir='ltr'><strong>se</strong></span> <span class='ocrx_word' id='word_1_635' title='bbox 2714 4275 2866 4346; x_wconf 89' lang='lat' dir='ltr'><strong>ipsos</strong></span> <span class='ocrx_word' id='word_1_636' title='bbox 2890 4270 3187 4327; x_wconf 77' lang='lat' dir='ltr'><strong>manifesto</strong></span> <span class='ocrx_word' id='word_1_637' title='bbox 3213 4269 3482 4339; x_wconf 78' lang='lat' dir='ltr'><strong>obligent.</strong></span> <span class='ocrx_word' id='word_1_638' title='bbox 3517 4265 3623 4321; x_wconf 83' lang='lat' dir='ltr'><strong>Sed</strong></span> 
     </span>
    </p>
   </div>
   <div class='ocr_carea' id='block_1_90' title="bbox 2049 4358 3629 4438">
    <p class='ocr_par' dir='ltr' id='par_1_90' title="bbox 2049 4358 3629 4438">
     <span class='ocr_line' id='line_1_90' title="bbox 2049 4358 3629 4438; baseline -0.01 -11"><span class='ocrx_word' id='word_1_639' title='bbox 2049 4390 2177 4430; x_wconf 86' lang='lat' dir='ltr'><strong>rum</strong></span> <span class='ocrx_word' id='word_1_640' title='bbox 2212 4370 2398 4428; x_wconf 85' lang='lat' dir='ltr'><strong>omnia</strong></span> <span class='ocrx_word' id='word_1_641' title='bbox 2430 4370 2576 4425; x_wconf 91' lang='lat' dir='ltr'><strong>Deus</strong></span> <span class='ocrx_word' id='word_1_642' title='bbox 2621 4368 2768 4438; x_wconf 85' lang='lat' dir='ltr'><strong>jnste</strong></span> <span class='ocrx_word' id='word_1_643' title='bbox 2813 4364 3156 4427; x_wconf 88' lang='lat' dir='ltr'><strong>moderetur,</strong></span> <span class='ocrx_word' id='word_1_644' title='bbox 3186 4371 3244 4416; x_wconf 90' lang='lat' dir='ltr'><strong>et</strong></span> <span class='ocrx_word' id='word_1_645' title='bbox 3273 4363 3435 4431; x_wconf 66' lang='lat' dir='ltr'><strong>aegris</strong></span> <span class='ocrx_word' id='word_1_646' title='bbox 3466 4358 3629 4414; x_wconf 85' lang='lat' dir='ltr'><strong>rebus</strong></span> 
     </span>
    </p>
   </div>
   <div class='ocr_carea' id='block_1_91' title="bbox 2050 4455 3630 4523">
    <p class='ocr_par' dir='ltr' id='par_1_91' title="bbox 2050 4455 3630 4523">
     <span class='ocr_line' id='line_1_91' title="bbox 2050 4455 3630 4523; baseline -0.011 -2"><span class='ocrx_word' id='word_1_647' title='bbox 2050 4461 2437 4521; x_wconf 86' lang='lat' dir='ltr'><strong>convenientia</strong></span> <span class='ocrx_word' id='word_1_648' title='bbox 2492 4459 2757 4515; x_wconf 85' lang='lat' dir='ltr'><strong>adhibeat</strong></span> <span class='ocrx_word' id='word_1_649' title='bbox 2811 4455 3097 4520; x_wconf 89' lang='lat' dir='ltr'><strong>remedia,</strong></span> <span class='ocrx_word' id='word_1_650' title='bbox 3149 4460 3368 4523; x_wconf 80' lang='lat' dir='ltr'><strong>Oportet</strong></span> <span class='ocrx_word' id='word_1_651' title='bbox 3421 4459 3481 4507; x_wconf 88' lang='lat' dir='ltr'><strong>et</strong></span> <span class='ocrx_word' id='word_1_652' title='bbox 3530 4466 3630 4504; x_wconf 86' lang='lat' dir='ltr'><strong>nos</strong></span> 
     </span>
    </p>
   </div>
   <div class='ocr_carea' id='block_1_92' title="bbox 2052 4544 3628 4629">
    <p class='ocr_par' dir='ltr' id='par_1_92' title="bbox 2052 4544 3628 4629">
     <span class='ocr_line' id='line_1_92' title="bbox 2052 4544 3628 4629; baseline -0.01 -16"><span class='ocrx_word' id='word_1_653' title='bbox 2052 4573 2295 4629; x_wconf 80' lang='lat' dir='ltr'><strong>quoque,</strong></span> <span class='ocrx_word' id='word_1_654' title='bbox 2347 4555 2500 4610; x_wconf 91' lang='lat' dir='ltr'><strong>illum</strong></span> <span class='ocrx_word' id='word_1_655' title='bbox 2555 4553 2820 4618; x_wconf 87' lang='lat' dir='ltr'><strong>imitatos,</strong></span> <span class='ocrx_word' id='word_1_656' title='bbox 2870 4565 2981 4605; x_wconf 88' lang='lat' dir='ltr'><strong>non</strong></span> <span class='ocrx_word' id='word_1_657' title='bbox 3019 4549 3209 4603; x_wconf 80' lang='lat' dir='ltr'><strong>fovere</strong></span> <span class='ocrx_word' id='word_1_658' title='bbox 3264 4545 3452 4611; x_wconf 89' lang='lat' dir='ltr'><strong>animo</strong></span> <span class='ocrx_word' id='word_1_659' title='bbox 3489 4544 3628 4599; x_wconf 74' lang='lat' dir='ltr'><strong>iram</strong></span> 
     </span>
    </p>
   </div>
   <div class='ocr_carea' id='block_1_93' title="bbox 367 4634 1937 4724">
    <p class='ocr_par' dir='ltr' id='par_1_93' title="bbox 367 4649 1937 4724">
     <span class='ocr_line' id='line_1_93' title="bbox 367 4649 1937 4724; baseline -0.002 -19"><span class='ocrx_word' id='word_1_660' title='bbox 367 4656 486 4716; x_wconf 75' lang='grc' dir='ltr'>τοῖς</span> <span class='ocrx_word' id='word_1_661' title='bbox 510 4656 781 4723; x_wconf 74' lang='grc' dir='ltr'>νοσήμασι</span> <span class='ocrx_word' id='word_1_662' title='bbox 808 4653 918 4707; x_wconf 88' lang='grc' dir='ltr'><strong>τῶν</strong></span> <span class='ocrx_word' id='word_1_663' title='bbox 945 4652 1286 4724; x_wconf 79' lang='grc' dir='ltr'>πραγμάτων</span> <span class='ocrx_word' id='word_1_664' title='bbox 1314 4651 1384 4704; x_wconf 72' lang='grc' dir='ltr'>τὰ</span> <span class='ocrx_word' id='word_1_665' title='bbox 1411 4650 1512 4720; x_wconf 73' lang='grc' dir='ltr'>τῆς</span> <span class='ocrx_word' id='word_1_666' title='bbox 1537 4649 1778 4720; x_wconf 83' lang='grc' dir='ltr'>ίατρείας</span> <span class='ocrx_word' id='word_1_667' title='bbox 1810 4649 1937 4702; x_wconf 80' lang='grc' dir='ltr'>ἐπά-</span> 
     </span>
    </p>
   </div>
   <div class='ocr_carea' id='block_1_94' title="bbox 2039 4634 3631 4724">
    <p class='ocr_par' dir='ltr' id='par_1_94' title="bbox 2057 4634 3631 4717">
     <span class='ocr_line' id='line_1_94' title="bbox 2057 4634 3631 4717; baseline -0.01 -14"><span class='ocrx_word' id='word_1_668' title='bbox 2057 4652 2110 4704; x_wconf 90' lang='lat' dir='ltr'><strong>in</strong></span> <span class='ocrx_word' id='word_1_669' title='bbox 2158 4663 2254 4705; x_wconf 89' lang='lat' dir='ltr'><strong>eos</strong></span> <span class='ocrx_word' id='word_1_670' title='bbox 2287 4646 2381 4717; x_wconf 90' lang='lat' dir='ltr'><strong>qui</strong></span> <span class='ocrx_word' id='word_1_671' title='bbox 2433 4643 2773 4714; x_wconf 88' lang='lat' dir='ltr'><strong>deliquerint</strong></span> <span class='ocrx_word' id='word_1_672' title='bbox 2807 4640 3231 4711; x_wconf 84' lang='lat' dir='ltr'><strong>sempiternam;</strong></span> <span class='ocrx_word' id='word_1_673' title='bbox 3259 4637 3355 4692; x_wconf 83' lang='lat' dir='ltr'><strong>sed</strong></span> <span class='ocrx_word' id='word_1_674' title='bbox 3399 4635 3453 4690; x_wconf 91' lang='lat' dir='ltr'><strong>in</strong></span> <span class='ocrx_word' id='word_1_675' title='bbox 3486 4634 3631 4688; x_wconf 55' lang='lat' dir='ltr'><strong>Ivita:</strong></span> 
     </span>
    </p>
   </div>
   <div class='ocr_carea' id='block_1_95' title="bbox 368 4732 1999 4816">
    <p class='ocr_par' dir='ltr' id='par_1_95' title="bbox 368 4732 1999 4816">
     <span class='ocr_line' id='line_1_95' title="bbox 368 4732 1999 4816; baseline -0.006 -15"><span class='ocrx_word' id='word_1_676' title='bbox 368 4762 564 4815; x_wconf 76' lang='grc' dir='ltr'>γοντοε</span> <span class='ocrx_word' id='word_1_677' title='bbox 594 4747 885 4816; x_wconf 89' lang='grc' dir='ltr'>φάρμακα,</span> <span class='ocrx_word' id='word_1_678' title='bbox 918 4745 1097 4816; x_wconf 83' lang='grc' dir='ltr'>χρεὼν</span> <span class='ocrx_word' id='word_1_679' title='bbox 1125 4747 1221 4798; x_wconf 66' lang='grc' dir='ltr'><strong>καί⁵</strong></span> <span class='ocrx_word' id='word_1_680' title='bbox 1246 4743 1396 4813; x_wconf 78' lang='grc' dir='ltr'>ἡμᾶς</span> <span class='ocrx_word' id='word_1_681' title='bbox 1426 4744 1608 4796; x_wconf 80' lang='grc' dir='ltr'>ἐκεῖσε</span> <span class='ocrx_word' id='word_1_682' title='bbox 1640 4744 1741 4812; x_wconf 77' lang='grc' dir='ltr'>τὴν</span> <span class='ocrx_word' id='word_1_683' title='bbox 1777 4746 1952 4811; x_wconf 75' lang='grc' dir='ltr'>μίμη-</span> <span class='ocrx_word' id='word_1_684' title='bbox 1987 4732 1999 4746; x_wconf 84' lang='grc'><strong>’</strong></span> 
     </span>
    </p>
   </div>
   <div class='ocr_carea' id='block_1_96' title="bbox 376 4834 1953 4910">
    <p class='ocr_par' dir='ltr' id='par_1_96' title="bbox 376 4834 1953 4910">
     <span class='ocr_line' id='line_1_96' title="bbox 376 4834 1953 4910; baseline -0.003 -21"><span class='ocrx_word' id='word_1_685' title='bbox 376 4855 465 4891; x_wconf 88' lang='grc' dir='ltr'><strong>σιν</strong></span> <span class='ocrx_word' id='word_1_686' title='bbox 499 4838 971 4910; x_wconf 86' lang='grc' dir='ltr'>παραπέμποντας</span> <span class='ocrx_word' id='word_1_687' title='bbox 1010 4837 1112 4889; x_wconf 81' lang='grc' dir='ltr'>οὐκ</span> <span class='ocrx_word' id='word_1_688' title='bbox 1146 4836 1417 4890; x_wconf 85' lang='grc' dir='ltr'>ἀθάνατον</span> <span class='ocrx_word' id='word_1_689' title='bbox 1451 4834 1598 4888; x_wconf 84' lang='grc' dir='ltr'>κατὰ</span> <span class='ocrx_word' id='word_1_690' title='bbox 1622 4835 1729 4887; x_wconf 88' lang='grc' dir='ltr'><strong>τῶν</strong></span> <span class='ocrx_word' id='word_1_691' title='bbox 1768 4834 1953 4903; x_wconf 80' lang='grc' dir='ltr'>ἁμαρ-</span> 
     </span>
    </p>
   </div>
   <div class='ocr_carea' id='block_1_97' title="bbox 376 4917 1949 5001">
    <p class='ocr_par' dir='ltr' id='par_1_97' title="bbox 376 4917 1949 5001">
     <span class='ocr_line' id='line_1_97' title="bbox 376 4917 1949 5001; baseline -0.003 -17"><span class='ocrx_word' id='word_1_692' title='bbox 376 4932 654 4984; x_wconf 84' lang='grc' dir='ltr'>τανόντων</span> <span class='ocrx_word' id='word_1_693' title='bbox 701 4932 763 4984; x_wconf 86' lang='grc' dir='ltr'><strong>τὺ</strong></span> <span class='ocrx_word' id='word_1_694' title='bbox 793 4933 894 5000; x_wconf 83' lang='grc' dir='ltr'><strong>τῆς</strong></span> <span class='ocrx_word' id='word_1_695' title='bbox 943 4917 1172 5000; x_wconf 82' lang='grc' dir='ltr'>γνώμης</span> <span class='ocrx_word' id='word_1_696' title='bbox 1212 4931 1497 5001; x_wconf 79' lang='grc' dir='ltr'>διατηρεῖν</span> <span class='ocrx_word' id='word_1_697' title='bbox 1546 4927 1905 4999; x_wconf 79' lang='grc' dir='ltr'>ὀργιζόμενον</span> <span class='ocrx_word' id='word_1_698' title='bbox 1934 4942 1949 4957; x_wconf 76' lang='grc' dir='ltr'><strong>ο</strong></span> 
     </span>
    </p>
   </div>
   <div class='ocr_carea' id='block_1_98' title="bbox 374 5020 1952 5093">
    <p class='ocr_par' dir='ltr' id='par_1_98' title="bbox 374 5020 1952 5093">
     <span class='ocr_line' id='line_1_98' title="bbox 374 5020 1952 5093; baseline -0.004 -16"><span class='ocrx_word' id='word_1_699' title='bbox 374 5023 493 5078; x_wconf 79' lang='grc' dir='ltr'>ἀλλ’</span> <span class='ocrx_word' id='word_1_700' title='bbox 533 5022 1023 5091; x_wconf 75' lang='grc' dir='ltr'>ἀναλογιζομένους</span> <span class='ocrx_word' id='word_1_701' title='bbox 1074 5022 1136 5076; x_wconf 80' lang='grc' dir='ltr'>τὸ</span> <span class='ocrx_word' id='word_1_702' title='bbox 1184 5023 1283 5093; x_wconf 86' lang='grc' dir='ltr'>τῆς</span> <span class='ocrx_word' id='word_1_703' title='bbox 1331 5020 1683 5092; x_wconf 83' lang='grc' dir='ltr'>ἀνθρωπίνης</span> <span class='ocrx_word' id='word_1_704' title='bbox 1734 5020 1952 5088; x_wconf 79' lang='grc' dir='ltr'>φύσεως</span> 
     </span>
    </p>
   </div>
   <div class='ocr_carea' id='block_1_99' title="bbox 376 5112 1951 5187">
    <p class='ocr_par' dir='ltr' id='par_1_99' title="bbox 376 5112 1951 5187">
     <span class='ocr_line' id='line_1_99' title="bbox 376 5112 1951 5187; baseline -0.006 -16"><span class='ocrx_word' id='word_1_705' title='bbox 376 5117 570 5187; x_wconf 82' lang='grc' dir='ltr'>θνητὸν</span> <span class='ocrx_word' id='word_1_706' title='bbox 597 5116 796 5187; x_wconf 80' lang='grc' dir='ltr'>θνητὴν</span> <span class='ocrx_word' id='word_1_707' title='bbox 828 5116 1104 5171; x_wconf 84' lang='grc' dir='ltr'>ποιεῖσθαι</span> <span class='ocrx_word' id='word_1_708' title='bbox 1135 5114 1233 5169; x_wconf 69' lang='grc' dir='ltr'>καὶ</span> <span class='ocrx_word' id='word_1_709' title='bbox 1277 5115 1380 5184; x_wconf 74' lang='grc' dir='ltr'>τὴν</span> <span class='ocrx_word' id='word_1_710' title='bbox 1406 5113 1547 5183; x_wconf 81' lang='grc' dir='ltr'>πρὸς</span> <span class='ocrx_word' id='word_1_711' title='bbox 1601 5112 1800 5173; x_wconf 79' lang='grc' dir='ltr'>αὐτοὺς</span> <span class='ocrx_word' id='word_1_712' title='bbox 1828 5115 1951 5164; x_wconf 76' lang='grc' dir='ltr'>ἐπι·</span> 
     </span>
    </p>
   </div>
   <div class='ocr_carea' id='block_1_100' title="bbox 375 5200 1959 5282">
    <p class='ocr_par' dir='ltr' id='par_1_100' title="bbox 375 5200 1959 5282">
     <span class='ocr_line' id='line_1_100' title="bbox 375 5200 1959 5282; baseline -0.006 -22"><span class='ocrx_word' id='word_1_713' title='bbox 375 5209 623 5279; x_wconf 79' lang='grc' dir='ltr'>τίμησιν.</span> <span class='ocrx_word' id='word_1_714' title='bbox 659 5206 867 5282; x_wconf 74' lang='grc' dir='ltr'>’Ἄλλως</span> <span class='ocrx_word' id='word_1_715' title='bbox 902 5223 962 5259; x_wconf 88' lang='grc' dir='ltr'><strong>τε</strong></span> <span class='ocrx_word' id='word_1_716' title='bbox 989 5206 1084 5260; x_wconf 77' lang='grc' dir='ltr'>καὶ</span> <span class='ocrx_word' id='word_1_717' title='bbox 1110 5207 1138 5258; x_wconf 86' lang='grc' dir='ltr'>ὁ</span> <span class='ocrx_word' id='word_1_718' title='bbox 1176 5205 1269 5259; x_wconf 79' lang='grc' dir='ltr'>τὸν</span> <span class='ocrx_word' id='word_1_719' title='bbox 1319 5202 1692 5257; x_wconf 70' lang='grc' dir='ltr'>ὑποπίπτοντα</span> <span class='ocrx_word' id='word_1_720' title='bbox 1712 5200 1959 5264; x_wconf 78' lang='grc' dir='ltr'>κολάζειν</span> 
     </span>
    </p>
   </div>
   <div class='ocr_carea' id='block_1_101' title="bbox 378 5280 1955 5365">
    <p class='ocr_par' dir='ltr' id='par_1_101' title="bbox 378 5280 1955 5365">
     <span class='ocr_line' id='line_1_101' title="bbox 378 5280 1955 5365; baseline -0.005 -14"><span class='ocrx_word' id='word_1_721' title='bbox 378 5301 585 5352; x_wconf 70' lang='grc' dir='ltr'>ἐθέλων</span> <span class='ocrx_word' id='word_1_722' title='bbox 607 5300 709 5353; x_wconf 86' lang='grc' dir='ltr'><strong>οὑκ</strong></span> <span class='ocrx_word' id='word_1_723' title='bbox 736 5280 966 5361; x_wconf 70' lang='grc' dir='ltr'>ἐκεῖνον,</span> <span class='ocrx_word' id='word_1_724' title='bbox 1001 5296 1118 5353; x_wconf 81' lang='grc' dir='ltr'>ἀλλ’</span> <span class='ocrx_word' id='word_1_725' title='bbox 1164 5295 1357 5351; x_wconf 74' lang='grc' dir='ltr'>ἑαυτὸν</span> <span class='ocrx_word' id='word_1_726' title='bbox 1384 5296 1584 5358; x_wconf 76' lang='grc' dir='ltr'>ἀδικεῖ,</span> <span class='ocrx_word' id='word_1_727' title='bbox 1611 5294 1710 5365; x_wconf 82' lang='grc' dir='ltr'>τῆς</span> <span class='ocrx_word' id='word_1_728' title='bbox 1736 5293 1955 5360; x_wconf 82' lang='grc' dir='ltr'>ἀνθρω-</span> 
     </span>
    </p>
   </div>
   <div class='ocr_carea' id='block_1_102' title="bbox 380 5387 1957 5460">
    <p class='ocr_par' dir='ltr' id='par_1_102' title="bbox 380 5387 1957 5460">
     <span class='ocr_line' id='line_1_102' title="bbox 380 5387 1957 5460; baseline -0.002 -21"><span class='ocrx_word' id='word_1_729' title='bbox 380 5392 543 5459; x_wconf 84' lang='grc' dir='ltr'>πίνης</span> <span class='ocrx_word' id='word_1_730' title='bbox 572 5389 889 5460; x_wconf 82' lang='grc' dir='ltr'>περιφανῶς</span> <span class='ocrx_word' id='word_1_731' title='bbox 912 5389 1199 5452; x_wconf 81' lang='grc' dir='ltr'>ἀσθενείας</span> <span class='ocrx_word' id='word_1_732' title='bbox 1224 5389 1716 5458; x_wconf 79' lang='grc' dir='ltr'>κατεπαιρὸμενος.</span> <span class='ocrx_word' id='word_1_733' title='bbox 1755 5387 1957 5451; x_wconf 79' lang='grc' dir='ltr'>Ὀξεῖαι</span> 
     </span>
    </p>
   </div>
   <div class='ocr_carea' id='block_1_103' title="bbox 377 5476 1957 5553">
    <p class='ocr_par' dir='ltr' id='par_1_103' title="bbox 377 5476 1957 5553">
     <span class='ocr_line' id='line_1_103' title="bbox 377 5476 1957 5553; baseline -0.004 -18"><span class='ocrx_word' id='word_1_734' title='bbox 377 5482 425 5535; x_wconf 77' lang='grc' dir='ltr'>δ’</span> <span class='ocrx_word' id='word_1_735' title='bbox 457 5484 723 5535; x_wconf 75' lang='grc' dir='ltr'>εἰσὶν’καὶ</span> <span class='ocrx_word' id='word_1_736' title='bbox 746 5483 806 5535; x_wconf 88' lang='grc' dir='ltr'><strong>αί</strong></span> <span class='ocrx_word' id='word_1_737' title='bbox 842 5487 942 5551; x_wconf 78' lang='grc' dir='ltr'>τῆς</span> <span class='ocrx_word' id='word_1_738' title='bbox 986 5481 1161 5553; x_wconf 80' lang='grc' dir='ltr'>τύχης</span> <span class='ocrx_word' id='word_1_739' title='bbox 1199 5480 1519 5551; x_wconf 75' lang='grc' dir='ltr'>μεταϐολαὶ,</span> <span class='ocrx_word' id='word_1_740' title='bbox 1555 5479 1648 5531; x_wconf 71' lang='grc' dir='ltr'>καὶ</span> <span class='ocrx_word' id='word_1_741' title='bbox 1696 5478 1870 5548; x_wconf 76' lang='grc' dir='ltr'>ῥᾷστα</span> <span class='ocrx_word' id='word_1_742' title='bbox 1898 5476 1957 5528; x_wconf 86' lang='grc' dir='ltr'>τὸ</span> 
     </span>
    </p>
   </div>
   <div class='ocr_carea' id='block_1_104' title="bbox 381 5569 1950 5643">
    <p class='ocr_par' dir='ltr' id='par_1_104' title="bbox 381 5569 1950 5643">
     <span class='ocr_line' id='line_1_104' title="bbox 381 5569 1950 5643; baseline -0.003 -17"><span class='ocrx_word' id='word_1_743' title='bbox 381 5574 642 5643; x_wconf 64' lang='grc' dir='ltr'>εὔδαιμον</span> <span class='ocrx_word' id='word_1_744' title='bbox 685 5574 747 5638; x_wconf 78' lang='grc' dir='ltr'>ἐξ</span> <span class='ocrx_word' id='word_1_745' title='bbox 777 5574 955 5627; x_wconf 75' lang='grc' dir='ltr'>ἄλλων</span> <span class='ocrx_word' id='word_1_746' title='bbox 1002 5575 1081 5637; x_wconf 82' lang='grc' dir='ltr'><strong>είς</strong></span> <span class='ocrx_word' id='word_1_747' title='bbox 1112 5574 1306 5637; x_wconf 85' lang='grc' dir='ltr'>ἄλλους</span> <span class='ocrx_word' id='word_1_748' title='bbox 1355 5571 1671 5643; x_wconf 75' lang='grc' dir='ltr'>ἀμείϐουσι·</span> <span class='ocrx_word' id='word_1_749' title='bbox 1706 5572 1796 5621; x_wconf 73' lang='grc' dir='ltr'>καὶ</span> <span class='ocrx_word' id='word_1_750' title='bbox 1847 5569 1950 5637; x_wconf 73' lang='grc' dir='ltr'>χρὴ</span> 
     </span>
    </p>
   </div>
   <div class='ocr_carea' id='block_1_105' title="bbox 2052 4729 3631 4795">
    <p class='ocr_par' dir='ltr' id='par_1_105' title="bbox 2052 4729 3631 4795">
     <span class='ocr_line' id='line_1_105' title="bbox 2052 4729 3631 4795; baseline -0.012 0"><span class='ocrx_word' id='word_1_751' title='bbox 2052 4745 2302 4795; x_wconf 68' lang='lat' dir='ltr'><strong>humana:</strong></span> <span class='ocrx_word' id='word_1_752' title='bbox 2335 4736 2620 4793; x_wconf 88' lang='lat' dir='ltr'><strong>mortalem</strong></span> <span class='ocrx_word' id='word_1_753' title='bbox 2655 4731 3033 4789; x_wconf 88' lang='lat' dir='ltr'><strong>conditionem</strong></span> <span class='ocrx_word' id='word_1_754' title='bbox 3080 4729 3386 4792; x_wconf 85' lang='lat' dir='ltr'><strong>intuentes,</strong></span> <span class='ocrx_word' id='word_1_755' title='bbox 3441 4738 3631 4793; x_wconf 70' lang='lat' dir='ltr'><strong>punias</strong></span> 
     </span>
    </p>
   </div>
   <div class='ocr_carea' id='block_1_106' title="bbox 2049 4815 3630 4909">
    <p class='ocr_par' dir='ltr' id='par_1_106' title="bbox 2049 4815 3630 4909">
     <span class='ocr_line' id='line_1_106' title="bbox 2049 4815 3630 4909; baseline -0.011 -21"><span class='ocrx_word' id='word_1_756' title='bbox 2049 4836 2118 4888; x_wconf 86' lang='lat' dir='ltr'><strong>ab</strong></span> <span class='ocrx_word' id='word_1_757' title='bbox 2168 4830 2485 4888; x_wconf 85' lang='lat' dir='ltr'><strong>hominibus</strong></span> <span class='ocrx_word' id='word_1_758' title='bbox 2530 4837 2789 4909; x_wconf 75' lang='lat' dir='ltr'><strong>expetere</strong></span> <span class='ocrx_word' id='word_1_759' title='bbox 2836 4823 2982 4880; x_wconf 88' lang='lat' dir='ltr'><strong>haud</strong></span> <span class='ocrx_word' id='word_1_760' title='bbox 3017 4819 3378 4876; x_wconf 85' lang='lat' dir='ltr'><strong>immortales.</strong></span> <span class='ocrx_word' id='word_1_761' title='bbox 3409 4815 3630 4886; x_wconf 78' lang='lat' dir='ltr'><strong>Alioqui</strong></span> 
     </span>
    </p>
   </div>
   <div class='ocr_carea' id='block_1_107' title="bbox 2051 4910 3627 4988">
    <p class='ocr_par' dir='ltr' id='par_1_107' title="bbox 2051 4910 3627 4988">
     <span class='ocr_line' id='line_1_107' title="bbox 2051 4910 3627 4988; baseline -0.01 -8"><span class='ocrx_word' id='word_1_762' title='bbox 2051 4929 2104 4980; x_wconf 86' lang='lat' dir='ltr'><strong>in</strong></span> <span class='ocrx_word' id='word_1_763' title='bbox 2148 4926 2484 4981; x_wconf 83' lang='lat' dir='ltr'><strong>submissum</strong></span> <span class='ocrx_word' id='word_1_764' title='bbox 2514 4920 2956 4977; x_wconf 85' lang='lat' dir='ltr'><strong>animadvertere</strong></span> <span class='ocrx_word' id='word_1_765' title='bbox 2995 4916 3091 4988; x_wconf 89' lang='lat' dir='ltr'><strong>qui</strong></span> <span class='ocrx_word' id='word_1_766' title='bbox 3126 4913 3280 4977; x_wconf 84' lang='lat' dir='ltr'><strong>velit,</strong></span> <span class='ocrx_word' id='word_1_767' title='bbox 3330 4925 3441 4967; x_wconf 91' lang='lat' dir='ltr'><strong>non</strong></span> <span class='ocrx_word' id='word_1_768' title='bbox 3474 4910 3627 4964; x_wconf 89' lang='lat' dir='ltr'><strong>ilhnn</strong></span> 
     </span>
    </p>
   </div>
   <div class='ocr_carea' id='block_1_108' title="bbox 2049 4995 3633 5083">
    <p class='ocr_par' dir='ltr' id='par_1_108' title="bbox 2049 4995 3633 5083">
     <span class='ocr_line' id='line_1_108' title="bbox 2049 4995 3633 5083; baseline -0.015 -14"><span class='ocrx_word' id='word_1_769' title='bbox 2049 5014 2252 5069; x_wconf 74' lang='lat' dir='ltr'><strong>alliciat</strong></span> <span class='ocrx_word' id='word_1_770' title='bbox 2296 5012 2522 5083; x_wconf 85' lang='lat' dir='ltr'><strong>injuria,</strong></span> <span class='ocrx_word' id='word_1_771' title='bbox 2560 5009 2654 5066; x_wconf 89' lang='lat' dir='ltr'><strong>sed</strong></span> <span class='ocrx_word' id='word_1_772' title='bbox 2698 5016 2872 5063; x_wconf 90' lang='lat' dir='ltr'><strong>semet</strong></span> <span class='ocrx_word' id='word_1_773' title='bbox 2903 5007 3107 5075; x_wconf 89' lang='lat' dir='ltr'><strong>ipsum,</strong></span> <span class='ocrx_word' id='word_1_774' title='bbox 3144 5001 3403 5056; x_wconf 77' lang='lat' dir='ltr'><strong>humana:</strong></span> <span class='ocrx_word' id='word_1_775' title='bbox 3434 4995 3633 5051; x_wconf 69' lang='lat' dir='ltr'><strong>videli-</strong></span> 
     </span>
    </p>
   </div>
   <div class='ocr_carea' id='block_1_109' title="bbox 2050 5086 3634 5176">
    <p class='ocr_par' dir='ltr' id='par_1_109' title="bbox 2050 5086 3634 5176">
     <span class='ocr_line' id='line_1_109' title="bbox 2050 5086 3634 5176; baseline -0.015 -14"><span class='ocrx_word' id='word_1_776' title='bbox 2050 5115 2138 5163; x_wconf 74' lang='lat' dir='ltr'><strong>cet</strong></span> <span class='ocrx_word' id='word_1_777' title='bbox 2172 5103 2446 5176; x_wconf 80' lang='lat' dir='ltr'><strong>fragilitati</strong></span> <span class='ocrx_word' id='word_1_778' title='bbox 2487 5102 2665 5173; x_wconf 81' lang='lat' dir='ltr'><strong>palam</strong></span> <span class='ocrx_word' id='word_1_779' title='bbox 2691 5098 2981 5154; x_wconf 88' lang='lat' dir='ltr'><strong>insultans.</strong></span> <span class='ocrx_word' id='word_1_780' title='bbox 3029 5095 3108 5149; x_wconf 81' lang='lat' dir='ltr'><strong>Ac</strong></span> <span class='ocrx_word' id='word_1_781' title='bbox 3152 5090 3452 5161; x_wconf 65' lang='lat' dir='ltr'><strong>repentinae</strong></span> <span class='ocrx_word' id='word_1_782' title='bbox 3488 5086 3634 5140; x_wconf 74' lang='lat' dir='ltr'><strong>exsi-</strong></span> 
     </span>
    </p>
   </div>
   <div class='ocr_carea' id='block_1_110' title="bbox 2055 5177 3632 5254">
    <p class='ocr_par' dir='ltr' id='par_1_110' title="bbox 2055 5177 3632 5254">
     <span class='ocr_line' id='line_1_110' title="bbox 2055 5177 3632 5254; baseline -0.016 -3"><span class='ocrx_word' id='word_1_783' title='bbox 2055 5204 2209 5251; x_wconf 83' lang='lat' dir='ltr'><strong>stunt</strong></span> <span class='ocrx_word' id='word_1_784' title='bbox 2237 5210 2422 5250; x_wconf 85' lang='lat' dir='ltr'><strong>rerum</strong></span> <span class='ocrx_word' id='word_1_785' title='bbox 2474 5188 2903 5251; x_wconf 85' lang='lat' dir='ltr'><strong>vicissitudines,</strong></span> <span class='ocrx_word' id='word_1_786' title='bbox 2955 5199 3078 5254; x_wconf 74' lang='lat' dir='ltr'><strong>qua:</strong></span> <span class='ocrx_word' id='word_1_787' title='bbox 3109 5181 3277 5253; x_wconf 76' lang='lat'><strong>588</strong></span> <span class='ocrx_word' id='word_1_788' title='bbox 3315 5177 3632 5233; x_wconf 82' lang='lat' dir='ltr'><strong>felicitatem</strong></span> 
     </span>
    </p>
   </div>
   <div class='ocr_carea' id='block_1_111' title="bbox 2055 5268 3631 5345">
    <p class='ocr_par' dir='ltr' id='par_1_111' title="bbox 2055 5268 3631 5345">
     <span class='ocr_line' id='line_1_111' title="bbox 2055 5268 3631 5345; baseline -0.015 -1"><span class='ocrx_word' id='word_1_789' title='bbox 2055 5292 2123 5345; x_wconf 83' lang='lat' dir='ltr'><strong>ab</strong></span> <span class='ocrx_word' id='word_1_790' title='bbox 2172 5289 2296 5343; x_wconf 86' lang='lat' dir='ltr'><strong>aliis</strong></span> <span class='ocrx_word' id='word_1_791' title='bbox 2316 5287 2382 5343; x_wconf 85' lang='lat' dir='ltr'><strong>ad</strong></span> <span class='ocrx_word' id='word_1_792' title='bbox 2410 5286 2548 5341; x_wconf 89' lang='lat' dir='ltr'><strong>alios</strong></span> <span class='ocrx_word' id='word_1_793' title='bbox 2581 5281 2839 5337; x_wconf 82' lang='lat' dir='ltr'><strong>facillime</strong></span> <span class='ocrx_word' id='word_1_794' title='bbox 2873 5278 3235 5338; x_wconf 78' lang='lat' dir='ltr'><strong>transferunt,</strong></span> <span class='ocrx_word' id='word_1_795' title='bbox 3274 5268 3631 5337; x_wconf 82' lang='lat' dir='ltr'><strong>titnendaqne</strong></span> 
     </span>
    </p>
   </div>
   <div class='ocr_carea' id='block_1_112' title="bbox 2054 5361 3633 5441">
    <p class='ocr_par' dir='ltr' id='par_1_112' title="bbox 2054 5361 3633 5441">
     <span class='ocr_line' id='line_1_112' title="bbox 2054 5361 3633 5441; baseline -0.015 -5"><span class='ocrx_word' id='word_1_796' title='bbox 2054 5380 2313 5436; x_wconf 85' lang='lat' dir='ltr'><strong>omnibus</strong></span> <span class='ocrx_word' id='word_1_797' title='bbox 2343 5385 2428 5434; x_wconf 84' lang='lat' dir='ltr'><strong>est</strong></span> <span class='ocrx_word' id='word_1_798' title='bbox 2467 5389 2610 5431; x_wconf 68' lang='lat' dir='ltr'><strong>catca</strong></span> <span class='ocrx_word' id='word_1_799' title='bbox 2640 5376 2903 5441; x_wconf 86' lang='lat' dir='ltr'><strong>temporis</strong></span> <span class='ocrx_word' id='word_1_800' title='bbox 2951 5366 3286 5423; x_wconf 86' lang='lat' dir='ltr'><strong>volubilitas.</strong></span> <span class='ocrx_word' id='word_1_801' title='bbox 3329 5361 3444 5430; x_wconf 81' lang='lat' dir='ltr'><strong>Ego</strong></span> <span class='ocrx_word' id='word_1_802' title='bbox 3483 5365 3633 5411; x_wconf 68' lang='lat' dir='ltr'><strong>certe</strong></span> 
     </span>
    </p>
   </div>
   <div class='ocr_carea' id='block_1_113' title="bbox 2052 5456 3635 5541">
    <p class='ocr_par' dir='ltr' id='par_1_113' title="bbox 2052 5456 3635 5541">
     <span class='ocr_line' id='line_1_113' title="bbox 2052 5456 3635 5541; baseline -0.02 -13"><span class='ocrx_word' id='word_1_803' title='bbox 2052 5475 2127 5528; x_wconf 88' lang='lat' dir='ltr'><strong>ita</strong></span> <span class='ocrx_word' id='word_1_804' title='bbox 2157 5488 2373 5541; x_wconf 85' lang='lat' dir='ltr'><strong>semper</strong></span> <span class='ocrx_word' id='word_1_805' title='bbox 2415 5467 2550 5523; x_wconf 90' lang='lat' dir='ltr'><strong>mihi</strong></span> <span class='ocrx_word' id='word_1_806' title='bbox 2601 5465 2704 5536; x_wconf 91' lang='lat' dir='ltr'><strong>ipsi</strong></span> <span class='ocrx_word' id='word_1_807' title='bbox 2752 5473 2968 5523; x_wconf 85' lang='lat' dir='ltr'><strong>consto,</strong></span> <span class='ocrx_word' id='word_1_808' title='bbox 3008 5471 3070 5515; x_wconf 89' lang='lat' dir='ltr'><strong>ut</strong></span> <span class='ocrx_word' id='word_1_809' title='bbox 3097 5456 3334 5534; x_wconf 85' lang='lat' dir='ltr'><strong>similem</strong></span> <span class='ocrx_word' id='word_1_810' title='bbox 3367 5467 3454 5507; x_wconf 86' lang='lat' dir='ltr'><strong>me</strong></span> <span class='ocrx_word' id='word_1_811' title='bbox 3476 5466 3635 5503; x_wconf 71' lang='lat' dir='ltr'><strong>raniu</strong></span> 
     </span>
    </p>
   </div>
   <div class='ocr_carea' id='block_1_114' title="bbox 2059 5550 3636 5632">
    <p class='ocr_par' dir='ltr' id='par_1_114' title="bbox 2059 5550 3636 5632">
     <span class='ocr_line' id='line_1_114' title="bbox 2059 5550 3636 5632; baseline -0.017 -13"><span class='ocrx_word' id='word_1_812' title='bbox 2059 5578 2336 5627; x_wconf 84' lang='lat' dir='ltr'><strong>censeam,</strong></span> <span class='ocrx_word' id='word_1_813' title='bbox 2384 5560 2477 5632; x_wconf 91' lang='lat' dir='ltr'><strong>qui</strong></span> <span class='ocrx_word' id='word_1_814' title='bbox 2531 5557 2680 5613; x_wconf 83' lang='lat' dir='ltr'><strong>lelici</strong></span> <span class='ocrx_word' id='word_1_815' title='bbox 2726 5556 2912 5612; x_wconf 89' lang='lat' dir='ltr'><strong>indole</strong></span> <span class='ocrx_word' id='word_1_816' title='bbox 2969 5550 3209 5621; x_wconf 79' lang='lat' dir='ltr'><strong>assurgit</strong></span> <span class='ocrx_word' id='word_1_817' title='bbox 3262 5556 3320 5602; x_wconf 90' lang='lat' dir='ltr'><strong>et</strong></span> <span class='ocrx_word' id='word_1_818' title='bbox 3369 5554 3636 5616; x_wconf 72' lang='lat' dir='ltr'><strong>procerus</strong></span> 
     </span>
    </p>
   </div>
   <div class='ocr_carea' id='block_1_115' title="bbox 1745 5708 2301 5767">
    <p class='ocr_par' dir='ltr' id='par_1_115' title="bbox 1745 5708 2301 5767">
     <span class='ocr_line' id='line_1_115' title="bbox 1745 5708 2301 5767; baseline -0.009 -1"><span class='ocrx_word' id='word_1_819' title='bbox 1745 5708 2080 5767; x_wconf 70' lang='lat' dir='ltr'><strong>Vuriurum</strong></span> <span class='ocrx_word' id='word_1_820' title='bbox 2112 5708 2301 5764; x_wconf 71' lang='lat' dir='ltr'><strong>notua.</strong></span> 
     </span>
    </p>
   </div>
   <div class='ocr_carea' id='block_1_116' title="bbox 461 5832 3044 5931">
    <p class='ocr_par' dir='ltr' id='par_1_116' title="bbox 461 5832 3044 5931">
     <span class='ocr_line' id='line_1_116' title="bbox 461 5832 3044 5931; baseline -0.014 -5"><span class='ocrx_word' id='word_1_821' title='bbox 461 5861 570 5926; x_wconf 71' lang='lat'><strong>(73)</strong></span> <span class='ocrx_word' id='word_1_822' title='bbox 605 5860 774 5931; x_wconf 73' lang='lat' dir='ltr'><strong>Yerli.</strong></span> <span class='ocrx_word' id='word_1_823' title='bbox 824 5869 874 5914; x_wconf 77' lang='lat' dir='ltr'><strong>et</strong></span> <span class='ocrx_word' id='word_1_824' title='bbox 921 5860 965 5915; x_wconf 77' lang='lat' dir='ltr'><strong>si</strong></span> <span class='ocrx_word' id='word_1_825' title='bbox 995 5832 1089 5931; x_wconf 72' lang='lat' dir='ltr'><strong>qui</strong></span> <span class='ocrx_word' id='word_1_826' title='bbox 1137 5874 1219 5931; x_wconf 20' lang='lat' dir='ltr'><strong>exi</strong></span> <span class='ocrx_word' id='word_1_827' title='bbox 1249 5854 1485 5931; x_wconf 67' lang='lat' dir='ltr'><strong>ducibus.</strong></span> <span class='ocrx_word' id='word_1_828' title='bbox 1516 5854 1695 5910; x_wconf 67' lang='lat' dir='ltr'><strong>Malim</strong></span> <span class='ocrx_word' id='word_1_829' title='bbox 1728 5869 1788 5906; x_wconf 67' lang='lat' dir='ltr'><strong>ex</strong></span> <span class='ocrx_word' id='word_1_830' title='bbox 1828 5850 2148 5921; x_wconf 73' lang='lat' dir='ltr'><strong>proceribus,</strong></span> <span class='ocrx_word' id='word_1_831' title='bbox 2177 5849 2260 5903; x_wconf 77' lang='lat' dir='ltr'><strong>vel</strong></span> <span class='ocrx_word' id='word_1_832' title='bbox 2293 5863 2355 5901; x_wconf 63' lang='lat' dir='ltr'><strong>rx.</strong></span> <span class='ocrx_word' id='word_1_833' title='bbox 2387 5843 2800 5917; x_wconf 77' lang='lat' dir='ltr'><strong>magistratibus.</strong></span> <span class='ocrx_word' id='word_1_834' title='bbox 2835 5841 3044 5896; x_wconf 80' lang='grc' dir='ltr'>Βυινιιι.</span> 
     </span>
    </p>
   </div>
   <div class='ocr_carea' id='block_1_117' title="bbox 463 5928 1494 6000">
    <p class='ocr_par' dir='ltr' id='par_1_117' title="bbox 463 5928 1494 6000">
     <span class='ocr_line' id='line_1_117' title="bbox 463 5928 1494 6000; baseline -0.007 -15"><span class='ocrx_word' id='word_1_835' title='bbox 463 5933 571 6000; x_wconf 75' lang='lat'><strong>(79,</strong></span> <span class='ocrx_word' id='word_1_836' title='bbox 612 5929 836 5991; x_wconf 84' lang='lat' dir='ltr'><strong>llomcr.</strong></span> <span class='ocrx_word' id='word_1_837' title='bbox 870 5928 1021 5986; x_wconf 58' lang='lat' dir='ltr'><strong>lliudl</strong></span> <span class='ocrx_word' id='word_1_838' title='bbox 1062 5947 1102 5996; x_wconf 84' lang='grc' dir='ltr'><strong>ι,</strong></span> <span class='ocrx_word' id='word_1_839' title='bbox 1127 5930 1251 5984; x_wconf 71' lang='lat' dir='ltr'><strong>L03.</strong></span> <span class='ocrx_word' id='word_1_840' title='bbox 1287 5928 1494 5981; x_wconf 54' lang='grc' dir='ltr'>Βίην-ια.</span> 
     </span>
    </p>
   </div>
   <div class='ocr_carea' id='block_1_118' title="bbox 2322 5958 2355 5974">
    <p class='ocr_par' dir='ltr' id='par_1_118' title="bbox 2322 5958 2355 5974">
     <span class='ocr_line' id='line_1_118' title="bbox 2322 5958 2355 5974; baseline 0 -2"><span class='ocrx_word' id='word_1_841' title='bbox 2322 5958 2355 5974; x_wconf 42' lang='grc' dir='ltr'>Ὦ</span> 
     </span>
    </p>
   </div>
  </div>
