3978 6592
505 358 615 427 $153
795 357 872 413 ῘΑ.
911 375 964 412 ιι.
1009 353 1148 411 6849
1193 371 1297 410 LVD.
1337 349 1394 424 θ]

1716 353 2132 418 NlCEPllORl
2177 355 2558 419 GRECOILE

2920 351 3030 422 [me
3099 370 3139 406 ι.
3179 369 3388 409 mmet.
3413 355 3512 425 11.]

3635 362 3721 426 ιιι

502 492 561 532 t't
608 477 952 545 provincias;
1000 492 1088 534 ne.
1135 487 1192 527 ut
1227 475 1446 542 opinor.
1480 483 1662 526 vetera
1699 462 1862 527 simul
1909 485 1965 527 et
1996 492 2074 528 rc.-

2208 495 2275 527 ιαι
2317 475 2603 543 Ῥωμαίων
2641 477 2856 527 ἃπασαν
2889 475 3043 527 πόλιν
3088 477 3178 526 καὶ
3230 478 3434 543 χώραν,
3488 483 3563 530 γαπ
3615 491 3726 531 aut:

506 567 690 621 tentia
721 568 901 634 gentis
931 565 1129 619 delicta
1173 565 1444 633 impunita
1473 576 1682 620 essent.
1733 566 1922 635 quue
1954 583 2080 635 per-

444 674 459 686 ί
509 661 738 713 missum
758 669 844 713 est
861 657 988 710 talia
1007 673 1101 726 per
1115 657 1294 710 scelus
1305 656 1573 725 obrepere
1593 657 1858 712 malorum
1880 660 2085 712 instru-

510 758 694 805 menta
729 757 784 805 et
831 763 1050 812 causas,
1097 748 1249 802 nullo
1280 747 1390 801 alio
1419 747 1546 817 jure
1572 763 1738 817 quam
1783 748 2087 803 ambitione

505 851 568 896 et
593 857 727 894 vana
765 841 957 908 gloria.
995 837 1100 894 Sed
1152 853 1252 908 age
1297 837 1426 892 illuc
1465 836 1776 902 redeamus,
1807 838 1958 892 unde
1987 853 2089 892 no-

512 940 626 987 stra
659 929 882 985 deﬂexit
909 929 1108 984 ora-tio.

584 1242 674 1299 111.
713 1244 876 1309 Cum,
905 1250 969 1299 ut
998 1242 1129 1309 dixi,
1157 1241 1573 1298 Cantacuzenus
1598 1242 1947 1314 intelligeret.
1980 1260 2092 1299 non

510 1339 774 1394 desinere
824 1337 1178 1408 Apocaucum
1220 1336 1376 1389 dolos
1405 1345 1458 1390 ct
1489 1336 1720 1390 insidias
1749 1347 1968 1390 struere
1993 1337 2092 1391 ad-

519 1445 714 1483 versus
742 1443 822 1494 se,
861 1436 918 1483 et
949 1426 1381 1481 funestissimam
1429 1428 1868 1498 conjurationem
1904 1429 1956 1481 iu
2004 1443 2094 1483 ca-

514 1529 618 1590 put
662 1534 820 1573 suum
850 1519 1139 1588 postpaulo
1169 1526 1493 1586 erupturam
1529 1519 1878 1588 prtevideret,
1921 1520 2096 1590 impe-

517 1609 773 1665 ratrieem
799 1619 853 1664 et
881 1609 1246 1679 patriarcham
1281 1610 1538 1678 privatim
1567 1609 1851 1681 convenit,
1876 1623 1932 1668 et
1955 1613 2099 1667 hanc

519 1702 666 1771 apud
700 1717 796 1756 eos
825 1703 1131 1756 orationem
1172 1703 1365 1757 habuit
1393 1723 1406 1760 :

590 1793 678 1848 IV.
719 1812 737 1845 ι
782 1794 1144 1848 Profanorum
1173 1794 1630 1865 philosophorum
1659 1799 2099 1867 praestantissimi

2187 568 2286 635 τῆς
2317 566 2412 619 τοῦ
2440 565 2577 619 Θεοῦ
2609 567 2930 635 Ἑκκλησίας
2961 569 3294 637 συγχυθῆναι
3349 569 3414 620 τά
3453 572 3726 638 πρὲγειατα,

2187 657 2256 710 δι’
2284 657 2489 710 ἔκτισιν
2521 651 2680 726 οἶμαι
2711 657 3082 726 παλαιοτέρων
3114 659 3228 726 ἃμα
3259 659 3349 731 καὶ
3377 661 3630 728 νεωτέρων
3651 661 3729 716 τιῦ

2188 751 2382 816 γένους
2427 748 2864 818 ἁμαρτημάτων.
2927 750 3035 801 Καὶ
3089 749 3178 802 διά
3204 747 3362 803 τοῦτο
3421 753 3730 821 συνεχωρήθη

2191 840 2418 894 τοιαῦτα
2462 839 2949 910 παρεισφθαρῆναι
2977 842 3172 904 κακίας
3203 842 3410 911 ϐργανα
3433 845 3520 895 καὶ
3545 847 3729 913 προφά-

2193 946 2329 999 σεις,
2385 931 2526 1003 πλὴν
2586 933 2877 1004 φιλαρχίας
2925 935 3023 988 καὶ
3083 935 3242 1004 ἱόξης
3317 936 3541 1003 ματα⁷ας
3607 933 3735 988 οὐῖέν

2195 1027 2426 1096 ἐχούσας
2455 1027 2518 1080 τὸ
2543 1026 2786 1094 εὔλογον.
2823 1027 2968 1082 Ἀλλ’
2997 1029 3055 1092 ἐς
3081 1028 3142 1081 τὸ
3179 1027 3444 1097 πρότερον
3507 1025 3636 1095 ίχνος
3660 1027 3736 1080 τοῦ

2193 1121 2354 1190 λόγου
2385 1122 2518 1192 φέρε
2544 1120 2981 1193 ἀνακάμψωμεν.

2284 1213 2359 1268 Γ.
2383 1214 2637 1284 Συνορῶν
2663 1215 2794 1286 γάρ,
2824 1214 2902 1279 ὡς
2951 1215 3184 1287 ἔφημεν,
3229 1216 3258 1269 ό
3310 1215 3741 1285 Καντακουζηνδς,

2196 1307 2280 1362 δτι
2305 1307 2658 1372 συσκευάζων
2685 1305 2842 1371 αὖθις
2871 1307 3215 1372 Ἀπόκαυκος
3245 1309 3304 1361 ού
3337 1307 3562 1362 παύεται
3587 1309 3744 1372 δόλους

2199 1401 2296 1456 καὶ
2326 1400 2515 1472 ἐνεδρα
2546 1400 2667 1455 κατ’
2697 1401 2882 1466 αὑτοῦ,
2909 1403 3001 1454 καὶ
3026 1401 3126 1454 οὑκ
3147 1403 3226 1464 είς
3258 1397 3475 1472 μακρὰν
3495 1400 3746 1468 ἠρεμήσας

2201 1493 2498 1565 ἐπιϐουλὴν
2515 1495 2848 1564 ἐκραγεῖσαν
2881 1495 3073 1566 ὄψεται
3105 1495 3268 1563 φόνου
3295 1493 3498 1563 μεστὴν
3524 1492 3651 1546 κατὰ
3665 1491 3746 1560 τῆς

2201 1583 2404 1639 ἐαυτοῦ
2454 1586 2720 1654 κεφαλῆς,
2771 1587 2876 1659 ίδία
2906 1586 3243 1654 παραλαϐὼν
3283 1588 3401 1657 ἃμα
3429 1583 3645 1656 βασιλίδι
3674 1585 3750 1638 τὸν

2199 1683 2552 1753 πατριάρχην
2605 1683 2785 1736 τοιάδε
2840 1683 3020 1754 φησί·

2273 1776 2350 1832 Δ⁸.
2389 1794 2409 1828 ι
2446 1776 2566 1829 Τῶν
2597 1775 2702 1844 ἐξω
2753 1776 2931 1845 σοφῶν
2959 1776 3070 1848 (82)
3104 1777 3154 1831 oi
3189 1777 3537 1846 χαριέστεροι
3586 1777 3754 1830 τάναν-

519 1886 684 1956 592
721 1886 997 1940 contraria
1024 1887 1218 1941 eodem
1275 1896 1522 1958 tempore
1551 1889 1732 1944 eidem
1767 1890 1847 1946 rei
1899 1903 2102 1962 negant

2208 1867 2294 1921 τία
2338 1869 2479 1923 κατὰ
2505 1867 2596 1922 τὸν
2653 1869 2818 1923 αὐτὸν
2872 1871 3066 1940 χρόνον
3111 1871 3171 1924 ἐν
3199 1870 3278 1941 τῷ
3341 1869 3492 1940 αὐτῷ
3529 1869 3752 1939 γενέσθαι

525 1979 704 2032 inesse
736 1993 915 2047 posse.
948 1977 1103 2043 Quod
1137 1984 1266 2033 cum
1294 1979 1368 2034 ita
1403 1979 1496 2048 sit,
1522 1996 1629 2035 nou
1661 1983 1824 2038 video
1850 2000 2099 2054 quaenam

2208 1963 2552 2034 ὑποκειμένῳ
2583 1964 2691 2016 τῶν
2717 1965 3018 2035 ἀμηχάνων
3041 1960 3184 2020 εἶναί
3214 1980 3372 2035 φασι.
3403 1963 3598 2018 Τούτου
3627 1960 3757 2017 δὀὔ-

522 2088 552 2126 a
586 2086 672 2124 me
703 2073 875 2140 possit
905 2072 1159 2125 machina
1204 2071 1480 2137 adhiberi,
1528 2090 1635 2145 qua
1672 2075 1888 2131 duabus
1938 2077 2103 2130 rebus

2208 2073 2312 2120 τως
2341 2055 2581 2126 ἔχοντος,
2615 2056 2716 2128 οὐχ
2751 2057 2862 2128 δρῶ
2901 2058 2986 2121 τίς
3015 2057 3082 2112 ἂν
3110 2059 3237 2128 ἐμοὶ
3258 2058 3471 2126 γένοιτο
3494 2059 3757 2128 μηχανὴ,ἢ

519 2165 700 2233 iisque
734 2164 966 2218 maxime
997 2166 1292 2220 contrariis
1318 2166 1494 2221 divisa
1527 2168 1846 2225 cautissime
1891 2171 2100 2240 possint

2209 2146 2545 2219 μεριζομένη
2571 2148 2707 2219 πρὸς
2739 2148 2835 2202 δύο
2866 2149 3280 2204 τάναντιώτατα
3305 2149 3594 2220 παρέχοιτο
3647 2149 3759 2219 δρᾷν

516 2255 748 2326 exsequi
783 2271 846 2311 ea
879 2273 1001 2326 quae
1031 2257 1280 2313 decrevi.
1326 2259 1463 2314 Nam
1501 2269 1560 2314 et
1597 2261 1694 2315 toti
1744 2263 1977 2332 publica:
2025 2265 2102 2319 rei

522 2364 693 2402 unum
752 2365 839 2405 me
893 2350 1228 2419 prospicere,
1278 2359 1336 2406 et
1385 2351 1453 2406 de
1506 2353 1786 2419 omnibus,
1832 2357 1926 2425 qui
1978 2357 2107 2412 huic

525 2443 760 2514 imperio
789 2443 1024 2514 subjecti
1065 2453 1213 2509 sunt,
1248 2446 1542 2501 sollicitum
1573 2463 1717 2514 esse,
1739 2464 1805 2504 ne
1846 2450 1978 2519 quid
2011 2451 2106 2506 de-

525 2537 774 2591 trimenti
811 2546 1020 2593 temere
1063 2539 1130 2592 ab
1161 2539 1414 2596 hostibus
1449 2540 1742 2611 accipiant,
1785 2543 1840 2599 id
1884 2546 2104 2614 quidem

521 2645 718 2684 omnes
747 2631 915 2684 trahit
951 2630 1017 2684 ad
1071 2645 1129 2685 se
1163 2631 1332 2685 animi
1373 2648 1594 2695 nervos,
1644 2650 1836 2690 omnes
1869 2636 2049 2690 Vindic
2073 2647 2109 2692 et

523 2725 886 2791 cogitationes
927 2734 983 2777 et
1009 2739 1194 2779 curas.
1241 2727 1311 2778 At
1343 2742 1439 2781 eos
1474 2727 1621 2796 ipsos
1649 2729 1772 2783 vita:
1806 2746 1939 2784 mea:
1975 2731 2108 2785 iusi-

525 2815 686 2876 diari,
719 2815 922 2884 quibus
967 2815 1219 2878 consulo,
1275 2815 1328 2870 id
1373 2832 1506 2872 vero
1556 2820 1942 2888 gravissimum
1979 2837 2106 2876 cum

527 2906 621 2970 sit,
672 2907 818 2976 cogit
853 2921 938 2960 me
969 2907 1117 2961 omni
1155 2907 1259 2962 alia
1293 2923 1426 2963 cura
1500 2911 1706 2981 abjecta
1768 2913 1862 2966 uni
1920 2917 2105 2984 provi-

527 2997 661 3052 dere
709 2997 870 3052 saluti
911 3013 1064 3063 meae,
1115 3008 1174 3053 et
1227 3013 1453 3069 quoquo
1511 3001 1676 3055 modo
1724 3018 1918 3072 parare
1973 3006 2108 3060 mihi

529 3090 904 3143 securitatem.
957 3090 1084 3161 Ejus
1119 3102 1300 3146 autem
1347 3092 1423 3146 rei
1447 3094 1890 3150 emendationem
1923 3098 2112 3150 ambo-

531 3183 637 3236 bus
679 3183 833 3237 vobis
887 3184 1209 3238 incumbere
1255 3185 1569 3253 Oportebat,
1619 3187 1666 3241 si
1718 3203 1840 3257 qua:
1889 3203 2178 3278 a’qunmc

529 3287 649 3328 erat
677 3288 740 3330 ca
776 3275 958 3330 facere
992 3275 1338 3341 voluissetis;
1382 3278 1562 3344 vobis,
1603 3278 1849 3347 inquam,
1883 3279 1947 3333 ad
1974 3297 2111 3348 quos

527 3382 595 3421 ea
637 3367 819 3422 omnis
855 3383 987 3422 cura
1040 3378 1272 3438 spectat,
1307 3385 1541 3439 quorum
1573 3385 1737 3424 omne
1777 3371 2022 3426 studium
2057 3375 2112 3427 in

532 3475 598 3510 (ιιι
621 3459 746 3528 poni
767 3459 946 3521 debet,
979 3468 1034 3513 ut
1053 3461 1350 3516 advertatis
1370 3477 1433 3515 ac
1453 3462 1760 3530 prtecidatis
1781 3463 2038 3532 quidquid
2061 3467 2111 3516 ιιι

537 3551 840 3620 imperium
886 3552 1050 3607 simul
1082 3562 1138 3607 et
1169 3551 1465 3607 Ecclesiam
1499 3554 1833 3608 succreverit
1859 3555 2120 3623 germinis

533 3645 684 3707 mali,
717 3660 826 3712 quo
857 3645 910 3698 in
945 3645 1063 3697 dies
1091 3654 1418 3714 augescente
1445 3645 1724 3714 corrumpi
1758 3647 1929 3716 possit
1953 3655 2115 3716 atque

531 3736 761 3789 omnino
786 3737 958 3790 deleri
999 3737 1288 3806 utriusque
1319 3739 1610 3806 pmestatis
1659 3739 1850 3792 robur.
1900 3741 1966 3793 At
1998 3756 2114 3805 vos,

530 3845 658 3884 cuto
717 3829 990 3899 improbis
1051 3829 1370 3882 hominibus
1421 3829 1559 3883 clam
1611 3840 1666 3885 et
1723 3831 1919 3885 crebro
1950 3833 2117 3886 collo-

530 3931 788 3992 quentes,
847 3936 1157 3989 eorumque
1203 3921 1412 3976 insanis
1466 3922 1674 3977 inducti
1737 3923 2113 3987 suasionibus,

532 4016 602 4069 iis
630 4014 772 4068 ultro
807 4013 1210 4076 assitnilamini,
1250 4013 1343 4082 qui
1380 4013 1604 4069 sinistra
1657 4030 1818 4070 manu
1864 4016 2108 4071 dextram

533 4116 824 4174 amputare
845 4103 1122 4159 studeant.
1153 4105 1281 4158 Jam-
1305 4121 1456 4168 vero,
1488 4106 1532 4160 si
1561 4108 1797 4160 animam
1852 4109 1984 4162 mihi
2020 4110 2113 4163 uni

531 4197 750 4268 eripere
780 4198 984 4251 vellent
1021 4196 1370 4252 insidiatores
1404 4198 1536 4266 mei,
1580 4215 1686 4254 nec
1736 4217 1930 4255 eorum
1968 4202 2117 4256 inso-

529 4294 866 4348 lentissimus
903 4292 1116 4362 gladius
1161 4308 1258 4362 per
1301 4293 1507 4348 amicos
1535 4309 1747 4357 omnes,
1769 4311 1866 4366 per
1896 4311 2113 4352 onmem

528 4385 756 4452 stirpem
787 4392 934 4437 esset
966 4398 1323 4452 pervasurus,
1369 4384 1647 4454 quiessem
1701 4399 1803 4455 ego
1858 4387 2113 4454 fortasse,

527 4476 758 4529 fortasse
794 4474 962 4528 etiam
1007 4490 1115 4527 non
1161 4473 1460 4543 quiessem;
1485 4473 1646 4545 593
1680 4476 1810 4531 Mihi
1839 4479 1983 4532 enim
2015 4497 2116 4535 uec

2206 2239 2463 2307 ἀσφαλῶς
2499 2239 2536 2294 ἀ
2575 2242 3057 2314 προκεχείρισμαι.
3089 2245 3163 2299 Τὸ
3194 2245 3295 2312 μὲν
3322 2247 3434 2316 γάρ
3457 2247 3563 2300 τῶν
3589 2245 3758 2299 κοινῶν

2209 2333 2913 2406 προνοεῖσθαιιπραγμάτων
2943 2337 3200 2394 ἁπάντων
3228 2337 3327 2392 ινα
3355 2355 3427 2409 με
3453 2338 3581 2394 δντα
3599 2339 3778 2404 αύτονη

2209 2425 2305 2475 καὶ
2345 2427 2561 2478 πάντων
2587 2427 2966 2497 ἐπιμελεῖσθαι
2989 2429 3101 2483 τῶν
3149 2430 3493 2485 ὑπεικόντων
3519 2435 3583 2502 τῇ
3631 2431 3762 2500 βασι·

2209 2514 2329 2586 λείᾳ
2351 2517 2658 2586 ἀνθρώπων
2700 2520 2776 2589 μὴ
2808 2521 3010 2592 ῥᾳδίως
3045 2524 3150 2578 ὑπὸ
3179 2524 3290 2577 τῶν
3342 2503 3614 2596 πολεμίων
3657 2526 3766 2595 βλάο

2210 2610 2465 2676 πτεσθαι,
2492 2613 2675 2665 πᾶσαν
2695 2613 2845 2667 ἕλκει
2872 2619 3007 2687 πρδς
3033 2619 3190 2673 ἑαυτὸ
3208 2620 3474 2684 διάνοιαν,
3493 2623 3585 2676 καὶ
3607 2622 3763 2674 πᾶσαν

2211 2701 2811 2772 λογισμῶνύποτάττει
2850 2709 3127 2776 φροντίδα·
3175 2711 3236 2765 τὸ
3262 2713 3513 2776 δἀῦτοῖς
3540 2713 3764 2774 ἐκείνοις,

2210 2795 2287 2850 ὧν
2328 2800 2726 2869 προνενόημαι,
2781 2801 3090 2866 ἐπιϐούλοις
3144 2805 3454 2874 κεχρῆσθαι
3499 2805 3636 2860 κατά
3685 2806 3766 2876 τῆς

2213 2894 2454 2963 ἐμαυτοῦ
2485 2895 2656 2964 ζωῆς,
2711 2896 2868 2951 τοῦτο
2899 2896 2955 2950 δὲ
3005 2897 3363 2968 παγχάλεπον
3396 2898 3457 2952 ὃν
3501 2899 3768 2967 ἀναγκάζει

2215 2987 2435 3040 πάντων
2465 2989 2782 3043 ἀποστάντα
2825 3007 2894 3060 με
2926 2991 3034 3044 τῶν
3057 2991 3234 3046 ἄλλων
3263 2994 3564 3062 φροντίδων
3621 2993 3768 3062 μόνης

2212 3079 2309 3148 τῆς
2363 3081 2602 3149 ἐμαυτοῦ
2653 3081 2800 3150 ζωῆς
2853 3085 3221 3153 προνοεῖσθαι,
3289 3089 3388 3142 καὶ
3445 3088 3544 3156 τὴν
3587 3086 3769 3139 οἰκείαν

2214 3173 2512 3240 ἀσφάλειαν
2537 3175 2804 3239 ἐκπαντὸς
2832 3177 3322 3247 πραγματεύεσθαι
3338 3182 3568 3248 τρόπου.
3595 3181 3769 3232 Τούτου

2217 3265 2273 3318 δὲ
2305 3268 2406 3337 τὴν
2433 3266 2722 3338 διόρθωσιν
2747 3269 2952 3339 ἀμφοῖν
2983 3270 3110 3341 ὑμῖν
3137 3273 3486 3342 ἀνηρτῆσθαι
3529 3273 3706 3344 ἐχρῆν,
3731 3274 3769 3324 εί

2213 3359 2282 3409 τὰ
2305 3357 2488 3410 δίκαια
2526 3357 2788 3428 πράττειν
2812 3360 3123 3428 ἐϐούλεσθε,
3154 3356 3236 3424 οἷς
3259 3365 3424 3434 χρέος
3475 3366 3620 3418 ἀπαν
3661 3365 3771 3431 ἀνῆ-

2215 3465 2348 3503 πται
2372 3451 2506 3502 πᾶσι.
2537 3451 2760 3521 τρόποις
2805 3453 3124 3522 ἐπείγεσθαι
3169 3455 3503 3526 ἀποτρέπειν
3533 3457 3621 3510 καὶ
3660 3459 3774 3508 ἀπο-

2219 3545 2464 3610 κόπτειν,
2499 3545 2604 3597 εἴτι
2636 3561 2740 3596 που
2763 3545 2902 3599 κατά
2946 3563 3004 3597 τε
3035 3547 3143 3599 τῶν
3191 3547 3291 3617 τῆς
3332 3547 3632 3619 βασιλείας,
3656 3546 3772 3613 ὁμοῦ

2216 3637 2445 3706 καὶτῆς
2500 3637 2833 3707 Ἐκκλησίας
2891 3639 3188 3707 ύποφύοιτο
3246 3641 3450 3704 κακίας
3486 3641 3774 3712 βλάστημα,

2216 3728 2245 3780 ὃ
2281 3729 2605 3798 λυμανεῖται
2641 3731 2936 3798 προϐαῖνον
2968 3734 3050 3794 είς
3076 3731 3308 3803 αὔξησιν
3360 3738 3459 3788 καὶ
3506 3737 3648 3791 ἇπαν
3689 3735 3774 3803 ἄρ-

2219 3819 2318 3889 δην
2345 3821 2570 3888 ἀφανιεῖ
2595 3821 2656 3871 τὸ
2688 3821 2890 3890 κράτος
2919 3822 3147 3892 ἀμφοῖν.
3187 3823 3379 3892 Ὑμεῖς
3412 3825 3470 3878 δὲ
3505 3825 3774 3896 μοχθηροῖς

2217 3909 2442 3980 ἀνδράσι
2479 3908 2656 3979 λάθρα
2687 3910 2782 3963 καὶ
2811 3911 2983 3980 συχνά
3025 3910 3522 3983 κοινολογούμενοι,
3564 3915 3652 3966 καὶ
3679 3912 3775 3967 τοῖς

2216 4001 2397 4054 αὐτῶν
2452 4002 2791 4072 παραλόγοις
2839 4002 3098 4074 ἑπόμενοι
3171 4003 3374 4070 λόγοις,
3445 4002 3775 4076 τῇάριστερᾷ

2219 4095 2363 4164 χειρὶ
2385 4095 2485 4164 τὴν
2522 4094 2705 4160 δεξιὰν
2762 4096 3100 4149 ἀποκόπτειν
3141 4097 3526 4167 ἐπειγομένοις
3583 4098 3775 4156 ἑκόντες

2221 4189 2466 4241 ἐοίκατε.
2503 4186 2737 4240 Ἔπειτα
2785 4189 2832 4239 εί
2875 4187 2975 4257 μὲν
3031 4187 3167 4257 ἐμοῦ
3225 4187 3324 4258 τὴν
3353 4188 3537 4260 ψυχὴν
3582 4188 3774 4256 ἐξάγειν

2217 4275 2315 4330 τοῦ
2361 4276 2615 4346 σώματος
2649 4278 2762 4340 τοῖς
2809 4277 3116 4343 ἐπιϐούλοις
3180 4274 3248 4350 ῆν
3300 4280 3438 4348 πρὸς
3491 4279 3777 4350 βουλήσεως

2226 4371 2412 4442 μόνου,
2433 4370 2528 4423 καὶ
2554 4369 2630 4440 μὴ
2650 4371 2790 4423 κατά
2819 4371 3018 4434 παντὸς
3041 4371 3260 4441 ἐχώρει,
3285 4373 3398 4427 τῶν
3417 4390 3477 4427 τε
3507 4373 3669 4442 φίλων
3697 4369 3778 4423 καὶ

2223 4463 2334 4517 τῶν
2361 4463 2620 4530 ἐκγόνων,
2647 4463 2822 4532 τὸτῆς
2847 4464 2998 4533 σφῶν
3028 4465 3301 4528 ἀναιδείας
3332 4466 3510 4536 ξίφος,
3534 4465 3660 4529 ίσως
3694 4465 3779 4532 μὲν

511 4567 670 4622 ‘istuc
697 4567 918 4620 videtur
962 4565 1190 4618 omnino
1247 4565 1602 4633 permissum,
1640 4575 1700 4618 ut
1725 4567 1966 4620 animam
2006 4583 2106 4620 no-

2215 4560 2416 4627 ἐσίγων
2439 4557 2505 4611 ἂν
2529 4556 2656 4620 ίσως
2675 4555 2720 4609 δ’
2741 4555 2825 4610 ού.
2853 4557 2926 4608 Οὐ
2949 4555 3058 4626 γὰρ
3077 4557 3220 4610 πάνυ
3251 4575 3342 4627 μοι
3364 4557 3617 4627 φαίνεται
3644 4561 3780 4624 θεμι-

523 4671 716 4724 stram,
771 4658 929 4728 cujus
963 4667 1053 4711 est
1099 4654 1358 4709 dominus
1407 4657 1566 4719 alter,
1621 4657 1938 4725 depositarii
1971 4675 2105 4714 vero

524 4767 626 4806 nos
673 4764 884 4807 sumus.
921 4748 1217 4814 prodamus
1251 4748 1400 4800 ultro
1451 4756 1508 4801 et
1559 4751 1902 4810 deseramus.
1953 4763 2108 4808 autc-

523 4857 689 4912 quam
715 4833 1037 4894 libera'verit
1075 4839 1142 4902 is,
1176 4837 1271 4908 qui
1314 4837 1576 4894 dominus
1603 4849 1713 4896 est.
1754 4840 1850 4896 Sin
1889 4843 1992 4898 hoc
2044 4846 2108 4901 li-

522 4943 633 4997 cet,
668 4931 898 5000 prodeat
929 4929 1131 4998 aliquis
1153 4929 1464 4998 doceatque
1492 4945 1600 4991 tne.
1630 4947 1730 4985 cur
1779 4931 1907 4987 olim
1951 4935 2102 5002 judi-

521 5037 617 5076 ccs
651 5020 1045 5089 sapientissimi
1085 5020 1363 5074 voluerint
1391 5037 1487 5076 eos
1525 5023 1719 5092 projici
1775 5024 2102 5095 insepultos,

521 5114 616 5184 qui
647 5129 799 5168 suam
829 5113 882 5166 in
914 5128 972 5166 se
999 5113 1152 5182 ipsos
1176 5111 1421 5167 dextram
1453 5120 1838 5170 armavissent.
1865 5116 2104 5173 Perinde

2206 4656 2298 4709 τὸν
2316 4654 2437 4708 οῦδέ
2462 4653 2640 4717 τοῦτο,
2669 4653 2974 4724 προδιδόναι
2995 4653 3094 4723 τὴν
3119 4651 3310 4706 ἐαυτοῦ
3350 4669 3436 4714 τις
3467 4651 3684 4718 ἐκὼνγε
3717 4643 3782 4700 εί.

2211 4766 2300 4803 ναι
2323 4745 2697 4819 ψυχῆν,ἄλλου
2730 4744 2918 4815 κτῆμα
2949 4745 3043 4797 καὶ
3074 4745 3544 4816 παρακαταθήκην
3562 4742 3644 4814 [Ρ.
3670 4736 3780 4808 368]

2210 4837 2377 4894 οὖσαν
2417 4840 2550 4907 πρὶν
2598 4836 2736 4909 πρὸς
2775 4834 2868 4890 τοῦ
2911 4835 3174 4889 δεσπότου
3203 4835 3461 4898 γενέσθαι
3505 4837 3604 4906 τὴν
3627 4832 3779 4886 λύσιν.

2212 4935 2275 4986 Εἰ
2300 4933 2344 4986 δ’
2375 4931 2490 4995 οῦν,
2522 4931 2793 5001 φρασάτω
2821 4945 2906 4992 τις
2941 4930 3066 4998 ἐμοὶ
3109 4927 3422 4998 παρελθὼν,
3477 4927 3604 4980 ὅτου
3634 4926 3776 4995 χάριν

2213 5026 2456 5095 ἀτάφους
2484 5024 2596 5080 τῶν
2625 5022 2796 5076 πάλαι
2829 5021 3107 5076 δικαστῶν
3134 5023 3185 5074 oi
3225 5021 3531 5092 σοφώτεροι
3582 5016 3776 5090 (lima?-

2207 5118 2333 5172 σθαι
2387 5115 2878 5188 κατεψηφίσαντο,
2938 5108 3015 5168 ὧν
3070 5116 3129 5169 αἱ
3181 5115 3364 5186 χεῖρες
3423 5113 3552 5168 καθ’
3589 5107 3777 5165 ἑαυτῶν

522 5206 670 5260 enim
723 5203 858 5257 illud
904 5203 1126 5257 videtur
1152 5202 1293 5257 ‘esse
1333 5204 1763 5274 quodammodo,
1795 5222 1860 5262 ac
1892 5209 2104 5277 si-quis

2208 5207 2656 5281 ἐστρατεύσαντο.
2687 5205 2915 5277 Ὅμοιον
2941 5207 3050 5276 γὰρ
3065 5201 3206 5259 εῐναί
3229 5223 3345 5268 πως
3371 5204 3604 5260 δοκεῖτὸ
3628 5195 3781 5254 τοιοῦ-

524 5295 816 5368 peregrino
846 5297 964 5349 solo
1004 5311 1263 5365 egressus
1311 5297 1554 5350 alienum
1590 5299 1929 5369 mancipium
1978 5303 2102 5354 vin-

2200 5320 2316 5364 τον,
2349 5301 2536 5368 ὥσπερ
2568 5299 2636 5354 ἂν
2674 5299 2726 5352 εί
2752 5316 2836 5361 τις
2881 5297 2941 5363 ἐξ
2995 5297 3302 5368 ἀλλοδαπῆς
3359 5297 3455 5351 ἰὼν
3509 5294 3668 5350 ἄλλου
3703 5289 3781 5341 δε·

520 5389 663 5443 eulis
705 5388 982 5452 eduxerit,
1013 5400 1069 5442 et
1102 5389 1388 5459 fugitivum
1441 5389 1598 5443 abire
1643 5391 1890 5460 jusserit.
1945 5393 2102 5458 Quod

2208 5393 2435 5466 σμώτην
2463 5394 2743 5464 δραπέτην
2801 5394 3120 5462 ἐργάσαιτο.
3154 5391 3217 5444 El
3262 5391 3320 5444 δέ
3357 5390 3496 5460 πρὸς
3549 5387 3779 5444 ἅπαντας

521 5482 566 5536 si
590 5481 658 5535 ad
695 5496 888 5535 onmcs
918 5482 1123 5551 pariter
1154 5483 1435 5550 pertinent
1468 5493 1524 5536 et
1551 5483 1762 5538 insidiae
1790 5485 2094 5540 scelerato-

523 5589 646 5628 rqu
701 5574 1010 5639 hominum,
1042 5583 1096 5628 et
1135 5575 1435 5642 periculum
1478 5592 1682 5642 meum,
1717 5576 1944 5630 insania:
1987 5580 2097 5632 cri-

2202 5489 2371 5560 ἄρδην
2394 5487 2595 5558 ὁμοίως
2620 5485 2890 5540 διαϐαίνοι
2940 5486 3013 5540 τά
3057 5502 3118 5538 τε
3182 5485 3283 5556 τῆς
3337 5481 3632 5550 ἐπιϐουλῆς
3681 5476 3778 5529 τῶν

2207 5579 2500 5650 μοχθηρῶν
2529 5576 2743 5632 καὶτοῦ
2792 5594 2855 5649 γε
2891 5577 3142 5631 κινδύνου
3196 5574 3427 5644 τούμοῦ,
3473 5572 3667 5645 μανίας
3691 5566 3779 5623 οὐκ

1877 5719 2211 5783 \‘ariorum
2249 5729 2435 5784 noue.

599 5837 712 5907 (3'2)
750 5836 1048 5897 (Iautacuz.
1091 5839 1186 5893 lib.
1225 5856 1301 5909 ut,
1336 5858 1461 5912 cap.
1500 5841 1550 5896 ὃ.
1582 5843 1822 5897 υυεικο.
