3796 6576
113 359 201 424 sts
444 346 522 420 [λε
557 363 608 402 c-
659 343 817 416 13H}
1070 349 1204 408 BY'I.
1227 346 1514 409 xN'rINE
1557 349 1604 408 tt

1818 346 1941 406 UE
1985 346 2123 409 LIB.
2172 345 2313 409 Xll.
2467 347 2598 414 lum.
2640 357 2685 396 ι.
2729 356 2964 400 mutam"
3013 344 3066 429 il
3208 343 3317 408 806

123 471 458 540 ἀνελεύθερον
493 473 547 531 ἐς
581 467 732 530 τέλος
759 468 844 536 εἴη
870 465 928 518 τι
959 469 1138 538 σιγᾷν.
1172 469 1231 518 Εἰ
1283 467 1326 519 δ’
1349 466 1622 536 ἀκίϐδηλα

1818 482 1868 520 :n
1901 467 2044 520 haud
2096 468 2410 537 ell‘ugerim,
2455 469 2500 522 si
2550 477 2815 536 perpetuo
2860 465 3072 519 suleam.
3101 467 3155 519 Si
3189 482 3317 520 vero

113 572 192 644 μὲν
217 565 355 634 ὑμῶν
404 563 434 631 ἡ
477 561 737 631 πρόθεσις
774 560 897 629 ἐμοὶ
935 562 1229 630 τετήρηται
1292 561 1457 630 μέχρι
1515 559 1611 612 νῦν

1819 559 2082 612 Inulatcm
2106 575 2233 629 erga
2263 574 2348 612 me
2380 560 2650 613 sinceram
2683 559 2965 625 hucusque
2991 557 3318 621 retinuistis,

116 654 418 727 ὑπισχνεῖσθε
446 653 490 706 δ’
515 652 597 706 ἔτι
632 653 724 706 καὶ
753 652 851 723 τὴν
879 651 1075 722 ἐφεξῆς
1104 652 1441 724 συντήρησιν
1468 651 1615 720 αὺτῆ

1821 664 1977 717 mque
2021 649 2350 718 pollicemini
2383 656 2659 703 servatum
2693 647 2757 701 iri
2803 663 2833 700 a
2863 645 3019 700 vobis
3048 646 3100 698 in
3134 657 3320 715 poste.-

114 755 160 809 τὸ
187 748 428 818 παράπαν
455 744 806 812 διαφυλάξειν
854 743 1051 807 κακίας
1079 745 1263 814 πάσης
1318 743 1613 812 ἀμέθεκτον

1824 755 1866 791 tu
1919 749 2200 808 expertem
2250 739 2432 793 omnis
2473 739 2846 805 malignitatis,
2881 739 3225 806 alienamque
3255 738 3323 791 ab

117 844 189 898 καὶ
212 839 302 892 ὅσα
329 839 464 890 κατὰ
511 835 613 903 τῆς
659 833 802 903 ἐμῆς
865 835 1076 904 ὁμοίως
1135 834 1386 904 μαίνεται
1441 832 1616 902 ψυχῆς

1825 831 1893 884 mi
1935 831 2239 894 molitione,
2277 846 2399 900 qua:
2427 832 2500 885 sit
2537 832 2697 885 saluti
2741 846 2874 885 mea:
2903 831 3118 895 infesta,
3165 847 3324 900 para—

121 935 297 998 ἐτοιμος
323 922 476 988 αὖθις
509 923 620 992 ἐγὼ
643 925 745 994 τήν
773 941 832 976 τε
868 923 1147 996 ὑμετέραν
1184 924 1311 992 ἀρτι
1368 925 1620 994 περαίνει

1821 939 1838 978 s
1868 923 2048 978 denuo
2082 940 2184 995 ego
2223 940 2340 979 smn
2375 935 2566 979 vestra:
2598 926 2878 994 petitionis
2923 925 3187 979 rationem
3210 925 3320 994 jam

122 1024 282 1089 δέησιν,
325 1017 416 1070 καὶ
441 1015 578 1086 ὁμοῦ
617 1015 719 1078 τάς
746 1014 839 1068 τοῦ
893 1015 1199 1084 μακαρίτου
1225 1013 1488 1084 βασιλέως
1521 1031 1621 1082 περ

1829 1031 1894 1068 uc
1943 1015 2166 1078 habere,
2220 1017 2496 1084 simulque
2550 1001 2951 1082 mandatorum,
3000 1030 3121 1085 qua:
3168 1017 3327 1068 divus

123 1114 197 1180 τῆς
243 1108 338 1160 τῶν
396 1107 594 1159 κοινῶν
657 1107 1001 1176 πραγμάτων
1050 1107 1360 1175 ἐπιτροπῆς
1429 1122 1488 1157 τε
1552 1122 1622 1155 κα

1828 1117 2048 1176 peralor
2099 1109 2166 1163 de
2201 1109 2416 1176 imperii
2455 1109 2619 1179 hujus
2667 1108 2836 1162 tutela
2867 1117 2923 1162 et
2968 1109 3326 1162 administra-

121 1202 388 1272 διοικήσεως
424 1199 676 1264 ἐντολάς.
713 1199 886 1254 Τοῦτο
931 1200 978 1253 δ’
1031 1199 1130 1252 οὑκ
1177 1198 1354 1261 ἄλλως
1405 1198 1617 1266 ἀναμφι

1829 1214 1898 1254 ne
1932 1200 2171 1268 scripsit.
2211 1198 2268 1253 ld
2304 1210 2486 1264 autem
2523 1199 2683 1254 nobis
2728 1199 2987 1254 omnibus
3027 1216 3134 1254 non
3170 1201 3328 1254 aliter

123 1297 340 1364 σὸήτητον
363 1292 428 1347 ἂν
455 1293 670 1361 γένοιτο
697 1295 862 1346 πᾶσιν
898 1293 1054 1363 ἡμῖν,
1104 1292 1234 1360 πρὶν
1271 1290 1492 1360 ἔνορκον
1518 1291 1622 1359 ημῖπ

1838 1288 1946 1344 bile
1978 1299 2029 1344 et
2074 1298 2282 1343 certum
2334 1289 2524 1354 fuerit,
2583 1289 2687 1345 nisi
2737 1289 3101 1361 jurejurando
3150 1292 3329 1360 pactio

121 1389 194 1456 τὴν
215 1385 491 1454 ὑπόσχεσιν
547 1384 920 1454 καταστῆσαι,
959 1383 1102 1437 καθά
1126 1381 1370 1452 πολλαχῆ
1399 1382 1491 1434 καὶ
1521 1381 1620 1433 πολ

1827 1391 1964 1434 mata
2019 1381 2112 1446 sit,
2164 1381 2624 1451 quemadmodum
2666 1382 2866 1449 passim
2905 1391 2962 1436 et
3009 1397 3150 1450 saepe
3213 1380 3326 1435 ticri

117 1479 244 1538 λάκις
281 1477 337 1529 ἐν
377 1476 497 1538 ταῖς
545 1475 656 1528 τῶν
685 1473 1042 1546 ἀνθρωπίνων
1095 1472 1434 1543 πραγμάτων
1487 1472 1616 1540 ἀμφι

1837 1483 1892 1526 et
1921 1472 1973 1526 in
2001 1473 2495 1544 disceptationibus
2511 1491 2692 1528 rerum
2715 1474 3177 1544 quotidianarum.
3200 1473 3331 1526 Per-

121 1567 398 1638 σσητήσεσιν
427 1564 585 1620 εἴωθε
615 1567 879 1633 γίνεσθαι.
908 1563 1082 1618 Τοῦτο
1111 1565 1222 1636 γάρ
1251 1565 1374 1636 ἐμοὶ⁸
1409 1562 1620 1634 καταψύ

1831 1565 1963 1634 ;ium
1998 1565 2144 1620 enim
2178 1565 2311 1619 illud
2349 1575 2524 1620 tutum
2560 1567 2690 1620 mihi
2727 1566 2942 1620 videtur
2974 1565 3026 1619 in
3054 1563 3330 1635 prmscnti,

122 1678 212 1730 γιον
247 1658 480 1726 ἀσφαλὲς
520 1659 577 1711 ἐν
614 1659 694 1728 τῷ
727 1659 958 1729 παρόντι
1013 1657 1178 1723 δοκεῖ,
1255 1657 1621 1726 καταστορέσα

1832 1674 2012 1728 :mque
2040 1673 2136 1728 par
2153 1657 2411 1712 omnibus
2434 1658 2601 1712 animi
2633 1659 2735 1712 mei
2761 1657 3190 1728 suspicionibus,
3212 1675 3331 1712 om-

115 1753 367 1822 δυνάμενον
400 1751 584 1804 πᾶσαν
614 1750 751 1821 ἐμῆς
785 1750 965 1821 ψυχῆς
991 1749 1228 1820 ὑποψίαν
1251 1749 1348 1803 καὶ
1379 1748 1614 1818 λογισμιῖ

1832 1766 1922 1805 ιιιε
1955 1765 2214 1806 curarum
2255 1749 2516 1806 ﬂuetibus
2551 1751 2998 1821 comprimendis.
3045 1751 3250 1821 Nempe
3274 1761 3331 1805 et

119 1815 388 1918 τρικὺμίαν.
423 1815 830 1915 Εῐναιγάρκαὶ
855 1815 1090 1914 βοτάνην
1104 1815 1498 1912 ίΛσκληπιάδαι
1521 1815 1618 1911 (ραι

1830 1843 1982 1898 rbam
2012 1851 2284 1898 testantur
2311 1843 2507 1898 medici
2539 1851 2756 1898 exstare
2794 1843 2941 1914 lupis
2966 1843 3326 1904 mortiferam.

119 1941 206 1999 τοῖς
231 1935 402 1998 λύκοις
438 1935 767 2005 θανάσιμον,
803 1935 894 2005 ὑφ’
926 1934 992 2006 ἢν
1022 1936 1143 1999 ταῖς
1193 1933 1433 1998 ἀλώπεξι
1464 1950 1618 2004 προσι

1828 1937 1857 1991 b
1903 1952 2010 2006 qua
2048 1935 2354 2004 vulpeculis
2415 1944 2534 1990 tuto
2584 1935 2741 1990 liceat
2797 1935 3224 1990 obdormiscere.
3273 1934 3327 1990 Si

110 2029 272 2090 υύσαις
321 2025 544 2094 ἀψόῦως
605 2025 887 2079 καθεύδειν
953 2025 1255 2096 περίεστιν.
1288 2014 1294 2021 ’
1332 2024 1396 2077 Ei
1427 2019 1520 2077 οὖν
1560 2041 1609 2076 κς

1835 2037 1922 2082 tur
1953 2037 2009 2084 et
2044 2029 2218 2082 brutis
2254 2027 2624 2083 animantibus
2663 2027 2831 2099 594
2871 2026 2986 2098 ipsa
3029 2030 3327 2083 necessitas

119 2123 205 2181 τοῖς
239 2118 445 2185 ἀλόγοις
469 2107 782 2188 εὐμήχανον
818 2134 935 2180 πως
956 2117 990 2187 ἠ
1045 2116 1257 2186 ἀνάγκη
1305 2115 1443 2186 πρὸς
1483 2132 1618 2184 σωτη

1836 2121 2020 2175 asdam
2050 2120 2245 2174 salutis
2274 2120 2488 2175 tuenda:
2520 2129 2668 2175 artes
2697 2119 2963 2190 suggerit,
2991 2131 3197 2191 quanto
3229 2135 3332 2176 nos

119 2213 216 2281 ρίαν
251 2211 475 2276 γίνεται,
514 2211 737 2276 ἄμεινον
774 2210 946 2282 δήπου
977 2212 1090 2274 τοῖς
1126 2209 1269 2280 λόγῳ
1290 2210 1384 2262 καὶ
1417 2206 1492 2278 νῷ
1519 2225 1618 2277 συμ

1836 2213 1951 2284 tgis,
1975 2207 2068 2282 qui
2103 2213 2314 2267 ratione
2339 2213 2612 2284 insitaque
2654 2212 3012 2282 intelligentia
3047 2212 3335 2282 pollemus,

118 2305 221 2374 φυεῖ
247 2303 604 2374 κεχρημένοις
643 2305 772 2374 ἡμῖν
812 2305 870 2357 ἐν
907 2305 1019 2366 τοῖς
1059 2301 1428 2365 ἐπικινδύνοις
1478 2301 1617 2370 πρά]

1840 2308 2038 2362 stulare
2064 2322 2282 2377 aequum
2315 2315 2422 2371 est,
2458 2306 2628 2361 rebus
2657 2305 2843 2360 dubiis
2870 2319 2935 2360 ac
2974 2305 3245 2376 suspectis
3278 2311 3339 2359 ut

112 2413 250 2466 μασιν
276 2396 477 2464 ίγγύας
509 2397 784 2458 ἀπαιτεῖν,
838 2396 1038 2449 ὁπόσαι
1075 2395 1212 2467 πρὸς
1247 2395 1346 2463 τὴν
1381 2394 1449 2447 δι’
1479 2395 1611 2464 ὅρκιε

1840 2399 1920 2454 bis
1948 2409 2208 2454 caveatur
2231 2398 2298 2453 iis
2325 2397 2585 2476 omnibus
2607 2397 2985 2461 cautionibus,
3026 2411 3147 2468 qua
3175 2396 3339 2452 ﬁdem

117 2487 488 2556 καταφεύγουσι
528 2487 820 2544 πίστωσιν.
872 2485 1247 2557 Ἀμειψαίμην
1275 2484 1320 2538 δ’
1351 2483 1419 2537 ἂν
1440 2485 1535 2539 καὶ
1571 2501 1616 2537 αι

1841 2492 2116 2562 'ejurando
2145 2493 2422 2546 sanciunt.
2459 2491 2712 2546 Referam
2763 2501 2948 2545 autem
2999 2491 3156 2545 vobis
3185 2489 3340 2560 paria

115 2581 186 2642 τδς
210 2581 343 2650 ὑμᾶς
366 2583 477 2644 τοῖς
501 2578 930 2650 παραπλησίοις,
959 2579 1007 2631 εί
1030 2578 1105 2649 μὴ
1126 2579 1286 2632 ἱκανά
1313 2576 1448 2648 πρὸς
1475 2579 1614 2645 tio-sd

1847 2587 1982 2655 ipse,
2035 2585 2081 2639 si
2122 2585 2413 2655 praeterita:
2454 2598 2542 2637 res
2571 2583 2638 2636 ad
2684 2581 2809 2636 ﬁdei
2860 2582 3337 2637 conﬁrmationem

117 2673 237 2724 λειαν
284 2671 519 2734 πίστεως
561 2671 630 2723 τά
683 2673 1124 2741 προῦπηργμένα
1156 2671 1362 2742 δοκοίη.
1403 2670 1492 2724 Ἐν
1549 2671 1616 2738 γά

1846 2696 1871 2734 n
1898 2680 2034 2734 satis
2058 2695 2180 2734 esse
2214 2680 2521 2744 videantur.
2552 2675 2717 2734 Certe
2743 2692 2866 2731 cum
2893 2692 3060 2746 penes
3087 2692 3173 2729 me
3193 2683 3345 2730 esset

113 2763 302 2833 ἐξουσίᾳ
337 2763 640 2830 γενόμενος
663 2761 758 2814 τοῦ
820 2765 919 2832 τῆς
962 2762 1395 2834 αὐτοκρατορίας
1428 2767 1612 2834 cepto:

1847 2772 2132 2841 peratoria:
2164 2770 2452 2840 potestatis
2485 2770 2714 2824 induere
2741 2767 2998 2838 insignia,
3031 2777 3340 2822 extremum

119 2856 279 2908 λέσθαι
311 2857 370 2909 τι
406 2856 618 2927 σχῆμα,
661 2854 799 2925 πρὸς
849 2856 1080 2924 ἐσχάτας
1117 2851 1222 2928 ’ἥδη
1277 2855 1372 2909 τοῦ
1401 2857 1618 2927 βασιλέα

1856 2875 2022 2918 τιιιιηι
2076 2863 2187 2933 jam
2227 2863 2517 2917 exhalante
2573 2861 2924 2931 imperatore,
2967 2869 3079 2913 tum
3137 2856 3349 2912 scilicet

114 2950 238 3013 ὑντος
268 2948 455 3014 πνοὰς,
487 2948 578 3002 δτε
617 2949 710 3000 καὶ
756 2946 854 3000 σῦν
882 2949 996 3012 τοῖς
1046 2947 1200 3002 δυσὶν
1249 2948 1423 3001 υἱέσιν
1455 2949 1613 3000 ἐκείνη

1850 2971 1891 3008 ιη
1935 2955 2219 3024 palatium.
2276 2955 2329 3008 in
2362 2969 2472 3024 quo
2505 2969 2629 3006 cum
2672 2953 2890 3007 duobus
2935 2949 3180 3005 defuncti
3221 2947 3349 3002 illiis

117 3042 204 3094 τῶν
257 3040 551 3112 βασιλείων
607 3039 757 3093 ἔνδον
820 3039 984 3103 αὑτὸς
1038 3039 1333 3110 γενόμενος
1402 3057 1609 3111 φρουρα

1852 3049 2054 3111 rsabar,
2087 3047 2343 3118 ptaasidio
2379 3047 2690 3101 muniebam
2725 3044 2974 3108 militari,
3003 3042 3220 3097 nemine
3248 3039 3351 3094 ob-

119 3136 510 3206 στρατιωτικαῖς
563 3133 959 3204 ἠσφαλισάμην
1015 3132 1176 3198 αὑτὰ,
1237 3133 1466 3205 μηδενὸς
1517 3135 1611 3186 ἀντ

1852 3150 2018 3200 lente,
2047 3139 2304 3193 omnibus
2336 3146 2482 3192 metu
2522 3137 2828 3206 prostratis,
2867 3151 2973 3188 non
3028 3134 3172 3188 idem
3215 3129 3351 3186 mihi

119 3230 446 3298 πράττοντος,
489 3225 629 3278 ἀλλά
658 3225 879 3278 πάντων
909 3225 1304 3294 ὑπεπτηχότων
1335 3225 1412 3297 τῷ
1447 3225 1578 3290 δέει,
1605 3243 1618 3277 ι

1855 3230 1971 3284 'idit
2003 3241 2168 3298 atque
2203 3231 2334 3293 illis,
2369 3229 2460 3300 qui
2496 3232 2551 3284 in
2595 3232 2914 3284 thesaurum
2965 3227 3208 3296 aliquem
3265 3225 3354 3278 in.

116 3317 281 3370 ταυτὸν
307 3315 556 3370 πέπονθα
581 3318 694 3380 τοῖς
716 3314 848 3386 παρ’
875 3314 1032 3380 ἀξίαν
1079 3317 1362 3386 ἐντυχοῦσί
1393 3335 1499 3370 τινι
1569 3319 1615 3370 θι

1867 3332 1962 3376 unt
2017 3321 2241 3376 minimo
2269 3321 2446 3391 digni,
2499 3331 2554 3375 et
2607 3337 2770 3374 tnamt
2831 3316 3064 3389 utraque
3113 3315 3354 3386 gestiunt

119 3410 418 3480 σαυρῴ,ικαὶ
439 3409 785 3479 ἀμφοτέραις
818 3408 876 3460 τι
905 3409 1004 3481 τῆς
1029 3407 1209 3478 ψυχῆς
1256 3409 1610 3480 ἀναπιμπλὰν

1856 3416 2052 3469 lentem
2089 3415 2254 3467 animi
2292 3413 2581 3467 libidinem
2613 3413 2880 3482 ettplere;
2935 3409 3030 3464 sed
3073 3424 3157 3462 me
3209 3407 3355 3462 intra

115 3501 192 3552 τοῦ
223 3503 415 3571 ἔρωτος
486 3501 711 3572 φίλτρον
747 3501 1146 3571 ἐπειγομένοις
1183 3500 1299 3554 ἀλλ’
1338 3503 1528 3572 ἔμεινα
1565 3523 1614 3555 τι

1862 3505 1988 3559 slini
2045 3505 2279 3559 instituti
2332 3504 2538 3557 limites
2575 3503 2848 3558 continui.
2884 3504 2952 3556 At
3009 3499 3254 3571 potentia
3300 3506 3358 3552 et

117 3594 197 3663 τῆς
222 3595 452 3664 ἐξαρχῆς
495 3594 813 3666 προθέσεως
852 3597 994 3666 ὅρων
1046 3596 1216 3656 ἐντός.
1267 3597 1452 3667 Πολλῷ
1502 3597 1555 3650 δὲ
1583 3599 1608 3650 δ

1860 3614 1908 3652 es
1947 3607 2000 3650 et
2035 3614 2155 3667 (μω
2185 3596 2266 3650 sui
2305 3595 2449 3666 juris
2483 3606 2567 3651 est
2597 3597 2847 3660 libertas,
2873 3609 2978 3663 qua
3011 3592 3136 3663 quis
3172 3599 3359 3646 mente

120 3702 207 3737 που
235 3687 569 3757 σαφέστερον
604 3687 830 3750 ἐξουσία
860 3689 953 3740 καὶ
987 3687 1215 3750 πλοῦτος
1247 3690 1336 3741 καὶ
1377 3690 1619 3760 αύτόιιομι

1873 3690 2152 3744 declarant
2184 3690 2354 3743 multo
2389 3689 2614 3751 certius,
2663 3705 2824 3758 quam
2867 3688 3026 3755 inops
3057 3694 3112 3740 et
3144 3683 3357 3738 manci—

118 3776 320 3846 δύναμις
368 3778 605 3848 γνώμην
656 3777 947 3850 ἀνθρώπου
982 3779 1255 3849 δηλοῦσιν,
1308 3781 1535 3850 ἢπενία
1587 3803 1617 3836 κ

1862 3793 1901 3837 La
1939 3783 2094 3836 alteri
2127 3783 2256 3837 vita.
2302 3781 2674 3847 Quorumdam
2703 3781 2850 3834 enim
2898 3793 3076 3832 mores
3121 3775 3361 3846 necessi-

120 3869 407 3936 ὑπεξούσιος
439 3872 653 3925 δίαιτα.
682 3872 770 3942 Τῷ
793 3872 901 3941 γὰρ
933 3872 1169 3943 ἀκουσίῳ
1196 3872 1382 3942 βιαίως
1422 3874 1578 3926 ἐνίων
1613 3893 1619 3902 ι

1863 3891 1890 3928 c
1920 3884 2176 3942 tanquam
2212 3873 2264 3926 vi
2301 3875 2582 3943 tyrannica
2619 3871 2865 3943 Oppressi
2910 3871 3142 3923 aliorum
3182 3868 3362 3921 homi-

125 3961 214 4032 ᾕθη
264 3964 682 4034 τυραννώμενα
730 3963 986 4016 λανθάνει
1043 3965 1129 4016 διὰ
1173 3964 1382 4034 μακροῦ
1445 3968 1540 4028 τὰς
1575 3966 1624 4018 τί

1865 3984 1912 4019 m
1947 3967 2263 4036 opinionem
2297 3968 2376 4019 sic
2409 3964 2630 4029 fallunt,
2668 3975 2726 4018 ut
2752 3963 2844 4018 ditt
2890 3961 3238 4016 mendacium
3270 3973 3362 4012 vc-

119 4052 288 4117 ἔξωθεν
344 4055 432 4128 [Ρ.
463 4053 590 4127 569]
623 4057 829 4122 κρί;εις
874 4057 973 4126 τῆς
1034 4056 1288 4127 ἀληθείας
1339 4057 1618 4127 καταψευδι

1863 4060 1932 4113 ati
1976 4059 2286 4129 prmvaleat.
2314 4057 2431 4112 Una
2478 4059 2645 4126 igitur
2695 4072 2784 4111 res
2824 4055 2942 4110 htrc
2975 4063 3098 4124 post
3131 4064 3362 4107 mortem

122 4149 360 4213 μενα.“Εν
381 4149 486 4217 μὲν
505 4145 597 4201 οὖν
619 4149 795 4201 ἐκεῖνο
824 4149 962 4218 μετὰ
987 4147 1084 4218 τὴν
1103 4148 1194 4201 τοῦ
1219 4149 1480 4219 βασιλέως
1502 4149 1618 4203 τελε

1868 4150 2136 4222 pcratoris
2156 4159 2212 4205 et
2240 4165 2415 4204 meam
2442 4149 2812 4219 integritatem
2833 4147 2966 4202 satis
2993 4146 3365 4210 commendat,

119 4237 200 4308 τὴν
219 4240 311 4308 τῆς
332 4242 478 4311 ἐμῆς
497 4241 868 4312 καθαρότητος
892 4244 1320 4310 παραστατικὸν,
1344 4245 1436 4295 καὶ
1457 4242 1568 4312 ἅμα
1587 4262 1613 4292 τ

1869 4259 1966 4299 vos
1997 4244 2195 4298 liberat
2230 4252 2400 4306 metu,
2429 4241 2577 4312 quod
2629 4240 2775 4294 facili
2812 4240 2999 4295 labore
3033 4248 3365 4310 potestatem

121 4331 252 4399 ὑμῶν
296 4333 504 4394 δειλίας
547 4333 917 4404 ἀναιρετικὴν,
956 4334 1038 4386 ὅτι
1064 4335 1238 4403 παρδν
1272 4339 1332 4386 ἐκ
1365 4335 1459 4387 τοῦ
1484 4335 1618 4405 ρᾲττ

1871 4337 1926 4390 hi
1955 4335 2364 4406 imperatoriam
2392 4349 2650 4402 arrogare
2677 4349 2802 4388 cum
2836 4348 3080 4402 possem,
3112 4347 3212 4386 nec
3261 4333 3369 4386 tale

120 4422 170 4473 τὸ
213 4424 490 4491 βασίλειον
521 4424 932 4494 περιζώσασοαι
967 4424 1200 4496 κράτος,
1245 4424 1372 4478 οὔτε
1413 4428 1619 4502 ,πέπρας

1869 4427 1987 4482 misi
2029 4427 2330 4497 quidquam
2377 4441 2478 4479 nec
2527 4423 2784 4493 cogitavi,
2823 4423 2916 4477 sed
2961 4422 3188 4477 omnino
3223 4423 3368 4476 intra

118 4513 342 4568 τοιοῦτον
403 4517 605 4580 οὐδὲν,
661 4515 785 4569 οὔτε
843 4516 1246 4587 βεϐούλευμαι,
1323 4517 1441 4570 ἀλλ’
1491 4518 1617 4587 Ξμει

1871 4519 1953 4574 icii
1999 4519 2250 4574 consueti
2302 4516 2500 4572 limites
2549 4516 2870 4586 inrorrupta
2914 4515 3082 4570 animi
3116 4513 3370 4568 modera-

121 4606 331 4675 πάμπαν
391 4610 506 4661 τῶν
552 4608 695 4678 ὅρων
746 4608 846 4678 τῆς
899 4608 1218 4680 εἰθισμένης
1269 4605 1471 4676 τάξεως
1512 4611 1620 4664 ἐνδι

1876 4627 1942 4668 ne
1998 4613 2147 4666 steti.
2187 4609 2518 4665 Placendum
2551 4609 2697 4664 enim
2745 4608 2932 4678 putavi
2978 4622 3086 4660 non
3134 4617 3243 4661 tam
3277 4607 3375 4660 lto-

120 4699 375 4768 ἀκήρατον
427 4700 718 4770 συντηρῶν
778 4700 838 4752 τὸ
903 4700 1136 4770 φρονοῦν
1189 4705 1286 4772 τῆς
1343 4703 1546 4773 ψυχῆς.
1612 4714 1619 4751 1

1873 4705 2035 4759 nibus
2088 4718 2250 4773 quam
2313 4703 2464 4767 Deo,
2517 4702 2614 4771 qui
2671 4699 2889 4754 oeculta
2943 4696 3230 4768 perspicit.
3291 4695 3372 4750 llli

124 4788 216 4855 γὰρ
267 4789 529 4842 τοσοῦτον
603 4788 915 4860 ἀνθρώποις
968 4791 1227 4860 ἀρέσκειν
1285 4792 1474 4863 ἔκρινα
1537 4795 1623 4847 δεῖε

1878 4797 1995 4868 ippe
2024 4805 2191 4852 testes
2224 4795 2384 4866 595
2426 4796 2704 4850 exsistunt
2730 4807 2922 4847 corum
2955 4790 3223 4845 duntaxat
3255 4805 3377 4858 qua:

122 4880 351 4948 ὅσον·τῷ
402 4883 519 4936 τῶν
579 4882 796 4952 ἁδέιλων
853 4883 1067 4956 ἐπόπτῃ
1113 4883 1254 4954 Θεῷ.
1307 4886 1393 4962 υἱ,
1425 4889 1524 4956 μέν
1578 4906 1621 4957 γε

1883 4905 1968 4944 am
2006 4894 2167 4954 littnt,
2211 4900 2268 4943 et
2314 4887 2609 4956 aliquando
2657 4893 2887 4954 possunt
2919 4881 3124 4952 decipi,
3155 4881 3201 4935 si
3252 4881 3378 4949 quis

123 4969 218 5020 τῶν
236 4971 538 5042 δρωμένων
569 4973 622 5033 ἐς
654 4971 966 5041 τούμφανὶς
1013 4972 1369 5026 καθίστανται
1415 4977 1622 5048 μάρτυρ

1880 4982 1920 5034 ia
1953 4996 2050 5034 sua
2101 4979 2338 5050 imagine
2371 4987 2426 5032 et
2459 4977 2642 5030 colore
2689 4975 2909 5029 virtutis
2939 4975 3182 5053 obtexat.
3236 4971 3379 5026 Deus

129 5063 306 5129 μὸνων,
347 5064 444 5127 οὓς
473 5067 574 5118 καὶ
606 5065 1081 5133 παραλογίσασθαι
1133 5067 1346 5133 ἔξεστιν
1389 5071 1584 5134 ἐνίοτε,

1882 5088 1924 5124 ’0
1963 5071 2096 5140 ipsis
2124 5071 2251 5129 illis.
2306 5070 2398 5138 qui
2448 5066 2696 5121 actiones
2727 5063 3085 5127 antecrdunt,
3139 5063 3381 5118 motibus

125 5168 193 5214 τις
218 5157 337 5217 τοὺς
367 5157 475 5224 τῆς
516 5155 718 5220 κακίας
756 5157 1005 5226 καρποὺς
1031 5159 1145 5221 τοῖς
1178 5157 1275 5229 τῆς
1314 5160 1517 5230 ἀρετῆς
1555 5161 1624 5212 ύπ

1881 5162 1976 5217 'dis
2005 5162 2276 5218 examinis
2320 5162 2406 5216 sui
2440 5159 2670 5230 vestigia
2707 5157 2998 5227 imprimit,
3049 5165 3106 5211 et
3149 5155 3380 5224 justitia:

126 5247 289 5317 τίθησι
324 5251 578 5320 σχήμασί
607 5266 667 5302 τε
688 5250 784 5302 καὶ
827 5249 1107 5320 χρώμασι.
1175 5251 1306 5316 Θεὸς
1345 5251 1392 5308 δ’
1421 5255 1477 5305 ἐν
1507 5256 1625 5307 αύτι

1878 5255 2036 5308 bunal
2069 5254 2121 5308 itt
2157 5253 2290 5324 ipsis
2338 5253 2454 5324 ﬁgit
2505 5251 2900 5320 cogitationum
2942 5246 3245 5308 radicibus,
3285 5245 3377 5298 ubi

130 5340 218 5407 πρ),
244 5341 350 5392 τῶν
374 5343 560 5413 ἔργων
583 5345 695 5404 τοῖς
725 5341 826 5409 τῆς
855 5341 1086 5410 καρδίας
1140 5343 1441 5413 κινήμασιν
1494 5344 1629 5414 ἐρείέ

1880 5349 1989 5402 lbra
2025 5357 2080 5401 et
2121 5347 2304 5416 specie
2337 5345 2502 5400 celari
2555 5359 2664 5397 non
2719 5351 2920 5412 potest,
2981 5340 3025 5395 si
3084 5338 3210 5409 quis
3254 5338 3379 5390 inde

129 5433 187 5482 τὰ
210 5434 299 5502 τῆς
325 5435 632 5500 ἐξετάσεως
655 5434 800 5504 ἴχνη,
846 5434 942 5486 καὶ
994 5433 1056 5486 τὸ
1079 5433 1236 5504 βῆμα
1274 5435 1375 5502 τῆς
1426 5436 1578 5506 δίκης

1881 5450 2011 5493 νοτυι
2045 5454 2165 5493 sese
2202 5437 2424 5492 trudere
2451 5434 2823 5505 improbitatis
2859 5434 3046 5487 foetus.
3072 5431 3256 5486 Altera
3295 5445 3380 5483 res

130 5521 296 5585 αὑταῖς
331 5527 636 5594 συγκροτεῖ
665 5524 774 5578 τῶν
807 5523 1084 5594 λογισμῶν
1142 5527 1260 5586 ταῖς
1299 5527 1521 5597 ἀρχαῖς,
1563 5527 1629 5579 ἐν(

1921 5531 1972 5585 id
2005 5532 2150 5600 quod
2190 5546 2334 5584 nunc
2355 5529 2572 5583 accidit.
2594 5528 2685 5580 Est
2731 5536 2916 5580 autent
2971 5524 3101 5578 illud
3153 5537 3383 5577 summe

131 5612 292 5683 χώραν
311 5618 412 5670 οῦκ
444 5617 565 5687 ἔχει
591 5617 776 5687 σχῆμα
817 5617 912 5670 καὶ
941 5616 1138 5687 χρῶμα
1189 5617 1512 5684 καλύπτειν,
1567 5625 1614 5671 ει

1881 5624 2186 5691 probitatis.
2217 5621 2322 5675 Vos
2351 5619 2494 5673 enim
2526 5634 2650 5672 cum
2679 5624 2981 5686 oporteret,
3015 5628 3188 5667 meam
3223 5628 3380 5666 rere-

133 5707 312 5771 κακίας
399 5710 524 5762 ἐκεῖ
585 5710 1026 5779 παραφαίνεσθαι
1095 5709 1340 5779 βούλοιτο
1380 5710 1630 5781 βλάστημ

1883 5731 1936 5768 os
1969 5709 2316 5768 clementiam
2349 5721 2405 5766 et
2450 5717 2789 5780 tequitalem,
2823 5707 2976 5762 omni
3029 5704 3216 5760 studio
3269 5720 3382 5756 ma-

132 5797 371 5870 Δεύτερον
400 5801 484 5866 δὲ,
529 5800 589 5854 τὸ
630 5801 826 5872 παρὸν,
854 5800 884 5854 ὃ
916 5803 1006 5853 καὶ
1062 5802 1240 5873 πάσης
1291 5806 1554 5875 κῖκτήται
1592 5824 1623 5857 κ

1885 5824 1983 5876 quc
2015 5816 2067 5860 et
2096 5806 2275 5876 lingua
2311 5819 2511 5859 navare
2560 5802 2692 5858 mihi
2721 5815 2944 5871 operam
2984 5797 3223 5869 quietos,
3265 5811 3384 5848 utn-
