3978 6588
355 440 475 510 In
764 439 842 514 [Α.
882 457 933 497 c.
977 438 1137 515 1341]

1392 450 1832 512 ῘὶΥΖλΝΤξΝΕ
1877 455 1949 513 lii

2056 460 2253 520 unua
2296 463 2434 524 ΜΒ.
2481 466 2614 528 xu.
2728 464 2856 535 pm».
2898 484 2942 520 ι.
2984 484 3219 523 mm.
3258 425 3310 542 ι]

3242 370 3269 423 ἦ.

3496 475 3601 538 818

355 559 526 629 ιηνὸς
549 558 737 613 ἐλαϐεν
762 561 940 631 ἐαυτῷ
965 580 1024 615 τε
1052 564 1146 617 καὶ
1173 567 1294 628 ταῖς
1328 567 1512 620 πόλεσι
1556 569 1799 639 μεγάλην
1839 587 1929 621 τα-

2061 574 2266 629 euitate
2298 584 2353 631 et
2380 578 2670 634 clementia
2708 573 2839 637 usus
2877 593 2989 637 tum
3017 601 3238 655 quoque
3272 586 3605 644 Cautacuzn.

359 651 733 726 μιευσάμενος
776 652 1003 725 βλάϐην.
1034 656 1194 710 Ὥστε
1226 657 1323 727 καὶ
1370 659 1602 729 ἀνόνητα
1635 659 1938 730 μεταμελό-

361 760 531 812 μενος
552 735 777 817 ὕστερον
802 746 894 800 ἐπὶ
919 751 983 819 τῇ
1014 750 1341 823 κακοϐουλίᾳ⁸
1376 753 1571 806 ἑαυτοῦ
1596 754 1684 806 τὸν
1716 744 1939 823 βασιλέα

361 832 642 905 λαμπρῶς
682 837 776 889 ἐπὶ
824 838 977 893 δυσὶν
1010 841 1315 913 ἐμακάριζε
1346 844 1557 908 τούτοις
1596 845 1732 914 (94).
1782 846 1940 901 Ἀλλὰ

359 925 482 997 γὰρ
510 927 668 981 ἔλαθε
722 930 785 982 τὸ
827 932 1075 987 ποικίλον
1124 935 1232 988 τῶν
1269 937 1578 993 ὑποθέσεων
1606 940 1664 1003 ἐς
1686 938 1942 992 τοσοῦτον

358 1021 519 1091 ἡμᾶς
550 1022 929 1092 παρενεγκών.
976 1025 1289 1083 Ἐπανιτέον
1310 1032 1510 1086 τοίνυν.

436 1201 512 1255 l".
542 1201 767 1270 Φυγόντι
819 1201 930 1275 γάρ
972 1206 1050 1265 είς
1099 1204 1159 1257 τδ
1192 1206 1450 1278 φροὺριον
1474 1208 1552 1278 τῷ
1589 1210 1939 1280 Ἀποκαὺκῳ,

355 1292 470 1347 οὐκ
502 1293 692 1364 ἠμέλει
714 1294 905 1365 κρύφα
932 1296 1153 1366 μηνύων
1174 1299 1266 1351 καὶ
1292 1301 1519 1369 γράφων
1540 1304 1567 1355 ὁ
1598 1305 1943 1378 πατριάρχης

361 1386 538 1456 αὐτῷ,
566 1389 661 1442 καὶ
706 1389 1171 1460 ἀνακαλούμενος,
1197 1394 1288 1446 καὶ
1341 1394 1440 1456 τὰς
1484 1395 1624 1449 κατὰ
1655 1395 1750 1449 τοῦ
1802 1399 1944 1451 Καν-

362 1479 706 1550 τακουζηνοῦ
742 1482 1125 1551 συμόουλεὺων
1151 1502 1209 1538 τε
1242 1485 1532 1552 ἐπιϐουλάς
1566 1491 1659 1542 καὶ
1706 1491 1943 1560 συμϐριυο

361 1571 661 1639 ).ευόμενος
709 1574 800 1627 ὑπ’
840 1572 1028 1638 αὑτοῦ,
1079 1575 1176 1631 καὶ
1218 1578 1332 1649 ἅμα
1371 1579 1472 1651 τάς
1517 1580 1617 1649 τῆς
1676 1582 1944 1652 βασιλίδος

365 1661 545 1732 συχνὰ
578 1663 899 1732 ὑπορύττων
944 1666 1138 1730 ἀκοὰς,
1164 1670 1258 1724 καὶ
1295 1668 1387 1724 τδν
1420 1670 1519 1741 μὲν
1552 1671 1944 1743 Καντακουζη-

362 1752 461 1805 νδν
502 1754 801 1809 διαϐάλλων
831 1757 940 1821 ἀεὶ,
966 1759 1059 1812 τὸν
1091 1756 1137 1812 δ’
1174 1761 1518 1816 Ἀπόκαυκον
1558 1766 1786 1833 μακροῖς
1832 1767 1945 1828 τοῖς

2042 681 2148 721 nus
2176 684 2284 723 non
2322 671 2739 737 animadvertit,
2773 685 3040 744 quantum
3079 678 3181 732 sibi
3216 679 3317 748 ipsi
3350 690 3405 735 et
3455 680 3607 736 urh'i-

2044 754 2146 810 bus
2195 758 2395 812 malum
2451 770 2780 819 asscrvaret.
2815 765 3010 820 Postea
3064 767 3251 836 igitur,
3299 785 3424 823 cum
3460 769 3609 825 illius

2041 862 2155 904 sua:
2219 850 2607 921 imprudentiae
2673 856 3049 926 nequidquam
3112 874 3237 913 eum
3288 859 3608 927 ptenitcrct:

2044 939 2428 1011 imperatorem
2478 945 2548 1000 ob
2600 945 2715 1001 haec
2766 948 2874 1002 duo
2921 950 2987 1004 ad
3041 957 3189 1005 astra
3224 952 3467 1006 tollebat.
3503 953 3651 1007 Sede

2044 1032 2232 1086 nescio
2263 1035 2542 1102 quomodo
2571 1038 2879 1107 argumenti
2916 1039 3182 1095 varietate
3213 1041 3468 1117 cll‘ectnm
3503 1055 3609 1109 est,

2045 1132 2106 1178 ut
2134 1140 2378 1193 eousque
2401 1127 2842 1198 digrederentur.
2877 1128 3191 1190 Redeamus
3226 1135 3431 1204 itaque.

2116 1219 2205 1274 Ill.
2236 1221 2382 1275 Cum
2431 1221 2485 1276 in
2526 1222 2675 1276 illam
2715 1238 2894 1279 arcem
2925 1224 3231 1295 aufugisset
3264 1226 3608 1294 Apocancus.

2046 1318 2161 1364 tum
2213 1312 2264 1366 ei
2308 1313 2637 1382 patriarcha
2669 1317 2806 1371 clam
2861 1317 3075 1387 singula
3127 1318 3370 1373 indicare
3420 1326 3474 1372 ct
3517 1333 3643 1387 prr'

2045 1399 2259 1456 litteras
2311 1402 2624 1473 signiﬁcare
2674 1405 2819 1460 haud
2877 1418 3245 1463 cunctanter:
3307 1408 3518 1461 hortari
3556 1419 3615 1461 ut

2045 1492 2271 1547 redeat:
2302 1492 2530 1549 insidias
2556 1495 2944 1552 Cantacuzcno
2971 1510 3032 1551 ιιι
3063 1507 3241 1553 struat
3272 1514 3520 1564 monere,
3556 1507 3613 1553 et

2046 1584 2115 1638 ab
2141 1601 2207 1639 co
2237 1589 2447 1641 moneri
2478 1605 2493 1644 :
2527 1590 2690 1643 simul
2727 1591 3097 1661 imperatricis
3146 1608 3311 1647 aures
3343 1598 3617 1663 perpetuo

2048 1677 2286 1744 pulsare,
2307 1685 2363 1731 et
2388 1677 2835 1735 Canlacuzenum
2861 1682 3082 1752 quidem
3110 1682 3438 1737 calumniari
3469 1695 3617 1736 scm-

2048 1783 2164 1835 per,
2190 1768 2540 1836 Apocaueum
2583 1785 2714 1825 vero
2758 1771 3296 1827 maximislaudibus
3323 1772 3609 1826 extollere.

363 1847 615 1910 ἐπαίνοις
651 1847 903 1918 ἐξαίρων.
941 1851 1146 1923 Ῥᾷστα
1188 1853 1369 1907 τοίνυν
1396 1857 1715 1924 γυναικείαν
1744 1855 1947 1921 ἐξαπα-

2056 1859 2139 1915 Sic
2171 1863 2425 1916 muliebri
2465 1864 2629 1936 604
2684 1864 3037 1935 simplicitate
3074 1864 3331 1920 facillime
3362 1864 3616 1931 decepta,r

360 1941 542 2008 στήσας
576 1941 872 2010 ἁπλότητα,
906 1946 998 1997 καὶ
1030 1946 1167 2023 πρὸς
1222 1949 1322 2019 τὴν
1358 1948 1553 2003 ἑαυτοῦ
1587 1949 1945 2021 μεθαρμόσας

358 2032 651 2104 βούλησιν,
687 2036 849 2089 πάντ’
877 2036 1005 2108 ἕδρα
1030 2039 1098 2092 τά
1130 2040 1503 2121 μθετώμενα.
1550 2044 1658 2096 Καὶ
1696 2043 1812 2112 ἅμα
1854 2041 1946 2098 τὸν

365 2125 472 2192 μὲν
506 2126 957 2199 Κ,αντακουζηνδν
1000 2131 1236 2202 ἐντίμως
1265 2135 1582 2204 προπέμπει
1615 2133 1709 2187 τοῦ
1740 2131 1947 2198 Βυζαν-

357 2218 509 2280 ττου,
551 2219 1014 2303 φρικωδεστάτοις
1068 2226 1179 2285 τοῖς
1233 2225 1422 2296 ὅρκοις
1472 2227 1799 2296 ἐμπεδὼσας
1848 2226 1951 2294 τὰς

357 2311 512 2379 πρὸς
548 2311 711 2364 αὑτὸν
761 2312 993 2377 πίστεις,
1031 2316 1123 2369 καὶ
1179 2319 1595 2391 ἐπαρασάμενος
1642 2324 1822 2395 ἐαυτῷ
1853 2324 1951 2390 τὰς

364 2407 858 2477 παλαμναιοτάτας
907 2410 1066 2480 ἀρὰς,
1097 2413 1144 2465 εί
1185 2412 1258 2484 μὴ
1318 2414 1537 2485 στέργοι
1583 2416 1950 2489 διαφερόντως

360 2500 545 2553 ὁπόσα
564 2500 710 2571 αὑτῷ
737 2501 871 2571 πρὸς
905 2502 1210 2572 βουλήσεως
1242 2506 1327 2575 εἴη
1362 2509 1615 2575 λέγεσθαι
1650 2511 1744 2564 καὶ
1774 2514 1950 2586 πράτ-

365 2592 566 2643 τεσθαι
596 2593 706 2646 τῶν
737 2592 1026 2663 βασιλείων
1061 2595 1243 2647 εἵνεκα
1274 2598 1635 2667 πραγμάτων,
1670 2602 1763 2653 καὶ
1798 2604 1847 2655 εί
1875 2606 1951 2675 μὴ

372 2683 604 2750 μάχοιτο
631 2686 743 2747 τοῖς
797 2683 943 2761 αὑτῷ
983 2687 1319 2756 μαχομένοις
1342 2702 1357 2717 ο
1396 2687 1486 2741 τὸν
1519 2689 1564 2741 δ’
1608 2691 1954 2748 Ἀπόκαυκον

365 2777 702 2832 σ’σκαλεϊται
735 2778 1028 2849 βασιλικῶς
1061 2783 1255 2851 ἐνσεση
1268 2782 1573 2849 μασμέναις
1620 2764 1952 2871 ἐπιστολαῖς⁹

369 2868 520 2935 μάλα
554 2869 752 2939 πολλὴν
800 2870 1260 2941 ὑπισχνουμέναις
1309 2870 1458 2944 αὐτῷ
1501 2872 1600 2944 τὴν
1662 2876 1829 2948 τιμὴν
1859 2868 1954 2944 καί

364 2960 572 3023 παντὸς
594 2962 900 3032 ἀμνηστίαν
927 2962 1293 3034 ἐγκλήματος.
1380 2969 1385 2976 ’

440 3051 518 3108 Δ’.
560 3054 911 3126 ’Ᾱπαίροντος
941 3058 1120 3111 τοίνυν
1143 3060 1208 3112 ἐκ
1242 3059 1537 3125 Βυζαντίου
1566 3065 1646 3126 είς
1683 3066 1781 3131 τὰς
1810 3066 1956 3138 Θρᾳ-

367 3147 526 3217 σεῴις
570 3148 763 3213 πόλεις
802 3148 877 3220 τῷ
913 3152 1375 3222 Καντακουζηνῷ,
1403 3156 1713 3227 ὑπήντησεν
1743 3157 1903 3224 ἐξιὼν
1927 3160 1955 3212 ὁ

2049 1962 2101 2008 ct
2148 1955 2200 2009 in
2249 1957 2577 2010 sententiam
2626 1972 2783 2011 suam
2831 1957 3099 2022 adducta,
3135 1958 3368 2026 cogitata
3428 1956 3614 2010 omnia

2046 2047 2471 2118 exsequebatur.
2516 2034 2695 2118 Atque
2726 2050 2816 2104 ille
2845 2049 3036 2103 eodem
3067 2058 3311 2118 tempore
3343 2049 3616 2102 (Zautacn-

2048 2153 2244 2192 zenum
2304 2139 2606 2195 honorifice
2650 2152 2802 2194 extra
2851 2140 3168 2212 Byzantium
3239 2140 3613 2210 prosequitur,

2049 2237 2335 2298 postquam
2383 2231 2685 2285 tremendis
2722 2231 3053 2300 juramentis
3098 2231 3459 2301 prmstitasei.
3489 2221 3625 2285 caui

2053 2318 2230 2375 tiones
2301 2320 2558 2387 ﬁrmavit,
2607 2320 2979 2377 funestissima
3008 2320 3113 2376 sibi
3158 2322 3513 2391 imprecatus,
3569 2321 3617 2374 si

2050 2413 2335 2479 potiSsima
2372 2413 2476 2468 sibi
2517 2430 2627 2468 non
2673 2414 2858 2468 futura
2892 2423 3101 2479 essent,
3134 2430 3476 2485 quaecunque
3525 2414 3617 2470 ille

2050 2505 2116 2559 ad
2148 2504 2377 2573 imperii
2436 2504 2971 2560 administrationem
3009 2504 3310 2574 spectantia
3359 2504 3467 2560 dici
3522 2514 3617 2559 aut

2054 2598 2171 2652 fieri
2211 2597 2392 2660 vellet,
2443 2612 2544 2651 nec
2588 2598 2654 2652 iis
2680 2604 2828 2652 esset
2858 2606 3287 2667 repugnaturus,
3318 2598 3412 2666 qui
3463 2597 3613 2650 illum

2052 2693 2420 2764 oppugnaturi
2485 2693 2665 2748 forent
2713 2711 2726 2746 :
2780 2692 3151 2762 Apocaucum
3186 2707 3317 2747 vero
3390 2692 3618 2746 arcessit

2054 2784 2281 2837 munitis
2323 2783 2504 2854 sigillo
2538 2784 2893 2852 imperatorio
2934 2781 3155 2849 litteris,
3205 2798 3326 2852 quae
3383 2768 3623 2837 honores

2052 2871 2104 2925 ei
2139 2870 2406 2925 maximos
2433 2879 2489 2926 et
2530 2872 2709 2927 omnis
2745 2873 2919 2942 culpa:
2970 2873 3355 2943 impunitatem
3394 2873 3620 2942 pollice-

2055 2960 2278 3016 bantur.
2394 3036 2399 3039 ⁷
2447 3024 2449 3027 η

2127 3054 2214 3108 ιν.
2255 3054 2641 3110 Cantacuzeno
2670 3055 2874 3124 itaque,
2910 3069 3037 3110 cum
3091 3055 3363 3110 excedens
3414 3056 3620 3126 Byzan.

2058 3147 2135 3200 tio
2176 3144 2258 3200 ‘ad
2313 3148 2479 3201 urbes
2530 3147 2778 3201 Thracia:
2848 3147 3314 3218 proficisceretur,
3367 3161 3622 3217 egressus

385 3242 724 3305 ’Λπύκαιικος
751 3242 863 3311 (95)
903 3242 997 3297 τοῦ
1028 3246 1312 3315 φρουρίου,
1348 3246 1438 3301 καὶ
1471 3249 1677 3312 ἀποϐάς
1729 3251 1822 3303 τοῦ
1859 3253 1948 3306 ἴπ-

2056 3234 2278 3289 castello
2307 3240 2632 3302 Apocaucus
2661 3234 2926 3296 occurrit,
2952 3234 3325 3302 desiliensque
3370 3249 3436 3287 ex
3473 3251 3620 3301 eqnu

366 3352 479 3388 που
531 3335 927 3406 προσεκύνησε,
981 3336 1269 3408 βασιλικὴν
1321 3340 1627 3411 ἀπονείμας
1672 3344 1821 3413 αὑτῷ
1852 3344 1950 3416 τὴν

364 3428 560 3497 τιμήν.
593 3427 766 3482 Τοῦτο
820 3429 927 3500 γὰρ
989 3431 1084 3484 καὶ
1132 3430 1237 3503 πρό
1267 3448 1332 3500 γε
1386 3432 1550 3486 αὑτοῦ
1588 3436 1952 3503 πεποιήκασιν

368 3520 561 3573 ἄκοντι
598 3520 773 3588 τούτῳ
812 3522 1034 3590 πάντες,
1074 3523 1189 3577 ὅσοι
1218 3524 1411 3592 γένους
1438 3525 1623 3580 εἵνεκα
1672 3532 1953 3599 προσῆκον

370 3611 545 3680 αὐτῷ,
577 3613 690 3666 ὅσοι
725 3630 787 3681 τε
822 3614 921 3684 τῆς
955 3616 1263 3685 συγκλήτου
1297 3616 1522 3685 λογάδες
1564 3620 1659 3672 καὶ
1697 3620 1811 3673 ὅσοι
1841 3620 1952 3674 τῶν

379 3703 500 3773 μετ’
534 3704 796 3769 ἐκείνους,
831 3703 942 3758 εἴτε
973 3706 1046 3768 ὡς
1077 3709 1358 3778 ἐπιτρόπῳ
1381 3709 1480 3779 τῆς
1509 3709 1811 3780 βασιλείας,
1842 3712 1952 3765 εἴτε

374 3794 453 3857 ὡς
501 3794 594 3846 ἐπὶ
621 3794 722 3863 τῆς
771 3786 947 3849 αὑτοῖῖ
966 3795 1275 3866 βουλήσεως
1320 3798 1555 3867 ὁρῶντες
1584 3799 1952 3870 ἐξηρτημένον

376 3885 441 3938 τὸ
486 3885 759 3954 βασίλειον
802 3885 1111 3957 σκῆπτρον,
1143 3890 1237 3942 καὶ
1298 3890 1696 3954 ὑποπτεύοντες
1747 3894 1806 3954 ἐς
1853 3893 1954 3960 τὴν

377 3977 675 4049 ὑστεραίαν
708 3977 1008 4046 βασιλικοῖς
1048 3979 1380 4048 ἐσταλμένον
1411 3980 1745 4052 ὀφθήσεσθαι
1771 3998 1953 4054 παρα-

379 4073 596 4143 σήμοις,
644 4073 691 4124 εί
733 4071 1044 4143 βουλομένῳ
1094 4090 1157 4141 γε
1216 4074 1305 4143 εἴη
1362 4073 1545 4144 αὐτῷ’
1578 4075 1789 4140 πάντας
1844 4076 1954 4146 γὰρ

381 4165 757 4235 ὑπεπτηχέναι
794 4163 871 4233 τῷ
909 4165 1041 4230 δέει,
1098 4165 1195 4219 καὶ
1255 4167 1504 4222 ὑπείκειν
1537 4168 1625 4221 ῐσα
1653 4168 1830 4240 τούτῳ
1862 4171 1954 4223 καὶ

379 4258 609 4330 βασιλεῖ.
976 4314 988 4331 ,

450 4353 527 4406 E'.
553 4351 989 4423 Συνηκολούθησε
1025 4351 1208 4422 μέντοι
1245 4354 1273 4407 ὁ
1319 4353 1659 4420 Ἀπόκαυκος
1693 4356 1822 4426 ἄχρι
1862 4357 1955 4410 καὶ

378 4442 686 4512 Σηλυϐρίας
724 4443 894 4513 αὑτῷ,
927 4442 1069 4512 μάλα
1100 4445 1358 4517 περιδεής
1379 4463 1438 4499 τε
1474 4447 1567 4500 καὶ
1592 4450 1819 4517 μονονοὺ
1847 4448 1955 4519 πρὸ

378 4532 558 4588 ποδῶν
594 4535 884 4605 ἱστάμενον
941 4535 1158 4605 βλέπων
1186 4538 1278 4590 τὸν
1309 4538 1551 4593 κίνδυνον
1580 4540 1796 4594 ἐαυτοῦ.
1816 4542 1955 4611 Συχ-

2053 3326 2265 3389 adorat,
2305 3335 2469 3395 atque
2518 3326 2592 3380 ita
2635 3326 2869 3381 honares
2902 3327 2950 3379 ei
3005 3324 3388 3395 imperatorias
3421 3324 3616 3378 defert.

2053 3416 2201 3484 Quos
2230 3426 2283 3472 et
2314 3425 2438 3470 ante
2468 3415 2612 3470 hunc
2638 3416 2688 3469 ei
2740 3415 2911 3468 invito
2942 3412 3258 3483 tribuebant
3284 3411 3389 3465 alii
3408 3427 3618 3472 munes,

2053 3510 2147 3580 qui
2194 3509 2525 3580 cognatione
2577 3522 2703 3562 eum
2755 3506 3166 3577 contingebant,
3221 3504 3427 3575 quique
3478 3503 3623 3557 inter

2052 3611 2335 3656 senatores
2378 3597 2659 3653 lectissimi
2689 3606 2868 3663 erant,
2906 3606 2965 3650 ut
2990 3605 3047 3651 et
3093 3597 3129 3651 ii
3171 3595 3266 3664 qui
3303 3592 3621 3648 inferiorem

2052 3692 2281 3764 gradum
2309 3691 2660 3746 obtinebant:
2709 3706 2806 3746 seu
2850 3690 2995 3760 quod
3029 3689 3118 3744 ille
3153 3689 3368 3760 imperii
3419 3702 3615 3756 proeu.

2053 3797 2205 3841 rator
2244 3785 2409 3849 foret,
2442 3800 2538 3840 seu
2589 3785 2735 3854 quod
2786 3786 2853 3863 ab
2885 3786 3008 3854 ejus
3058 3781 3290 3838 arbitrio
3342 3788 3622 3849 sceptrum

2053 3880 2299 3951 pendere
2331 3879 2750 3950 imperatorium
2783 3879 3052 3941 viderent,
3086 3891 3151 3931 ac
3184 3876 3622 3944 suspicarentur,

2054 3989 2180 4028 eum
2214 3971 2581 4042 imperatoriis
2623 3970 2876 4026 indutqu
2914 3969 3221 4040 insignibus
3265 3976 3620 4036 conSpectum

2056 4066 2125 4122 iri
2191 4065 2477 4135 postridie,
2535 4064 2581 4119 si
2630 4063 2937 4119 collibitum
2990 4070 3178 4126 esset;
3229 4076 3421 4115 omnes
3471 4061 3620 4113 enim

2056 4169 2205 4215 metu
2238 4166 2541 4228 prostratos
2567 4170 2711 4221 esse,
2733 4156 2897 4226 eique
2919 4153 3148 4225 perinde
3177 4160 3344 4222 atque
3386 4155 3657 4231 impera»;

2058 4253 2161 4306 lori
2190 4266 2407 4323 parere.
2630 4250 2637 4259 “
3330 4240 3340 4249 ’
3648 4249 3656 4255 ’

2131 4344 2197 4399 ν.
2237 4344 2510 4399 Caeterum
2561 4343 2882 4412 Apocaucus
2935 4338 3240 4412 Selybriam
3286 4352 3461 4407 usque
3495 4352 3622 4390 eum

2056 4445 2514 4509 prosecutus'est,
2537 4444 2693 4489 metu
2749 4433 3036 4496 exanimis,
3066 4440 3122 4485 et
3169 4430 3470 4501 periculum
3498 4438 3625 4485 ante

2055 4531 2225 4603 pedes
2251 4531 2409 4601 quasi
2451 4529 2690 4600 positum
2743 4528 2985 4597 intuens.
3018 4525 3189 4579 Erant
3216 4522 3362 4577 enim
3398 4522 3622 4591 plurimi

376 4628 462 4680 vol.
508 4629 617 4697 γὰρ
661 4590 735 4680 οἱ.
762 4626 855 4680 τὸν
887 4590 1346 4698 καντακουζηνδν
1371 4590 1949 4703 ιποερύᾷὲξτεξῆξᾷῖ,

2056 4625 2151 4696 qui
2163 4618 2601 4681 Cantacuzenum
2623 4623 2996 4683 hortarentur,
3042 4627 3101 4672 ut
3121 4616 3622 4686 comprehenderet

378 4720 763 4789 συνειληφέναι
809 4721 1034 4785 τοῦτον,
1085 4723 1182 4776 καὶ
1235 4721 1457 4791 δέσμιον
1512 4724 1839 4794 προπέμψαι
1895 4727 1951 4788 ἐς

2056 4718 2368 4781 hominem,
2401 4725 2458 4789 et
2526 4716 2768 4770 vinctum
2819 4712 3121 4768 deduceret
3182 4708 3621 4779 Didymotichum

380 4810 783 4883 Διδυμότειχον.
810 4814 884 4867 Οὑ
916 4813 1033 4884 γάρ
1050 4814 1362 4879 ἐλάνθανεν,
1381 4816 1503 4868 ὅσον
1526 4817 1708 4887 ἐγερεῖ
1726 4818 1817 4871 τὸν
1844 4817 1951 4870 τῶν

2056 4812 2175 4868 Non
2209 4810 2355 4865 enim
2394 4808 2555 4879 605
2607 4808 2901 4863 obscurum
2948 4812 3087 4866 erat,
3124 4812 3387 4873 quantum
3438 4799 3529 4855 ille
3567 4800 3623 4854 in

382 4905 723 4974 πραγμάτων
753 4905 983 4973 καπνὸν,
1014 4906 1288 4976 ἐληλυθὼς
1326 4908 1381 4969 ἐς
1430 4907 1742 4972 Βυζάντιον.
1786 4909 1957 4962 Ταῦτ’

379 4997 494 5066 ἄρα
533 5000 623 5049 καὶ
656 4997 731 5060 ὡς
762 5000 838 5057 ἐκ,
857 5001 1149 5069 συμφώνου
1175 5000 1370 5061 πάντες
1403 4998 1742 5070 ἠνάγκασαν,
1767 5001 1871 5064 ἕως
1894 5002 1952 5055 ἐν

378 5089 565 5158 χεροῖν
600 5086 712 5157 ἐχοι
743 5092 804 5140 τὸ
831 5088 1075 5158 θήραμα,
1104 5086 1187 5160 [Ρ.
1217 5086 1345 5160 576]
1364 5088 1465 5158 τὴν
1511 5082 1677 5142 οὖσαν
1712 5088 1957 5158 γαλήνην

377 5182 496 5243 τοῖς
520 5180 806 5249 δημοσίοις
834 5180 1165 5252 διατηρῆσαι
1201 5182 1548 5251 πράγμασιν.
1582 5179 1641 5233 '0
1662 5182 1720 5234 δέ
1744 5180 1805 5233 τὸ
1837 5179 1958 5246 φιλ-

376 5272 672 5341 άνθρωπόν
723 5290 781 5325 τε
834 5274 928 5326 καὶ
959 5273 1141 5344 ἱλαρὸν
1170 5274 1373 5344 ἥκιστα
1416 5273 1733 5343 μεταθεῖναι
1771 5271 1959 5343 βουλό-

383 5379 549 5433 μενος
591 5364 967 5433 παρεκρούετο
1003 5364 1103 5432 τὴν
1137 5365 1361 5420 ἐκείνων
1407 5364 1747 5435 παραίνεσιν.
1776 5364 1959 5418 Πάντα

381 5455 500 5523 γὰρ
518 5455 616 5523 τῆς
654 5454 746 5509 τοῦ
787 5455 921 5509 θεοῦ
948 5456 1133 5526 χειρὸς
1162 5456 1413 5525 ἐξῆφθαι,
1441 5457 1536 5510 καὶ
1557 5455 1715 5509 πάντ’
1742 5457 1953 5511 ἐκεῖθεν

380 5546 543 5616 ἔλεγε
587 5545 913 5600 διοικεῖσθαι
969 5548 1062 5601 καὶ
1097 5547 1173 5618 μὴ
1203 5546 1464 5602 δύνασθαι
1498 5545 1818 5616 τελεσθῆναι
1848 5564 1952 5615 μη-

2056 4901 2341 4974 republica
2411 4900 2753 4960 excitaturus
2807 4903 2955 4950 esset
3022 4891 3376 4956 incendium,
3437 4890 3621 4943 statim

2048 4985 2222 5061 atque
2249 4988 2568 5060 Byzantium
2595 4983 2922 5040 advenisset.
2952 4981 3164 5036 Idcirco
3194 4980 3351 5050 quasi
3382 4995 3448 5034 ex
3476 4994 3627 5033 com-

2059 5084 2242 5153 posito
2262 5095 2454 5135 omnes
2479 5080 2643 5133 istum
2669 5075 3092 5144 compellebant,
3111 5071 3355 5141 quandiu
3383 5069 3624 5140 praedam

2059 5173 2114 5247 in
2144 5170 2400 5226 manibus
2424 5168 2673 5231 haberet,
2701 5173 2761 5219 ut
2787 5171 3107 5233 praesentem
3138 5159 3454 5229 reipublicae
3482 5166 3629 5210 trau-

2059 5264 2386 5335 quillitatem
2422 5264 2792 5316 conservaret.
2825 5255 2895 5310 At
2940 5254 3053 5317 ille,
3082 5268 3149 5306 ne
3189 5252 3474 5305 minimum
3502 5250 3628 5319 qui-

2061 5357 2186 5412 dem
2216 5355 2406 5408 volens
2439 5350 2699 5408 recedere
2739 5348 2809 5401 ab
2842 5347 2932 5400 illa
2964 5362 3062 5401 sua
3109 5345 3452 5400 humanitate
3485 5342 3630 5425 miti-

2061 5465 2171 5522 que
2237 5446 2495 5517 ingenio,
2555 5456 2746 5496 eorum
2806 5439 3090 5509 rejiciebat
3162 5436 3623 5492 adhortationem.

2062 5542 2256 5599 Omnia
2286 5539 2434 5594 enim
2480 5551 2511 5590 a
2540 5549 2703 5589 manu
2758 5533 2850 5587 Dei
2884 5530 3147 5602 pendere,
3178 5530 3362 5586 omnia
3420 5526 3489 5581 ab
3537 5525 3633 5580 illo

1741 5684 2075 5746 Variorum
2116 5686 2305 5743 notae.

422 5816 435 5825 “
462 5812 570 5884 (94)
602 5813 684 5868 An
712 5813 970 5885 intelligit
1003 5812 1143 5870 duas
1193 5822 1379 5882 partes
1409 5812 1627 5868 consilii
1677 5812 1746 5867 ab
1789 5813 1991 5885 itupe-'

386 5894 571 5940 ratore
617 5887 753 5952 dati,
788 5892 847 5938 ut
878 5884 1058 5940 arcent
1092 5891 1394 5950 everteret,
1424 5894 1478 5939 et
1513 5886 1864 5953 Apocaucutn
1902 5884 1953 5937 in

2066 5808 2373 5867 custodiam
2406 5803 2607 5859 daret?
2643 5802 2854 5857 Bomn.
3218 5866 3221 5867 ν
3292 5864 3309 5867 _
3568 5856 3575 5859 _

2137 5880 2245 5949 (95)
2274 5879 2409 5934 Rem
2445 5882 2631 5930 narrat
2661 5873 2954 5927 Cantacuz.
2998 5881 3119 5936 cap.
3168 5866 3255 5922 l6.
3288 5864 3528 5920 Duo/mc.
3618 5940 3629 5952 ’
