3978 6578
213 461 309 528 853
588 455 664 530 [Α.
703 469 756 513 c.
797 453 959 527 ιδιε]
1009 446 1014 451 ’

1215 453 1660 519 ΒΥΖΑΝΤῘΝᾹΞ
1700 453 2086 515 Ι-ΙΙΞἸῸΒΙίΕ
2126 451 2276 516 LIB.
2317 450 2484 512 XIII.

2621 445 2754 518 [μιν.
2792 462 2834 501 ι.
2878 451 3117 499 PaL-£01..
3148 440 3206 515 Ξ]
3351 448 3457 510 854

212 569 429 646 [P.SM]
466 572 557 638 ς’.
589 568 699 623 Καὶ
715 563 784 640 ἦν
814 569 875 622 τδ
898 567 997 638 τῆς
1026 566 1174 638 ὥρας
1209 565 1510 636 τηνικαῦτα
1542 565 1670 632 περὶ
1686 564 1785 626 τὰς

1959 560 2048 615 VI.
2088 559 2220 614 Erat
2251 572 2416 630 porro
2450 567 2579 614 tunc
2611 559 2828 614 initium
2860 557 2974 612 fere
3001 555 3228 612 astatis.
3263 547 3460 611 Statin'i

207 666 296 734 τοῦ
320 665 511 734 Θέρους
533 658 886 732 άρχάς.*Ηκε
907 660 952 716 δ’
968 660 1128 724 εὐθὺς
1145 659 1212 714 ἐκ
1238 657 1458 730 Σερρῶν
1483 655 1579 709 καὶ
1595 656 1622 708 ό
1637 650 1780 725 Ἆρ-

180 809 187 814 .
213 757 385 828 μένιος
413 757 536 827 Γὴμ
561 757 675 826 (51)
705 756 758 821 ἐς
795 753 1225 824 Θεσσαλονίκην,
1257 750 1462 822 πολλὴν
1498 749 1781 818 ἐπαγόμε-

211 868 291 912 νος
343 850 575 920 δύναμιν
626 849 1050 919 στρατιωτικὴν,
1101 847 1196 902 καὶ
1241 843 1614 918 άνεῤῥώννυεν
1657 843 1780 897 ὅσον

212 941 352 1006 ιξκδς
378 942 442 995 τὸ
468 945 564 1012 τῆς
597 941 807 1004 πόλεως
849 941 1130 1013 φρόνημα,
1165 936 1637 1010 κατενηνεγμένον
1676 933 1780 987 ύπδ

210 1031 312 1084 τῶν
363 1032 500 1103 αὐτῇ
533 1033 909 1100 περιστάντων
959 1030 1243 1085 κινδύνων.
1274 1029 1492 1082 Τούτων
1531 1026 1574 1080 δ’
1605 1023 1780 1089 οὕτως

209 1127 462 1192 ἐχόντων,
512 1124 848 1178 κατέπλευσε
892 1122 988 1178 καὶ
1020 1123 1048 1175 ὁ
1081 1119 1337 1184 ναυτικὸς
1374 1121 1438 1173 ἐκ
1481 1115 1778 1180 Βυζαντίου

212 1218 395 1280 στόλος
430 1216 582 1287 παρά
611 1217 674 1272 τδ
720 1217 831 1270 τῶν
869 1213 1307 1269 Θεσσαλονικέων
1337 1211 1596 1273 ἐπίνειον,
1652 1207 1780 1262 ναύ-

159 1355 169 1362 .
212 1328 374 1380 αρχον
404 1309 547 1380 ἔχων
585 1309 819 1374 Ἀλέξων
844 1308 939 1362 τὸν
981 1306 1326 1362 Ἀπόκαυκον
1357 1304 1472 1374 (52)
1499 1304 1594 1356 καὶ
1620 1301 1782 1354 πλέον

209 1405 240 1474 ἢ
268 1403 612 1473 πεντήκοντα
640 1402 882 1472 τριηρῶν
914 1399 1055 1454 ὅπλα
1086 1399 1181 1453 καὶ⁹
1220 1397 1473 1466 δύναμιν,
1509 1395 1696 1462 ὥσπερ
1724 1393 1784 1460 ἐξ

208 1495 515 1564 αὐτομάτου
548 1495 1034 1564 συμπεπτωκότων
1059 1491 1264 1546 οὑτωσὶ
1297 1489 1407 1545 τῶν
1436 1489 1782 1560 πραγμάτων

209 1588 292 1639 ἐπ’
319 1586 636 1659 εὐδαιμονία
663 1585 1091 1660 Θεσσαλονίκης.

272 1682 352 1733 Ζ’.
385 1679 558 1748 Ἀρας
587 1679 634 1731 δ’
677 1680 744 1732 ἐκ
794 1679 892 1748 τῆς
938 1677 1362 1749 στρατοπεδείας
1409 1677 1628 1748 ἐκείνης
1681 1672 1783 1745 ἤδη

206 1773 298 1826 καὶ
326 1773 357 1824 ό
399 1771 654 1842 βασιλεὺς
684 1765 787 1843 ἧκε
834 1771 986 1840 παρὰ
1033 1772 1094 1822 τὸ
1141 1769 1640 1837 Γωναικόκαστρον,
1690 1767 1786 1818 καὶ

204 1868 412 1936 ἥνωται
435 1864 511 1936 τῷ
531 1882 590 1919 τε
621 1863 913 1936 Συναδηνῷ
947 1864 1049 1936 καὶ.
1070 1861 1180 1927 τοῖς
1214 1861 1356 1932 ἀμφ’
1387 1859 1552 1915 αὐτὸν
1579 1858 1784 1928 φυγάσι

1880 667 2013 708 vero
2055 664 2112 708 et
2156 653 2272 721 ipse
2323 650 2544 707 Serrbis
2583 649 3028 706 Thessalonicam
3080 649 3232 704 venit
3281 648 3462 705 Guido

1879 746 2260 810 Armeniacus,
2285 760 2506 816 magnas
2529 759 2714 799 secum
2738 742 3022 799 adducens
3053 743 3265 814 cOpias.
3299 741 3462 796 robo-

1882 839 2153 910 ravitque,
2191 848 2249 893 ut
2289 855 2386 910 par
2413 846 2552 902 erat,
2603 837 2806 892 civium
2844 839 3080 902 animos,
3130 850 3271 907 quos
3317 835 3465 905 peri—

1881 928 2003 982 cuia
2037 927 2277 997 undique
2317 926 2692 996 impendentia
2729 927 3025 996 fregerant.
3072 927 3195 980 Haec
3225 939 3348 982 eum
3383 925 3460 979 ita

1881 1035 1939 1096 se
1968 1020 2254 1084 liabet-ent,
2283 1019 2492 1089 appulit
2512 1026 2568 1072 et
2598 1016 2897 1090 Byzantina
2923 1017 3118 1071 classis
3141 1016 3209 1070 ad
3242 1026 3460 1085 portum

1882 1112 2442 1176 Thessalonicensem,
2461 1110 2599 1166 duce
2616 1110 2808 1166 Alexio
2823 1111 3134 1180 Apocauco,
3155 1108 3463 1164 triremium

1881 1206 2007 1276 plus
2030 1220 2191 1276 quam
2217 1203 2638 1275 quinquaginta,
2665 1203 2835 1258 armis
2858 1203 3147 1274 copiisque
3171 1202 3462 1258 instructa.

1882 1299 2047 1354 rebus
2092 1299 2244 1367 quasi
2295 1307 2489 1368 sponte
2533 1314 2598 1351 eo
2645 1297 2898 1352 deductis
2939 1296 3004 1350 ad
3060 1293 3466 1349 Thessalonica:

1883 1392 2215 1448 felicitatem.

1952 1675 2067 1734 VII.
2090 1677 2314 1734 Demum
2342 1687 2396 1732 et
2429 1678 2543 1748 ipse
2567 1677 2886 1748 imperator,
2904 1677 3099 1732 castris
3119 1673 3246 1729 inde
3279 1675 3464 1748 motis,

1883 1771 1950 1827 ad
1983 1771 2460 1842 Gyruecocastrum
2479 1771 2729 1832 accessit,
2768 1778 2823 1824 et
2852 1767 3226 1840 Synadenum,
3257 1781 3464 1835 eosque

1886 1879 1949 1918 ex
1980 1861 2574 1918 Thessalonicensibus
2605 1862 2894 1926 militibus,
2922 1863 3014 1933 qui
3035 1862 3178 1916 circa
3208 1861 3359 1915 illum
3381 1860 3467 1914 fu-

204 1958 308 2011 τῶν
351 1957 794 2012 Θεσσαλονικέων
823 1955 1194 2028 στρατιωτῶν.
1223 1951 1784 2023 Κοινολογησαμένων

1893 1954 2038 2025 gitivi
2067 1965 2244 2019 erant,
2278 1954 2556 2010 convenit.
2581 1953 2654 2008 lbi
2686 1971 2809 2009 eum
2838 1955 2980 2008 inter
3001 1969 3060 2008 se
3078 1961 3343 2022 quantum
3367 1967 3467 2022 par

201 2051 254 2104 δὲ
282 2051 428 2122 πρὸς
460 2050 726 2118 ἀλλήλους
770 2048 945 2102 ὁπόσα
979 2047 1149 2114 εἰκὸς,
1195 2046 1386 2116 ἐπειδὴ
1431 2044 1783 2116 ἐμεμαθήκει

203 2142 258 2194 τὸ
285 2131 602 2195 τελευταῖον
633 2143 665 2195 ’ό
719 2140 1052 2212 Συναδηνδς,
1091 2138 1262 2209 σκεύη
1315 2138 1416 2209 μέν
1449 2155 1573 2190 τινα
1606 2137 1785 2206 χρυσᾶ

201 2253 256 2290 τε
287 2239 389 2292 καὶ
421 2236 664 2308 ἀργυρᾶ,
701 2234 872 2298 λίθοις
903 2234 1002 2288 καὶ
1044 2233 1350 2304 μαργάροις
1376 2230 1529 2302 ξὸμοῦ
1561 2247 1785 2300 περιην-

204 2329 461 2401 οισμένα,
515 2329 912 2400 ἐπιφερόμενον
963 2327 1054 2381 τὸν
1109 2326 1355 2397 βασιλέα,
1395 2325 1694 2396 χρημάτων
1739 2323 1783 2376 δ’

206 2423 386 2490 οὐδὲν,
410 2423 586 2477 ὁπόσα
613 2420 974 2494 στρατιώταις
994 2421 1132 2474 είσὶν
1158 2419 1344 2488 ἐφόδια
1369 2419 1633 2491 πρόχειρα
1650 2419 1785 2489 πρὸς

204 2515 466 2586 διανομὴν
513 2515 610 2569 καὶ
665 2513 825 2584 λῆψιν
865 2513 975 2566 τῶν
1023 2512 1368 2583 ἐπιτηδείων,
1414 2510 1668 2580 πρύμναν
1724 2527 1785 2563 τε

203 2605 513 2676 ἐκρούσατο
547 2607 642 2661 καὶ
673 2605 770 2678 τὴν
802 2605 1026 2674 γνώμην
1053 2604 1214 2667 εὐθὺς
1259 2601 1515 2673 μετέθετο
1549 2601 1686 2671 (53),
1727 2601 1786 2664 ἐς

202 2699 525 2768 ἀπόγνωσιν
553 2699 644 2753 τὸν
670 2701 870 2752 οἰκεῖον
905 2697 1173 2750 πίπτοντα
1201 2695 1414 2767 βλέπων
1438 2697 1669 2767 στρατὸν
1693 2694 1784 2748 ὑπ’

202 2792 415 2854 ἐνδείας
447 2791 554 2846 τῶν
591 2791 928 2860 ἀναγκαίων,
961 2792 1059 2844 καὶ
1088 2791 1204 2860 ἅμα
1241 2791 1483 2859 γραφαῖς
1527 2789 1624 2842 καὶ
1655 2805 1790 2858 χρη-

209 2885 404 2956 μάτων
454 2885 550 2938 καὶ
602 2884 780 2953 τιμῶν
822 2883 1183 2953 ὑποσχέσεσιν
1228 2881 1552 2945 ἐνδιδόντας,
1591 2882 1786 2934 ὁπόσαι

201 2974 386 3044 λάθρα
414 2978 512 3030 καὶ
546 2977 716 3045 συχνά
749 2975 882 3044 πρὸς
911 2972 1003 3025 τοῦ
1038 2972 1379 3026 Ἀποκαύκου
1408 2973 1592 3039 σφίσιν
1619 2972 1788 3042 ἐπέμ-

202 3085 392 3124 ποντο.
426 3067 539 3122 Καὶ
567 3063 635 3139 ἦν
673 3067 1098 3139 καιροφυλακῶν
1137 3067 1196 3132 ἐξ
1250 3068 1458 3120 ἐκείνου
1507 3066 1601 3119 καὶ
1637 3065 1785 3136 ὥραν

203 3153 414 3232 ζητῶν,
443 3163 503 3216 ἐν
548 3154 583 3234 ᾖ
636 3160 702 3214 ἂν
752 3161 928 3231 ῥᾷστα
983 3157 1321 3229 συνειληφὼς
1374 3158 1535 3212 αὑτὸν
1563 3158 1784 3230 δέσμιον

1885 2055 2000 2100 erat
2028 2046 2281 2100 collocuti
2313 2056 2515 2110 essent,
2554 2045 2822 2100 intellexit
2861 2046 3078 2102 tandem
3113 2045 3460 2118 Synadenus,

1884 2152 2011 2192 vasa
2045 2137 2267 2208 quidem
2314 2152 2481 2192 aurea
2524 2147 2894 2209 argenteaque
2927 2138 3215 2203 nonnulla,
3266 2137 3465 2206 lapillis

1882 2229 2090 2285 circum
2122 2247 2186 2287 ac
2208 2233 2437 2303 gemmis
2459 2234 2739 2298 distincta,
2766 2233 2970 2303 portari
2995 2233 3062 2287 ab
3092 2232 3462 2303 imperatore;

1884 2323 2020 2378 nihil
2044 2335 2225 2378 autem
2257 2341 2444 2380 earum
2480 2327 2861 2397 pecuniarum,
2899 2341 3018 2395 qua:
3050 2324 3320 2379 militibus
3357 2299 3457 2394 pa-

1882 2425 1999 2470 rata
2019 2417 2455 2488 suntcongiaria,
2476 2419 2540 2472 ad
2567 2418 3008 2473 distributionem
3029 2416 3456 2486 perceptionem-

1883 2521 1988 2576 que
2005 2523 2186 2561 rerum
2214 2508 2668 2563 necessararium.
2685 2508 3053 2574 Quamobrem
3073 2506 3275 2560 iuibuit
3294 2505 3462 2559 illico.

1883 2608 1939 2653 et
1963 2599 2291 2654 sententiam
2327 2601 2578 2664 mutavit,
2608 2617 2730 2655 cum
2765 2600 2929 2671 635
2964 2598 3173 2653 videret
3213 2599 3467 2666 proprios

1886 2693 2091 2748 milites
2143 2710 2207 2747 ex
2243 2710 2429 2748 rerum
2476 2695 2719 2748 omnium
2756 2693 2983 2760 penttria
3023 2692 3078 2746 in
3117 2690 3464 2760 desperatio-
3516 2712 3526 2721 ν

1887 2800 2010 2839 nent
2047 2786 2175 2851 labi,
2207 2800 2260 2842 et
2290 2787 2484 2843 litteris
2512 2787 2674 2842 simul
2725 2787 3189 2856 pecuniarumque
3211 2795 3263 2838 ct
3294 2785 3468 2836 hono-

1887 2893 2008 2931 rum
2027 2879 2482 2948 promissionibus
2513 2881 2813 2950 corrumpi,
2838 2895 2958 2948 quae
2999 2878 3065 2932 ad
3099 2893 3196 2932 eos
3229 2877 3366 2931 clam
3411 2884 3468 2930 ct

1886 2969 2081 3025 crebro
2098 2972 2164 3025 ab
2189 2972 2477 3040 Apocauco
2490 2973 2851 3028 ventitabant.
2875 2973 3108 3042 Eratque
3136 2987 3199 3024 ex
3233 2986 3300 3025 eo
3325 2979 3469 3023 tutus

1888 3063 1942 3117 in
1969 3065 2289 3133 aucupanda
2311 3065 2723 3135 opportunitate
2745 3063 3150 3135 qumrendoque
3181 3071 3426 3129 tempore
3447 3101 3462 3124 ,

1888 3171 1998 3226 quo
2031 3157 2180 3211 illum
2209 3157 2466 3212 facillime
2498 3159 2959 3229 comprehensum
2991 3157 3285 3226 Apocauco
3317 3156 3471 3209 vinc-

202 3253 479 3324 παραδοίη
532 3251 612 3324 τῷ
652 3251 1000 3320 Ἀποκαύκῳ.
1048 3250 1235 3316 Οὕτως
1269 3249 1631 3322 άμφιρρεπὴς
1691 3253 1785 3306 καὶ

1893 3257 2003 3303 tum
2047 3248 2308 3304 traderet.
2332 3250 2516 3316 ;Adeo
2554 3250 2643 3306 ille
2679 3251 2975 3307 vacillabat
3008 3266 3227 3322 semper
3265 3249 3467 3304 animi-

203 3346 444 3411 ᾶστατος
471 3341 542 3419 ἦν
571 3345 672 3418 τὴν
700 3345 926 3417 γνώμην
953 3343 1061 3400 άεί.

1815 3322 1858 3379 (ἶ
1893 3356 2000 3410 que
2031 3351 2149 3396 erat
2175 3342 2559 3407 inconstantis.

1672 3452 1908 3511 CAPUT
1946 3455 2012 3509 11.

203 3551 483 3631 Synadeni
515 3553 721 3608 insidia
749 3551 1104 3622 deprehensis.
1140 3546 1413 3631 Tumultus
1459 3564 1515 3631 in
1571 3551 1778 3631 castris.
1814 3548 2218 3631 Cautacuzenus
2269 3554 2531 3631 dispersos
2585 3555 2984 3631 milit_es_cogit.
3034 3557 3156 3610 Acie
3205 3553 3467 3610 instructa

275 3625 933 3694 Apocaucumjxspectat,
961 3634 1319 3694 suosquoque
1364 3623 1736 3694 instruentem,
1779 3629 1856 3694 __at
1899 3623 2145 3688 congredi
2189 3640 2292 3694 non
2345 3626 2646 3680 audentem.
2703 3623 3026 3680 Pedete'ntim
3076 3635 3124 3681 et
3178 3628 3462 3694 composite

278 3689 481 3766 recedit
508 3693 577 3766 ad
610 3689 892 3766 Triballos,
927 3689 1130 3766 steteris
1152 3689 1513 3766 magis-guunt
1541 3689 1885 3766 papularibus
1929 3696 2040 3766 suis
2090 3693 2334 3760 conﬁsus.
2378 3695 2598 3751 Ubinam
2643 3698 2989 3766 pernoctiarit.
3042 3695 3265 3766 Legatos
3297 3689 3377 3748 ἀί)
3409 3714 3468 3750 eo

277 3765 355 3820 ad
386 3763 601 3820 Cralem
631 3765 926 3832 praemissos
967 3762 1121 3832 homo
1151 3758 1414 3832 Triballus
1448 3758 1838 3828 comprehendit
1868 3761 2018 3832 et'ad
2064 3758 2399 3831 Apocaurum
2453 3758 2682 3822 deducit.
2718 3766 2797 3820 De
2837 3765 3048 3821 Liberio

3125 3765 3344 3831 riballo;
3372 3783 3470 3821 cur

279 3836 503 3912 nuntius
535 3834 609 3912 ad
631 3830 748 3886 eum
777 3834 988 3912 missus.
1020 3830 1327 3912 Eaercititm
1354 3837 1712 3912 transeuntem
1736 3833 1918 3912 rustici
1945 3830 2246 3912 lacessunt:
2278 3835 2514 3912 Liberius
2534 3837 2971 3912 gantacuzenum
2997 3839 3220 3905 hospitio
3249 3830 3461 3906 excipit.

277 3907 379 3960 Ηὶε
417 3905 620 3977 hospiti
643 3919 767 3977 vasa
795 3902 1026 3977 ρι’ριὶοερ
1057 3901 1192 3977 ἀοιιο
1221 3900 1335 3977 dat.
1375 3899 1637 3977 Generum
1665 3900 1836 3977 eidem
1868 3901 2148 3977 po_l_l_ice_tur
2183 3903 2487 3977 ΔΜιιηιιίξίεηι
2517 3906 2713 3974 ﬁlium.
2743 3907 2894 3962 εναίὶ
2926 3925 3020 3977 per
3067 3899 3275 3961 litteras
3322 3899 3466 3960 cont-

282 3984 552 4030 mentatus
584 3969 831 4040 Scopiam
883 3971 1043 4032 venit,
1097 3971 1184 4040 ad
1216 3969 1408 4023 Axium

1450 3970 1669 4044 ﬂumen.
1707 3967 1990 4044 Toierabili
2046 3974 2269 4044 hospitio
2320 3967 2593 4031 contentus
2623 3978 2730 4032 illic
2777 3995 2894 4032 cum
2926 3967 3178 4034 'exercitu
3211 3978 3464 4033 subsistit.

281 4046 505 4101 Cratem
551 4038 798 4116 postridie
834 4041 1089 4095 convenit.
1130 4038 1332 4092 Mutua!
1367 4038 1730 4094 salutationes.
1771 4039 1968 4112 Dispar
2009 4038 2280 4114 utriusque
2315 4047 2729 4117 magniﬁcentia.

282 4141 372 4213 [P.
397 4136 526 4209 595]
548 4139 625 4191 A'.
651 4134 854 4206 Θέρους
877 4133 976 4205 μὲν
999 4128 1093 4187 οὖν
1115 4133 1418 4203 ἐνειστήκει
1443 4133 1632 4202 turpe;
1653 4131 1789 4202 (54),

205 4237 307 4290 καὶ
338 4235 366 4286 ὁ
397 4225 700 4299 Συναδηνδς
723 4226 996 4296 Θεόδωρος
1019 4224 1390 4278 ἐπιϐουλεύων
1421 4225 1785 4296 πεφώραται·

206 4329 307 4383 καὶ
329 4326 446 4396 ἅμα
479 4319 703 4392 θόρυόος
728 4318 834 4374 ἀνὰ
860 4319 969 4373 πᾶν
992 4316 1161 4372 τὸτοῦ
1198 4317 1466 4388 βασιλέως
1492 4317 1793 4388 στρατόπε-

206 4422 301 4472 δον
320 4413 413 4485 ἦν,
447 4415 542 4468 καὶ
575 4410 804 4480 ὑποψίαι
839 4410 930 4463 καὶ
945 4409 1195 4480 ἁρπαγαὶ
1213 4409 1332 4463 κατ’
1351 4409 1594 4479 ἀλλήλων
1614 4409 1706 4462 καὶ
1723 4409 1792 4462 δι’

206 4510 484 4579 ἀλλήλων,
517 4505 611 4559 καὶ
635 4501 979 4572 ἀτέκμαρτος
1006 4501 1268 4572 ἀκοσμία.
1301 4500 1440 4571 Ἤδη
1489 4503 1596 4572 γάρ
1627 4502 1722 4554 καὶ
1751 4502 1785 4571 η

203 4605 310 4671 τῆς
336 4599 433 4655 τοῦ
476 4593 817 4651 ’Λποκαύκου
853 4595 1117 4662 στρατιᾶς
1156 4592 1548 4667 παρεδείκνυτο
1579 4593 1788 4664 ἔφοδος.

1967 4137 2008 4192 l.
2044 4138 2246 4192 Aderat
2274 4141 2457 4208 itaque
2489 4141 2736 4195 aestivum
2770 4152 3007 4211 tempus,
3033 4158 3157 4197 cum
3187 4142 3467 4197 Theodori
3517 4205 3520 4208 I

1898 4229 2170 4322 gvnadeni
2208 4231 2422 4286 insidiae
2455 4231 2812 4301 deprehensa:
2841 4241 2970 4287 sunt
3004 4252 3016 4287 :
3056 4235 3330 4303 simulque
3370 4250 3467 4288 cx-

1883 4318 2086 4406 i'titerhe
2115 4334 2206 4388 per
2229 4327 2403 4374 totum
2434 4322 2783 4390 imperatoris
2810 4323 3118 4377 exercitum
3156 4324 3349 4381 turbae.
3409 4333 3467 4378 ct

1894 4409 2256 4479 suspiciones,
2290 4421 2345 4466 et
2367 4420 2570 4466 mutuae
2602 4411 2967 4482 direptiones,
2997 4424 3054 4468 et
3093 4429 3235 4484 caeca
3273 4429 3460 4467 rerum

1895 4503 2259 4572 perturbatio.
2283 4504 2402 4559 Jam
2430 4505 2579 4559 enim
2603 4514 2660 4560 et
2683 4505 2957 4576 Apocauci
2985 4509 3266 4575 copiarum
3292 4506 3466 4576 signi-

1900 4598 2168 4652 ficabatur
2198 4597 2492 4664 adventus,
2527 4607 2582 4654 et
2612 4599 2704 4655 bic
2762 4599 2994 4663 fortasse
3039 4597 3339 4653 exitiabilis
3375 4609 3464 4651 at-

212 4698 330 4750 Kati.
357 4689 482 4762 τάχ’
540 4689 607 4744 ἂν
641 4689 932 4759 πρόχειρος
986 4684 1148 4739 τοῦτο
1178 4681 1248 4757 ἦν
1303 4685 1436 4758 ᾅδης
1469 4685 1546 4756 τῷ
1580 4685 1785 4756 βασιλεῖ

1896 4703 2003 4757 que
2026 4697 2306 4744 extremus
2339 4691 2654 4760 imperatori
2689 4690 2810 4745 dies
2835 4689 3050 4754 fuisset,
3102 4688 3206 4743 nisi
3249 4704 3374 4742 eum
3397 4703 3464 4742 ex

209 4782 518 4856 τηνικαῦτα
562 4781 658 4834 καὶ
693 4779 1002 4841 τελευταῖος
1029 4779 1206 4849 ἥλιος,
1239 4779 1288 4832 εί
1321 4778 1396 4849 μὴ
1441 4778 1534 4832 τοῦ
1572 4796 1789 4850 προφα-

210 4876 342 4940 νοῦς
375 4874 536 4928 αὐτὸν
565 4872 708 4940 ὑπὲρ
735 4871 928 4925 ἐλπίδα
951 4871 1134 4925 πᾶσαν
1185 4871 1213 4922 ό
1245 4869 1378 4932 Θεὸς
1409 4869 1644 4938 ἐξείλετο
1675 4888 1792 4924 κιν-

208 4969 396 5024 δύνου.
429 4963 632 5018 Τοῦτον
659 4963 767 5031 γὰρ
789 4963 852 5015 ἐκ
885 4963 1055 5030 μέσης
1078 4961 1257 5031 ψυχῆς
1282 4962 1778 5030 ἐπικαλεσάμενος,

212 5062 313 5115 καὶ
345 5060 466 5129 ἅμα
495 5056 716 5127 θαρρεῖν
749 5053 926 5122 ἐαυτῷ
973 5054 1520 5123 παρακαλεσάμενος,
1549 5053 1612 5106 τὸ
1655 5053 1792 5107 ἀνα-

215 5151 478 5223 κλητικὸν
516 5149 613 5212 τὰς
652 5146 956 5214 σάλπιγγας
984 5146 1278 5198 ἐκέλευσεν
1304 5144 1750 5213 ἁνακρούσασθαι
1770 5161 1785 5175 ο

216 5248 313 5299 καὶ
358 5243 615 5312 συνέρρει
664 5239 725 5292 τὸ
785 5237 1174 5309 στρατιωτικὸν
1217 5237 1343 5306 περὶ
1395 5235 1557 5289 αὐτὸν
1606 5235 1790 5300 εὐθὺς,

217 5339 334 5390 ὅσοι
368 5335 443 5405 μὴ
482 5331 552 5386 δι’
605 5329 892 5385 ἀσθένειαν
942 5328 1277 5392 λωποδύταις
1317 5327 1467 5382 ἄλλοι
1519 5325 1702 5390 ἄλλοις
1735 5328 1794 5378 ἐν

217 5427 458 5500 τοσαύτῃ
485 5425 876 5497 περιπεσόντες
905 5422 1165 5492 συγχύσει
1194 5423 1392 5493 γυμνοὶ
1416 5419 1794 5490 διεσπάρησαν

220 5522 366 5576 ἄλλοι
388 5521 604 5576 ἄλλοσε.

1897 4779 2139 4834 evidenti
2177 4783 2424 4848 periculo
2459 4793 2657 4852 praeter
2689 4797 2844 4852 spem
2889 4796 3110 4836 omnem
3137 4780 3280 4834 Deus
3331 4794 3464 4832 exe-

1898 4874 2110 4928 misset.
2143 4872 2315 4940 Quem
2353 4873 2442 4928 ille
2462 4889 2528 4929 ex
2562 4874 2758 4928 intimo
2785 4871 2952 4929 corde
2973 4886 3096 4927 cum
3124 4871 3464 4934 invocasset,

1895 4980 2066 5034 seque
2101 4967 2216 5034 ipse
2241 4966 2521 5022 confidere
2547 4967 2819 5037 iussisset,
2881 4966 3125 5035 receptui
3161 4964 3321 5018 tubas
3373 4979 3467 5018 ca-

1897 5073 2030 5111 nere
2060 5057 2384 5127 imperavit;
2413 5066 2468 5114 et
2497 5057 2811 5113 conﬂuxere
2845 5045 3048 5112 milites
3092 5057 3158 5111 ad
3191 5071 3317 5110 eum
3353 5064 3466 5110 sta-

1896 5149 1992 5205 tim
2025 5163 2240 5213 omnes,
2265 5159 2630 5220 praeterquam
2654 5149 2688 5202 ii
2720 5149 2891 5218 quiin
2919 5158 3068 5204 tanta
3099 5148 3464 5218 trepidatione

1895 5243 1950 5298 in
1984 5243 2227 5296 latrones
2245 5241 2338 5295 alii
2369 5236 2509 5295 ali’Os
2533 5257 2656 5295 cum
2690 5241 3040 5305 incidissent,
3069 5241 3140 5294 ob
3180 5241 3466 5295 imbecilli-

1898 5345 2063 5390 tatem
2100 5335 2296 5388 virium
2330 5335 2562 5404 dispersi
2600 5334 2820 5390 fuerant
2859 5335 2952 5389 alii
2977 5335 3089 5390 alio
3124 5334 3279 5389 nudi.

1558 5604 1894 5667 Variorum
1931 5609 2118 5663 notze.
2173 5651 2183 5662 .

223 5715 373 5778 τοίας
421 5712 702 5784 πολεμίων
741 5702 1076 5781 προσϐολῆς,
1119 5707 1416 5764 Cantaeuz.
1455 5723 1521 5773 tt,
1552 5706 1642 5761 38.
1681 5705 1792 5760 Du-

227 5800 376 5840 CANG.

232 5939 375 5980 CASG.

296 5856 407 5925 (5t)
449 5853 749 5912 Cantaeuz.
806 5850 908 5906 lib.
943 5867 1025 5918 ιιι,
1055 5864 1177 5920 cap.
1217 5848 1305 5915 58,
1340 5863 1462 5920 pag.
1524 5847 1645 5903 177.
1683 5845 1788 5900 Dc-

1970 5703 2082 5772 (52)
2139 5702 2215 5756 De
2258 5701 2552 5771 Apoeauco
2600 5701 2692 5757 hic
2740 5701 2864 5756 silet
2892 5700 3330 5788 Cantacuzenus.
3358 5698 3462 5754 Du-

2119 5842 2413 5896 Cantacuz.
2454 5841 2551 5897 lib.
2589 5858 2669 5906 Ill,
2694 5858 2814 5911 cap.
2854 5841 2942 5895 40.
2981 5841 3214 5895 Ducam.

1977 5911 2088 5984 (55)
2117 5913 2409 5968 Cantacuz.
2446 5912 2541 5968 lib.
2569 5929 2649 5980 ιιι,
2682 5927 2802 5982 cap.
2836 5911 2923 5967 59.
2960 5912 3048 5966 40.
3089 5912 3322 5969 Ducam.
