3978 6618
265 456 366 521 εει
654 450 731 526 [Δ.
771 466 824 508 c.
873 453 1028 525 tata}

1281 459 1464 518 BYZA
1478 458 1728 518 NTleE
1761 457 2138 518 lllSTORLE
2167 459 2312 520 LE3.
2341 458 2512 522 XIII.

2671 455 2802 528 [tua
2844 473 2885 512 ι.
2930 473 3166 515 ιοιωεοι..
3208 460 3263 532 ἓ]

3407 466 3513 530 86:2

267 571 410 625 κατά
439 585 496 624 τε
529 571 630 639 τὴν
656 570 896 634 δίαιταν,
931 573 1023 624 καὶ
1055 571 1229 625 ὁπόσα
1254 573 1335 624 δεῖ
1364 575 1477 636 τοῖς
1503 571 1559 624 ἐν
1585 571 1847 641 ἀλλοτρίᾳ

1968 585 2068 622 .um
2109 569 2161 622 in
2191 569 2365 633 victu,
2401 580 2513 624 tum
2544 571 2598 625 in
2663 573 2729 626 iis
2775 572 3055 635 omnibus,
3113 589 3343 643 quorum
3369 575 3514 629 indi-

266 663 358 714 τὸν
393 661 506 730 βίον
535 660 759 714 ἀνύουσι
795 663 1113 732 γῇοῈνδείᾳ
1140 665 1250 733 γὰρ
1288 663 1598 728 πιεζόμενοι
1629 663 1845 732 χρημά-

267 770 376 804 των
402 753 452 803 οί
504 751 746 804 πλεῖστοι
827 751 990 806 πάνθ’
1033 753 1328 820 ὑφίσταντο
1358 753 1428 806 τὰ.
1461 751 1842 821 χαλεπώτατα.

271 844 354 915 [Ρ.
389 843 517 918 399]
551 847 738 908 Ὀσοις
781 847 881 914 μὲν
911 841 1002 899 οὖν
1030 847 1196 913 ἄηθες
1240 846 1301 897 τὸ
1341 846 1571 915 πάσχειν
1625 845 1843 913 ὑπῆρχε

269 939 476 1001 κακῶς,
522 938 963 1009 δυσκαρτέρητος
996 933 1064 1008 ἦν
1109 939 1136 989 ὁ
1181 938 1381 1002 τόπος’
1438 940 1528 991 καὶ
1564 939 1592 991 ό
1636 937 1846 1006 χειμὼν

270 1030 479 1092 ἐκεῖνος
526 1027 623 1081 τοῦ
677 1029 796 1100 βίου
829 1032 1060 1100 συχνοὺς
1111 1031 1448 1099 ἀπήνεγκεν.
1482 1024 1578 1092 Οἷς
1613 1029 1670 1081 δὲ
1717 1029 1844 1080 σύν-

1946 672 2074 731 geut
2107 662 2165 727 ii,
2199 663 2291 731 qui
2329 663 2511 718 alieno
2541 663 2593 716 in
2627 666 2744 718 solo
2787 664 2951 718 vitam
2978 665 3200 732 degunt.
3263 666 3513 726 Pecuniae

1945 752 2091 806 enim
2119 753 2345 822 penuria
2381 755 2555 807 coacti
2585 753 2834 823 plerique
2873 765 3116 808 extrema
3143 771 3370 824 quaaqne
3393 771 3516 826 per-

1945 845 2216 900 ferebant.
2250 846 2576 912 Quicunque
2611 845 2779 915 igitur
2801 845 3043 900 durioris
3067 847 3188 899 vitae
3216 847 3516 900 insolentes

1946 948 2124 997 erant.
2164 938 2227 992 iis
2259 938 2413 991 locus
2444 938 2528 991 vix
2553 937 2859 991 tolerabilis
2894 938 3186 991 videbatur
3208 980 3223 1004 ,
3255 950 3309 991 et
3339 939 3516 993 hiems

1946 1031 2036 1085 illa
2066 1030 2385 1100 frequentes
2443 1031 2656 1085 extulit.
2723 1030 2824 1097 Qui
2861 1044 2992 1087 vero
3044 1031 3195 1085 tenui
3253 1032 3395 1086 victu
3439 1031 3516 1084 uti

268 1138 469 1188 τροφον
501 1116 570 1191 ἦν
597 1124 660 1174 ἐκ
685 1121 886 1175 πολλοῦ
919 1123 976 1175 τὸ
1008 1123 1153 1174 λιτὸν
1188 1123 1285 1189 τῆς
1309 1122 1542 1190 διαίτης.
1576 1123 1670 1174 καὶ
1693 1122 1752 1174 τό
1780 1138 1845 1189 γε

1970 1123 2270 1192 ampridem
2301 1123 2629 1180 didicerant.
2668 1133 2744 1180 et.
2788 1124 3122 1191 utSpartani
3157 1122 3236 1175 illi
3274 1132 3515 1182 veteres,

271 1213 412 1265 κατὰ
466 1216 593 1276 τοῦς
641 1215 811 1268 πάλαι
868 1215 1215 1285 Σπαρτιατας
1255 1214 1500 1277 ἐκείνους
1557 1213 1846 1282 ἀρκεῖσθαι

274 1304 418 1374 μάζῃ
447 1307 540 1357 καὶ
561 1304 736 1372 ὕδατι,
767 1306 862 1358 καὶ
885 1307 1494 1376 προσταλαιπωρεῖσθαι
1519 1309 1627 1367 τοῖς
1659 1307 1846 1369 ὅπλοις

273 1396 495 1467 νύκτωρ
519 1399 613 1450 καὶ
652 1398 772 1466 μεθ’
801 1399 1038 1470 ἡμέραν,
1065 1399 1290 1461 τούτους
1319 1398 1379 1451 οὐ
1417 1399 1561 1467 μάλα
1588 1399 1850 1469 ἐξέπλητ-

272 1503 360 1540 τεν
391 1490 497 1542 ὅσα
538 1489 694 1557 φέρει
748 1491 898 1543 δεινὰ
935 1492 996 1544 τὸ
1027 1495 1124 1560 τῆς
1178 1492 1463 1560 ἀλλοτρίας
1505 1492 1669 1561 ἄηθες
1703 1491 1845 1557 γῆς·

271 1580 386 1632 ἀλλ’
420 1581 452 1634 ὃ
481 1583 610 1642 τοὺς
647 1583 842 1645 ἄλλους
872 1583 1046 1648 ὲποίεγι
1097 1585 1494 1650 ταλαιπωρεῖν,
1532 1584 1683 1652 σφίσι
1735 1583 1850 1651 βίος

270 1669 338 1743 ἦν
405 1674 810 1744 ἀταλαίπωρος.
839 1675 996 1730 Οὕτω
1035 1677 1216 1747 ῥᾴδιον
1246 1679 1276 1746 ἡ
1311 1675 1572 1745 συνήθεια
1601 1678 1695 1728 καὶ
1725 1679 1850 1730 κοῦ-

271 1784 377 1835 φον
409 1767 506 1819 καὶ
536 1767 599 1819 οὐ
647 1766 851 1836 σφόδρα
898 1770 1187 1826 ἐπίπονονο
1226 1768 1367 1822 ὥστε
1414 1772 1507 1823 καὶ
1540 1771 1593 1823 εἴ
1632 1787 1736 1834 τις,
1785 1770 1848 1821 ἐκ

271 1860 594 1929 προθέτεως
640 1861 852 1930 ἀγαθῆς
891 1861 1243 1932 ὡρμημένος,
1285 1863 1373 1914 τὸν
1409 1861 1632 1930 ἄριστον
1673 1863 1849 1915 ἕλοιτο

275 1950 418 2019 βίον,
448 1952 830 2019 ἀταλαίπωρον
859 1954 926 2007 ἂν
955 1950 1095 2006 εἷναί
1123 1956 1172 2006 oi
1207 1956 1370 2019 εὐθὺς
1394 1956 1489 2009 τοῦ
1519 1954 1710 2009 λοιποῦ
1737 1955 1853 2025 βίον

271 2057 332 2094 τε
379 2041 566 2096 ἀνύειν
604 2045 871 2098 ἀνώδυνον
909 2048 1006 2100 καὶ
1040 2047 1244 2119 ἡδονὴν
1275 2050 1545 2104 ἀθάνατον
1581 2050 1642 2102 ὲν
1673 2047 1854 2120 θνητῷ

272 2147 334 2182 κε
349 2132 519 2186 ἄσθαι
552 2134 786 2204 σώματι.

345 2226 429 2284 Β’.
472 2227 612 2294 Ἐγὼ
643 2228 686 2281 δ’
711 2230 961 2283 ἐνταυθοῖ
987 2231 1088 2301 τῆς
1115 2234 1357 2301 ίστορίας
1386 2224 1673 2304 γενόμενος
1697 2236 1856 2289 ἐσου⁴

269 2319 454 2388 λόμην
500 2319 1011 2394 λεπτομερεστέραν
1042 2327 1166 2378 τινὰ
1194 2328 1529 2396 ποιήσασθαι
1581 2329 1680 2398 τὴν
1715 2329 1856 2400 ἀφή-

269 2426 467 2477 γησιν,
497 2413 593 2465 καὶ
624 2414 968 2484 δημηγορίας
1001 2417 1240 2470 ἐκθεῖναι
1267 2421 1361 2472 τοῦ
1389 2419 1677 2487 βασιλέως.
1712 2421 1774 2482 ἃς
1799 2437 1856 2472 τε

272 2501 422 2566 πρὸς
439 2501 529 2554 τὸν
549 2503 776 2573 Κράλην
801 2493 1122 2576 πεποίηται,
1155 2509 1248 2560 καὶ
1278 2509 1344 2567 ἃς
1371 2510 1511 2579 πρὸς
1539 2511 1628 2562 τὸν
1655 2512 1855 2562 οἰκεῖον

273 2591 517 2657 στρατὸν
551 2593 608 2643 ὲν
646 2597 859 2664 καιροῖς
897 2599 1009 2658 τοῖς
1041 2598 1322 2666 ἀνήκουσι,
1362 2602 1454 2651 καὶ
1487 2599 1552 2662 ἃς
1587 2600 1726 2670 πρὸς
1760 2602 1859 2654 αύ-

272 2684 372 2733 τὸν
408 2684 626 2736 ἐκεῖνοι.
655 2690 776 2738 Δεῖν
803 2688 910 2759 γὰρ
942 2690 1017 2752 ὡς
1054 2691 1124 2742 τὰ
1156 2692 1328 2745 πολλὰ
1360 2694 1458 2746 καὶ
1508 2693 1743 2765 πράξεσι
1773 2695 1861 2749 λό-

274 2789 414 2838 γους
444 2775 541 2826 καὶ
571 2775 748 2840 λόγοις
779 2780 1006 2848 πράξεις
1041 2784 1293 2852 πανταχῆ
1330 2772 1706 2854 παρεζεῦχθαι
1732 2801 1745 2814 ·
1783 2786 1858 2854 μὴ

277 2865 449 2931 μόνον
473 2869 556 2919 ὅτι
581 2868 757 2939 ψυχῆς
793 2873 997 2934 εἰκόνες
1032 2875 1316 2945 ἀμφότερα
1346 2877 1445 2933 καὶ,
1479 2879 1575 2947 τῆς
1612 2880 1668 2931 ὲν
1704 2879 1842 2950 αὑτῇ

277 2961 653 3032 κατοικούσης
695 2962 922 3034 γνώμης
955 2966 1048 3020 καὶ
1085 2966 1342 3034 γνώσεως
1391 2971 1722 3038 αὐτάγγελοι
1755 2973 1860 3041 κή-

279 3066 473 3118 ρυκες,
504 3053 797 3106 κάντεῦθεν
838 3057 1033 3124 χρῆναι
1070 3059 1414 3129 σαφεστέραν
1445 3060 1545 3131 τὴν
1573 3063 1682 3115 τῶν
1714 3063 1862 3116 ίστο-

283 3145 574 3214 ρουμὲνων
609 3147 916 3214 προσώπων
965 3153 1058 3203 καὶ
1087 3153 1434 3223 πραγμάτων
1487 3155 1735 3220 γίνεσθαι
1765 3157 1859 3221 δή·

1948 1227 2087 1280 pane
2155 1221 2211 1267 et
2242 1228 2379 1281 aqua
2419 1213 2661 1266 contenti
2725 1210 2964 1269 fuerant.
2993 1209 3152 1281 641
3191 1211 3513 1279 laboresque

1949 1315 2116 1359 noctu
2146 1315 2200 1358 et
2235 1305 2472 1360 interdiu
2509 1305 2733 1359 bellicos
2763 1305 3153 1368 toleraverant,
3179 1319 3274 1358 eos
3307 1321 3413 1357 non
3441 1305 3513 1358 ita

1951 1400 2276 1466 frangebant
2308 1397 2450 1452 mala
2483 1397 2598 1457 illa,
2629 1412 2752 1465 qua:
2811 1397 2913 1451 soli
2963 1397 3181 1453 externi
3219 1397 3512 1451 insolentia

1949 1491 2127 1546 affert.
2162 1489 2266 1545 Sed
2302 1507 2424 1560 quae
2453 1491 2560 1545 vita
2593 1492 2967 1546 moleStiarum
3003 1493 3162 1560 plena
3221 1493 3344 1547 aliis
3375 1501 3514 1553 erat,

1952 1583 2019 1637 iis
2045 1582 2309 1637 molestiae
2359 1599 2556 1652 expers
2604 1583 2914 1638 videbatur.
2977 1584 3126 1638 Adeo
3176 1584 3517 1639 consuetudo

1951 1675 2070 1746 ipsa
2105 1687 2334 1744 pronum
2359 1675 2617 1745 quiddam
2672 1687 2725 1730 et
2757 1676 2875 1730 leve
2909 1685 3012 1740 est,
3071 1687 3126 1730 et
3175 1677 3401 1730 minime
3438 1677 3516 1730 la-

1951 1767 2255 1822 boriosum.
2287 1768 2631 1836 Quapropter
2661 1768 2707 1822 si
2739 1768 2862 1836 quis
2894 1767 3151 1836 prudenti
3188 1767 3518 1837 cogitatione
3595 1802 3603 1808 -

1957 1861 2219 1917 inductus
2239 1861 2510 1931 optimum
2533 1861 2654 1914 vitae
2675 1875 2846 1930 genus
2873 1861 3059 1929 eligat,
3085 1860 3242 1916 facile
3263 1860 3313 1914 ei
3336 1858 3517 1914 statim

1959 1955 2310 2009 fueritvitam
2342 1954 2548 2008 laboris
2584 1962 2747 2021 atque
2777 1950 3110 2007 incommodi
3145 1960 3424 2018 expertem
3454 1949 3521 2002 de

1955 2061 2161 2107 caetero
2191 2063 2377 2120 agere,
2429 2056 2486 2102 et
2551 2047 2892 2114 voluptatem
2929 2043 3145 2097 mortali
3198 2043 3252 2096 in
3296 2057 3524 2111 corpore

1957 2159 2152 2215 parare
2178 2142 2278 2197 sibi
2314 2140 2702 2196 immortalem.

2027 2239 2092 2294 ll.
2127 2237 2240 2293 llac
2272 2252 2372 2308 ego
2404 2236 2457 2290 in
2486 2243 2639 2305 parte
2669 2232 2914 2288 historia:
2967 2230 3181 2301 singula
3244 2228 3406 2284 velim
3435 2243 3528 2281 ex-

1957 2347 2163 2404 ponere
2192 2330 2480 2392 minutius.
2509 2343 2714 2396 easque
2763 2326 2970 2381 referre
3025 2325 3329 2386 orationes,
3395 2337 3532 2392 quas

1959 2425 2262 2493 imperator
2294 2437 2419 2477 cum
2475 2421 2617 2491 apud
2669 2408 2882 2474 Crale'm
2936 2416 3146 2480 habuit,
3215 2425 3328 2470 tum
3387 2413 3530 2483 apud

1958 2533 2117 2574 suum
2135 2516 2462 2581 exercitum,
2491 2521 2654 2584 prout
2681 2511 2900 2567 occasio
2937 2511 3063 2565 tulit
3092 2527 3106 2574 ;
3139 2518 3192 2562 et
3218 2524 3311 2562 eas
3344 2508 3531 2571 etiam,

1959 2624 2094 2678 quas
2136 2608 2212 2661 illi
2245 2621 2368 2660 cum
2398 2619 2484 2659 eo.
2517 2602 2791 2658 Conwnit
2817 2602 2965 2656 enim
3001 2601 3259 2676 maxime.
3291 2607 3345 2654 et
3379 2598 3535 2651 factis

1960 2700 2106 2755 dicta
2141 2709 2196 2754 et
2223 2697 2388 2753 dictis
2434 2695 2574 2751 facta
2631 2694 2833 2764 passim
2889 2693 3143 2757 annecti;
3197 2707 3302 2744 non
3357 2689 3533 2744 solum

1960 2793 2090 2866 quia
2121 2791 2416 2860 utrumque
2447 2787 2578 2845 illud
2612 2787 2780 2842 animi
2813 2786 2992 2852 imago
3021 2784 3351 2849 latentisque
3384 2781 3438 2834 in
3469 2795 3535 2834 eo

1971 2879 2277 2935 voluntatis
2313 2889 2368 2934 et
2394 2877 2742 2948 cogitationis
2799 2877 3074 2945 genuinus
3114 2873 3279 2925 veluti
3309 2869 3535 2922 nuntius

1962 2985 2084 3039 est,
2114 2985 2280 3042 atque
2314 2972 2440 3025 hinc
2475 2969 2740 3025 exsistere
2764 2973 2983 3036 oportet
3017 2964 3310 3020 certiorem
3350 2976 3537 3028 persn-

1963 3083 2159 3122 narum
2184 3076 2240 3120 et
2260 3080 2467 3130 rerum,
2486 3063 2554 3118 de
2581 3062 2785 3132 quibus
2804 3061 3006 3131 agitur,
3031 3057 3318 3111 notitiam:
3346 3069 3533 3108 rerum

1964 3162 2128 3217 etiam
2163 3159 2288 3229 quia
2315 3160 2369 3214 in
2405 3158 2569 3212 dictis
2604 3153 2952 3209 adumbratio
2983 3151 3230 3222 quedam
3261 3148 3534 3203 factorum

279 3235 458 3291 λωσιν
478 3237 565 3290 διὰ
585 3239 692 3290 τῶν
716 3241 966 3295 τοιούτων
996 3259 1009 3273 ·
1041 3243 1175 3296 ἀλλὰ
1200 3245 1292 3298 καὶ
1316 3246 1397 3299 ὅτι
1423 3249 1762 3315 σκιαγραφία
1781 3247 1860 3311 τίς

1968 3262 2050 3308 est
2075 3269 2087 3307 :
2111 3261 2168 3306 et
2200 3251 2289 3305 illa
2319 3248 2543 3319 quidam
2571 3248 2788 3315 praeire,
2845 3244 2962 3298 ιιωο
2996 3251 3180 3296 autem
3211 3253 3353 3308 pone
3383 3238 3536 3305 sequi

280 3330 404 3382 ἔστι
449 3331 560 3384 τῶν
594 3331 849 3402 πράξεων
874 3338 899 3388 ό
941 3335 1094 3404 λόγος
1121 3353 1136 3367 ⁶
1171 3339 1263 3391 καὶ
1312 3340 1520 3393 τούτων
1558 3339 1659 3410 μὲν
1703 3335 1862 3404 οὗτος

279 3422 540 3490 ἡγεῖται·
595 3423 786 3478 τούτου
821 3426 866 3478 δ’
897 3419 1058 3481 αὗται
1109 3429 1342 3483 κατόπιν
1397 3430 1671 3502 ἔρχονται.
1718 3432 1862 3488 Ἀλλ’

281 3517 596 3587 ἐπειδήπερ
622 3519 841 3588 ὁρῶμεν
865 3523 1040 3585 ἐνίους
1064 3523 1142 3594 τῷ
1169 3524 1378 3578 πλείονι
1412 3526 1572 3597 μέρει
1599 3528 1698 3594 τῆς
1731 3543 1864 3597 συγ-

285 3610 515 3678 γραφῆς
547 3612 605 3663 ἐν
635 3617 754 3678 ταῖς
782 3613 1148 3684 δημηγορίαις
1171 3618 1654 3687 καταχρωμένους,
1691 3620 1780 3674 διὰ
1802 3611 1866 3674 τὸ

287 3702 538 3768 μάλιστα
575 3704 795 3759 πάντων
835 3709 892 3758 ἐν
930 3708 1160 3770 ταύταις
1206 3708 1352 3778 ἔχειν
1383 3709 1479 3781 τὴν
1510 3711 1610 3781 τῆς
1646 3715 1867 3783 ῥητορι-

283 3795 392 3860 κῆς
433 3796 804 3852 ἐνδείκνυσθαι
853 3800 1084 3872 δύναμιν
1129 3802 1224 3856 καὶ
1269 3804 1330 3856 τὸ
1362 3806 1461 3874 τῆς
1494 3804 1647 3872 σφῶν
1677 3806 1870 3874 σοφίας

286 3888 624 3958 φιλότιμιον,
656 3891 729 3955 ὡς
760 3894 1060 3962 συμϐαίνεν
1083 3894 1334 3948 ἐντεῦθεν
1357 3897 1418 3948 τὸ
1439 3897 1718 3968 πάρεργον
1745 3900 1866 3968 μεῖ-

1967 3345 2168 3401 solent.
2197 3342 2302 3397 Sed
2330 3340 2460 3411 quia
2487 3339 2740 3394 videmus
2769 3335 3032 3406 quosdam
3066 3331 3300 3386 maxima
3355 3328 3541 3397 operis

1969 3446 2122 3508 parte
2152 3436 2302 3490 abuti
2333 3435 2400 3488 ad
2429 3432 2743 3493 conciones,
2783 3427 2930 3498 quod
2963 3429 3015 3480 in
3069 3426 3149 3480 eis
3185 3423 3421 3479 maxime
3458 3421 3544 3474 lo-

1971 3545 2066 3586 cus
2097 3529 2169 3584 sit
2201 3525 2543 3584 Ostentanda:
2570 3522 2790 3579 dicendi
2838 3517 3083 3574 facultati
3117 3526 3174 3572 et
3206 3513 3541 3572 eruditionis

1976 3623 2303 3687 ambitioni;
2345 3619 2490 3675 unde
2522 3619 2600 3686 fit,
2646 3627 2707 3672 ut
2761 3617 2879 3686 ipsa
2906 3630 2967 3669 re
2999 3613 3176 3683 majus
3208 3608 3542 3679 quandoque

1976 3718 2203 3773 exsistat
2240 3713 2317 3780 id,
2354 3711 2502 3783 quod
2539 3720 2624 3765 est
2655 3718 2811 3765 extra
2841 3722 2984 3770 rem;
3053 3704 3258 3758 idcirco
3307 3699 3541 3754 mediam

1976 3807 2135 3864 nobis
2164 3808 2304 3860 viam
2339 3804 2627 3861 tenendam
2666 3818 2786 3858 esse
2843 3799 3183 3855 censuimus.
3238 3793 3545 3850 Redeamus

1977 3899 2163 3966 itaque
2191 3895 2355 3967 642
2382 3896 2533 3959 illuc,
2571 3892 2715 3948 unde
2749 3888 2980 3962 digressi
3005 3900 3220 3943 sumus.

286 3984 514 4067 ξθνίεοῧ
552 3987 715 4058 ἔργου
768 3989 1154 4053 καθίστασθαι,
1187 3990 1287 4059 τὴν
1351 3990 1523 4061 μέσην
1561 3995 1721 4064 ἡμεῖς
1782 3992 2020 4061 βαδίζειν
2087 3992 2385 4063 ικρίναμεν
2429 3991 2560 4045 δεῖν.
2623 3987 2935 4041 Ἐπανιτὲον
3006 3979 3295 4052 τοιγαροῦν
3352 3976 3547 4032 ὁπόθεν

287 4079 373 4142 εἰς
401 4078 578 4133 ταῦτα
607 4080 899 4149 ἐξέϐημεν.

363 4170 443 4224 Γ’.
491 4169 598 4224 Τοῦ
657 4169 764 4240 γάρ
795 4183 878 4224 τοι
937 4171 1206 4240 βασιλέως
1239 4172 1319 4244 τῷ
1373 4173 1568 4246 Κράλῃ
1623 4177 1876 4240 συνόντος

289 4263 390 4316 καὶ⁸
433 4261 912 4330 συνδιαιτωμένου,
937 4265 1036 4318 οὒκ
1063 4260 1129 4335 ἦν
1153 4265 1376 4334 ἀμελεῖν
1404 4267 1499 4318 οὐδ
1511 4268 1618 4336 πιμῆ
1654 4268 1867 4329 Βυζαν-

290 4355 435 4410 τίοις
463 4354 572 4406 τῶν
603 4355 724 4407 κατ’
757 4355 969 4410 ἐκείνου
1013 4357 1346 4412 ἐπιϐουλῶν·
1381 4359 1540 4420 ἀλλὰ,
1574 4359 1742 4424 δόλοις
1784 4361 1867 4414 δό-

289 4441 424 4504 λους
454 4442 848 4515 συνέρραπτον,
880 4448 978 4498 καὶ
1014 4448 1243 4517 μυρίους
1281 4448 1368 4502 ἀεὶ
1403 4449 1666 4514 θανάτους
1711 4451 1875 4522 ἐξήρ-

2052 4175 2145 4230 lll.
2181 4174 2406 4230 interim
2436 4172 2565 4228 dum
2603 4175 2908 4242 imperator
2959 4167 3103 4240 apud
3134 4165 3349 4221 Cralem
3401 4179 3550 4219 com-

1978 4276 2226 4322 moratur
2254 4275 2309 4320 et
2329 4266 2450 4336 ejus
2481 4263 2736 4319 convictu
2771 4263 2964 4324 utitur,
3027 4273 3296 4328 nusquam
3343 4255 3550 4326 Byzan-

1981 4361 2038 4414 tii
2070 4367 2286 4414 cessant
2316 4367 2530 4412 struere
2559 4356 2636 4410 illi
2666 4353 2917 4409 insidias.
2978 4351 3086 4408 Sed
3145 4351 3281 4405 alios
3315 4365 3381 4404 ex
3427 4349 3550 4403 aliis

1977 4452 2136 4507 dolos
2163 4456 2460 4512 eo'nsuunt,
2514 4456 2570 4503 et
2621 4447 2941 4500 innumeras
2994 4452 3198 4514 mortes
3231 4441 3469 4496 conflant
3497 4441 3550 4494 ei

289 4551 424 4587 τυον
483 4534 604 4587 κατ’
632 4534 820 4592 αὐτοῦ.
870 4538 1152 4607 Πέμπουσι
1217 4540 1393 4593 τοίνυν
1433 4542 1490 4605 ὲς
1538 4543 1637 4612 μὲν
1701 4545 1860 4614 τούμι

1977 4543 2247 4615 quotidie.
2283 4543 2507 4598 Mittunt
2538 4540 2704 4612 igitur
2731 4538 2904 4608 palam
2937 4535 3160 4608 quidem
3185 4533 3414 4605 legatos,
3453 4533 3545 4599 qui

290 4626 468 4694 φανὲς
519 4628 782 4695 πρέσϐεις
838 4629 1288 4699 ἀπαγγελοῦντας
1360 4634 1489 4702 περί
1554 4651 1614 4686 τε
1673 4636 1872 4706 κήδους

293 4721 399 4773 ὅσα
432 4719 603 4788 ἐξείη,
632 4723 724 4774 καὶ
747 4723 892 4775 δυοῖν
916 4724 1184 4793 αἱρέσεων
1215 4727 1580 4795 προτεθεισῶν
1606 4726 1876 4796 βασιλέως

296 4812 486 4875 ἕνεκα,
515 4813 750 4884 ὁποτέρᾳ
775 4818 1092 4882 προσθεῖναι
1142 4815 1386 4885 βούλοιτο
1421 4818 1635 4889 δηλοῦν,
1669 4820 1702 4890 ἢ
1755 4821 1874 4874 δέσ-

302 4921 428 4971 μιον
459 4905 672 4957 τουτονὶ
704 4907 840 4972 μετὰ
893 4908 989 4977 τῆς
1044 4908 1188 4978 ζωῆς
1242 4909 1525 4981 δηλαδὴ,ἦ
1579 4913 1678 4982 τὴν
1709 4914 1875 4966 αἰτοῦ

298 4996 542 5067 κεφαλὴν
571 4998 836 5066 ἀφελόντα
865 4998 958 5052 τοῦ
991 5001 1241 5070 σώματος
1274 5005 1330 5064 ἐς
1369 5001 1667 5068 Βυζάντιον
1709 5006 1877 5076 μηδὲν

303 5089 651 5159 μελλήσαντα
679 5091 923 5161 πέμπειν
951 5092 1025 5156 ὡς
1058 5095 1292 5163 τάχιστα
1313 5113 1325 5125 ·
1359 5094 1515 5165 ἥξειν
1545 5112 1604 5150 τε
1637 5095 1745 5166 γὰρ
1775 5113 1876 5148 κα-

300 5183 460 5235 τόπιν
492 5182 656 5246 εὐθὺς
691 5183 840 5254 αὐτῷ
883 5187 982 5254 τήν
1029 5203 1088 5238 τε
1135 5186 1411 5257 θυγατέρα
1453 5189 1550 5258 τῆς
1583 5188 1874 5258 βασιλίδος.

303 5275 526 5345 νύμφην
557 5277 650 5328 ἐπὶ
671 5276 748 5344 τῷ
777 5277 989 5330 ἐκείνου
1022 5277 1200 5343 παιδὶ,
1233 5280 1329 5332 καὶ
1366 5279 1484 5349 ἅμα
1511 5280 1610 5352 τὴν
1634 5280 1744 5333 τῶν
1779 5285 1877 5350 μὲ-

304 5365 507 5438 χρι[Ρ.
540 5365 669 5439 400]
727 5368 1180 5439 Χριστουπόλεως
1215 5369 1328 5442 (66)
1388 5370 1600 5426 ἐκεῖθεν
1658 5373 1876 5441 χωρίων

1979 4636 2048 4691 de
2075 4635 2333 4689 alliuitate
2361 4646 2704 4704 qumcunque
2736 4639 2954 4700 oportet
2987 4624 3301 4696 signiﬁcent
3332 4631 3556 4693 petant-

1980 4742 2108 4797 que,
2145 4733 2224 4790 ut,
2259 4725 2474 4780 duabus
2501 4724 2570 4778 de
2599 4723 2930 4792 imperatore
2962 4715 3374 4773 conditionibus
3401 4713 3554 4766 obla-

1982 4819 2072 4883 tis,
2106 4828 2278 4871 utram
2318 4816 2519 4884 eligere
2546 4815 2700 4870 malit
2741 4813 2980 4868 declaret
3010 4827 3025 4864 :
3064 4825 3162 4864 seu
3196 4808 3442 4861 vinctum
3481 4804 3552 4858 il-

1982 4912 2092 4966 lum
2127 4910 2419 4978 vivumque
2449 4906 2696 4968 tradere,
2757 4918 2854 4958 seu
2913 4901 3063 4956 illius
3121 4906 3286 4968 caput
3313 4909 3554 4964 corpore

1982 5003 2282 5058 abscissum
2311 5003 2428 5054 sine
2457 4999 2563 5053 ulla
2599 4996 2950 5073 cunctatione
3001 4991 3326 5063 Byzantium
3383 5003 3549 5060 quam

1982 5093 2270 5148 celerrime
2309 5091 2524 5146 mittere
2560 5106 2575 5142 :
2608 5097 2901 5143 venturam
2929 5084 3079 5140 enim
3112 5081 3349 5139 subinde
3376 5080 3552 5150 impe-

1985 5185 2202 5241 ratricis
2231 5185 2395 5238 filiam
2429 5181 2587 5237 istius
2627 5180 2737 5234 lilio
2798 5176 3240 5248 despondendam
3297 5187 3548 5234 uxorem,

1985 5269 2259 5346 simulque
2284 5251 2526 5328 omnium
2561 5273 2715 5326 illinc
2753 5285 2926 5340 usque
2972 5265 3344 5331 Cbristopoliu
3395 5263 3546 5317 loco-

1985 5389 2102 5426 rum
2137 5371 2468 5440 urbiumque
2497 5375 2823 5439 potestatem
2869 5363 3091 5434 scriptis
3150 5349 3547 5418 consiunatam,

1621 5487 1962 5549 Variorum
1998 5496 2184 5547 notas.

375 5611 485 5675 (66)
520 5611 677 5684 Quod
727 5612 948 5680 quidem
985 5625 1014 5684 a
1048 5612 1326 5684 Byzantiis
1367 5615 1536 5684 et‘ab
1567 5612 1861 5684 Apocauco

306 5686 548 5738 oblatum
580 5682 790 5737 Serviat
842 5682 1105 5752 principi,
1145 5684 1196 5736 in
1234 5698 1397 5737 causa
1435 5682 1574 5736 forte
1607 5682 1730 5741 fuit.
1761 5699 1863 5737 cur

307 5755 755 5814 aCantacuaeno,
793 5769 823 5808 a
857 5768 968 5821 quo
1003 5751 1056 5804 iu
1100 5752 1322 5807 foederis
1345 5754 1664 5808 societatem
1712 5754 1864 5806 solli-

309 5824 600 5884 citabatur,
652 5822 978 5890 expetierit.
1013 5822 1161 5892 quod
1218 5838 1278 5877 se
1309 5823 1608 5890 denegasse
1638 5832 1872 5876 testatur

312 5895 450 5951 idem
478 5892 844 5950 Cautacuzeu.
897 5893 990 5947 lib.
1047 5908 1134 5966 ιιι,
1183 5909 1305 5962 cap.
1342 5893 1412 5946 45
1457 5902 1510 5948 et
1551 5895 1640 5948 Η.
1676 5893 1781 5948 Sed
1817 5903 1874 5947 et

1970 5613 2039 5667 de
2093 5609 2402 5667 occidendo
2439 5606 2825 5663 Cantaeuzeno
2856 5608 3056 5678 agitata
3106 5617 3224 5657 esse
3255 5597 3486 5678 consilia
3519 5614 3550 5653 a

1973 5684 2249 5738 Servianis
2295 5679 2673 5748 optimatibus,
2704 5668 2917 5751 iudicio
2969 5689 3091 5751 esse
3125 5681 3301 5751 potest
3330 5668 3557 5751 pelea-te

1974 5753 2180 5808 Servite
2219 5738 2396 5805 Cralis
2436 5751 2623 5805 uxoris
2651 5738 2719 5804 ad
2767 5763 2863 5804 eos
2897 5745 3078 5800 habita
3115 5738 3290 5798 oratio
3329 5738 3384 5794 in
3413 5738 3550 5795 eod.

1979 5838 2100 5894 cap.
2135 5822 2225 5878 Η.
2261 5823 2499 5876 Ducssc.
