3796 6580
367 429 470 491 ἔϐἹ
651 424 725 496 [Α.
766 440 824 481 ιι.
863 423 1026 491 6850,
1071 440 1176 480 IND.
1222 423 1311 496 10]

1596 430 2011 492 NICEPHORI
2049 429 2435 490 ΟιὶΕϐΟΡοέΕ

2735 423 2868 495 [tum
2899 386 2948 478 ~1.
2996 434 3230 478 ινλιεοι..
3264 421 3320 493 2]
3463 433 3541 499 864

370 542 442 595 ita
474 548 536 594 nt
565 555 731 593 llllllm
760 539 1018 609 deinceps
1041 550 1095 595 et
1119 539 1444 593 continuum
1476 538 1528 593 ei
1560 539 1806 594 futurum
1855 541 1926 596 sit

2067 541 2133 592 εαὶ
2170 540 2380 592 πόλεων
2410 538 2688 608 ἔγγραφον
2713 537 3012 607 κυριότητα
3039 554 3052 568 °
3085 537 3158 602 ώς
3187 538 3411 606 γίνεσθαι
3445 546 3545 610 μίαν

372 635 662 704 imperium
695 650 724 687 a
759 635 1021 689 Dalmatia
1060 645 1116 688 et
1144 635 1380 703 Illyrico,
1406 643 1460 687 et
1486 637 1632 689 omni
1678 636 1769 690 illo
1797 637 1933 690 cite-

371 723 516 776 riore
555 733 751 788 tractu,
795 725 887 792 qui
914 724 1083 778 lonici
1115 725 1280 778 maris
1315 727 1635 780 orientalem
1673 742 1826 780 oram
1854 737 1935 782 at-

370 814 549 883 tingit,
605 815 668 868 ad
698 815 980 886 Philippos
1012 832 1186 886 usque
1227 827 1281 874 et
1306 815 1701 886 ChristOpolin.

442 993 525 1048 IV.
558 998 633 1049 Ac
670 998 796 1050 talia
827 999 1052 1068 quidem
1085 1010 1264 1062 erant,
1294 1017 1415 1070 quae
1455 1017 1554 1071 per
1605 1003 1935 1072 legationem

369 1095 423 1140 et
446 1099 632 1155 aperte
668 1089 992 1157 agebantur.
1025 1091 1154 1155 Qua:
1182 1108 1311 1147 vero
1345 1094 1483 1148 clam
1508 1110 1720 1150 venena
1762 1097 1942 1153 mitte-

371 1177 592 1242 bantur,
627 1182 816 1236 erehra
841 1197 903 1236 ac
937 1183 1280 1252 multiplicia.
1312 1200 1484 1254 eaque
1510 1197 1716 1254 pestem
1743 1204 1930 1244 acrem

373 1269 825 1338 atquedillicilem
849 1273 1104 1331 celantia.
1136 1285 1194 1328 ut
1219 1275 1431 1344 singula
1457 1290 1938 1347 percenserentur,

377 1375 517 1429 opus
546 1373 692 1416 esset
733 1364 1052 1419 Mithridate
1081 1367 1198 1432 illo,
1231 1369 1324 1437 qui
1356 1386 1480 1423 cum
1513 1386 1540 1425 a
1577 1372 1941 1442 Paphlagonia

379 1466 554 1520 usque
587 1454 896 1521 possideret
927 1455 1238 1522 imperium,
1298 1459 1445 1526 quod
1491 1477 1593 1531 per
1623 1461 1940 1517 Colchidem

378 1543 762 1616 Lazicamque,
797 1559 852 1601 et
908 1546 1214 1604 Caucaseos
1251 1563 1488 1615 montes,
1541 1553 1695 1608 ultra‘
1717 1554 1942 1610 Tanaim

379 1634 683 1691 Matotidem
718 1639 1122 1707 porrigebatur,
1170 1651 1226 1695 et
1261 1642 1328 1696 ad
1355 1642 1588 1715 Scythas
1644 1662 1817 1715 usque
1851 1662 1946 1702 oc-

378 1723 569 1778 ciduos
603 1727 970 1797 pertingebat,
995 1739 1050 1784 et
1075 1730 1319 1787 infensas
1343 1732 1447 1787 sibi
1486 1733 1705 1790 fecisset
1761 1737 1948 1806 vigen-

384 1827 465 1871 tes
497 1827 607 1872 tum
640 1820 1013 1876 Romanorum
1046 1825 1212 1887 vires.
1275 1827 1609 1896 timeretqne
1672 1844 1738 1882 ne
1787 1831 1946 1886 vivus

381 1917 672 1978 caperetur
703 1912 906 1967 virtute
936 1929 1000 1968 ac
1029 1915 1246 1972 fortuna
1287 1919 1557 1988 Pompeii,
1586 1936 1799 1978 venena
1827 1937 1945 1977 om-

381 1999 473 2054 nia
499 2001 900 2070 exploraverat,
934 2005 1094 2077 643
1133 2017 1189 2062 οι
1213 2009 1460 2064 omnium
1507 2009 1944 2069 efﬁcacissimum

381 2094 988 2167 prmsentissimumqne
1025 2111 1333 2168 paraverat.
1400 2119 1510 2172 quo
1543 2115 1725 2173 posset
1755 2106 1944 2171 vitam,

384 2186 474 2239 ubi
502 2201 725 2244 necesse
750 2200 916 2251 esset.
949 2192 1300 2263 abrumpere.
1356 2193 1511 2261 Quod
1568 2197 1659 2252 ille
1695 2199 1862 2270 igitur
1891 2199 1944 2252 in

385 2277 648 2346 seipsum
683 2296 851 2337 ausus
880 2283 1076 2349 fuerat,
1107 2285 1158 2338 id
1192 2287 1472 2356 Byzantini
1507 2289 1696 2343 sedulo
1726 2300 1782 2346 et
1808 2301 1948 2346 stre-

385 2386 492 2425 nue
525 2372 578 2426 in
613 2373 998 2444 imperatorem
1036 2379 1427 2445 moliebantur,
1453 2383 1619 2436 nullis
1653 2399 1754 2438 nec
1784 2399 1953 2439 vene-

384 2464 471 2519 nis
501 2481 602 2525 nec
631 2469 850 2524 insidiis
877 2482 1189 2539 parcentes,
1218 2489 1576 2545 quascunque
1603 2477 1719 2531 sive
1739 2477 1949 2546 antiqui

387 2557 655 2621 scelerum
675 2561 913 2616 artifices
951 2563 1309 2629 invenissent,
1364 2568 1478 2621 sive
1531 2578 1730 2623 nostra:
1777 2570 1952 2625 mtatis

387 2648 636 2706 homines
658 2651 712 2706 in
745 2653 1017 2720 ejusmodi
1051 2673 1210 2711 usttm
1245 2660 1668 2730 excogitassent.

457 2738 520 2792 V.
561 2739 613 2794 Id
672 2757 802 2796 vero
859 2745 1086 2798 miretur
1113 2747 1332 2814 aliquis,
1379 2765 1488 2818 quo
1539 2763 1698 2819 pacto
1761 2753 1946 2807 omnia

387 2833 572 2885 statim
603 2835 1155 2904 deprehenderentur
1185 2851 1236 2894 et
1272 2842 1425 2895 irrita
1455 2845 1668 2907 tierent,
1713 2846 1821 2899 Deo
1857 2847 1952 2900 ho-

391 2923 594 2978 minem
628 2927 854 2984 illasum
893 2941 946 2986 et
979 2934 1061 2986 his
1088 2936 1348 2989 omnibus
1396 2937 1642 2992 altiorem
1677 2950 1954 2995 servante.

394 3015 586 3070 Utrum
617 3028 856 3074 statuam
887 3024 1078 3077 nescio
1106 3043 1120 3078 :
1156 3043 1223 3078 an
1289 3027 1549 3096 injustam
1601 3029 1952 3094 sententiam,

391 3121 496 3172 qua
530 3123 653 3162 eum
688 3107 930 3180 Byzantii
963 3115 1487 3177 condemnaverant.
1549 3129 1606 3172 et
1641 3119 1958 3187 multiplicis

391 3215 454 3253 ac
472 3201 632 3256 variae
664 3203 997 3273 infinitaeque
1021 3210 1264 3275 pecuniae
1286 3209 1692 3268 multationem.
1742 3227 1956 3266 summa

393 3312 516 3350 eum
545 3297 804 3368 patientia
835 3298 901 3352 ab
923 3313 989 3352 eo
1023 3309 1328 3367 exceptam,
1357 3301 1638 3353 censuerit
1667 3301 1808 3354 Deus
1847 3301 1961 3356 suf-
1989 3269 2033 3330 Ο

396 3389 559 3445 licere
609 3391 674 3444 ad
726 3391 1118 3459 explorandam
1170 3391 1411 3445 hominis
1467 3403 1749 3459 mentem,
1815 3397 1962 3450 circa

394 3499 557 3551 quam
587 3491 759 3536 totum
786 3483 985 3537 divina:
1013 3484 1242 3551 justitize
1277 3493 1528 3538 versatur
1577 3502 1850 3553 examen;
1893 3503 1961 3541 an

395 3578 538 3644 quod
573 3577 662 3631 ille
706 3576 959 3629 maximis
991 3577 1344 3630 contumeliis
1386 3577 1614 3631 affectus
1647 3593 1748 3632 nec
1796 3579 1963 3633 nlcis-

397 3676 611 3720 veretur
637 3668 842 3731 statim,
862 3681 961 3719 nec
982 3665 1036 3719 in
1061 3675 1340 3734 posterum
1371 3669 1672 3721 minaretur
1699 3669 1963 3723 ultionem

399 3758 663 3823 (dolorem
705 3759 932 3812 fortasse
963 3759 1188 3812 tacitum
1209 3773 1454 3820 servans.
1476 3759 1652 3812 donec
1675 3759 1963 3828 expleret),

400 3849 493 3902 sed
519 3866 710 3903 eorum
737 3851 894 3904 saluti
932 3852 982 3903 in
1017 3851 1230 3919 primis,
1266 3851 1357 3918 qui
1401 3851 1578 3918 ipsum
1614 3851 1816 3918 injuria
1851 3851 1968 3902 alli-

403 3943 622 3996 ciebant
674 3957 738 3997 ac
800 3943 940 3996 bello
1021 3942 1538 4011 persequebantur.
1589 3942 1739 3996 omni
1803 3943 1966 3997 modo

403 4035 735 4103 provideret,
805 4044 1072 4103 quantum
1141 4035 1353 4089 sincera
1409 4034 1651 4088 amicitia
1684 4035 1967 4104 'przestare

405 4129 695 4196 potuisset.

475 4220 556 4272 Vl.
592 4221 656 4273 Et
691 4219 831 4274 utde
864 4220 1048 4277 multis
1084 4236 1257 4291 pauca
1287 4221 1537 4290 quaedam
1575 4220 1665 4275 hic
1703 4220 1966 4291 subjicia-

404 4326 545 4374 mus,
577 4311 712 4364 adeo
748 4311 1073 4381 injuriarum
1123 4312 1570 4375 eratimmemor,
1603 4321 1664 4366 ut
1710 4311 1972 4382 periculis

409 4413 479 4453 Iul
515 4404 936 4464 circumsessus,
977 4405 1110 4458 etin
1147 4405 1302 4472 ipsis,
1359 4413 1420 4458 ut
1480 4404 1552 4458 ita
1582 4404 1784 4466 dicam,
1843 4403 1969 4458 Orci

405 4495 709 4550 visceribus
764 4497 1092 4560 demersus,
1120 4500 1462 4551 sacerdotem
1493 4495 1720 4562 jusserit
1777 4495 1971 4548 memi-

407 4588 548 4640 nisse
580 4589 750 4642 sacris
779 4589 830 4662 ip
871 4590 1125 4642 cantibus
1151 4588 1387 4656 primum
1417 4587 1640 4657 quidem
1677 4589 1844 4640 Annm
1868 4586 1970 4638 im-

407 4679 710 4747 peratrieis,
747 4681 949 4733 deinde
980 4679 1146 4751 6M
1179 4679 1272 4732 lilii
1309 4679 1498 4742 illius;
1535 4678 1697 4732 tertio
1731 4677 1974 4746 denique

405 4772 488 4824 sui
524 4772 883 4840 eonjugisqne
945 4787 1058 4825 sua:
1114 4772 1368 4840 Augustze
1415 4769 1634 4834 lrenes;
1691 4768 1858 4838 idque
1920 4756 1975 4822 ib

409 4861 582 4916 aliena
621 4863 829 4916 (titione
859 4878 921 4917 ac
955 4873 1097 4916 terra
1123 4876 1244 4915 cum
1277 4871 1444 4926 esset,
1504 4877 1604 4914 nee
1638 4862 1813 4914 libero
1848 4861 1977 4929 qui-

408 4957 530 5009 dem
557 4956 750 5024 spiritu
783 4957 888 5009 frui
932 4965 1118 5024 posset
1153 4973 1165 5008 :
1204 4971 1379 5024 neque
1433 4955 1505 5009 ibi
1561 4955 1762 5020 solum,
1795 4953 1888 5008 sed
1922 4962 1978 5008 et

407 5064 736 5120 quacunque
761 5059 1026 5120 prazterea
1063 5063 1222 5103 suum
1258 5063 1458 5102 nomen
1508 5045 1799 5102 honorifici
1833 5061 1975 5116 pra:-

2038 631 2224 684 λοιπδν
2251 630 2426 701 ἀρχὴν
2482 630 2630 698 αὐτῴ
2681 628 2878 697 συνεχῆ
2934 629 3034 697 τὴν
3065 631 3128 681 ὲκ
3167 629 3447 698 Δαλματίας
3476 639 3549 689 καὶ

2050 720 2360 790 Ἰλλυρίδος,
2395 721 2488 774 καὶ
2515 719 2616 772 ὃσα
2665 717 2872 787 μεταξὺ
2901 719 3010 771 τῶν
3041 718 3176 788 πρὸς
3206 719 3278 772 ἒω
3303 719 3550 778 τοῦῚονίου

2038 814 2237 868 κόλπου
2263 795 2426 882 ψαύει
2449 811 2696 882 πλευρῶν
2721 812 2859 882 (67),
2885 811 3018 882 ἄχρι
3049 812 3325 866 Φιλίππων
3349 816 3434 867 καὶ
3452 819 3554 887 Χρι-

2041 905 2407 964 στουπόλεως.
3443 915 3446 918 ’

2110 992 2182 1048 Δ’.
2211 995 2320 1048 Καὶ
2361 995 2428 1048 τὰ
2472 993 2572 1064 μὲν
2607 995 2708 1062 τῆς
2741 995 3040 1065 πρεσϐείας
3091 995 3189 1047 καὶ
3220 997 3453 1064 προφανῆ
3475 1016 3559 1051 τοι-

2041 1087 2160 1142 αῦτ’
2188 1084 2277 1158 ἦν.
2311 1090 2376 1140 Ἀ
2406 1088 2463 1141 δὲ
2509 1087 2693 1158 κρύφα
2723 1089 2892 1158 συχνὰ
2925 1088 3020 1140 καὶ
3054 1086 3363 1156 πολύτροπα
3405 1107 3562 1158 πρῆσε.

2043 1179 2298 1248 πέμπετο
2325 1181 2614 1250 φάρμακα,
2645 1181 2814 1234 όπόσα
2836 1180 2896 1234 τὸ
2918 1179 3221 1250 Θανάσιμον
3250 1175 3385 1249 εἶχεν
3413 1185 3564 1250 ipa-m-

2041 1275 2218 1334 λεῦον.
2258 1274 2354 1339 ὀξύ
2387 1291 2446 1327 τε
2475 1275 2570 1328 καὶ
2595 1273 3057 1344 δυσκαρτέρητον.
3104 1273 3424 1343 Μιθριδάτου
3453 1276 3567 1340 stt-it;

2044 1366 2216 1420 ἐδεῖτο
2245 1368 2580 1437 σαφέστερον
2606 1365 2859 1436 ἀριθμεῖν
2881 1383 2895 1396 ·
2932 1365 2990 1426 ὃς
3015 1365 3114 1436 τὴν
3143 1366 3208 1418 ἐκ
3238 1365 3568 1432 Παφλαγονίας

2045 1458 2186 1527 ἔχων
2221 1460 2417 1527 ἀρχέῖν,
2452 1458 2624 1524 ὁπόση
2670 1458 2759 1510 διὰ
2809 1457 3064 1526 Κολχίδος
3101 1458 3198 1510 καὶ
3245 1457 3470 1526 Λαζικῆς
3495 1461 3572 1512 καί

2043 1543 2154 1596 τῶν
2183 1543 2514 1597 Καυκασίων
2538 1543 2681 1612 ὀρῶν
2716 1544 3008 1613 ἐρχομένη,
3043 1543 3136 1595 καὶ
3163 1541 3574 1612 παραλλάττουσα

2046 1634 2248 1686 Τάναϊν
2305 1634 2402 1687 καὶ
2452 1633 2724 1696 Μαιῶτιν,
2773 1634 2950 1703 διήκει
2992 1634 3156 1703 μέχρι
3197 1633 3290 1685 καὶ
3315 1634 3369 1693 ἐς
3396 1633 3577 1697 Σκύθας

2045 1730 2172 1794 τοὺς
2205 1729 2460 1798 ἑσπερίου
2472 1747 2517 1793 ς,
2550 1731 2646 1784 καὶ
2671 1729 2932 1799 πολέμιον
2962 1729 3307 1797 κτησάμενος
3328 1727 3421 1798 τὴν
3442 1728 3580 1782 πάλαι

2063 1823 2353 1891 Ῥωμαίων
2383 1823 2589 1894 ἀκμὴν,
2625 1823 2718 1877 καὶ
2759 1822 2945 1885 δεδιὼς
2995 1821 3071 1892 μὴ
3103 1820 3216 1885 ζῶν
3251 1820 3504 1891 ἁλώσιμος
3527 1827 3582 1894 τῇ

2051 1917 2342 1987 Πομπηΐου
2372 1915 2598 1987 γένηται
2626 1917 2772 1987 χειρὶ
2802 1916 2898 1970 καὶ
2917 1915 3078 1988 τύχῃ,
3112 1916 3334 1970 πάντων
3363 1915 3586 1984 ἐπειρᾶτο

2053 2012 2381 2083 φαρμάκων,
2414 2013 2508 2066 καὶ
2541 2012 2756 2066 πάντων
2787 2012 2968 2082 ἐζήτει
2993 2011 3053 2064 τὺ
3085 2012 3378 2081 κράτιστον
3407 2010 3489 2062 καὶ
3511 2027 3588 2063 τσο

2052 2102 2286 2171 χύτατον
2325 2104 2404 2166 είς
2447 2101 2546 2171 τὴν
2589 2103 2825 2174 χρειώδη
2873 2102 2967 2156 τοῦ
3004 2102 3124 2172 βίου
3167 2101 3501 2171 ἀπαλλαγήν.
3537 2105 3590 2155 Ὀ

2053 2195 2233 2249 τοίνυν
2289 2197 2495 2260 ἐκεῖνος
2551 2196 2755 2266 ἐτόλμα
2808 2195 2930 2249 καθ’
2989 2194 3208 2256 ἑαυτοῦ,
3263 2192 3407 2248 τοῦτ’
3452 2193 3592 2264 ἔδρων

2055 2286 2314 2340 ἐπιεικῶς
2337 2288 2387 2340 οί
2417 2288 2705 2352 Βυζάντιοι
2737 2287 2878 2342 κατὰ
2911 2288 3008 2342 τοῦ
3040 2287 3334 2358 βασιλέως.
3364 2287 3488 2357 μήτε
3513 2305 3595 2357 μη-

2055 2379 2204 2444 δενὸς
2244 2381 2353 2433 τῶν
2404 2381 2753 2452 δηλητηρίων
2799 2383 3128 2456 φαρμάκων,
3165 2383 3308 2452 μήτε
3360 2381 3594 2450 μηδεμιᾶς

2057 2472 2363 2542 φειδόμενοι
2396 2473 2506 2526 τῶν
2562 2473 2892 2538 ἐπιϐουλῶν,
2928 2475 3126 2528 ὁπόσαι
3187 2492 3249 2528 τε
3300 2476 3409 2537 τοῖς
3458 2473 3598 2526 πάλαι

2057 2561 2319 2632 εὕρηνται
2342 2565 2533 2627 δεινοῖς
2557 2564 2656 2635 τὴν
2681 2567 2904 2632 κακίαν,
2936 2567 3034 2622 καὶ
3053 2568 3249 2622 ὁπόσαι
3279 2566 3393 2630 τοῖς
3414 2565 3499 2619 νῦν
3529 2565 3600 2617 διὰ

2059 2656 2157 2725 τὴν
2188 2657 2447 2728 τοιαύτην
2481 2659 2859 2729 ἐπινενόηνται
2890 2660 3101 2730 χρείαν.

2247 2749 2539 2812 Θαυμάσαι
2563 2751 2609 2804 δ’
2641 2751 2704 2804 ἄν
2728 2768 2832 2813 τις,
2874 2752 3022 2814 ὅπως
3073 2751 3275 2806 ἅπαντ’
3308 2750 3522 2805 αὐτόθεν
3548 2751 3604 2819 ἡ·

2061 2841 2288 2910 λέγχετό
2313 2860 2372 2895 τε
2402 2843 2495 2894 καὶ
2526 2840 2789 2913 ἄπρακτα
2810 2839 2899 2914 ἦν,
2932 2843 3027 2898 τοῦ
3058 2843 3192 2896 Θεοῦ
3220 2843 3316 2896 τὸν
3342 2842 3500 2912 ἄνδρα
3524 2861 3606 2912 φυο

2063 2933 2358 2998 λάττοντος
2412 2936 2598 3005 ἀπαθῆ
2657 2937 2750 2990 καὶ
2819 2938 3036 2991 πάντων
3065 2935 3343 3007 ἀνώτερον
3365 2953 3378 2966 ⁶
3408 2936 3502 2988 ούκ
3529 2931 3608 2987 οἷδ’

2063 3026 2345 3097 ὁπότερον,
2381 3029 2489 3081 εἴτε
2537 3029 2639 3097 τὴν
2668 3029 2853 3082 ἄδικον
2885 3028 3208 3097 καταδίκην,
3250 3028 3322 3098 ἢν
3351 3027 3400 3080 oi
3429 3027 3612 3090 Βυζάν-

2065 3137 2170 3172 τιοι
2200 3121 2458 3186 καθάπαξ
2509 3121 2844 3191 ἐψηφίσαντο
2879 3123 3000 3175 κατ’
3041 3119 3228 3186 αὑτοῦ,
3275 3122 3372 3174 καὶ
3411 3115 3481 3174 ὧν
3510 3120 3613 3188 ὲζηο

2068 3214 2266 3281 μίωται
2295 3213 2589 3266 πολυειδῶν
2620 3214 2712 3266 καὶ
2749 3213 3010 3268 ποικίλων
3054 3214 3383 3285 χρημάτων,
3415 3212 3449 3267 δ.
3472 3229 3616 3282 προσο

2064 3305 2131 3372 ἦν
2180 3306 2319 3372 ὑπὲρ
2364 3305 2596 3380 ἀριβμξν
2643 3305 2864 3376 τουτῳῒ,
2943 3307 3305 3376 μακρόθυμον
3368 3305 3617 3382 ὑπομονὴν

2065 3394 2398 3463 ἀποχρῶσαν
2425 3397 2731 3465 ἡγουμένου
2775 3397 2912 3466 πρὸς
2957 3396 3193 3464 βάσανον
3229 3397 3479 3465 γνώμης,
3506 3398 3619 3465 περὶ

2073 3486 2142 3554 ἣν
2169 3485 2230 3538 τὸ
2259 3488 2544 3556 κριτήριον
2571 3488 2718 3542 ἆπαν
2739 3489 2839 3557 τῆς
2862 3490 3015 3553 Θείας
3043 3490 3436 3542 ταλαντεύεται
3455 3489 3618 3557 δίκηςο

2069 3578 2171 3632 εἷθ’
2205 3580 2286 3632 ὅτι
2350 3580 2580 3648 μάλιστα
2617 3580 2833 3636 πάντων
2886 3581 3046 3643 αύτδς
3108 3581 3471 3652 ὑϐριζόμενος
3516 3581 3623 3636 οὔτε

2072 3671 2176 3739 μὴν
2207 3671 2530 3744 ἀνθύϐριζεν
2568 3675 2625 3735 ὲς
2670 3673 2732 3724 τὸ
2761 3673 2956 3742 παρὸν,
2992 3672 3106 3725 οὔτ’
3147 3676 3224 3736 είς
3253 3676 3321 3726 τὸ
3360 3673 3541 3741 μέλλον
3573 3674 3625 3740 ἡ·

2069 3765 2268 3830 πείλει,
2321 3765 2478 3819 κότον
2519 3765 2648 3828 ἴσως
2687 3765 2826 3834 ἔχων
2869 3764 2979 3833 (68)
3031 3766 3176 3835 δφρα
3228 3765 3500 3837 τελέσσῃ·
3531 3761 3625 3816 ἀλλ’

2068 3859 2294 3929 ἐκήδετο
2326 3858 2562 3928 μάλιστα
2591 3859 2687 3926 τῆς
2716 3858 2823 3910 τῶν
2860 3857 3200 3928 ὑϐριζόντων
3216 3860 3314 3911 καὶ
3350 3858 3629 3925 πολεμούν-

2067 3966 2175 4002 των
2213 3949 2486 4018 σωτηρίας
2547 3949 2764 4002 ἆπαντα
2813 3950 3034 4018 τρόπον,
3083 3949 3293 4004 καθόσα
3329 3948 3481 4016 φιλία
3501 3947 3631 3999 δίδω-

2072 4058 2158 4094 σιν
2190 4042 2498 4112 ἀκραιφνὴς
2527 4041 2666 4110 (69).

2145 4223 2236 4292 τῖ’.
2267 4225 2378 4278 Καὶ
2401 4224 2468 4276 ἶν’
2492 4225 2556 4277 ἐκ
2588 4221 2798 4276 πολλῶν
2834 4220 3033 4292 μέτρια
3081 4221 3429 4291 παραϐῶμεν
3467 4221 3632 4271 ὲντιυ-

2077 4313 2162 4368 Οοῖ
2187 4329 2201 4344 ⁸
2231 4315 2500 4386 τοσαύτην
2531 4309 2646 4386 εἶχε
2675 4315 2775 4384 τὴν
2807 4314 2916 4366 τῶν
2947 4312 3134 4366 κακῶν
3161 4313 3492 4381 ἀμνηστίαν,
3526 4307 3634 4361 ὥστ’

2079 4410 2138 4461 ἐν
2169 4408 2451 4469 τοσούτοις
2478 4407 2908 4478 συνειλημμένος
2930 4405 3198 4466 κινδύνοις
3225 4407 3326 4458 καὶ
3351 4401 3463 4457 οἷον
3485 4404 3638 4456 ett:sz

2079 4499 2137 4552 ὲν
2161 4497 2286 4570 ᾅδου
2341 4497 2734 4568 βεὸυθισμένος
2791 4496 3012 4564 γαστρὶ.
3049 4493 3370 4563 μεμνῆσθαι
3418 4493 3494 4560 τῷ
3523 4492 3638 4560 ίερεῖ

2081 4587 2488 4659 παρεκελεύετο
2519 4587 2736 4658 πρῶτον
2787 4586 2888 4656 μὲν
2920 4585 3122 4654 Ἀννης
3154 4587 3252 4653 τῆς
3285 4583 3554 4654 βασιλίδος
3593 4585 3639 4632 ἐν

2079 4681 2199 4742 ταῖς
2265 4679 2440 4748 ἱεραῖς
2499 4676 2817 4746 ὑμνῳδίαις,
2869 4675 3126 4745 δεύτερον
3183 4675 3239 4727 δὲ
3294 4674 3394 4726 τοῦ
3456 4671 3638 4737 ταύτης

2079 4769 2262 4833 υίέως,
2298 4769 2388 4822 καὶ
2420 4768 2605 4838 τρίτον
2635 4766 2800 4820 αὑτοῦ
2837 4767 2976 4836 μετὰ
3007 4767 3102 4834 τῆς
3133 4765 3415 4832 ὁμοζύγου
3449 4763 3641 4832 βασιλὶ-

2075 4863 2164 4926 δος
2191 4862 2425 4933 Εἰρήνης
2443 4877 2457 4892 ⁸
2490 4860 2584 4914 καὶ
2606 4859 2776 4912 ταῦτα
2792 4859 2848 4911 ὲν
2880 4857 3134 4928 ἀλλοτρία
3149 4855 3224 4909 ὢν
3241 4855 3534 4925 δυναστείᾳ
3562 4855 3642 4906 καὶ

2077 4954 2172 5021 γῇ,
2223 4953 2313 5002 καὶ
2350 4951 2472 5020 μηδ’
2525 4947 2808 5017 ἐλεύθερον
2844 4947 2984 5016 ἀέρα
3029 4946 3327 5015 δυνάμενος
3375 4947 3638 4998 ἀναπνεῖν.

2078 5040 2410 5116 ]Ρ.401]υύ
2463 5041 2628 5112 μόνον
2662 5039 2729 5106 δ’,
2756 5037 2892 5092 ἀλλὰ
2941 5039 3035 5092 καὶ
3060 5038 3306 5109 ὅπουπερ
3343 5037 3410 5091 ἂν
3449 5035 3638 5104 ἀλλαχῆ

1731 5181 2070 5245 Variorum
2115 5184 2306 5240 notae.

482 5320 593 5386 (67t
625 5317 798 5372 Verba
819 5317 1060 5386 auctoris
1080 5318 1150 5370 ita
1177 5316 1482 5378 constrnxi.
1508 5315 1603 5370 καὶ
1623 5317 1728 5370 ὅσα
1763 5314 1966 5384 μεταξῦ

414 5390 628 5459 (supple
680 5389 778 5454 τῆς
817 5387 1127 5459 ,Ἰλλυρίδος
1198 5389 1446 5459 κείμενα)
1498 5386 1664 5455 ψαύει
1719 5386 1968 5459 πλευρῶν

409 5457 503 5512 τοῦ
547 5459 731 5510 Ἰονίου
766 5458 966 5510 κόλπου
1002 5459 1109 5509 τῶν
1144 5458 1278 5525 πρὸς
1307 5458 1402 5521 ἓω,
1428 5459 1480 5512 id
1509 5467 1614 5519 est,
1642 5465 1690 5526 et
1713 5457 1971 5526 quidquid

360 5531 364 5534 ’
409 5532 544 5583 citra
571 5526 865 5597 Illyricum,
891 5531 1103 5597 attingit
1132 5527 1303 5581 latera
1351 5527 1630 5582 orientalia
1661 5525 1831 5597 loniri
1858 5525 1972 5597 mg-

412 5604 506 5653 ris.
540 5595 697 5664 Quod
731 5599 774 5652 si
807 5599 880 5651 ita
913 5595 1323 5659 construantur,
1356 5604 1453 5650 καὶ
1483 5599 1582 5649 ὅσα
1625 5595 1829 5666 μεταξύ
1861 5595 1973 5666 τῶν

413 5671 550 5739 πρὸς
605 5669 682 5722 ἓω
733 5670 949 5738 (supple
997 5670 1247 5740 κείμενα)
1290 5667 1472 5740 ψαύει-
1501 5664 1757 5740 πλευρῶν.
1785 5664 1972 5740 Ἰονίου

413 5735 653 5804 κόλπου,
686 5735 1010 5794 vertendum
1056 5735 1183 5801 erit,
1251 5747 1300 5792 et
1348 5737 1600 5807 quidquid
1658 5735 1757 5790 loci
1816 5735 1974 5788 citra‘

478 5875 496 5893 ⁹
528 5875 648 5927 Nota
672 5879 764 5928 dici
802 5881 845 5929 nl
873 5880 996 5937 δςιωι
1034 5876 1285 5930 Triballos.
1323 5878 1512 5926 Bf‘l‘t'lV.

2079 5303 2363 5366 orientales
2422 5311 2721 5377 provincias
2753 5308 3010 5378 positum,
3065 5304 3235 5359 Ionici
3282 5303 3452 5378 maris
3487 5300 3639 5378 latera

2069 5381 2282 5450 attingit
2347 5396 2364 5434 :
2422 5372 2588 5448 quam
2668 5372 3183 5447 interpretationem
3252 5372 3670 5445 praeferendam.

2071 5461 2246 5524 ρυιος,

2145 5521 2256 5590 (68)
2283 5521 2416 5593 Yide
2449 5520 2665 5593 Homer.
2707 5516 2866 5571 Iliad.
2901 5531 2940 5579 ι,
2978 5515 3066 5569 82.
3093 5530 3297 5575 somn,
3350 5592 3353 5593 ν
3467 5517 3493 5593 ’⁸

2149 5589 2530 5660 (69)-Ohscure
2559 5589 2764 5641 dictum
2792 5602 2807 5650 ;
2833 5594 3106 5660 atque,_ut
3133 5589 3638 5660 apparet,§_criptum

2075 5653 2362 5715 mendose.
2421 5659 2625 5713 Tamen
2684 5660 2758 5711 ita
2813 5653 2979 5710 etiam
3033 5656 3086 5709 in
3143 5655 3332 5709 codice
3391 5653 3640 5709 Vaticano

2075 5731 2340 5801 scriptum
2381 5729 2586 5800 reperit
2611 5730 2694 5783 vir
2717 5728 3088 5783 doctissimus.
3138 5739 3334 5780 somn.
