3796 6572
166 376 253 439 365
513 363 590 437 lx.
626 379 674 421 c.
720 364 876 438 ιδιο]

1091 373 1532 434 BYZANTIN/E
1570 373 1957 437 Hts'ronw
2003 377 2149 440 LIB.
2190 333 2363 436 xui.

2497 371 2633 446 [ιιιρ.
2688 389 2728 429 ι.
2770 387 3006 432 Ρλιιοε..
3047 375 3107 448 2]

3248 378 3354 444 866

167 482 377 560 πανταχῆ
400 481 462 536 δι’
492 481 734 552 εὐφήμου
761 485 861 553 τῆς
889 485 1112 554 μνήμης
1141 487 1203 539 τὸ
1229 489 1427 540 οἰκεῖον
1447 485 1678 558 ἣλπιζεν

1793 487 1930 542 conii
1953 489 2434 544 commendatione
2487 489 2835 545 circumferri
2862 506 3022 561 posse
3073 491 3350 560 sperabat.

161 580 302 646 ὄνομα
343 573 583 627 δύνασθαι
629 574 914 645 φέρεσθαι,
957 577 1120 630 κάκεῖ
1159 578 1527 648 προηγεῖσθαι
1574 579 1672 645 τῆς

161 666 391 736 βασιλίδος
429 667 619 734 Ἀννης
655 665 895 735 τοῦνομα
931 669 1028 720 καὶ
1061 671 1196 738 πρός
1245 686 1308 736 γε
1341 669 1435 722 τοῦ
1468 668 1673 736 ταύτης

158 759 294 820 υίέως
336 755 446 826 μεθ’
475 757 687 826 ἁπάσης
731 759 950 812 ἐκέλευε
994 759 1218 832 γνώμης
1265 763 1362 814 καὶ
1417 761 1677 831 προαιρέ-

157 868 271 912 σεως
291 866 304 880 ·
329 849 505 918 ὥσπερ
532 849 637 918 ἄρα
673 851 768 903 καὶ
801 852 940 918 πρὸς
963 853 1238 916 Αἰτωλούς
1262 871 1317 905 τε
1353 853 1447 906 καὶ
1473 853 1675 906 Θεττα-

155 942 256 1004 λούς
274 957 326 992 τε
344 941 695 1008 τδνἊγγελον
716 943 1098 998 ἀποστέλλοντι
1115 946 1357 1015 Ἰωάννη,
1377 944 1508 998 ὥσθ’
1527 945 1679 998 ἑκόν-

155 1054 244 1090 των
267 1037 441 1105 ἄρχειν
466 1033 666 1097 αὐτῶν,
705 1036 780 1098 ώς
821 1038 1103 1106 προϊόντες
1143 1036 1382 1108 ἐροῦμεν
1408 1038 1679 1090 πλατύτε-

152 1144 244 1197 ρον,
275 1122 532 1195 ¹ιιροΰργου
562 1123 753 1192 γέγονε
789 1125 1198 1181 διακελεύεσθαί
1225 1145 1284 1180 τε
1322 1128 1417 1180 καὶ
1464 1145 1680 1198 παραγ-

149 1218 330 1286 γέλλειν
351 1214 534 1269 τούτου
575 1234 639 1284 γε
678 1217 862 1271 εἵνεκα
901 1219 1141 1289 μάλιστα
1181 1221 1425 1285 πάντων,
1481 1222 1573 1273 καὶ
1606 1221 1682 1291 μὴ

150 1311 384 1380 πρότερον
442 1307 734 1378 μεθιέναι,
788 1311 917 1381 πρὶν
973 1312 1136 1366 αὐτὸν
1197 1312 1556 1383 τελεσιουργὰ
1615 1313 1682 1364 τὰ

146 1403 296 1456 τοιάδε
324 1402 426 1472 πρὸ
458 1403 661 1465 παντὸς
703 1403 1147 1472 ἐπαγγείλασθαι
1180 1406 1314 1477 aps.
1357 1406 1680 1477 παραγγέλ-

148 1512 293 1564 ματα.
331 1494 542 1548 Είσεται
576 1496 632 1549 δὲ
679 1495 896 1561 πάντως
931 1501 987 1562 ἐς
1021 1499 1080 1552 τὸ
1120 1489 1374 1569 ἀκριϐὲς,
1403 1501 1462 1562 ὃς
1496 1501 1561 1553 ἂν
1598 1502 1682 1550 ἐν·

144 1580 254 1658 τύχῄ
284 1587 517 1657 ζητήσας
539 1588 620 1658 τῷ
649 1591 785 1660 πρὶς
819 1591 984 1643 αὐτὸν
1028 1591 1384 1661 θεσπίσματι,
1419 1592 1591 1646 ταῦτά
1621 1610 1681 1645 τε

1784 580 1898 635 illic
1924 581 2092 635 Amm
2129 580 2465 650 imperaticis
2511 590 2569 636 et
2594 580 2690 636 filii
2744 583 2876 652 ejus
2919 597 3118 637 nomen
3155 583 3354 653 praeire

1787 673 1936 726 omni
1971 673 2156 726 studio
2184 687 2248 727 ac
2301 671 2585 728 voluntate
2616 673 2865 742 jubebat.
2923 673 3016 729 Sic
3054 675 3118 728 ait
3145 673 3357 728 Aitntos

1787 763 2186 834 Thessalosque
2211 765 2474 819 Joannem
2502 766 2769 836 Angelum
2802 783 2926 822 cum
2954 769 3216 832 mitteret,
3249 767 3358 820 illis

1785 853 2100 909 volentibus
2131 853 2526 922 praefuturum;
2583 855 3046 925 quemadmodum
3099 854 3239 910 infra
3275 853 3359 906 di:

1784 958 1975 998 cemus
2007 943 2225 1010 fusius;
2256 945 2332 998 nil
2365 945 2414 999 ei
2449 944 2552 999 luit
2591 945 2798 1014 potius,
2827 961 2990 1014 quam
3031 939 3091 998 ιιί
3139 944 3358 1014 iuberet

1785 1037 2220 1108 praeciperetque
2253 1036 2386 1091 illud
2422 1037 2658 1091 maxime
2685 1054 2701 1090 :
2735 1051 2834 1090 nec
2861 1037 3014 1106 prius
3043 1052 3168 1091 eum
3193 1036 3359 1089 dimi-

1785 1129 1877 1194 sit,
1909 1145 2072 1198 quam
2107 1130 2198 1184 ille
2228 1129 2500 1200 ejusmodi
2544 1127 2798 1183 mandata
2832 1143 2888 1180 re
2917 1127 3031 1196 ipsa
3064 1136 3360 1182 exsecutu-

1787 1236 1908 1274 rum
1937 1237 1995 1276 se
2018 1231 2146 1276 ante
2176 1222 2361 1275 omnia
2399 1221 2765 1290 promisisset.
2802 1219 2978 1289 Atque
3039 1219 3153 1274 haec
3181 1220 3364 1288 quivis

1786 1313 2227 1382 exploratissime
2256 1314 2542 1384 percipiet,
2565 1312 2893 1382 rescriptum
2927 1313 3105 1382 ipsum
3133 1322 3360 1366 nactus:

1787 1421 1966 1477 neque
2003 1407 2118 1461 haec
2151 1406 2349 1466 solum.
2385 1405 2479 1459 sed
2509 1415 2564 1459 et
2593 1419 2933 1475 quzecunquc
2960 1403 3061 1457 alia
3092 1403 3176 1457 his
3203 1401 3349 1457 simi-

1790 1497 1860 1550 lia
1891 1495 2064 1558 addit,
2084 1494 2281 1566 jubens
2313 1511 2462 1561 cum,
2491 1495 2738 1584 quandiu
2773 1494 3022 1549 victurus
3042 1494 3132 1554 sit,
3171 1493 3366 1547 Roma-

1791 1603 1924 1643 num
1961 1588 2251 1658 imperium
2285 1587 2434 1640 omni
2465 1587 2675 1641 honore
2705 1585 2759 1642 et
2799 1587 3106 1642 reverentia
3155 1587 3360 1656 colere.

143 1684 218 1735 καὶ
262 1682 350 1733 ὅσα
405 1680 616 1747 τούτοις
669 1683 1033 1754 προστίθησιν
1070 1686 1255 1754 ὃμοια,
1317 1688 1381 1756 τῇ
1429 1684 1678 1754 βασιλείᾳ
1727 1679 2018 1735 Ῥωμαίων
2083 1682 2263 1736 πᾶσαν
2316 1681 2503 1748 νέμειν
2538 1678 2676 1733 αίδώ
2767 1682 2863 1733 καὶ
2923 1679 3214 1734 εὐλάΰειαν
3279 1679 3366 1732 διὰ

140 1773 236 1842 βίου
264 1772 514 1828 κελεύων.

194 1866 257 1919 Z'.
293 1864 446 1918 ToSB’
476 1867 666 1921 ίκανδν
712 1868 888 1938 ἔγωγε
924 1870 1090 1940 μόνον
1122 1872 1217 1924 καὶ
1258 1871 1516 1941 ἀποχρῶν
1542 1871 1684 1942 ἥγη-

1858 1863 1972 1919 Vll.
2006 1863 2187 1920 Unum
2214 1876 2315 1934 ego
2347 1861 2481 1916 illud
2513 1871 2644 1932 puto
2669 1860 2919 1916 sufﬁcere
2951 1876 3014 1916 ac
3071 1863 3205 1918 satis
3245 1878 3366 1919 esse

140 1978 236 2028 μαι,
265 1959 368 2013 τῶν
411 1960 591 2014 ἄλλων
622 1965 795 2017 ὁπόσα
831 1963 931 2035 τὴν
963 1965 1158 2033 ὁμοίαν
1199 1965 1292 2018 τοῦ
1324 1965 1486 2036 ἤθους
1523 1966 1678 2033 εὐγέ-

135 2069 260 2104 νειαν
291 2052 398 2120 ἔχει
451 2054 857 2123 σιωπωμένων,
887 2055 1134 2120 ἅπαντας
1179 2057 1411 2117 πείθειν,
1459 2053 1540 2120 οἷς
1583 2057 1675 2110 νοῦ

135 2141 213 2194 καὶ
241 2144 552 2211 φρονήσεως
592 2145 848 2214 μέτεστιν
874 2147 1141 2211 ὁπωσοῦν,
1178 2148 1428 2220 θειοτέρα
1451 2150 1679 2219 προνοίᾳ

132 2235 420 2289 διοικεῖσθαι
449 2237 517 2290 τά
550 2239 749 2305 πάντα,
785 2241 882 2292 καὶ
917 2241 1140 2312 μηδαμῆ
1174 2242 1314 2296 κατὰ
1347 2243 1408 2295 τὸ
1435 2243 1679 2310 αὐτόμα-

106 2343 208 2379 .τον
245 2327 527 2397 φέρεσθαι,
579 2329 702 2399 μηδ’
735 2331 846 2384 ἀπὸ
891 2334 1059 2403 τύχης
1103 2334 1270 2400 τινὸς,
1322 2335 1463 2405 μήτε
1510 2336 1677 2405 μηδὲν

132 2418 222 2471 τῶν
251 2418 498 2472 ἁπάντων
527 2419 738 2489 ἕτερον,
779 2424 917 2494 μήτε
947 2425 1044 2495 τὴν
1077 2425 1267 2479 τούτου
1299 2429 1435 2495 πρὸς
1457 2428 1558 2498 τὴν
1583 2427 1680 2498 βα-

134 2511 424 2567 σιλεύουσαν
465 2515 636 2568 πόλιν
667 2517 1016 2586 ἀναίμακτον
1059 2518 1265 2573 εῐσοδον
1300 2521 1394 2574 καὶ
1435 2521 1532 2592 τὴν
1571 2522 1678 2574 τῶν

133 2602 402 2670 βασιλικῶν
429 2605 722 2675 ἀντίληψιν
753 2608 981 2677 θρόνων,
1007 2609 1148 2664 οὕτω
1181 2613 1424 2681 μακροὺς
1455 2614 1549 2665 καὶ
1582 2629 1678 2665 πο-

131 2695 330 2757 λυειδεῖς
389 2697 485 2751 καὶ
543 2697 780 2752 Θανάτου
836 2700 1009 2768 φάναι
1071 2702 1319 2769 γείτονας
1367 2705 1678 2774 νενικηκότι

135 2785 407 2849 κινδύνους·
437 2788 562 2842 ἀλλ’
591 2788 740 2860 αύτῷ
767 2790 867 2858 μὲν
896 2792 1133 2860 ἀμοιϐὴν
1163 2793 1263 2861 τῆς
1300 2795 1518 2864 μακρᾶς
1540 2809 1679 2864 καρ-

132 2871 312 2948 τερίας,
347 2881 481 2935 πᾶσι
507 2881 559 2936 δ’
597 2881 664 2936 αὖ
696 2883 931 2938 ἐλπίδων
966 2883 1202 2955 ἔρεισμα
1229 2886 1503 2956 χρηστῶν,
1534 2883 1615 2948 οἷς
1647 2888 1678 2958 ή

134 2972 302 3040 γνώμη
346 2971 445 3043 τὴν
495 2971 613 3027 τῶν
656 2975 846 3028 δεινῶν
896 2979 1199 3049 καρτερίαν
1232 2977 1410 3048 πέρας
1461 2979 1681 3047 εὐγενὲς

132 3055 423 3128 ἐπιδέξεσθαι
460 3065 831 3136 ὑπισχνεῖται.

1788 1954 2026 2026 (caeteris
2065 1951 2304 2016 omissis,
2335 1967 2456 2021 qua:
2486 1966 2810 2022 generosam
2856 1950 3097 2005 indolem
3154 1954 3364 2022 pariter

1787 2047 2049 2119 arguunt)
2093 2045 2160 2099 ad
2193 2044 2639 2116 persuadendum
2672 2045 2952 2108 omnibus,
3012 2045 3106 2115 qui
3165 2045 3364 2100 mentis

1785 2150 1841 2196 et
1876 2139 2186 2208 prudentia:
2221 2155 2330 2192 non
2381 2139 2492 2192 sint
2528 2139 2756 2192 omnino
2787 2147 3061 2208 expertes,
3093 2137 3360 2192 diviniori

1784 2231 2130 2308 providentia
2159 2231 2342 2285 omnia
2374 2230 2692 2300 gubernari,
2734 2247 2840 2285 non
2872 2240 3056 2284 autem
3107 2229 3250 2284 volvi
3284 2239 3365 2284 te-

1785 2343 1972 2391 mere;
2029 2338 2192 2395 atque
2261 2335 2321 2380 ut
2372 2327 2510 2381 nihil
2568 2326 2743 2392 aliud,
2808 2327 2882 2380 ita
2937 2342 3039 2383 nec
3068 2326 3199 2381 illud
3231 2341 3364 2380 casu

1785 2422 1988 2478 factum
2019 2423 2210 2486 fuisse,
2242 2430 2301 2474 ut
2334 2420 2752 2476 Cantacuzcnus
2774 2422 2892 2474 sine
2928 2421 3193 2490 sanguine
3218 2420 3366 2486 prin-

1785 2513 1961 2582 cipem
1996 2513 2188 2567 urbem
2240 2513 2475 2567 intraret
2508 2521 2564 2566 et
2594 2512 2734 2566 solio
2772 2512 3126 2582 imperatorio
3157 2514 3366 2579 potire-

1787 2612 1897 2669 tur,
1931 2603 2197 2674 periculis
2229 2601 2396 2656 tantis
2418 2609 2474 2656 et
2501 2610 2611 2656 tam
2669 2601 3069 2670 multiplicibus
3124 2603 3368 2656 exautla-

1789 2694 1878 2757 tis,
1913 2695 2166 2766 ipsoque,
2207 2703 2268 2749 ut.
2320 2694 2394 2748 ita
2420 2693 2626 2756 dicam,
2660 2694 2997 2762 triumphato
3055 2694 3250 2749 mortis
3297 2695 3369 2748 li-

1787 2787 2106 2843 miuezsed
2139 2787 2312 2842 fuisse
2364 2785 2497 2840 illud
2555 2786 2658 2855 ipsi
2710 2787 2934 2856 quidem
2984 2785 3368 2841 Cantacuzeno

1788 2877 2068 2933 diuturnae.
2107 2876 2383 2948 patientim
2417 2875 2763 2942 mercedem;
2795 2875 2918 2930 aliis
2959 2891 3088 2930 vero
3126 2878 3239 2946 spei
3272 2875 3370 2931 ho-

1788 2985 1873 3024 me
1933 2969 2453 3032 conﬁrmationem;
2496 2966 2659 3039 655
2691 2968 2757 3022 iis
2812 2967 3121 3036 videlicet,,
3160 2969 3366 3040 quibus

1791 3061 1934 3116 maia
1973 3060 2194 3116 fortiter
2228 3059 2596 3115 tolerantibus
2648 3060 2868 3116 animus
2898 3075 3031 3116 suus
3068 3061 3368 3131 gloriosum

1791 3153 2004 3210 exitum
2030 3152 2284 3221 spondet.

188 3245 261 3300 θ’.
290 3243 350 3297 Εἰ
387 3244 498 3314 γὰρ
523 3245 706 3300 πάντα
736 3245 855 3300 καθ’
885 3247 1091 3299 ἕκαστα
1118 3245 1514 3318 βουληθείημεν
1541 3246 1684 3316 ἀφη-

1866 3245 2004 3302 γιιι.
2043 3244 2201 3313 Quod
2257 3245 2302 3301 si
2355 3244 2537 3300 omnia
2589 3243 2868 3316 sigillatim
2921 3261 3366 3317 percenseamus,

128 3339 340 3405 γεῖσθαι,
372 3338 555 3392 δπόσα
585 3338 904 3408 πέπρακται
942 3339 1038 3409 μὲν
1071 3338 1335 3392 ἑπίδουλα
1369 3339 1489 3392 κατ’
1515 3337 1684 3394 αὑτοῦ

125 3430 222 3492 τοις
240 3429 480 3502 ιχθροῖς,
513 3431 613 3485 καὶ
655 3429 844 3485 ὁπόσοι
894 3431 1075 3502 φιλίας
1107 3431 1425 3501 ὑποκριταὶ,
1464 3431 1687 3485 πάντων

124 3521 162 3572 δ’
181 3523 476 3594 ὑπέρτερος
505 3523 644 3594 πρὸς
663 3523 761 3594 τῆς
788 3523 996 3578 ἄνωθεν
1022 3519 1092 3594 ἦν
1115 3523 1454 3596 τηρούμενος
1478 3523 1533 3578 δε
1544 3521 1685 3592 ξιᾶς.

122 3615 252 3668 δέδια
290 3615 367 3687 μή
423 3633 521 3679 τες
556 3616 738 3686 φιλίας
778 3633 846 3688 με
895 3615 1175 3688 γράψηται
1207 3615 1343 3686 πρὸς
1399 3616 1492 3670 τὸν
1519 3615 1687 3687 ἄνδρα

126 3709 324 3780 μακρᾶς
354 3709 476 3762 τῶν
504 3708 621 3762 δσοι
650 3709 950 3779 γυμνάσιον
979 3709 1158 3779 ἕτεροι
1190 3709 1439 3779 γλώττης
1467 3706 1689 3762 ποιοῦν-

121 3818 198 3855 ται
224 3803 319 3874 τὴν
345 3803 459 3856 τῶν
492 3801 551 3856 ἐν
581 3819 645 3872 γε
682 3803 761 3871 τῷ
789 3803 1021 3874 παρόντι
1055 3802 1353 3874 γινομένων
1380 3819 1687 3872 συγγραφιο

124 3896 212 3962 κὴν
257 3895 552 3965 ἀφήγησιν
606 3894 742 3966 ημῖν
791 3910 853 3962 γε
904 3894 1328 3964 παραπλησίως.
1369 3893 1433 3946 Ei
1467 3893 1576 3963 γάρ
1604 3910 1688 3956 τις

122 3984 216 4040 τῶν
239 3985 440 4052 ἔξωθεν
484 3985 578 4041 τοῦ
613 3985 684 4040 τά
711 3985 893 4040 τοιάδε
936 3986 1283 4058 συγγράφειν
1333 3984 1508 4048 ἑστὼς
1541 4001 1688 4054 γυμ-

73 4133 78 4152 1
121 4079 314 4144 νασίου,
341 4079 611 4150 καθάπερ
639 4095 725 4142 τις
757 4077 1142 4148 Ἑλλανοδίκης
1166 4079 1260 4132 καὶ
1286 4077 1500 4148 ἀπαθὴς
1528 4077 1687 4132 άθλο-

124 4170 296 4244 θέτης,
327 4172 515 4226 ἐθέλει
540 4172 785 4237 σκοπεῖν,
816 4169 1010 4240 δψεται
1042 4171 1143 4240 μὲν
1166 4169 1294 4233 τοὺς
1321 4167 1518 4231 ἄλλους
1549 4168 1689 4237 ὀργῇ

125 4263 206 4325 καὶ
251 4262 412 4334 θυμῷ
471 4261 988 4332 στρατηγουμένους
1046 4259 1140 4312 καὶ
1175 4259 1489 4329 γράφοντας
1540 4257 1691 4326 παρὰ

123 4353 364 4409 τοσοῦτον
397 4353 618 4417 πάθους
661 4353 908 4415 ἐκείνους
951 4351 1012 4404 οὐ
1047 4350 1196 4422 μάλα
1231 4350 1411 4427 ἔκτ-δς,
1452 4348 1692 4418 παρόσον

123 4447 370 4516 ἀληθείας
403 4447 520 4501 οὐδ’
552 4445 689 4510 δλως
718 4444 887 4516 ἔμεγε
918 4444 1112 4506 ἐκτός.

187 4539 260 4596 Θ⁹.
294 4543 369 4595 Οὐ
420 4540 532 4611 γὰρ
583 4538 890 4609 λελείψεταί
937 4555 1028 4608 μοι
1073 4537 1184 4590 τῶν
1231 4536 1451 4590 πάντων
1501 4533 1692 4603 ὥσπερ

119 4635 257 4687 οὐδὲν
285 4635 398 4688 τῶν
425 4633 860 4703 ἐπαινουμένων,
892 4631 1063 4692 οὕτως
1093 4629 1214 4682 οὐδὲ
1237 4629 1346 4681 τῶν
1373 4626 1690 4697 ψεγομένων

120 4727 284 4794 οὐδὲν,
315 4727 372 4780 εί
396 4745 452 4781 τι
487 4726 584 4781 καὶ
629 4724 804 4794 τούτῳ
844 4723 1028 4792 σαφῶς
1065 4721 1342 4791 ἀνθρώπῳ
1377 4735 1442 4788 γε
1483 4719 1595 4772 δντι
1627 4720 1692 4786 ή-

123 4823 417 4892 μάρτηται,
452 4820 563 4872 εἴτε
590 4818 728 4872 κατὰ
758 4815 981 4888 γνώμην
1011 4817 1104 4868 καὶ
1131 4815 1408 4885 βούλησιν,
1435 4813 1544 4864 εἴτε
1571 4810 1691 4866 κατ’

119 4915 356 4982 ἄγνοιαν,
396 4914 507 4966 εἴτε
551 4914 645 4966 καὶ
673 4910 772 4981 τῆς
803 4910 896 4963 τοῦ
931 4911 1122 4981 χρόνου
1160 4926 1217 4960 τε
1264 4907 1358 4960 καὶ
1390 4906 1496 4958 τῶν
1526 4907 1692 4972 ἀναγσ

122 5011 283 5061 καίων
322 5007 659 5077 βιαζομένης
677 5005 1020 5076 πραγμάτων
1043 5003 1240 5072 φορᾶς.
1276 5000 1360 5072 [Ρ.
1382 4999 1510 5072 402]
1546 4998 1690 5052 Πάν-

120 5116 219 5151 των
247 5099 359 5170 γάρ
381 5098 588 5152 τούτων
626 5097 762 5166 μόνα
790 5097 860 5148 τά
889 5096 1028 5149 κατὰ
1056 5094 1283 5163 γνώμην
1305 5094 1401 5146 καὶ
1439 5092 1692 5162 βούλησιν

120 5193 223 5260 ἔχει
250 5195 313 5244 τὸ
331 5192 537 5262 κράτος
571 5189 678 5243 τῶν
715 5189 898 5259 ψόγων
923 5189 1015 5240 καὶ
1048 5186 1156 5238 τῶν
1185 5187 1444 5238 ἐπαίνων.
1477 5186 1618 5238 “Usa.
1637 5185 1692 5237 δὲ

120 5284 342 5356 ῥεούσης
358 5285 422 5338 τό
447 5301 511 5354 γε
536 5284 712 5336 δοκεῖν
728 5283 1048 5353 αὐτομάτως
1066 5281 1160 5332 καὶ
1175 5279 1347 5347 λόγων
1357 5279 1464 5330 τῶν
1482 5294 1692 5346 προση-

119 5377 318 5430 κόντων
366 5377 470 5447 τῆς
514 5377 685 5447 τύχης
719 5375 896 5440 ἐκτὸς,
949 5375 1040 5427 καὶ
1078 5372 1173 5424 νῦν
1204 5372 1305 5442 μὲν
1333 5373 1394 5425 τὸ
1436 5369 1692 5440 εὔδαιμον

118 5472 461 5541 χορηγούσης
503 5470 614 5531 τοῖς
647 5468 900 5537 γινομένο
925 5483 953 5530 ς
1003 5464 1103 5536 ὅλῃ
1147 5465 1294 5534 δεξιᾷ
1337 5463 1430 5516 καὶ
1473 5462 1692 5533 δρόμος

119 5565 392 5632 ἀσχέτως,
419 5560 511 5615 νῦν
535 5560 592 5616 δὲ
614 5560 712 5630 τῆς
743 5559 957 5622 εὐθείας
983 5557 1408 5628 ἀποπλανώσης,
1443 5557 1536 5608 καὶ
1560 5555 1693 5625 πρὸς

120 5657 405 5725 κρημνοὺς
433 5654 802 5726 όδηγουμένης
835 5650 971 5723 δμοῦ
1021 5651 1117 5705 καὶ
1153 5649 1448 5714 σκοπέλους
1483 5649 1692 5720 άτοπη-

123 5749 332 5813 μάτων,
365 5749 459 5800 καὶ
493 5747 798 5818 πράγματα
831 5744 1048 5814 θρήνων
1087 5744 1260 5814 μεστὰ
1315 5744 1411 5795 καὶ
1440 5742 1693 5813 δακρύων

125 5837 354 5909 μακρῶν
401 5839 790 5910 προξενούσης,
841 5832 922 5900 οἷς
979 5837 1348 5906 κακοπραγείν
1399 5834 1534 5904 πρὸς
1594 5836 1693 5903 τῆς

1786 3355 1911 3412 ηοω
1952 3348 2008 3394 et
2043 3338 2254 3394 inimici
2303 3347 2358 3394 et
2401 3337 2660 3392 amicitiae
2707 3339 3061 3394 simulatores
3101 3339 3368 3397 insidiose

1787 3433 2056 3487 adversus
2091 3447 2214 3488 eum
2257 3430 2555 3487 machinati
2591 3440 2755 3493 sunt;
2784 3432 2988 3500 quibus
3019 3440 3201 3486 tamen
3243 3446 3366 3487 om-

1789 3525 1956 3581 nibus
1989 3525 2243 3581 altiorem
2295 3542 2420 3581 cum
2470 3526 2726 3596 praestitit
2755 3525 2942 3580 divina
2977 3526 3094 3596 ipsa
3141 3530 3366 3590 dextra;

1789 3635 2004 3686 verear,
2035 3635 2104 3675 ne
2135 3635 2221 3674 me
2264 3619 2433 3674 studii
2463 3633 2592 3690 erga
2640 3618 2792 3673 illum
2831 3619 2984 3673 nimii
3019 3629 3239 3675 accuset
3264 3620 3368 3676 ali-

1789 3712 1916 3784 quis
1944 3727 2011 3768 ex
2048 3711 2119 3766 iis
2143 3712 2236 3783 qui
2273 3713 2540 3782 linguam,
2576 3710 2652 3764 uti
2685 3725 2805 3774 nos,
2843 3719 3104 3767 exercent
3145 3711 3199 3765 in
3237 3726 3370 3766 con-

1789 3804 2082 3861 scribenda
2115 3814 2422 3874 temporum
2451 3811 2765 3858 nostrorum
2795 3802 3044 3857 historia.
3075 3784 3382 3857 Enimvero

1791 3897 1838 3953 si
1881 3897 2006 3969 quis
2033 3908 2184 3953 extra
2211 3896 2358 3950 illam
2394 3893 2782 3950 historicorum
2821 3895 3128 3965 palaestram
3159 3897 3368 3950 consti-

1793 3999 1964 4053 tutus,
1999 3999 2258 4060 tanquam
2288 3989 2619 4060 agonotlicta
2657 3988 2858 4058 aliquis
2890 4003 2954 4042 ac
2995 4003 3189 4058 pugna:
3218 3985 3368 4040 arbi-

1796 4092 1879 4138 ter
1918 4083 2289 4152 incorruptus,
2325 4090 2575 4151 spectare
2612 4079 2768 4144 velit,
2803 4079 3010 4134 videbit
3039 4089 3190 4134 certe
3233 4077 3368 4132 alios

1795 4176 1892 4232 ira:
1935 4177 2230 4243 animoque
2285 4171 2514 4242 obsequi
2564 4179 2822 4241 tanquam
2871 4171 3022 4235 duci,
3070 4179 3238 4241 atque
3293 4170 3368 4224 ita

1793 4267 2058 4330 scribere,
2090 4276 2148 4319 ut
2171 4262 2630 4334 quemadmodum
2655 4277 2756 4332 ego
2783 4277 2892 4316 non
2924 4261 3150 4316 omnino
3174 4261 3366 4315 absum

1794 4377 1825 4416 a
1860 4361 2109 4424 veritate,
2147 4358 2227 4413 sic
2253 4367 2310 4412 et
2336 4355 2438 4426 ipsi
2475 4355 2544 4410 ab
2586 4354 2737 4410 omni
2768 4370 2993 4424 prorsus
3023 4354 3222 4409 atl'ectu
3257 4370 3368 4408 non

1795 4432 1906 4511 sint
1936 4453 2123 4509 alieni.

1801 4535 1807 4541 ’
1868 4546 1960 4602 IX.
2000 4545 2131 4601 Mitti
2161 4541 2307 4599 enim
2344 4551 2402 4597 ut
2455 4540 2590 4595 nihil
2641 4555 2832 4596 eorum
2873 4552 2993 4608 quae
3040 4536 3360 4598 laudantur,

1798 4641 1872 4696 ita
1911 4654 2017 4695 nec
2040 4652 2231 4693 eorum
2262 4651 2382 4707 quae
2407 4638 2788 4704 vituperantur
2817 4630 3117 4702 quidquam
3151 4631 3366 4683 omitte-

1796 4739 1907 4792 tur,
1949 4728 1993 4782 si
2033 4726 2164 4798 quid
2195 4726 2263 4781 ab
2289 4726 2392 4779 isto
2432 4733 2616 4793 utpote
2657 4721 2877 4776 homine
2907 4729 3194 4790 peccatum
3229 4735 3365 4773 eon-

1793 4828 1920 4882 stet,
1951 4820 2064 4873 sive
2091 4817 2323 4872 consilio
2367 4830 2428 4869 ac
2475 4815 2774 4875 voluntate,
2813 4813 2927 4865 sive
2976 4827 3072 4880 per
3111 4811 3368 4881 ignoran-

1797 4915 1947 4975 tiam,
1993 4913 2106 4967 sivc
2159 4921 2462 4979 temporum
2517 4922 2581 4962 ac
2633 4906 2976 4960 necessitatis
3013 4905 3062 4958 vi
3110 4913 3361 4974 cogente.

1797 5007 1874 5060 Ex
1912 5005 1996 5058 liis
2023 5003 2224 5074 quippe
2263 5001 2515 5055 omnibus
2551 5014 2614 5054 ea
2661 4998 2774 5053 sola
2823 4999 3058 5052 maxime
3091 4997 3363 5052 laudanda

1795 5107 1889 5152 aut
1937 5094 2294 5165 vituperanda
2344 5101 2491 5153 sunt,
2542 5106 2661 5162 quae
2707 5105 2814 5143 non
2871 5091 2990 5144 sine
3036 5089 3267 5144 consilio
3302 5105 3364 5144 ac

1796 5189 2073 5250 voluntate
2105 5187 2260 5241 ﬁunt.
2294 5184 2424 5250 Qua:
2469 5197 2597 5236 vero
2642 5181 2898 5235 accidunt
2932 5181 3157 5245 ﬂuente,
3185 5196 3363 5248 quatt-

1798 5293 1912 5336 tum
1942 5281 2161 5351 quidem
2188 5276 2424 5338 videtur,
2455 5284 2660 5328 temere
2693 5283 2746 5326 ct
2781 5272 2917 5326 citra
2955 5273 3124 5342 legem
3155 5280 3362 5325 certam

1797 5375 2014 5429 fortuna
2055 5377 2272 5441 (nempe
2307 5368 2417 5421 bare
2456 5364 2615 5420 modo
2651 5364 2967 5419 felicitatem
3005 5369 3147 5432 larga
3199 5377 3362 5415 manu

1796 5477 1851 5522 et
1885 5464 2102 5535 profuse
2138 5461 2477 5531 impertitur;
2514 5458 2676 5511 modo
2696 5474 2724 5508 ιι
2751 5467 2901 5511 recta
2932 5455 3015 5508 via
3042 5457 3364 5508 aberrantes

1798 5558 1852 5612 iu
1904 5570 2143 5626 praeceps
2199 5554 2310 5623 agit
2372 5560 2533 5620 atque
2594 5549 2648 5603 in
2713 5548 2970 5618 scopulos
3012 5544 3363 5606 temeritatis,

1797 5650 2127 5718 lacessitque
2201 5647 2268 5701 iis
2332 5643 2544 5714 negotia
2613 5641 2796 5695 luctus
2863 5654 2926 5692 ac
2995 5637 3363 5707 lacryin:.rum

1795 5741 1962 5816 θῇς
1992 5741 2169 5810 plena,
2209 5754 2344 5809 quos
2375 5751 2495 5791 esse
2531 5733 2775 5788 infelices
2817 5731 2982 5802 jussit
3017 5731 3337 5800 omnipotcu

1799 5838 1868 5890 tis
1897 5830 2252 5905 providentia.-
2278 5828 2598 5896 dccrctum),
2627 5839 2768 5895 quae,
2803 5823 3046 5892 inquam.
3081 5837 3110 5874 a
3140 5823 3363 5876 fortuna
