3978 6656
432 419 540 484 867
726 414 802 488 [Δ.
841 430 899 471 I.
936 413 1108 484 6850,
1151 429 1264 470 tun.
1309 411 1398 484 lU]

1646 393 2062 475 Memnoni
2103 409 2486 470 nascens

2808 405 2941 479 [min
2984 425 3024 462 .ι.
3066 423 3297 464 ιιιιαεοι..
3339 409 3398 484 2]

3565 417 3656 482 868

428 539 587 594 sunt,
615 543 683 584 ea
713 543 816 598 ego
857 543 959 582 nec
1002 526 1338 581 laudaverim
1373 538 1495 578 mea
1539 523 1763 593 quidem
1796 529 2013 591 sponte,

2121 518 2362 586 ἀγούσης
2395 518 2463 571 τὰ
2493 517 2674 572 πάντα
2715 520 2976 588 προνοίας
3023 520 3459 593 νενομοθέτηται.
3505 524 3659 581 ταῦτα

426 636 608 690 neque
633 621 857 674 omnino
888 618 1173 674 retulerim
1203 619 1256 672 in
1284 633 1378 672 eas
1409 631 1516 679 res,
1545 631 1667 685 qua:
1694 613 1994 682 vituperari

427 713 653 768 debent.
685 711 760 772 Ea
793 711 940 765 enim
981 726 1090 764 non
1139 719 1248 764 tam
1302 709 1445 779 ejus,
1503 707 1596 778 qui
1651 709 1780 776 agit,
1833 718 1999 774 opera

427 821 551 860 esse
579 803 833 865 dixerim,
861 819 1021 872 quam
1051 801 1401 857 temerarium
1442 799 1734 871 quemdam
1769 797 2002 851 fortuna:

432 896 718 966 impetum,
746 911 841 950 seu
885 895 1140 959 faventis,
1175 909 1272 948 seu
1308 893 1456 947 muni
1500 892 1873 946 calamitatum
1908 905 2002 958 ge-

430 1000 564 1038 nere
605 984 880 1039 saevientis
913 983 1179 1038 adversus
1222 997 1339 1046 eos,
1392 997 1532 1051 quos
1566 979 1772 1032 [hostili
1821 979 2004 1030 animo

433 1073 658 1129 invadit.
695 1073 1165 1140 Quemadmodum
1212 1072 1377 1142 igitur
1405 1085 1607 1126 corona
1643 1069 1869 1123 minime
1900 1068 2003 1120 do-

434 1167 673 1222 nandum
727 1167 857 1220 illud
895 1180 1046 1236 puto,
1083 1167 1226 1236 quod
1269 1175 1466 1236 praeter
1515 1163 1838 1219 sententiam
1871 1175 2007 1230 pra:-

433 1261 581 1313 clare
621 1259 910 1320 aeriderit,
952 1261 1021 1313 ita
1068 1275 1168 1313 nec
1213 1257 1584 1313 damnandum
1618 1256 1752 1309 illud
1780 1267 2001 1318 censeo,

435 1354 580 1420 quod
613 1363 810 1420 pra-ter
841 1351 1176 1406 voluntatem
1208 1351 1348 1404 male
1380 1348 1733 1406 successerit.

511 1558 580 1612 Χ.
624 1559 914 1628 Postquam
949 1558 1132 1625 itaque
1166 1557 1593 1620 ostenderimus,
1625 1555 1888 1626 patientia
1915 1553 2004 1608 illa

436 1648 744 1701 voluntaria
792 1663 856 1702 ac
897 1647 1217 1709 deliberata,
1259 1657 1314 1701 et
1363 1662 1432 1702 eo
1478 1646 1623 1717 quod
1676 1646 1862 1701 ulcisci
1913 1659 2008 1699 cos

437 1739 605 1792 nollet
655 1737 748 1806 qui
796 1747 910 1792 tum
953 1737 1169 1792 molesti
1215 1747 1394 1801 erant,
1426 1737 1628 1791 factum
1662 1749 1806 1796 esse,
1845 1748 1903 1787 ut
1951 1735 2006 1788 in

440 1839 596 1895 tanta
625 1829 1000 1884 calamitatum
1051 1838 1378 1898 tempestate
1429 1828 1701 1898 tantisque
1753 1819 2007 1880 fluctibus

436 1921 618 1989 justus
649 1936 712 1974 ac
749 1921 988 1976 ccelestis
1029 1920 1377 1990 praemiorum
1413 1919 1762 1990 dispensator
1800 1916 2017 1987 pericu-

439 2014 504 2066 lis
539 2010 784 2081 depulsis
817 2010 1171 2082 tranquillum
1208 2027 1332 2064 cum
1369 2026 1491 2066 esse
1531 2011 1786 2082 juberet;
1825 2017 2018 2062 ostend

439 2103 632 2158 demus
669 2103 855 2172 utique
893 2101 1067 2159 fusius
1097 2117 1197 2157 suo
1223 2103 1364 2166 loco,
1396 2104 1720 2172 procedente
1751 2101 1857 2155 hoc
1885 2115 2014 2169 Ope-

441 2207 520 2256 re,
562 2207 801 2261 quonam
855 2202 1014 2261 pacto
1061 2193 1448 2247 adversissima
1480 2193 1529 2247 ei
1564 2193 1746 2246 omnia
1784 2193 2014 2262 posthac

438 2285 759 2345 acciderint.
793 2286 1081 2340 veritatem
1136 2285 1452 2340 lxistoricam
1506 2285 1744 2340 retinere
1785 2284 2014 2354 cupien—

441 2390 541 2441 tes,
570 2393 632 2432 ac
654 2379 984 2448 persuadere
1009 2379 1077 2433 iis
1106 2381 1198 2449 qui
1230 2379 1284 2434 in
1313 2379 1452 2433 hanc
1477 2387 1780 2447 temporum
1802 2387 2010 2446 partem

443 2469 760 2534 inciderint,
810 2485 878 2524 ne
918 2485 1017 2524 nos
1067 2471 1385 2524 existiment
1438 2468 1766 2539 quocunque
1813 2468 2012 2523 affectu

442 2561 638 2614 ductos
670 2576 832 2631 supra
865 2563 1081 2615 modum
1129 2561 1290 2616 dictis
1327 2577 1655 2631 exaggerare
1687 2577 1752 2616 ea
1798 2575 1918 2631 quae
1959 2561 2010 2614 in

443 2646 783 2716 illolliomine
815 2653 897 2706 vel
930 2652 1092 2707 laude
1121 2660 1179 2707 et
1208 2652 1573 2707 admiratione
1601 2653 1762 2722 digna
1792 2656 2015 2707 exstite-

441 2747 591 2801 runt,
625 2739 710 2794 vel
742 2741 810 2793 ab
847 2741 1030 2796 radice
1063 2742 1339 2796 contraria
1371 2741 1711 2811 pullularunt
1740 2761 1755 2796 :
1788 2741 1882 2796 sed
1915 2756 2013 2796 no-

443 2832 529 2886 bis
562 2832 870 2895 veritatem,
907 2843 1072 2902 prout
1105 2849 1162 2887 se
1199 2833 1412 2897 habuit,
1449 2832 1852 2902 exponentibus
1890 2847 2011 2886 cre-

442 2924 595 2988 dant,
623 2931 677 2977 rt
709 2939 868 2977 unam
893 2924 1181 2994 quamdam
1212 2926 1467 2994 utrinque
1495 2937 1686 2978 omnes
1717 2924 2009 2978 utilitatem

443 3016 768 3086 percipiant,
795 3027 1218 3071 consentaneam
1247 3017 1498 3072 videntes
1535 3026 1591 3072 et
1619 3027 2012 3088 congruentem

444 3107 750 3163 seminibus
784 3117 1022 3179 segetem
1053 3109 1247 3177 sequi;
1293 3119 1348 3162 et
1399 3109 1467 3163 iis
1511 3108 1605 3178 qui
1646 3124 1674 3162 a
1708 3109 1851 3163 bono
1889 3124 2016 3178 pro-

449 3198 625 3267 posito
657 3197 818 3269 647
844 3199 953 3252 orsi
986 3197 1212 3262 fuerint,
1267 3198 1409 3253 bona
1457 3201 1710 3263 evenire;
1760 3199 1825 3253 iis
1858 3214 2008 3263 vero,

2110 611 2155 663 δ’
2189 609 2301 664 οὔτ’
2337 611 2404 663 ἂν
2430 609 2590 673 αὐτὸς
2615 613 2899 682 ἐπαινοίην
2922 611 3064 665 ἑκών
3103 630 3165 682 γε
3196 610 3362 682 εἶναι,
3391 614 3504 670 οὗθ’
3528 619 3661 672 ὁλοσ-

2111 701 2289 770 χερῶς
2319 703 2436 764 ταῖς
2463 701 2572 752 τῶν
2597 701 2924 771 ψεγομένων
2952 703 3127 773 ἔγωγε
3159 705 3312 777 θείην
3346 707 3552 776 μερίσιν
3595 711 3660 764 Οὐ

2111 791 2222 860 γὰρ
2249 793 2479 863 πράξεις
2521 794 2723 862 μᾶλλον
2764 795 2926 859 αὐτὸς
2966 797 3363 868 ὁμολογήσαιμ*
3412 800 3479 853 ἂν
3527 803 3663 855 ταῦτ’

2113 879 2252 937 εἶναι
2277 884 2368 937 τοῦ
2399 885 2660 956 δρῶντος,
2689 885 2720 957 ἢ
2751 889 2923 956 φοράν
2948 905 3070 942 τινα
3095 889 3287 958 ἄλογοι
3311 890 3408 961 (ὥς
3439 907 3501 958 γε
3528 892 3665 962 εἴρη-

2113 977 2226 1045 ται)
2255 977 2448 1046 τύχης,
2484 979 2516 1048 ἢ
2545 979 3020 1048 εὐγνωμονούσης,
3054 980 3086 1051 ἢ
3118 985 3359 1052 χοίνικας
3394 986 3668 1052 συμφορῶν

2111 1069 2174 1122 ού
2212 1069 2357 1138 μάλα
2388 1071 2633 1138 εὐμενῶς
2669 1074 3012 1142 ἀπεμπολεῖν
3073 1077 3403 1144 αἱρουμένης
3455 1076 3571 1129 καθ’
3603 1071 3668 1130 ὧν

2115 1159 2397 1226 ἐπείγεται
2439 1161 2743 1231 δυσμενῶς.
2785 1164 2875 1226 Ὠς
2921 1164 3054 1230 γοῦν
3101 1167 3503 1234 ἀστεφάνωτον,
3541 1167 3567 1220 ὃ
3603 1168 3669 1238 μὴ

2114 1251 2256 1304 κατὰ
2293 1251 2551 1323 πρόθεσιν
2579 1253 2806 1323 γνώμης
2846 1255 3145 1323 εὐδοκιμεῖ,
3193 1257 3368 1320 οὕτως
3417 1257 3674 1328 ἀκατηγό-

2117 1357 2283 1411 ρητον
2343 1343 2528 1412 οἴομαι
2588 1345 2720 1406 δεῖν,
2771 1345 2798 1398 δ
2861 1346 2938 1416 μὴ
2988 1348 3132 1400 κατὰ
3189 1348 3511 1420 προαίρεσιν
3559 1351 3674 1404 ἀτυ-

2114 1449 2219 1503 χει.

2173 1523 2267 1577 ’A'.
2314 1524 2629 1594 Δειχθέντος
2677 1526 2988 1596 τοιγαροῦν,
3033 1527 3109 1592 ὡς
3164 1530 3250 1583 διὰ
3296 1530 3398 1601 τὴν
3443 1531 3673 1586 ἑκούσιόν

2115 1632 2173 1667 τε
2207 1617 2300 1668 καὶ
2329 1617 2437 1669 ἀπὸ
2479 1616 2704 1686 γνώμης
2745 1618 2965 1688 ἐκείνην
3011 1621 3338 1691 καρτερίαν,
3373 1623 3471 1676 καὶ
3510 1625 3570 1678 τὸ
3607 1627 3673 1696 μὴ

2117 1707 2328 1761 ἐθέλειν
2360 1709 2668 1778 ἀμύνεσθαι
2703 1713 2827 1774 τοὺς
2861 1713 2980 1765 τότε
3018 1713 3343 1781 λυποῦντας,
3372 1715 3494 1770 οὐδὲ
3525 1717 3674 1790 μέχρι

2117 1797 2348 1869 χειλέων
2376 1799 2585 1866 ἄκρων,
2621 1802 2886 1869 νηνεμίαν
2917 1803 3067 1873 αὑτῷ
3093 1803 3198 1856 τῶν
3225 1805 3489 1860 κινδύνων
3519 1809 3672 1860 κατέ-

2048 1887 2089 1942 Β
2121 1905 2321 1958 στησεν
2357 1891 2385 1940 ὁ
2413 1889 2623 1950 δίκαιος
2661 1890 2868 1945 ἄνωθεν
2902 1893 3200 1964 ἀθλοθέτης
3223 1897 3280 1948 ὲν
3313 1897 3554 1970 τοσούτῳ
3576 1917 3653 1969 χει

2124 1982 2264 2050 μῶνι
2295 1980 2390 2034 καὶ
2423 1981 2658 2058 κλύδωνι
2689 1983 2800 2036 τῶν
2844 1985 3052 2052 κακῶν,
3090 1986 3439 2057 δειχθήσεται
3474 1991 3674 2054 πάντως

2119 2071 2452 2141 πλατύτερον
2486 2074 2629 2126 κατὰ
2654 2072 2838 2146 χώραν
2865 2077 2998 2145 ἡμῖν
3033 2079 3368 2148 γενομένοις,
3408 2078 3503 2133 τοῦ
3526 2080 3677 2148 λόγου

2120 2163 2534 2232 προϐαίνοντος,
2585 2166 2684 2218 καὶ
2725 2166 2873 2230 ὅπως
2927 2170 2986 2220 ιν
3033 2179 3284 2241 υστεροις
3319 2173 3686 2242 συμπέπτωκε,

2119 2253 2296 2324 τούτῳ
2351 2256 2529 2309 πάντα
2563 2258 2975 2312 τάναντιώτατα
3004 2259 3142 2332 (70),
3191 2264 3382 2333 τηρεῖν
3439 2264 3683 2336 βουλομέο

2101 2363 2231 2410 -νοις
2253 2349 2313 2399 τὸ
2337 2350 2434 2418 τῆς
2464 2350 2706 2420 ίστορίας
2730 2350 2929 2420 ἀληθὲς
2954 2356 3206 2424 ταυτησί,
3238 2359 3333 2410 καὶ
3355 2361 3548 2417 πείσαι
3570 2361 3681 2423 τοὺς

2119 2439 2289 2510 ταύτῃ
2324 2441 2714 2509 συνεσομένους
2746 2443 2823 2514 τῷ
2857 2446 3052 2515 χρόνῳ,
3087 2448 3181 2500 καὶ
3225 2447 3347 2501 κατ’
3381 2448 3682 2521 ὲμπάθειαν

2120 2533 2404 2601 ἡντιναοῦν
2437 2537 2578 2603 μήτε
2623 2537 2690 2590 τὰ
2728 2539 2968 2592 ἐπαίνων
3011 2542 3108 2596 καὶ
3137 2542 3419 2612 θαύματος
3468 2543 3568 2602 τοῦ
3599 2546 3682 2597 ἁν-

2118 2623 2266 2692 δρὸς.
2308 2627 2436 2697 μήθ’
2475 2628 2577 2681 ὅσα
2607 2631 2704 2699 τῆς
2731 2631 2984 2696 ἐναντίας
3012 2633 3311 2707 ἐϐλάστησε
3341 2637 3525 2708 ῥίζης,
3555 2637 3684 2699 ἐξαί.

2123 2732 2239 2786 ρειν
2264 2718 2341 2788 τῷ
2367 2720 2510 2790 λόγῳ
2534 2721 2780 2790 νομίζειν
2815 2725 2961 2794 ἡμᾶς
2997 2727 3092 2780 τοῦ
3119 2727 3297 2799 χρεὼν
3329 2731 3682 2802 ὑψηλότερον⁸

2119 2808 2238 2863 ἀλλ’
2265 2811 2433 2880 αὐτὴν
2457 2813 2532 2877 ὡς
2565 2816 2754 2886 ἔτυχεν
2800 2817 2997 2888 ἔχουσα
3029 2821 3127 2893 τὴν
3157 2822 3415 2892 ἀλήθειαν
3451 2825 3685 2894 ἀφηγου-

2125 2904 2308 2972 μένοις
2339 2906 2634 2974 πιστεύειν,
2671 2910 2768 2962 καὶ
2799 2911 2930 2980 μίαν
2973 2914 3096 2968 τινὰ
3133 2915 3232 2985 τὴν
3261 2915 3538 2985 ὠφέλειαν
3565 2919 3683 2970 ἑκα-

2121 2999 2360 3068 τέρωθεν
2396 3000 2605 3066 πάντας
2647 3000 3014 3073 καρποῦσθαι,
3061 3007 3408 3078 συνορῶντας
3461 3009 3602 3072 είκός
3631 3026 3683 3061 τε

2125 3091 2220 3142 καὶ
2249 3091 2393 3158 μάλα
2432 3095 2545 3155 τοῖς
2601 3095 2916 3164 σπέρμασιν
2947 3099 3219 3167 ἁρμόττον
3263 3100 3498 3154 κατόπιν
3535 3103 3608 3154 ίὸν
3635 3101 3687 3154 τὸ

2125 3180 2422 3252 γεώργιονο
2455 3178 2536 3247 οἷς
2561 3183 2660 3247 μὲν
2688 3185 2746 3250 ἐξ
2775 3185 2984 3256 ἀγαθῆς
3018 3190 3392 3260 προαιρέσεως
3416 3188 3685 3260 ὁρμᾶσθαι

445 3265 538 3357 qui
567 3265 707 3342 unde
735 3265 920 3358 pejora
950 3297 1192 3358 pugnant
1219 3287 1526 3357 inceperim
1556 3301 1610 3343 et
1641 3289 1711 3344 ab
1744 3305 1807 3344 ea
1836 3301 2014 3358 parte,

2124 3275 2272 3343 ἐνῆν,
2335 3275 2536 3344 ἀγαθόν
2561 3293 2575 3307 ·
2634 3272 2717 3341 οἷς
2751 3279 2799 3332 δ’
2848 3279 2906 3346 ἐξ
2949 3273 3017 3352 ἧς
3056 3281 3360 3334 ἀντιϐαίνει
3397 3282 3597 3352 μοίρας
3625 3282 3687 3333 τὰ

437 3395 547 3448 qua
584 3379 846 3449 injustitia
883 3388 1126 3433 armatur
1155 3379 1417 3435 adversus
1457 3391 1668 3436 rectum
1711 3397 1774 3436 ac
1813 3384 2016 3436 verita-

444 3481 578 3533 tem,
613 3471 703 3532 iis,
734 3471 980 3540 inquam,
1012 3471 1241 3526 adversa
1278 3474 1463 3528 omnia
1509 3473 1781 3528 accidere.
1818 3473 1922 3530 Sed
1962 3483 2018 3530 ct

447 3563 572 3616 inde
609 3563 914 3616 revocanda
945 3573 1029 3618 est
1059 3565 1238 3618 oratio
1270 3574 1478 3620 nostra.

519 3651 608 3706 XI.
653 3653 750 3709 Vix
793 3654 1015 3722 triginta
1057 3653 1173 3708 dies
1206 3671 1329 3709 cum
1365 3654 1523 3711 Csale
1555 3668 1675 3726 post
1725 3657 2018 3714 adventum

448 3759 609 3798 suum
673 3754 1047 3800 commoratus
1103 3745 1428 3814 imperator.
1485 3746 1720 3802 abeunte
1763 3749 1873 3819 jam
1932 3751 2020 3804 illa

448 3844 636 3889 aestate
683 3845 1057 3906 autumnoque
1097 3837 1343 3903 ineunte,
1376 3839 1686 3908 vigentibus
1725 3841 1929 3896 vitibus
1960 3859 2023 3897 ac

448 3927 872 3982 vindenriatores
901 3928 1048 3982 clara
1078 3944 1217 3998 pene
1263 3944 1394 3984 voce
1424 3931 1836 4000 advocantibus,
1870 3937 2020 3989 venit

445 4035 570 4072 eum
604 4019 776 4088 copiis
799 4031 852 4072 et
880 4020 997 4073 suis
1031 4021 1293 4089 propriis,
1320 4030 1381 4075 et
1406 4037 1471 4075 ex
1502 4021 1690 4078 Servia
1721 4025 1878 4095 longe
1905 4027 2023 4096 plu—

399 4130 402 4132 ·
449 4109 622 4171 ribus,
662 4107 730 4161 ad
769 4106 1002 4162 Serrbas
1039 4109 1252 4172 urbem,
1291 4111 1440 4164 nullo
1480 4112 1667 4168 labore
1700 4127 1915 4182 captum
1957 4118 2019 4168 iri

412 4183 568 4253 'eam
613 4215 642 4252 a
689 4214 748 4253 se
801 4215 1046 4268 sperans,
1096 4202 1544 4270 consliirantib‘us
1593 4205 1740 4259 intus
1793 4206 2023 4262 fortasse

449 4291 823 4362 proditoribus
858 4306 964 4345 non
1004 4295 1210 4361 paucis,
1255 4293 1322 4348 iis
1357 4295 1630 4360 videlicet,
1662 4299 1754 4367 qui
1799 4299 1888 4353 isti
1929 4316 2019 4354 vc-

451 4382 760 4436 liementius
819 4381 1156 4446 studebant,
1215 4382 1646 4454 facillimumque
1715 4388 2020 4458 ingressum

449 4472 632 4526 missis
662 4472 799 4526 clam
829 4472 1031 4526 litteris
1071 4473 1479 4542 prowillebant.
1514 4476 1712 4531 Verum
1760 4479 1869 4533 Deo
1909 4481 2022 4536 illic

448 4579 667 4632 quoque
701 4563 864 4633 hujus
907 4564 1176 4618 voluntati
1211 4565 1498 4620 evidenter
1538 4566 1883 4632 adversante,
1926 4587 2020 4626 co-

449 4665 616 4711 natus
641 4655 730 4710 ille
762 4656 952 4710 irritus
980 4655 1104 4718 fuit,
1133 4671 1189 4711 et
1211 4655 1372 4711 inane
1398 4657 1845 4726 impedimentum
1875 4673 2019 4717 totus

2121 3365 2288 3436 χείρω
2319 3368 2412 3419 καὶ
2445 3367 2739 3438 μοχθηρῶς
2775 3367 2835 3422 τὸ
2873 3368 3094 3423 ἀδικοῦν
3144 3369 3535 3434 ἀνθοπλιζεται
3565 3370 3688 3441 πρὸς

2120 3458 2220 3525 τὴν
2253 3458 2353 3527 τῆς
2402 3458 2663 3527 ἀληθείας
2690 3459 2983 3530 εὐθύτητα,
3029 3461 3240 3526 τούτοις
3277 3462 3321 3515 δ’
3367 3458 3436 3517 αὖ
3477 3462 3686 3516 τούναν-

2121 3548 2236 3602 τίον
2263 3548 2434 3604 ἆπαν.
2467 3550 2631 3604 Ὅθεν
2653 3551 2717 3621 δὴ
2742 3552 2837 3605 καί
2866 3553 3206 3606 ἔπανα-κτέον
3233 3554 3325 3607 τὸν
3355 3555 3539 3623 λόγον.

2205 3639 2308 3693 IA'.
2350 3639 2407 3692 '0
2447 3641 2556 3709 γάρ
2593 3657 2675 3694 τοι
2708 3641 2980 3711 βασιλεὺς,
3028 3643 3340 3709 -τριὰκοντά
3395 3661 3502 3697 που
3538 3643 3688 3715 μόνας

2121 3732 2333 3802 ἡμέρας
2387 3732 2689 3804 ὡμιληκὼς
2727 3735 2804 3803 τῷ
2839 3734 3029 3806 Κράλῃ
3071 3735 3186 3806 (7i)
3215 3736 3355 3806 μετά
3382 3753 3445 3806 γε
3500 3739 3595 3806 τὴν
3619 3737 3688 3797 εἰς

2117 3824 2286 3877 αὑτὸν
2307 3825 2535 3877 κάθοδον
2561 3865 2576 3891 ,
2611 3826 2972 3890 τελευτῶντος
3004 3829 3104 3898 ἠδη
3130 3827 3225 3880 τοῦ
3250 3827 3438 3898 θέρους
3471 3829 3686 3892 ἐκείνου,

2124 3919 2216 3969 xz‘t
2244 3919 2552 3987 ἀρχομένου
2577 3916 2670 3970 τοῦ
2724 3918 3092 3988 φθινοπώρου,
3140 3923 3237 3974 καὶ
3273 3921 3384 3974 τῶν
3435 3921 3688 3990 ἀμπέλων

2126 4005 2499 4074 ἀκμαζουσῶν
2535 4009 2631 4061 καὶ
2665 4009 2950 4078 μονονουχὶ
2998 4010 3126 4071 troia;
3153 4007 3505 4081 τρυγητῆρας
3531 4011 3688 4081 τρανῇ

2123 4101 2188 4168 τῇ
2250 4098 2470 4170 γλώττῃ
2515 4100 2994 4170 προκαλουμένων,
3052 4097 3156 4173 ἦκε
3192 4101 3335 4173 μετά
3380 4119 3440 4155 τε
3489 4103 3593 4156 τῶν
3621 4104 3691 4155 ol-

2129 4187 2293 4240 κείων
2321 4188 2628 4258 δυνάμεων,
2655 4197 2750 4245 καὶ
2784 4193 2921 4263 πρός
2962 4211 3024 4262 γε
3065 4195 3260 4266 μακρῷ
3303 4197 3567 4250 πλειόνων
3592 4198 3689 4250 τῶν
3789 4207 3794 4214 '

2135 4281 2202 4332 ἐκ
2233 4281 2461 4350 Σερῦέας
2488 4282 2690 4349 ὅπλων,
2726 4285 2820 4337 ἐπὶ
2845 4285 2944 4356 τὴν
2979 4287 3131 4339 πόλιν
3183 4289 3425 4360 Σερῤῶν,
3453 4289 3540 4362 [Ρ.
3574 4289 3688 4362 403]

2123 4375 2376 4446 αἱρήσειν
2403 4375 2641 4440 ἐλπίζων
2683 4377 2854 4448 αὐτὴν
2887 4381 3156 4451 ἀμαχητὶ,
3215 4381 3328 4451 (72)
3382 4382 3685 4452 συλλαμϐα-

2123 4469 2324 4521 νόντων
2357 4469 2485 4532 ἴσως
2521 4470 2735 4523 ἔνδοθεν
2770 4472 2981 4543 συχνῶν
3007 4474 3302 4544 προδοτῶν,
3339 4475 3530 4528 ὁπόσοι
3566 4477 3686 4544 θερ-

2131 4563 2360 4633 μότερον
2388 4562 2565 4634 τούτῳ
2611 4564 2986 4634 προσέκειντο,
3027 4567 3121 4618 καὶ
3172 4567 3318 4636 μάλα
3373 4567 3563 4638 ῥᾳδίαν
3596 4566 3686 4634 τὴν

2136 4658 2344 4711 εἴσοδον
2385 4657 2569 4728 κρύφα
2597 4659 2902 4729 γράφοντες
2941 4661 3362 4731 ἐπηγγέλλοντο.
3420 4662 3575 4716 Ἀλλὰ
3605 4659 3687 4713 τοῦ

1776 4775 2118 4844 Variorum
2169 4787 2356 4842 noles.

524 4872 642 4995 (⁸7οζ
664 4872 834 4942 Hujus
855 4871 985 4927 Hist.
1010 4873 1107 4928 lib.
1136 4889 1386 4944 xv1,cap.
1417 4876 1468 4937 l,
1489 4887 1625 4932 sect.
1659 4879 1782 4945 ult.,
1810 4897 1929 4951 cap.
1959 4887 2024 4951 ὅς

524 4955 588 4995 et.
667 4960 683 4995 :
718 4944 813 4995 lib.
852 4960 982 4995 xvn.
1016 4959 1174 4995 (τουπ).
1210 4945 1318 4995 (let
1342 4947 1368 4995 7
1392 4963 1406 4995 ι
1430 4947 1524 4995 lib-
1554 4965 1662 4995 xu-
1685 4965 1802 4995 (Enn-
1830 4956 1880 4995 ιί-
1917 4967 2001 4995 ριν

447 4955 588 5074 itaet.
615 4944 683 5008 7;
718 4944 813 4996 lib.
852 4960 982 5007 xvn,
1016 4959 1174 5016 capp.
1210 4945 1318 5000 (iet
1342 4947 1368 4999 7
1392 4963 1406 5012 ;
1430 4947 1524 5002 lib.
1554 4965 1664 5010 xxx,
1685 4965 1802 5020 cap.
1830 4944 1893 5014 6,.
1917 4944 2025 5010 etc:

479 5020 664 5071 ‘Orvnv.

479 5020 664 5071 towns.

539 5088 632 5153 Ἠ)
657 5083 1076 5153 Canlacuzenus
1107 5083 1322 5140 Cralem
1357 5092 1608 5144 convenit
1641 5091 1863 5146 circiter
1891 5095 2027 5150 illud

449 5152 688 5224 tempus.
721 5172 831 5223 quo
856 5152 1076 5210 Orionis
1127 5156 1282 5210 sidus
1335 5159 1528 5225 oritur,
1569 5163 1669 5215 hoc
1699 5169 1782 5215 est
1835 5175 2025 5220 aestate

451 5233 702 5290 ineunte,
734 5226 838 5278 sub
866 5226 1072 5278 exitum
1109 5227 1312 5281 mensis
1354 5229 1498 5283 Junii
1538 5248 1550 5282 :
1587 5241 1644 5285 ut
1705 5233 2024 5290 adnotatum

449 5313 619 5374 supra
653 5308 787 5354 ("UL
818 5296 933 5361 65).
971 5296 1118 5349 ldem
1180 5313 1323 5374 nunc
1352 5300 1546 5374 diebus
1576 5304 1825 5374 “triginta
1881 5307 2024 5374 apud

453 5370 1068 5443 (Lralemcommoratus
1091 5381 1212 5443 es_~e
1270 5368 1508 5427 dicitur:
1574 5368 1747 5441 iisque
1801 5368 2025 5443 elapsis,

455 5453 671 5492 wnssc
701 5439 985 5490 obsessum
1011 5432 1261 5501 scribas,
1294 5451 1522 5494 exeunte
1550 5432 1755 5506 testate,
1791 5432 1904 5496 inid
1929 5432 2026 5498 au;

457 5522 648 5561 turnno
687 5517 930 5572 meunte,
966 5516 1020 5560 et
1051 5507 1288 5561 instante
1316 5511 1422 5578 jam
1465 5511 1757 5566 vindemia.
1784 5513 1862 5566 Ita
1898 5514 2014 5570 die-

453 5581 558 5637 bus
592 5581 811 5646 triginta
840 5587 1004 5630 totam
1046 5587 1288 5632 aestatem
1323 5581 1532 5634 videtur
1559 5583 1894 5638 coirclusisse
1929 5602 2027 5639 no.

453 5663 569 5725 ster
593 5651 682 5703 hic
706 5648 1104 5725 Cirroiiolugus.
1131 5649 1235 5702 Sed
1269 5649 1494 5705 fortasse
1531 5653 1595 5706 ad
1631 5656 1754 5707 illos
1795 5655 2022 5725 triginta

453 5724 593 5782 dies,
648 5723 789 5789 apud
817 5718 1031 5773 Cralem
1063 5731 1430 5789 consumptos,
1497 5725 1620 5776 addi
1652 5738 1816 5778 etiam
1849 5718 2012 5780 d'ebct

450 5791 586 5846 illud
620 5801 856 5860 tempus,
893 5791 1040 5859 quod
1106 5800 1392 5859 antequam
1428 5793 1494 5846 ad
1528 5799 1715 5849 urbem
1775 5795 2011 5850 Serrlias

449 5872 774 5934 perventum
805 5869 970 5925 esset,
999 5861 1266 5915 exercitui
1299 5865 1537 5931 cogendo
1565 5877 1619 5920 et
1670 5866 2011 5932 instruendo,

2131 4883 2431 4956 atquc'ipsi
2463 4881 2643 4936 itineri
2693 4878 3036 4935 conficiendo
3070 4881 3375 4956 impensum
3403 4881 3564 4938 fuerit
3593 4897 3607 4935 :
3636 4890 3690 4935 ut

2139 4955 2251 5011 tum
2285 4956 2506 5009 demum
2539 4962 2715 5005 castra
2760 4965 2926 5019 prope
2976 4964 3096 5005 eam
3150 4955 3322 5020 ipsam
3379 4957 3565 5007 urbem
3603 4968 3688 5022 po-

2131 5030 2235 5080 sila
2275 5027 2409 5085 sint,
2437 5037 2563 5076 cum
2592 5023 2702 5090 jam
2737 5030 2898 5074 astas
2937 5030 3046 5076 tota
3076 5025 3318 5077 exiisset.
3347 5025 3687 5078 Cantacuze-

2133 5097 2450 5166 nusﬂistor.
2481 5094 2578 5147 lib.
2609 5107 2690 5166 In,
2713 5092 2874 5154 (μιν,
2900 5092 3059 5166 aitse
3077 5094 3341 5166 στρατιὰν
3369 5093 3688 5166 παραλαβεῖν

2128 5162 2248 5238 ἤδη
2267 5164 2792 5238 παρεσκευασμένην
2845 5163 2974 5230 περὶ
3006 5163 3196 5232 θέρους
3247 5162 3496 5226 ἐκϐολάς.
3552 5162 3684 5216 Idem

2130 5236 2542 5299 addit,()ralem
2589 5246 2713 5285 cum
2747 5246 2916 5284 uxore
2969 5243 3324 5301 prosecutum
3357 5248 3477 5290 esse
3524 5245 3684 5301 usque

2131 5308 2197 5360 ad
2252 5305 2488 5360 confinia
2546 5303 2761 5372 imperti
2813 5300 3042 5355 Romani
3078 5322 3089 5356 :
3121 5303 3174 5358 id
3237 5306 3382 5374 quod
3420 5319 3520 5357 non
3567 5300 3687 5374 satis

2127 5377 2384 5500 gongruit
2461 5389 2584 5427 cum
2644 5375 2952 5426 rationibus
2989 5375 3221 5431 nostris
3254 5371 3682 5443 'cbronologicis.
3709 5405 3741 5458 Ι

2177 5463 2336 5500 Olvm.

2177 5463 2336 5502 OlVIN.

2201 5519 2312 5585 (72)
2343 5517 2521 5585 Atque
2549 5513 2654 5568 hoc
2681 5513 2801 5568 loco
2833 5514 2998 5567 etiam
3030 5512 3300 5586 Gregoras
3328 5513 3559 5586 δερ-τίλας
3595 5523 3684 5586 pro

2132 5582 2318 5644 Pheris
2346 5582 2774 5658 pra—elerucujus
2826 5582 3210 5658 praefecturam
3251 5585 3485 5640 habebat
3523 5582 3684 5658 Guido

2129 5652 2488 5721 Lusinia'nus,
2517 5657 2610 5726 qui
2645 5658 2711 5710 ad
2736 5652 3007 5710 Armeniae
3057 5659 3282 5724 mgnum
3315 5652 3680 5726 capessendum

2123 5724 2547 5789 emeatus,eani
2589 5741 2762 5795 nuper
2794 5726 3103 5788 dimiserat,
3149 5727 3224 5778 uti
3271 5735 3455 5778 narrat
3479 5724 3679 5778 Cantac.

2120 5801 2216 5855 lib.
2238 5815 2319 5863 Ill,
2344 5813 2464 5868 cap.
2497 5797 2584 5851 49.
2628 5797 2862 5850 Ducanc.
