3978 6578
261 362 368 432 εδ)
619 363 695 440 [Α.
734 382 766 423 c
834 365 992 439 ista}

1277 371 1718 435 BYZANTINIE
1757 369 2142 434 HlSTORI/E
2181 375 2326 438 LIB.
2365 376 2536 439 Xlll.

2658 373 2791 448 [ινιτ.
2834 393 2876 433 ι.
2919 327 3165 442 utnon.
3201 380 3261 458 5]

3417 385 3527 453 8.0

260 485 392 540 θεοῦ
424 488 709 545 κᾶνταῦθα
740 491 927 560 σαφῶς
952 491 1065 554 τοίς
1099 489 1293 544 τούτου
1317 491 1658 564 βουλήμασιν
1689 493 1817 546 ἀντι-

1945 492 2072 547 belli
2109 502 2405 562 apparatus
2448 495 2678 551 exstitit.
2725 498 2868 554 Ante
2919 502 3067 556 enim
3115 519 3280 573 quam
3317 505 3518 562 infesto

261 579 616 648 πράττοντος,
651 582 936 653 ᾶπρακτός
965 600 1023 636 τε
1048 578 1116 654 ἦν
1144 584 1176 652 ή
1207 584 1414 655 σπουδὴ
1450 585 1546 637 καὶ
1607 583 1839 653 μάταιος

259 670 410 740 ὄχλος
436 673 469 742 ἠ
497 674 647 726 πᾶσα
683 676 1029 746 παρασκευή.
1051 676 1188 746 Πρὶν
1217 677 1328 746 γὰρ
1358 677 1520 730 αὑτὸν
1542 693 1841 748 περιστρα-

260 763 662 818 τοπεδεύσαντα
719 770 784 836 τῇ
841 767 990 820 πόλει
1024 767 1318 838 πολεμίους
1369 771 1560 840 χεῖρας
1615 771 1840 838 ἐπενεγ-

261 857 397 916 κεῖν,
429 855 646 924 νόσημά
674 873 727 909 τι
774 857 1077 928 θανάσιμον
1115 861 1281 930 ὲνσκή
1297 878 1414 913 πτει
1473 861 1550 930 τῷ
1610 878 1839 930 στρατο-

260 944 404 1014 πέδῳ
428 947 538 999 τῶν
591 947 913 1018 Τριϐαλλῶν
934 965 948 979 ’
979 949 1089 1002 εἴτε
1117 952 1220 1020 τῆς
1253 952 1360 1004 τῶν
1382 953 1676 1022 σταφυλῶν
1705 955 1836 1009 ἀταν

260 1036 482 1104 μιεύτου
516 1038 608 1091 καὶ
659 1041 913 1106 ἁφειδοῦς
945 1040 1224 1111 βρώσεως,
1259 1044 1361 1095 εἶτ’
1409 1045 1576 1114 ἄλλης
1629 1046 1838 1115 ἡγησαο

259 1129 428 1197 μένης
459 1131 657 1196 αἰτίας,
686 1133 786 1186 ούκ
827 1129 923 1186 οἷδ’
955 1133 1238 1203 ὁπότερον.
1315 1137 1502 1204 Πάσης
1533 1133 1626 1190 οὖν
1691 1141 1838 1208 ἀμηο

258 1221 532 1291 χανούσης
558 1223 652 1276 καὶ
685 1228 865 1295 χειρὸς
900 1228 995 1279 καλ⁸
1025 1227 1252 1297 γνώμης
1304 1229 1558 1296 ἰατρικῆς
1610 1230 1744 1301 πρὸς
1775 1230 1836 1284 τὸ

257 1313 450 1377 παθος,
495 1319 681 1386 συχνοὶ
712 1316 833 1369 καθ’
860 1317 1075 1388 ἡμέραν
1127 1319 1366 1389 εκάστην
1413 1323 1596 1390 νεκροὶ
1656 1339 1837 1374 κατω-

259 1409 514 1476 ρύττοντο
544 1423 558 1437 ’
617 1411 713 1463 καὶ
760 1409 951 1479 ἐπειδὴ
1012 1411 1364 1482 βραχυτάτων
1422 1413 1572 1476 ἐντὸς
1606 1413 1832 1485 ἡμερῶν

258 1498 397 1570 ὑπὲρ
430 1499 557 1561 τοὺς
590 1501 793 1569 χιλίους
827 1503 855 1553 ὀ
888 1501 1122 1564 θάνατος
1156 1502 1418 1573 ἐξήνεγκε
1445 1503 1541 1556 τοῦ
1568 1503 1708 1573 βίου,
1736 1504 1828 1556 καὶ

257 1593 472 1654 πλείους
502 1595 597 1646 ἐπὶ
629 1594 840 1658 τούτοις
887 1594 1103 1662 ἐξάγειν
1143 1596 1406 1664 ἠπείγετὸ
1437 1612 1496 1650 τε
1535 1596 1628 1649 καὶ
1656 1596 1829 1664 ἐπηγ-

253 1685 498 1751 γέλλετο,
533 1687 767 1755 ἄραντες
815 1689 912 1757 τὴν
973 1688 1240 1758 ταχίστην
1295 1687 1572 1757 ἐπανῆκον
1619 1687 1829 1741 ἐκεῖθεν

1936 587 2184 641 exereitu
2245 588 2473 656 propius
2524 590 2748 645 admoto
2799 593 2992 647 urbem
3050 597 3529 664 circumsedisset,’

1945 679 2171 732 morbus
2201 680 2425 747 quidam
2458 680 2679 736 lethalis
2728 683 3094 740 Triballorum
3133 689 3330 743 castris
3372 690 3518 745 inlli-

1942 770 2090 841 gitur
2121 789 2136 826 :
2171 772 2288 827 sive
2337 773 2710 843 intemperans
2751 787 2805 832 et
2858 777 3256 836 immoderatus
3285 799 3515 838 uvarum

1941 876 2092 922 esus.
2156 862 2270 917 sive
2331 863 2436 917 alia
2499 880 2842 935 qua-cunque
2901 882 3064 923 causa
3123 873 3513 940 pnecessisset.

1944 951 2143 1009 Utrum
2181 965 2330 1009 certe
2363 963 2596 1008 statuam
2631 958 2836 1011 nescio.
2872 956 3008 1013 Cum
3047 961 3230 1030 itaque
3260 963 3392 1016 nihil
3423 965 3519 1018 ad-

1939 1061 2132 1102 versus
2159 1047 2260 1102 hoc
2293 1047 2493 1101 malum
2515 1063 2627 1120 nec
2670 1066 2862 1104 manus
2894 1067 2994 1106 nec
3028 1053 3304 1124 ingenium
3339 1057 3514 1111 medi-

1938 1153 2130 1192 corum
2164 1139 2388 1204 valeret,
2420 1138 2736 1208 frequentes
2759 1141 3004 1212 quotidie
3027 1146 3240 1198 mortui
3271 1146 3516 1202 defodie-

1939 1230 2160 1284 bautur.
2209 1229 2348 1295 Quia
2393 1231 2559 1300 igitur
2610 1247 2759 1286 mors
2805 1233 2947 1287 intra
3001 1236 3363 1304 paucissimos
3395 1239 3514 1294 dies

1937 1323 2236 1378 sustulerat
2283 1340 2349 1379 ex
2403 1325 2514 1380 vita
2569 1326 2820 1380 homines
2865 1327 2986 1396 plus
3025 1344 3187 1398 quam
3237 1331 3405 1392 mille.
3447 1347 3513 1387 ac

1939 1415 2126 1484 plures
2164 1424 2427 1484 praeterea
2466 1415 2662 1478 efferre
2700 1417 3029 1487 properabat
3063 1421 3509 1488 minabaturque.

1937 1505 2102 1560 motis
2139 1521 2302 1575 quam
2349 1508 2637 1564 celerrime
2686 1509 2882 1564 castris
2932 1511 3145 1566 rediere
3181 1511 3348 1584 648
3384 1513 3510 1569 inde

1939 1615 2148 1661 omnes.
2184 1599 2327 1654 Crali
2367 1617 2486 1656 eam
2528 1603 2830 1657 nuntiaturi
2863 1603 3097 1668 cladem,
3145 1621 3267 1675 qua:
3298 1607 3512 1662 exerci-

1939 1687 2017 1741 tui
2046 1689 2183 1742 citra
2217 1689 2386 1744 ullum
2417 1691 2486 1745 ab
2519 1691 2836 1747 hominibus
2865 1693 3069 1748 bellum
3102 1695 3399 1750 acciderat.

247 1781 512 1846 ἅπαντες,
575 1785 1015 1854 ἀπαγγέλλοντες
1079 1785 1158 1855 τῷ
1206 1785 1412 1879 ,Κράλῃ
1465 1787 1525 1840 τὸ
1571 1786 1742 1858 χωρὶς
1809 1785 2150 1855 ἀνθρωπίνου
2216 1787 2458 1857 πολέμου
2543 1789 2944 1859 ωμπεπτωκές
3012 1792 3333 1862 δυστύχημα
3429 1795 3508 1866 τῷ

246 1876 485 1946 στρατῷ.

1696 1989 1922 2046 CAPUT
1963 1988 2031 2044 IV

238 2107 496 2182 Augurius
532 2111 705 2162 media
729 2110 894 2163 hieme
929 2110 1325 2181 Hellespontum
1354 2112 1576 2180 trajicit,
1614 2110 2045 2164 Cantacuzenum
2078 2107 2434 2182 quasiturus.‘
2483 2103 2903 2182 Didymoticltum
2930 2123 3101 2182 usque
3147 2112 3504 2182 progreditur.

309 2179 505 2234 lrenen
535 2183 922 2250 imperatricem
964 2198 1068 2235 non
1101 2177 1235 2241 adit.
1281 2199 1344 2236 ne
1381 2177 1613 2236 dolorem
1646 2189 1922 2250 conspectu
1966 2188 2181 2250 augeat.
2218 2181 2351 2250 Aere
2382 2178 2434 2229 et
2453 2177 2736 2250 uehemens
2769 2179 2940 2244 (amici
2989 2177 3307 2235 desiderium
3338 2187 3504 2238 verbis

308 2250 579 2327 deciarat.
611 2247 758 2304 Mira
873 2254 1079 2327 homine
1107 2253 1334 2306 barbaro
1361 2253 1690 2327 humanitas.
1730 2247 1850 2304 Utri
1881 2247 2054 2320 prima
2079 2249 2194 2327 laus
2220 2247 2517 2327 tribuenda,
2558 2247 2932 2327 cantacuzeno
2970 2266 3040 2327 an
3065 2253 3332 2327 _Amur_io.
3363 2256 3506 2318 Quid

314 2322 613 2392 amicitiam
655 2321 916 2375 conciliet.
969 2322 1102 2392 Ejus
1169 2339 1288 2376 cum
1339 2326 1535 2376 musico
1570 2333 1826 2376 concentu
1879 2320 2226 2389 comparatio.
2279 2319 2554 2392 ᾼιιιιινίιιε,
2599 2319 2661 2370 de
2691 2319 2862 2392 autieo
2907 2320 3186 2392 sollicitus,
3222 2325 3400 2376 oblata
3435 2327 3500 2378 ab

307 2391 467 2445 Irene
491 2392 690 2444 cibaria
721 2408 783 2445 ac
813 2387 1124 2446 vestimenta
1155 2396 1423 2463 repudiat.
1465 2394 1715 2447 Eamdem
1748 2395 1800 2446 in
1829 2387 2064 2463 summa;
2095 2389 2365 2463 angustias
2419 2387 2707 2442 adductam
2739 2389 2966 2463 solatur.
3001 2391 3185 2463 Hieme
3215 2397 3501 2448 exercitum

305 2463 596 2536 infestante
655 2463 864 2516 domum
902 2465 1056 2536 redit.
1111 2459 1366 2518 Manuelis
1413 2463 1778 2518 Tarchaniotte
1807 2462 2056 2536 elogium.
2094 2459 2162 2514 Ut
2215 2459 2585 2514 Cantacuzeno
2623 2459 2843 2530 quasito
2893 2469 2941 2512 et
2996 2462 3205 2517 invento
3254 2465 3503 2536 Didymo-

310 2534 510 2586 ticltum
543 2549 776 2586 reversus
807 2536 984 2602 anxia;
1013 2535 1342 2604 imperatrici
1380 2536 1714 2606 gratissimus
1746 2533 2038 2587 aduenerit.

304 2656 387 2709 Ν.
439 2653 658 2707 Τούτων
692 2653 738 2706 δ’
769 2651 942 2734 οὕτως
969 2654 1249 2726 ,ἐχόντω-ι,
1285 2655 1472 2724 ἐπειδὴ
1518 2656 1614 2709 καὶ
1646 2658 1674 2709 ὁ
1724 2654 1817 2708 τοῦ

1993 2652 2035 2708 Ι.
2075 2652 2200 2708 Haec
2243 2668 2369 2708 cum
2417 2652 2491 2708 ita
2541 2667 2600 2708 se
2631 2653 2922 2720 haberent,
2952 2663 3009 2710 et
3043 2655 3214 2726 ipsius
3246 2656 3495 2712 autumni

232 2743 588 2816 φθινοπώρου
617 2746 809 2817 καιρὸς
844 2747 973 2817 ἑξῆς
1003 2749 1282 2816 ἐτελεύτα,
1315 2751 1412 2802 καὶ
1442 2751 1631 2821 ῥᾴδιον
1664 2749 1817 2805 οὔπω

1923 2753 2170 2814 tempore
2197 2759 2322 2800 mox
2358 2757 2622 2810 exeunte,
2653 2745 2813 2802 facile
2845 2745 2991 2802 haud
3026 2757 3172 2803 esset
3197 2749 3496 2819 imperato-

235 2837 543 2906 μανθάνειν
586 2840 699 2900 τοῖς
735 2838 910 2906 φίλοις
940 2837 1030 2910 ἦν,
1065 2841 1213 2904 ὅπως
1256 2841 1372 2910 ἔχει
1403 2842 1472 2895 τὰ
1527 2841 1816 2912 βασιλέως,

231 2931 295 2982 ἐν
328 2929 588 3002 ἀλλοτρία
615 2933 687 3003 τῇ
715 2933 1176 3002 συνδιαιτωμένου
1207 2933 1506 3004 βαρϐάροις
1533 2936 1625 2987 καὶ
1645 2933 1819 3000 ξένοις

230 3021 419 3094 ἤθεσι,
443 3023 649 3094 δέδειχε
682 3023 780 3094 μὲν
809 3024 874 3096 δὴ
900 3025 1115 3094 πρῶτος
1145 3025 1354 3094 Ἀμοὺρ
1382 3027 1409 3077 ὁ
1434 3024 1650 3097 Πέρσης
1674 3024 1814 3094 (75).

227 3117 257 3167 ὁ
287 3115 479 3168 Λυδῶν
508 3116 776 3186 ἀρχηγὸς,
836 3117 960 3170 ὅσον
1003 3118 1061 3168 ὲν
1105 3118 1218 3179 τοῖς
1271 3115 1496 3184 καρδίας
1552 3102 1816 3187 θαλάμοις

227 3207 438 3261 ἔθαλπε
470 3209 560 3262 τὸν
579 3208 674 3262 τοῦ
707 3208 975 3278 βασιλέως
1004 3209 1204 3280 ἔρωτα.
1250 3209 1536 3278 Χειμῶνος
1568 3211 1674 3281 γὰρ
1710 3211 1814 3281 ἤδη

229 3298 552 3366 μεσοῦντος.
607 3301 702 3354 καὶ
735 3300 1010 3368 θαλάσσης
1067 3302 1206 3372 ὁμοῦ
1257 3305 1352 3355 καὶ
1411 3303 1574 3374 ἀέρος
1613 3303 1816 3374 πολλὴν

225 3395 470 3462 ἐχόντων
501 3395 603 3462 τὴν
635 3393 863 3460 ἀταξίαν
901 3397 994 3449 καὶ
1030 3395 1320 3464 σύγχυσιν,
1370 3399 1468 3450 σὺν
1526 3395 1708 3467 πολλῷ
1736 3396 1815 3467 τῷ

225 3482 454 3554 στρατῷ
480 3484 673 3546 διαὸὰς
706 3486 795 3537 τὸν
863 3485 1297 3554 Ἑλλησποντίαν
1351 3485 1596 3557 πορθμὸν
1631 3486 1834 3557 ἐζήτει

224 3575 383 3646 μάλα
412 3577 506 3628 τὸν
545 3576 700 3644 φίλον
730 3577 975 3647 θερμῶς.
1001 3578 1115 3631 Καὶ
1155 3577 1348 3647 ἐπειδὴ
1379 3579 1564 3650 ῥᾴδιον
1613 3580 1716 3632 ούκ
1745 3575 1812 3651 ἦν

220 3653 384 3738 αύτῷ
422 3670 552 3740 μήτ’
613 3670 914 3740 ὀφθαλμοῖς
955 3671 1178 3749 οίκειίοις
1235 3673 1442 3728 ἐκεῖνον
1490 3674 1812 3739 θεάσασθαι,

224 3763 376 3831 μήτε
409 3762 600 3832 μαθεῖν
632 3767 689 3818 ὲν
734 3765 875 3828 οἵαις
908 3764 1102 3833 τύχαις
1132 3767 1339 3828 ἐκεῖνος
1381 3765 1670 3836 τηνικαῦτ’
1719 3761 1808 3836 ἦν’

219 3854 438 3908 ἐκώλυε
472 3857 579 3926 γὰρ
610 3856 670 3909 τὸ
699 3856 834 3910 πολὺ
866 3858 960 3912 τοῦ
988 3857 1221 3928 ψύχους,
1255 3856 1351 3911 καὶ
1403 3857 1522 3929 ἅμα
1554 3857 1690 3928 χιὼν
1716 3875 1812 3930 τη·-

221 3947 459 3999 νικαῦτα
516 3950 912 4020 κατενεχθεῖσα
983 3952 1124 4003 κατὰ
1198 3949 1422 4020 δαψιλὲς
1500 3952 1808 4021 ἀπόρευτον

1921 2839 1998 2893 ris
2036 2839 2230 2894 amicis
2261 2839 2498 2906 discere,
2531 2849 2640 2910 quo
2676 2840 2798 2894 loco
2837 2840 2988 2896 illius
3018 2856 3106 2895 res
3131 2849 3337 2908 essent,
3365 2857 3500 2896 eon-

1920 2931 2126 2986 vietum
2159 2931 2339 2985 alieno
2386 2931 2440 2984 in
2499 2931 2618 2985 solo
2673 2931 2929 2987 habentis
2979 2948 3102 2986 cum
3153 2933 3495 2997 hominibus.

1919 3038 2154 3093 quorum
2189 3023 2403 3076 barbari
2433 3032 2620 3078 essent
2653 3039 2717 3079 ac
2741 3025 3018 3096 peregrini
3053 3039 3268 3092 mores;
3307 3036 3498 3081 osten-

1919 3115 2001 3169 dit
2058 3115 2272 3186 primus
2322 3117 2586 3171 Amurius
2637 3116 2728 3170 ille
2787 3115 2972 3178 Persa,
3027 3115 3300 3187 Lydorum
3362 3117 3496 3181 dux,

1921 3219 2190 3279 quantum
2236 3208 2290 3263 in
2342 3207 2535 3261 intimo
2565 3208 3006 3265 eordeamorem
3042 3208 3389 3278 imperatoris
3414 3210 3499 3265 fo-

1916 3308 2089 3354 veret.
2118 3299 2291 3352 Media
2314 3300 2460 3354 enim
2483 3300 2593 3370 jam
2629 3299 2831 3362 hieme,
2859 3315 2983 3354 cum
3013 3310 3159 3354 esset
3193 3301 3494 3370 plurimum

1919 3399 2033 3444 tum
2065 3390 2118 3444 in
2147 3389 2292 3443 mari
2315 3400 2426 3444 tum
2462 3391 2516 3444 in
2548 3405 2676 3444 aere
2704 3389 3136 3460 perturbationis
3165 3401 3332 3461 atque
3363 3407 3498 3447 con-

1916 3482 2173 3544 lusionis,
2228 3483 2438 3552 magnis
2490 3462 2613 3536 cu’m
2664 3481 2842 3551 copiis
2895 3482 3118 3548 trajerto
3158 3483 3494 3554 Hellesponti

1915 3575 2080 3642 freto,
2107 3591 2344 3629 aureum
2381 3591 2540 3628 suum
2575 3574 2736 3629 anxie
2765 3575 3110 3644 quaeritabat.
3141 3577 3205 3628 Et
3234 3580 3360 3646 quia
3389 3577 3495 3648 ipsi
3601 3642 3604 3644 τ

1914 3666 2076 3724 facile
2109 3685 2220 3723 non
2251 3677 2372 3724 erat
2404 3669 2484 3722 vel
2514 3684 2638 3723 cum
2673 3669 2850 3722 oculis
2890 3668 3005 3722 suis
3035 3669 3262 3734 intueri,
3297 3670 3379 3725 vel
3407 3671 3494 3725 di-

1914 3775 2093 3827 scere,
2127 3776 2249 3830 qua:
2281 3773 2392 3814 tum
2417 3760 2535 3830 ejus
2566 3768 2711 3814 esset
2745 3758 2966 3814 {Ortona
2994 3760 3139 3830 (nam
3169 3761 3250 3814 vis
3273 3759 3494 3831 frigoris

1914 3854 2190 3919 obstabat,
2216 3863 2271 3908 et
2296 3867 2560 3924 praeterea
2590 3853 2778 3908 eﬂ'usa:
2813 3861 2924 3906 tum
2961 3853 3164 3923 largius
3203 3855 3354 3908 nives
3390 3857 3495 3907 iter

1913 3946 1981 4000 ad
2020 3947 2173 4001 illum
2207 3946 2654 4002 iutereludebant
2681 3956 2845 4015 atque
2878 3947 3085 4000 invium
3134 3945 3491 4014 eﬂiciebant),

220 4041 406 4091 ἐποίει
434 4042 527 4093 καὶ
555 4041 758 4095 ἄϐατον
787 4043 887 4113 τὴν
911 4043 970 4106 ὲς
1005 4045 1212 4096 ἐκεῖνον
1239 4043 1358 4096 ὁδόν
1383 4058 1398 4074 °
1429 4040 1602 4095 ἐλθὼν
1629 4043 1805 4113 ἡσυχῆ

1922 4040 2076 4093 tacite
2111 4054 2432 4110 progressus
2477 4039 2628 4094 circa
2678 4039 3047 4122 Didymotichi
3094 4039 3361 4122 suburbia
3403 4057 3495 4094 ea-

223 4133 808 4201 παρεστρατοπέδευσε
856 4134 986 4202 περὶ
1017 4132 1106 4206 [Ρ.
1139 4133 1268 4205 404]
1311 4133 1378 4186 τὰ
1433 4134 1529 4188 τοῦ
1569 4134 1802 4202 Διδυμο-

217 4227 412 4290 τείχου
449 4227 769 4293 προάστεια,
821 4227 915 4281 καὶ
978 4226 1233 4296 δουλικήν
1313 4242 1434 4280 τινα
1498 4225 1807 4296 πεπομφὼς

218 4315 438 4367 ἐκεῖθεν
465 4317 670 4388 Εἰρήνῃ
721 4321 786 4389 τῇ
841 4318 1074 4390 βασιλίδι
1139 4318 1538 4390 προσκύνησιν,
1591 4318 1804 4390 αἴθριος

216 4412 601 4479 δ.ενυκτέρευέ
642 4428 699 4466 τε
736 4415 828 4465 καὶ
849 4413 1178 4484 διημέρευεν
1215 4413 1571 4483 ἐγκαρτερῶν
1602 4415 1666 4483 τῇ
1705 4413 1807 4482 τῆς

221 4504 546 4572 χειμερινῆς
580 4504 730 4572 ὧρας
767 4505 983 4575 ἐκείνης
1017 4505 1373 4574 σκληρότητι,
1405 4505 1497 4558 καὶ
1533 4504 1624 4558 τὸν
1649 4504 1804 4573 φίλον

217 4597 432 4647 ἀπόντα
493 4596 696 4666 ζητῶν,
779 4600 887 4650 κάκ
967 4599 1139 4667 μέσης
1208 4596 1643 4666 ἁποκλαιὸμενος
1707 4593 1827 4666 τῆς

216 4685 403 4757 Ψυχῆς
434 4705 447 4717 ⁶
507 4691 598 4742 καὶ
657 4689 830 4742 πολλὰ
891 4692 1028 4758 πρὸς
1098 4690 1198 4757 τῆς
1263 4687 1539 4758 βασιλίδος
1605 4687 1802 4741 καλού-

223 4798 386 4850 μενος
417 4782 498 4845 είς
526 4782 650 4852 ὄψιν
674 4783 859 4854 ἐκείνῃ
891 4783 952 4836 τὸ
980 4784 1245 4852 παράπαν
1287 4781 1464 4835 ἐλθεῖν
1516 4781 1616 4834 ούκ
1650 4781 1804 4851 ὴνείο

222 4890 373 4944 χετο.
953 4909 956 4911 -

296 4968 369 5020 Β’.
421 4985 440 5017 ι
483 4966 664 5030 Ποίοις
697 4968 826 5035 γὰρ,
889 4967 1148 5035 ἔφασκεν,
1218 4966 1429 5037 ὄμμασι
1485 4965 1803 5036 βλέψωὶδα-

225 5059 414 5128 κρύων
440 5058 786 5130 δακρύουσαν
807 5060 1002 5130 ἐπὶ-τῷ
1037 5058 1271 5128 βασιλεῖ,
1305 5058 1558 5113 τοσοῦτον
1589 5061 1798 5129 ἀποδηο

231 5149 424 5218 μοῦντι
454 5150 646 5218 χρόνον
683 5151 742 5200 εν
790 5132 1105 5218 ἀλλοφύλων
1127 5152 1304 5220 χερσὶ,
1341 5151 1436 5203 καὶ
1471 5150 1672 5219 ἥκιστα
1708 5153 1805 5204 σαι

226 5244 340 5311 φὺς
402 5243 724 5312 ἐγνωσμένῃ
752 5245 823 5313 τῇ
856 5259 871 5308 ;
902 5243 1073 5307 Αὐτός
1100 5259 1159 5295 τε
1195 5243 1303 5314 γὰρ
1347 5243 1702 5314 διαρραγείην
1735 5244 1802 5298 ἂν

224 5335 360 5402 πρὸς
393 5335 814 5404 τὰς,παρούσας
856 5337 1025 5404 τύχας
1077 5334 1292 5406 ἐκείνης
1360 5335 1503 5400 ίδὼν,
1553 5337 1656 5389 καὶ
1703 5338 1800 5400 τὰς

1910 4107 2260 4187 strainetatus
2287 4144 2392 4195 e5t,
2424 4143 2479 4187 et
2513 4132 2700 4187 servili
2733 4107 2969 4202 quadam
3007 4109 3131 4187 inde
3162 4107 3494 4188 saiutatione

1909 4225 1976 4278 ad
2038 4224 2229 4279 lrenen
2293 4224 2700 4294 imperatricem
2759 4225 2945 4288 missa,
3003 4233 3192 4277 noctes
3261 4224 3494 4294 diesque

1911 4326 2059 4370 totos
2087 4316 2346 4371 manebat
2371 4315 2475 4370 sub
2501 4315 2614 4378 dio,
2639 4315 2885 4370 hiberna:
2909 4316 3227 4383 astteritatis
3250 4317 3488 4386 patiens,

1906 4415 1963 4460 et
1992 4405 2278 4460 absentem
2307 4405 2545 4460 amicum
2587 4403 2898 4474 requirens,
2956 4412 3122 4472 atque
3173 4417 3240 4456 ex
3293 4403 3495 4456 intimo

1907 4507 2131 4570 pectore
2184 4500 2453 4570 lacrymas
2505 4499 2691 4564 ciens;
2753 4497 3064 4568 sapiusque
3116 4495 3187 4549 ab
3243 4497 3486 4565 Augusta

1907 4603 2134 4648 vocatus
2175 4592 2229 4647 in
2279 4592 2428 4647 illius
2473 4593 2664 4647 venire
2713 4601 3071 4660 conspectum
3125 4588 3271 4644 haud
3323 4591 3494 4645 susti-

1907 4687 2094 4744 nebat.

1979 4975 2044 5030 ll.
2094 4994 2111 5024 ι
2153 4974 2364 5042 Quibus
2397 4975 2569 5039 enim,
2616 4975 2817 5037 aiebat,
2852 4975 3108 5030 intuebar
3141 4977 3316 5032 oculis
3345 4978 3486 5034 (lens.

1907 5064 2129 5120 ﬂentem
2166 5075 2389 5135 propter
2419 5064 2720 5121 absentiam
2753 5065 3120 5134 imperatoris,
3153 5068 3206 5122 in
3239 5077 3484 5137 potesta-

1909 5167 1959 5212 te
1990 5169 2303 5212 exterarum
2341 5159 2585 5228 gentium
2631 5166 2687 5212 et
2740 5158 3083 5229 ignotissima
3133 5161 3186 5214 iu
3235 5162 3351 5215 solo
3384 5163 3488 5228 de-

1906 5250 2111 5320 gentis?
2142 5249 2436 5304 Enimvero
2470 5249 2637 5320 649
2665 5260 2722 5305 et
2755 5251 2871 5320 ip~e
2903 5251 3240 5320 disrumpar.
3270 5255 3312 5307 si
3346 5271 3483 5322 prte-

1906 5349 2116 5394 seutem
2149 5339 2297 5395 illius
2329 5342 2604 5396 fortunam
2640 5343 2876 5407 intuear,
2920 5344 3320 5414 tragmdiasque
3358 5347 3489 5400 illas.

223 5426 591 5498 περισχούσας
615 5401 724 5496 τὴν
770 5401 1054 5497 βασιλικὴν
1081 5401 1262 5481 οἰκίαν
1290 5428 1598 5498 τραγῳδίας
1628 5432 1796 5482 τεκαὶ

1922 5443 1956 5487 ει
2004 5433 2315 5503 inOpiuatas
2348 5435 2447 5488 heu
2479 5435 2492 5488 l
2521 5435 2880 5501 calamitates,
2913 5452 3035 5506 quae
3071 5437 3484 5505 imperatoriam

223 5522 516 5589 ἀδοκήτους
542 5518 644 5589 φεύ
668 5521 682 5574 ι
713 5520 996 5591 συμφοράς
1017 5535 1030 5549 '
1061 5519 1154 5572 καὶ
1188 5519 1302 5590 ἅμα
1331 5519 1520 5588 αὐτὴν,
1553 5521 1678 5573 ἀντὶ
1705 5520 1796 5574 τοῦ

229 5613 752 5683 παραμυθήσασθαι,
787 5613 922 5683 πρὸς
947 5614 1165 5683 μείζους
1191 5613 1475 5681 ἁναφλέξω
1504 5613 1626 5674 τοὺς
1662 5615 1796 5688 θρηο

1903 5527 2125 5581 domum
2169 5527 2409 5596 undique
2448 5528 2827 5584 circumstant.
2872 5530 2932 5584 Et
2981 5531 3129 5584 illam
3161 5529 3323 5584 simul
3358 5540 3486 5585 tatu-

1905 5629 2018 5673 tum
2052 5619 2229 5673 aberit
2259 5631 2314 5672 ut
2354 5620 2627 5686 consoler,
2655 5631 2716 5677 ut
2753 5622 2944 5693 majori
2979 5623 3126 5677 lectu
3164 5622 3486 5685 incendam.

1567 5733 1900 5798 'v'ariorum
1939 5745 2125 5798 notae.

291 5857 401 5928 (73)
431 5856 722 5914 Cantacuz.
758 5858 855 5914 lib.
889 5873 967 5922 ιιι,
998 5873 1117 5929 cap.
1149 5858 1216 5914 56
1247 5875 1398 5932 ,pag.
1423 5862 1548 5917 540.
1581 5860 1812 5919 Dousa.
