3978 6594
462 362 567 432 871
751 359 827 431 [Α.
869 375 926 415 ιι.
968 357 1130 423 685i,
1173 370 1282 411 nm.
1326 353 1412 425 ll]

1697 357 2108 418 NIlLEi’HOllI
2147 354 2528 419 GREGOHIE

2813 347 2947 419 [ιιιιν.
2990 361 3008 400 ι
3072 358 3308 400 νλιιοι..
3348 339 3407 415 ἱ]

3589 347 3679 416 8⁸ῑῖ

466 476 586 532 Non
633 474 800 545 igitur
832 472 1089 528 visitandi
1142 484 1288 525 nunc
1338 478 1577 536 tempus,
1609 429 1707 522 s\ed
1759 465 2037 522 uberrime

2148 484 2294 526 νους.
2327 467 2402 518 Ού
2439 463 2668 534 θεωρίας
2693 458 2785 516 οὖν
2811 464 2838 515 δ
2879 464 3069 530 παρὼν
3112 459 3302 529 καιρὸς
3356 457 3478 511 ούδέ
3506 458 3676 525 λόγων,

465 566 658 621 ﬂendi.
693 565 887 621 Gravis
919 563 1064 619 enim
1095 562 1184 616 hic
1214 560 1392 623 dolor,
1426 558 1518 629 qui
1548 567 1606 612 et
1648 573 1804 613 acres
1846 559 2037 612 admo-

467 672 598 712 vere
635 656 769 710 mihi
814 654 1067 709 stimulos
1098 662 1155 708 et
1195 651 1466 706 violentas
1503 649 1688 703 animo
1729 663 1853 704 meo
1889 648 2038 703 faces

469 747 689 802 videtur
709 745 1023 809 subiicere;
1053 742 1311 814 quoniam
1340 739 1484 794 baud
1514 738 1676 793 datur
1701 754 1849 805 eum,
1880 739 2036 809 cujus

470 837 789 905 impressam
815 851 944 906 gero
973 835 1024 888 in
1059 833 1224 888 corde
1254 829 1568 899 imaginem,
1596 829 1830 882 amicum
1861 829 2038 884 inlue-

470 929 517 982 ri
550 921 1407 998 pulcherrimum,.imperatoriis
1433 923 1856 992 circumseptum
1878 938 2038 976 orna-

471 1030 696 1090 tumque
726 1019 1090 1077 exercitibus.
1128 1037 1147 1070 ι
1858 1011 1862 1022 “

539 1200 629 1255 Ill.
668 1201 779 1255 Nec
807 1214 936 1254 vero
967 1198 1020 1253 id
1065 1199 1250 1269 lingua
1281 1198 1399 1269 ejus
1426 1199 1506 1254 sic
1544 1197 1784 1260 dicebat,
1827 1206 1887 1252 ut
1918 1197 2037 1251 ani-

468 1310 594 1349 mus
623 1309 732 1348 non
765 1292 1090 1346 alliceretur.
1127 1289 1232 1346 Sed
1269 1290 1445 1344 multo
1475 1290 1668 1360 majori
1701 1290 1850 1344 intus
1879 1287 2037 1343 dolo-

468 1401 528 1441 re
563 1395 756 1456 peetus
785 1384 1048 1455 ﬂagrabat
1081 1391 1244 1453 atque
1279 1383 1700 1439 incendebatur.
1750 1384 1921 1450 quue
1955 1381 2037 1436 af-

468 1477 689 1532 ﬁrmare
733 1477 908 1531 ausim
964 1475 1217 1546 pluribus
1276 1476 1548 1544 exemplis
1597 1475 1932 1532 declaratum
1972 1474 2038 1528 iri

467 1567 796 1633 evidentius,
850 1566 1185 1636 procedente
1242 1567 1344 1622 hac
1405 1567 1656 1621 historia.
1723 1567 1875 1621 Adeo
1930 1580 2038 1619 non

466 1663 737 1720 Barbaros
789 1663 1025 1718 habebat
1069 1663 1233 1716 homo
1284 1663 1572 1724 barbarus,
1623 1663 1717 1719 sed
1768 1663 2039 1716 humanos

467 1772 672 1822 mores,
705 1767 760 1812 et
792 1756 1036 1811 Graecam
1070 1755 1230 1825 plane
1261 1755 1663 1811 institutionem
1699 1754 2034 1808 redolentes.

2137 556 2274 609 ἀλλά
2305 553 2559 626 δακρύων
2613 551 2862 623 μακρῶν.
2905 548 3196 619 Ἐμϐριθές
3245 547 3354 618 γάρ
3400 547 3463 599 τὸ
3513 546 3677 609 πάθος,

2137 645 2234 696 καῖ⁵
2263 643 2519 713 δριμείας
2546 641 2645 711 μέν
2676 637 2924 710 κομίζειν
2952 637 3103 692 δοκεῖ
3130 655 3220 708 μοι
3250 637 3349 701 τὰς
3370 635 3676 704 φλεγμονὰς,

2133 736 2503 807 δριμυτέρους
2539 734 2584 786 δ’
2615 733 2847 799 ἐπάγειν
2876 749 2977 802 μου
3003 733 3070 802 τῇ
3097 728 3243 800 ψυχῇ
3273 729 3400 790 τοὺς
3447 727 3678 796 πρηστῆ.

2140 843 2240 896 ρας
2264 841 2278 857 ·
2334 826 2459 878 ἐπεὶ
2497 825 2587 878 τὸν
2647 822 3034 877 ἐντυπωθέντα
3107 838 3208 892 μου
3243 823 3310 891 τῇ
3341 818 3539 889 καρδία
3571 819 3684 872 κάλ-

2136 919 2320 970 λιστον
2383 917 2538 986 φίλον
2608 915 2828 985 βλέπειν
2889 915 2990 968 ούκ
3047 913 3178 984 ἔχω,
3225 913 3338 974 τοῖς
3406 909 3682 980 βασιλικοῖς

2137 1009 2524 1078 στρατοπέδοις
2557 1005 3058 1078 περικυκλούμενόν
3086 1021 3146 1058 τε
3181 1003 3277 1057 καὶ
3301 999 3688 1070 ἐγκαλλωπιςόο

2138 1119 2316 1173 μενον.
2359 1119 2377 1151 ι

2205 1191 2280 1244 Γ’.
2314 1191 2420 1242 Καὶ
2452 1189 2549 1242 οὐκ
2569 1189 2722 1257 ἔλεγε
2759 1187 2858 1258 μέν
2886 1185 3060 1240 ταῦτα
3086 1187 3153 1256 τῇ
3183 1183 3422 1254 γλώττῃ,
3449 1180 3688 1235 οὒκέπα·

2139 1301 2232 1356 σχε
2287 1285 2343 1336 δὲ
2369 1284 2468 1350 τὴν
2497 1283 2698 1353 ψυχήν.
2736 1281 2898 1335 Ἀλλά
2933 1281 3130 1350 μακρῷ
3156 1296 3260 1332 τινι
3293 1279 3478 1348 μεῖζον
3507 1275 3572 1327 τὸ
3603 1275 3690 1326 πά-

2137 1373 2228 1437 θος
2261 1372 2407 1425 ἔνδον
2428 1372 2594 1425 αὐτοῦ
2627 1374 2725 1442 τὴν
2756 1369 2932 1440 ψυχὴν
2998 1368 3302 1438 ἐπυρπόλει
3358 1368 3456 1421 καὶ
3501 1367 3692 1427 ἔκαιεν,

2137 1465 2213 1527 ῶς
2258 1466 2668 1534 ἐμφανέστερον
2716 1463 2958 1534 πολλαχῆ
3026 1463 3325 1531 προϊοῦσαν
3368 1460 3568 1524 δείξειν
3609 1459 3695 1527 τὴν

2139 1557 2380 1624 ἱστορίαν
2401 1557 2562 1620 αύτδς
2595 1555 2968 1628 ἰσχυρίζομαι.
3013 1553 3204 1616 Οὕτως
3243 1553 3305 1606 οὐ
3353 1552 3632 1624 βάρϐαρον
3673 1553 3697 1605 ό

2140 1649 2416 1720 βάρϐαρος
2457 1643 2570 1718 εἶχε
2602 1648 2692 1701 τὸν
2735 1649 2958 1717 τρόπον,
3023 1645 3140 1700 ἀλλ’
3189 1646 3397 1716 ἥμερον
3451 1645 3546 1699 καὶ
3588 1661 3701 1696 παι-

2139 1742 2290 1803 δείας
2335 1739 2655 1809 Ἑλληνικῆς
2708 1738 2770 1792 τὸ
2826 1739 3090 1809 παράπαν
3146 1740 3424 1806 ἐχόμενον.
3477 1737 3547 1789 Ἦ
3607 1736 3702 1806 γάρ

465 1852 674 1906 Μοτυιη
705 1851 850 1904 enim
889 1850 1216 1914 similitudo,
1253 1851 1298 1905 si
1337 1849 1409 1902 nil
1437 1849 1696 1918 amplius,
1729 1856 1784 1902 at
1815 1846 2040 1902 Orestas

2148 1833 2398 1903 ὁμοιότης
2424 1832 2534 1884 τῶν
2582 1832 2820 1899 τρόπων,
2872 1833 2919 1883 εί
2977 1831 3052 1900 μή
3097 1848 3146 1883 τι
3216 1829 3398 1895 πλέον,
3451 1827 3570 1881 ἀλλ’
3623 1827 3703 1881 οὖν

465 1956 615 2002 certe
652 1946 992 2018 Pyladasque
1022 1946 1167 2000 inter
1201 1960 1259 2001 se
1293 1945 1596 2000 conciliat:
1629 1953 1684 1998 et
1728 1951 1889 1997 erant
1920 1941 2044 2012 qui-

466 2038 592 2092 dem
624 2037 701 2092 illi
727 2037 919 2092 eadem
950 2045 1110 2108 gente
1137 2035 1362 2091 oriundi
1405 2044 1462 2089 et
1507 2035 1775 2104 sanguine
1813 2043 2043 2107 cognato

463 2127 669 2200 juncti,
698 2121 1006 2196 iisdemque
1037 2136 1094 2180 et
1127 2125 1342 2200 legibus
1388 2137 1444 2181 et
1485 2124 1793 2202 discipljnis
1823 2122 2038 2176 imbuti.

465 2218 575 2273 lste
609 2228 792 2273 autem
842 2218 1094 2274 barbaris
1136 2219 1459 2288 parentibus
1491 2225 1674 2278 natus,
1711 2215 1958 2270 moribus
1987 2224 2044 2269 et

465 2311 681 2381 legibus
714 2311 962 2365 barbaris
991 2327 1020 2366 a
1054 2312 1287 2381 pueritia
1323 2311 1629 2368 institutus.
1665 2309 1957 2378 peregrino
1986 2317 2041 2362 et

465 2417 718 2457 sermone
765 2411 822 2456 et
861 2403 1008 2457 victu
1041 2419 1164 2457 cum
1206 2411 1475 2468 uteretur,
1513 2402 1674 2471 longo
1703 2400 1862 2464 mari,
1901 2401 2044 2454 mul-

467 2495 537 2548 tis
572 2503 627 2548 et
666 2495 947 2550 montibus
973 2504 1029 2550 et
1059 2495 1294 2550 vallibus
1332 2494 1618 2565 profundis
1648 2511 1675 2547 a
1701 2492 2042 2548 Canlacuze-

467 2604 538 2639 uo
569 2587 803 2651 divisus,
836 2589 998 2640 vitam
1047 2603 1270 2656 prorsus
1317 2587 1648 2658 disjunctam
1684 2595 1740 2641 et
1775 2587 1851 2641 illi
1887 2588 2042 2657 iguo-

467 2690 574 2731 tam
609 2678 822 2748 agi-bat,
858 2680 1076 2748 qualem
1105 2678 1286 2747 quivis
1314 2678 1620 2748 alienigena
1650 2697 1664 2733 :
1694 2684 1825 2748 quin
1858 2689 1912 2733 et
1947 2694 2043 2746 pro

470 2769 657 2823 hostili
691 2769 933 2824 habitam
977 2770 1145 2840 650
1187 2770 1360 2824 ausim
1407 2770 1612 2825 dicere.
1651 2770 1835 2840 quue
1870 2769 1948 2836 ﬁt,
1986 2779 2046 2824 ut

467 2860 630 2930 longo
668 2859 771 2913 iste
809 2861 1096 2915 intervallo
1129 2860 1250 2915 illos
1289 2860 1500 2914 ratione
1532 2860 1790 2915 amicitiae
1817 2860 2046 2914 transie-

470 2953 560 3014 rit,
590 2959 642 3006 et
679 2951 800 3022 ejus
838 2951 1009 3022 magis
1044 2967 1206 3021 quam
1241 2952 1458 3006 illorum
1495 2951 1727 3006 allectus
1775 2952 1841 3006 ad
1889 2967 2043 3006 sum-

469 3058 616 3098 mum
646 3041 882 3098 fervoris
910 3041 1137 3113 gradum
1172 3044 1510 3114 pervenerit.

540 3221 630 3276 IV.
669 3220 826 3288 Quod
860 3221 902 3276 si
939 3221 1064 3292 quis
1096 3219 1478 3276 Cantacuzcno
1519 3222 1804 3279 blandiens
1829 3223 1884 3278 in
1914 3237 2042 3278 eum

469 3311 720 3367 ennl‘erat
755 3312 1028 3382 quidquid
1087 3313 1332 3366 melioris
1368 3327 1544 3367 causa:
1578 3312 1706 3378 luit,
1757 3315 2042 3370 veritatem

467 3407 514 3458 is
542 3404 824 3459 manifesta
857 3405 1056 3470 injuria
1099 3405 1317 3459 alliciat.
1371 3405 1654 3460 Ambobus
1681 3420 1810 3462 sane
1840 3407 1884 3462 si
1918 3408 2044 3478 quis

467 3501 612 3553 hanc
669 3497 873 3551 tribuat
929 3497 1169 3562 Iaudem,
1220 3497 1430 3552 carebit
1483 3497 1929 3567 reprehensione.
1985 3498 2042 3554 Si

465 3605 600 3644 vero
633 3589 831 3659 aliquis
872 3597 1040 3644 totam
1079 3589 1235 3644 alteri
1280 3589 1500 3658 eripiat,
1550 3605 1616 3644 eo
1649 3590 1792 3657 quod
1842 3591 2038 3644 barba-

469 3698 562 3736 rus
589 3697 790 3752 genere
831 3680 1000 3736 luerit
1048 3693 1113 3735 ac
1159 3680 1387 3736 minime
1439 3680 1596 3735 nobis
1637 3680 1834 3747 alliuis,
1870 3681 2040 3736 nemi.

469 3785 593 3824 nem
636 3779 767 3838 puto
797 3770 1043 3823 omnium
1083 3768 1220 3832 fore,
1267 3770 1361 3839 qui
1406 3785 1516 3824 non
1549 3770 1700 3824 illum
1736 3774 1931 3825 merito
1961 3788 2045 3826 re-

468 3861 797 3931 prehendat.
828 3862 1154 3915 Auimorum
1186 3863 1390 3932 quippe
1417 3863 1730 3932 conjunctio
1757 3873 1814 3917 et
1840 3878 2043 3929 cogna-

467 3957 544 4011 tio
601 3971 707 4009 non
751 3971 818 4010 ex
873 3968 1074 4025 genere
1124 3955 1449 4017 :es'imatur,
1508 3955 1601 4008 sed
1654 3970 1720 4008 ex
1775 3971 1840 4009 eo
1894 3955 2039 4026 quod

467 4047 751 4116 utriusque
773 4045 966 4101 eadem
991 4045 1062 4100 sit
1083 4045 1359 4100 voluntas.
1387 4045 1860 4112 Quemadmodum
1889 4047 2038 4102 enim

465 4143 520 4194 iu
559 4138 946 4194 instrumentis
982 4138 1230 4203 musicis,
1267 4137 1438 4198 tibiis.
1494 4138 1645 4209 lyris,
1696 4137 1946 4200 citharis.
1979 4153 2042 4194 ac

467 4230 763 4302 tympanis.
815 4246 928 4284 non
970 4229 1216 4284 locorum
1265 4228 1520 4283 vicinitas
1566 4230 1834 4284 musicum
1878 4228 2044 4286 eﬂlcit

464 4331 818 4386 concentum,
847 4319 942 4376 sed
975 4335 1237 4375 sonorum
1285 4321 1564 4376 modulata
1593 4323 1905 4384 consensio,
1938 4321 2041 4376 etsi

464 4414 604 4469 let-is
637 4413 910 4486 disjuneta
944 4413 1055 4468 sint
1097 4428 1162 4468 ea
1203 4428 1326 4482 quae
1369 4414 1491 4468 soni
1541 4413 1832 4470 ellicienlia
1884 4423 2037 4482 sunt,

2156 1924 2437 1995 Ὀρέσταις
2464 1923 2600 1994 όμοῦ
2655 1924 2751 1977 καὶ
2805 1923 3074 1985 Πυλάδαις
3123 1922 3308 1990 σαφῶς
3360 1922 3613 1974 εἰσποιεῖ.
3647 1923 3702 1973 υἱ

2147 2019 2246 2086 μὲν
2275 2018 2384 2088 γὰρ
2418 2016 2704 2086 ὁμόφυλοι,
2739 2015 2842 2080 κάξ
2899 2017 3148 2085 αἱμάτων
3203 2014 3571 2083 συγγενικῶν,
3621 2013 3706 2066 καὶ

2144 2112 2324 2180 νόμων
2358 2113 2452 2164 καὶ
2484 2111 2824 2181 μαθημάτων
2867 2112 3268 2181 μετεσχηκότες
3296 2109 3434 2180 ὁμοῦ
3458 2109 3571 2162 τῶν
3623 2109 3708 2161 αύ-

2144 2205 2254 2258 τῶν
2281 2217 2296 2232 ⁸
2328 2205 2356 2256 ὁ
2385 2204 2440 2256 δέ
2469 2204 2745 2276 βάρϐαρον
2771 2205 2910 2273 ἔχων
2943 2205 3042 2273 τὴν
3087 2205 3325 2270 γένεσιν,
3365 2203 3462 2256 καὶ
3512 2201 3710 2273 βαρϐάο

2147 2309 2262 2362 ροις
2292 2292 2447 2363 ἧθεσί
2471 2311 2529 2346 τε
2557 2293 2652 2346 καὶ
2679 2293 2866 2363 νόμοις
2900 2292 3398 2363 συντεθραμμένος,
3443 2294 3537 2344 καὶ
3565 2293 3708 2345 άλλη-

2147 2386 2300 2456 φύ).ῳ
2331 2386 2610 2455 χρώμενος
2641 2389 2791 2457 φωνῇ
2831 2387 2926 2438 καὶ
2967 2384 3183 2455 γλώττῃ
3218 2386 3311 2438 καὶ
3362 2385 3570 2457 διαίτῃ.
3623 2389 3709 2437 καὶ

2149 2478 2377 2539 πολλαῖς
2399 2477 2500 2546 μὲν
2532 2477 2849 2542 θαλάσσαις,
2899 2478 3114 2539 πολλοῖς
3143 2477 3189 2530 δ’
3211 2476 3362 2546 δρεσί
3393 2493 3451 2528 τε
3482 2482 3576 2530 καὶ
3609 2477 3706 2544 φά-

2147 2567 2310 2638 ραγξι
2362 2569 2818 2640 Καντακουζηνοῦ
2891 2569 3255 2637 διὶστάμενος,
3316 2571 3548 2636 ἀμικῖον
3601 2565 3709 2636 εἶχε

2147 2663 2326 2731 πάντη
2353 2662 2444 2714 τὸν
2476 2661 2592 2731 βίον
2619 2662 2768 2732 αὐτῷ
2807 2665 2900 2715 καὶ
2951 2663 3170 2730 ἀγνῶτα
3231 2663 3324 2715 καὶ
3378 2663 3708 2732 ἀλλόφυλον·

2145 2754 2308 2825 φαίην
2337 2753 2382 2807 δ’
2415 2753 2480 2807 ἂν
2505 2757 2599 2808 καὶ
2641 2757 2698 2807 ἐν
2721 2756 2930 2825 ἐχθρῶν
2975 2757 3307 2824 τεταγμένον
3368 2756 3536 2828 μοίρᾳ
3565 2773 3578 2785 ·
3641 2754 3710 2817 ὡς

2148 2850 2376 2918 μακροῖς
2407 2865 2516 2900 τισι
2545 2847 2632 2900 διὰ
2656 2847 2830 2900 ταῦτα
2867 2850 2981 2910 τοῖς
3019 2849 3239 2918 μέτροις
3281 2855 3492 2901 τουτονὶ
3545 2865 3709 2917 παρτ·

2145 2939 2360 2991 λαύνειν
2390 2941 2629 3001 ἐκείνους
2660 2941 2738 3001 είς
2770 2939 2926 3007 λόγον
2953 2940 3154 3006 φιλίας,
3177 2939 3271 2992 καὶ
3302 2941 3438 2992 πολὺ
3461 2939 3522 2992 τὸ
3546 2941 3710 3009 ὑπερ-

2147 3031 2340 3085 ϐάλλον
2364 3032 2460 3101 τῆς
2495 3029 2702 3101 θέρμης
2760 3030 2859 3096 τὴν
2906 3029 3098 3083 τούτου
3159 3030 3362 3099 μᾶλλον
3415 3029 3710 3100 κεκτῆσθαι

2149 3125 2354 3196 σχέσιν,
2387 3124 2420 3194 ἢ
2450 3123 2550 3194 τὴν
2579 3123 2826 3177 ἐκείνων.

2219 3219 2290 3270 Δ’.
2325 3216 2385 3268 Ei
2420 3216 2476 3272 δέ
2527 3233 2609 3278 τις
2659 3213 3100 3285 Καντακουζηνῷ
3133 3213 3492 3286 χαριζόμενος
3519 3215 3580 3268 τὸ
3609 3217 3711 3270 πᾶν

2147 3309 2244 3380 τῆς
2270 3309 2542 3379 βελτίονος
2598 3309 2781 3373 αίτίας
2817 3309 3015 3377 τουτῳῒ
3041 3310 3221 3380 φέρων
3269 3309 3571 3380 ἀνατιθείη,
3603 3309 3708 3364 άδι·

2149 3406 2375 3472 κήσειεν
2413 3402 2479 3455 ἀν
2515 3401 2572 3465 ἐς
2602 3401 2663 3454 τὸ
2693 3401 2972 3472 προφανὲς
3000 3412 3098 3472 τὴν
3129 3403 3406 3472 ἀλήθειαν.
3458 3405 3713 3472 Ἀμφοτέ-

2147 3511 2262 3565 pet;
2289 3495 2398 3566 γὰρ
2428 3494 2481 3547 εί
2503 3509 2586 3557 τις
2611 3497 2762 3546 τουτὶ¹
2805 3495 3094 3564 παρέχοιτο
3130 3495 3389 3564 τάγαθὸν,
3427 3497 3611 3549 οὐδένα
3644 3498 3709 3549 ἄν

2147 3587 2326 3657 σχοίη,
2350 3589 2500 3650 ὅστις
2530 3587 2625 3640 καὶ
2656 3588 2967 3656 μέμφεσθαι
3001 3586 3261 3656 βούλοιτο.
3289 3587 3372 3661 [Ρ.
3401 3587 3526 3660 405]
3554 3589 3706 3651 Eiet;

2145 3676 2190 3728 δ’
2216 3680 2308 3730 έκε
2319 3678 2428 3730 ίνου
2452 3677 2706 3744 καθάπαξ
2737 3675 2884 3730 τοῦτ’
2909 3677 3168 3749 άφαιροίη
3191 3678 3447 3746 τάγαθὸν,
3479 3681 3556 3732 ὅτι
3582 3680 3709 3748 βάρ-

2147 3770 2318 3830 ϐαρον
2347 3769 2473 3839 έσχε
2508 3771 2568 3822 τὸ
2615 3770 2773 3836 γένος
2809 3771 2904 3822 καὶ
2931 3770 3134 3840 ¹ἣκιστα
3175 3771 3462 3840 συγγενὲς,
3517 3771 3700 3824 οὐδένα

2147 3856 2391 3930 ἂνοῖμαι
2426 3861 2580 3929 σχοίη
2627 3860 2738 3911 τῶν
2809 3860 3049 3924 πάντων,
3101 3861 3249 3922 ὅστις
3306 3861 3406 3912 οὐκ
3460 3862 3704 3924 ἐπιεικῶς

2150 3950 2448 4020 μέμψαιτο.
2481 3952 2593 4021 Τὴν
2632 3954 2741 4023 γάρ
2768 3951 2866 4022 τῆς
2889 3953 3069 4022 ψυχῆς
3093 3953 3348 4023 ὁμόνοιαν
3379 3970 3439 4007 τε
3466 3959 3556 4007 καὶ
3582 3970 3704 4020 συγ-

2147 4043 2364 4110 γένειαν
2388 4045 2511 4114 οὐχὶ
2536 4044 2596 4096 τὸ
2629 4044 2805 4112 γένος,
2832 4043 2950 4098 ἀλλ’
3000 4048 3034 4118 η
3057 4047 3158 4116 τῆς
3204 4045 3435 4118 γνώμης
3477 4047 3700 4101 δείκνυσι

2145 4135 2436 4205 ταυτότης.
2489 4135 2576 4199 Ὠς
2614 4138 2811 4208 γὰρέν
2839 4139 2952 4200 τοῖς
2998 4141 3279 4207 μουσικοῖς
3317 4140 3589 4208 ὀργάνοις,
3613 4142 3701 4192 ὅσα

2149 4231 2206 4280 ἑν
2235 4230 2419 4292 αὐλοῖς
2449 4231 2542 4282 καὶ
2571 4229 2765 4300 λύραις
2804 4231 2903 4284 καὶ
2957 4232 3213 4302 κιθάραις
3257 4237 3352 4286 καὶ
3393 4234 3698 4303 τυμπάνοις,

2145 4323 2244 4390 οὐχ
2271 4323 2303 4391 ἡ
2327 4321 2436 4374 τῶν
2458 4321 2638 4374 τόπων
2664 4321 2904 4393 ἐγγύτης
2919 4324 3022 4392 τὴν
3038 4323 3136 4393 τῆς
3169 4325 3434 4395 ἁρμονίας
3457 4329 3700 4398 δημιουρ-

2147 4415 2235 4482 γεῖ
2259 4415 2603 4482 συμφωνίαν,
2643 4413 2758 4466 ἀλλ’
2789 4415 2820 4486 ἠ
2856 4413 2956 4485 τῆς
3001 4416 3186 4488 φωνῆς
3241 4418 3485 4491 ἐμμελὴς
3539 4420 3700 4490 ὁμοιό-

467 4506 810 4561 tantumdem
851 4521 1074 4576 quoque
1102 4503 1516 4576 deprehendere
1547 4515 1634 4561 est
1669 4515 1724 4560 et
1765 4506 1820 4560 in
1863 4506 2042 4562 homi-

2153 4523 2277 4576 της,
2308 4503 2409 4558 κᾶν
2440 4505 2688 4575 ἀλλήλων
2711 4505 2900 4579 πόρρω
2934 4523 3039 4560 που
3063 4509 3162 4579 τὴν
3220 4512 3453 4581 τοπικὴν
3486 4511 3700 4581 τύχωσιν

467 4613 597 4651 num
628 4597 848 4662 animis,
877 4598 981 4652 etsi
1013 4597 1157 4651 forte
1179 4611 1244 4650 ex
1272 4596 1531 4667 gentibus
1560 4598 1795 4654 diversis
1824 4598 2043 4668 generis

465 4691 551 4744 sui
583 4691 854 4762 originem
894 4691 1121 4754 ducant,
1153 4689 1256 4744 etsi
1288 4689 1521 4746 inﬁnitis
1549 4707 1580 4745 a
1607 4707 1666 4748 se
1693 4692 1926 4747 invicem
1959 4690 2044 4745 di-

466 4791 611 4836 stent
645 4789 804 4835 terrm
839 4796 901 4834 ac
930 4780 1099 4833 maris
1132 4779 1459 4836 intervallis.

539 5069 604 5124 γ.
651 5068 722 5122 lis
743 5083 933 5138 porro,
965 5082 1086 5133 qua:
1111 5065 1246 5129 dixi,
1283 5065 1417 5121 lides
1443 5065 1646 5122 deinde
1678 5066 1888 5121 lirmior
1913 5083 2046 5122 con-

469 5163 638 5217 stabit
667 5177 733 5214 ex
777 5159 868 5222 iis,
921 5173 1043 5228 quae
1078 5157 1408 5227 procedente
1444 5159 1548 5213 hoc
1581 5173 1749 5228 Opere
1795 5160 2048 5212 dicentur

471 5256 540 5309 de.
590 5253 812 5308 homine
862 5252 978 5314 illo,
1027 5265 1230 5321 genere
1273 5250 1497 5321 quidem
1543 5259 1599 5305 at
1643 5266 1753 5304 non
1799 5251 2047 5305 moribus

473 5346 742 5408 barbaro;
773 5343 1086 5413 cuiusmodi
1129 5350 1214 5398 est
1256 5342 1424 5397 istud.
1471 5341 1609 5396 Cum
1643 5356 1709 5396 ex
1749 5340 2050 5413 Didymoti-

469 5444 574 5495 cbo
597 5438 913 5508 imperatrix
947 5437 1101 5490 lrene
1154 5435 1388 5504 plurima
1427 5435 1476 5490 ei
1529 5437 1794 5501 mitteret,
1825 5452 1951 5506 quae
1981 5436 2047 5490 ad

471 5532 679 5584 victum
734 5537 831 5583 aut
883 5528 950 5580 ad
1002 5526 1262 5581 vestitum
1315 5527 1670 5596 pertinerent,
1715 5543 1904 5596 qumve
1954 5544 2050 5582 no-

469 5632 792 5674 eturnorum
827 5616 1126 5686 tegmiuum
1161 5630 1318 5668 usum
1357 5615 1659 5684 etplerent,
1707 5631 1772 5671 ac
1815 5615 2051 5670 saivien-

475 5723 582 5765 tem
618 5723 732 5768 tum
765 5712 1030 5781 temporis
1053 5708 1214 5780 651
1247 5708 1606 5762 hibernorum
1639 5708 1904 5778 frigorum
1938 5711 2049 5764 vim

471 5822 661 5864 arcere
690 5807 933 5877 possent,
984 5805 1122 5860 nihil
1175 5817 1416 5871 unquam
1464 5801 1720 5871 accepit;
1758 5802 1916 5872 plane
1949 5805 2047 5859 ab-

2152 4599 2345 4669 έχοντα
2382 4599 2532 4650 θέσιν
2561 4598 2632 4652 τά
2654 4599 2753 4669 τῆς
2805 4601 2990 4669 φωνῆς
3041 4603 3420 4674 τελεσιουργᾶ,
3473 4603 3609 4657 οὓτω
3645 4601 3700 4672 δὴ

2149 4693 2211 4743 τὸ
2241 4689 2625 4760 παραπλήσιον
2656 4691 2931 4745 δείκνυται
2975 4693 3079 4747 κάν
3125 4697 3246 4757 ταῖς
3277 4695 3387 4749 τῶν
3423 4696 3700 4766 ἀνθρώπων

2150 4783 2372 4852 ψυχαῖς,
2423 4785 2530 4836 κᾶν
2577 4783 2910 4852 ἀλλοφύλους
2952 4783 3170 4855 ἔχοντες
3217 4786 3425 4856 τύχωσι
3468 4791 3562 4850 τάς
3619 4785 3699 4838 τοῦ

2153 4874 2342 4941 γένους
2367 4876 2663 4947 κρηπῖδας,
2687 4879 2792 4930 κᾶν
2815 4877 3029 4948 μυρίοις
3053 4878 3200 4948 ὅροις
3223 4879 3324 4949 γῆς
3338 4887 3431 4934 καὶ
3455 4880 3699 4948 θαλάττης

2153 4967 2401 5039 αλλήλων
2429 4970 2762 5041 ἀπέχωνται.

2229 5061 2303 5115 E’.
2349 5062 2678 5133 Βεϐαιότερα
2705 5063 2753 5117 δ’
2791 5063 2944 5118 ἐσται
2967 5065 3080 5126 τοῖς
3120 5066 3434 5134 εἰρημένοις
3463 5065 3694 5135 ἐχέγγυα,

2154 5158 2326 5209 ὁπόσα
2376 5159 2620 5226 προῖόντι
2653 5157 2735 5229 τῷ
2761 5161 2904 5229 λόγῳ
2924 5159 3199 5224 λελέξεται
3231 5163 3360 5231 περὶ
3387 5161 3477 5214 τοῦ
3517 5160 3696 5230 βαρϐά-

2159 5265 2254 5316 ρου
2279 5247 2437 5302 τοῦδε
2468 5250 2528 5302 τὸ
2563 5252 2718 5318 γένος
2772 5254 2864 5304 καὶ
2895 5253 2954 5304 ού
2985 5252 3308 5323 τὸντρόπον
3359 5253 3545 5325 ἀνδρός
3566 5269 3579 5285 ο
3603 5247 3699 5304 οἷον

2155 5339 2219 5406 δὴ
2248 5342 2490 5394 κάκεῖνο.
2530 5341 2767 5394 Πλεῖστα
2792 5344 2899 5414 γάρ
2922 5345 3019 5412 τῆς
3049 5342 3324 5412 βασιλίδος
3362 5347 3585 5417 Εἰρήνης
3642 5345 3697 5395 ἐκ

2157 5432 2542 5502 Διδυμοτείχου
2610 5435 2962 5505 πεμπούσης,
3019 5439 3194 5490 ὁπόσα
3227 5440 3308 5501 εἰς
3359 5444 3552 5508 τροφὴν
3593 5441 3696 5487 ἐπι·

2160 5524 2368 5592 τηδεια,
2399 5526 2494 5577 καὶ
2531 5527 2634 5578 ὅσα
2666 5530 2724 5578 ἐν
2756 5527 3044 5596 ἐνδύμασι,
3110 5531 3208 5582 καὶ
3251 5529 3353 5583 ὃσα
3410 5527 3696 5596 νυκτερινῆς

2162 5618 2370 5686 σκέπης
2401 5618 2826 5687 ἀποπληροῦντα
2883 5623 3071 5690 χρείαν
3104 5626 3120 5640 ⁸
3150 5622 3245 5690 τὴν
3295 5624 3390 5676 τοῦ
3449 5620 3696 5693 χειμερίου

2161 5711 2370 5780 ψύχους
2408 5713 2698 5765 ἀποσοϐεῖν
2753 5713 3011 5768 ἐδύναντο
3064 5715 3374 5786 τηνικαῦτα
3415 5715 3701 5785 δριμύτητα

2161 5806 2312 5858 οὐδὲν
2341 5805 2552 5877 οὐδαμῆ
2582 5805 2944 5877 προσεδέξατο
2970 5825 2984 5840 ο
3015 5808 3131 5862 ἀλλ’
3186 5810 3390 5881 ἔφησεν
3433 5806 3566 5865 εἶναι
3617 5819 3702 5860 σα-
