3978 6580
290 396 391 457 373
641 388 714 460 ιΑ.
756 382 1008 456 c.1333]

1264 380 1709 447 BYZANTINE
1749 377 2129 440 IIISTOllLE
2173 380 2314 441 LIB.
2356 379 2516 440 XIII.

2689 372 2818 445 [nun
2864 390 2904 428 ι.
2948 387 3182 428 mmet.
3222 373 3281 445 ἓ]

3426 378 3531 441 871

289 512 406 583 ιρῶς
454 510 564 564 τῶν
594 507 981 569 ἀτοπωτάτων,
1019 508 1077 558 ὲν
1125 501 1382 573 ἀλλοτρίᾳ
1428 501 1522 553 καὶ
1575 484 1855 567 ὅπερορίῳ

1974 496 2188 549 surdum
2218 511 2341 551 esse
2373 495 2654 556 dictitans,
2691 495 2821 549 dum
2853 496 3062 550 amicus
3092 493 3270 551 alieno
3301 494 3355 550 in
3388 495 3530 563 solo,

287 605 356 672 γῇ
389 600 717 672 σκληρότητι
782 597 1007 668 πλείστῃ
1062 592 1494 664 προστετηκότος
1532 587 1626 643 τοῦ
1677 587 1857 654 φίλου,

1962 588 2156 657 patriis
2188 589 2390 645 linibus
2419 587 2635 658 procul,
2674 572 2897 642 fortuna
2931 587 3224 643 durissima
3254 588 3537 644 conﬂicta-

284 694 499 761 διάγειν
526 694 583 744 ἑν
609 689 931 752 εὐπαθείαις
960 687 1144 741 αὐτόν.
1176 687 1284 738 Καὶ
1311 687 1360 738 εί
1390 683 1486 753 μὲν
1508 681 1638 752 ὲνῆν
1660 680 1859 750 αἵμασι

1974 690 2142 743 retur,
2190 681 2376 736 vivere
2418 695 2477 734 se
2518 680 2726 735 interea
2754 680 3137 737 'molliuscule.
3178 698 3196 730 ι
3234 680 3303 735 At
3334 681 3531 736 saltem

286 787 465 856 ψυχῆς
497 784 745 855 βάψαντα
777 781 985 851 σκηνὴν
1030 783 1088 831 ἐν
1131 778 1304 849 ταύτῃ
1361 794 1428 847 με
1481 772 1858 844 σκηνοὸατεῖν,

285 875 353 949 ἦν
372 878 439 933 ἀν
472 894 566 947 μοι
617 874 778 928 τοῦτο
820 871 1173 942 παραμύθιον
1221 866 1442 937 εὐγενὲς
1474 866 1610 936 πρὸς
1632 863 1860 926 ἔνδειξιν

285 971 385 1039 τῆς
410 971 469 1021 ὲν
503 968 700 1038 καρδίᾳ
729 967 925 1034 φλογὸς
958 965 1052 1017 καὶ
1076 962 1172 1015 τοῦ
1202 964 1339 1031 πρὸς
1372 959 1461 1012 τὸν
1487 957 1641 1026 φίλον
1658 955 1863 1019 ζῶντος

290 1061 483 1114 πόθου.
528 1058 685 1111 Ἐπεὶ
707 1057 753 1111 δ’
780 1058 1071 1126 ἀσώματος
1097 1052 1293 1124 ἡψυχὴ
1322 1051 1588 1120 γενομένη
1647 1048 1863 1119 κηλῖσιν

288 1154 541 1220 αἱμάτων
566 1150 668 1202 οὐκ
700 1148 1103 1217 ἀναπέφυρται,
1129 1146 1229 1215 οὐχ
1261 1145 1371 1215 6ρῶ
1396 1143 1479 1207 τίς
1499 1141 1717 1213 μηχανὴ
1745 1138 1865 1209 βελ-

284 1242 417 1296 τίων
451 1241 650 1309 γένοιτ’
675 1242 740 1294 ἂν
768 1242 895 1317 μοι
919 1240 1028 1293 τῶν
1044 1235 1426 1310 περισχουσῶν
1458 1252 1526 1306 με
1546 1234 1642 1287 νῦν
1660 1230 1862 1286 ὀδυνῶν

288 1335 732 1390 ἀπαλλάττουσα.
796 1372 797 1375 η

364 1519 457 1582 ς’.
502 1512 727 1569 Ἑλύπει
785 1512 894 1583 γὰρ
947 1512 1043 1565 καὶ
1093 1508 1293 1581 κομιδῇ
1372 1510 1737 1579 συνετάραττε
1793 1505 1868 1577 μὴ

292 1606 457 1676 μόνον
484 1605 546 1657 τὸ
574 1604 667 1657 τοῦ
704 1603 972 1673 βασιλέως
999 1603 1170 1666 πάθος
1204 1602 1392 1665 αὑτὸν,
1418 1600 1533 1654 ἀλλ’
1582 1602 1681 1669 οὐχ
1703 1595 1870 1672 ἧττον

290 1697 388 1748 καὶ
415 1698 479 1748 τὰ
515 1695 615 1763 τῆς
652 1693 925 1764 βασιλίδος
968 1693 1201 1763 δάκρυα,
1262 1692 1405 1746 κατά
1462 1692 1560 1754 τὰς
1596 1692 1872 1746 πολυπεν-

291 1788 410 1849 θεϊς
456 1788 728 1858 τρυγόνας
790 1784 1098 1856 θρηνούσης
1128 1802 1188 1838 τε
1255 1785 1349 1837 xui.
1380 1783 1689 1854 ἀνιωμένης
1720 1782 1866 1852 μάλα

287 1880 511 1948 πικρῶς
531 1879 662 1948 περὶ
696 1878 789 1931 τοῦ
826 1877 1066 1944 συζύγου
1087 1877 1183 1928 καὶ
1208 1875 1498 1945 βασιλέως,
1530 1877 1625 1929 καὶ
1652 1876 1859 1944 σφόδρα

288 1971 694 2042 ἀδημονούσης,
741 1970 833 2023 καὶ
866 1970 983 2040 ἃμα
1009 1969 1347 2039 πανταχόθεν
1376 1969 1434 2032 ἐς
1466 1967 1662 2038 βύθου;
1684 1967 1862 2020 ὠθου-

291 2068 468 2130 μένης
501 2062 767 2131 μακροὺς,
800 2060 895 2114 τοῦ
925 2061 1179 2127 καθάπαξ
1228 2067 1323 2113 καὶ
1377 2058 1509 2113 αὐτό
1544 2072 1609 2127 γε
1656 2059 1717 2112 τὸ
1764 2059 1865 2129 ζῇν

288 2154 629 2221 ἀπογνῶναι.
665 2153 736 2206 Οἵ
758 2170 816 2205 τε
855 2152 963 2221 γὰρ
992 2154 1058 2205 ὲκ
1099 2151 1394 2217 Βυζαντίου
1436 2151 1715 2220 πολέμιοι,
1764 2151 1864 2220 μέ-

287 2264 388 2316 χρι
447 2244 757 2313 προαυλίων
812 2243 1193 2314 Διδυμοτειχου
1246 2242 1445 2314 συχνὰς
1499 2244 1596 2323 τὰς
1644 2241 1866 2311 ἐφόδους

290 2336 633 2405 ποιούμενοι,
666 2335 863 2407 μικροῦ
891 2336 987 2389 καὶ
1018 2338 1296 2406 τειχήρεις
1333 2336 1612 2399 ὲδιάζο.το
1646 2335 1867 2397 τούτους

288 2429 568 2498 καθῆσθαι
588 2444 606 2466 ο
638 2430 666 2482 ὃ
689 2446 744 2480 τε
776 2428 931 2497 λιμδς
973 2430 1109 2493 μετὰ
1140 2429 1248 2480 τῶν
1281 2427 1520 2497 συνεχῶν
1572 2429 1662 2479 καὶ
1700 2427 1865 2479 πολυο

287 2522 513 2572 πλόκων
560 2520 861 2573 ἐπιϐουλςέλν
908 2520 1291 2591 χαλεπώτερος
1349 2518 1528 2589 πολλῷ
1591 2519 1699 2571 τῶν
1737 2518 1870 2581 ἔξω·

288 2613 391 2664 θεν
420 2613 676 2681 πολέμιος
711 2608 799 2682 ἦν,
835 2613 929 2666 ἀτε
956 2613 1228 2675 συνέστιος
1255 2613 1346 2664 καὶ
1377 2612 1668 2682 ὁμόστεγος
1692 2612 1869 2681 ύπάρω

288 2722 412 2774 χων
434 2706 632 2769 αὑτός·
671 2706 726 2757 οἶ
772 2722 832 2758 τε
899 2707 1127 2777 φρουροὶ
1176 2707 1272 2758 καὶ
1338 2704 1711 2774 ἡμεροσκόποι
1757 2705 1866 2757 τῶν

291 2796 626 2860 Βυζαντίων,
657 2799 725 2850 τά
769 2797 958 2866 ἐνεδρά
985 2815 1044 2851 τε
1087 2798 1271 2851 πάντα
1321 2799 1416 2849 κα)⁸
1454 2799 1553 2860 τὰς
1602 2798 1869 2867 παρόδους

286 2888 669 2956 διαλαχόντες,
702 2890 954 2957 ἐμποδὼν
1006 2890 1285 2958 ἐγίγνοντο
1320 2889 1465 2958 μάλα
1508 2905 1569 2951 γε
1612 2888 1871 2958 ἐθελούσῃ

286 2980 371 3032 δι’
421 2980 760 3051 ότωνδήποτε
824 2981 998 3051 λάθρα
1034 2982 1329 3050 μανθάνειν
1397 2981 1527 3049 περὶ
1586 2979 1680 3031 τοῦ
1716 2978 1872 3048 βασι-

286 3071 457 3132 λέως.
1680 3109 1697 3119 .

373 3163 456 3235 [Ρ.
482 3163 605 3236 406]
633 3167 709 3220 Ζ’.
742 3166 1118 3235 Παρεμυθεῖτο
1172 3166 1352 3220 τοίνυν
1400 3166 1653 3237 τοιαύτης
1698 3167 1869 3238 τύχης

282 3255 628 3325 τραγῳδίαις
663 3256 928 3310 συνοῦσαν
985 3258 1173 3328 αὐτὴν,
1206 3261 1303 3313 καὶ
1358 3262 1670 3331 ὑπισχνεῖτο
1722 3262 1872 3331 πάσῃ

282 3344 478 3413 ψυχῆς
525 3344 803 3417 προθυμίᾳ
828 3346 898 3399 τὰ
936 3348 1075 3400 κατά
1110 3348 1338 3422 γνώμην
1364 3350 1561 3404 ἀπανθ’
1580 3353 1872 3423 ὑπηρετεῖ-

287 3432 451 3496 σθαε,
471 3433 572 3486 κᾶν
590 3432 684 3506 δέῃ
704 3435 800 3488 καὶ
826 3434 1056 3488 θάνατον
1087 3436 1377 3504 ὑπομένειν
1399 3438 1581 3491 αὐτόν.
1600 3436 1750 3491 Ἐπεὶ
1772 3439 1802 3491 δ
1838 3439 1872 3508 η

286 3526 446 3592 φορά
469 3524 562 3578 τοῦ
592 3528 857 3596 χειμῶνος
881 3527 1093 3580 ἐκείνου
1127 3527 1344 3597 νύκτωρ
1378 3531 1472 3582 καὶ
1509 3527 1628 3599 μεθ’
1658 3529 1873 3600 ἡμέραν

288 3615 398 3668 ἀεὶ
434 3616 570 3684 πρὸς
614 3617 676 3669 τὸ
720 3618 1082 3687 ἀκμαιότερον
1130 3618 1464 3688 προῦκοπτε,
1506 3620 1604 3673 καὶ
1658 3620 1876 3674 ἀνέλπι-

288 3720 429 3756 στον
461 3706 594 3769 τέως
616 3704 781 3759 ἐτίθει
813 3707 873 3758 τὸ
916 3708 1010 3759 τοῦ
1057 3707 1221 3777 ἀέρος
1265 3708 1546 3779 μειδίαμα,
1602 3711 1699 3761 καὶ
1754 3708 1873 3776 ἅμα

288 3793 477 3864 πολλὴ
505 3795 600 3847 καὶ⁵
627 3796 857 3866 συνεχής
883 3813 966 3855 τις
994 3796 1295 3867 ἐπενέμετο
1327 3796 1506 3868 φθορά
1547 3797 1637 3852 τὸν
1669 3800 1872 3871 Περσι-

287 3885 402 3939 κὸν
436 3884 687 3955 στρατὸν,
712 3886 779 3957 ἦν
817 3888 850 3957 ἠ
900 3885 993 3940 τοῦ
1027 3888 1296 3958 χειμῶνος
1334 3888 1545 3942 ἔτικτεν
1582 3890 1737 3959 ἀκμὴ
1777 3890 1874 3943 καὶ

288 3974 442 4043 πρός
472 3992 534 4042 γε
560 3974 672 4028 τῶν
702 3977 1020 4042 ἀναγκαίων
1063 3980 1096 4046 ἡ
1147 3979 1373 4048 ἀπορία,
1405 3980 1501 4032 καὶ
1530 3980 1657 4049 μήθ’
1695 3981 1872 4050 ἐαυτῷ

294 4068 447 4137 μήτε
478 4070 588 4129 τοϊς
612 4068 787 4135 φίλοις
823 4069 880 4121 ἓν
936 4086 998 4135 γε
1052 4070 1132 4139 τῷ
1187 4071 1415 4141 παρόντι
1474 4070 1688 4141 βοηθεῖν
1725 4072 1873 4141 αὐτῷ

293 4160 488 4231 ῥᾴδιον
515 4156 606 4231 ἣν,
638 4159 893 4228 ἐμποδὼν
922 4162 1214 4230 ἱσταμένου
1269 4162 1492 4232 τρόποις
1538 4165 1874 4237 ἀπορρήτοις

286 4257 398 4310 τοῦ
432 4255 579 4308 θείου
620 4253 982 4326 βουλήματος,
1008 4255 1194 4309 οἴκαδε
1223 4256 1314 4309 τὸν
1357 4256 1745 4327 Ἑλλήσποντον
1760 4258 1875 4311 δια-

290 4349 331 4397 6
346 4349 406 4408 ἅς
440 4342 688 4417 ἐπανῄει.

376 4436 594 4505 ΙΙ⁹.Τῆς
654 4435 718 4507 δὴ
782 4452 1036 4506 τοιαύτης
1091 4437 1185 4489 τοῦ
1235 4438 1444 4506 Πέρσου
1496 4443 1730 4510 σπουδῆς
1794 4448 1874 4506 εὶς

1891 1846 1940 1905 Β

1965 769 2298 841 (inquiebat)
2332 772 2380 824 si
2427 771 2620 826 liceret
2658 772 2855 826 animae
2883 772 3148 839 sanguine
3177 772 3388 841 tingere
3419 783 3538 828 ten-

1964 864 2189 927 torium,
2236 873 2401 934 atque
2453 863 2506 916 in
2553 878 2621 917 eo
2668 878 2755 917 me
2803 866 3161 932 spectandum
3210 878 3537 933 proponere,

1964 954 2177 1009 illustre
2219 955 2322 1009 hoc
2369 956 2502 1009 mihi
2552 956 2807 1009 solatium
2863 965 3031 1023 esset,
3079 972 3186 1026 quo
3238 956 3537 1022 ﬂammam,

1964 1062 2089 1117 quae
2123 1034 2277 1102 ariict
2312 1046 2367 1102 in
2416 1047 2603 1111 corde,
2636 1049 2935 1119 vivumque
2985 1052 3147 1105 amici
3199 1050 3537 1107 desiderium

1967 1141 2143 1202 palam
2176 1139 2550 1195 ostenderem.
2579 1139 2849 1207 Quoniam
2888 1152 3081 1196 autem
3130 1144 3334 1204 anima,
3363 1146 3544 1200 incor-

1967 1244 2135 1299 porea
2182 1245 2307 1284 cum
2339 1230 2433 1295 sit,
2465 1231 2617 1285 nulla
2664 1232 2947 1321 sanguinis
2980 1233 3100 1288 labe
3152 1251 3401 1305 respersa
3437 1246 3543 1298 est.

1969 1335 2076 1374 non
2110 1319 2269 1374 video
2296 1336 2533 1390 quanam
2575 1332 2840 1391 praeterea
2872 1319 3085 1378 meliori
3118 1335 3234 1378 arte
3264 1341 3361 1381 eos
3389 1327 3544 1382 dolo-

1973 1428 2084 1471 res,
2118 1413 2319 1493 quibus
2352 1426 2498 1468 nunc
2532 1416 2839 1493 opprimor,
2871 1418 3073 1485 possim
3108 1413 3333 1474 levare.‘
3363 1442 3381 1473 ι

2044 1503 2133 1558 VI.
2177 1488 2462 1575 Angebant
2493 1506 2643 1560 enim
2674 1488 2800 1562 eum
2841 1523 2905 1562 ac
2934 1508 3291 1566 vehementer
3316 1527 3545 1569 contur-

1970 1595 2197 1663 babant,
2227 1613 2336 1651 non
2366 1598 2714 1668 imperatoris
2744 1598 3011 1663 duntaxat
3040 1602 3338 1667 calamitas,
3366 1606 3460 1660 sed
3490 1617 3546 1661 et

1971 1689 2221 1760 lacrymae
2252 1688 2616 1759 imperatrieis
2641 1706 2749 1745 non
2784 1692 2991 1747 minus.
3024 1693 3231 1764 Nempe
3269 1698 3383 1753 ha-c
3414 1717 3545 1767 que-

1971 1781 2215 1835 rnlarum
2248 1792 2528 1838 turturum
2555 1798 2711 1839 more
2740 1784 3142 1842 lamentabatur
3172 1797 3223 1842 et
3257 1793 3548 1847 acerbissi-

1970 1888 2057 1928 me
2078 1874 2347 1929 mterebat
2368 1875 2439 1930 ob
2465 1877 2773 1931 absentiam
2798 1878 3046 1947 conjugis
3082 1879 3451 1949 imperatoris,
3478 1887 3547 1939 de

1966 1980 2075 2035 quo
2104 1975 2225 2021 erat
2263 1965 2423 2021 valde
2464 1968 2647 2022 anxia.
2682 1967 2822 2022 Tum
2855 1971 3047 2023 eadem
3080 1971 3244 2025 simul
3281 1972 3332 2026 in
3369 1975 3544 2029 maxi-

1968 2058 2074 2112 mis
2119 2057 2381 2125 periculis
2424 2058 2774 2124 versabatur,
2820 2075 2942 2121 qua:
2983 2075 3102 2117 eam
3154 2063 3234 2117 sic
3282 2079 3349 2119 ex
3392 2065 3544 2121 ornni

1968 2160 2125 2221 parte
2154 2150 2610 2213 circumstabant,
2662 2162 2723 2205 ut
2770 2154 2948 2221 ipsius
2978 2168 3199 2224 quoque
3225 2154 3354 2209 vita:
3389 2172 3542 2224 spem

1967 2258 2196 2315 prorsus
2227 2244 2511 2314 abjieeret.
2545 2244 2679 2299 Nam
2711 2252 2767 2300 et
2813 2245 3001 2300 hostes
3033 2246 3099 2300 ad
3152 2248 3330 2316 ipsum
3366 2264 3542 2317 usque

1968 2333 2342 2405 Didymotichi
2390 2334 2560 2389 limen
2598 2334 2855 2406 Byzantio
2900 2336 3134 2392 subinde
3183 2349 3544 2393 excurrentcs

1969 2426 2245 2487 moenibus
2284 2442 2422 2495 pene
2457 2427 2673 2481 clausos
2707 2427 2900 2482 sedere
2938 2428 3071 2483 istos
3121 2430 3390 2497 cogebant
3430 2449 3444 2484 :
3487 2441 3545 2484 ct

1969 2518 2163 2582 fames,
2192 2535 2315 2572 cum
2344 2518 2562 2573 insidiis
2586 2520 2866 2574 continuis
2893 2530 2950 2575 et
2980 2520 3381 2591 multiplicibus
3406 2540 3542 2577 con-

1967 2610 2181 2677 juncta,
2206 2619 2433 2673 extcruo
2458 2610 2614 2665 hoste
2638 2612 2793 2682 longe
2818 2622 2939 2666 erat
2967 2613 3353 2684 importunior,
3383 2619 3544 2688 quip-

1973 2716 2038 2771 pe
2076 2701 2379 2756 domestica
2412 2713 2465 2756 et
2501 2704 2933 2762 contubernalis.
2970 2706 3243 2764 Custodes
3282 2723 3543 2779 prwterca

1974 2809 2039 2847 ac
2087 2794 2465 2862 speculatores
2512 2794 2817 2866 Byzantini,
2867 2812 3059 2852 omnes
3107 2808 3163 2853 et
3210 2799 3450 2857 latebras
3489 2817 3547 2857 et

1971 2886 2184 2940 viarum
2219 2888 2363 2942 inter
2406 2902 2466 2941 se
2511 2887 2696 2957 partiti
2741 2889 2948 2955 aditus,
3001 2891 3295 2947 obstabant
3340 2875 3558 2959 eidem;

1971 2994 2081 3044 quo
2118 2979 2297 3032 minus
2348 2979 2485 3032 clam
2525 2959 2632 3045 per
2685 2995 3046 3050 quoscunque
3098 2984 3166 3039 de
3217 2984 3548 3056 imperatore

1972 3070 2385 3130 sciscitaretur;
2422 3071 2471 3123 id
2506 3072 2653 3140 quod
2688 3087 2869 3128 tamen
2905 3074 3063 3130 valde
3097 3078 3372 3146 cupiebat.

2058 3160 2168 3215 VII.
2233 3160 2521 3216 Solabatur
2581 3163 2764 3232 itaque
2825 3166 2969 3219 illam
3014 3166 3277 3223 Amnrins
3314 3169 3367 3223 in
3423 3172 3547 3226 talis

1978 3251 2209 3307 fortuna:
2240 3253 2405 3324 652
2443 3254 2743 3323 tragoediis,
2794 3258 3275 3329 promitti-batque,
3316 3276 3547 3317 exsecu-

1979 3356 2161 3399 turum
2206 3361 2263 3398 se
2298 3346 2446 3399 omni
2480 3347 2660 3400 studio
2709 3348 2974 3415 quidquid
3025 3350 3101 3403 illi
3151 3353 3329 3405 visum
3382 3354 3544 3418 foret,

1975 3437 2078 3491 etsi
2112 3452 2259 3491 mors
2288 3447 2436 3491 esset
2467 3440 2580 3505 ipsa
2607 3438 2912 3493 subeunda.
2949 3441 3148 3495 Verum
3184 3443 3308 3511 quia
3343 3444 3546 3501 hiemis

1976 3528 2124 3582 illius
2156 3529 2235 3583 vis
2261 3528 2354 3582 diu
2394 3540 2669 3599 noctuque
2703 3531 3084 3590 vehementius
3110 3550 3330 3605 semper
3361 3537 3546 3608 ingra-

1975 3620 2231 3676 vescebat
2264 3636 2327 3675 ac
2359 3637 2510 3691 spem
2545 3623 2760 3677 interim
2795 3626 3092 3681 serenioris
3131 3630 3255 3683 caeli
3284 3630 3552 3686 interclu-

1975 3712 2157 3777 debat,
2190 3713 2461 3783 simulque
2510 3717 2814 3771 exercitum
2853 3718 3138 3774 Persicum
3187 3722 3447 3793 frequens
3489 3736 3546 3779 ct

1936 3846 1941 3851 ς
1974 3807 2235 3861 continua
2265 3806 2514 3876 quaedam
2545 3808 2664 3864 lues
2693 3808 3114 3880 depascebatur,
3142 3830 3305 3884 quam
3351 3826 3407 3872 et
3447 3832 3540 3889 sac-

1975 3900 2262 3954 vissimum
2287 3900 2463 3969 frigus
2489 3901 2757 3969 pariebat,
2787 3914 2842 3957 et
2870 3904 2982 3973 ipsa
3015 3921 3235 3978 quoque
3265 3925 3450 3963 rerum
3476 3914 3541 3964 a:'

1977 3991 2183 4045 victum
2213 3992 2646 4048 necessariarum
2687 3998 2950 4063 penuria;
2982 4014 3045 4053 ac
3077 4016 3252 4070 neque
3299 4003 3398 4056 sibi
3454 4020 3518 4057 nc

1977 4098 2084 4151 que
2116 4082 2312 4136 amicis
2351 4083 2511 4137 facile
2539 4084 2626 4137 ille
2658 4095 2871 4154 poterat
2896 4088 2948 4142 in
2982 4092 3234 4158 praesenti
3265 4093 3519 4162 epitulari

1976 4173 2233 4228 obstante
2277 4173 2459 4226 divina
2495 4174 2799 4240 voluntate,
2848 4179 3066 4233 arcanis
3112 4181 3300 4235 nescio
3347 4184 3534 4252 quibu:

1976 4265 2306 4339 rationibus,
2339 4265 2562 4318 domum
2606 4266 2832 4335 trajecta
2868 4267 3222 4339 Hellesponto
3268 4289 3516 4343 regresw

1976 4370 2079 4415 est.
2313 4357 2325 4363 ’

2048 4450 2183 4506 Vlll.
2212 4452 2346 4504 Cum
2381 4448 2425 4502 is
2451 4447 2651 4502 fuisse!
2670 4448 2857 4501 exitus
2887 4449 3112 4504 Persicae
3148 4452 3295 4508 illius
3328 4460 3548 4523 expert:—

286 4527 461 4580 τοῦτο
512 4528 701 4589 τέλους
763 4528 1107 4596 ὲληλυθυίας,
1147 4529 1393 4600 δεύτερος
1455 4533 1484 4585 ὸ
1526 4534 1594 4587 τὰ
1634 4534 1869 4603 πολέμια

1983 4545 2182 4605 tionis;
2215 4544 2498 4611 proximus
2523 4539 2903 4595 Cantacnzeno
2934 4543 3009 4595 rei
3041 4543 3248 4598 bellica:
3280 4546 3450 4615 gloria
3478 4564 3547 4600 ex

291 4623 621 4689 κράτιστος,
670 4623 767 4675 καὶ
815 4622 921 4675 τῶν
958 4624 1016 4673 ὲν
1077 4623 1444 4693 Διδυμοτείχῳ
1497 4630 1869 4698 καταλειφθέν-

1976 4635 2218 4690 ducibus
2246 4634 2608 4704 Didymotichi
2641 4633 2846 4688 relictis
2878 4650 3019 4689 unus
3044 4636 3126 4692 (ut
3153 4635 3413 4703 diximus)
3439 4638 3551 4691 Ma-

291 4730 413 4764 των
443 4713 764 4782 στρατηγῶν
816 4714 911 4782 (ὡς
962 4715 1306 4785 εἰρήκειμεν)
1372 4709 1480 4781 εἷς,
1552 4717 1805 4792 Μανουὴλ
1853 4728 1881 4779 ό

296 4802 883 4873 Ταρχανειώτηςῼό),
914 4804 973 4865 ὃς
1018 4805 1085 4873 δὴ
1136 4806 1258 4857 καθ’
1298 4802 1439 4876 αἷμα
1487 4811 1776 4880 προσήκων
1805 4813 1881 4884 τῷ

302 4894 527 4963 βασιλεῖ
552 4895 645 4946 καὶ
674 4896 907 4965 ἡρωϊκός
944 4893 1112 4967 τιςῆν
1150 4898 1179 4948 ό
1227 4898 1389 4970 ἀνὴρ,
1442 4902 1533 4969 καὶ.
1583 4903 1648 4956 τά
1700 4905 1879 4959 πάντα

298 4988 575 5054 γενναῖος,
602 4987 695 5038 καὶ
724 4989 882 5057 χεῖρα
907 4990 1003 5041 καὶ
1052 4988 1278 5059 γνώμην
1309 4990 1405 5043 καὶ
1458 4992 1710 5062 σώματος
1746 4998 1879 5055 ἀναν

295 5081 330 5134 ε
338 5078 535 5149 ρομὴν,
563 5079 658 5132 καὶ
685 5080 902 5143 πολλαῖς
932 5082 1029 5150 μὲν
1053 5085 1355 5155 ὲναθλήσας
1410 5086 1611 5155 μάχαις
1647 5087 1873 5157 πολεμι-

264 5185 275 5190 ·
297 5173 454 5232 καίς,
487 5170 710 5233 πολλαῖς
737 5170 782 5224 δ’
815 5172 1226 5243 ἐγκαρτερήσας
1276 5174 1536 5245 πληγαῖς,
1583 5177 1871 5246 κράτιστος

298 5263 496 5331 γέγονε
522 5263 591 5314 τὰ
622 5262 679 5325 ὲς
705 5264 897 5332 πεῖραν
926 5265 1232 5337 πολεμικήν
1263 5282 1276 5297 ·
1305 5268 1373 5320 δι’
1409 5267 1445 5321 ἀ
1474 5269 1537 5339 δὴ
1572 5272 1664 5323 καὶ
1704 5288 1873 5342 στρα-

297 5352 470 5422 τηγὸς
507 5351 616 5404 τῶν
648 5354 706 5404 ὲν
752 5354 1115 5425 Διδυμοτείχῳ
1154 5357 1438 5428 δυνάμεων
1484 5362 1617 5431 πρὸς
1648 5362 1742 5415 τοῦ
1774 5370 1873 5433 βαι

302 5444 496 5507 σιλέως
519 5443 898 5514 καταλειφθεὶς
949 5446 1096 5516 ψυχή
1152 5466 1237 5512 τις
1295 5445 1364 5519 ἦν
1403 5454 1514 5514 τοῖς
1563 5454 1681 5506 ἐκεῖ
1722 5471 1875 5524 τηνι-

303 5535 484 5601 καῦτα
520 5537 616 5589 καὶ
640 5537 894 5607 χρηστῶν
923 5539 1155 5591 ἐλπίδων
1192 5540 1463 5612 θησαυρός
1498 5559 1510 5572 ⁸
1567 5540 1722 5607 οὗτος
1780 5546 1873 5599 οὖν

1986 4727 2112 4782 nucl
2134 4726 2555 4786 Tarchaniotcs,
2582 4724 2931 4793 imperatoris
2959 4736 3240 4795 cognatus,
3268 4728 3349 4804 vir
3374 4729 3548 4782 heroi.

1984 4819 2086 4870 bus
2119 4816 2314 4871 similis
2344 4831 2409 4870 ac
2452 4830 2548 4885 per
2577 4816 2761 4869 omnia
2797 4824 3095 4881 strenuus;
3133 4814 3320 4881 manu,
3359 4822 3546 4874 (ειηιεὶ-

1981 4909 2057 4963 lio
2087 4919 2140 4962 et
2186 4896 2436 4976 corporis
2484 4906 2811 4974 proceritate
2859 4917 3158 4976 prmstans;
3200 4909 3294 4977 qui
3331 4909 3546 4964 bellicis

1981 4997 2256 5063 laboribus
2282 4995 2632 5065 exercitatus,
2661 5006 2718 5049 et
2747 4995 2915 5049 multa
2952 4996 3180 5050 vulnera
3214 5000 3545 5054 constantis-

1976 5090 2113 5143 sime
2149 5101 2463 5157 perpessus,
2499 5099 2769 5139 summam
2813 5086 2867 5138 in
2902 5102 2957 5139 re
3000 5087 3221 5140 militari
3255 5101 3541 5157 compara-

1978 5187 2130 5233 verat
2156 5175 2575 5246 experientiam,
2619 5174 2851 5242 ideoque
2885 5175 2954 5227 ab
2988 5175 3318 5243 imperatore
3352 5178 3545 5243 pr:el'e-

1976 5280 2099 5325 ctus
2128 5269 2194 5322 iis
2223 5266 2415 5335 cepiis,
2447 5269 2569 5333 quae
2597 5264 2964 5335 Didymoticlti
2998 5278 3175 5328 erant,
3208 5267 3405 5319 anima:
3445 5284 3541 5318 cu-

1969 5360 2185 5432 jusdam
2215 5358 2387 5411 instar
2414 5370 2476 5409 ac
2496 5355 2643 5419 velut
2675 5355 2828 5408 bona:
2848 5340 2966 5425 spei
3004 5357 3294 5410 thesaurus
3326 5357 3389 5408 -is
3420 5373 3542 5408 esse

1982 5450 2269 5519 videbatur
2305 5465 2319 5500 :
2353 5446 2420 5507 is,
2455 5445 2701 5513 inquam,
2749 5446 2898 5499 solus
2933 5456 3045 5500 tum
3078 5448 3264 5499 animo
3304 5446 3546 5497 conlisus

1976 5542 2267 5611 quaesitum
2309 5538 2477 5591 exivit
2514 5536 2925 5605 imperatorem,
2963 5535 3341 5607 Ditlymntichn
3372 5535 3546 5587 cmis-

1659 5683 1767 5743 Va;
1790 5685 1990 5746 iorum
2030 5684 2215 5741 uoltu.

377 5825 491 5895 (7i)
520 5824 897 5892 Cognomenlo
943 5826 1265 5896 Κουρτίκης.
1328 5828 1624 5886 Cantat‘w.
1657 5836 1749 5889 lib.
1791 5851 1869 5899 lii,

1978 5852 2008 5904 ρ
2060 5830 2143 5893 ιθ,
2179 5824 2266 5886 ῖθ,
2292 5823 2379 5873 7U.
2418 5820 2645 5877 DlJtZAN'Z.

615 5915 894 6009 l‘aruoa.
935 5916 1050 5976 (in.
1099 5918 1393 5979 (ξΧεΝΗι

3072 5911 3103 5953 ς
3112 5911 3150 5970 8

3074 5956 3107 5968 -
