3978 6596
501 421 609 487 883
792 417 869 493 [Α.
908 434 963 475 ι.
996 416 1158 484 6851,
1201 434 1303 475 tam.
1347 419 1434 492 ll]

1739 426 2156 538 NICEEHORI
2198 432 2582 494 GREGORAZ

2905 429 3040 502 [llll’.
3080 447 3123 485 ι.
3168 444 3405 485 rsum.
3442 424 3502 499 9.]
3633 433 3721 497 εει

496 537 811 609 pias‘longe
843 554 1122 595 maximas.
1174 538 1347 594 Erant
1400 542 1604 612 quippe
1643 543 1902 598 Romana:
1948 542 2069 613 qni-

2176 545 2434 613 ναυτικὴν
2448 545 2678 615 δύναμιν
2706 544 2850 612 μάλα
2883 540 3293 614 πολλὴνέῐίσαν
3316 544 3723 614 γὰρῬωμαῖκαὶ

491 627 626 685 dem
678 646 847 687 naves
885 632 1071 701 plures
1114 646 1278 700 quam
1312 633 1739 704 quinquaginta;
1778 637 2072 693 auxiliares

496 732 680 777 autem
734 737 801 778 cx
850 722 1077 779 Perside
1124 722 1247 779 dum
1292 731 1348 778 et
1406 725 1622 794 viginti.
1670 726 1857 781 Rebus
1906 729 2072 796 igitur

497 813 1072 869 Thessalonicensium
1098 829 1166 869 eo
1197 814 1320 884 ipso
1349 815 1437 871 die
1459 827 1623 886 prout
1652 817 1817 873 libuit
1849 818 2073 881 ordina-

496 906 588 969 tis,
617 914 836 974 postera
865 904 954 959 die
981 904 1324 973 Apocaucus,
1359 921 1482 960 cum
1507 915 1561 961 et
1595 922 1688 962 eas
1717 924 1852 977 quas
1877 897 2057 964 Thes-

494 996 756 1051 salonieae
803 996 1094 1050 invenerat
1141 995 1349 1065 capias,
1382 1006 1438 1052 et
1468 997 1587 1053 illas
1613 1014 1751 1068 quas
1778 1002 1953 1055 classe
1985 1016 2074 1054 se-

497 1101 625 1141 cum
685 1084 993 1140 adduxerat
1052 1095 1158 1141 tam
1198 1085 1530 1143 domesticas
1574 1104 1736 1158 quam
1786 1101 2070 1156 externas,

496 1187 767 1234 armasset
816 1181 1278 1243 etinStruxisset,
1328 1180 1650 1236 Berrhmam
1708 1184 1952 1239 terrestri
1982 1185 2075 1240 iti-

497 1284 631 1323 nere
678 1285 841 1339 quam
894 1270 1181 1327 celerrime
1208 1272 1480 1342 proﬁcisci
1533 1288 1721 1329 secum
1763 1276 2072 1347 constituit,

499 1361 545 1415 si
579 1361 723 1415 forte
752 1362 1099 1432 imperatoris
1143 1365 1447 1420 exercitum
1502 1368 1721 1439 assequi
1777 1381 1960 1439 posset
2016 1372 2073 1427 in

500 1451 736 1506 transitu
764 1452 880 1521 ejus
920 1453 1088 1517 ﬂuvii,
1122 1455 1216 1524 qui
1257 1456 1577 1513 Berrbmam
1615 1458 1758 1514 inter
1787 1476 1853 1515 ac
1897 1461 2103 1539 Th83°.

496 1542 790 1598 salonicam
824 1543 962 1599 lluit.
996 1543 1109 1601 lllic
1143 1548 1292 1603 enim
1324 1550 1558 1606 maxime
1591 1550 1819 1620 putabat
1859 1562 2072 1623 partum

496 1637 564 1691 iri
618 1639 723 1693 sibi
777 1641 1022 1697 audacias
1071 1644 1357 1710 praemium
1390 1660 1456 1700 ac
1505 1654 1767 1717 tropaeum
1817 1648 2075 1716 militare,

426 1726 437 1733 ’
504 1730 760 1785 hostibus
783 1729 920 1786 forte
954 1734 1334 1804 manipulatim
1379 1736 1687 1807 dispersis:
1720 1747 1775 1793 et
1824 1739 1912 1795 bis
1951 1740 2077 1811 qui-

495 1821 620 1876 dem
672 1823 785 1893 jam
848 1825 1133 1896 trajectis,
1188 1826 1297 1881 illis
1342 1842 1473 1883 vero
1521 1829 1701 1885 adhuc
1752 1830 2073 1900 trajicienti-

414 1944 433 1949 -
490 1918 635 1980 bus;
677 1914 803 1970 aliis
845 1914 1084 1988 denique
1114 1929 1338 1989 propter
1369 1919 1516 1999 ripas
1544 1922 1864 1977 transeundi
1900 1936 2067 1979 causa

493 2004 792 2060 stantibus.

566 2095 660 2151 lll.
712 2096 826 2154 Nec
852 2112 983 2153 vero
1014 2097 1312 2168 imperator
1334 2116 1457 2156 cum
1491 2115 1609 2155 sese
1643 2100 1769 2155 inde
1817 2101 2066 2171 proripe-

491 2200 601 2256 ret,
635 2207 868 2249 vacuum
900 2191 1091 2247 labore
1118 2200 1281 2261 atque
1324 2191 1643 2247 difﬁcultate
1688 2193 1790 2247 iter
1820 2192 2069 2246 invenire

491 2282 697 2352 potuit.
728 2281 862 2338 Nam
908 2299 1031 2339 cum
1069 2282 1272 2337 [lumen
1335 2283 1477 2337 haud
1526 2298 1743 2354 semper
1794 2300 1894 2338 nec
1933 2298 2071 2353 qua-

493 2390 713 2444 cunque
737 2374 972 2429 trausire
1004 2372 1320 2429 volentibus
1372 2374 1584 2428 facilem
1618 2387 1684 2428 ac
1718 2374 1963 2443 pervium
2013 2388 2071 2428 se

494 2464 772 2525 exhibeat,
803 2465 894 2519 sed
922 2465 1171 2535 angustis
1202 2465 1257 2518 iu
1288 2465 1441 2528 luris,
1489 2465 1663 2533 iisque
1708 2481 1817 2518 non
1850 2467 2074 2520 cuilibet

493 2557 748 2627 trajicere
781 2558 1021 2627 cupienti
1064 2557 1265 2622 obviis,
1313 2557 1407 2611 sed
1457 2558 1658 2628 ignotis
1694 2558 1970 2627 plerisque
2018 2569 2073 2612 et

494 2648 890 2712 abditissimis;
923 2665 1028 2701 non
1077 2648 1256 2702 solum
1293 2648 1471 2702 bin-me
1510 2664 1572 2702 ae
1604 2663 1753 2710 vere,
1800 2664 1907 2717 quo
1941 2658 2074 2700 tum.

497 2753 632 2808 pore
666 2737 840 2806 major
876 2739 1143 2793 exuberat
1176 2754 1441 2805 aquarum
1493 2738 1571 2791 vis
1595 2781 1608 2799 ,
1654 2738 1870 2791 easdem
1915 2737 2072 2791 solita

497 2835 751 2905 proluerc
777 2846 831 2889 et
861 2834 1125 2889 inundare
1152 2846 1420 2890 terrarum
1451 2846 1630 2903 partes
1653 2850 1665 2897 ;
1690 2833 1783 2887 sed
1816 2843 2073 2887 etmstalc

494 2938 911 2997 autumnoque;
950 2928 1004 2981 in
1038 2927 1205 2981 altera
1234 2927 1382 2981 fluvii
1425 2927 1537 2995 ripa
1567 2927 1675 2980 duo
1702 2927 1923 2981 circiter
1952 2925 2073 2979 util-

493 3009 967 3073 lia'Triballorum
1015 3018 1243 3072 insidias
1270 3018 1435 3089 660
1479 3017 1529 3072 ei
1573 3019 1775 3079 fecere,
1817 3034 1923 3087 qua
1958 3035 2073 3073 ma-

493 3109 640 3163 xime
676 3117 830 3177 parte
868 3124 996 3163 eum
1035 3124 1160 3183 cum
1213 3110 1458 3162 exercitu
1522 3109 1844 3163 redeuntem
1897 3111 2076 3181 traje-

2183 640 2281 707 μὲν
2312 637 2441 707 νῆες
2475 637 2693 701 πλείους
2724 637 2757 706 ἢ
2799 637 3169 705 πεντήκοντα·
3202 634 3471 705 Περσικαὶ
3497 635 3570 693 δὲ.
3599 639 3722 690 uti

2179 729 2500 797 συμμαχίαν
2532 728 2823 796 ἑπόμεναι,
2874 726 2971 780 δύο
2996 726 3087 779 καὶ
3107 726 3307 781 εῐκοσι.
3345 725 3427 777 Τὰ
3451 727 3578 791 γοῦν
3601 730 3725 780 κατά

2181 819 2585 888 Θεσσαλονίκην
2616 821 2920 891 πράγματα
2970 816 3291 884 διαθέμενος
3345 817 3647 887 αύθήμερον
3700 810 3725 871 ό

2191 913 2534 974 ’Λπόκαυκος
2560 910 2633 975 ὡς
2662 910 2935 972 ἐϐούλετο.
2985 911 3079 964 καί
3117 911 3234 979 ἀμα
3276 908 3608 971 καθοπλίσας
3644 910 3724 961 καὶ

2176 1002 2748 1071 παρασκευασάμενος
2779 1002 2836 1065 ές
2878 999 2975 1068 τὴν
3024 999 3316 1069 ὑστεραίαν
3364 997 3433 1068 ἢν
3486 1013 3544 1049 τε
3581 989 3723 1065 εὗρεν

2176 1097 2239 1150 ἐν
2268 1094 2638 1165 Θεσσαλονίκῃ
2664 1092 2896 1159 δύναμιν
2927 1090 3328 1160 στρατιωτικὴν
3370 1090 3467 1145 καὶ
3516 1088 3581 1159 ἢν
3604 1089 3721 1141 ἐπα.

2178 1188 2415 1259 γόμενος
2443 1182 2577 1256 ἧκεν
2592 1185 2750 1247 αὐτὸς
2776 1184 3048 1253 όμόφυλόν
3075 1200 3134 1237 τε
3162 1184 3257 1236 καὶ
3284 1182 3585 1251 ἀλλόφυλον
3612 1199 3723 1233 ναυ-

2175 1276 2356 1346 τικὴν,
2388 1277 2488 1344 τὴν
2510 1275 2598 1328 διά
2623 1273 2729 1344 γῆς
2762 1274 2854 1326 ἐπὶ
2880 1274 3150 1344 Βέρῤοιαν
3185 1273 3541 1342 ἐπιταχύνειν
3566 1271 3718 1323 ἐνεθυη

2179 1366 2333 1440 μήθη
2388 1367 2636 1437 πορείαν,
2677 1365 2732 1417 εί
2770 1381 2887 1426 πως
2934 1364 3190 1435 δυνηθείη
3242 1363 3568 1417 καταλαϐεῖν
3616 1363 3729 1432 περὶ

2175 1462 2278 1532 τὴν
2309 1459 2404 1514 τοῦ
2448 1457 2649 1526 μεταξῦ
2687 1458 2951 1527 Βερῤοίας
2978 1457 3075 1510 καὶ
3118 1458 3728 1527 Θεσσαλονίκηςρἑντος

2176 1550 2428 1622 ποταμοῦ
2467 1551 2719 1605 διάϐασιν
2752 1549 2866 1617 (90)
2900 1549 2994 1603 τὸν
3023 1552 3119 1602 τοῦ
3176 1548 3443 1613 βασιλέως
3498 1548 3729 1619 στρατόν.

2188 1643 2457 1701 Ἐνταῦθα
2487 1644 2595 1715 γάρ
2623 1642 2841 1697 ἀνύσειν
2869 1640 3005 1712 ᾤετο
3072 1639 3309 1712 μάλιστα
3347 1640 3559 1710 τόλμης
3602 1638 3735 1706 ἀγώ-

2181 1754 2353 1809 νισμα
2385 1737 2480 1791 καὶ
2504 1735 2769 1806 τρόπαιον
2826 1734 3072 1797 ἔνοπλον,
3123 1729 3733 1809 κατακερματισθέντων

2180 1808 2310 1895 ἴσως
2334 1831 2442 1883 τῶν
2467 1829 2768 1897 πολεμίων,
2789 1829 2883 1881 καὶ
2902 1827 3010 1879 τῶν
3041 1826 3141 1892 μὲν
3164 1825 3466 1880 διαϐάντων
3495 1808 3618 1893 ήδη.
3638 1825 3733 1875 τῶν

2171 1923 2219 1976 δ’
2241 1900 2320 1975 ετὶ
2348 1921 2759 1983 διαϐαινόντων,
2810 1919 2919 1972 τῶν
2945 1917 3000 1971 δὲ
3028 1915 3180 1989 παρά
3219 1916 3279 1970 τὸ
3305 1915 3480 1984 χεῐλος
3508 1913 3608 1979 τῆς
3632 1913 3735 1966 διαο

2171 2014 2387 2076 ϐάσεως
2418 2011 2754 2079 ἑστηκότων.

2240 2105 2316 2160 Γ.
2346 2102 2439 2173 Τῷ
2468 2121 2530 2171 γε
2568 2105 2674 2172 μὴν
2711 2099 2925 2169 βασιλεῖ
2960 2097 3513 2169 κατεσπουδασμένην
3560 2113 3735 2150 π’)ιου-

2173 2180 2321 2266 μένῳ
2381 2197 2480 2262 τὴν
2537 2192 2887 2263 ἀναχώρησιν
2943 2191 3062 2244 οὐδὲ
3119 2189 3217 2256 τὴν
3277 2190 3464 2259 πρόσω
3526 2189 3735 2260 πορείαν

2171 2287 2409 2358 ἀμοχθόν
2440 2303 2500 2340 τε
2535 2287 2630 2339 καί
2666 2284 3055 2353 ἀταλαίπωρον
3091 2284 3272 2353 εὑρεῖν
3311 2282 3611 2349 ἐξεγένετο.
3642 2279 3735 2333 Τοῦ

2170 2381 2279 2449 γάρ
2309 2396 2391 2431 τοι
2426 2378 2672 2447 ποταμοῦ
2717 2377 2898 2448 ἥκισθ’
2938 2378 3059 2430 ὅποι
3111 2375 3457 2446 βουλομένοις
3501 2374 3587 2444 είη
3639 2375 3736 2435 τοῖς

2171 2472 2260 2525 ἀεὶ
2287 2471 2582 2524 διαϐαίνειν
2634 2471 2878 2523 ἐθέλουσι
2941 2467 3216 2540 προσηνὲ;
3251 2466 3502 2537 πανταχῆ
3534 2473 3627 2519 καὶ
3656 2465 3737 2536 βά-

2174 2578 2333 2632 σιμον
2385 2563 2759 2631 παρεχομένου
2812 2564 2872 2614 τὸ
2919 2562 3173 2631 ῥεῖθρον,
3231 2561 3348 2614 ἀλλ’
3402 2561 3461 2613 ιν
3525 2559 3735 2630 βραχέσι

2172 2653 2377 2715 τόποις,
2409 2653 2502 2703 καὶ
2544 2650 2758 2714 τούτοις
2792 2652 2895 2706 οὐκ
2936 2654 2993 2714 ἒς
3024 2647 3298 2721 προῦπτον
3341 2651 3616 2720 κειμένοις
3642 2652 3736 2719 ὅτῳ

2173 2742 2240 2795 ἂν
2267 2743 2350 2810 εἴη
2383 2741 2692 2811 βουλομένῳ
2729 2730 2893 2796 παντὶ
2933 2742 3255 2807 διαϐαίνειν,
3297 2742 3414 2796 ἀλλ’
3452 2741 3736 2808 ἀγνώστοις

2172 2830 2247 2897 ὡς
2272 2834 2337 2887 τὰ
2365 2835 2535 2887 πολλὰ
2567 2836 2659 2887 καὶ
2690 2834 2892 2902 πολλὴν
2915 2834 3209 2903 ἐπίκρυψιν
3239 2834 3476 2904 ἔχουσιν,
3497 2833 3560 2886 ού
3590 2836 3737 2900 μόνον

2173 2930 2230 2979 ὲν
2289 2926 2559 2996 χειμῶνός
2594 2944 2652 2978 τε
2712 2928 2804 2979 καὶ
2851 2923 2983 2997 ἦρος
3023 2927 3217 2995 ὥραις,
3247 2926 3486 2996 ὁπηνίκα
3529 2923 3734 2993 δαψιλές

2176 3036 2366 3086 στερον
2392 3018 2505 3088 ἔχει
2531 3018 2591 3070 τὸ
2617 3017 2814 3089 κράτος
2864 3022 2898 3089 ἡ
2935 3019 3043 3071 τών
3091 3018 3299 3071 ὑδάτων
3332 3017 3517 3085 φύσις,
3553 3015 3736 3087 βαπτίο

2178 3110 2348 3172 ζουσά
2377 3126 2436 3161 τε
2466 3111 2557 3163 καὶ
2603 3112 3020 3177 κατακλύζουσα
3048 3111 3118 3162 τὰ
3162 3108 3446 3180 εἰθισμένα
3481 3109 3622 3179 μέρη
3649 3108 3737 3173 τῆς

494 3210 712 3254 cturutn
746 3202 1049 3270 putabant;
1078 3211 1136 3254 ut
1168 3200 1466 3269 derepente
1500 3199 1555 3252 in
1591 3200 1767 3268 ipsum
1805 3217 1906 3255 nec
1949 3202 2067 3271 opi-

2176 3202 2299 3269 γῆςς
2335 3201 2468 3257 ἀλλὰ
2512 3205 2603 3293 καί
2659 3202 2807 3275 θέρει
2862 3221 2919 3257 τε
2968 3207 3062 3257 καὶ
3115 3204 3479 3274 φθινοπώρῳ,
3527 3200 3734 3268 ἐνέδραν

493 3305 722 3347 nantem
775 3295 922 3348 circa
972 3295 1263 3348 transitura
1325 3293 1528 3362 impetu
1589 3291 1752 3355 facto,
1804 3304 2064 3361 tropa~um

492 3386 710 3440 illustre
758 3386 909 3440 brevi
950 3388 1369 3441 constituerent.
1424 3385 1535 3440 llos
1587 3402 1720 3440 vero
1772 3388 2066 3455 imperato-

494 3478 702 3532 riorum
734 3477 967 3532 militum
1010 3493 1380 3548 pratcursores
1424 3478 1723 3547 conspicati
1776 3479 1961 3548 procul
2014 3488 2068 3535 et

494 3568 600 3636 ipsi
661 3568 906 3621 animum
966 3568 1395 3638 desponderant,
1449 3577 1507 3622 et
1565 3568 1779 3638 pavoris
1832 3570 2063 3624 multum

490 3660 760 3715 exercitui
814 3661 1135 3731 iniecerant.

2176 3296 2503 3365 ἐποιήσαντο
2536 3288 2682 3365 παρά
2705 3298 2804 3361 τὰς
2832 3297 2923 3351 ἐπὶ
2953 3296 3155 3367 θάτερα
3186 3295 3280 3349 τοῦ
3308 3291 3553 3362 ποταμοῦ
3583 3288 3736 3358 δισχί-

2175 3387 2278 3441 λιοί
2302 3406 2403 3441 που
2450 3390 2540 3442 τὸν
2581 3391 2816 3462 ἀριθμὸν
2844 3392 3058 3443 ὁπλίται
3085 3390 3194 3442 τῶν
3224 3387 3569 3458 Τριϐαλλῶν,
3616 3383 3731 3436 ἔνθα

2180 3475 2416 3544 μάλιστα
2440 3477 2736 3533 διαϐαίνειν
2766 3479 3006 3543 ἐπίδοξος
3042 3475 3110 3549 ἦν
3139 3480 3167 3531 ὁ
3200 3477 3450 3547 βασιλεὺς
3478 3475 3618 3528 κατά
3641 3473 3729 3541 τὴν

2173 3569 2435 3624 ἐπάνοδον
2456 3570 2604 3638 ,ὁμοῦ
2629 3570 2709 3642 τῷ
2737 3573 2974 3643 στρατῷ,
2997 3571 3072 3634 ώς
3105 3570 3171 3626 ἂν
3204 3570 3465 3639 ἐξαίφνης
3495 3564 3730 3635 ἀγνοοῦσι

2175 3664 2302 3733 περὶ
2320 3662 2419 3733 τὴν
2441 3661 2694 3717 διάϐασιν
2714 3665 3135 3727 ἐπεισπεσόντες
3156 3661 3480 3731 περιϐόητον
3507 3661 3728 3728 στήσωσι

488 3757 753 3823 τρόπαιον
781 3755 838 3807 έν
869 3718 1091 3824 ppu/ﬂ.
1137 3752 1373 3815 Τούτους
1404 3768 1468 3819 γε
1506 3751 1612 3821 μὴν
1659 3752 1711 3805 οι
1759 3718 2059 3823 πρόδρομοι
2096 3752 2205 3808 τῶν
2240 3718 2590 3818 στρατιωτῶν
2627 3756 2721 3809 τοῦ
2752 3755 3019 3826 βασιλέως
3081 3718 3388 3825 πόρρωθενι
3420 3718 3726 3820 θεασάμενοι

492 3849 747 3900 αύτοίιτε
774 3848 1169 3914 ἀπεγνώκεσαν
1194 3846 1289 3900 καὶ
1314 3846 1536 3918 μακράν
1567 3846 1664 3915 τὴν
1705 3846 1908 3901 δειλίαν
1944 3850 2069 3913 ταῖς
2108 3849 2414 3918 βασιλικαῖς
2452 3850 2745 3921 δυνάμεσιν
2775 3847 3211 3918 έμϐεϐλήκεσαν.

562 3968 650 4021 ιν.
691 3968 768 4022 Ac
815 3965 1063 4019 fortassis
1108 3964 1202 4017 illa
1266 3963 1381 4034 ipsa
1428 3963 1560 4017 hora
1610 3934 1882 4033 profligati
1941 3962 2073 4033 fuis-

2243 3959 2320 4017 A'.
2355 3962 2465 4016 Kal.
2489 3961 2611 4033 τάχ’
2641 3961 2708 4015 ἂν
2736 3962 2792 4013 έν
2830 3960 3024 4030 ἐκείνῳ
3070 3958 3169 4029 τῆς
3216 3957 3362 4029 ὧρας
3409 3957 3719 4028 ἐφθείροντο.

492 4069 639 4121 seut,
670 4057 813 4111 inter
841 4056 1071 4110 hostiles
1093 4054 1232 4108 duos
1254 4054 1535 4109 exercitus
1562 4054 1720 4123 quasi
1754 4055 1897 4109 intra
1931 4055 2065 4109 retia

2176 4055 2380 4123 μεταξὺ
2411 4054 2553 4108 δυοῖν
2600 4055 2844 4124 στρατῶν
2877 4050 3150 4122 πολεμίων
3188 4050 3263 4113 ὼς
3294 4050 3352 4103 ἐν
3382 4050 3583 4118 δικτύῳ
3610 4065 3717 4101 συν-

490 4147 899 4218 comprelicnsi,
931 4145 1154 4200 ﬂumine
1184 4144 1307 4215 ipso
1331 4138 1607 4206 obstante,
1634 4161 1745 4214 quo
1770 4147 1952 4199 minus
1975 4154 2071 4198 aut

2176 4148 2519 4217 ειλημμένοι,
2555 4146 2649 4199 καὶ
2704 4148 2818 4215 ἅμα
2851 4145 2944 4198 τοῦ
2991 4143 3238 4211 ποταμοῦ
3288 4142 3388 4214 τὴν
3444 4155 3720 4213 στρατοπεο

336 4274 351 4281 -
452 4296 459 4301 ,
492 4250 1037 4304 castrametareutur,
1062 4248 1158 4293 aut
1205 4239 1378 4293 aciem
1412 4238 1519 4292 rite
1549 4237 1929 4303 instruerent;
1961 4237 2065 4290 nisi

2176 4238 2315 4292 Saiav
2346 4239 2438 4292 καὶ
2467 4237 2563 4308 τὴν
2600 4238 2963 4308 ὀφειλομένην
3000 4234 3308 4306 παράταξιν
3341 4236 3657 4295 κωλύοντος,
3677 4231 3719 4284 εί

491 4334 639 4387 Deus
664 4331 962 4402 derepente
989 4338 1044 4383 et
1076 4345 1139 4384 ex
1186 4327 1484 4396 improviso
1531 4343 1750 4381 manum
1781 4326 1888 4381 illis
1918 4342 2069 4381 com-

2178 4332 2253 4400 μὴ
2286 4331 2422 4394 Θεὸς
2459 4332 2525 4384 ὲκ
2557 4331 2651 4384 τοῦ
2683 4329 2868 4399 σχεδὸν
2895 4327 3305 4397 ἀπροσδόκητον
3332 4327 3619 4396 ἐχαρίσατο
3638 4322 3720 4391 τὴν

494 4423 774 4479 modasset
803 4422 1159 4489 adjutricem;
1210 4421 1375 4484 Deus,
1411 4420 1655 4489 inquam,
1689 4419 1783 4489 qui
1821 4428 1877 4473 et
1923 4433 2066 4488 saepe

2176 4422 2468 4490 ἐπίκουρον
2505 4423 2662 4493 χεῖρα
2685 4416 2707 4451 ·’
2733 4420 2791 4483 ὃς
2823 4419 2892 4473 τὰ
2944 4420 3045 4490 μὲν
3092 4418 3517 4489 προσδοκώμενα
3546 4413 3720 4468 πολλά·

495 4515 696 4571 infecta
730 4513 909 4569 reddit
934 4528 997 4567 ea
1023 4527 1258 4582 quorum
1305 4511 1538 4565 maxima
1564 4519 1682 4565 erat
1709 4510 2064 4578 exspectatio,

2176 4532 2259 4577 κις
2294 4514 2552 4584 ἄπρακτα
2581 4514 2789 4584 τίθησι,
2834 4515 2944 4574 τοῖς
2977 4512 3034 4565 δὲ
3069 4511 3295 4581 μηδαμῆ
3325 4507 3719 4581 προσδοκηθείσι

496 4608 647 4664 etiis
674 4623 797 4678 quae
826 4606 1055 4660 minime
1093 4605 1323 4675 praevisa
1361 4603 1598 4669 fuerant,
1643 4603 1915 4658 secundos
1952 4604 2066 4658 exi—

2176 4606 2350 4672 δεξιάν
2382 4606 2672 4679 χαρίζεται
2730 4604 2828 4672 τὴν
2878 4604 3056 4672 λῆξιν.
3102 4603 3444 4665 ’Δπόκαυκος
3482 4601 3578 4668 μὲν
3622 4598 3717 4666 γάρ

498 4709 592 4753 tus
642 4696 894 4767 largitur.
943 4695 1079 4749 Nam
1132 4693 1455 4762 Apocaucus
1498 4694 1718 4763 quidem
1778 4693 2068 4748 timiditate

2176 4698 2344 4770 δειλίᾳ
2378 4699 2569 4770 μακρᾷ
2615 4698 2714 4770 τὴν
2749 4696 2927 4767 ὁρμὴν
2963 4694 3307 4764 ἀνεχαίτισεν
3345 4692 3571 4746 ἑαυτοῦ·
3600 4688 3716 4758 ἀνὴρ

497 4804 714 4847 summa
749 4801 907 4841 suum
951 4785 1069 4855 ipse
1119 4784 1382 4854 impetum
1434 4780 1712 4854 repressit.
1748 4784 1841 4840 Vir
1887 4792 2069 4838 autem

2176 4791 2225 4844 δέ
2249 4808 2331 4855 τις
2354 4790 2462 4843 τῶν
2492 4790 2774 4861 ἐγχωρίων
2806 4789 2942 4861 (9|),
2971 4786 3059 4859 [P.
3093 4785 3221 4858 ΗΞ]
3244 4787 3367 4857 ἄρτι
3390 4785 3486 4857 τὴν
3508 4782 3713 4852 Τριϐαλ-

497 4882 722 4953 quidam
753 4895 819 4933 ex
844 4877 995 4933 illius
1020 4876 1127 4931 loci
1159 4875 1355 4930 incolis
1385 4875 1752 4930 Triballorum
1784 4875 2075 4947 prmdatio-

2176 4883 2274 4935 λῶν
2304 4881 2525 4952 διαδρὰς
2556 4885 2858 4952 προνομὴν,
2913 4875 3048 4951 ἦκεν
3102 4878 3399 4948 αὐτόμολος
3442 4872 3712 4945 τηνικαῦτα

497 4972 665 5029 nibus
718 4986 895 5041 nuper
946 4969 1167 5037 elapsus
1214 4968 1359 5021 ultro
1416 4978 1527 5021 tum
1575 4968 1644 5023 ad
1689 4968 2073 5037 imperatorem

2176 4974 2248 5044 τῷ
2299 4975 2547 5045 βασιλεῖ,
2609 4974 2804 5039 δείξειν
2864 4971 3338 5042 ἐπαγγελλόμενος
3395 4972 3577 5040 ἑτέραν
3626 4963 3709 5031 τῆς

408 5053 423 5059 ’
500 5062 819 5133 transfugit,
872 5060 1257 5131 promisitque,
1305 5060 1671 5113 indicaturum
1727 5075 1785 5113 se
1829 5060 1878 5114 ei
1912 5059 2075 5111 aliam

500 5158 571 5211 ab
600 5172 664 5211 ea
690 5172 811 5226 quae
848 5164 976 5209 nota
1008 5164 1128 5209 erat
1156 5169 1255 5223 per
1281 5152 1482 5206 flumen
1512 5152 1677 5215 viam,
1709 5150 1753 5206 si
1785 5151 1889 5205 sibi
1940 5166 2080 5205 mer-

500 5264 594 5303 ces
646 5248 872 5303 daretur
932 5248 1095 5317 paulo
1161 5244 1437 5314 pinguior.
1498 5243 1596 5297 His
1664 5242 2076 5297 conditionibus

2174 5067 2521 5136 ἐγνωσμένης
2549 5066 2820 5131 διάϐασιν,
2845 5068 2893 5119 εί
2928 5066 3345 5136 δαψιλεστέρως
3366 5065 3484 5124 τοὺς
3511 5056 3705 5129 μισθοὺς

2171 5158 2455 5213 ἀπολάϐοι.
2506 5160 2629 5211 Ἐπὶ
2668 5159 2733 5229 δὴ
2759 5158 3025 5220 τοιούτοις
3065 5159 3142 5227 τῷ
3183 5158 3393 5227 βασιλεῖ
3423 5155 3516 5223 τῆς
3541 5148 3702 5203 διαϐά-

2118 5280 2139 5293 ι
2174 5268 2312 5315 σεως
2331 5252 2651 5323 γενομένης,
2676 5253 3044 5321 ἐκπλαγέντες
3067 5253 3274 5305 ἐκεῖθεν
3299 5252 3347 5303 οί
3374 5243 3632 5317 Τριϐαλλοὶ
3652 5237 3700 5288 τὸ

504 5341 826 5396 transmisso
849 5337 1198 5409 imperatoris
1226 5334 1492 5401 exercitu,
1526 5336 1759 5407 perculsi
1796 5336 1872 5389 rei
1905 5335 2077 5389 mira-

501 5436 625 5489 eulu
654 5432 883 5488 Tribaili
928 5434 1054 5485 inde
1105 5431 1313 5484 abeunt
1345 5430 1655 5494 celerrime,
1700 5428 1791 5483 alii
1822 5428 1930 5482 alio
1978 5442 2077 5497 per

501 5542 620 5578 eam
652 5522 929 5593 regionem
961 5521 1217 5591 dispersi.

2172 5342 2267 5395 τοῦ
2295 5346 2624 5412 πράγματος
2658 5343 2961 5413 παράδοξον
2989 5342 3191 5414 ῲχοντο
3220 5339 3318 5412 τὴν
3343 5337 3586 5408 ταχίστην
3614 5330 3695 5382 ἀνᾶ

2174 5436 2272 5504 τὴν
2299 5434 2483 5505 χώραν
2507 5435 2664 5500 ἄλλος
2694 5435 2881 5489 ἄλλοοι
2906 5433 3408 5497 διασκεδασθέντες.

1842 5657 2171 5721 Varim'um
2215 5667 2403 5724 noun.

574 5806 688 5875 (90)
751 5807 889 5860 Axii.
948 5806 1244 5863 Cautaeuz.
1318 5801 1411 5860 lib.
1444 5820 1665 5873 ut.cap.
1695 5806 1784 5868 58,
1820 5806 2165 5865 59.Dt'c.t.\'c.

571 5880 684 5947 (SH)
719 5876 1007 5934 Cautacuz.
1038 5880 1131 5934 Ιίί).
1170 5896 1245 5942 ιιι,
1279 5894 1393 5947 cap.
1430 5877 1497 5931 59
1561 5875 1787 5939 “vene,
