3978 6592
299 376 412 444 893

692 377 769 453 [Α.
810 398 860 439 c.
907 380 1065 454 1313]

1329 389 1761 454 BYZANTINJE
1801 391 2179 456 HISTORLE
2203 391 2347 456 LIB.
2369 396 2447 455 Xl
2462 395 2537 457 Ii.

2660 391 2793 464 [tum
2836 405 2877 447 ι.
2920 350 3165 447 ινιιιίοι..⁸
3199 389 3255 461 3]

3434 394 3543 458 89i

300 499 527 569 Θαλμοῖς
562 503 651 554 τὸν
682 504 795 556 ἴσον
822 504 1000 584 ξξεστι
1041 507 1268 576 τρόπον,
1298 507 1453 561 Ὠστ’
1496 508 1557 562 οὐ
1591 509 1816 571 δικαίως
1845 511 1873 563 ό

1987 527 2109 567 ιιιιιιι
2146 510 2344 580 oculis,
2371 512 2524 567 velut
2546 507 2702 567 nova:
2749 522 2933 581 nuptae
2979 511 3164 582 posito
3206 510 3538 574 flammeolo.

301 591 761 662 Καντακουζηνδς
789 592 889 665 τὴν
917 596 1137 667 -γρα-,ιὴν
1173 600 1297 667 ἐμοὶ
1322 599 1416 652 τοῦ
1451 599 1769 669 ψεύδεσθαι,
1796 599 1872 663 ὥς

292 699 365 751 γε
392 684 566 754 οἶμαι,
604 690 1018 760 προστρίϐεται.
1056 691 1149 745 τοῦ
1185 693 1494 757 λυσιτελοῦς
1532 693 1606 756 ὡς
1637 694 1871 763 μάλιστα

294 780 615 849 ποιουμένῳ
664 780 761 851 τὴν
801 782 1081 852 πρόνοιαν.
1130 783 1270 851 Ἐγὼ
1315 784 1425 854 γάρ
1473 786 1764 853 ἐλάττωμα
1804 786 1871 841 ἂν

291 870 598 940 ἡγησάμην
644 873 692 925 εί
745 876 820 944 μὴ
852 873 1090 937 τοιοῦτος
1141 877 1294 945 εἵην*
1346 877 1583 947 κάκείνῳ
1625 876 1673 931 δ’
1704 875 1793 943 αὗ,
1822 878 1871 931 εί

293 964 611 1034 στρατηγοῦ
669 968 842 1019 ποιεῖν
897 958 1147 1022 ὲδόύλετο
1203 969 1472 1041 πρᾶγμα,
1526 972 1638 1025 τότ’
1689 971 1754 1026 ἄν
1803 989 1870 1042 με

288 1054 557 1126 λοιδορεῖν
596 1058 785 1129 ἐχρῆν,
824 1058 911 1112 ὅτε
954 1060 1041 1130 μὴ
1063 1057 1201 1114 οὕτω
1235 1064 1349 1124 τοῖς
1373 1062 1475 1115 ἀνά
1503 1066 1691 1133 χεῖρας
1721 1063 1871 1134 ἐώρα

295 1164 376 1215 με
424 1146 715 1218 πράγμασι
764 1152 1083 1220 προσιόντα.
1133 1152 1264 1224 Ἐμὲ
1311 1153 1360 1207 δ’
1404 1157 1581 1229 ἐκεῖνο
1634 1155 1873 1225 μάλιστα

291 1243 526 1295 πάντων
554 1242 773 1314 ἐπαίρει
805 1243 1110 1316 θαυμάζειν
1139 1247 1371 1313 ἐκείνου,
1399 1250 1515 1309 πῶς
1542 1249 1698 1304 ταῦτ’
1724 1250 1875 1304 ἐπεί-

214 1385 219 1387 _
289 1333 642 1404 γεταιόρᾷν,
678 1333 768 1406 [Ρ.
800 1333 930 1408 M7]
986 1331 1067 1401 οἷς
1129 1337 1404 1403 ὀνειδίζων
1454 1341 1699 1402 ἐκτόπως
1750 1342 1874 1410 ἐμοὶ

215 1482 236 1503 τ
292 1422 646 1496 λοιδορεῖται,
696 1427 797 1498 τὴν
856 1428 1199 1501 βαρϐαρικήν
1229 1450 1371 1504 φημι
1421 1437 1516 1487 καὶ
1572 1435 1875 1505 ἀλλόφυλον

246 1516 255 1525 ’
293 1517 644 1587 συμμαχίαν.
675 1519 739 1575 Ei
767 1521 876 1591 γὰρ
906 1522 964 1575 ὲν
1007 1522 1308 1593 ἀλλοτρίοις
1350 1527 1691 1597 πταίσμασιν
1733 1526 1870 1581 ἰδίαν

291 1606 608 1675 ἀσφάλειαν
631 1610 923 1679 ἐγκωμίων
948 1614 1112 1676 αὐτὸς
1136 1616 1431 1686 ἐπορίσατο
1454 1612 1549 1671 καῖ
1574 1617 1652 1687 τῷ
1670 1617 1783 1670 δντι
1806 1618 1877 1672 τά

200 1754 203 1757 ,
294 1715 401 1767 μοι
431 1702 797 1771 πεπραγμένα
830 1705 1132 1779 μεμίσηκε,
1183 1709 1370 1761 ποοεῐν
1401 1712 1500 1763 οὐκ
1537 1709 1728 1779 ἐχρῆν,
1752 1708 1873 1763 οὐδὲ

294 1789 620 1858 μιμεῖσθαι3
672 1789 747 1845 Τὸ
779 1792 885 1863 γὰρ
926 1777 1217 1864 μιμεῖσνθαι
1265 1777 1755 1867 φιλοῦντόςνεστιν,
1810 1801 1871 1853 οὐ

1974 615 2203 676 possunt
2228 608 2476 662 eamdem
2508 608 2580 661 ob
2602 621 2830 661 causam
2855 606 3154 676 spectanda
3188 605 3399 669 offerri.
3419 606 3539 661 Non
3622 648 3623 651 η

1965 699 2115 769 justo
2157 698 2341 770 itaque
2388 697 2807 754 Cantacuzenus
2859 698 3067 753 crimen
3104 697 3237 757 mibi
3269 696 3540 753 mendacii

1974 792 2058 860 (ιιι
2083 790 2302 860 quidem
2353 788 2508 860 puto)
2547 788 2719 845 inurit
2751 806 2765 845 :
2802 790 2938 844 mihi
2984 789 3229 859 inquam,
3259 791 3354 860 qui
3388 789 3540 844 utili-

1974 882 2104 937 tatis
2149 880 2490 952 potissimam
2538 885 2814 938 rationem
2865 880 3066 937 habeo.
3125 881 3241 934 imo
3292 897 3393 953 ego
3453 898 3542 935 me

1973 969 2202 1025 minoris
2244 971 2625 1029 aestimandum
2679 981 2949 1041 putarem.
2996 972 3041 1026 si
3103 971 3373 1041 ejusmodi
3427 987 3539 1025 non

1972 1077 2174 1117 essem.
2209 1061 2315 1118 lste
2364 1072 2571 1127 autem,
2604 1063 2649 1118 si
2715 1062 2768 1118 id
2829 1062 2976 1133 quod
3027 1063 3378 1132 imperatoris
3421 1076 3544 1117 erat

1972 1153 2153 1208 facere
2184 1153 2474 1220 voluisset,
2498 1163 2631 1210 tunc
2661 1156 2793 1210 mihi
2843 1155 3036 1210 debuit
3064 1155 3383 1217 convitiari,
3412 1171 3539 1207 cum

1971 1247 2195 1315 videbat
2229 1264 2314 1303 me
2346 1265 2454 1303 non
2489 1249 2709 1319 aggredi
2731 1263 2795 1303 ea
2822 1265 2943 1317 qun
2971 1251 3193 1317 exsequi
3229 1258 3338 1303 tam
3384 1248 3545 1302 facile

1971 1348 2027 1394 et
2052 1340 2218 1417 668
2242 1352 2552 1410 promptum
2585 1348 2753 1395 esset.
2790 1338 2907 1393 Jam
2951 1356 3080 1393 vero
3117 1355 3242 1393 eum
3280 1348 3338 1393 ut
3380 1340 3549 1393 mirer

1973 1427 2079 1482 hoc
2109 1428 2338 1483 maxime
2379 1429 2629 1491 inducor,
2659 1429 2805 1499 quod
2836 1445 2899 1484 ea
2935 1429 3115 1484 facere
3142 1430 3391 1493 molitur,
3419 1445 3541 1499 quze

1973 1520 2105 1574 mihi
2138 1529 2197 1574 ut
2231 1521 2427 1590 probra
2470 1521 2770 1577 insolenter
2815 1521 3056 1590 objicit‘:
3095 1537 3371 1576 armorum
3424 1521 3549 1576 dico

1972 1627 2100 1668 cum
2132 1611 2384 1667 Barbaris
2424 1621 2479 1667 et
2523 1611 2843 1680 alienigenis
2876 1612 3220 1668 societatem.
3249 1611 3383 1667 Nam
3414 1611 3458 1666 si
3494 1611 3549 1665 in

1972 1704 2163 1759 alienis
2202 1704 2379 1759 ruinis
2426 1703 2646 1759 laudum
2693 1720 2916 1759 suarum
2973 1704 3332 1759 stabilitatem
3375 1704 3549 1757 collo-

1973 1795 2138 1858 cavit,
2166 1806 2224 1851 et
2266 1811 2456 1850 revera
2509 1795 2636 1850 odio
2670 1797 2743 1850 illi
2782 1806 2913 1851 sunt
2958 1811 3019 1850 ea
3069 1810 3190 1866 quae
3232 1794 3395 1865 gessi,
3424 1794 3554 1848 all‘e—

296 1881 633 1948 μισοῧντος,
685 1886 777 1940 καὶ
827 1886 1202 1956 θαυμάζοντος
1263 1888 1463 1956 μᾶλλον
1512 1891 1547 1962 ἧ
1594 1891 1875 1961 ψέγοντος.

1987 1900 2127 1944 stare
2158 1899 2321 1958 atque
2363 1887 2567 1943 imitari
2599 1888 2743 1944 haud
2777 1889 3089 1958 oportebat.
3116 1887 3319 1941 Imitari
3351 1886 3552 1955 quipr

292 1973 498 2037 οὐδεὶς
538 1977 651 2043 γάρ
678 1976 715 2031 ά
745 1981 895 2046 μισεῖ
937 1980 1072 2050 δρᾷν
1112 1981 1177 2033 ὲκ
1228 1980 1409 2053 ψυχῆς
1438 1983 1736 2052 ἐπείγεται,
1781 1984 1874 2039 τοῦ

297 2064 633 2137 βιαζομένου
689 2071 889 2134 παντὸς
956 2074 1021 2126 ἐκ
1082 2073 1257 2127 ποδῶν
1336 2077 1649 2144 ἱσταμένου.
1706 2078 1769 2131 Εἰ
1818 2078 1876 2131 δὲ

293 2158 526 2230 γλώττῃ
562 2160 660 2230 μὲν
700 2160 1022 2231 λοιδορεῖται
1051 2164 1264 2228 τούτοις
1310 2160 1392 2228 οἷς
1435 2168 1535 2237 ἐμὲ
1567 2169 1880 2238 πράττοντα

295 2248 526 2318 βλέπει,
579 2250 761 2320 ἔργοις
806 2253 852 2307 δ’
896 2256 995 2325 οὐχ
1046 2256 1197 2320 ὅπως
1243 2258 1345 2310 οὐκ
1398 2258 1728 2314 ἀποσπεύδει
1777 2261 1879 2330 τὴν

297 2344 570 2413 μίμησιν,
619 2346 757 2400 ἀλλὰ
803 2348 898 2402 καὶ
951 2352 1569 2419 προσεπιδαψιλεύεται,
1618 2353 1779 2424 δῆλον
1804 2354 1880 2419 ὡς

293 2434 414 2505 οὐχ
442 2435 523 2488 ὅτι
547 2438 721 2506 μισῶν
739 2439 1085 2508 λοιδορεῖται,
1120 2444 1235 2497 ἀλλ’
1262 2448 1345 2500 ὅτι
1376 2446 1451 2517 μὴ
1475 2446 1688 2515 πρῶτος
1717 2446 1880 2509 αὐτὸς

297 2526 622 2599 ἐπεπράχει
656 2529 1035 2601 δυσχεραίνει·
1072 2534 1212 2589 ὥστε
1260 2537 1405 2590 δυοῖν
1455 2540 1713 2609 ὁπότερον
1755 2537 1880 2592 καθ’

300 2616 509 2689 ἑτέρου
534 2620 858 2694 ψηφισθείη,
892 2627 988 2680 καὶ
1035 2627 1249 2700 οατὲρῳ
1290 2630 1449 2685 τοῦτο
1491 2633 1715 2696 δικαίως
1756 2635 1883 2686 άκο-

301 2709 578 2783 λουθήσῃ,
616 2715 712 2767 καὶ
736 2716 937 2785 ὁμοίως
964 2718 1291 2790 ἀμφοτέροις
1328 2720 1361 2792 ἦ
1401 2723 1467 2775 τὰ
1499 2722 1597 2789 τῆς
1622 2722 1881 2793 inmei-

305 2819 460 2859 σεως
489 2805 521 2874 ἢ
568 2805 635 2859 τὰ
663 2807 763 2876 τῆς
795 2809 1126 2880 συγγνώμης
1160 2812 1247 2881 ἐφ’
1280 2799 1491 2883 ὁμοίοις
1540 2816 1649 2876 τοῖς
1697 2814 1881 2889 πράγο

309 2909 491 2965 μασιν
517 2897 751 2967 Edent.-
773 2918 792 2949 ι

1978 1981 2211 2037 amantis
2251 1992 2355 2045 est,
2417 1997 2524 2035 non
2583 1982 2911 2045 aversantis,
2966 1989 3023 2036 et
3069 1981 3187 2050 ejus
3229 1979 3409 2049 magis
3456 1977 3552 2046 qui

1978 2074 2303 2138 admiretur,
2333 2090 2496 2144 quam
2532 2074 2653 2144 ejus
2708 2074 2803 2143 qui
2845 2074 3140 2143 vituperet.
3189 2073 3361 2128 Nemo
3407 2058 3553 2127 enim

1978 2182 2116 2234 quas
2149 2181 2237 2220 res
2255 2164 2389 2224 odit.
2408 2181 2500 2220 eas
2521 2180 2649 2220 vere
2683 2176 2740 2219 et
2773 2180 2840 2221 ex
2871 2166 3075 2229 animo,
3106 2179 3229 2218 cum
3259 2163 3443 2217 omnis
3470 2163 3557 2218 vis

1978 2257 2158 2322 abest,
2190 2255 2371 2312 facere
2398 2256 2602 2312 studet.
2637 2255 2794 2323 Quod
2833 2258 2876 2312 si
2910 2272 2997 2321 ea,
3023 2272 3145 2328 qum
3185 2271 3283 2325 per
3316 2270 3404 2309 me
3437 2254 3553 2309 fieri

1979 2349 2151 2411 videt,
2183 2348 2369 2420 lingua
2431 2344 2655 2419 quidem
2711 2348 2803 2403 ille
2861 2348 3213 2411 criminatur,
3250 2361 3307 2401 re
3362 2356 3548 2401 autem

1980 2439 2098 2508 ipsa
2128 2439 2439 2511 nonsolum
2478 2454 2588 2493 non
2627 2421 2893 2493 abhorret
2940 2437 3009 2492 ab
3055 2436 3344 2499 imitando,
3377 2435 3471 2491 sed
3502 2445 3559 2491 et

1980 2530 2208 2600 insuper
2258 2531 2536 2587 cumulum
2595 2530 3055 2584 addit:evidens
3105 2538 3190 2584 est
3240 2543 3400 2591 eum,
3446 2542 3557 2581 non

1981 2621 2110 2691 quia
2144 2621 2650 2686 oderit,’criminari
2677 2664 2691 2688 ,
2725 2621 2820 2676 sed
2863 2621 2991 2689 quia
3046 2619 3257 2689 primus
3304 2618 3451 2674 haud
3481 2617 3562 2672 fe-

1982 2712 2140 2779 cerit,
2190 2712 2315 2767 ideo
2368 2714 2596 2767 moleste
2651 2712 2818 2767 ferre.
2872 2712 3228 2780 Utracunque
3283 2710 3452 2779 igitur
3504 2708 3560 2763 in

1987 2820 2155 2859 unum
2188 2820 2220 2860 ο
2248 2800 2413 2861 nobis
2443 2806 2529 2860 lex
2560 2806 2666 2859 lata
2696 2804 2885 2867 fuerit,
2920 2820 2983 2858 ea
3022 2804 3074 2858 iu
3110 2804 3342 2858 alterum
3393 2802 3557 2857 etiam

1987 2900 2181 2954 merito
2232 2899 2392 2953 cadat
2445 2913 2673 2954 necesse
2720 2906 2827 2960 est,
2858 2906 2913 2951 et
2966 2914 3030 2949 ex
3082 2895 3357 2950 similibus
3403 2894 3565 2949 factis

1987 2990 2220 3045 similem
2275 2990 2536 3059 utrinque
2600 2989 2865 3060 consequi
2923 2987 3411 3058 reprehensionem
3461 2995 3560 3041 aut

1988 3097 2227 3136 veniam.
2275 3100 2293 3132 ι

392 3167 466 3222 ιιι.
518 3168 752 3231 Ἐκεῖνος
805 3170 902 3241 μὲν
955 3170 1049 3225 οὖν
1102 3174 1252 3228 ταῦτ’
1288 3150 1468 3245 εέλεξε,
1527 3176 1734 3246 σφόδρα
1786 3179 1885 3248 τῆς

2060 3174 2125 3229 ΙΙ.
2155 3174 2281 3228 Haec
2309 3185 2459 3232 sunt.
2495 3187 2616 3244 qua:
2674 3174 2764 3228 ille
2807 3171 2973 3237 dixit,
3021 3172 3089 3227 de
3121 3187 3217 3226 sua
3253 3170 3435 3225 indole
3464 3169 3564 3223 ad-

309 3257 517 3314 ἑαυτοῦ
580 3263 1055 3334 καταψευδόμενος
1113 3266 1364 3334 φπῦσεως.
1418 3269 1513 3322 καὶ
1563 3269 1881 3340 πιθανδτητι

306 3353 565 3423 γλώττης
586 3356 686 3426 τὴν
708 3359 817 3410 τῶν
847 3360 1190 3429 πραγμάτιον
1210 3361 1567 3415 ὑποκλέπτων
1597 3363 1879 3433 ἀλήθειαν.

315 3446 486 3510 Ἐθος
509 3452 618 3516 γὰρ
650 3450 798 3521 αὐτῷ
823 3452 1070 3523 διηνεκὲς
1096 3454 1266 3515 τουτὶ,
1291 3455 1384 3507 καὶ
1411 3454 1675 3518 πολλάκις
1705 3454 1882 3526 τούτῳ

312 3543 640 3611 περιφανῶς
681 3545 1173 3609 ἔνεκαλλωπίσατο,
1208 3545 1372 3616 ἕτερα
1428 3547 1529 3616 μὲν
1563 3551 1630 3618 τῇ
1664 3548 1881 3621 γλώττῃ

314 3636 639 3705 προφέρειν,
685 3638 848 3706 ἔτερα
886 3639 930 3693 δ’
959 3642 1016 3693 ὲν
1063 3643 1130 3710 τῇ
1176 3640 1385 3710 διανοίᾳ
1424 3640 1749 3708 καλύπτειν,
1791 3643 1887 3694 καὶ

319 3730 645 3798 μαχομένην
674 3730 944 3784 δεικνύειν
989 3734 1071 3803 τῃε
1099 3731 1313 3803 γλώττῃ
1346 3732 1455 3786 τῶν
1482 3734 1761 3803 λογισμῶν
1788 3735 1887 3807 τὴν

324 3820 586 3890 μελέτην.
628 3822 803 3876 Πολλά
841 3823 942 3893 μὲν
974 3819 1067 3878 οὖν
1100 3825 1379 3878 κάνταῦθα
1406 3828 1471 3907 τῇ
1512 3827 1725 3898 γλώττῃ
1759 3825 1889 3897 θρα-

319 3913 620 3986 συνόμενος
642 3917 754 4001 τοῖς
785 3914 964 3984 ἔργοις
989 3915 1270 3987 ἠλέγχετο.
1296 3917 1488 3981 Ἀὐτὸς
1526 3920 1627 3987 μὲν
1654 3919 1765 3990 γὰρ
1798 3920 1889 3973 διὰ

319 4004 444 4068 δέος
471 4008 530 4059 ἐν
558 4006 925 4081 Θεσσαλονίκῃ
979 4009 1286 4079 παρέμεινε
1311 4024 1326 4041 ⁸
1383 4010 1482 4080 τὴν
1514 4003 1574 4063 δὲ
1626 4010 1889 4082 στρατιάν

320 4102 433 4153 τῶν
460 4102 749 4170 ἐπισήμων
780 4101 860 4153 ἑνὶ
902 4102 1181 4170 παραδοὺς
1230 4102 1323 4156 ἐπὶ
1357 4103 1620 4175 Βὲῤῥοιαν
1651 4103 1889 4175 ἔπεμψε,

322 4193 701 4263 παραγγείλας
732 4194 860 4262 άχρι
890 4211 1057 4264 τριων
1108 4196 1227 4247 ἐκεῖ
1285 4194 1720 4265 παραδείξαντας
1763 4197 1893 4249 ἐαυ-

321 4287 451 4347 τοῦς
476 4284 700 4354 ἡμερῶν
721 4286 841 4354 ’τὴν
869 4286 1132 4356 ταχίστην
1177 4286 1486 4339 επανιέναι.
1520 4288 1594 4340 0-3
1626 4287 1733 4358 γάρ
1765 4287 1897 4356 δρά-

328 4377 523 4441 σοντάς
556 4395 608 4430 τι
646 4381 893 4445 γενναῖον
926 4379 1065 4445 σφᾶς
1092 4377 1404 4446 ἐπεπόμφει
1427 4392 1442 4407 ·
1478 4378 1586 4430 τῶν
1613 4378 1720 4447 γὰρ
1746 4378 1895 4447 ἀμη-

327 4468 507 4537 χάνων
548 4466 606 4519 ἓν
642 4467 822 4520 ἐδόκει
849 4466 995 4520 τοῦτ’
1019 4465 1164 4537 αὐτῷ
1184 4482 1199 4498 ο
1231 4464 1349 4522 ἀλλ’
1381 4465 1504 4518 ὅσον
1535 4465 1610 4533 μὴ
1636 4465 1894 4534 φωραθῇ..

1987 3265 2209 3321 modum
2244 3263 2536 3342 mentiens.
2557 3281 2621 3320 ac
2647 3265 2921 3320 sermonis
2951 3262 3339 3335 probabilitate
3380 3275 3565 3315 rerum

1987 3357 2272 3412 veritatem
2308 3357 2633 3412 obscurans.
2667 3357 2782 3413 Mos
2829 3358 2978 3412 enim
3021 3355 3112 3411 hic
3157 3355 3234 3411 illi
3267 3363 3567 3424 perpetuus

1986 3449 2141 3504 fuit:
2181 3465 2357 3520 eoque
2408 3464 2466 3502 se
2517 3448 2699 3520 palam
2746 3464 2889 3518 saepe
2927 3460 3185 3517 tanquam
3240 3454 3566 3514 ornamento

1989 3544 2172 3613 aliquo
2225 3543 2544 3604 venditavit,
2607 3542 2750 3613 quod
2799 3541 2949 3595 aliud
3005 3556 3100 3595 ore
3151 3539 3563 3610 pronuntiaret,

1988 3632 2136 3689 aliud
2167 3633 2221 3687 iu
2257 3633 2440 3686 animo
2464 3631 2738 3687 occultum
2787 3632 3033 3693 haberet,
3065 3638 3121 3684 et
3154 3644 3396 3701 pugnare
3436 3644 3562 3684 cum

1988 3721 2174 3788 lingua
2228 3721 2452 3776 consilia
2510 3724 2630 3793 ejus
2706 3732 2762 3776 et
2834 3720 3213 3803 cogitationes
3250 3733 3565 3790 appareret.

1989 3813 2212 3885 Multam
2257 3813 2422 3883 igitur
2464 3821 2578 3868 tum
2623 3828 2842 3883 quoque
2874 3812 3157 3866 audaciam
3196 3810 3384 3865 verbis
3431 3826 3563 3879 pro-

1991 3905 2169 3960 fessus
2229 3904 2388 3960 factis
2444 3904 2899 3974 redarguebatur.
2964 3904 3099 3959 Nam
3162 3905 3278 3971 ipse
3338 3902 3565 3972 quidem

1993 3996 2397 4052 Thessalonica:
2443 3999 2644 4052 mansit
2687 4014 2795 4067 prae
2845 4006 2991 4051 metu
3032 3995 3240 4067 :669
3267 3994 3568 4049 exercitum

1995 4098 2178 4143 autem
2227 4090 2319 4144 nui
2367 4104 2433 4144 ex
2478 4090 2814 4161 primoribus
2856 4089 3210 4145 commissum
3244 4088 3561 4142 Berrhoeant

1997 4178 2181 4244 misit,
2215 4179 2604 4249 praecepitque,
2664 4189 2952 4249 postquam
3011 4194 3069 4233 se
3130 4179 3240 4232 illic
3298 4194 3394 4247 per
3451 4189 3565 4230 tres

1996 4268 2112 4323 dies
2172 4278 2564 4331 ostentassent,
2630 4278 2689 4321 ut
2739 4269 2983 4323 redirent
3032 4285 3193 4339 quam
3244 4269 3556 4323 celerrime.

1996 4359 2115 4417 Non
2158 4361 2303 4415 enim
2335 4370 2393 4413 ut
2434 4357 2641 4427 aliquid
2678 4358 2925 4426 preclari
2966 4357 3227 4423 facerent,
3258 4373 3354 4413 eos
3386 4361 3553 4413 mise-

1997 4462 2120 4516 rat;
2157 4452 2250 4520 qui
2301 4450 2451 4504 nullo
2501 4448 2661 4503 modo
2711 4447 2827 4502 fieri
2880 4447 2933 4501 id
2979 4463 3140 4519 posse
3178 4446 3566 4512 existimabat;

327 4574 417 4612 ναι
444 4558 544 4627 τὴν
576 4557 764 4621 τούτου
798 4556 999 4611 δειλίαν
1026 4559 1137 4619 τοῖς
1170 4556 1471 4617 πλείστοις.
1519 4554 1631 4608 Τοῦ
1676 4555 1787 4624 γάρ
1812 4571 1885 4608 τοι

1998 4538 2092 4594 sed
2134 4547 2192 4591 ut
2220 4554 2288 4591 ne
2333 4553 2364 4594 a
2415 4537 2690 4608 plerisque
2720 4538 2987 4592 timiditas
3016 4538 3135 4603 ejus
3169 4536 3554 4606 deprehende-

330 4649 568 4717 θράσους
605 4648 797 4719 ἀνδρίᾳ
827 4651 923 4702 καὶ
966 4649 1145 4719 τόλμῃ
1184 4648 1455 4718 πολεμικῇ
1508 4648 1774 4699 συνοικεῖν
1808 4646 1899 4698 οὑ-

328 4742 479 4812 δαμῆ
508 4741 829 4811 δυναμένου,
883 4741 1002 4804 πῶς
1032 4741 1098 4794 ἂν
1132 4741 1315 4807 αὐτὸς,
1363 4739 1575 4809 μακρὸν
1622 4739 1720 4809 μὲν
1750 4740 1807 4792 ἐν
1832 4741 1896 4809 τῇ

329 4833 547 4902 γλώττῃ
583 4834 645 4886 τὸ
676 4831 877 4901 θράσος
908 4831 1065 4902 ἔχων,
1102 4832 1449 4901 μακροτέραν
1492 4830 1537 4883 δ’
1568 4833 1626 4883 ὲν
1652 4835 1719 4901 τῇ
1751 4832 1896 4901 ψυχῇ

329 4924 429 4994 τὴν
481 4923 686 4975 δειλίαν
729 4925 1181 4992 γεγυμνωμένοις
1233 4921 1446 4990 ξίφεσιν
1497 4922 1530 4991 ἢ
1576 4923 1738 4983 αὑτός
1779 4923 1900 4975 ποθ’

328 5015 664 5084 ὁμιλήσειεν,
700 5014 732 5083 ἦ
763 5014 1007 5067 πείσειεν
1037 5014 1262 5077 ἄλλουςς
1306 5012 1499 5066 θᾶττον
1558 5013 1756 5083 μεντᾶν
1805 5014 1898 5066 τοῦ

333 5104 585 5173 σώματος
645 5105 1144 5175 άπορῤῃγνυμένην
1198 5105 1457 5158 Θεάσαιτο
1510 5105 1608 5173 τὴν
1637 5104 1898 5174 ψυχὴν,ἥ

339 5195 785 5266 συρρηγνυμένου
814 5196 1057 5266 πολέμου
1104 5197 1353 5265 πάταγον
1376 5197 1557 5250 ὅπλων
1585 5196 1898 5249 ἀκούσειεν.

405 5373 482 5429 Γ.
520 5374 678 5429 Ἐπεὶ
713 5375 896 5428 τοίνυν
920 5376 1452 5447 πεπαρῤησιασμένῃ
1498 5375 1645 5445 μάχῃ
1679 5375 1770 5428 τὸν
1799 5392 1900 5427 πο-

339 5468 525 5539 λέμιον
547 5469 648 5521 οὐκ
678 5470 805 5540 ἐνῆν
828 5468 1296 5538 κατεργάσασθαι,
1348 5469 1482 5538 πρὸς
1505 5466 1605 5531 τὰς
1630 5471 1686 5520 ὲν
1718 5469 1900 5537 κρυφῇ

1993 4640 2171 4687 retur.
2199 4631 2489 4685 Enimvero
2542 4631 2589 4685 si
2647 4630 2795 4685 nulla
2840 4645 2960 4685 esse
3025 4639 3204 4699 potest
3238 4627 3561 4698 arrogantie

1998 4740 2125 4780 cum
2160 4722 2483 4778 fortitudine
2513 4730 2570 4777 et
2598 4722 2792 4777 bellica
2819 4721 3262 4793 magnanimitate
3290 4720 3566 4783 societas;
3638 4746 3645 4751 ι

1999 4816 2275 4888 quomodo
2327 4816 2440 4876 ille.
2480 4814 2567 4869 cui
2624 4825 2834 4889 tantum
2896 4813 2950 4866 in
3005 4812 3190 4881 lingua
3236 4810 3565 4880 arrogantia:

2000 4918 2141 4972 erat,
2173 4908 2225 4960 in
2267 4907 2452 4961 animo
2494 4902 2679 4960 autem
2737 4906 3048 4960 timiditatis
3097 4903 3268 4957 multo
3299 4902 3441 4971 plus,
3474 4917 3576 4954 nu-

2007 5001 2151 5056 datis
2202 5001 2431 5060 ensibus
2479 5009 2574 5053 aut
2624 4999 2738 5069 ipse
2789 4996 3149 5060 interfuisset,
3206 5003 3300 5048 aut
3348 4993 3471 5047 aliis
3518 5001 3579 5045 ut

2008 5091 2346 5149 interessent
2392 5087 2803 5157 persuasisseti
2850 5087 3023 5142 Citius
3081 5085 3324 5155 profecto
3382 5097 3577 5139 erum-

2006 5196 2224 5257 pentem
2276 5199 2503 5252 corpore
2544 5183 2781 5244 animant
2838 5182 3092 5246 vidisset,
3117 5194 3283 5249 quam
3342 5178 3399 5233 in
3444 5176 3577 5231 belli

2006 5280 2265 5335 conflictu
2298 5278 2538 5332 sonitum
2571 5275 2834 5329 audiisset
2863 5289 3167 5328 armorum.

2079 5373 2169 5428 Ill.
2198 5374 2337 5438 Qua
2387 5369 2555 5438 igitur
2599 5378 2790 5436 aperto
2832 5366 3003 5422 Marte
3045 5365 3259 5420 hostem
3295 5361 3590 5433 proﬂigare

2013 5463 2159 5521 haud
2198 5469 2435 5533 poterat,
2471 5458 2539 5513 ad
2593 5474 2725 5515 suas
2770 5460 2891 5514 illas
2939 5459 3123 5513 denuo
3152 5457 3395 5511 occultas
3439 5464 3588 5509 artes

1640 5604 1968 5667 Variorum
2001 5608 2191 5665 notua.

346 5762 567 5831 Dreprie
594 5761 795 5817 dicitur
822 5761 890 5817 de
938 5762 1095 5816 novis
1120 5762 1330 5831 nuptis,
1362 5777 1481 5830 quze
1516 5775 1625 5827 quo
1650 5759 1737 5813 die
1770 5759 1919 5814 llam-

350 5835 581 5889 tnColutu
617 5833 912 5903 ponebant,
946 5834 1087 5887 dona
1127 5850 1153 5886 ιι
1190 5850 1301 5887 mar
1332 5844 1381 5886 to
1414 5842 1467 5887 ct
1501 5833 1565 5884 ab
1587 5832 1775 5885 amicis
1806 5848 1917 5885 nut-

2027 5755 2117 5811 riti
2140 5751 2501 5823 accipiebant,
2539 5750 2683 5807 dicta
2713 5749 2917 5805 idcirco
2948 5742 3424 5812 ἁνακαλυπτήρια.
3465 5742 3591 5800 Βοι-

2023 5842 2131 5880 VIN.
