3978 6620
406 447 501 515 913
639 443 717 518 [Α.
759 460 811 498 c.
857 445 1014 518 1545]

1266 450 1706 513 BYZANTiNxE
1745 453 2129 513 lIlSTORME
2164 454 2305 518 LIB.
2339 456 2510 518 XIII.

3537 449 3647 515 νιε

2802 448 2937 523 [uua
2976 466 2997 503 ι
3064 462 3298 506 musca.
3332 428 3393 519 :5]

402 572 580 639 τάφρῳ
629 572 726 624 καὶ
787 570 1010 640 σκόλοψι
1043 569 1250 641 βραχύν
1294 587 1417 624 τινα
1468 570 1645 642 χῶρον
1679 570 1963 641 ὁρίσαντες

2091 578 2177 648 gri
2213 577 2448 647 spatium
2486 577 2631 633 fossa
2664 585 2719 633 et
2750 576 2892 630 vallo
2920 590 3046 630 cum
3080 573 3445 633 deliuiissent,
3484 570 3645 625 habi-

400 663 697 730 ατείχιστον
728 660 909 731 ᾢκουν
938 659 1133 715 αὐτόν·
1167 661 1353 729 ἡρέμα
1390 661 1436 714 δ’
1477 661 1671 715 ἔπειτα
1701 663 1792 715 καὶ
1824 661 1966 716 κατὰ

406 754 569 824 βραχὺ
632 755 923 825 προϊόντος
959 755 1054 810 τοῦ
1114 756 1307 826 χρόνου
1336 756 1522 821 λίθους
1557 756 1619 811 ἐκ
1652 774 1711 810 τε
1741 758 1842 826 γῆς
1875 758 1968 811 καὶ

403 844 665 915 θαλάττης
689 845 1011 915 κομίζοντες
1054 846 1229 908 οἰκίας
1254 846 1311 909 ἐς
1335 863 1395 900 τε
1435 847 1638 910 πλάτος
1672 848 1768 900 καὶ
1797 848 1968 917 μῆκος

401 936 728 1006 ᾠκοδόμουν,
761 938 896 1009 πρδς
921 938 1092 992 πολὺν
1127 940 1217 992 τὸν
1249 941 1389 1011 ἀέρα
1417 940 1510 994 τὸν
1540 941 1738 1012 ὄροφον
1767 941 1969 1011 ἀναφέ-

404 1048 580 1100 ροντες
603 1047 621 1064 ·
651 1032 727 1096 ὡς
750 1035 808 1086 ἐν
834 1032 1032 1102 βραχεῖ
1055 1033 1131 1103 τῷ
1162 1033 1341 1106 χρόνῳ
1373 1034 1617 1097 πλείονος
1643 1034 1675 1107 ἢ
1706 1032 1850 1087 κατά
1876 1034 1969 1086 τὸν

401 1125 620 1178 δοθέντα
644 1127 788 1178 κατὰ
809 1126 870 1178 τὸ
895 1126 1120 1195 λεληθὸς
1141 1125 1445 1197 δράξασθαι
1468 1127 1658 1182 τόπου.
1694 1126 1968 1197 Προφάσει

399 1217 443 1266 δ’
469 1216 660 1270 οἰκιῶν
716 1217 981 1273 πλειόνων
1037 1218 1119 1272 ἐτι
1154 1222 1247 1273 καὶ
1287 1219 1576 1286 μειζόνων,
1631 1220 1727 1289 τῆς
1778 1220 1967 1292 χρείας

397 1307 558 1377 δῆθεν
603 1307 710 1361 τῶν
743 1310 1215 1382 εἰσκομιζομένων
1255 1308 1699 1382 ἀναγκαζούσης,
1728 1313 1823 1365 καὶ
1858 1310 1972 1365 τῶν

398 1401 535 1471 πρὸς
566 1396 668 1472 τὴν
694 1404 902 1473 πρᾶσιν
943 1405 1036 1457 καὶ
1087 1404 1296 1473 ἀγορὰν
1324 1404 1736 1474 προτιθεμένων
1771 1404 1972 1471 ὠνίων,

396 1492 885 1561 εὐρυχωροτέρους
906 1494 1148 1547 ἐτίθεντο
1180 1493 1303 1556 τοὺς
1337 1493 1448 1549 τῶν
1484 1493 1767 1547 σκολόπων
1790 1510 1848 1546 τε
1879 1494 1976 1546 καὶ

396 1584 617 1651 τάφρων
674 1584 883 1649 ἕλικας,
944 1586 1042 1637 καὶ
1103 1584 1301 1656 τειχῶν
1347 1584 1640 1639 ὗπετίθουν
1678 1586 1973 1657 κρηπῖδας,

400 1675 666 1744 μειζόνων
694 1676 928 1731 ἐλπίδων
973 1677 1312 1746 ἐπαγγελίαν
1364 1677 1629 1748 ἐχούσας’
1693 1678 1792 1732 καὶ
1831 1676 1976 1731 οὕτω

396 1769 633 1840 σμικρὸν
655 1772 749 1822 ἐπὶ
771 1773 992 1841 σμικρῷ
1016 1770 1268 1831 τιθέντες
1298 1771 1456 1824 πόλιν
1490 1770 1705 1842 ἐχυρῶς
1734 1771 1828 1824 τοῦ
1862 1789 1977 1825 τει-

2072 680 2258 725 tavere
2303 670 2414 726 illic
2462 671 2670 741 absque
2717 669 2909 725 muris.
2956 666 3558 725 Pedetentim-drinde
3582 672 3646 719 et

2070 763 2354 835 paulatim,
2385 762 2719 834 procedente
2764 771 3028 832 tempore,
3062 760 3341 830 lapidibus
3391 767 3535 813 terra
3583 774 3648 813 ac

2072 834 2208 911 mari
2254 855 2557 921 convectis,
2604 857 2657 910 in
2697 855 2868 911 latum
2917 866 2973 910 et
3011 856 3232 923 longum
3281 852 3646 913 aedificarunt,

2072 958 2213 1005 tecta
2245 950 2358 1020 ipsa
2391 949 2445 1003 in
2488 949 2660 1007 altum
2698 948 3048 1010 attollentes;
3084 947 3163 1001 sic
3210 956 3269 999 ut
3301 945 3486 999 furtim
3523 942 3647 1010 plus

2073 1042 2232 1111 spatii
2259 1057 2422 1113 quam
2450 1040 2553 1097 sibi
2585 1040 2774 1095 datum
2806 1038 2989 1094 fuerat
3021 1038 3172 1093 brevi
3200 1047 3447 1105 tempore
3478 1032 3647 1105 685

2074 1134 2487 1205 occupaverint.
2514 1133 2673 1188 Plura
2697 1147 2827 1188 vero
2851 1140 2907 1186 et
2938 1132 3143 1199 majora
3175 1129 3404 1186 aedificia
3434 1136 3651 1182 exstru-

2073 1225 2198 1283 cndi
2233 1242 2395 1282 causa
2424 1225 2600 1298 (quasi
2627 1227 2935 1295 importatae
2959 1223 3192 1279 sarcina:
3219 1231 3273 1278 et
3307 1238 3393 1277 res
3422 1221 3489 1275 ad
3517 1234 3651 1273 ven-

2074 1317 2314 1402 dendum
2356 1319 2761 1392 emi'ndumque
2812 1317 3111 1391 propositas
3149 1316 3436 1386 exigerent
3485 1325 3652 1382 atque

2075 1409 2378 1479 cogerent),
2407 1407 2678 1463 fossarum
2732 1417 2788 1463 et
2838 1408 3107 1463 vallorum
3157 1405 3427 1460 ambitum
3483 1404 3653 1458 latius

2076 1510 2465 1570 porrexerunt,
2494 1511 2549 1555 et
2580 1516 2641 1554 ea
2670 1503 2920 1572 iecerunt
2959 1514 3240 1554 murorum
3274 1498 3654 1560 fundamenta,

2076 1606 2198 1661 quae
2231 1592 2405 1661 majus
2436 1592 2642 1661 aliquid
2685 1592 3083 1663 pollicerentur
3111 1608 3125 1643 :
3161 1599 3325 1659 atque
3366 1589 3440 1644 ita
3471 1588 3658 1658 parvis

2077 1702 2245 1756 parva
2307 1687 2647 1741 incrementa
2693 1685 2948 1740 addendo
3009 1684 3200 1738 urbem
3251 1680 3666 1737 munitionibus.

2081 1782 2467 1848 firmaverunt;
2508 1783 2582 1837 ila
2616 1789 2674 1834 ιιι
2711 1782 2830 1852 jam,
2860 1782 2912 1836 in
2953 1787 3071 1835 tuto
3107 1789 3253 1835 esset
3286 1777 3666 1834 habitantium.

395 1861 665 1932 χίσματος
694 1861 925 1933 ἔχουσαν
959 1864 1409 1936 κατεστήσαντοο
1449 1864 1526 1927 ὡς
1556 1866 1614 1917 ἐν
1642 1863 1846 1934 βεϐαίῳ
1879 1864 1977 1935 τὴν

2091 1871 2251 1935 salus,
2288 1887 2391 1928 nec
2424 1872 2586 1927 facile
2613 1876 2679 1927 ab
2710 1872 2822 1927 ullo
2846 1870 3086 1928 obsideri
3113 1878 3358 1942 possent.

395 1957 509 2008 τῶν
556 1956 911 2009 ἐνοικούντων
971 1956 1274 2027 ἀσφάλειαν
1327 1957 1428 2029 ήδη
1471 1956 1710 2024 κεῖσθαι,
1770 1957 1867 2011 καὶ
1902 1959 1979 2026 μὴ

395 2049 648 2118 εὐχερῶς
678 2049 768 2118 ὑφ’
800 2051 1140 2120 ότωνδήποτε
1168 2048 1317 2119 ἔχειν
1340 2049 1776 2121 πολιορκεῖσθαι.

465 2142 544 2194 Δο.
576 2140 668 2208 Τῷ
723 2141 788 2211 δὴ
813 2142 1043 2212 τοιούτῳ
1106 2143 1490 2212 προτερήματι
1542 2142 1665 2204 τοὺς
1716 2142 1983 2206 Λατίνους

396 2231 746 2303 ἐπαρθέντας
801 2232 940 2300 πρὸς
987 2232 1050 2286 τὸ
1096 2232 1615 2304 ὑπεροπτικῶτερον
1642 2231 1828 2297 αὔξειν
1854 2248 1983 2285 συν-

397 2326 586 2379 ἐδαινε
613 2324 712 2395 τὴν
740 2325 892 2394 σφῶν
945 2326 1125 2380 αὐτῶν
1151 2326 1392 2397 συγγενῆ
1421 2327 1521 2397 τῆς
1548 2325 1844 2387 αὐθαδείας
1874 2340 1980 2393 κη-

398 2421 556 2472 λῖδαο
612 2418 687 2482 ὡς
726 2420 790 2472 ἐκ
841 2419 935 2472 τοῦ
970 2418 1216 2488 μείζονος
1256 2421 1356 2492 ἤδη
1383 2421 1619 2484 καὶτοῖς
1647 2418 1790 2474 κατὰ
1820 2420 1987 2495 συνή-

401 2514 560 2567 θειαν
603 2512 891 2587 προσιοῖρσι
929 2511 1167 2577 Σκύθαις
1223 2516 1325 2577 τὰς
1380 2514 1706 2585 ἀποκρίσεις
1759 2514 1985 2569 διδόναι.

407 2610 575 2676 ’Λρτι
629 2609 813 2661 τοίνυν
877 2608 1218 2680 θρασύτερον
1271 2608 1382 2679 (9.2)
1420 2608 1579 2676 λόγον
1640 2608 1874 2672 ἀποδοὺς
1907 2607 1989 2661 ἐνί

400 2717 515 2755 τινι
537 2700 646 2755 τῶν
673 2702 733 2754 ἐν
760 2705 826 2773 τῇ
849 2700 1028 2772 ἀγορᾷ
1053 2700 1274 2754 Σκυθῶν
1296 2718 1380 2763 τις
1398 2700 1505 2754 τῶν
1532 2702 1602 2753 τὰ
1628 2699 1763 2753 ὥνια
1789 2718 1989 2770 κεκτη-

406 2793 591 2865 μένων
616 2792 863 2848 Λατίνων
911 2792 1098 2864 μύωπι
1131 2794 1437 2863 πέπληκται
1457 2794 1594 2864 πρὸς
1626 2793 1722 2847 τοῦ
1757 2791 1989 2849 Σκύθου.

417 2887 487 2939 ’0
515 2887 561 2941 δ’
580 2885 762 2949 ἐὐθὺς
790 2886 967 2939 ἀνεῖλε
1000 2884 1145 2955 ξίφει
1181 2884 1272 2938 τὸν
1300 2884 1576 2938 παίσαντα
1597 2900 1610 2915 ·
1641 2884 1738 2939 καὶ
1760 2883 1991 2955 θόρυϐος

406 2979 663 3033 ἐντεῦθεν
702 2978 807 3033 ἀνα
856 2979 955 3049 τὴν
998 2976 1205 3049 ἀγορὰν
1259 2977 1635 3032 διεσκέδασται
1663 2978 1839 3032 ’πάνυ
1910 2995 1994 3031 τοι

410 3076 693 3135 πλεῖστος.

487 3168 563 3223 E'.
599 3167 774 3221 Τοῦτο
832 3167 967 3239 πρὸς
1018 3160 1133 3221 ὦτα
1191 3167 1488 3236 γενόμενον
1532 3163 1611 3234 τῷ
1636 3164 1745 3218 τῶν
1773 3160 1996 3217 Σκυθῶν

2009 1921 2052 1976 Β

2154 2145 2245 2201 ιν.
2283 2145 2357 2199 Eo
2391 2160 2652 2202 successu
2686 2145 2854 2201 animi
2885 2145 3202 2201 Latinorum
3233 2145 3313 2199 sic
3346 2142 3475 2199 elati
3507 2150 3660 2202 sunt,
3734 2165 3739 2175 -

2085 2248 2147 2294 ut
2177 2242 2513 2311 arrogantia,
2547 2256 2710 2308 quam
2761 2238 2839 2293 illi
2886 2238 3062 2294 labem
3110 2238 3408 2309 ingenitam
3456 2234 3672 2306 alioqui;

2087 2335 2313 2400 habent,
2341 2336 2602 2406 majorem
2636 2336 2689 2389 in
2723 2334 2942 2390 modum
2969 2345 3150 2396 auria,
3176 2334 3284 2404 jam
3314 2330 3470 2402 quasi
3496 2344 3663 2400 snpe-

2088 2427 2231 2482 riure
2262 2427 2331 2482 de
2356 2427 2479 2483 loco
2510 2427 2728 2498 Scythis
2752 2427 2821 2482 de
2854 2441 3006 2482 more
3039 2422 3370 2481 adeuntibus
3396 2436 3674 2491 responsa.

2090 2520 2404 2576 redderent.
2431 2520 2622 2591 Itaque
2651 2535 2775 2575 cum
2820 2519 3147 2575 insolentius
3178 2517 3269 2571 unl
3308 2530 3501 2571 eorum
3531 2511 3673 2585 δον-ς

2091 2613 2330 2677 tharum,
2360 2613 2455 2683 qui
2509 2613 2564 2667 in
2610 2611 2729 2668 foro
2776 2621 2958 2673 erant,
3005 2609 3382 2681 respondisset
3420 2623 3565 2663 unus
3592 2622 3659 2662 ex

2095 2706 2303 2761 Latinis
2333 2705 2756 2770 mercatoribus,
2779 2719 2906 2759 eum
2935 2705 3131 2774 Scytha
3153 2702 3375 2759 stimulo
3403 2699 3664 2771 percutit.

2093 2801 2188 2855 llle
2219 2815 2370 2859 eum.
2400 2815 2428 2854 a
2461 2816 2570 2869 quo
2599 2814 2895 2871 percussus
2926 2798 3125 2862 fuerat,
3163 2797 3346 2867 gladio
3373 2793 3667 2852 interimit.

2094 2891 2385 2948 Tumultus
2409 2892 2536 2949 inde
2564 2892 2836 2963 plurimus
2862 2890 3042 2946 forum
3075 2872 3426 2961 pervagatu‘r.

2169 3164 2233 3220 ν.
2270 3164 2347 3220 Ea
2375 3180 2434 3221 re
2460 3162 2655 3220 audita
2680 3164 3005 3236 Scytharum
3030 3164 3291 3234 princeps
3318 3163 3396 3219 ira
3429 3163 3683 3232 percitus

418 3259 644 3334 ἀρχηγῷ
676 3261 849 3332 ὀργῆς
878 3259 1185 3337 ἐπεπράχει
1231 3261 1413 3331 πλήρη
1446 3260 1542 3313 καὶ
1575 3256 1756 3326 θυμοῦ
1788 3256 1986 3328 βαρόα-

2101 3266 2158 3313 et
2193 3257 2390 3328 spiritu
2420 3256 2708 3312 barbarico
2747 3255 2942 3326 plenus
2970 3257 3120 3326 (nam
3151 3253 3390 3309 maximo
3416 3254 3502 3309 sui
3539 3269 3676 3308 con-

423 3344 578 3426 ρικὸῦ
612 3353 846 3423 μεστόν·
878 3354 1276 3424 περιφρόνησιν
1305 3352 1416 3421 γὰρ
1474 3349 1672 3404 ἑαυτοῦ
1705 3350 1803 3419 τὴν
1839 3347 2024 3419 μεγίε

427 3468 561 3518 στην
596 3447 733 3503 εἶναι
762 3449 822 3502 τὸ
863 3451 1092 3519 πρᾶγμα
1120 3445 1300 3517 ᾠήθη.
1334 3444 1470 3514 πρὸς
1497 3443 1673 3514 μέσην
1700 3442 1868 3496 αὐτοῦ
1898 3438 1999 3511 τὴν

419 3541 724 3614 ἡγεμονίαν
781 3543 874 3595 καὶ
931 3540 1291 3610 ἐπικράτειαν
1342 3540 1595 3605 γεγονόςι
1651 3536 1746 3589 καὶ
1775 3530 2001 3603 πέμψας

421 3626 864 3691 ἀπαλλάττεσθαι
903 3632 996 3688 τοῦ
1025 3631 1232 3687 οἰκείου
1260 3630 1429 3684 τόπου
1463 3629 1563 3699 τὴν
1585 3626 1850 3698 ταχίστην
1878 3625 2001 3679 ἐκέ-

424 3731 549 3784 λευε
580 3731 708 3791 τοὺς
744 3726 1029 3790 Λατίνους.
1077 3727 1140 3781 υί
1174 3726 1232 3779 δέ
1265 3723 1401 3795 πρὸς
1461 3721 1600 3776 ὅπλα
1629 3710 2000 3792 χωρήσαντες,

425 3828 522 3881 καὶ
552 3828 650 3896 τὴν
678 3824 832 3878 πόλιν
879 3822 1337 3891 ἀσφαλισάμενοι,
1393 3817 1624 3889 τραχέσι
1673 3815 1855 3881 λόγοις
1910 3814 2005 3873 καὶ

427 3918 800 3988 ὑπερηφάνοις
827 3916 951 3979 τοὺς
976 3914 1236 3984 πρέσὸεις
1266 3910 1621 3980 ἀπέπεμψαν.
1654 3908 1825 3962 Τοῦτο
1869 3907 2006 3977 πρὸς

429 4012 668 4082 ἐσχάτην
699 4009 929 4079 ἐξέμηνε
959 4008 1050 4062 τὸν
1071 4005 1286 4074 Σκύθην
1317 4004 1491 4083 ὀργὴν
1525 4002 1605 4056 ἔτι
1625 4019 1641 4034 θ
1676 4002 1770 4055 καὶ
1808 4002 2005 4070 μοῖραν

427 4104 830 4173 ἀπολεξάμενος
860 4101 1162 4168 Σκυθικὴν,
1193 4099 1291 4153 καὶ
1327 4098 1474 4167 μάλα
1501 4095 1692 4166 ἄλλην,
1727 4094 1831 4147 οὐκ
1863 4094 2007 4152 ἀνίει

429 4196 665 4265 πέμπων
724 4195 889 4265 ἄλλην
940 4194 1028 4246 ἐπ’
1057 4193 1196 4264 ἄλλῃ
1246 4190 1430 4270 ’συχνὰ
1483 4189 1622 4260 πρὶς
1677 4186 2009 4263 πολιορκίαν

430 4309 636 4345 αυτων.

2102 3356 2310 3418 temptu
2346 3346 2550 3403 factum
2578 3362 2700 3402 esse
2727 3347 2904 3408 duxit,
2932 3353 2991 3401 ut
3019 3345 3073 3401 in
3100 3344 3282 3402 medio
3309 3360 3414 3399 suo
3444 3344 3697 3415 imperiis.
3783 3360 3788 3365 ν

2102 3440 2391 3510 mediaque
2424 3440 2632 3494 ditione
2685 3438 2897 3494 facinus
2941 3436 3077 3493 illud
3107 3437 3568 3509 perpetraretur),
3601 3436 3693 3493 ad,

2102 3523 2328 3588 Latinos
2357 3531 2547 3600 mittit,
2573 3532 2667 3601 qui
2701 3531 2930 3603 jubeant
2958 3530 3232 3588 facessere
3268 3545 3366 3587 eos
3395 3531 3684 3601 quasipri-
3766 3550 3781 3555 -

2104 3637 2253 3676 mum
2302 3622 2372 3678 ab
2421 3623 2515 3679 illo
2570 3622 2714 3689 loco,
2766 3630 2956 3693 utpote
3008 3636 3132 3678 suo.
3179 3622 3249 3682 At
3299 3620 3378 3680 illi
3424 3620 3494 3676 ad
3530 3635 3707 3677 arma-

2105 3725 2261 3778 eunt,
2296 3715 2618 3786 munitaque
2669 3715 2807 3775 urbe
2859 3718 3068 3787 legatos
3100 3729 3293 3784 aspere
3337 3728 3403 3770 ac
3445 3713 3700 3782 superbe.

2106 3809 2331 3873 allocuti
2363 3808 2672 3868 dimittunt.
2713 3807 2771 3867 ld
2801 3824 2935 3877 vero
2966 3807 3224 3879 Scytham
3256 3806 3684 3862 vehementissi-

2110 3919 2196 3957 ma
2243 3902 2324 3957 ira
2370 3903 2553 3959 denuo
2596 3901 2815 3960 elIerat.
2861 3900 3190 3974 Scytharum
3238 3902 3426 3972 itaque
3476 3910 3703 3972 partem.

2108 3994 2277 4071 686
2303 3993 2464 4063 legit;
2499 4002 2614 4047 tum
2645 3992 2806 4048 aliam
2834 3994 3020 4048 statim
3063 3992 3333 4064 adjungit,
3361 4007 3467 4048 nec
3508 4002 3709 4053 cessat.

2112 4088 2250 4145 alios
2280 4101 2448 4164 super
2476 4085 2619 4145 alios
2646 4085 2869 4140 mittere
2902 4086 3096 4145 urbem
3131 4087 3478 4151 obsessuros.

502 4383 591 4453 μ’.
621 4378 750 4453 429]
805 4383 895 4448 ς’.
936 4379 1079 4433 Ἀλλ’
1105 4379 1302 4439 ἐκεῖνοι
1339 4376 1439 4449 τὰς
1497 4374 1754 4448 ἐπάλξεις
1800 4371 1983 4431 ἔνδοθι

2189 4379 2277 4434 Vl.
2309 4378 2374 4432 At
2403 4378 2458 4433 hi
2489 4377 2704 4434 munito
2728 4376 3031 4432 introrsum
3057 4374 3199 4431 vallo
3224 4374 3365 4430 viris
3386 4376 3711 4443 armisque,.

432 4472 884 4544 καταφράξαντες
914 4470 1143 4541 ἀνδράσι
1173 4470 1268 4531 καὶ
1314 4468 1503 4532 ὅπλοις
1530 4468 1624 4522 καὶ
1655 4468 1793 4520 πᾶσι
1831 4482 1983 4537 μηχα

2118 4488 2185 4528 ac
2229 4472 2518 4528 tormentis
2570 4468 2987 4540 cuiusquemodi
3058 4467 3381 4530 missilibus,
3437 4464 3693 4537 Scythica

431 4569 673 4639 νήμασιν
702 4564 985 4633 ἑκηϐόλοις
1015 4562 1185 4619 πολλὰ
1227 4562 1339 4621 τῶν
1372 4561 1657 4615 Σκυθικῶν
1697 4558 1980 4629 ητεγέλω

2123 4567 2226 4622 tela
2258 4580 2484 4636 prorsus
2514 4562 2840 4621 irridebant.
2870 4562 2953 4618 Ad
2988 4562 3123 4627 hac,
3151 4560 3281 4631 quia
3311 4559 3481 4614 maris
3522 4559 3698 4627 impe-

436 4632 629 4731 βελῶν.
666 4632 875 4721 Ἄλλως
894 4673 955 4710 τε
991 4655 1085 4710 καὶ
1112 4652 1681 4725 θαλαττοκρατοῦντες
1706 4652 1882 4718 αὐτοὶ,
1915 4670 1986 4706 κα

2119 4661 2204 4716 rio
2244 4658 2618 4731 potiebantur,
2664 4668 2720 4713 et
2767 4670 2948 4713 rerum
2989 4652 3426 4713 necessariarum
3475 4649 3693 4720 cupiam

435 4753 537 4822 τὴν
563 4751 674 4805 τῶν
695 4747 1016 4819 ἐπιτηδείων
1043 4745 1305 4816 ἀφθονίαν
1334 4749 1399 4799 ἐκ
1422 4744 1700 4814 θαλάσσης
1727 4742 1986 4816 ἐσκομιζό

2118 4768 2337 4810 omnem
2365 4751 2472 4808 sibi
2507 4751 2637 4808 inde
2676 4748 3090 4821 comparabant,
3124 4745 3332 4802 idcirco
3363 4744 3696 4816 Scytharum

439 4861 617 4914 μενοι,
662 4843 790 4913 περὶ
853 4838 1141 4909 ἐλαχίστου
1167 4838 1268 4902 τὰς
1299 4837 1406 4893 τῶν
1438 4837 1665 4891 Σκυθῶν
1699 4838 1927 4906 ἐφόδους
1957 4856 1986 4899 τ

2119 4845 2387 4916 impetum
2416 4853 2474 4900 et
2506 4843 2930 4900 circumstantes
2960 4838 3242 4895 exercitus
3272 4834 3489 4890 minimi
3521 4832 3697 4889 facie-

437 4937 535 4988 καὶ
564 4930 1191 5004 περιστρατοπεδεύσας
1213 4930 1478 4984 ἐτίθεντο·
1513 4930 1609 4984 καὶ
1639 4929 1703 4984 τό
1719 4947 1783 5002 γε
1808 4931 1986 5001 pelta»

2119 4937 2253 4993 bant
2281 4954 2296 4992 :
2331 4943 2388 4993 et
2419 4935 2566 5008 quod
2598 4934 2777 5006 majus
2802 4942 2907 4998 est,
2933 4929 3254 4988 triremibus
3276 4924 3719 5004 quamplurimis.

436 5028 519 5085 δτι
552 5027 808 5101 τριήρεσι
831 5025 1113 5089 πλείσταις
1156 5023 1549 5096 περιπλὲαντές
1584 5041 1645 5082 τε
1698 5024 1804 5085 καὶ
1843 5042 1986 5098 παρα

2121 5037 2290 5085 totam
2321 5028 2659 5103 Scytharum
2683 5025 3015 5081 maritimam
3043 5037 3197 5079 oram
3226 5021 3436 5077 circum
3467 5032 3532 5080 ac
3561 5031 3700 5088 pra-

438 5118 698 5181 πλέοντες
749 5117 930 5171 πᾶσαν
972 5114 1071 5188 τὴν
1118 5114 1230 5169 τῶν
1258 5114 1484 5169 Σκυθῶν
1514 5102 1794 5186 παραλίαν
1824 5116 1920 5171 δύο
1942 5135 1986 5169 τι

2128 5132 2210 5179 ter
2239 5122 2402 5188 vecti,
2432 5121 2708 5192 duplicem
2742 5118 2852 5179 illis
2899 5116 3208 5178 molestiam
3257 5128 3492 5186 eamque
3527 5112 3700 5183 maxiv

438 5209 799 5283 χαλεπώτατά
832 5226 985 5279 σφισι
1015 5207 1347 5279 προῦξένουν
1368 5224 1382 5239 ⁸
1423 5207 1483 5260 ἐν
1524 5209 1647 5277 μὲν,
1676 5198 1761 5262 ὅτι
1788 5209 1986 5280 μηδαμε

2126 5231 2271 5270 tuam
2300 5215 2639 5270 exhibebunt
2678 5229 2693 5269 :
2740 5213 2920 5284 primo
2949 5211 3079 5282 quia
3108 5224 3383 5280 nusquam
3415 5206 3702 5278 appellere

437 5302 725 5373 καταίρειν
750 5302 857 5354 τῶν
886 5300 1182 5372 φορτηγῶν
1205 5300 1459 5361 ὁλκάδων
1473 5300 1587 5355 οὐδ’
1615 5301 1868 5372 ἡντινοῦν
1895 5319 1986 5356 συν

2125 5305 2342 5364 emendi
2369 5321 2433 5361 ac
2455 5304 2728 5362 vendendi
2755 5316 2919 5362 causa
2944 5302 3294 5374 patiebantur
3312 5316 3505 5357 navem
3531 5298 3713 5357 ullam.

440 5396 686 5466 εχὼρουν
712 5387 918 5463 ἆγορᾶς
948 5393 1047 5447 καὶ
1075 5391 1331 5463 πράσεως
1355 5392 1523 5447 ἓνεκα
1540 5409 1554 5424 ·
1578 5391 1607 5445 ὃ
1633 5393 1843 5470 σφόδρα
1870 5393 1986 5447 ἐκεί

2128 5397 2434 5457 onerariam
2457 5395 2647 5467 {quod
2674 5395 2817 5452 istos
2838 5395 3064 5466 quidem
3093 5376 3544 5463 vahle‘angebat.
3575 5387 3702 5463 qui-

442 5505 572 5552 νους
593 5486 805 5550 ἐλύπει,
828 5487 891 5539 τό
910 5503 971 5539 τε
1007 5486 1329 5556 περιττεῦον
1359 5485 1619 5557 ἀνόνητον
1666 5485 1891 5557 ἔχοντας
1924 5506 1986 5553 κο

2131 5490 2235 5546 bus
2284 5489 2510 5545 minime
2559 5489 2692 5544 utile
2729 5498 2875 5545 esset
2918 5488 2994 5554 id.
3050 5503 3165 5560 (luo
3209 5485 3579 5546 abundarent.
3636 5495 3703 5538 ae

440 5580 502 5633 τδ
537 5580 721 5642 ἐνδέον
773 5578 1168 5649 ἀνεπινόητον·
1224 5579 1480 5651 δεύτερον
1518 5579 1588 5645 δ’,
1642 5580 1725 5634 ὅτι
1783 5581 1878 5635 καὶ
1911 5582 1986 5635 τῶ

2128 5584 2355 5639 minime
2382 5583 2627 5653 parabile
2653 5583 2727 5650 id,
2746 5589 3141 5655 quocgerent:
3169 5579 3368 5635 deinde
3392 5575 3521 5647 quia
3551 5578 3675 5631 navi

442 5672 582 5728 νεῶν
605 5671 951 5745 ἐκπηδῶντες
983 5670 1156 5727 ἐνίοτε
1192 5671 1290 5726 καὶ
1316 5671 1532 5744 ἐνιαχοῦ
1583 5673 1785 5746 πολλὴν
1826 5675 1891 5728 ἐκ
1921 5675 1986 5745 τῆ

2129 5675 2236 5731 bus
2262 5675 2575 5736 exsilientes
2606 5674 2901 5749 aliquando
2930 5683 2997 5731 et.
3019 5673 3268 5734 certisin
3306 5670 3446 5730 locis
3471 5668 3705 5728 multum

1795 5814 2132 5879 Variorum
2171 5822 2356 5879 notae.

517 5937 631 6009 (τε)
667 5936 962 5997 Cantacuz.
993 5937 1131 5996 ιιιιιι.
1163 5899 1441 6013 pag/819..
1472 5939 1705 5998 οπως.
