3978 6588
629 385 732 454 931

881 381 964 456 [.ι..
997 399 1056 440 sl.
1095 381 1254 448 6859.,
1301 397 1408 441 nso.
1455 381 1542 453 l2]

1831 342 2251 447 NICiiPIlORI
2289 381 2677 447 esseom;

3031 379 3162 454 [ων.
3201 398 3248 438 ι.
3289 397 3508 440 νιεεοι..
3545 384 3592 456 5]
3703 392 3781 456 9ῗὲ

631 515 774 569 tere,
823 504 928 559 nisi
969 500 1167 571 aliquis
1225 498 1645 556 inhibeatzhoc
1689 511 1820 552 vero
1869 496 2117 552 nativum
2146 507 2200 552 et

2305 515 2424 565 φος,
2464 497 2533 569 ἦν
2591 497 2670 570 μή
2718 513 2804 561 τις
2841 495 3076 570 ὶπίσχῃ·
3108 499 3168 552 τὸ
3213 499 3259 554 δ’
3291 500 3526 570 αὐτοφυεῖ
3568 504 3648 564 καὶ
3673 508 3790 562 αὑτῇ.

638 605 835 667 suapte
878 595 1154 650 est-ultum
1189 593 1480 663 quemdam
1535 592 1699 647 habet
1730 591 1914 660 gratia:
1937 590 2210 644 excellen-

634 690 790 746 tioris
821 689 1030 746 florem,
1055 702 1120 741 ac
1159 687 1258 740 toti
1291 686 1496 740 mundo
1543 693 1930 740 ornamentum
1993 682 2212 739 exsistit

628 783 852 838 omnino
875 791 1060 852 aptum
1085 790 1140 834 et
1169 795 1503 852 congruens.

698 873 786 930 Vl.
809 872 945 928 Cum
993 871 1176 941 itaque
1230 879 1287 925 et
1342 871 1486 924 hunc
1517 867 1889 940 patriarcham
1927 873 2209 939 oporteret

625 967 769 1022 intra
793 964 996 1022 veteris
1057 963 1296 1017 instituti
1325 961 1460 1016 fines
1512 976 1754 1023 manere,
1787 975 1850 1014 ac
1879 974 1988 1013 non
2013 957 2208 1014 terrui-

623 1072 726 1112 nos
781 1055 992 1126 pridem
1073 1056 1215 1110 bene
1273 1054 1605 1109 constitutos
1660 1051 1960 1118 revellere;
2023 1062 2204 1105 tamen

624 1149 754 1219 quia
788 1148 929 1204 malo
958 1148 1191 1202 consilio
1229 1164 1366 1202 usus
1411 1156 1517 1211 est,
1551 1145 1790 1200 insciens
1828 1156 1885 1200 et
1919 1160 1976 1199 se
2010 1154 2065 1198 et
2100 1144 2208 1198 Ro-

627 1256 850 1298 manum
884 1240 1172 1310 imperium
1207 1239 1369 1294 simul
1406 1237 1663 1304 perdidit,
1699 1237 2081 1306 multiplicium
2114 1253 2204 1290 ca-

620 1333 933 1387 lamitatum
970 1329 1230 1386 fluctibus
1279 1330 1431 1385 brevi
1484 1340 1729 1399 tempore
1769 1329 2202 1400 superinduatis.

495 1457 511 1474 ς
621 1425 790 1497 Atqui
819 1426 861 1478 si
899 1425 1070 1480 metui
1103 1423 1259 1496 701
1290 1431 1346 1478 et
1375 1422 1578 1492 suspici
1606 1438 1666 1476 se
1687 1423 1754 1477 ab
1781 1421 2204 1492 imperatoribus

621 1527 679 1570 et
729 1517 1075 1586 principibus
1121 1516 1380 1580 volebat,
1439 1514 1673 1569 debebat
1731 1514 1797 1569 ad
1851 1513 2197 1568 Servatorem

620 1608 898 1663 Christum
956 1608 1250 1678 respicere,
1279 1616 1332 1661 et
1382 1606 1530 1662 illius
1575 1607 1863 1678 gloriosam
1899 1606 2208 1661 obscurita-

621 1711 730 1755 tem
757 1701 998 1766 imitari;
1033 1703 1334 1772 praesertim
1369 1716 1495 1756 cum
1521 1701 1641 1772 ejus
1677 1700 1967 1772 imaginem
2005 1702 2200 1756 creda-

621 1799 712 1846 tur
742 1791 980 1861 dignitas
1008 1789 1284 1860 pontificia
1314 1791 1600 1845 exhibere.
1626 1790 1682 1845 Si
1713 1791 1860 1848 enim
1897 1791 2204 1847 Alexander

619 1883 712 1938 ille
759 1883 1004 1953 Magnus,
1059 1883 1153 1954 qui
1197 1899 1294 1953 per
1339 1892 1508 1938 totum
1553 1882 1668 1938 fere
1710 1883 1894 1936 Asiam
1933 1883 2203 1954 perrupit,

622 1974 992 2028 venerabatur
1020 1987 1085 2028 ac
1115 1972 1284 2043 magis
1308 1971 1646 2026 fortunatum
1683 1971 2016 2042 pradicabat
2041 1982 2205 2028 tenue

619 2062 750 2118 illud
806 2072 864 2118 et
907 2062 1057 2117 nulla
1111 2078 1170 2118 re
1197 2061 1547 2132 superﬂuens
1597 2062 1818 2117 vivendi
1850 2079 2044 2136 genus,
2094 2079 2205 2134 quo

619 2155 884 2210 utebatur
919 2155 1208 2226 Diogenes,
1233 2170 1396 2226 quam
1431 2154 1645 2226 imperii
1681 2153 1766 2211 sui
1797 2154 1998 2211 fastum
2037 2167 2205 2228 atque

617 2247 960 2318 opulentiam
994 2263 1009 2299 :
1054 2247 1228 2302 multo
1259 2247 1462 2317 potiori
1497 2248 1621 2320 jure
1661 2245 1877 2303 felicem
1907 2234 2070 2303 istum
2106 2251 2207 2302 im-

617 2349 899 2408 peratores
959 2347 1013 2395 et
1068 2339 1348 2411 principes
1400 2339 1874 2416 prtedicavissent,
1943 2341 1988 2395 si
2045 2340 2205 2411 cujus

615 2429 798 2504 imago
829 2440 946 2486 erat
1003 2430 1363 2498 constitutus,
1401 2430 1549 2485 illius
1596 2431 1649 2485 in
1679 2431 1809 2486 vita:
1854 2431 2205 2489 institutione

622 2527 954 2580 modestiam
1000 2533 1057 2580 et
1100 2524 1469 2594 frugalitatem
1504 2529 1824 2579 constanter
1859 2534 1916 2580 et
1941 2533 2204 2594 perpetuo

618 2626 766 2672 esset
809 2616 1078 2671 imitatus.
1114 2613 1314 2669 Verum
1357 2615 1664 2679 enimvero,
1692 2629 1819 2670 cum
1865 2615 2013 2670 illam
2037 2616 2206 2670 bone-

616 2715 759 2762 stam
801 2717 858 2761 et
893 2705 1100 2777 optime
1149 2705 1510 2761 constitutam
1554 2705 1941 2762 auctoritatem
1973 2704 2042 2759 ad
2071 2720 2204 2760 con-

619 2797 819 2853 trarias
868 2797 1086 2868 regulas
1142 2797 1331 2852 nescio
1384 2796 1663 2868 quomodo
1725 2796 2085 2862 detorsisset,
2135 2811 2204 2852 eo

615 2899 804 2959 aperte
847 2888 1075 2956 excidit,
1112 2888 1260 2960 quod
1307 2889 1526 2959 assequi
1581 2888 2028 2960 concupiscebat.
2082 2887 2199 2943 lmo

613 2981 781 3036 etiam
814 2995 881 3036 eo
906 2980 1055 3051 quod
1106 2979 1346 3036 habebat
1375 2979 1581 3036 excidit
1629 2979 1875 3051 apertius
1903 2997 1920 3035 :
1949 2981 2044 3050 qui
2075 2995 2201 3036 cum

615 3070 875 3125 dominus
903 3079 960 3124 et
1004 3077 1162 3140 pater
1196 3069 1362 3134 foret,
1405 3069 1741 3141 mancipium
1769 3069 1886 3142 ipse
1930 3086 1988 3126 se
2023 3073 2200 3142 palam

2315 587 2632 658 γεώργητον
2664 588 2778 660 ἔχει
2819 590 2919 660 τὴν
2973 591 3135 661 χάριν
3173 589 3270 643 τοῦ
3321 593 3609 662 κρείττονος
3631 599 3704 651 καὶ
3727 603 3793 654 κό-

2315 697 2450 750 σμος
2479 697 2560 742 τις
2586 681 2830 752 ἀτεχνῶς
2862 684 3180 754 ἐναρμόνιος
3226 683 3332 754 ὅλῳ
3361 686 3436 756 τῷ
3472 685 3560 756 βίῳ
3591 687 3794 746 καθίστα-

2309 789 2423 825 ται.

2383 869 2474 934 q'.
2512 866 2640 920 Δέον
2665 866 2953 936 τοιγαροῦν
2990 865 3088 934 καὶ
3112 867 3457 940 πατριάρχην
3489 873 3674 926 τουτονὶ
3712 878 3795 940 τοῖς

2310 957 2637 1028 εἰθισμένοις
2686 957 2940 1028 νομίμοις
3003 959 3303 1028 ἐμμένειν,
3350 959 3442 1012 καὶ
3495 961 3565 1030 μὴ
3607 962 3800 1017 σαλεύειν

2309 1048 2470 1120 ὄρους
2501 1049 2600 1102 σύν
2641 1049 2788 1119 λόγῳ
2833 1049 3002 1104 πάλαι
3048 1051 3374 1118 κειμένους,
3398 1053 3428 1104 δ
3451 1051 3504 1105 δὲ
3534 1053 3800 1127 κακοδουλία

2309 1141 2589 1212 χρώμενος
2653 1143 2877 1213 λέληθεν
2927 1144 3045 1215 ἅμα
3086 1143 3266 1213 ἑαυτῷ
3319 1143 3413 1199 καὶ
3467 1147 3534 1198 τὰ
3571 1145 3801 1216 Ῥωμαίων

2307 1231 2668 1298 ἀπολωλεκὼς
2703 1236 3030 1306 πράγματα,
3065 1237 3248 1304 σφίσιν
3284 1239 3342 1289 ἐν
3374 1228 3558 1307 βραχεῖ
3595 1215 3802 1294 παντοδα-
3904 1254 3905 1330 χ

2307 1325 2426 1378 πῶν
2463 1327 2756 1391 ἐπινεύσας
2787 1328 3066 1392 κλύδωνας
3112 1329 3427 1400 συμφρῶν.
3461 1329 3638 1383 Καίτοι
3663 1333 3705 1383 si
3733 1349 3804 1400 φο-

2306 1417 2468 1488 6ερδς
2499 1419 2596 1472 καὶ
2647 1419 3011 1492 περίσλεπτός
3072 1437 3158 1485 τις
3209 1419 3519 1491 βασιλεῦσιν
3574 1417 3696 1476 εἶναι
3737 1425 3805 1476 καὶ

2305 1511 2564 1580 ἂρχουσιν
2606 1511 2756 1583 αὐτῷ
2799 1513 2936 1584 πρὸς
2968 1512 3274 1584 βουλήσεως
3311 1508 3399 1586 ἦν,
3441 1513 3495 1578 ἐς
3523 1511 3604 1566 τδν
3629 1514 3807 1584 Σωτῆρα

2307 1601 2530 1670 βλέπειν
2557 1602 2667 1656 ἔδει
2711 1603 2884 1673 τούτῳ
2921 1603 3179 1674 Χριστὸν,
3221 1609 3314 1657 καὶ
3363 1606 3463 1675 τὴν
3513 1604 3698 1670 ἔνδοξον
3719 1605 3807 1658 ἁδο-

2308 1692 2430 1757 ξίαν
2457 1695 2668 1748 ἐκείνου
2705 1695 3017 1764 μιμεῖσθαι,
3048 1689 3111 1749 οὗ
3145 1697 3383 1766 μάλιστα
3431 1697 3523 1749 καὶ
3547 1697 3638 1766 τὴν
3667 1696 3808 1750 εἰκόνα
3906 1695 3907 1736 7

2307 1787 2498 1857 φέρειν
2524 1787 2586 1841 τὸ
2613 1787 2712 1860 τῆς
2759 1789 3034 1859 ἱερατείας
3066 1789 3383 1860 νενόμισται
3431 1788 3624 1860 σχῆμα.
3655 1789 3709 1843 El
3731 1790 3808 1857 γὰρ
3905 1847 3907 1858 Α

2319 1877 2666 1949 Ἀλέξανδρος
2719 1881 2925 1945 ἐκεῖνος
2958 1882 2986 1934 ό
3025 1881 3220 1951 μέγας,
3270 1882 3299 1935 ό
3353 1881 3478 1934 καθ’
3501 1880 3622 1950 ὅλης
3657 1877 3808 1950 μικρυῦ

2304 1970 2406 2041 τῆς
2454 1971 2641 2035 Ἀσίας
2669 1971 2890 2039 ἱλάσας,
2912 1972 2976 2026 τὸ
3002 1973 3291 2041 Διογένους
3315 1973 3626 2042 αίδηύμενος
3650 1971 3811 2040 δμωά-

2308 2063 2462 2134 ριζεν
2508 2062 2722 2129 εὐτελὲς
2773 2067 2868 2120 καὶ
2906 2065 3216 2138 ἀπέριττον,
3279 2066 3480 2136 μᾶλλον
3528 2065 3562 2135 ἢ
3617 2063 3697 2117 τδν
3740 2061 3813 2131 τῆς

2305 2155 2502 2209 ἑαυτοῦ
2526 2155 2810 2227 βασιλείας
2829 2156 2996 2226 θγκον
3037 2157 3134 2212 καὶ
3160 2156 3395 2211 πλοῦτον
3419 2173 3438 2188 ο
3477 2155 3648 2225 πολλῷ
3670 2155 3725 2210 ἂν
3747 2155 3813 2221 δή·

2304 2259 2431 2296 που.
2452 2245 2585 2316 ῥᾷον
2632 2246 2851 2298 τουτονὶ
2901 2245 3142 2316 βασιλεῖς
3159 2262 3221 2300 τε
3244 2245 3342 2299 καὶ
3372 2245 3632 2314 ἄρχοντες
3651 2243 3815 2312 ἐμακα-

2309 2335 2481 2405 ριζον,
2527 2337 2576 2390 εί
2618 2329 2681 2389 οὗ
2718 2336 2819 2408 τὴν
2845 2336 3031 2391 είκόνα
3049 2337 3312 2391 τίτακται
3342 2337 3553 2407 φέρειν,
3586 2338 3749 2387 τούτου
3771 2334 3814 2385 τὸ

2304 2429 2508 2496 ἄτυφον
2546 2428 2640 2482 καὶ
2663 2428 2810 2481 λιτδν
2838 2429 2936 2498 τῆς
2963 2429 3174 2498 διαίτης
3205 2430 3291 2482 ἀεὶ
3328 2427 3559 2483 διετέλει
3583 2425 3817 2496 ’μιμούμεο

2305 2536 2414 2583 νος.
2460 2521 2625 2574 Ἀλλὰ
2668 2522 2778 2592 μὴν
2816 2522 2954 2590 πρὸς
2986 2525 3262 2585 εναντίους
3298 2522 3586 2575 δπώσποτε
3613 2516 3820 2589 περιτρέ-

2303 2608 2412 2678 ψας
2444 2609 2678 2672 κανόνας
2733 2609 2832 2679 τὴν
2883 2610 3195 2680 εὐσχήμονα
3242 2608 3336 2662 καὶ
3390 2607 3668 2680 βελτίστην
3691 2606 3818 2660 κατα-

2306 2719 2500 2757 στασιν
2526 2705 2626 2772 τῆς
2658 2702 2988 2774 αὐτονομίας
3027 2703 3266 2772 ἐκείνης,
3295 2697 3358 2756 οὕ
3394 2703 3506 2774 μὲν
3536 2703 3706 2772 τυχείν
3725 2702 3818 2755 iss-

2305 2793 2492 2866 θύμει,
2525 2795 2847 2867 περιφανῶς
2881 2796 3242 2852 ἐκπέπτωκεν
3260 2811 3276 2829 ο
3308 2789 3372 2851 οὗ
3397 2795 3448 2850 δ’
3474 2791 3611 2867 είχε,
3635 2811 3820 2864 περιφα-

2303 2887 2560 2960 νέστερον
2583 2889 2720 2959 ὁμοῦ
2756 2889 2851 2943 καὶ
2895 2888 3064 2944 αὐτοῦ
3115 2889 3594 2956 συνεκπὶπτωκεν,
3619 2889 3724 2943 ἀντὶ
3750 2889 3826 2958 μιν

2301 2963 2563 3031 δεσπότου
2605 2979 2700 3034 καὶ
2751 2981 2957 3051 πατρὸς
2983 2980 3176 3034 ἑαυτὸν
3214 2981 3510 3050 προφανῶς
3531 2981 3820 3049 καταστήσας

2303 3070 2672 3142 ἀνδράποδον·
2733 3072 2855 3128 ἀντὶ
2911 3071 2969 3126 δὲ
3020 3073 3387 3144 περιϐλέπτου
3446 3073 3624 3144 δόξης,
3648 3071 3820 3138 ἀδοξίας
3911 3070 3913 3100 Ὺ

612 3162 762 3228 fecit,
787 3172 846 3219 et
871 3176 974 3234 pro
1003 3161 1304 3234 conspicua
1343 3162 1520 3234 gloria
1563 3161 1835 3235 insignem
1857 3163 2100 3219 lucratus
2117 3173 2200 3220 est

2305 3162 2608 3234 κληροῦχον
2631 3163 2914 3235 λαμπρᾶς.
2939 3163 3096 3219 Οὕτω
3124 3164 3346 3236 μακρὰν
3382 3165 3697 3236 ἑπισύρεται
3721 3179 3822 3216 save

612 3253 988 3328 ignominiam.
1041 3255 1278 3311 Tantum
1328 3254 1534 3326 ubique
1585 3263 1710 3326 post
1760 3269 1820 3310 se
1859 3254 2200 3314 infelicitatis

614 3347 786 3403 trahit
817 3348 986 3404 nimia
1017 3347 1208 3420 gloria:
1230 3346 1511 3418 cupiditas
1540 3365 1555 3403 :
1579 3347 1657 3403 ita
1678 3347 1734 3403 in
1761 3357 2016 3420 apertum
2051 3347 2199 3405 furo-

553 3448 568 3464 "
611 3457 729 3498 rem
764 3441 1008 3498 insolens
1041 3441 1283 3512 potentia
1307 3429 1511 3496 evadit.

687 3534 800 3590 γιι.
828 3534 960 3606 Ejus
996 3533 1164 3604 igitur
1194 3533 1477 3588 voluntate
1496 3531 1758 3587 facillime
1788 3531 1894 3589 sibi
1925 3533 2202 3604 mancipa-

611 3639 690 3694 ta,
716 3629 1048 3698 Apocaucus
1090 3624 1162 3680 ad
1197 3623 1468 3680 Joannem
1506 3623 1771 3679 Gsbalam
1803 3623 2004 3682 deinde
2046 3627 2200 3681 dolos

608 3735 828 3784 manes,
852 3731 1046 3772 omnes
1083 3715 1340 3770 fraudum
1377 3713 1662 3769 machinas
1691 3715 1964 3770 convertit
1983 3731 1998 3780 ;
2033 3725 2200 3786 atque

505 3819 508 3823 ‘
611 3813 662 3866 ei
697 3811 862 3864 filiam
901 3831 928 3864 δ
957 3822 1062 3862 iam
1103 3807 1510 3875 desponsurum
1539 3819 1602 3860 se
1639 3805 1931 3875 promittit.
1963 3806 2103 3862 Tum
2131 3822 2199 3864 ea

607 3901 1032 3972 exspectatione
1078 3912 1410 3968 suspensum
1436 3894 1800 3968 jurejurando
1826 3895 1972 3966 cogit
1996 3897 2200 3954 delibe-

610 4005 730 4057 rata
760 3992 1088 4048 confirmare
1106 3999 1162 4045 et
1183 3990 1420 4054 sancire,
1460 3988 1508 4044 si
1537 3988 1807 4046 voluntati
1829 4004 1944 4044 sua:
1971 3991 2197 4048 omnino

2300 3255 2470 3326 ταχού
2494 3257 2594 3328 την
2622 3255 2832 3327 ἀωρίαν
2864 3258 2926 3310 τὸ
2963 3256 3105 3326 ἄγαν
3144 3256 3579 3330 φιλοτιμεῖσθαι,
3608 3257 3695 3312 καὶ
3718 3255 3822 3326 πρὸς

2301 3348 2570 3422 ὕπαιθρον
2611 3353 2914 3424 ωρεξάγει
2966 3355 3168 3425 μανίαν
3196 3356 3235 3426 η
3262 3354 3361 3426 τῆς
3407 3355 3658 3422 ἐξουσίας
3693 3352 3821 3408 αὐθά-

2299 3445 2438 3503 sua.

2372 3538 2449 3592 Z'.
2484 3537 2689 3592 Τούτου
2729 3537 2830 3609 μὲν
2867 3539 2930 3610 δὴ
2980 3541 3074 3594 οὖν
3120 3540 3264 3595 οὕτω
3316 3544 3496 3614 ῥᾷστα
3525 3543 3620 3614 τὴν
3643 3540 3820 3612 γνώμην

2298 3629 2909 3701 δξανδραποδισὰμενος
2938 3635 2967 3688 ό
2999 3634 3339 3699 ’Δπόκαυκος
3381 3636 3478 3689 επὶ
3503 3636 3594 3690 τὸν
3618 3633 3819 3690 Γαδαλᾶν

2311 3724 2565 3793 Ἰωάννην
2579 3724 2764 3779 λοιπὸν
2785 3726 3029 3799 προσῆγε
3052 3727 3150 3792 τὰς
3174 3728 3428 3799 μηχανὰς
3455 3732 3551 3785 καὶ
3567 3732 3657 3792 τὰς
3672 3727 3822 3782 ἑλεπό-

2297 3815 2410 3882 λεις
2425 3819 2532 3872 τῶν
2547 3818 2712 3873 δόλων
2735 3835 2748 3848 ο
2769 3817 2855 3891 [Ρ.
2872 3819 3000 3892 459]
3021 3820 3116 3876 καὶ
3132 3821 3212 3884 είς
3224 3823 3465 3889 γυναῖκα
3474 3823 3572 3895 τὴν
3591 3821 3822 3893 θυγατέρι

2299 3906 2713 3976 κατεγγυᾶσθαι
2747 3911 3089 3980 μετεωρίσας
3113 3910 3297 3980 ὅρκοις
3332 3911 3617 3981 ἠνάγκασε
3647 3914 3709 3965 τὰ
3739 3911 3817 3980 βε-

2297 3997 2638 4066 ϐουλευμένα
2669 3996 2873 4068 κυροῦν
2926 4001 3020 4054 καὶ
3068 3997 3394 4054 πιστοῦσθαι
3423 4003 3634 4066 τοῦτον,
3660 3999 3705 4052 εί
3730 4000 3817 4060 τοῖς

608 4085 846 4154 obsequi
875 4083 1029 4138 velit.
1061 4081 1118 4138 ld
1149 4089 1336 4137 autem
1381 4088 1526 4146 erat,
1546 4089 1608 4135 ut
1642 4093 1761 4146 eos,
1787 4080 1881 4151 qui
1913 4082 2197 4142 nobilitate

2301 4091 2466 4144 αὖτοῦ
2517 4089 2780 4155 καθάπαξ
2831 4090 3170 4162 βουλήμασιν
3215 4091 3452 4150 ἕπεσθαι
3488 4094 3734 4164 βούλοιτο.
3761 4092 3820 4144 Τὰ

607 4187 669 4238 nt
699 4176 934 4231 fortuna:
967 4174 1258 4246 splendore
1287 4173 1447 4246 702
1475 4172 1761 4243 conspicui
1785 4175 1956 4230 curiae
1984 4175 2198 4233 subsel-

2301 4180 2352 4234 Βὲ
2375 4175 2464 4249 ἦν,
2493 4179 2682 4236 ὁπόσοι
2708 4178 2816 4236 τῶν
2839 4179 3078 4249 εὐγενῶν
3103 4181 3198 4236 καὶ
3232 4181 3617 4252 περιϐλέπτων
3638 4183 3726 4254 την
3756 4182 3820 4233 δό-

610 4270 685 4330 lis
720 4270 1034 4339 implerent,
1059 4265 1381 4338 singulatim
1412 4281 1609 4322 clunes
1652 4266 1956 4337 conﬁceret
1999 4268 2056 4324 in
2075 4269 2197 4323 vin-

2301 4270 2396 4338 εαν
2417 4271 2478 4326 τὸ
2507 4273 2608 4343 τῆς
2627 4271 2932 4346 συγκλήτου
2957 4270 3226 4342 πληροῦσι
3274 4272 3455 4344 βῆμα,
3516 4277 3712 4339 πάντας
3749 4276 3822 4328 ἕνα

609 4360 761 4425 aula,
806 4367 864 4414 et
909 4358 966 4413 in
1000 4357 1283 4413 custodias
1331 4355 1510 4422 daret,
1541 4355 1680 4412 alios
1710 4357 1833 4412 aliis
1873 4357 2194 4414 criminibus

2301 4361 2426 4432 παρ’
2465 4364 2560 4419 ενα
2592 4362 2814 4434 δεσμοῖς
2860 4363 2956 4418 καὶ
3006 4368 3278 4436 φρουραῖς
3329 4368 3627 4436 suntm,
3667 4369 3821 4429 mou;

545 4511 554 4518 .
609 4460 899 4509 accusatos
922 4467 990 4508 es
1035 4459 1286 4521 tempore
1325 4448 1600 4526 confictis,
1630 4461 1795 4522 prout
1835 4452 2084 4509 futurum
2107 4467 2195 4510 es-

2301 4456 2484 4519 ιλλαις
2517 4455 2720 4521 αἰτίαις
2755 4455 3241 4514 καθυτνοσὰλλοντα
3280 4459 3340 4528 ιξ
3384 4463 3726 4536 αὐτοσχεδίου
3754 4461 3822 4517 τὸν

607 4555 694 4602 set
724 4545 1088 4616 probabilius.

677 4647 822 4702 Ylll.
878 4646 1011 4713 Quae
1069 4661 1194 4702 cum
1249 4647 1322 4701 ita
1381 4647 1802 4718 processissent,
1848 4649 2189 4720 publicarum

607 4741 774 4798 etiam
803 4729 986 4795 rerum
1009 4737 1613 4795 sdministrationemei
1644 4741 1830 4796 statim
1860 4740 2049 4795 tradit.
2069 4739 2194 4812 Ipse

608 4842 792 4894 autem
824 4831 1107 4911 profectus
1141 4830 1404 4902 Byzantio
1437 4846 1562 4886 cum
1587 4833 1901 4902 patriarcha
1932 4842 1991 4888 et
2016 4834 2190 4906 impe-

612 4929 798 4976 ratore
828 4918 1131 4996 f'aheoiogo
1177 4920 1504 4983 Perinthum
1537 4936 1700 4991 quam
1752 4922 2035 4978 celerrime
2063 4938 2194 4978 eon-

609 5011 824 5076 tendit;
876 5009 1062 5077 specie
1093 5010 1316 5080 quidem
1360 5019 1421 5064 ut
1459 5012 1764 5073 exercitum
1792 5013 1847 5068 in
1877 5015 2187 5084 expeditio.-

516 5133 526 5140 -
612 5115 738 5154 nem
768 5099 1035 5154 adversus
1079 5100 1529 5156 Cantacusenum
1580 5101 1880 5169 educeret;
1915 5119 1975 5158 re
2002 5113 2184 5160 autem

611 5205 739 5244 vera
783 5189 1022 5247 duorum
1066 5192 1300 5247 alterum
1350 5202 1675 5258 conaturus,
1708 5204 1805 5250 aut
1852 5195 1908 5249 in
1935 5195 2195 5266 Epibata-

611 5297 758 5347 rum,
803 5282 848 5337 si
897 5294 1124 5352 posset,
1175 5284 1403 5340 castello
1446 5284 1730 5346 includere
1778 5286 2189 5356 imperatorem,

610 5373 776 5444 eique
820 5391 919 5445 per
950 5377 1060 5430 vim
1108 5376 1273 5432 filiam
1321 5392 1478 5432 suam
1519 5389 1753 5446 nuptum
1785 5379 1938 5442 dare,
1966 5387 2062 5432 aut
2084 5379 2193 5434 sal.-

2221 4525 2266 4588 θ
2293 4548 2665 4620 πιθανώτερον
2684 4552 2906 4620 τρόπον.

2367 4649 2454 4701 ll'.
2489 4645 2710 4703 Τούτων
2728 4648 2777 4700 δ’
2810 4649 2954 4703 οὕτω
3000 4647 3269 4720 ῥυέντων,
3303 4653 3402 4707 καὶ
3429 4652 3535 4724 τὴν
3565 4654 3670 4708 τῶν
3691 4651 3824 4720 δημῡ·

2295 4742 2427 4796 σίων
2457 4741 2611 4813 αὐτῷ
2639 4742 2742 4812 μιν
2771 4743 3042 4816 διοίκησιν
3078 4746 3243 4811 εὐθὺς
3266 4747 3570 4820 ἐγχειρίζει
3605 4745 3823 4817 πραγμά-

2293 4849 2432 4888 των·
2464 4833 2626 4900 αὐτὸς
2651 4835 2698 4889 δ’
2725 4835 2862 4906 ἄρας
2892 4838 2958 4890 ὲκ
2997 4835 3298 4903 Βυζαντίου
3327 4839 3427 4893 σύν
3466 4857 3532 4910 γε
3553 4840 3820 4911 nater

2293 4926 2389 4978 καὶ
2423 4924 2501 4995 τῷ
2533 4925 2742 4996 βασιλεῖ
2773 4928 3146 5002 Παλαιολόγῳ,
3196 4933 3428 5004 τάχιστα
3481 4937 3674 5004 ἐχώρει
3718 4932 3823 5000 πρὸς

2293 5015 2596 5106 βείρινθον,
2648 5020 2925 5090 πρόφασιν
2989 5024 3092 5092 μὲν
3156 5023 3235 5087 ὡς
3289 5025 3384 5082 sui
3413 5023 3826 5106 Καντακουςφίιν

2292 5105 2688 5175 ἐκστρατεύειν,
2729 5108 2824 5163 τὸν
2875 5109 3141 5181 βασιλέα·
3198 5115 3265 5184 τῇ
3322 5113 3372 5172 δ’
3428 5115 3652 5186 ἀληθείᾳ
3705 5105 3824 5166 δυοῖν

2292 5198 2816 5270 πραγματευόμενος
2857 5203 3106 5274 θάτερον,
3133 5204 3167 5275 ἢ
3196 5205 3276 5275 τῷ
3301 5206 3414 5261 τῶν
3452 5207 3759 5270 Ἐπιϐατιῖη,
3787 5204 3824 5254 εἰ

2291 5287 2574 5359 δυνηθείη,
2608 5293 2938 5358 συγκλείσας
2973 5299 3223 5370 φρουρίῳ
3259 5298 3355 5372 βίᾳ
3396 5300 3475 5373 τῷ
3510 5300 3719 5373 βασιλεί
3746 5298 3823 5364 ﬁ!“

2293 5378 2568 5450 θυγατέρα
2595 5381 2782 5439 δοῦναι
2825 5390 3003 5456 γάμου
3036 5388 3151 5458 (49)
3186 5390 3566 5460 ξυναλλαγαῖς,
3602 5389 3634 5462 ἢ
3673 5387 3755 5441 τόν
3774 5399 3824 5449 γε

609 5474 720 5520 tem
756 5481 883 5520 cum
913 5467 1242 5537 imperatore
1280 5467 1672 5549 Cantacuseno
1703 5484 1804 5540 per
1831 5469 1933 5525 hos
1971 5469 2189 5527 tandem

2301 5467 2544 5540 δεύτερον
2599 5471 2882 5528 ἐλαύνοντι
2921 5476 3090 5532 πλοῦν
3114 5478 3194 5548 τῷ
3225 5479 3442 5549 βασιλεῖ
3470 5473 3822 5541 Καντακῡυξη⁹

606 5559 906 5631 aliquando
952 5560 1035 5620 sic
1072 5559 1413 5632 transigere,
1476 5567 1538 5615 ut
1577 5545 1720 5618 facta
1787 5565 2190 5632 permutatione

2295 5563 2372 5633 νῷ
2403 5565 2471 5618 δι’
2503 5565 2685 5622 αὐτῶν
2715 5582 2846 5625 ποτε
2905 5571 3255 5640 σπείσασθαι,
3305 5572 3512 5630 Λέσϐον
3577 5574 3669 5628 καὶ
3718 5567 3824 5624 Χίον

1904 5705 2242 5770 Variorum
2289 5716 2474 5772 notm.

688 5857 802 5929 (40)
828 5857 902 5912 Dc
937 5857 1040 5916 hoc
1067 5855 1298 5917 consilio
1328 5861 1646 5932 Apocauchi
1696 5861 1843 5925 silet,
1895 5863 1950 5918 ui
2000 5864 2184 5934 fallor,
2219 5866 2654 5924 Cantaeuzcnus;
2685 5870 2916 5926 Duram.
