3796 6576
433 394 537 469 943
714 400 788 470 [Α.
832 414 890 456 ιι.
932 398 1222 458 6852.139.
1268 401 1356 472 P21

1610 402 2020 470 NICEI‘HORI
2063 404 2450 470 GllEGNiE

2827 402 2958 475 [ιιηι.
3000 422 3043 461 ι.
3080 410 3324 462 manu.
3363 407 3416 482 ὅ]
3545 422 3632 486 944

438 516 680 587 pnndns,
740 525 993 570 mortuus
1051 516 1106 570 in
1146 516 1254 570 ima
1305 531 1571 585 aquarum
1623 517 1837 591 delatus
1894 530 1981 573 est

2107 518 2313 590 ἄψυχοις
2370 521 2585 588 φόρτος,
2617 519 2673 580 ἐς
2721 519 2842 581 τοὺς
2872 519 3002 573 «τῶν
3036 519 3243 574 ὑδάτων
3286 522 3541 592 πυθμένας
3564 551 3635 584 νε.

434 608 677 664 Primum
709 608 814 663 hoc
840 608 945 661 fuit
976 609 1271 677 Apocauco
1333 608 1568 662 fortuna:
1602 609 1824 674 vulnus,
1890 609 2003 678 prio

430 716 689 772 unumque
726 703 858 757 illud
886 684 1206 773 praesagium
1231 703 1464 765 exstitit,
1493 719 1601 773 quo
1639 714 1906 759 mutatum
1936 705 2001 759 iri

430 798 485 850 in
526 798 681 869 pejus
713 806 767 851 et
823 796 1076 851 funditus
1125 811 1379 852 eversum
1418 797 1482 851 iri
1544 797 1692 851 illius
1725 798 2000 852 fortunam

428 890 764 957 apparuerit.

506 978 616 1034 VII.
653 978 758 1035 Sed
785 991 841 1037 et
875 982 1109 1037 alterum
1158 980 1294 1037 illud
1342 993 1607 1052 praeterea
1639 981 1999 1039 infortunium

430 1073 480 1127 ei
514 1073 732 1128 accidit.
761 1074 1001 1130 Joannes
1027 1074 1282 1140 Gabalas,
1327 1075 1514 1129 multis
1567 1076 1677 1145 jam
1713 1090 2003 1145 argumen-

429 1166 500 1220 tis
529 1180 653 1221 cnm
682 1166 1050 1235 persensisset
1070 1166 1315 1221 cavillari
1343 1166 1719 1237 Apocaucum,
1741 1168 1835 1237 qui
1860 1167 2003 1223 ludi-

429 1257 642 1312 ticando
699 1258 1018 1314 ostenderet
1086 1260 1244 1321 satis,
1301 1260 1528 1315 minime
1575 1260 1717 1316 velle
1749 1277 1805 1316 se
1833 1261 1999 1315 filiam

348 1337 361 1349 ’
426 1365 581 1403 Suam
615 1351 704 1405 isti
768 1354 1125 1421 desponsam;
1195 1353 1508 1407 clanculum
1565 1353 1632 1406 ad
1682 1354 1999 1423 imperatri-

427 1457 544 1494 eem
584 1442 793 1496 Annam
823 1441 1034 1498 accedit
1059 1442 1219 1513 eique
1243 1442 1471 1506 indicat,
1500 1444 1703 1499 habere
1735 1444 1787 1499 in
1814 1443 1999 1501 animo

426 1535 802 1601 Apocauenm,
860 1535 1156 1589 transferre
1190 1535 1244 1589 in
1282 1537 1560 1605 pmpriam
1607 1553 1788 1592 arcem
1835 1538 2000 1609 hujus

428 1628 598 1680 litium
636 1626 1049 1695 imperatorem,
1084 1635 1247 1696 atque
1278 1628 1328 1681 ei
1362 1627 1530 1683 filiam
1563 1644 1721 1683 suam
1765 1633 2002 1700 patriar-

425 1721 542 1775 cha:
574 1723 884 1774 interventu
926 1735 1153 1774 uxorem
1187 1719 1340 1776 dare.
1375 1720 1641 1777 «Necesse
1676 1731 1759 1777 est
1812 1722 1999 1792 itaque

426 1813 675 1881 (inquit),
742 1821 801 1865 ut
854 1811 1008 1866 illum
1063 1813 1221 1883 711
1282 1814 1545 1869 Perintho
1589 1815 1995 1884 quamprimum

2107 611 2234 679 κρδς
2288 613 2703 681 κατενήνεκται.
2765 611 2960 682 Πρώτη
3018 614 3118 682 μὲν
3160 608 3256 667 οὖν
3311 612 3440 685 αὕτη
3476 622 3633 688 γέγονε

2106 706 2331 778 θραῦσις
2378 705 2708 776 Ἀποκαύκῳ
2739 707 2835 776 τῆς
2877 704 3032 775 δόξης
3063 709 3159 760 καὶ
3202 706 3319 777 ἃμα
3350 714 3637 781 προαναφὼ-

2102 815 2259 866 νησις
2288 798 2388 868 τῆς
2435 798 2526 850 ἐπὶ
2573 799 2641 851 τά
2671 798 2837 869 χείρω
2885 797 3189 869 μεταϐολῆς
3230 799 3330 852 καὶ
3372 816 3636 873 καταστριά

2104 889 2234 959 φῆς.

2174 979 2248 1035 Ζ’.
2277 980 2541 1053 Δεύτερον
2566 982 2611 1035 δ’
2635 980 2728 1035 ἐπὶ
2752 980 2926 1053 τούτῳ
2956 982 3374 1037 συνεπεπτώκει
3398 983 3471 1048 τῷ
3507 988 3635 1041 Ἀπο-

2102 1074 2292 1143 καύκῳ
2341 1073 2664 1144 δυστύχημα
2698 1074 2835 1128 τόδε.
2863 1073 2931 1133 '0,
2951 1075 3203 1139 Γαὸαλᾶς
3246 1077 3488 1147 Ἰωάννης
3523 1080 3632 1148 (58}.

2100 1168 2166 1218 ικ
2213 1166 2424 1219 πολλῶν
2476 1166 2578 1237 ήδη
2636 1166 2879 1237 σημείων
2948 1169 3269 1238 αἰσθόμενος
3332 1168 3635 1225 Ἀπόκαυκον

2101 1256 2624 1328 παραλογιζόμενον,
2656 1259 2758 1310 κάν
2804 1257 2880 1326 τῷ
2928 1259 3380 1328 παρακρούεσθαί
3411 1273 3516 1323 πως
3552 1263 3635 1316 ἔει-

2100 1349 2307 1403 κνύντα
2352 1350 2413 1402 τὸ
2465 1350 2667 1419 ἥκιστα
2716 1348 3003 1419 βούλεσθαι
3048 1352 3145 1421 τὴν
3195 1351 3335 1422 πρὸς
3387 1352 3536 1405 αὐτὸν
3562 1356 3636 1406 ταῦ

2100 1442 2299 1513 κήδους
2348 1441 2577 1511 ἐγγύην,
2626 1443 2801 1512 λάθρα
2852 1443 3093 1515 προσιὼν
3142 1445 3313 1518 Ἀννῃ
3366 1446 3543 1515 μηνύει
3583 1454 3634 1518 τῇ

2101 1532 2353 1603 βασιλίδι,
2392 1532 2466 1595 ὡς
2511 1532 2852 1595 ’Δπόκαυκος
2899 1533 3169 1604 μελετῴη.
3226 1533 3554 1604 μετενεγκὼν
3574 1541 3636 1600 εἰς

2098 1626 2158 1677 τὸ
2194 1622 2389 1677 ἑαυτοῦ
2432 1623 2690 1694 φρούριον
2741 1623 2966 1693 βασιλέα
3015 1625 3107 1677 τὸν
3136 1625 3229 1677 σὺν
3279 1625 3416 1690 υἱὸν,
3462 1626 3538 1679 διὰ
3563 1628 3636 1680 τοῦ

2099 1720 2442 1789 πατριάρχου
2464 1716 2720 1782 συζεῦξαι
2740 1719 2808 1788 τῇ
2837 1717 3036 1771 ἑαυτοῦ
3059 1717 3291 1789 θυγατρί
3315 1718 3451 1786 (G9).
3478 1721 3635 1789 Χρείῖιν

2099 1812 2190 1867 οὖν
2231 1813 2295 1864 ὲκ
2334 1809 2622 1879 Πειρίνθου
2657 1825 2717 1861 σε
2763 1810 2993 1879 τάχιστα
3039 1811 3505 1881 μεταπέμψασθαι
3536 1813 3636 1867 τοῦ·
3697 1884 3701 1893 Ι

422 1920 691 1967 arcessas.
727 1914 1023 1975 antequam
1065 1906 1274 1960 retibus
1306 1906 1486 1974 praeda
1521 1907 1731 1967 inclusa
1764 1906 1888 1961 sit.»
1933 1918 1959 1951 ο

2098 1919 2210 1966 τον,
2245 1902 2410 1973 πρινὴ
2437 1873 2510 1956 ’τὸ
2550 1900 2775 1972 θήραμα
2814 1873 3067 1970 γενέσθαι
3093 1873 3330 1958 δικτύων
3358 1905 3532 1968 bark."

507 1988 644 2051 Vlll.
677 1996 732 2049 ld
758 2011 883 2050 cum
921 1996 1103 2052 statim
1129 2007 1273 2051 esset
1299 1997 1625 2066 perfectum,
1657 1999 1831 2053 sensit
1849 1999 1995 2069 Apo-

420 2101 622 2143 caucus
656 2088 954 2155 patefactas
985 2103 1105 2143 esse
1157 2087 1404 2149 insidias.
1470 2099 1633 2159 atque
1676 2090 1823 2146 illico
1880 2101 1994 2146 sta-

425 2180 547 2241 tuit.
582 2180 761 2234 soluta
792 2166 911 2234 illa“
914 2178 1223 2245 obsidione,
1261 2179 1583 2252 Byzantium
1611 2198 1772 2252 quam
1822 2184 1997 2238 celer-

421 2272 560 2326 rime
590 2266 863 2338 redirie,ac
886 2270 959 2325 ita
982 2270 1288 2342 periculum
1313 2272 1605 2327 imminens
1623 2283 1991 2330 antevertere.

422 2363 665 2419 Reverso
699 2364 884 2434 itaque
911 2364 1088 2418 visum
1115 2371 1222 2425 est.
1255 2374 1550 2435 antequam
1583 2366 1759 2422 oculis
1784 2368 1995 2437 pudore

419 2455 645 2511 suffusis
675 2456 1081 2526 imperatricern
1110 2456 1399 2527 aspiceret,
1439 2472 1634 2529 magna
1663 2456 1992 2528 pecunire‘vi

418 2546 823 2601 circumvenire
856 2546 1063 2601 aulicas
1115 2548 1398 2613 mulieres,
1460 2565 1692 2619 quarum
1757 2551 1992 2606 maxima

424 2646 553 2693 tunc
580 2648 701 2693 erat
726 2639 1048 2703 auctoritas,
1109 2650 1162 2694 et
1204 2655 1367 2695 omne
1413 2640 1579 2695 simul
1636 2641 1989 2709 famulitium,

418 2730 566 2800 quod
625 2730 1029 2797 imperatoriam
1079 2729 1303 2784 domum
1353 2731 1628 2801 impleret.
1687 2731 1989 2799 Quodcum

419 2821 513 2877 ille
541 2835 753 2875 summa
784 2818 1063 2890 diiigentia
1090 2821 1333 2887 fecisset,
1402 2839 1465 2878 ac
1517 2840 1616 2894 per
1676 2825 1797 2880 illas
1822 2827 1989 2881 etiam

418 2913 751 2982 imperatrici
786 2913 1145 2983 promisisset,
1196 2914 1492 2969 allaturum
1532 2931 1589 2970 se
1619 2917 1989 2985 pulcherrima

416 3016 471 3061 et
504 3006 897 3077 pretiosissima
924 3004 994 3062 de
1025 3008 1140 3063 suis
1171 3008 1445 3063 thesauris
1492 3024 1745 3073 munera,
1798 3000 1989 3081 priszié

347 3142 362 3163 ρ
418 3114 541 3154 nam
575 3099 949 3170 dignationem
992 3100 1219 3170 recepit.
1278 3100 1415 3155 Tum
1467 3094 1732 3157 festinans
1791 3104 1988 3158 muniit

2170 1994 2252 2046 H’.
2288 1987 2364 2047 υῦ
2393 1993 2741 2057 τελεσθέντος
2790 1994 2975 2060 εὐθὺς,
3024 1996 3373 2067 φωραθεῖσαν
3418 1997 3638 2068 αἰσθόμε-

2098 2103 2186 2151 νος
2211 2087 2310 2157 τὴν
2341 2085 2633 2157 ἐπιϐουλὴν
2677 2087 2713 2139 ὁ·
2752 2086 3092 2152 Ἀπόκαυκος
3130 2089 3273 2154 ἔγνω
3325 2090 3639 2159 παραχρῆμα

2097 2176 2479 2242 κλταλελυκὼς
2528 2179 2626 2250 τὴν
2677 2179 2995 2249 πολιορκίαν
3044 2181 3266 2250 ἐκείνην
3316 2181 3515 2249 φθῆναι
3563 2182 3639 2234 τὸν

2095 2272 2377 2338 ἐφεστῶτα
2406 2270 2668 2336 κίνδυνον,
2721 2270 2911 2336 διαϐὰς
2945 2272 3025 2334 εἰς
3061 2272 3356 2338 Βυζάντιον
3386 2272 3487 2343 τὴν
3510 2274 3636 2343 ταχίο

2097 2378 2251 2431 στην.
2287 2361 2505 2427 Ἔδοξεν
2538 2356 2632 2414 οὖν
2655 2360 2949 2427 ἐπανιόντι,
2978 2362 3108 2433 πρὶν
3129 2363 3538 2433 αἰσχυνομένοις
3559 2366 3640 2429 ὁμο

2064 2469 2073 2475 ’
2099 2468 2232 2522 μασι
2261 2453 2361 2522 τὴν
2399 2452 2647 2523 βασιλίδα
2678 2453 3007 2519 θεάσασθαιτ
3031 2455 3280 2526 χρήμασι
3309 2458 3637 2527 παμπληθέσι

2095 2543 2404 2614 περιελθεῖν
2435 2544 2534 2615 τὴν
2567 2549 2978 2613 γυναικωνῖτιν,
3014 2549 3072 2599 ὲν
3105 2540 3138 2617 ᾖ
3185 2545 3248 2599 τὺ
3291 2547 3522 2616 μάλιστα
3562 2548 3638 2599 δυ-

2093 2635 2328 2705 νάμενον
2357 2630 2427 2706 ἦν
2461 2634 2788 2705 τηνικαῦτα,
2815 2635 2908 2688 καὶ
2936 2633 3054 2705 ἅμα
3079 2635 3178 2705 τὴν
3202 2633 3503 2706 θεραπείαν
3525 2634 3637 2688 ᾶπα-

2096 2743 2217 2791 σαν,
2253 2728 2350 2796 ὅση
2395 2726 2494 2794 τὴν
2550 2725 3019 2797 αὐτοκρατορικὴν
3041 2727 3250 2803 (οἰκίαν
3295 2726 3552 2797 ἐπλήρου.
3586 2729 3641 2778 '0

2092 2819 2157 2890 δὴ
2192 2820 2422 2889 τάχιστα
2476 2816 2799 2891 πεπραχὼς,
2832 2822 2924 2872 καὶ
2950 2817 3019 2873 δι’
3070 2818 3251 2873 αὐτῶν
3287 2821 3383 2872 καὶ
3430 2818 3637 2889 βασιλίδι

2090 2912 2159 2964 τὰ
2188 2911 2450 2965 κάλλιστά
2477 2928 2535 2964 τε
2564 2914 2658 2965 καὶ
2690 2912 2997 2982 τιμιώτατα
3030 2911 3142 2966 τῶν
3172 2913 3470 2983 κειμηλίων
3499 2929 3636 2983 προσ-

2091 3005 2259 3056 οξσειν
2288 3003 2777 3073 ἐπαγγειλάμενος,
2816 3004 2916 3074 τῆς
2957 3004 3233 3075 προτέρας
3266 3002 3429 3069 αὖθις
3470 3005 3635 3073 ἔτυχεν

2092 3094 2353 3160 εὐδοξίας.
2384 3096 2490 3146 Καὶ
2524 3093 2764 3157 σπεύσας
2794 3093 3090 3164 ὠχύρωσεν
3114 3092 3273 3156 αὖθις
3302 3095 3398 3148 καὶ
3428 3094 3635 3163 ἀνεπλή-

417 3192 485 3249 ιίε
525 3206 665 3245 novo
687 3199 738 3246 et
766 3190 1076 3257 resarcivit,
1118 3191 1389 3261 quidquid
1440 3202 1601 3248 terra:
1657 3194 1900 3249 motibus
1931 3195 1984 3249 in

2096 3204 2290 3257 ρωτεν,
2318 3188 2369 3239 εἰ
2415 3188 2467 3237 τί
2505 3202 2609 3238 που
2639 3185 2733 3238 τοῦ
2786 3187 3028 3254 μεγάλου
3069 3188 3281 3256 τείχους
3322 3188 3419 3257 τῆς
3454 3188 3633 3247 πόλεως

417 3296 615 3353 magno
645 3281 799 3337 urbis
826 3296 985 3335 muro
1022 3282 1206 3336 laesum
1238 3291 1463 3338 essetet
1495 3283 1804 3354 neglectum
1833 3301 1986 3339 man-

414 3375 617 3430 sisset:
648 3376 776 3429 item
802 3375 1071 3446 quidquid
1104 3374 1159 3428 in
1192 3375 1408 3429 duobus
1442 3378 1621 3430 muris
1637 3377 1987 3433 extrinsecus

415 3466 852 3533 circumductis;
891 3482 1125 3536 quorum
1163 3465 1303 3520 alter
1346 3466 1675 3536 jampridem
1713 3484 1743 3522 a
1788 3469 1986 3523 funda-

416 3574 534 3617 tore
561 3560 723 3617 simul
757 3576 881 3616 cum
912 3576 1107 3631 magno
1139 3574 1294 3613 nmro
1324 3546 1579 3615 conditus
1607 3559 1827 3625 fuerat;
1853 3561 1988 3614 alte-

418 3669 539 3707 rum
576 3653 899 3716 novissime,
924 3651 1292 3707 Cantacuzeni
1326 3651 1637 3722 futuraeque
1687 3653 1755 3707 ab
1785 3667 1853 3706 eo
1876 3652 1980 3707 ob-

412 3744 645 3800 sidionis
686 3754 856 3810 metu,
914 3745 980 3799 ad
1024 3743 1128 3798 viri
1159 3743 1508 3799 altitudinem
1561 3743 1812 3799 exterius
1866 3745 1984 3813 ipse

411 3844 778 3899 exstruxerat,
842 3836 989 3891 circa
1019 3836 1384 3891 maximarum
1456 3835 1984 3906 admirabilinmque

411 3929 680 3983 fossarum
712 3928 1076 3995 crepidinem,
1112 3930 1387 3999 ductoque
1408 3928 1566 3983 initio
1594 3929 1663 3984 ab
1684 3928 1752 3983 iis
1787 3928 1983 3999 portis,

411 4036 535 4090 quae
567 4029 695 4074 sunt
717 4030 844 4074 ante
877 4022 1165 4090 palatium,
1198 4020 1263 4075 ad
1288 4022 1498 4075 Aureas
1525 4019 1771 4089 proxime
1797 4028 1984 4089 portas

413 4125 508 4177 per
538 4119 739 4164 terram
780 4124 1034 4165 auroram
1074 4126 1265 4166 versus
1286 4090 1753 4165 circumduxcrat.

2091 3280 2496 3350 τεθραυσμένον
2527 3280 2630 3333 ὑπὸ
2656 3279 2763 3332 τῶν
2795 3279 3038 3350 σεισμῶν
3078 3280 3445 3341 ἐλλέλειπται,
3490 3282 3634 3335 καὶεί

2089 3374 2143 3425 τί
2178 3390 2282 3426 που
2319 3372 2427 3424 τῶν
2484 3370 2683 3437 ἔξωθεν
2719 3371 3071 3442 ἐληλαμένων
3113 3372 3210 3426 δύο
3260 3373 3630 3442 προτειχίσμὰ-

2089 3480 2216 3524 των,
2250 3461 2342 3514 τοῦ
2375 3478 2434 3513 τε
2466 3462 2632 3515 πάλαι
2667 3461 2744 3530 τῷ
2784 3462 2882 3530 τῆς
2917 3463 3126 3523 πόλεως
3158 3464 3376 3533 οἰκιστῇ
3419 3480 3626 3531 συγκατο

2089 3553 2533 3622 οικοδομηθέντος
2603 3553 2740 3622 ὁμσῦ
2807 3557 2918 3618 τοῖς
2975 3554 3235 3624 μεγάλοις
3303 3556 3504 3625 τείχεσι
3552 3559 3633 3609 καὶ

2088 3637 2262 3711 οὗπερ
2300 3643 2525 3714 ἀρτίως,
2568 3642 2657 3698 διὰ
2682 3644 2774 3695 τὸν
2807 3644 2902 3697 τοῦ
2939 3646 3400 3716 Καντακουζηνοῦ
3427 3648 3513 3699 καὶ
3549 3646 3625 3713 τῆς

2087 3735 2301 3789 ἐκεῖθεν
2351 3736 2668 3804 πολιορκίας
2713 3735 2901 3803 φόϐον,
2944 3736 3080 3807 πρδς
3137 3738 3476 3807 ἁνδρόμηκες
3517 3737 3626 3803 ὕψος

2085 3829 2246 3891 αὐτὸς
2272 3828 2566 3899 ἀνῆγε-(κεν
2595 3826 2867 3898 ίεωτέρω,
2901 3830 3032 3900 περὶ
3062 3829 3131 3882 τὰ
3179 3829 3334 3900 χείλη
3363 3831 3470 3882 τῶν
3496 3830 3624 3899 μεγίο

2088 3935 2230 3975 στων
2261 3922 2354 3974 καὶ
2397 3919 2716 3990 θαυμασίων
2757 3921 3004 3990 τάφρων,
3050 3922 3363 3993 ἀρξάμενος
3409 3924 3507 3975 ἀπὸ
3534 3922 3624 3975 τῶν

2085 4015 2195 4083 πρὸ
2232 4013 2325 4066 τοῦ
2362 4013 2627 4065 παλατίου
2662 4014 2867 4078 πυλῶν,
2899 4014 2994 4067 καὶ
3025 4015 3357 4084 περιελάσας
3380 4016 3500 4087 ἄχρι
3534 4014 3619 4068 τῶν

2086 4104 2351 4172 Χρυσέων
2383 4104 2612 4170 ἔγγιστα
2641 4102 2725 4155 διὰ
2755 4102 2857 4174 τῆς
2882 4102 3079 4173 χέρσου
3112 4103 3249 4173 πρὸς
3277 4104 3372 4158 ἕω.

1850 4236 2075 4294 CAPUT
2121 4234 2206 4288 Vl.

836 4339 1024 4393 Clades
1054 4354 1117 4392 ex
1139 4339 1418 4409 grandine.
1447 4338 1522 4393 De
1551 4346 1746 4394 natura
1783 4335 2082 4410 grandinis.
2120 4332 2336 4387 Grande
2365 4332 2563 4402 furoris
2594 4333 2761 4385 divini
2794 4334 3228 4388 instrumentum.

484 4459 524 4513 ι.
550 4458 625 4513 Ea
653 4471 818 4526 porro
867 4463 1191 4524 tempestate
1229 4454 1395 4508 etiam
1452 4452 1738 4523 grandinis
1793 4451 1973 4506 conti-

410 4568 552 4608 nuus
577 4560 632 4606 et
665 4550 1101 4604 violentissimus
1143 4547 1316 4601 imber
1342 4547 1575 4614 exstitit,
1644 4546 1737 4616 qui
1772 4555 1829 4600 et
1854 4546 1972 4613 ipse

408 4645 611 4699 furoris
636 4644 828 4707 divini,
858 4643 1230 4696 Romanorum
1253 4640 1417 4694 rebus
1438 4640 1547 4709 jam
1576 4639 1969 4701 incumbentis,

2150 4446 2231 4519 [P.
2266 4446 2393 4519 446]
2439 4449 2516 4500 A'.
2554 4448 2839 4515 Γεγονέναι
2874 4445 2919 4499 δ’
2947 4450 3004 4500 ὲν
3042 4448 3255 4512 τούτοις
3301 4452 3409 4514 τοῖς
3438 4451 3610 4522 χρόν;ις

2082 4541 2454 4609 συμπέπτωκε
2512 4542 2604 4592 καὶ
2655 4540 2898 4609 χαλάζης
2938 4542 3110 4609 φορὰν
3141 4544 3343 4612 συνεχῆ
3393 4547 3478 4596 καὶ
3504 4548 3609 4615 ῥαγ-

2079 4634 2258 4693 δαίαν,
2311 4634 2409 4701 τῆς
2460 4632 2897 4702 ἐπιπολαζούσης
2945 4632 3046 4703 ήδη
3088 4636 3221 4703 περὶ
3265 4637 3331 4688 τὰ
3366 4634 3604 4704 Ῥωμείιυν

406 4738 566 4807 712
597 4736 859 4789 indicium
884 4734 1009 4795 fuit.
1048 4743 1103 4787 et
1133 4744 1385 4817 tanquam
1416 4734 1554 4802 ignis
1585 4732 1762 4801 ignem
1781 4746 1974 4800 supcr-

2096 4726 2381 4795 πράγματα
2428 4723 2718 4792 θεομηνίας
2752 4724 3022 4793 σύμϐολον
3066 4722 3237 4779 οὖσαν
3286 4728 3377 4781 καὶ
3419 4727 3600 4793 ταύτην,

404 4831 574 4881 venit.
640 4827 858 4880 Etenim
917 4823 1051 4878 illud
1120 4824 1230 4878 late
1295 4810 1550 4877 diffusum
1607 4833 1692 4877 est
1742 4822 1968 4884 malum,

408 4919 603 4972 tumin
638 4917 816 4984 Spicas
880 4924 937 4968 et
990 4915 1044 4968 in
1076 4915 1215 4969 alios
1272 4914 1509 4979 fructus,
1574 4922 1688 4966 tum
1722 4913 1968 4967 omnium

405 5013 640 5065 maxime
666 5010 719 5063 in
748 5009 909 5072 vites,
945 5009 1021 5062 ita
1062 5017 1215 5063 utne
1249 5017 1438 5079 postea
1497 5007 1721 5079 quidem
1776 5008 1974 5061 revivi-

405 5116 560 5159 scere
594 5102 894 5170 potuerint.

474 5274 539 5329 ll.
572 5272 786 5327 Norant
819 5271 1020 5342 quippe
1051 5274 1135 5341 (ut
1164 5271 1383 5344 opinor)
1446 5289 1663 5339 omnes,
1696 5274 1966 5345 ejusmodi

399 5380 519 5420 esse
551 5361 832 5434 grandinis
859 5379 1079 5431 corpus,
1115 5373 1175 5418 ut
1205 5367 1422 5432 quoties
1478 5373 1535 5419 et
1586 5380 1707 5434 quae
1736 5366 1966 5430 invadit,

400 5473 510 5513 non
541 5458 702 5510 modo
734 5466 862 5511 tunc
894 5472 1072 5525 neque
1108 5472 1169 5510 ea
1194 5457 1306 5511 sola
1339 5473 1437 5526 per
1461 5472 1580 5512 eam
1600 5458 1969 5526 exstingnan-

405 5562 493 5607 tnr
521 5561 574 5605 et
601 5559 962 5614 marcescant,
995 5549 1089 5603 sed
1121 5550 1283 5605 etiam
1323 5565 1407 5616 ea,
1466 5565 1587 5619 quae
1613 5550 1760 5603 circa
1793 5560 1919 5603 sunt
1948 5570 1960 5615 ;

2077 4818 2170 4868 καὶ
2210 4811 2320 4869 οἷόν
2356 4835 2405 4870 τι
2447 4818 2558 4886 πῦρ
2588 4817 2680 4870 ἐπὶ
2717 4817 2851 4888 πυρί⁵
2901 4822 3492 4890 προσεπενηνεγμένην.
3521 4823 3600 4875 Πο-

2077 4906 2274 4976 λύχουν
2303 4908 2411 4977 γὰρ
2445 4912 2586 4962 κατά
2630 4925 2688 4961 τε
2718 4910 2826 4962 τῶν
2873 4909 3166 4979 ἀσταχύων
3196 4914 3289 4965 καὶ
3318 4911 3421 4965 τῶν
3452 4928 3505 4979 γε

2077 4998 2186 5051 λων
2236 4998 2555 5066 ἐγγενέσθαι
2614 5004 2673 5052 τὸ
2723 4999 2918 5070 βλάϐος
2967 5001 3236 5070 καρπῶν·
3289 5002 3394 5056 τῶν
3422 5020 3478 5068 γε
3520 5000 3599 5069 μὴν

2079 5090 2362 5159 ἀμπέλων,
2397 5090 2605 5144 τούτων
2640 5092 2695 5144 δὲ
2728 5093 2824 5145 καὶ
2859 5092 3073 5147 πάντων
3108 5093 3367 5161 μάλιστα,
3399 5094 3466 5156 ὡς
3494 5091 3597 5162 μηδὲ

2079 5184 2203 5243 τοὺς
2244 5181 2433 5233 ἔπειτα
2460 5182 2680 5252 χρόνους
2714 5182 3013 5236 ἀναϐιῶναι
3040 5184 3321 5238 δύνασθαι.

2148 5274 2222 5326 Β¹.
2257 5274 2471 5327 Είδέναι
2496 5274 2603 5344 γὰρ
2628 5270 2782 5343 οἶμαι
2810 5275 3037 5339 πάντας,
3065 5273 3141 5338 ὡς
3165 5276 3267 5345 οὐχ
3288 5279 3372 5329 ὅτε
3403 5275 3482 5327 καὶ
3505 5273 3596 5326 καθ’

2075 5359 2150 5421 ὧν
2184 5368 2484 5438 ἐνσκήπτει
2518 5367 2576 5420 τὸ
2620 5368 2719 5436 τῆς
2744 5368 2992 5445 χαλάζης
3028 5370 3190 5437 σῶμα
3233 5370 3465 5440 καρπῶν,
3506 5369 3597 5419 τότε

2077 5461 2235 5530 μόνον
2283 5463 2377 5513 καὶ⁸
2406 5460 2629 5523 τούτους
2680 5464 2873 5530 μόνους
2917 5463 3178 5531 ἐκτυφλοῖ
3228 5466 3318 5517 καὶ
3365 5462 3594 5535 μαραίνει.

2073 5552 2207 5605 ἀλλὰ
2255 5555 2347 5605 καὶ
2381 5552 2450 5606 τὰ
2484 5553 2639 5623 πέριξ
2672 5553 2809 5620 ἅμα,
2842 5556 2936 5608 καὶ
2977 5558 3034 5617 ἐς
3067 5556 3235 5609 πολὺν
3278 5557 3365 5609 τὸν
3396 5550 3597 5626 χρόνονό

1719 5673 2059 5736 Vnriorum
2109 5683 2294 5735 noue.

469 5778 580 5849 (68)
614 5778 752 5849 Tum
806 5794 1037 5849 magnus
1073 5778 1367 5845 logotheta,
1414 5770 1608 5844 postea
1672 5778 1837 5833 variis
1873 5796 1973 5831 au-

397 5860 518 5905 ctus
564 5848 959 5919 dignitatibus.
996 5850 1363 5903 Cantacuzen.
1410 5849 1506 5902 lib.
1575 5864 1653 5913 m,
1699 5865 1818 5918 Cap.
1881 5850 1971 5904 72.

2081 5780 2227 5833 Illius
2260 5798 2365 5833 non
2397 5772 2564 5835 scine!
2605 5783 2731 5835 alibi
2767 5785 3034 5839 meminit.
3079 5786 3311 5842 Ducam.

2155 5852 2267 5923 ((59)
2299 5853 2597 5906 Cantacuz.
2632 5854 2730 5909 lib.
2765 5871 2845 5919 tu,
2867 5871 2985 5925 cap.
3037 5858 3125 5913 87.
3162 5858 3379 5913 Dcusc.

3728 5913 3733 6021 ἕ

3728 6028 3731 6067 ι

3728 6302 3729 6377 ι

3728 6410 3729 6464 i
