3796 6582
456 368 563 432 955
705 364 778 438 [Α.
821 381 869 420 n.
916 366 1075 428 6852.
1103 382 1203 421 tuo.
1250 364 1337 439 l2]

1657 318 2078 434 menmium
2117 370 2500 437 GREGORA!

2856 368 2988 442 [ιιιο.
3038 372 3346 436 afluent.
3376 371 3426 445 4]
3555 386 3628 454 g3;

453 500 578 537 csse
613 485 787 539 visum
818 498 903 541 est
933 488 1281 557 tranquillam
1320 486 1490 544 vitam
1525 488 1751 560 eligere.
1784 492 1854 545 ab
1884 490 2026 545 auli-

2139 496 2412 567 τραγικῶν
2448 492 2680 568 [Ροιὸἓ]
2715 493 3014 549 ἀπολαύειν
3060 495 3172 549 τῶν
3225 500 3528 567 συμφορῶν)ο
3551 506 3630 561 τῶν

454 576 537 629 ris
570 575 798 633 theatris
826 576 1162 634 absistendo.
1192 578 1425 635 Sublito
1474 582 1619 636 enim
1671 583 1793 637 mali
1848 582 2031 637 irrita-

456 677 663 733 mento,
708 673 1043 741 remotisque
1093 670 1161 726 iis
1185 688 1306 741 qure
1356 674 1758 730 contensiosam
1792 690 2029 743 pugnam

456 762 785 826 accendunt,
828 766 994 819 etiam
1046 765 1216 835 ipsius
1263 767 1387 822 mali
1430 767 1867 837 progressionem
1915 785 2033 823 ecs-

454 870 581 909 sare
612 856 945 911 existimavi.
986 856 1123 912 Cum
1162 858 1346 929 itaque
1378 858 1655 915 hortando
1686 859 1824 914 alios
1856 862 2027 915 nemi-

456 959 582 998 nem
613 944 706 1014 qui
736 946 985 1001 crederet
1014 946 1259 1003 invenire
1293 948 1618 1018 potuissem.
1644 948 1695 1003 id
1725 949 1851 1014 feci,
1882 951 2028 1019 quod

456 1039 509 1091 in
540 1054 627 1093 me
649 1049 790 1093 erat.
822 1038 1141 1095 Tumultum
1163 1058 1357 1111 nempe
1374 1057 1439 1095 ex
1464 1058 1596 1111 pace
1618 1041 1838 1097 efﬁcere
1864 1044 2028 1097 etiam

454 1130 736 1187 vilissimis
770 1140 823 1186 et
854 1132 1053 1188 infima:
1080 1134 1238 1204 721
1289 1134 1465 1204 plebis
1509 1135 1826 1191 hominibus
1868 1136 2031 1192 facile

453 1231 573 1290 est;
620 1240 688 1279 ex
737 1226 973 1279 tumultu
1023 1241 1153 1279 vero
1207 1241 1416 1295 pacem,
1463 1243 1531 1281 ne
1581 1227 2030 1297 prudentissimis

453 1316 675 1384 quidem
705 1316 863 1371 valde
891 1326 1223 1387 promptum.
1253 1318 1496 1372 Alterum
1523 1318 1725 1388 quippe
1744 1319 2029 1376 liberrimo

453 1419 665 1463 naturae
695 1409 898 1477 impetu
930 1408 1138 1464 fertur:
1172 1418 1419 1463 naturam
1455 1425 1617 1477 porro
1652 1410 2027 1466 inordinatum

454 1503 711 1571 quiddam
739 1517 857 1559 esse
886 1512 1101 1557 constat
1135 1511 1191 1556 et
1228 1503 1497 1572 iuzrquale
1531 1504 1808 1559 :alterum
1844 1513 2026 1558 autem

456 1602 608 1646 rerto
636 1593 804 1646 animi
839 1592 1045 1662 judicio
1075 1601 1129 1646 et
1162 1593 1503 1663 sapientibus
1523 1593 1769 1648 consiliis
1796 1594 2026 1664 regitur.

458 1683 643 1755 Itaque
675 1685 804 1740 illud
829 1688 1069 1755 quidem.
1107 1694 1164 1740 ut
1190 1685 1536 1742 occasionem
1567 1686 1860 1742 discordiis
1888 1704 2027 1759 prte-

461 1779 605 1840 heat.
630 1794 824 1834 causas
871 1781 1307 1834 comminiscitur
1347 1780 1512 1835 etiam
1553 1794 1648 1835 eas
1697 1796 1821 1852 quas
1866 1782 2030 1837 nulla:

458 1882 588 1927 sunt
624 1889 638 1926 :
672 1872 815 1927 istud
846 1887 975 1928 vero
1008 1872 1170 1926 etiam
1208 1887 1323 1939 eas,
1352 1888 1474 1943 quae
1502 1873 1760 1941 subsunt,
1784 1874 2031 1930 recidere

452 1975 718 2033 conatur;
774 1966 923 2021 velut
969 1965 1245 2029 medicus.
1306 1968 1402 2033 qui
1456 1954 1683 2032 morbo,
1737 1974 2029 2037 antequam

451 2064 703 2119 crescat,
768 2055 821 2111 in
881 2056 996 2125 ipsa
1050 2056 1232 2111 radice
1294 2056 1564 2113 medicam
1624 2057 1852 2113 adhibet
1914 2074 2033 2114 ma-

452 2165 604 2205 ιιιιιιι.

527 2238 591 2295 ll.
626 2239 754 2295 Mihi
807 2241 971 2313 igitur
1016 2244 1362 2315 tranquillam
1405 2244 1571 2298 vitam
1615 2243 1814 2315 eligere
1857 2245 2034 2302 satius

452 2332 628 2386 visum
673 2342 776 2400 est,
821 2342 877 2389 et
909 2334 998 2390 illa
1037 2336 1317 2405 cogitanti,
1358 2345 1415 2390 et
1453 2336 1556 2392 hoc
1598 2336 1758 2391 simul
1802 2337 2036 2393 Zenonis

453 2426 604 2481 illius
645 2426 907 2496 sapientis
956 2429 1364 2497 reminiscenti;
1396 2428 1490 2499 qui
1522 2429 1724 2485 celebri
1757 2430 1810 2484 in
1842 2432 2035 2485 convi-

449 2520 563 2583 vio,
594 2534 717 2574 cum
749 2519 1034 2576 ambitiose
1064 2521 1261 2575 cacterii
1299 2522 1604 2592 philosophi
1646 2523 1790 2593 apud
1831 2523 2037 2591 legatos

453 2608 781 2678 Babylonios
802 2609 1166 2678 disputarent.
1198 2611 1393 2667 silebat
1418 2612 1533 2683 ipse
1559 2613 1727 2677 solus,
1753 2621 1808 2668 et
1830 2613 2034 2670 silentii

452 2717 671 2758 causam
721 2701 1125 2758 sciscitantibus
1169 2702 1380 2774 legatis,
1420 2712 1482 2758 ut
1520 2703 1786 2761 haberent
1832 2700 2035 2776 aliquid

452 2794 521 2847 de
552 2808 619 2848 eo
657 2793 814 2859 certi,
863 2794 1006 2857 quod
1042 2795 1153 2865 regi
1200 2795 1578 2850 renuntiarent
1611 2813 1627 2850 :
1661 2813 1682 2848 ι
1713 2796 1895 2859 Abite.
1951 2800 2036 2853 in-

453 2886 592 2955 quit,
624 2901 688 2941 ae
718 2887 1051 2962 renuntiate,
1082 2887 1285 2944 vidisse
1322 2902 1417 2943 vos
1444 2888 1675 2944 Athenis
1703 2904 1830 2945 eum
1860 2890 2040 2947 humi-

452 2995 602 3044 nem,
635 2980 727 3049 qui
755 2979 918 3035 silere
953 2979 1007 3035 iu
1034 2979 1287 3036 convivio
1322 2989 1526 3053 posset.
1558 3000 1578 3034 ε

2134 588 2444 657 κρατίστων
2480 584 2623 642 εἶναι
2676 587 2847 650 κάμοὶ
2878 585 2970 640 τὸν
3012 586 3241 658 ἡσύχιον
3272 588 3411 653 ἔδοξε
3436 591 3530 657 βίον
3552 598 3633 651 ἑλέ.

2136 682 2281 744 σθαι,
2313 680 2423 735 τῶν
2470 680 2769 747 βασιλικῶν
2833 680 3094 750 ἀφεμένω
3125 680 3387 748 θεάτρων.
3432 684 3520 739 Τοῦ
3556 694 3635 760 γὰρ

2132 774 2469 845 ἱρεθίζοντος
2523 775 2622 828 καὶ
2659 774 2841 846 μάχην
2887 774 3181 828 ἀντίπαλον
3235 775 3530 841 ἀνιστῶντος
3564 786 3638 837 οὐκ

2131 870 2303 932 ὄντος.
2338 858 2653 923 παύσασθαί
2681 869 2742 922 τδ
2783 870 3087 937 νεμόμενον
3130 870 3232 939 τῆς
3260 870 3452 928 κακίας
3480 874 3637 944 ᾠήθην,

2134 962 2300 1018 Ὅθεν
2340 964 2532 1034 ἐπειδὴ
2561 964 2675 1026 τοῖς
2703 963 2883 1027 ἄλλοις
2929 963 3291 1034 παραινοῦντί
3323 981 3410 1030 μοι
3431 968 3536 1031 τοὺς
3558 990 3642 1025 πει.

2132 1053 2391 1124 θομὲνους
2418 1054 2600 1123 ἥκιστ’
2632 1054 2777 1124 ἔχειν
2804 1056 2955 1125 ινῆν,
2979 1057 3041 1108 τὸ
3071 1054 3191 1109 κατ’
3213 1056 3445 1125 ἐμαυτὸν
3480 1060 3644 1118 ἐποίουν

2132 1146 2317 1210 αὐτός.
2357 1145 2603 1218 Θόρυϐον
2640 1148 2741 1217 μὲν
2769 1148 2880 1219 γὰρ
2915 1148 2976 1214 ιξ
3000 1149 3221 1223 είρήεης
3257 1148 3436 1221 ῥᾴδιον
3459 1152 3645 1218 καὶτοῖς

2132 1239 2490 1308 φαυλοτάτοις
2522 1241 2616 1294 καὶ
2641 1241 2914 1312 βάναυσον
2949 1242 3144 1310 ἄγουσι
3184 1239 3301 1311 βίον
3322 1242 3502 1295 ποιεῖν·
3534 1246 3585 1299 ὲκ
3606 1250 3647 1301 δὲ

2131 1332 2379 1403 θορύϐων
2423 1334 2671 1403 είρήνην,
2707 1334 2829 1387 οὐδὲ
2853 1336 2968 1397 τοῖς
3016 1334 3226 1403 σφόδρα
3278 1337 3505 1397 συνετοῖς
3540 1336 3649 1403 μάλα

2129 1445 2212 1482 τοι
2263 1427 2469 1482 εὔοδον.
2513 1427 2589 1481 Τὸ
2642 1426 2741 1497 μὲν
2756 1427 2883 1496 ’γὰρ
2911 1426 3214 1498 αὐτονομίᾳ
3239 1424 3453 1494 φύσεως
3480 1426 3649 1494 ἄγεται·

2132 1521 2166 1591 ή
2199 1519 2258 1574 δὲ
2310 1519 2476 1589 φύσις
2532 1519 2773 1574 ἄτακτον
2805 1518 2901 1573 καὶ
2931 1519 3220 1586 ἀνώμαλον
3243 1518 3570 1588 ὡμολόγηται
3598 1516 3654 1575 ti-

2130 1625 2261 1662 ναι·
2319 1609 2382 1662 τὸ
2424 1608 2481 1663 δὲ
2527 1608 2750 1679 παιδείᾳ
2789 1608 2887 1661 καὶ
2933 1608 3151 1661 συνέσει
3182 1607 3566 1679 βεϐουλευμένῃ
3585 1613 3656 1664 καὶ

2133 1703 2378 1771 σώφροσι
2435 1700 2719 1769 λογισμοῖς
2769 1700 3101 1765 οἱακίζεται.
3139 1699 3306 1754 Ὀθεν
3364 1698 3425 1752 τὸ
3476 1700 3560 1768 μὲν
3588 1703 3657 1756 καὶ

2065 1831 2102 1887 ι,
2132 1794 2232 1855 τὰς
2260 1792 2362 1847 οὐκ
2391 1792 2558 1859 οὔσας
2589 1792 2925 1887 ἀναπλαττει
2960 1793 3296 1887 προφάσεις,
3332 1793 3513 1864 ἐφόδια
3541 1797 3660 1866 πυρί·

2137 1885 2231 1950 ζον
2255 1887 2374 1949 ταῖς
2408 1889 2632 1957 μάχαις·
2681 1886 2743 1939 τὸ
2787 1885 2844 1940 δὲ
2906 1885 3003 1941 καὶ
3058 1886 3159 1949 τάς
3203 1885 3377 1949 οὖσας
3430 1887 3659 1955 ἐκτέμνειν

2137 1977 2414 2047 πειρᾶται.
2460 1977 2714 2049 καθάπερ
2750 1977 2934 2048 ἰατρὸς
2984 1977 3093 2048 πρδ
3142 1978 3242 2047 τῆς
3287 1977 3520 2049 βλάπης
3542 1980 3660 2051 ὲντῇ

2138 2066 2265 2139 ῥίζῃ
2299 2067 2400 2141 τὴν
2443 2067 2737 2138 θεραπείαν
2776 2068 3135 2140 τεχνώμενος.

2207 2249 2283 2306 B’.
2326 2249 2481 2321 Ἐμοὶ
2509 2251 2609 2322 μὲν
2637 2250 2733 2305 οὖν
2773 2249 2865 2305 διά
2888 2266 2948 2303 τε
2979 2250 3154 2305 ταῦτα
3203 2249 3420 2320 βέλτιον
3457 2252 3540 2304 τὸν
3563 2253 3665 2321 ἡσυ-

2135 2362 2252 2414 χιον
2288 2345 2432 2412 εδοξε
2466 2344 2581 2413 βίον
2625 2344 2869 2409 ἑλέσθαι,
2929 2346 3024 2399 καὶ
3062 2345 3184 2414 ἅμα
3243 2348 3572 2416 μεμνημένῳ
3597 2349 3669 2399 ιά-

2138 2436 2286 2489 κεῖνο
2330 2435 2393 2488 τὸ
2430 2435 2676 2504 Ζήνωνος
2722 2435 2817 2489 τοῦ
2868 2436 3061 2506 σοφοῦ,
3112 2437 3262 2496 ὅπως
3313 2437 3376 2490 ἐν
3432 2438 3669 2506 συμποσίῳ

2141 2527 2363 2598 μακρῷ,
2425 2528 2536 2581 τῶν
2583 2529 2760 2583 ἀλλων
2806 2529 2991 2599 σοφῶν
3039 2528 3429 2591 ἐπιδεικτικῶς
3475 2532 3577 2594 τοῖς
3625 2533 3671 2583 ὲκ

2138 2621 2457 2685 Βαϐυλῶνος
2527 2622 2861 2692 ὁμιλούντων
2923 2622 3224 2692 πρέσϐεσιν
3250 2666 3266 2689 ,
3331 2624 3495 2694 μόνος
3548 2625 3672 2687 auri;

2138 2715 2372 2779 ἐσιώπα,
2405 2717 2500 2771 καὶ⁹
2545 2713 2644 2786 τὴν
2679 2716 2861 2770 αἰτίαν
2912 2715 3024 2769 τῶν
3088 2716 3380 2787 πρέσϐεων
3438 2718 3710 2793 ἐρομένου¹

2137 2811 2236 2878 τῆς
2296 2807 2536 2878 σιωπῆς,
2598 2809 2665 2863 ἶν’
2721 2810 2900 2879 ἔχοιεν
2960 2810 3331 2878 ἀπαγγέλλειν
3386 2812 3471 2882 τῷ
3503 2811 3673 2880 βασιλεί

2142 2901 2311 2969 σαφές
2331 2918 2383 2955 τι
2418 2901 2547 2971 περὶ
2578 2900 2744 2955 αὐτοῦ
2766 2916 2780 2930 ·
2812 2921 2831 2953 ι
2858 2902 3227 2970 Πορευθέντες
3252 2904 3633 2971 ἀπαγγείλατε,
3661 2926 3674 2956 ι

2140 2994 2330 3060 φησὶν,
2370 3010 2388 3043 ι
2426 2992 2555 3045 ἰδεῖν
2600 2993 2657 3044 ὲν
2712 2991 2969 3062 Ἀθήναις
3018 2991 3333 3061 ἄνθρωπον,
3391 2993 3595 3063 σιωπᾷν
3634 2995 3676 3044 ἐν

2142 3082 2430 3151 συμποσίῳ
2474 3081 2607 3135 δυνά
2614 3098 2799 3151 μενον.
2840 3100 2860 3134 ι

523 3169 615 3228 Ill.
655 3170 804 3227 idem
855 3186 956 3235 ego
990 3185 1115 3226 cum
1167 3169 1440 3239 fecissem,
1485 3172 1887 3243 prospiciebam
1922 3181 2029 3228 tan-

2211 3173 2285 3230 Γ.
2324 3173 2482 3228 Οὕτω
2509 3173 2574 3245 δὴ
2625 3173 2928 3246 πεπραχὼς
2969 3176 3064 3229 καὶ⁸
3102 3175 3270 3239 αὐτὸς
3301 3177 3498 3249 ἐώρων
3523 3176 3679 3244 ὥσπερ

453 3277 619 3331 quam
651 3278 682 3317 e
719 3264 940 3333 specula
987 3278 1103 3331 eos,
1138 3264 1232 3334 qui
1276 3262 1531 3334 utrinque
1576 3263 2032 3330 elfervescebaut,

455 3364 564 3410 tam
616 3355 859 3411 civilium
908 3371 1070 3427 quam
1128 3356 1624 3413 ecclesiasticorum
1693 3358 2033 3428 negotiorum

454 3448 677 3512 ﬂiictus,
723 3449 993 3504 acerrime
1042 3449 1186 3504 inter
1217 3463 1275 3505 se
1305 3459 1595 3514 certantes,
1643 3450 1836 3520 ecquis
1871 3466 2035 3519 supe-

457 3541 568 3593 rior
607 3540 894 3604 evaderet;
948 3540 1195 3610 atquein
1227 3538 1407 3595 medio
1455 3539 1592 3594 duas
1625 3540 1793 3594 veluti
1846 3554 2030 3605 naves,

454 3635 605 3689 nulla
634 3635 773 3703 lege,
807 3634 958 3689 nullo
985 3634 1179 3690 ordine
1198 3645 1414 3702 euntes,
1437 3635 1529 3691 sed
1556 3635 1762 3704 impetu
1793 3633 2032 3704 quodam

456 3735 718 3794 motuque
772 3723 1102 3791 temerario,
1157 3738 1304 3780 casco
1348 3732 1405 3779 et
1455 3725 1703 3796 inaequali
1760 3726 2033 3798 abreptas.

455 3818 673 3887 qualem
721 3815 888 3872 eﬂicit
925 3832 1117 3885 casus;
1165 3826 1225 3872 ut
1264 3833 1364 3873 nec
1403 3826 1647 3889 possent,
1694 3836 1794 3875 nec
1835 3820 2036 3875 vellent

454 3902 713 3977 opitulari
742 3906 849 3962 sibi
884 3908 1115 3965 invicem
1145 3888 1566 3974 circumventis;
1601 3888 1703 3965 sed
1750 3910 1955 3977 pariter
1978 3920 2036 3965 et

457 4003 623 4075 722
678 4003 781 4058 sibi
829 4004 962 4074 ipsis
1008 4003 1274 4076 singulae.
1321 4013 1378 4060 et
1423 4005 1593 4061 altera
1651 4006 1808 4060 alteri
1857 4006 2033 4075 palam

457 4108 623 4167 atque
653 4097 795 4152 ultro
823 4105 1127 4152 extremum
1167 4096 1390 4150 exitium
1421 4096 1766 4159 molirentur.
1800 4111 2034 4167 surgen-

461 4191 706 4257 tiumque
738 4190 865 4244 inde
904 4203 1090 4243 coram
1129 4188 1389 4243 [lui-tuum
1437 4189 1635 4243 molem
1673 4188 1860 4243 videre
1886 4198 2033 4243 esset

456 4292 735 4337 curvatam
792 4283 1032 4353 umlique
1080 4283 1132 4337 in
1182 4283 1536 4353 Olympon-um
1578 4291 1636 4336 et
1668 4283 2033 4338 Caucasorum

457 4376 718 4443 speciem,
745 4384 794 4428 rt
821 4375 865 4429 si
891 4373 1014 4444 quis
1034 4378 1197 4428 'mons
1224 4374 1358 4428 alius
1386 4372 1621 4428 nubibus
1654 4372 1816 4428 altior
1844 4388 2035 4429 exsur-

455 4468 554 4541 git,
597 4477 651 4523 et
681 4468 745 4522 ad
780 4467 1001 4522 aetheris
1041 4481 1212 4535 usque
1244 4464 1476 4520 confinia
1512 4464 1789 4534 pertingit.

529 4748 618 4804 IV.
653 4747 815 4818 Atqui
848 4744 1044 4817 priscis
1064 4744 1426 4816 sapientibus,
1450 4745 1543 4817 qui
1572 4746 1800 4803 Athenis
1823 4748 2030 4814 vixere,

457 4840 736 4909 nunquam
784 4840 919 4895 alias
966 4838 1216 4893 altercari
1266 4848 1322 4893 et
1368 4838 1661 4894 verborum
1733 4841 2034 4895 certamina

456 4928 764 4996 instituere,
789 4940 952 5001 atque
980 4929 1170 4983 obvias
1216 4945 1462 5000 quasque
1493 4946 1655 4987 aures
1680 4931 1878 5003 linguae
1907 4947 2033 4987 ver-

456 5021 681 5079 beribus
727 5022 950 5091 fatigare
992 5019 1174 5085 libuit,
1215 5020 1317 5075 nisi
1357 5036 1483 5075 cum
1526 5022 1761 5076 tumultu
1808 5033 2035 5078 externo

460 5110 723 5179 bellisque
768 5110 1084 5165 adventitiis
1129 5124 1354 5180 prorsus
1398 5109 1637 5165 defuncti
1683 5120 1862 5164 erant.
1895 5109 2034 5163 Tum

457 5198 664 5271 quippe
703 5200 756 5254 in
797 5199 1011 5256 diversa
1040 5209 1313 5256 sectarum
1349 5201 1564 5272 agmina
1591 5200 1793 5257 scisses
1823 5200 2040 5257 Graecus

458 5292 727 5347 dissidere
796 5301 1013 5362 tempus
1070 5292 1317 5357 ferebat,
1385 5293 1548 5349 modo
1618 5292 2039 5369 Epicureorum.

408 5444 417 5447 ,
461 5382 626 5440 modo
674 5384 1134 5457 Pythagon-orum
1161 5428 1175 5451 ,
1216 5395 1273 5439 et
1316 5385 1631 5456 quicunque
1672 5387 1761 5441 alii
1810 5389 2042 5458 posteris

388 5484 391 5485 ⁷
464 5479 781 5532 memoriam
828 5479 1062 5548 amplam
1116 5479 1410 5547 prodidere
1452 5495 1641 5534 carum
1687 5496 1892 5545 rerum,
1922 5497 2043 5549 qua:

463 5571 832 5626 Contentionis
860 5571 1505 5635 materiam'prmbereut.
1544 5575 1611 5627 At
1640 5573 1733 5628 hic
1767 5588 1890 5628 cum
1921 5574 2044 5626 iuli-

2136 3270 2200 3323 ἐκ
2255 3268 2490 3330 σκοπιᾶς
2539 3267 2747 3340 σφόδρα
2799 3267 3377 3336 ἀντιφιλωεικοῦντας
3427 3270 3552 3332 τοὺς
3577 3270 3682 3322 ἑκα-

2136 3356 2372 3430 τέρωθεν
2400 3359 2821 3429 ἀναϐράσαντας
2865 3359 3143 3425 κλύδωνας
3175 3359 3239 3413 ἐκ
3278 3377 3339 3413 τε
3392 3361 3506 3414 τῶν
3543 3361 3679 3430 δημο-

2138 3451 2270 3506 σίων
2301 3451 2366 3505 εκ
2395 3468 2455 3505 τε
2504 3451 2614 3506 τῶν
2651 3450 2813 3520 ἱερῶν
2838 3450 2940 3516 τῆς
2984 3451 3317 3522 Ἐκκλησίας
3351 3454 3680 3522 πραγμάτων,

2134 3543 2280 3605 ὅστις
2310 3541 2451 3612 λάϐῃ
2478 3541 2537 3595 τὸ
2583 3541 2793 3611 μεῖξον,
2828 3542 2924 3594 καὶ
2945 3541 3102 3613 δίκην
3128 3542 3379 3596 ὁλκάδων
3422 3543 3563 3597 δυοῖν
3593 3543 3681 3611 (73)

2136 3637 2195 3688 ἑν
2227 3635 2376 3705 μέσῳ
2439 3633 2779 3704 πλημμελῶς
2829 3635 2925 3690 καὶ
2961 3635 3218 3698 ἀτάκτως
3253 3635 3566 3705 ἀγομένων,
3604 3636 3685 3687 καὶ

2136 3726 2457 3795 φερομένων
2505 3724 2680 3794 φοράν
2712 3742 2836 3778 τινα
2866 3727 2962 3779 καὶ
2987 3725 3209 3797 κίνησιν
3242 3727 3610 3799 ἀκυϐέρνητον
3634 3744 3681 3778 τε

2136 3819 2230 3873 καὶ
2283 3820 2477 3887 ἄλογον
2530 3820 2624 3874 καὶ
2669 3818 2991 3889 ἀνώμαλοις
3027 3822 3125 3876 καὶ
3179 3821 3300 3875 οταν
3351 3824 3497 3875 ποιεῖ
3522 3822 3580 3873 τὸ
3604 3820 3683 3873 αὺ-

2135 3915 2391 3983 τὸματονο
2423 3912 2500 3976 ὡς
2532 3915 2675 3983 μετά
2717 3913 2814 3968 τοῦ
2847 3914 2924 3986 μὴ
2953 3913 3220 3969 δύνασθαι
3257 3914 3395 3986 μηδὲ
3426 3912 3681 3983 ὼύλεσθαι

2137 4006 2355 4078 βοηθεῖν
2403 4007 2929 4076 περιστατουμένοις
2984 4008 3241 4077 ἀλλήλοις
3269 4024 3283 4038 '
3341 4008 3456 4062 ἀλλ’
3505 4006 3681 4075 ὁμοίως

2135 4098 2351 4161 ἑαυτοῖς
2411 4114 2471 4151 τε
2522 4100 2619 4151 xci.
2677 4097 2934 4164 ἀλλήλοις
2992 4098 3052 4161 ἐς
3102 4100 3416 4167 τούμφανὲς
3459 4097 3594 4151 ἑκών
3634 4113 3682 4162 γε

2134 4184 2274 4243 εῖναι
2303 4192 2394 4244 τὸν
2433 4189 2660 4260 ἔσχατον
2698 4188 2919 4258 δλεθρον
2952 4189 3155 4260 ἀμφοῖν
3186 4188 3684 4260 πραγματεύεσθαιο

2135 4284 2212 4347 ὠς
2263 4282 2364 4355 τὴν
2416 4282 2526 4336 τῶν
2575 4280 2828 4336 ἐντεῦθεν
2871 4282 3136 4353 ἄντικρυς
3168 4284 3431 4353 κυμάτων
3473 4284 3686 4353 μίμησιν

2137 4373 2557 4444 κορυφουμένην
2590 4369 2730 4427 εἶναι
2762 4375 2898 4445 ὁρᾷν
2924 4375 3268 4444 πανταχόθεν
3288 4378 3369 4439 εἰς
3405 4375 3683 4444 ὐλύμπους

2139 4466 2236 4517 καὶ
2267 4465 2616 4530 Καυκάσους,
2667 4463 2764 4517 καὶ
2822 4462 2873 4516 εί
2920 4463 3113 4516 τιτῶν
3159 4463 3306 4534 ὁρῶν
3353 4462 3686 4536 ὐπερνέφελὸν

2139 4560 2200 4613 τέ
2230 4562 2349 4611 ἐστι
2395 4557 2491 4612 καὶ
2546 4558 2716 4628 μέχρι
2748 4556 2843 4610 καὶ
2897 4561 2954 4620 ἐς
3011 4555 3235 4628 αἰθέρος
3268 4558 3429 4627 φοιτᾷ
3464 4557 3683 4631 γειτονή-

2140 4666 2307 4721 ματα.

2208 4742 2280 4797 Δ’.
2313 4742 2504 4797 Καίτοι
2556 4745 2650 4796 καὶ
2695 4741 3003 4812 Ἀθηναίων
3043 4743 3158 4804 τοῖς
3191 4741 3362 4795 πάλαι
3408 4743 3580 4809 σοφοῖς
3602 4738 3683 4791 οὐκ

2137 4834 2329 4890 ἄλλοτέ
2374 4852 2504 4889 ποτε
2541 4835 2875 4901 στασιάζειν,
2914 4834 3007 4887 καὶ
3041 4834 3491 4901 γλωττοδαίδαλον
3520 4832 3689 4902 μάχην

2138 4928 2399 5000 ἐγείρειν,
2457 4929 2555 4982 καὶ
2614 4927 2722 4991 πὺξ
2775 4927 2885 4982 ἀπὸ
2939 4927 3208 4995 στόματος
3259 4926 3429 4990 ἀκοὰς
3475 4926 3689 4992 ἐνοχλεῖν

2141 5019 2467 5082 ἀπαντώσας
2490 5017 2680 5097 ἀπῄει,
2709 5017 2743 5089 ἢ
2783 5018 2870 5071 ὅτε
2891 5018 3002 5070 τῶν
3032 5018 3139 5084 ἔξω
3168 5017 3411 5087 θορύϐων
3439 5033 3489 5067 τε
3507 5016 3693 5065 καὶπο-

2142 5112 2590 5182 λέμωνβκδὴμων
2609 5112 2842 5180 πάμπαν
2863 5106 3003 5181 ἦσαν
3023 5111 3451 5180 ἀπηλλαγμένοι.
3475 5107 3552 5181 [Ρ.
3575 5103 3688 5171 455}

2135 5206 2281 5259 Τότε
2320 5206 2427 5274 γὰρ
2458 5205 2553 5258 καὶ
2602 5205 2741 5275 πρὸς
2782 5203 3072 5275 διαφόρους
3117 5204 3384 5271 αἱρέσεων
3430 5202 3693 5271 φάλαγγας

2144 5296 2299 5362 ὤραν
2355 5291 2470 5364 εἶχε
2522 5295 2592 5347 τὰ
2644 5293 2916 5364 Ἑλλήνων
2972 5292 3262 5362 σχίζεσθαι
3304 5294 3552 5363 δόγματα,
3606 5287 3693 5337 νῦν

2149 5389 2247 5455 μὲν
2283 5386 2698 5457 Ἐπικουρείων,
2730 5385 2825 5438 νῦν
2849 5386 2907 5440 δὲ
2931 5386 3339 5458 Πυθαγορείων,
3369 5387 3452 5439 καὶ
3477 5386 3587 5436 ὅσοι
3624 5379 3695 5448 τῷ

2145 5479 2325 5549 χρόνῳ
2351 5479 2451 5549 τὴν
2484 5479 2705 5549 μνήμην
2748 5477 3053 5550 παρέδοσαν
3104 5480 3336 5548 ἄφθονον
3364 5479 3459 5531 τῶν
3480 5475 3572 5544 τὴν
3600 5474 3692 5538 τῆς

2146 5571 2322 5643 ἔριδος
2358 5569 2628 5642 χορηγίαν
2670 5570 3081 5640 παρεχομένων.
3126 5569 3391 5625 ἐνταῦθα
3422 5567 3469 5619 δὲ
3493 5563 3697 5634 μυρίαν

1826 5738 2168 5811 variorum
2206 5746 2392 5796 noun.

549 5858 662 5931 (73)
691 5857 836 5915 Duas
860 5862 1015 5917 veluti
1040 5879 1215 5933 nares,
1258 5861 1557 5919 Ecclesiam
1604 5840 1816 5920 scilicet
1847 5869 1901 5917 ct
1935 5863 2248 5933 impcrium.
2286 5860 2495 5915 Bonus.
