3920 6584
476 434 582 501 9ὓ²1

761 437 837 510 [Α.
876 453 933 491 n.
972 438 1266 504 6855,1Νο.
1314 438 1406 509 13]

1692 440 2114 506 NICEPHORI
2153 439 2534 503 GREGORrE

2877 434 3013 508 [ων.
3056 453 3100 493 ι.
3143 453 3374 495 Ρλιιοι..
3415 438 3468 512 ι]
3593 448 3680 510 εδδ
3727 519 3730 522 η

479 550 744 622 dignitate
784 563 840 608 et
868 550 1069 625 generle
1104 556 1461 626 praestabant,
1486 547 1665 628 neque
1700 558 1845 614 ullus
1874 564 2041 619 esset,

2158 551 2215 626 ἣν
2243 555 2395 626 αύτῷ
2416 597 2432 620 ,
2462 555 2599 609 ἀλλὰ
2628 554 2832 617 πάντες
2862 555 3165 623 ἐδεδίεσαν,
3196 554 3387 627 ὥσπερ
3421 557 3574 611 πάλαι
3596 560 3683 613 Συ-

478 642 575 712 qui
632 645 821 726 oculos
870 656 1060 703 contra
1112 649 1361 706 attollere
1404 651 1664 717 auderet,
1717 651 1810 706 sed
1859 664 2049 705 omnes

479 733 925 800 extimescerent,
959 747 1019 792 ut
1052 737 1185 793 olim
1225 739 1552 811 Syracusani
1589 742 1932 813 Dionysium,
1964 740 2051 796 Si-

479 824 619 878 ciliic
650 834 969 897 tyrannum.

552 915 643 969 lll.
678 916 1023 991 Quapropter
1049 922 1103 978 in
1128 924 1303 980 veteri
1336 925 1538 996 palatio
1564 925 1829 981 munitam
1859 941 2053 997 quam-

483 1007 609 1062 dam
644 1012 841 1065 turrim
866 1051 880 1077 ,
920 1028 1032 1083 prae
1074 1017 1287 1072 caeteris
1340 1017 1633 1084 delectam,
1686 1018 1931 1074 decrevit
1972 1021 2049 1077 ita

483 1099 848 1168 exaediﬁcare,
876 1111 937 1157 ut
972 1104 1024 1159 in
1059 1107 1285 1185 multam
1316 1107 1661 1165 altitudinem
1696 1110 2049 1176 eveheretur,

483 1191 805 1264 cellulzeque
834 1196 1077 1252 inessent
1124 1199 1403 1268 plurimae,
1441 1211 1695 1271 paterent
1723 1213 1906 1258 autem
1936 1203 2049 1259 sin-

483 1284 644 1353 gulae,
686 1288 792 1339 tam
838 1286 893 1341 in
919 1288 1138 1358 longum
1168 1305 1330 1359 quam
1363 1290 1418 1344 in
1445 1292 1637 1357 latum,
1664 1309 1775 1349 non
1811 1295 1931 1365 plus
1958 1311 2052 1350 or-

484 1378 643 1446 gyia:
676 1378 900 1448 crepido
929 1395 1061 1434 vero
1094 1396 1190 1436 seu
1226 1382 1529 1437 ambulatio
1561 1384 1674 1450 illa,
1704 1401 1828 1454 quae
1861 1402 2050 1442 muro-

483 1481 602 1520 rum
636 1467 851 1539 fastigia
883 1470 1074 1535 ambit,
1102 1487 1212 1526 non
1245 1474 1392 1528 intus
1416 1474 1511 1529 sed
1535 1475 1875 1533 extrinsecus
1904 1487 2051 1534 esset

483 1556 859 1613 circumducta
888 1574 1004 1625 ;.eo
1031 1560 1241 1616 scilicet
1275 1576 1337 1617 ut
1368 1562 1433 1618 iis
1474 1565 1757 1630 omnibus,
1788 1583 1928 1639 quos
1957 1570 2050 1625 ille

481 1651 577 1696 aut
601 1644 816 1701 vinctos
847 1648 1088 1713 tenebat,
1129 1659 1226 1707 aut
1259 1651 1310 1704 in
1343 1654 1562 1708 vincula
1611 1655 1886 1727 conjicere
1938 1674 2051 1715 mc-

483 1734 781 1802 ditabatur,
839 1740 1044 1794 coactis
1098 1740 1251 1796 intus
1300 1752 1466 1813 atque
1510 1746 1808 1814 conclusis,
1842 1751 2047 1806 nullam

2153 645 2431 720 ρακούσιοι
2463 644 2742 701 Διονύσιον
2765 644 2860 702 τὸν
2884 646 3143 712 Σικελίας
3168 647 3448 720 τύραννον.

2221 920 2299 977 Γ.
2326 921 2489 978 Ὅθεν
2524 922 2725 995 ὀχυρόν
2755 938 2879 976 τινα
2917 920 3126 993 πύργον
3162 920 3273 974 τῶν
3306 919 3452 975 ἔνδον
3481 916 3567 973 τοῦ
3602 936 3687 973 πα-

2145 1016 2308 1070 λαιοῦ
2347 1015 2612 1070 παλατίου
2653 1015 3060 1085 ἀπολεξάμενος
3096 1014 3519 1077 κατασκευάζειν
3550 1013 3690 1082 ὲγνὼο

2148 1127 2235 1163 κει
2263 1110 2398 1180 πρὸς
2427 1109 2575 1178 μάλα
2601 1108 2735 1164 πολὺ
2761 1108 2859 1163 τοῦ
2887 1107 3049 1180 ἀέρος
3077 1106 3165 1180 [Ρ.
3194 1105 3324 1179 659]
3351 1106 3411 1159 τὸ
3435 1105 3557 1174 ὕψος
3584 1107 3692 1159 ave.

2149 1217 2342 1268 γοντα,
2371 1201 2467 1252 καὶ
2495 1199 2776 1262 οίκίσκους
2803 1200 2861 1253 ὲν
2888 1198 3037 1267 αὐτῷ
3071 1196 3302 1262 πολλοὺς
3334 1198 3464 1267 μὲν,
3491 1196 3691 1266 χώρημα

2147 1290 2192 1346 δ’
2212 1292 2441 1345 ἕκαστον
2465 1292 2658 1362 ἔχοντα
2684 1292 2893 1363 μήκους
2918 1291 3035 1361 ἅμα
3057 1294 3153 1346 καὶ
3178 1289 3413 1351 πλάτους
3435 1288 3575 1340 οὐδὲν
3593 1288 3696 1357 obp-

2149 1386 2276 1455 γιᾶς
2309 1384 2420 1455 (85)
2456 1384 2656 1455 μᾶλλον
2678 1398 2694 1413 ο
2725 1384 2816 1436 τόν
2843 1400 2907 1451 γε
2940 1384 3047 1453 μὴν
3079 1383 3172 1436 ἐπὶ
3200 1382 3306 1435 τῶν
3335 1382 3600 1446 ἑπάίξεων
3622 1396 3695 1431 πτ-

2153 1476 2407 1548 ρίδρομον
2431 1476 2530 1529 οὐκ
2553 1474 2782 1540 ἔσωθεν,
2813 1472 2928 1525 ἀλλ’
2952 1472 3154 1538 ἔξωθεν
3182 1466 3323 1525 εἶναι
3356 1471 3662 1540 ἐληλαμένον
3680 1485 3693 1499 ο

2152 1569 2324 1623 αῐτιον
2349 1567 2394 1622 δ’
2417 1568 2504 1621 ἱνα
2536 1566 2744 1629 πάντας
2777 1565 3010 1628 ὁπόσους
3040 1567 3244 1627 ἐκεῖνος
3272 1559 3388 1633 εἶχε
3417 1562 3694 1632 δεσμώτας.

2150 1661 2245 1715 καὶ
2272 1660 2430 1724 ὅσους
2456 1659 2600 1727 ἕξειν
2622 1658 2710 1711 διὰ
2734 1657 2963 1728 μελέτης
2985 1651 3117 1726 εἶχε,
3151 1653 3474 1723 συναγαγὼν
3491 1655 3578 1706 καὶ
3596 1668 3698 1718 συγ-

2149 1752 2373 1816 κλείσας
2434 1752 2588 1816 ὲντὺς
2651 1750 2924 1821 μηδεμίαν
2965 1748 3321 1819 ἀνεῳγμένην
3365 1747 3544 1809 αὐτοῖς
3581 1745 3697 1815 ἐάσῃ

482 1836 758 1896 patentem
807 1841 1022 1902 portam
1072 1834 1443 1906 relinqueret,
1492 1854 1592 1909 per
1639 1856 1803 1910 quam
1850 1844 2050 1915 aliquis

2158 1845 2364 1917 πύλην,
2396 1844 2464 1900 δι’
2488 1840 2559 1916 ἧς
2593 1844 2659 1900 ἄν
2694 1861 2780 1907 τις
2814 1842 3044 1897 εἰσέλθοι
3078 1857 3141 1895 τε
3174 1839 3271 1895 καὶ
3307 1838 3550 1904 ὶξὲλθοι·
3585 1836 3699 1889 ἀλλὰ

483 1920 713 1977 introire
758 1932 855 1979 aut
885 1926 1075 1996 egredi
1107 1939 1291 1998 posset
1321 1948 1336 1996 ;
1373 1930 1470 1986 sed
1519 1931 1796 2002 lapidibus
1824 1911 2050 1993 cunctas

2158 1911 2319 1999 λίθοι-ς
2341 1911 2438 1990 καὶ
2456 1911 2655 2006 τιτάνῳ
2675 1934 3020 2007 περιφράξας
3042 1933 3262 2034 ἁπάσας
3283 1930 3474 2001 ὥσπερ
3495 1929 3550 1982 δν
3567 1927 3700 1995 τάφῳ

479 2022 535 2068 οι
587 2031 756 2086 gypso
804 2017 1146 2086 Obstrueret,
1182 2030 1349 2093 atque
1398 2024 1473 2079 ita
1527 2026 1682 2096 quasi
1734 2029 1889 2084 vivos
1930 2029 2054 2086 illos

479 2107 761 2176 sepeliret.
1424 2170 1433 2179 ,

553 2197 644 2254 1V.
684 2199 982 2272 Postquam
1042 2204 1228 2276 itaque
1267 2207 1580 2266 absolutum
1630 2221 1719 2267 est
1758 2213 2051 2270 aedilicium

483 2288 618 2346 illud
665 2293 792 2348 novi
826 2300 1066 2366 generis,
1100 2315 1225 2355 cum
1278 2313 1560 2372 oporteret
1611 2305 1855 2360 triduum
1907 2307 2053 2364 intra

470 2382 601 2445 ’eos.
646 2386 741 2454 qui
788 2386 844 2442 in
890 2388 1127 2445 vinculis
1156 2402 1336 2459 erant,
1382 2395 1591 2451 includi
1624 2411 1815 2453 omnes
1859 2399 2047 2465 simul,

483 2484 743 2545 tanquam
775 2479 828 2533 in
857 2495 1041 2536 arcem
1069 2482 1289 2553 Oblivii,
1316 2497 1411 2541 aut
1460 2489 1771 2558 sepulcrum
1831 2492 2052 2563 aliquod

483 2577 800 2633 commune,
838 2569 1082 2628 incidere
1119 2573 1198 2628 illi
1230 2574 1284 2630 in
1312 2574 1559 2646 apertanl
1597 2576 1723 2635 vitae
1771 2584 2055 2651 praesentis

481 2658 904 2731 communisque
956 2664 1216 2722 omnibus
1247 2667 1388 2724 lucis
1424 2669 1885 2740 desperationem,
1927 2675 2057 2731 sub-

430 2772 443 2787 κ
487 2749 703 2821 iitque,
775 2753 987 2825 abjecta
1038 2758 1124 2812 sui
1179 2760 1421 2829 ipsorum
1470 2762 1628 2833 731
1678 2780 1832 2828 cura,
1881 2767 2053 2822 aleam

483 2858 703 2898 omnem
734 2846 996 2909 audacius
1016 2850 1223 2919 jacere,
1254 2860 1312 2906 et
1338 2860 1629 2923 antequam
1671 2856 1777 2911 vivi
1806 2868 2054 2927 paratum

483 2936 541 2991 in
566 2937 837 2993 tumulum
857 2938 1301 3005 detruderentur,
1320 2942 1553 2999 duorum
1579 2947 1810 3002 alterum
1831 2964 2051 3015 navare,

482 3036 648 3100 atque
686 3039 783 3085 aut
828 3039 1062 3103 tyranno
1113 3034 1387 3092 trucidato
1433 3052 1630 3106 parare
1680 3039 1789 3094 sibi
1822 3040 1955 3110 ipsis
1990 3042 2054 3096 li-

481 3120 775 3187 bertatem,
811 3133 904 3178 aut
932 3123 1081 3180 virili
1130 3126 1300 3182 semel
1343 3138 1520 3182 morte
1553 3132 1814 3199 appetita,
1845 3132 2056 3201 gravis-

483 3213 639 3268 simis
681 3216 735 3268 in
766 3224 1046 3286 posterum
1085 3219 1345 3274 aerumnis
1378 3220 1624 3277 liberari.
1664 3222 1717 3277 ld
1764 3224 2053 3279 consilium
2084 3251 2128 3310 ο

482 3319 609 3360 cum
646 3306 790 3360 inter
821 3322 880 3362 se
915 3310 1418 3365 communicassent
1448 3323 1683 3381 quatuor
1718 3329 1785 3370 ex
1820 3315 2056 3370 nobilio-

482 3395 657 3460 ribus,
690 3399 830 3453 ultra
863 3402 1115 3470 progredi
1153 3418 1262 3456 non
1291 3404 1518 3472 placuit,
1548 3420 1617 3459 ne
1648 3406 2052 3477 divulgaretur.

480 3485 715 3542 Eteninr
739 3491 852 3557 ipsa
882 3489 1052 3545 futuri
1086 3491 1362 3547 evidentia
1398 3498 1741 3552 manifestam
1775 3497 1937 3555 ﬁdem
1970 3499 2054 3554 fa-

482 3579 679 3642 ciebat,
699 3580 791 3634 ubi
819 3597 932 3647 rem
956 3587 1193 3654 aggressi
1218 3597 1423 3652 essent,
1448 3588 1661 3643 futuros
1683 3590 1749 3645 iis
1771 3591 2056 3663 adjutores

482 3673 538 3725 in
587 3686 654 3726 eo
705 3672 979 3728 libertatis
1023 3676 1325 3732 certamine
1371 3695 1466 3734 eos
1514 3696 1727 3744 omnes,
1760 3685 1855 3753 qui
1887 3685 2056 3741 vincti

462 3770 830 3831 tenerentur,
866 3781 1179 3836 quanquam
1212 3768 1355 3823 haud
1391 3772 1823 3841 pranneditatos.

571 4046 631 4101 γ.
673 4045 808 4103 Cum
859 4048 1027 4118 igitur
1067 4048 1272 4126 soleret
1321 4052 1645 4121 Apocaucus
1683 4052 1814 4109 illuc
1858 4056 2058 4126 saepius

488 4140 591 4207 ire,
626 4155 689 4195 ac
723 4151 853 4195 tunc
899 4122 1136 4197 maxime
1179 4143 1366 4197 fabros
1397 4142 1464 4197 ad
1496 4161 1633 4214 opus
1660 4157 1879 4216 urgeret
1916 4167 1932 4215 ;
1963 4148 2057 4206 ubi

489 4248 784 4303 supremus
834 4233 950 4288 dies
1002 4233 1178 4300 aﬂ‘uit,
1233 4250 1343 4305 quo
1394 4235 1683 4306 oportebat
1734 4238 1801 4293 ad
1845 4239 2056 4295 exitum

488 4326 712 4396 perduci
763 4341 825 4379 ea
869 4342 990 4397 qua:
1027 4317 1330 4403 deliberata
1359 4338 1537 4396 erant,
1571 4331 1723 4386 venit
1753 4342 1878 4403 post
1910 4350 2056 4390 som-

491 4432 619 4470 num
668 4425 724 4471 et
754 4428 995 4470 mensam
1042 4402 1386 4488 aspecturus,
1420 4434 1616 4490 nempe
1666 4422 1963 4492 singularis
1994 4425 2059 4480 il-

488 4506 596 4562 lius
632 4508 871 4562 carceris
913 4506 1159 4560 ultimam
1213 4509 1702 4565 exwdilicationem
1744 4520 1800 4565 et
1835 4510 2059 4568 absolu-

2156 2027 2366 2093 ζῶντας
2384 2029 2624 2101 κατέχῃ,

2224 2218 2299 2272 Δ’.
2337 2214 2493 2267 Ἐπεὶ
2524 2212 2580 2267 δὲ
2608 2211 2759 2275 τέλος
2791 2208 2904 2281 εἶχε
2936 2211 3003 2266 τὰ
3034 2212 3132 2281 τῆς
3163 2206 3320 2280 ξένης
3348 2208 3558 2277 ὲκείνης
3584 2205 3704 2260 οίκο-

2153 2305 2372 2375 δομίας,
2392 2306 2483 2356 καὶ
2503 2302 2610 2356 ἔδει
2634 2301 2801 2372 τριῶν
2822 2299 3044 2372 ἡμερῶν
3069 2298 3275 2369 μεταξὺ
3297 2297 3424 2362 τοὺς
3448 2294 3704 2366 δεσμώτας

2154 2394 2291 2465 δμοῦ
2325 2394 2749 2464 συγκλασθῆναι
2781 2393 2994 2455 πάντας
3023 2391 3207 2454 ὲντδς,
3242 2389 3494 2460 καθάπερ
3524 2388 3609 2471 είς
3625 2386 3704 2455 λή-

2156 2488 2253 2556 θης
2283 2487 2542 2557 φρούριον
2569 2485 2680 2555 (86)
2708 2485 2742 2556 ἢ
2772 2485 2951 2539 κοινὸν
2977 2484 3349 2556 πολυάνδριον,
3376 2484 3456 2545 είς
3481 2482 3707 2550 ἀπόγνω-

2157 2598 2242 2634 οιν
2264 2576 2403 2653 ἧκον
2427 2580 2475 2632 oi
2500 2578 2713 2648 δέσμιοι
2743 2577 2997 2648 προφανῆ
3025 2578 3123 2648 τῆς
3148 2578 3433 2646 παρούσης
3458 2575 3602 2645 ζωῆς
3623 2573 3706 2627 καὶ

2118 2685 2135 2699 ν
2156 2672 2252 2741 τοῦ
2282 2669 2463 2726 κοινοῦ
2492 2674 2606 2734 τοῖς
2637 2671 2804 2723 πᾶσιν
2832 2669 2985 2739 ἡλίου
3012 2685 3026 2701 ·
3062 2670 3158 2723 καλ⁴
3189 2668 3341 2737 σφῶν
3370 2669 3547 2721 αὐτῶν
3574 2669 3706 2735 ἀφεισ-

2155 2763 2381 2833 δήσασιν
2416 2762 2507 2815 ἐπὶ
2542 2761 2603 2814 τὸ
2641 2760 3096 2831 παραϐολώτερον
3130 2760 3257 2825 τοὺς
3289 2761 3389 2828 τῆς
3424 2760 3592 2830 τύχης
3625 2755 3707 2811 κύσ

2159 2857 2286 2919 ϐους
2325 2857 2685 2929 άναρρἔπτειν
2727 2853 2907 2925 ἐπῄει,
2949 2855 3043 2907 καὶ
3089 2856 3218 2924 πρὶν
3265 2854 3473 2917 ζῶντας
3514 2855 3594 2916 είς
3631 2851 3708 2904 τδν

2158 2948 2526 3019 προκείμενον
2567 2945 2908 3017 ῑμσληθῆναι
2956 2945 3155 3014 τάφον,
3203 2946 3349 2999 δυοῖν
3392 2943 3708 3014 ἐργάσασθαι

2158 3041 2387 3111 θάτερον
2410 3055 2426 3071 ·
2464 3038 2496 3109 ἢ
2536 3036 2681 3105 ξίφει
2712 3038 2804 3090 τὸν
2833 3035 3099 3107 τύραννον
3127 3035 3597 3107 διαχρησαμένους
3625 3032 3708 3102 τὴν

2156 3129 2252 3184 τοῦ
2284 3130 2399 3202 βίου
2430 3131 2613 3199 σφίσιν
2638 3129 2820 3191 αὐτοῖς
2846 3126 3161 3197 ἐλευθερίαν
3187 3125 3548 3196 πορίσασθαιο
3572 3126 3606 3198 ἦ
3626 3122 3706 3175 τὸν

2158 3224 2385 3296 ἀνδράσι
2430 3223 2710 3292 πρέποντα
2754 3221 2985 3275 θάνατον
3023 3219 3170 3306 ἅπαξ
3212 3219 3458 3272 ἐκτίσασι
3499 3216 3709 3289 μακρῶν

2160 3315 2252 3368 τοῦ
2281 3315 2471 3368 λοιποῦ
2500 3313 2691 3367 δεινῶν
2722 3313 3084 3383 ἀπηλλάχθαι.
3118 3314 3210 3375 El;
3240 3312 3505 3384 τέτταρας
3535 3309 3707 3383 μὲνδὴ

2159 3408 2269 3462 τῶν
2295 3407 2700 3475 εὐγενεστέρων
2725 3406 2787 3460 τὸ
2812 3406 3051 3460 τοιοῦτον
3076 3405 3403 3477 διαϐεϐηκδς
3430 3406 3703 3477 βούλευμα,

2162 3500 2473 3571 περαιτέρω
2502 3499 2820 3571 προϐαίνειν
2844 3498 2943 3552 οὐκ
2972 3499 3162 3569 ἐκρίθη
3191 3497 3322 3562 δεῖν,
3352 3499 3426 3562 ὠς
3458 3498 3530 3570 μὴ
3556 3498 3704 3551 ἔκπν-

2162 3608 2287 3646 στον
2316 3592 2597 3662 φωραθείη
2624 3591 2936 3663 γενόμενον.
2966 3586 3041 3644 Τὸ
3070 3591 3177 3660 γάρ
3205 3606 3286 3642 τοι
3317 3591 3583 3660 προφανὲς
3607 3587 3702 3642 τῶν
3788 3634 3793 3639 .

2160 3681 2391 3736 ἐλπίδων
2428 3682 2956 3753 ἀναμφισϐητήτως
2991 3681 3142 3744 τινὰς
3184 3679 3429 3734 ὑπετίθει
3460 3682 3551 3743 τὰς
3589 3680 3703 3733 ὑπο·

2162 3773 2399 3843 σχέσεις,
2427 3771 2847 3843 ὲπιχειρήσασιν
2876 3771 3027 3841 ἥξειν
3056 3772 3172 3842 ἅμα
3200 3772 3406 3833 πάντας
3433 3771 3704 3840 συλλήπτο-

2163 3882 2264 3936 ρας
2291 3867 2418 3928 τοὺς
2447 3864 2753 3935 δεσμώτας,
2785 3866 2881 3919 καὶ
2913 3865 2988 3935 μὴ
3020 3866 3555 3937 προμελετήσαντας,
3579 3865 3629 3927 ὲς
3650 3864 3702 3915 τὸ

2160 3959 2337 4025 κοινὸν
2364 3959 2464 4029 τῆς
2495 3957 2811 4027 ἐλευθερίας
2839 3956 3075 4012 στάδιον.

2230 4048 2307 4107 E’.
2339 4048 2544 4115 Είωθὸς
2590 4049 2697 4104 οὖν’
2732 4048 3058 4120 Ἀποκαύκῳ
3102 4048 3427 4124 συχνότερον
3478 4050 3699 4120 ἐνδημεῖν

2160 4140 2297 4207 ἐκεῖ,
2330 4142 2426 4195 καὶ
2458 4140 2707 4210 μάλιστα·
2735 4138 2830 4193 νῦν
2876 4138 3263 4209 ἐπιταχύνοντι
3321 4141 3458 4211 πρὸς
3500 4137 3698 4205 τοῦργιν

2160 4232 2289 4294 τοὺς
2349 4230 2606 4295 τέκτονας
2623 4248 2650 4264 ··
2694 4228 2887 4301 ἐπειδὴ
2950 4227 3047 4283 καὶ
3098 4230 3130 4300 ἡ
3194 4229 3483 4283 τελευταία
3545 4228 3697 4297 παρῆν

2158 4324 2365 4395 ἡμέρα,
2397 4322 2521 4376 καθ’
2572 4323 2641 4394 ἢν
2684 4324 2764 4387 είς
2832 4324 3007 4393 πέρας
3058 4323 3166 4377 ἔδει
3215 4321 3603 4393 προενεχθῆναι
3648 4320 3695 4367 τὸ

2161 4416 2458 4486 βούλευμα,
2506 4410 2611 4487 ἧκε
2669 4417 2799 4486 μεθ’.
2826 4416 2993 4470 ὕπνον
3043 4418 3139 4470 καὶ
3196 4415 3476 4485 τράπεζαν
3521 4413 3695 4482 ὀζόμε-

2161 4527 2248 4573 νος
2276 4508 2387 4580 (87)
2436 4508 2536 4579 τὴν
2577 4508 2676 4578 τῆς
2716 4508 2873 4577 ξένης
2920 4509 3142 4579 εἱρκτῆς
3186 4507 3499 4561 τελευταίαν
3527 4504 3694 4560 οἰκοδο-

490 4609 597 4655 tam
636 4602 802 4656 totius
850 4600 1034 4670 operis
1082 4601 1637 4656 consummationem.
1683 4602 1743 4655 Et
1798 4603 1924 4672 quia
1958 4620 2054 4674 per

2164 4602 2420 4673 μίανοκαὶ
2469 4601 2559 4655 τὸν
2611 4600 2837 4654 ἀνενδεᾶ
2882 4598 2982 4671 τῆς
3037 4601 3163 4672 ὅλης
3210 4601 3553 4671 ἀπαρτισμὸν
3591 4600 3693 4651 tia-2.

487 4710 741 4750 somnum
778 4695 989 4759 illadie
1028 4694 1168 4765 (erat
1217 4705 1399 4748 autem
1434 4695 1722 4749 undecima
1762 4695 1932 4766 Junii)
1964 4713 2058 4766 pa-

486 4801 649 4841 VUres
679 4803 803 4839 eum
853 4786 1075 4855 quidam
1123 4789 1191 4840 ab
1243 4788 1523 4853 atrocibus
1562 4788 1789 4842 somniis
1832 4790 2053 4845 excitati

488 4880 968 4948 perturbzu'erant,
987 4879 1167 4948 qualia
1195 4879 1333 4932 solet
1352 4894 1493 4949 sacpe
1516 4896 1717 4933 numen
1748 4881 1813 4934 iis
1837 4881 2057 4937 casibus

488 4978 736 5040 portenta
788 4970 1137 5039 praemittere,
1187 4970 1240 5024 id
1293 4970 1543 5040 quidem,
1580 4972 1726 5059 quod
1762 4988 1913 5043 spem
1952 4973 2056 5027 ali-

487 5075 650 5128 quam
695 5061 888 5114 salutis
922 5059 1204 5124 afferebat.
1245 5078 1352 5115 non
1391 5062 1649 5131 providit.
1691 5063 1837 5133 quod
1874 5076 2054 5118 autem

490 5151 592 5222 ipsi
625 5151 691 5205 ad
727 5152 1098 5224 impendentia
1128 5154 1371 5224 pericula
1411 5156 1718 5210 breviorem
1745 5159 1887 5211 viam
1938 5173 2058 5211 mu-

487 5245 696 5310 niebat,
740 5245 874 5300 illud
925 5245 1030 5301 sibi
1064 5246 1132 5301 ad
1188 5236 1417 5302 salutem
1471 5247 1669 5303 melius
1721 5263 1843 5303 esse
1903 5250 2058 5304 duxit

2166 4694 2384 4757 θέσεως.
2414 4693 2524 4746 Καὶ
2558 4691 2747 4763 ἐπειδὴ
2793 4691 2934 4745 κατά
2977 4690 3104 4755 τοὺς
3134 4691 3229 4759 τῆς
3265 4692 3474 4762 ἡμέρας
3512 4690 3692 4753 ἐκείνης

2165 4787 2369 4850 ὕπνους
2427 4785 2715 4856 (ἑνδεκάτη
2764 4783 2810 4836 δ’
2861 4778 2929 4855 ἦν
2957 4782 3199 4852 Ἰουνίου)
3238 4782 3458 4853 θόρυϐοί
3498 4775 3695 4842 τινεςέξ

2161 4878 2389 4948 ὁνείρῳν
2440 4878 2648 4948 ἀγρίων
2687 4876 2854 4930 αὐτὸν
2889 4874 3249 4945 ὲξεφόϐησαν,
3280 4868 3369 4927 οἷα
3409 4873 3546 4944 φιλεῖ
3589 4868 3693 4921 sto).-

2162 4942 2401 5035 λάκιςιὲν
2440 4942 2552 5034 τοῖς
2579 4967 2843 5032 τοιούτοις
2879 4942 3294 5038 προαναφωνεῖν
3327 4967 3390 5019 τὸ
3424 4942 3691 5034 δαιμόνιον,

2161 5063 2191 5118 ὃ
2225 5064 2325 5134 μὲν
2358 5061 2507 5132 αὐτῷ
2545 5059 2822 5132 σωτηρίας
2869 5056 3012 5130 εἶχεν
3047 5059 3376 5127 ὲλπίδας,ρού
3430 5056 3673 5128 μεμελέτη

2165 5174 2260 5211 κεν
2284 5172 2296 5186 ·
2329 5156 2356 5208 ὃ
2384 5156 2431 5208 δ’
2462 5152 2607 5226 εἶχεν
2637 5154 2717 5218 είς
2755 5155 2882 5217 τοὺς
2916 5153 3325 5225 ὲπηρτημένους
3364 5150 3504 5218 αὖτῷ
3550 5144 3696 5199 κικὸνὶ-

2165 5265 2290 5311 νους
2315 5247 2550 5319 ὀξύτερα
2600 5245 2667 5300 τὰ
2712 5246 2923 5316 ἐφόδια,
2950 5244 3109 5298 τοῦτο
3140 5243 3207 5315 δὴ
3255 5247 3348 5299 καὶ
3389 5243 3583 5313 βέλτιον
3629 5235 3715 5295 εἶέν

1834 5390 2174 5451 Variorum
2223 5396 2411 5449 nota).

562 5515 672 5588 (85’)
706 5515 943 5574 Barbare
967 5533 1065 5589 pro
1099 5515 1345 5589 ὀργυιᾶς.
1378 5518 1514 5575 Vide
1534 5518 1775 5599 Glossar.
1810 5522 2052 5592 Ducang.

485 5587 831 5784 :(Iglfs-Vide
862 5661 1094 5732 Procop.
1125 5661 1197 5714 De
1229 5661 1363 5716 bello
1400 5661 1632 5731 Persico,
1661 5663 1757 5718 lib.
1785 5679 1822 5730 I,
1851 5678 1973 5732 cap.
2002 5662 2055 5717 5.

568 5746 694 5784 IVIN.

568 5746 694 5787 IVIN.

558 5802 667 5869 (87)
705 5801 941 5857 Verbum
976 5802 1142 5858 verbo
1180 5802 1415 5861 reddidi.
1451 5819 1550 5857 nec
1590 5821 1757 5860 ausus
1814 5822 1932 5860 sum
1964 5808 2063 5862 ali-

491 5879 575 5925 ter
603 5881 994 5944 interpungere
1051 5883 1213 5943 atque
1272 5884 1332 5928 ut
1384 5874 1437 5927 in
1469 5876 1656 5931 codice
1687 5878 1856 5945 Regio
1893 5880 2064 5934 interc

2159 5530 2424 5593 punctum
2454 5526 2596 5593 erat.
2613 5516 2754 5584 Quid
2786 5511 3132 5593 sitcpincCa
3159 5508 3431 5593 hoc‘loco,
3452 5508 3691 5593 nonsatis

2162 5581 2452 5659 assequor.
2507 5581 2762 5643 Fortasse
2816 5581 2928 5638 hic'
2962 5595 3155 5660 sensus
3202 5589 3334 5634 est:
3378 5581 3688 5660 'Apocaucufr:

2162 5663 2265 5715 diri
2298 5649 2440 5715 illius
2484 5660 2710 5714 carceris
2767 5662 2979 5725 aspectu
3039 5649 3211 5727 oculos
3268 5652 3483 5719 pavisse,
3519 5660 3575 5727 ac
3621 5652 3690 5727 aut:

2162 5732 2660 5793 εοηιτιυ.ι>.ῑι·ἱείιιιιηιΔ
2695 5744 2753 5779 eo
2784 5724 3040 5793 tanquam
3073 5724 3140 5774 ad
3168 5737 3402 5775 mensam
3448 5724 3687 5793 ομιρατιεηι

2168 5804 2479 5855 cucurrisse.
2513 5804 2593 5853 An
2624 5790 2708 5851 bis
2735 5790 2918 5849 venit:
2944 5794 3136 5858 semel,
3164 5802 3276 5863 post
3307 5804 3557 5851 somnum,
3599 5790 3683 5833 ite-

2169 5886 2289 5927 rum
2320 5881 2434 5941 post
2465 5886 2699 5924 mensam
2731 5868 2754 5920 7
2783 5867 2991 5920 ΒίηνιΝ.
