3800 6564
502 280 601 341 971
759 272 832 345 [Α.
877 290 933 328 ad.
976 273 1261 340 0335330.
1314 278 1397 349 I23]

486 488 861 552 calamitates,
898 505 1051 559 mque
1101 501 1157 543 ut
1205 503 1362 546 antea
1413 495 1752 561 subeuntes;
1811 500 1936 552 item
1988 500 2053 553 iis

483 583 577 649 qui
622 580 893 634 vindicata
956 580 1105 635 illius
1156 583 1443 639 malefacta
1490 587 1678 642 videre
1730 589 2050 659 cupiebant,

483 681 773 740 antequam
804 672 1188 741 desperatione
1224 684 1449 732 auctore
1498 678 1652 733 nefas
1686 678 1787 749 ipsi
1829 680 2049 750 aliquod

482 766 829 836 susciperent
856 783 869 819 :
896 765 1285 821 documentum
1320 785 1451 825 vero
1474 772 1702 834 exstitit,
1747 787 1855 842 quo
1886 773 2053 829 auda-

482 858 681 922 ciores,
711 868 767 913 et
800 860 833 912 ii
884 860 978 928 qui
1014 860 1166 914 nullo
1203 871 1348 916 metu
1400 862 1648 917 deterriti
1703 880 1764 919 ea
1799 853 2047 933 tentant,

480 965 600 1018 qua:
637 952 900 1004 intentata
946 965 1067 1006 esse
1114 961 1354 1021 oportet,
1385 953 1450 1007 ad
1483 955 1755 1009 saniorem
1810 966 2046 1012 mentem

479 1052 887 1095 revocarentur.
913 1042 1075 1113 734
1100 1042 1165 1097 Et
1188 1042 1302 1097 ha'c
1329 1043 1549 1113 quidem
1573 1045 1626 1098 in
1657 1045 1803 1102 hunc
1827 1046 2046 1102 modum

477 1143 626 1199 gesta
657 1141 804 1186 sunt.
1982 1192 1991 1199 .

544 1222 687 1277 VIII.
734 1222 1004 1278 Czrternm
1059 1233 1351 1293 antequam
1405 1224 1538 1279 foris
1587 1229 1877 1298 quisquam
1937 1237 2048 1284 tra-

476 1314 712 1382 goediam
768 1315 915 1369 illam
988 1315 1387 1385 persensisset,
1438 1318 1617 1386 ruptis
1680 1320 1939 1375 omnibus
1992 1330 2047 1375 et

472 1407 709 1460 vinculis
762 1417 817 1461 et
868 1407 1115 1474 catenis,
1168 1408 1405 1462 maxima
1474 1423 1598 1463 cum
1650 1411 1927 1480 voluptate
1978 1412 2045 1466 ad

471 1498 755 1553 cadaveris
787 1499 1159 1568 spectaculum
1203 1514 1494 1554 accurrere
1525 1500 1560 1555 ii
1590 1502 1683 1571 qui
1728 1502 1782 1555 in
1824 1517 2045 1557 carcere

470 1598 650 1655 erant,
689 1589 833 1643 haud
893 1589 1077 1644 minus
1102 1590 1378 1646 ducentis.
1428 1590 1504 1645 Ex
1542 1592 1746 1661 quibus
1789 1608 1927 1647 unus
1968 1592 2047 1646 fao

470 1681 596 1735 briIi
624 1682 770 1736 ascia
797 1681 1022 1754 (etenim
1056 1684 1207 1738 ensis
1231 1683 1420 1739 nullus
1451 1694 1650 1754 prmsto
1681 1685 1821 1753 erat)
1852 1693 2037 1754 caput,

468 1774 537 1828 ab
564 1775 796 1844 reliquis
822 1777 1087 1831 membris
1113 1776 1440 1843 abscissum,
1470 1791 1641 1845 super
1666 1776 1897 1846 fastigiis
1927 1791 2046 1828 mu-
2077 1756 2117 1811 Β

470 1879 654 1920 rorum
679 1867 892 1933 statuit,
951 1883 1061 1936 quo
1098 1868 1443 1923 manifestum
1490 1869 1643 1925 ﬁeret
1666 1868 1797 1922 illud
1828 1868 2043 1923 facinus

469 1957 740 2013 universae
785 1959 1147 2026 multitudini,
1195 1976 1317 2031 quae
1365 1962 1719 2017 extrinsecus
1761 1961 1872 2031 jam
1915 1976 2043 2030 pro—

466 2054 587 2114 pter
630 2062 820 2103 muros
866 2049 1136 2105 torrentis
1186 2050 1357 2105 instar
1390 2050 1743 2115 conlluehat;
1788 2059 1843 2104 et
1894 2060 1953 2104 ut
2004 2050 2038 2104 ii

464 2138 687 2206 quidem
733 2155 945 2206 omnes,
1000 2144 1092 2211 qui
1147 2141 1300 2196 illum
1373 2155 1576 2211 genere
1630 2130 2037 2209 contingebant,

464 2240 563 2286 aut
622 2231 803 2301 aliqua
854 2233 1117 2288 societate
1164 2248 1289 2287 eum
1336 2248 1403 2288 eo
1466 2234 1749 2305 conjuncti
1797 2233 2037 2300 fuerant,

465 2324 654 2379 labore
695 2325 853 2378 irrito
888 2324 1340 2394 supersedercnt,
1366 2325 1642 2381 exstincta
1665 2341 1899 2397 prorsus
1928 2326 2039 2380 sal-

465 2432 589 2469 vum
632 2415 788 2469 illum
820 2414 1052 2471 habendi
1085 2431 1220 2487 spe:
1268 2432 1632 2488 quoscunque
1659 2433 1791 2472 vero
1833 2419 1924 2474 ille
1956 2422 2040 2474 in-

463 2512 650 2562 fensos
683 2506 973 2573 habuerat,
1022 2507 1060 2562 Ii
1093 2508 1290 2581 animo
1340 2509 1829 2576 confirmarentur,
1876 2512 2038 2567 ades-

462 2607 697 2670 sentque
728 2600 1073 2658 extrinsecus
1124 2602 1247 2658 sine
1287 2603 1399 2658 ullo
1448 2613 1599 2658 metu
1658 2605 1760 2671 iis,
1792 2605 1886 2674 qui
1937 2618 2037 2675 pro

461 2692 748 2747 communi
804 2693 1059 2748 libertate
1091 2693 1478 2750 certavissent.
1512 2696 1717 2751 Deinde
1751 2712 1808 2754 se
1857 2698 1908 2751 in
1945 2713 2037 2752 oro

463 2786 620 2841 «lines
665 2794 721 2841 et
765 2786 1083 2855 manipulos
1147 2786 1591 2854 distribuerunt,
1643 2798 2035 2859 portarumque

462 2882 518 2927 et
551 2876 1088 2945 propugnaculorum
1125 2876 1432 2933 custodiam
1460 2877 1642 2933 sortiti
1666 2888 1820 2934 sunt.

530 2961 625 3017 IX.
662 2963 732 3018 At
779 2979 978 3033 magno
1025 2964 1157 3034 ipsis
1186 2965 1584 3036 impedimento
1614 2975 1757 3033 erat,
1790 2982 1902 3038 quo
1933 2969 2035 3024 mi-

1689 287 2100 351 NICEI‘IIOBI
2140 293 2519 359 GllEGORE

485 397 727 450 remedio
756 405 1040 451 uterentur
1069 398 1332 455 adversus
1363 410 1667 471 temporum
1699 404 1972 460 fortunam
2002 425 2028 461 c

2162 411 2261 480 μὲν
2310 416 2583 485 ἡέκείνου
2641 421 2828 490 γέγονε
2874 423 3100 494 τελευτὴ
3151 429 3261 489 τοῖς

2860 300 2992 373 [ηερ.
3036 320 3078 357 .I.
3117 319 3347 359 mutet.
3394 305 3445 377 »61
3595 314 3668 377 θῖἓ

3316 444 3370 479 τε
3422 427 3502 480 διὰ
3527 439 3672 489 Review

2152 505 2250 557 οὐκ
2319 507 2534 577 ἔχουσιν
2589 513 2695 584 ὅτῳ
2745 516 3039 586 χρήσονται
3101 520 3382 587 φαρμάκῳ
3438 523 3561 591 πρὶις
3603 529 3673 587 τὰς

2153 600 2411 665 ἐπιούσας
2438 604 2637 672 ὁμοίως
2659 603 2752 656 τοῦ
2772 606 2969 675 χρόνου
2990 606 3157 676 τύχας
3177 609 3270 660 καί
3297 608 3383 679 [Ρι
3404 610 3521 683 “Ill
3543 614 3676 685 κῆρας

2153 690 2248 744 καὶ
2275 685 2354 755 οἷς
2386 693 2572 760 ἔφεσις
2620 694 2727 748 τῶν
2766 697 2952 759 κακῶς
3011 697 3103 750 ὑπ’
3130 699 3299 751 αὑτοῦ
3333 705 3678 771 πραττομένων

2150 781 2427 853 ἐκδίκησιν
2486 784 2784 839 θεάσασθαι
2858 782 2948 858 ἦν,
3009 790 3142 860 πρὶν
3218 791 3524 859 ἀπογνώσει
3574 801 3678 864 σφᾶς

2148 871 2445 937 δεδωκότας
2473 876 2530 928 ἓν
2560 894 2612 929 τι
2642 878 2970 933 πεπονθέναι
2997 880 3103 933 τῶν
3129 881 3408 951 ἀθεμίτων
3434 899 3452 916 ο
3485 886 3568 938 καὶ
3589 890 3678 957 ap:

2150 962 2554 1035 παιδευτήριον,
2585 967 2640 1029 ἐς
2674 967 2733 1021 τὸ
2770 968 2987 1040 σῶφρον
3042 973 3168 1036 τοὺς
3216 972 3576 1045 θρασυτέρους
3609 981 3680 1033 ἀν-

2149 1052 2355 1119 θέλκον,
2387 1057 2479 1110 καὶ
2508 1051 2590 1122 οἷς
2621 1058 2688 1112 τὰ
2718 1059 2998 1132 ἀτόλμητα
3030 1063 3126 1130 ξὺν
3153 1065 3335 1120 οὐδενὶ
3379 1067 3488 1121 δέει
3516 1070 3678 1140 τολμᾶ-

2146 1163 2259 1200 ται.
2292 1148 2401 1200 Καὶ
2430 1149 2600 1203 ταῦτα
2628 1152 2728 1220 μὲν
2759 1152 2945 1209 τοῦτον
2972 1155 3098 1228 ἔσχε
3129 1158 3220 1212 τὸν
3251 1161 3476 1228 τρόπον.

2220 1233 2301 1290 Il'.
2338 1237 2473 1304 Πρίν
2522 1256 2586 1307 γε
2603 1239 2732 1325 μὴν
2760 1242 3015 1312 αἴσθησιν
3044 1245 3140 1299 τοῦ
3186 1247 3467 1316 δράματος
3495 1251 3679 1320 innavi-

2149 1327 2273 1382 σθαι
2297 1332 2411 1393 τοίς
2439 1330 2565 1398 ἔξω,
2584 1332 2762 1403 δεσμά
2787 1335 2964 1389 πάντα
2992 1336 3086 1391 καὶ
3120 1339 3340 1404 κλοιοὺς
3363 1342 3414 1395 οἱ
3444 1341 3678 1413 δεσμῶται

2150 1416 2409 1485 ῥήξαντες
2440 1421 2519 1483 είς
2552 1421 2652 1492 τὴν
2700 1422 2793 1476 τοῦ
2841 1424 3133 1496 πτώματος
3176 1427 3309 1483 Θέαν
3355 1432 3493 1499 μετά
3533 1435 3679 1507 πάσης

2145 1508 2432 1575 ἐπεξέθεον
2462 1512 2677 1583 ἡδονῆς,
2710 1514 2770 1567 ού
2820 1519 2974 1586 μεῖον
3013 1517 3308 1575 διακοσίων
3341 1522 3678 1593 ὑπάρχοντες·

2144 1595 2217 1654 ὧν
2247 1597 2326 1666 εἷς
2370 1621 2452 1667 τις
2497 1608 2794 1679 σκεπάρνῳ
2824 1611 3129 1685 τεκτονικῷν
3154 1611 3335 1684 (ξίφος
3367 1616 3473 1686 γὰρ
3507 1617 3677 1687 ἥκιστα

2147 1694 2359 1765 παρῆν)
2415 1695 2507 1749 τοῦ
2554 1698 2743 1752 λοιποῦ
2771 1702 2871 1770 τὴν
2899 1702 3139 1775 κεφαλὴν
3169 1705 3501 1777 ἀφελόμενος
3526 1707 3682 1779 σώμα-

2146 1802 2238 1849 τος
2288 1787 2380 1840 ἐπὶ
2429 1789 2527 1858 τῆς
2573 1790 2848 1855 ἐπάλξεως
2897 1793 3151 1863 ἔστησεν,
3203 1796 3348 1850 ὥστε
3402 1804 3679 1871 καταφανὲς

2147 1877 2400 1944 γενέσθαι
2436 1880 2496 1933 τὸ
2524 1880 2705 1953 δρᾶμα
2733 1883 2826 1936 καὶ
2860 1886 2996 1937 πᾶσι
3025 1887 3140 1951 τοῖς
3194 1885 3396 1951 ἔξωθεν
3424 1890 3520 1961 ήδη
3555 1894 3680 1961 napi

2145 1968 2212 2022 τὰ
2260 1969 2414 2042 τείχη
2467 1973 2779 2043 ποταμηδδν
2823 1975 3097 2045 είσρέουσι
3153 1977 3388 2049 δήμοιςο
3422 1980 3543 2036 ὥσθ’
3589 1984 3681 2038 ὅσοι

2147 2060 2246 2132 μέν
2274 2062 2424 2134 αὑτῷ
2460 2080 2603 2121 κατα
2651 2064 2807 2133 γένος
2842 2068 2875 2137 ἢ
2913 2067 3040 2122 καθ’
3093 2071 3371 2143 ἑταιρείαν
3401 2068 3509 2127 εἷεν
3540 2091 3681 2144 προσ-

2143 2157 2367 2226 ήκοντες
2397 2159 2596 2228 μηκέτι
2629 2162 2812 2214 πονεῖν
2842 2162 3107 2233 ἀνήνυτα,
3141 2167 3329 2238 πάσης
3365 2166 3557 2232 τελέως
3582 2170 3681 2223 σόε-

2145 2248 2363 2320 σθείσης
2417 2250 2513 2304 τοῦ
2548 2252 2646 2323 ζῇν
2681 2252 2891 2309 ἐκεῖνον
2922 2255 3142 2321 ἐλπίδος
3164 2274 3180 2290 ⁸
3217 2260 3337 2313 ὅσοι
3369 2260 3417 2314 δ’
3458 2263 3679 2332 ἀπεχθῶς

2140 2336 2286 2412 εἶχον
2336 2341 2405 2397 αὖ
2449 2343 2588 2411 πρὸς
2629 2346 2858 2411 ἐκεῖνον,
2895 2347 3125 2413 τούτους
3184 2351 3235 2405 δ’
3294 2353 3563 2424 ἐρρῶσθαι
3597 2355 3682 2417 τὰς

2139 2430 2420 2499 διανοίας,’
2445 2437 2540 2489 καὶ
2586 2442 2896 2509 συμμαχεῖν
2924 2441 3124 2507 ἔξωθεν
3155 2443 3333 2510 ἀδεῶς
3360 2447 3470 2509 τοῖς
3499 2445 3681 2501 ἔνδοθεν

2140 2525 2281 2596 ὑπὲρ
2314 2527 2411 2597 τῆς
2446 2527 2635 2599 κοινῆς
2666 2531 2977 2603 ἐλευθερίας
3023 2536 3445 2605 ἠγωνισμένοις.
3478 2540 3680 2593 Ἔπειτα

2137 2619 2404 2683 διελόντες
2460 2620 2686 2687 ἑαυτοὺς
2722 2623 2803 2687 είς
2852 2625 3037 2691 τάξεις
3083 2628 3178 2681 καὶ
3231 2628 3432 2698 μοίρας
3474 2629 3680 2700 τὴντῶν

2139 2711 2321 2766 πυλῶν
2349 2712 2485 2783 ὁμοῦ
2513 2715 2608 2767 καὶ
2637 2714 2915 2781 ἐπάλξεων
2950 2717 3195 2789 διέλαχον
3226 2720 3492 2792 φυλακήν.

2208 2985 2289 3042 Θ’.
2327 2986 2602 3057 Μέγιστον
2659 2989 2705 3044 δ’
2753 2990 2901 3060 ὅμως
2952 2991 3168 3065 ὑπῆρχὲ
3217 3012 3403 3066 σφισιν
3453 3001 3680 3069 ἐμπόδιον

462 3070 567 3109 nus
599 3055 749 3112 illius
783 3056 1072 3126 insperata:
1111 3056 1309 3114 salutis
1357 3060 1747 3143 conservanda:
1799 3060 2033 3115 faculta-

2142 3081 2216 3142 εἰς
2241 3079 2342 3149 τὴν
2371 3055 2469 3151 τῆς
2499 3055 2808 3152 παραδόξου
2839 3055 3083 3156 ταυτησῖ
3104 3055 3403 3160 *σωτηρίας
3437 3055 3683 3165 sumpt,-

462 3158 571 3198 teut
621 3145 911 3213 haberent,
945 3162 1137 3202 eorum
1171 3161 1292 3218 quae
1344 3146 1411 3201 ad
1455 3137 1663 3201 victum
1722 3149 2033 3204 necessaria

460 3248 589 3292 sunt
640 3238 845 3309 inopia,
896 3253 1287 3308 armorumque
1338 3250 1393 3295 et
1453 3239 1689 3294 telorum
1734 3239 1938 3307 quibus
1975 3255 2035 3295 se

460 3314 822 3385 defenderent
882 3329 1131 3400 penuria.
1169 3330 1290 3385 Non
1340 3329 1491 3385 enim
1538 3330 1838 3394 habebant,
1886 3330 2034 3385 unde

461 3425 618 3480 facile
647 3433 704 3480 et
732 3440 762 3479 e
795 3424 1027 3494 vestigio
1057 3438 1121 3479 ea
1148 3438 1271 3493 qua:
1297 3424 1420 3478 usui
1454 3432 1641 3478 essent
1670 3423 2029 3490 deveherent;

460 3535 584 3574 tum
608 3518 725 3589 ipsa
764 3519 981 3574 occasio
1025 3518 1078 3573 id
1107 3518 1251 3588 quod
1286 3529 1660 3588 perpetratum
1696 3526 1838 3583 erat,
1870 3517 2033 3572 mini-

465 3629 551 3667 me
607 3611 1067 3684 praemeditatum,
1115 3625 1184 3666 ex
1237 3620 1483 3680 tempore
1531 3611 1910 3681 suggessisset.
1957 3610 2031 3665 Ea

463 3720 647 3762 tamen
700 3721 819 3776 quae
866 3713 1054 3760 secuta
1110 3713 1196 3759 est
1252 3712 1435 3767 nocte,
1464 3719 1585 3757 cum
1631 3703 1705 3756 illi
1756 3717 1946 3758 onmes
1976 3703 2031 3756 in

462 3799 696 3855 maxima
723 3797 1135 3868 perturbatione
1178 3810 1548 3863 curarumque
1578 3806 1713 3849 mstu
1751 3810 2032 3850 versaren-

462 3904 569 3957 tur,
611 3890 762 3946 venit
817 3889 885 3945 de
921 3888 1242 3943 triremibus
1291 3887 1543 3942 Galataais
1577 3903 1703 3951 una,
1730 3888 1877 3942 circa
1920 3902 2032 3944 tne-

459 3983 604 4037 diam
637 3981 808 4036 ferme
851 3989 1091 4044 noctem,
1141 3980 1209 4033 ab
1248 3979 1520 4033 maritimo
1565 3994 1720 4033 muro
1752 3994 1946 4049 panem
1976 3986 2032 4033 et

465 4076 648 4130 vinum
679 4080 996 4143 apportans,
1018 4080 1074 4128 et
1103 4070 1265 4142 735
1301 4072 1566 4142 quidquid
1612 4072 1859 4126 ciborum
1886 4072 2031 4126 illius

464 4165 804 4234 tempestatis
839 4161 1104 4233 iniquitas
1141 4160 1526 4216 concedebat:
1561 4163 1690 4215 item
1717 4161 2032 4230 promissio-

461 4269 564 4313 ues
595 4264 650 4311 et
697 4255 931 4326 benigna
984 4254 1174 4319 verba,
1201 4252 1519 4308 utrumlibet
1569 4252 1649 4307 illi
1683 4253 1862 4307 facere
1900 4252 2031 4307 mal-

459 4350 590 4402 lent.
627 4346 684 4402 Si
715 4346 861 4400 enim
889 4360 1109 4400 manere
1164 4345 1238 4399 ibi
1284 4343 1455 4399 satius
1493 4343 1778 4410 ducerent,
1804 4343 2027 4398 allatum

2136 3172 2293 3241 τικὴν
2327 3172 2539 3227 ἑαυτῶν
2584 3174 2820 3245 δύναμιν
2847 3177 2882 3248 ἦ
2912 3194 2971 3231 τε
3002 3180 3112 3233 τῶν
3140 3184 3280 3253 πρὸς
3309 3184 3371 3237 τὸ
3412 3184 3505 3257 ζῇν
3533 3191 3684 3258 ἀνατο

2137 3264 2307 3317 καίων
2335 3264 2526 3330 σπάνις
2568 3269 2662 3320 καὶ
2694 3270 2725 3339 ἡ
2756 3270 2864 3322 τῶν
2893 3270 3074 3326 ὃπλων
3100 3290 3161 3327 τε
3192 3277 3285 3328 καὶ
3318 3277 3426 3332 τῶν
3449 3282 3681 3352 ἀμυντηο

2138 3355 2270 3427 ρίων
2328 3356 2501 3428 βελῶν
2565 3356 2763 3416 ἔνδεια.
2801 3362 2877 3416 Οὐ
2940 3365 3047 3434 γάρ
3110 3360 3260 3436 εἶχον
3316 3369 3438 3424 ὅθεν
3481 3375 3545 3426 ἐκ
3601 3376 3685 3428 τοῦ

2136 3449 2482 3519 παραχρῆμα
2555 3452 2732 3523 ῥᾷστα
2806 3456 3126 3524 κομίσονται
3183 3460 3253 3514 τὰ
3314 3462 3413 3531 τῆς
3468 3466 3684 3536 χρείας,

2135 3537 2541 3609 ἀπροσδόκητον
2623 3543 2984 3616 σχεδιασάσης
3050 3550 3149 3618 τῆς
3221 3554 3588 3621 περιστάσεως
3632 3560 3687 3610 τὸ

2135 3629 2397 3721 πραχθέν.
2434 3631 2623 3702 Ὅμως
2667 3633 2767 3705 τῆς
2813 3638 3007 3721 νυκτὸς
3042 3640 3304 3713 ἐπιούσης
3333 3645 3569 3718 ἐκείνης,
3603 3650 3689 3703 καὶ

2134 3720 2351 3775 πάντων
2407 3722 2630 3777 ἐκείνων
2673 3725 2731 3779 ἐν
2784 3720 2921 3800 ζάλῃ
2974 3732 3070 3784 καὶ
3113 3737 3380 3807 τρικυμῖᾳ
3424 3738 3689 3810 λογισμῶν

2133 3809 2487 3884 ὑπαρχόντων
2521 3816 2777 3890 μεγίστῃ.
2810 3813 2916 3892 ἦκε
2961 3826 3193 3898 τριήρης
3227 3829 3292 3881 ἐκ
3322 3829 3430 3883 τῶν
3458 3809 3688 3889 Γαλάτου

2132 3903 2261 3973 περὶ
2296 3906 2467 3975 μέσας
2514 3926 2618 3963 που
2668 3911 2890 3982 νύκτας,
2923 3918 2988 3971 ἐκ
3036 3917 3133 3972 τοῦ
3188 3923 3459 3991 παραλίου
3487 3928 3689 3996 τείχους

2132 3996 2430 4090 κομίζουσα
2474 4001 2687 4066 τούτοις
2717 4007 2883 4078 ἄρτον
2917 4010 3012 4065 καὶ
3055 4006 3220 4080 οἶνον,
3254 4018 3348 4071 καὶ
3382 4018 3478 4072 ὅσα
3503 4020 3572 4073 τὸ
3599 4023 3690 4090 τῆς

2131 4089 2281 4160 ὥρας
2333 4094 2630 4168 συνεχώρει
2685 4100 2871 4153 στενὸν
2916 4103 3181 4173 ἐδώδιμα,
3225 4110 3320 4162 καὶ
3364 4111 3475 4181 ἅμα
3519 4089 3687 4181 ἐπεὶ.

2130 4181 2316 4277 χελίας
2376 4189 2470 4243 καὶ
2522 4188 2944 4260 φιλανθρώπους
2992 4195 3204 4267 λόγους,
3255 4201 3382 4254 καθ’
3439 4205 3691 4277 ὁπότερον

2133 4271 2406 4365 βούλοιντο
2433 4277 2602 4350 δρᾷν·
2651 4282 2761 4336 εἴτε
2810 4285 2994 4352 μένειν
3045 4290 3396 4358 αἱρουμένοις
3445 4271 3693 4365 κομίξειν

2132 4365 2189 4424 ἐς
2244 4362 2343 4434 τὴν
2394 4367 2687 4440 ὑστεραίαν
2739 4374 2878 4427 ὅπλα
2930 4376 3023 4429 xxi.
3076 4378 3206 4451 βέλη
3258 4362 3534 4454 πολέμιαί
3603 4389 3691 4442 είτ’

461 4443 523 4496 tri
555 4440 816 4512 postridie
860 4454 1010 4494 arma
1045 4437 1179 4508 ipsis
1234 4445 1291 4493 et
1334 4439 1440 4493 tela
1474 4437 1692 4493 hostilia
1726 4454 1739 4492 :
1775 4438 1859 4492 sin
1898 4437 2026 4492 inde

2142 4456 2341 4511 ἐκεῖθεν
2367 4437 2807 4520 ἀπαλλάττεσθαι
2830 4468 2917 4524 διὰ
2950 4437 3092 4537 δέοςζ
3121 4437 3695 4549 δέξασθαι

458 4534 529 4589 ob
551 4540 753 4587 metum
786 4530 1021 4603 migrare
1063 4530 1432 4595 destinarent,
1464 4544 1559 4585 eos
1588 4544 1647 4585 se
1677 4530 1932 4584 alacriter
1970 4528 2024 4581 in

457 4626 773 4691 praesidium
815 4639 972 4681 suum
1009 4622 1305 4691 Galataeum
1343 4631 1681 4691 recepturos,
1709 4630 1764 4677 et
1805 4636 2023 4677 omnem

458 4718 592 4788 ipsis
623 4717 974 4774 securitatem
1009 4714 1372 4785 praestituros.
1401 4712 1526 4768 llaec
1571 4730 1695 4769 cum
1733 4713 2019 4779 dixissent,

458 4816 679 4867 domum
747 4810 1051 4873 redierunt,
1099 4810 1243 4864 bona
1293 4822 1395 4878 spe
1437 4807 1505 4863 iis
1546 4808 1733 4863 relicta
1756 4809 1849 4878 qui
1884 4808 2024 4862 intra
2058 4827 2062 4831 ·

457 4918 674 4958 murum
723 4901 1105 4966 versabantur,
1151 4901 1247 4955 sed
1305 4915 1427 4970 quat
1479 4900 1546 4955 ad
1582 4898 1786 4954 bonum
1832 4900 2022 4955 :xitum

455 5011 564 5050 non
597 4994 869 5064 pervenit.
917 4991 1198 5062 Siquidem
1239 4991 1561 5062 imperatrix
1611 4991 1793 5057 Anna,
1843 4993 2029 5051 missis

456 5085 774 5141 hominibus
796 5086 919 5154 (nec
946 5087 1094 5138 enim
1130 5097 1249 5137 eam
1275 5081 1328 5136 id
1364 5081 1510 5152 quod
1537 5081 1807 5137 acciderat
1843 5082 2024 5152 latuit)

454 5177 830 5248 prazclusoque
862 5173 1055 5239 aditu,
1106 5173 1402 5229 adventum
1435 5172 1677 5228 inhibuit
1707 5174 2024 5245 appulsum-

451 5287 561 5340 que
610 5269 755 5325 illius
805 5268 1124 5324 Latinortun
1156 5284 1366 5334 manus,
1403 5283 1523 5338 qua:
1551 5268 1858 5336 clanculum
1888 5269 2027 5324 all'u-

457 5376 577 5419 tura
611 5372 730 5417 erat
759 5362 1047 5433 postridie.

526 5456 592 5512 Χ.
645 5454 721 5511 Ea
749 5471 836 5511 res
866 5456 1120 5533 obsessos
1150 5455 1274 5527 illos
1301 5452 1367 5508 ad
1410 5452 1847 5524 desperationem
1875 5470 2026 5511 com-

452 5553 607 5623 pulit.
639 5550 848 5621 Quippe
873 5565 976 5605 nec
1004 5563 1154 5603 arma
1202 5549 1270 5602 iis
1297 5557 1474 5615 erant,
1520 5549 1723 5617 quibus
1775 5560 2023 5619 protege-

452 5653 667 5710 rentur,
704 5659 805 5699 nec
834 5644 1075 5714 clypeos,
1111 5656 1212 5695 nec
1241 5656 1425 5707 arcus,
1465 5654 1566 5697 nec
1612 5641 1782 5696 ullum
1814 5642 1882 5696 ad
1912 5645 2022 5696 vim

447 5739 877 5810 propulsandam
912 5737 1099 5810 telum.
1134 5737 1211 5790 Ac
1251 5744 1514 5814 praeterea
1578 5736 1861 5806 neglectus
1908 5737 2022 5805 pri-

2129 4549 2186 4609 ἐς
2228 4549 2289 4600 τὸ
2332 4551 2389 4602 ἐν
2440 4554 2552 4617 τοῖς
2583 4553 2825 4611 Γαλάτου
2876 4563 3027 4630 σφῶν
3072 4564 3251 4617 αὐτῶν
3300 4567 3583 4637 φρούριον,
3609 4575 3696 4624 καὶ

2130 4639 2309 4693 πᾶσαν
2377 4648 2842 4718 περιποιήσασθαι
2908 4668 3092 4721 σρισιν
3156 4656 3475 4727 ἀσφάλειαν.
3538 4661 3696 4715 Ταῦτ’

2129 4730 2375 4799 εἰπόντες
2434 4736 2746 4809 ἐπανῄεσαν
2772 4743 2977 4809 οἴκαδε,
3028 4750 3273 4818 χρηστὰς
3317 4751 3543 4815 ἐλπίδας
3606 4755 3697 4823 μὲν

2127 4826 2241 4887 τοῖς
2272 4825 2419 4892 ἐντὸς
2448 4828 2663 4900 τείχους
2693 4835 3113 4901 καταλιπόντες,
3140 4843 3241 4895 οὐκ
3269 4847 3350 4909 εἰς
3384 4849 3628 4915 χρηστὸν
3654 4850 3694 4900 δ’

2129 4913 2221 4972 οὖν
2279 4920 2454 4991 πέρας
2503 4923 2850 4995 ἐληλυθυίας.
2909 4930 3184 5002 Πέμψασα
3230 4937 3339 5008 γὰρ
3481 4913 3697 5008 βασιλὶς

2133 5011 2302 5067 Ἀννα
2348 5014 2430 5081 (οὐ
2466 5014 2574 5085 γὰρ
2609 5016 2856 5089 ἐλελήθει
2908 5022 2970 5076 τὸ
3027 5027 3272 5095 γεγονὸς)
3324 5030 3614 5100 ἀπέφραξέ
3644 5051 3697 5085 τε

2130 5102 2227 5196 καί
2259 5105 2570 5175 ἀνεχαίτισε
2616 5109 2714 5181 τὴν
2760 5110 2948 5181 ἔφοδόν
2974 5132 3033 5169 τε
3072 5119 3165 5171 καὶ
3205 5122 3294 5174 τὸν
3320 5122 3584 5177 εἴσπλουν
3610 5126 3699 5196 τῆς

2129 5195 2314 5265 κρύφα
2365 5197 2667 5269 μελλούσης
2709 5202 2922 5258 ἐπιέναι
2970 5208 3267 5282 Λατινικῆς
3295 5212 3351 5275 ἐς
3381 5214 3494 5284 τὴν
3546 5195 3699 5270 ὕστε-

2131 5287 2289 5355 ραίαν
2327 5288 2630 5358 δυνάμεως.

2200 5468 2286 5540 [Ρ.
2309 5468 2436 5541 4621
2468 5470 2524 5526 ι’.
2549 5471 2720 5526 Τοῦτο
2735 5474 2869 5544 πρὸς
2891 5477 3205 5546 ἀπόγνωσιν
3237 5483 3401 5551 ἤγαγε
3430 5486 3573 5549 τοὺς
3599 5504 3702 5539 τει-

2126 5563 2317 5632 χήρεις
2341 5564 2602 5627 ἐκείνους.
2626 5563 2762 5619 Οὔτε
2787 5566 2894 5638 γὰρ
2916 5570 3079 5624 ὅπλον
3110 5567 3177 5642 ἦν
3210 5592 3379 5642 σφισιν
3405 5579 3578 5633 οὐδὲν
3605 5601 3701 5650 qu.

2130 5653 2445 5722 λακτὴριον,
2477 5653 2589 5706 οὔτ’
2615 5656 2803 5720 ἀσπὶς,
2833 5656 2958 5712 οὔτε
2993 5661 3165 5728 τόξον,
3200 5663 3317 5718 οὔτε
3342 5666 3511 5734 βέλος
3546 5674 3699 5724 οὐδὲν

2123 5745 2501 5826 ’ἀμυντήριονθ
2540 5749 2632 5800 καὶ
2686 5747 2821 5817 πρός
2867 5766 2927 5819 γε
2974 5750 3035 5803 τὸ
3089 5755 3259 5824 τεῖχος
3304 5757 3589 5830 ἀμεληθὲν
3640 5764 3697 5815 ἐκ
