3920 6570
229 355 334 418 973
615 345 689 417 [Α.
730 358 781 398 c.
829 340 987 411 1345]

1250 340 1687 402 BYZANTNJ‘I
1730 340 2106 399 HISTORle
2148 342 2287 402 LIB.
2338 343 2485 405 XIV.

2600 337 2734 404 [ιιιιι.
2785 354 2825 390 ι.
2870 351 3106 391 ramum.
3155 337 3210 407 4]

3352 339 3458 402 ειι

235 465 428 522 πολλοῦ
459 464 752 536 διερρωγος
789 457 858 533 ἦν
887 460 956 515 τὰ
985 459 1211 514 πλεῖστα
1243 460 1388 530 μέρη
1416 460 1510 513 τοῦ
1545 477 1600 512 τε
1629 478 1757 530 περι

1903 461 2009 515 lem
2055 467 2241 519 nmr‘us
2289 466 2475 519 hiabat
2517 464 2786 534 plerisque
2841 465 2890 518 in
2927 463 3172 535 partibus
3227 463 3461 520 cireum-

234 560 405 615 πάτου
433 559 527 611 καὶ
560 555 669 609 τῶν
690 551 992 618 ἐπάλξεων.
1017 552 1131 623 Τὴν
1158 550 1259 622 μὲν
1296 550 1390 604 οὖν
1413 550 1583 604 νύκτα
1614 552 1793 605 πᾶσαν

233 652 451 719 ἐκείνην
499 646 669 710 οὕτως
703 645 789 698 ἐπ’
830 643 1043 697 ἐλπίσιν
1090 642 1597 713 ἀμφισϐητησίμοις
1643 642 1794 704 ἐντος

231 743 441 813 τείχους
464 740 781 811 ηὐλίσαντο,
812 738 911 801 τάς
934 754 991 790 τε
1022 735 1191 799 πύλας
1214 736 1573 804 φυλάττοντες
1601 736 1695 788 καὶ
1727 734 1792 787 τὰ

230 834 382 904 τείχη
425 832 756 904 περιιόντες.
793 830 997 884 Ἕωθεν
1037 829 1081 882 δ’
1120 831 1194 892 ώς
1228 825 1366 884 εἶδον
1408 829 1665 901 σύρφακα
1699 830 1794 881 καὶ

230 925 446 996 χυδαῖον
490 922 665 993 ὄχλον,
698 920 851 992 παρὰ
898 913 991 974 τὸν
1041 921 1258 988 γείτονα
1311 921 1590 984 συνιόντας
1633 920 1795 973 ἱππό-

230 1018 428 1087 δρομον
475 1017 585 1088 (89)
646 1015 776 1078 θέας
825 1016 1032 1079 εἵνεκα,
1069 1014 1164 1067 καὶ
1216 1013 1421 1085 ἥκιστα
1481 1010 1794 1082 συμμαχίας

233 1109 571 1178 ἡστινοσοῦν,
608 1107 673 1173 ἐξ
702 1100 777 1161 ῶν
825 1124 891 1175 γε
928 1105 1224 1177 ἡλπίκασιν
1287 1102 1489 1176 (ᾤοντο
1513 1103 1643 1173 γὰρ,
1673 1103 1795 1154 ἐπεὶ

235 1198 460 1269 μισητὸς
501 1200 713 1269 ὑπῆρχε
742 1200 855 1261 τοῖς
881 1197 1025 1259 ὅλοις
1075 1195 1261 1265 σχεδὸν
1287 1193 1600 1258 Βυζαντίοις
1638 1193 1797 1246 Ἀπό-

233 1306 456 1352 καυκος,
487 1288 733 1351 ἅπαντας
788 1287 938 1359 ἥξειν
980 1286 1163 1351 εὐθὺς,
1207 1286 1609 1345 στασιάσαντας
1654 1282 1796 1335 κατὰ

230 1381 338 1434 τῶν
377 1380 659 1451 ἀρχόντων
707 1379 800 1433 καὶ
839 1378 1122 1449 βασιλέων,
1158 1375 1563 1440 ἀπαλλάξαντος
1617 1373 1676 1426 δν
1720 1373 1793 1436 ὡς

230 1471 496 1541 τύραννον
550 1469 879 1540 ὲδεδίεσαν)·
937 1468 1012 1531 ώς
1063 1465 1156 1520 οὖν
1204 1466 1368 1537 ἕτερα
1421 1461 1538 1517 ἀνθ’
1591 1464 1793 1534 ἑτέρων

232 1562 419 1633 ἐώρων
466 1559 564 1615 καὶ
598 1561 660 1615 οὐ
701 1562 840 1614 κατά
891 1557 1120 1630 γνώμην
1158 1556 1359 1628 ἐχώρει
1402 1555 1469 1610 τά
1519 1554 1793 1627 δρώμενα,

231 1651 361 1721 περὶ
393 1649 696 1718 διαλλαγῶν
718 1649 959 1719 ὡμίλουν
981 1650 1094 1711 τοῖς
1122 1646 1320 1714 ἔξωθεν
1369 1644 1505 1715 πρὸς
1556 1644 1653 1713 τῆς
1696 1643 1794 1713 βα-

234 1742 432 1804 σιλίδος
490 1741 661 1795 ίοῦσιν
718 1741 940 1811 Ἀννης.
998 1739 1109 1792 Καὶ
1157 1737 1274 1808 τάχ’
1328 1737 1395 1791 ἂν
1450 1734 1698 1803 ἐγίγνετό
1740 1749 1793 1787 τι

232 1832 469 1904 χρηστὸν
500 1830 757 1896 ἐκείνοις,
782 1832 833 1884 εί
882 1830 957 1901 μή
1006 1845 1152 1891 τινος
1205 1826 1485 1897 δαιμονίου
1517 1824 1796 1879 κεκώλυκε

232 1924 529 1996 βασκανία.
574 1923 718 1978 Ἀλλ’
766 1923 955 1996 ἔχρῆν,
1004 1923 1080 1987 ὡς
1134 1921 1331 1986 ἔοικεν,
1395 1922 1453 1972 ὲν
1507 1918 1798 1989 θεομηνίας

230 2018 445 2090 καιροῖς
493 2014 659 2086 μηδὲν
704 2015 1011 2085 ἀτόλμητον
1063 2011 1409 2085 παροφθῆναι
1466 2008 1576 2065 τῶν
1609 2007 1803 2080 ἀθεμί-

230 2125 361 2165 των.
400 2110 566 2180 Ἔσχε
598 2108 655 2162 δὲ
691 2107 887 2172 οὕτως.
1251 2108 1254 2111 ’

303 2289 413 2345 ΙΔ⁹.
459 2291 527 2344 Ἠ
552 2289 649 2343 τοῦ
690 2290 1036 2344 Ἀποκαύκου
1066 2289 1227 2361 γυνὴ,
1255 2290 1315 2343 τὸ
1355 2289 1634 2360 ἐνδόσιμον
1662 2294 1801 2361 πρὸς

228 2384 332 2453 τῆς
380 2382 650 2454 βασιλίδος
691 2381 892 2452 Ἀννης
940 2381 1201 2446 λαὸοὗσα,
1256 2381 1650 2453 προσκαλεῖται
1694 2383 1801 2435 πᾶν

230 2475 297 2529 τδ
330 2475 710 2546 Γασμουλικὺν
742 2472 875 2546 (90),
906 2474 1000 2527 καὶ
1046 2473 1346 2545 χρημάτων
1376 2472 1612 2545 χορηγίᾳ
1639 2472 1801 2542 δαψι-

229 2565 469 2637 λεστέρᾳ
497 2564 694 2631 πείθει,
730 2566 826 2628 τὰς
870 2564 1118 2635 τριήρεις
1149 2563 1464 2634 αὐθημερὸν
1491 2564 1802 2634 ἀφεμένους

232 2656 510 2721 ἅπαντας,
538 2654 681 2709 ὅπλα
737 2653 784 2707 δ’
839 2653 1052 2707 ἐκεῖθεν
1107 2651 1471 2723 ἀνειληφότας
1529 2652 1623 2705 καί⁸
1673 2651 1801 2724 βέλη

236 2748 445 2811 πάντα,
480 2743 923 2816 περιεληλυθέναι
962 2744 1393 2814 πολιορκοῦντας
1417 2743 1478 2797 τὸ
1506 2743 1599 2797 τοῦ
1626 2745 1799 2797 παλα·

229 2837 353 2891 τίου
398 2836 611 2890 ἐκείνου
657 2835 937 2907 φρούριον,
968 2835 1076 2909 ἕως
1117 2835 1554 2905 είσπηδήσαντας
1600 2834 1802 2906 ἡϐηδὸν

230 2927 365 2990 τοὺς
399 2926 550 2991 ἐντὸς
588 2927 820 2991 ἀνελεῖν,
852 2926 977 2991 τοὺς
1022 2925 1120 2994 μὲν
1150 2925 1226 2990 ὡς
1256 2926 1636 2997 ἀνδροφόνους,
1677 2927 1804 2990 τοὺς

229 3020 277 3073 δ’
305 3019 384 3084 ῶς
416 3020 767 3090 ἀνδροφόνοις
793 3018 1064 3090 δήπουθεν
1091 3018 1402 3090 ὁμόφρονας
1442 3019 1536 3073 καὶ
1567 3019 1803 3090 όμοστέ-

1895 549 2073 606 ducta:
2117 553 2500 610 ambulationis
2534 564 2593 610 et
2638 570 2970 610 summorum
3027 557 3460 626 propugnaculo-

1894 655 2035 694 rum.
2069 641 2258 697 Totam
2296 644 2476 713 itaque
2512 645 2657 699 illam
2697 656 2910 704 noctem
2964 652 3129 700 uuuia
3181 664 3276 718 spe
3321 649 3461 704 intra

1896 748 2109 786 tuurnm
2180 750 2444 800 mansere,
2525 744 2708 804 portas
2755 739 3198 793 eustmlienleset
3263 741 3461 795 mmnia

1894 835 2314 879 Cll'CUlllCUlllCS.
2368 827 2520 881 Mane
2544 837 2745 891 autem,
2805 830 2895 881 ubi
2956 830 3223 897 plebeiam
3274 831 3459 886 faccem

1895 926 2056 984 atque
2080 916 2366 972 colluviem
2398 920 2695 987 conspicati
2740 930 2888 983 sunt,
2927 924 2991 975 ad
3032 924 3269 978 vicinum
3328 925 3461 990 Ilip-

1896 1007 2222 1077 podromum
2259 1010 2471 1065 visendi
2498 1011 2698 1076 studio,
2727 1028 2791 1067 ae
2817 1029 2923 1067 non
2974 1015 3056 1084 (ut
3088 1017 3462 1087 speraverant)

1895 1094 2104 1154 ferendi
2146 1097 2306 1154 ullius
2357 1101 2544 1155 auxilii
2599 1117 2761 1158 causa
2805 1104 3167 1164 confluentem
3238 1109 3463 1179 (etenim

1895 1187 2322 1256 arbitrabantur,
2378 1208 2446 1249 eo
2489 1194 2635 1263 quod
2694 1196 2948 1252 omnibus
2992 1198 3104 1254 fere
3156 1202 3468 1271 Byzantinis

1895 1278 2023 1332 odio
2064 1279 2258 1336 fuisset
2321 1286 2663 1355 Apoeancus,
2703 1300 2963 1345 venturos
3018 1292 3200 1347 statim
3251 1310 3464 1363 omnes,

1895 1367 2164 1426 seditione
2186 1370 2447 1428 adversus
2502 1389 2781 1447 magnatcs
2811 1387 2866 1433 et
2909 1381 3266 1450 imperatores
3319 1396 3465 1441 mota

1894 1472 1982 1526 eo,
2011 1476 2173 1531 quem
2210 1471 2269 1516 ut
2330 1475 2615 1534 tyrannum
2675 1481 3009 1540 metuerant,
3054 1476 3317 1550 sublato),
3372 1480 3468 1536 ubi

1895 1549 2078 1621 itaque
2102 1551 2249 1608 aliud
2282 1555 2445 1626 736
2467 1573 2569 1627 pro
2607 1561 2715 1616 alio
2739 1562 2997 1618 viderunt
3040 1549 3324 1636 accidisse,
3371 1588 3468 1626 ne-

1895 1656 2004 1708 que
2033 1658 2100 1698 ex
2125 1647 2391 1701 sententia
2421 1650 2718 1706 succedere
2773 1667 2885 1717 res,
2948 1655 3015 1709 de
3063 1660 3465 1716 reconcilianda

1894 1734 2065 1803 gratia
2099 1752 2258 1808 egere
2292 1755 2415 1794 cum
2449 1742 2517 1796 iis
2551 1743 2642 1812 qui
2680 1744 2752 1798 ab
2774 1746 3133 1815 ,imperatriee
3169 1753 3322 1807 Anna
3371 1755 3469 1808 ad-

1901 1841 2164 1885 venerant
2204 1845 2220 1885 :
2262 1838 2318 1885 et
2344 1833 2451 1887 nisi
2514 1834 2819 1891 obstitisset
2869 1839 3012 1908 genii
3050 1840 3279 1913 alicujus
3335 1847 3464 1906 mali

1901 1920 2130 1991 invidia,
2158 1921 2392 1979 fortasse
2431 1925 2636 1996 aliquid
2667 1927 2795 1983 boni
2830 1930 2962 2000 ipsis
2992 1937 3310 1995 exstitisset.
3360 1941 3465 1999 Sed

1901 2013 2161 2069 nimirum
2185 2017 2445 2084 oportuit,
2468 2017 2523 2071 in
2564 2017 2671 2074 illis
2719 2018 2924 2078 furoris
2977 2024 3149 2083 divini
3201 2034 3463 2101 tempori-

1902 2106 2028 2173 bus,
2057 2106 2192 2160 nihil
2224 2105 2449 2163 sceleris
2509 2109 2838 2166 intentatum
2874 2115 3074 2172 omitti.
3131 2119 3235 2176 Res
3279 2136 3462 2182 autem

1903 2194 1976 2247 ita
2007 2209 2064 2249 se
2094 2194 2305 2255 habuit.
2662 2248 2665 2252 .

1972 2287 2065 2343 Xl.
2096 2288 2369 2360 Apocauci
2410 2307 2568 2356 uxor,
2606 2294 2675 2349 ab
2704 2294 3054 2365 imperatrice
3085 2301 3241 2358 Anna
3294 2304 3466 2362 licen-

1904 2388 2032 2442 tiam
2056 2387 2570 2457 eum_impetrasset,
2604 2385 2971 2445 Gasmulicam
3001 2407 3219 2450 omnem
3251 2397 3465 2462 turbam

1901 2481 2148 2546 advocat,
2205 2489 2258 2534 et
2332 2479 2713 2550 pinguioribus
2773 2483 3022 2552 pecuniae
3083 2488 3468 2560 largitionibus

1902 2575 2218 2645 persuadet,
2283 2583 2342 2628 ut
2392 2575 2572 2631 cuncti
2611 2574 2930 2637 triremibus
2974 2597 3038 2638 ea
3083 2583 3171 2639 die
3239 2588 3466 2659 relictis,

1901 2668 2240 2738 sumptisque
2259 2668 2386 2725 inde
2419 2672 2583 2726 armis
2613 2683 2669 2728 et
2691 2673 2814 2729 telis
2841 2690 3179 2747 quaecunque
3201 2678 3467 2747 inessent,

1901 2759 2086 2829 palatii
2113 2760 2261 2816 illius
2285 2777 2466 2816 arcem
2498 2763 2785 2821 obsidione
2802 2766 3043 2834 cingant,
3097 2773 3276 2842 quoad
3325 2774 3468 2831 facta

1903 2851 2210 2920 irruptione
2270 2865 2367 2907 eos
2427 2854 2724 2919 trucident,
2783 2856 2878 2925 qui
2952 2856 3102 2914 intus
3152 2871 3468 2930 versentur,

1902 2942 2039 2997 nulli
2072 2942 2216 2997 aetati
2247 2944 2561 3012 parcendo;
2590 2945 2712 3012 bos,
2740 2953 2798 3001 ut
2829 2947 3170 3015 homicidas;
3228 2952 3368 3020 illos,
3407 2966 3468 3013 ut

1903 3034 2302 3090 homicidarum
2354 3036 2594 3092 fautores
2664 3048 2828 3108 atque
2894 3042 3339 3101 contubernales.
3383 3049 3463 3102 Ad

230 3128 390 3178 γους.
444 3111 590 3182 Πρὸς
643 3110 708 3183 δὴ
770 3110 1047 3174 τοιούτους
1116 3108 1319 3179 φόνους
1371 3112 1647 3182 ἀγοραίων
1708 3113 1799 3166 καὶ

1903 3128 2171 3198 ejusmodi
2200 3126 2399 3183 andem
2426 3143 2549 3183 cum
2581 3128 2669 3183 illa
2692 3129 2975 3186 hominum
3001 3134 3468 3194 circumforaneo-

234 3202 520 3256 ἀσυνέτων
550 3203 759 3273 ἀνδρῶν
785 3201 1056 3256 ὁπλίσασα
1079 3202 1258 3269 δεξιὰς
1289 3202 1471 3270 ἐκείνη
1504 3204 1804 3275 χρημάτων

229 3293 439 3363 ἁδραῖς
493 3276 588 3365 (ὡς
622 3294 960 3364 εἰρήκειμεν)
1006 3292 1292 3367 δεξιώσεσι
1339 3296 1431 3347 καὶ
1480 3294 1624 3348 οίνου
1668 3313 1804 3365 κρα-

227 3387 424 3454 τήρων
471 3384 683 3438 πολλῶν
732 3384 1089 3456 ἐμφορεῖσθαι
1150 3384 1369 3438 δίδωσιν
1414 3386 1681 3456 ἀφθόνως,
1740 3387 1805 3442 ἶν’

228 3475 440 3529 οὑτωσὶ
483 3474 577 3527 τοῦ
618 3474 951 3545 καθήκοντος
1001 3477 1295 3539 ἐκστάντες
1327 3477 1586 3547 λογισμοῦ
1619 3496 1806 3548 μαινο-

232 3569 421 3636 μένων
451 3566 605 3636 δίκην
632 3566 851 3637 χωρῶσι
887 3566 1024 3637 πρὸς
1055 3568 1158 3631 τὰς
1200 3568 1308 3623 τῶν
1338 3569 1432 3622 ἀνθ
1442 3568 1642 3641 ρώπων
1670 3587 1807 3640 σφα-

229 3660 359 3724 γάς.
403 3658 556 3711 Ἐπεὶ
577 3658 621 3712 δ’
645 3657 787 3711 οὕτω
814 3657 967 3711 ταῦτ’
994 3654 1106 3728 εἶχε
1135 3659 1228 3713 καὶ
1258 3658 1287 3710 ὁ
1309 3658 1404 3711 τοῦ
1436 3657 1584 3730 ἡλίου
1607 3659 1807 3731 δρόμος

231 3752 338 3821 ἤδη
385 3750 457 3802 τά
492 3750 840 3822 μεσημϐρινά
874 3750 1216 3820 παρήλλαττε
1249 3749 1539 3822 ὑψώματα,
1572 3751 1807 3823 δραμόν-

230 3843 565 3908 τες,ὲκεῖνοι
600 3841 786 3912 κύκλῳ
834 3842 894 3895 τὸ
935 3840 1194 3914 φρούριον
1238 3843 1607 3913 περιέστησαν
1634 3842 1803 3909 ἀπαν,

233 3933 435 3987 ἀσπίσι
471 3934 566 3987 καὶ
595 3934 782 3996 ὅπλοις
830 3932 1003 3988 ἅπασι
1058 3934 1461 4003 πεφραγμένοι,
1507 3933 1602 3986 καὶ
1660 3934 1805 3988 ἆπαν

238 4024 401 4093 βέλος
455 4024 717 4094 ἑκηόόλον
772 4025 828 4076 ὲν
875 4026 1058 4094 χεροῖν
1119 4025 1529 4095 περιφέροντες,
1569 4027 1663 4080 καὶ
1704 4028 1804 4081 ὅσα

232 4116 412 4186 θύρας
442 4115 896 4185 ἀναμοχλεύουσιν
926 4114 1132 4185 ὄργανα
1159 4116 1251 4169 καὶ
1279 4118 1803 4189 κατασείουσντείχη

231 4208 330 4259 καὶ
394 4206 683 4259 ἀποσπῶσι
738 4206 918 4270 λίθους
963 4208 1027 4260 ἐκ
1077 4207 1377 4276 θεμελίωνσ
1408 4200 1482 4261 ὧν
1526 4209 1708 4278 οἱμὲν
1738 4212 1805 4264 τὰ

233 4301 367 4370 βέλη
432 4300 743 4368 πέμποντες
805 4298 1005 4363 ἔξωθεν
1052 4300 1195 4351 κατὰ
1250 4299 1454 4369 πλῇθος
1499 4300 1594 4352 καὶ¹
1645 4301 1804 4372 δίκην

231 4393 452 4462 βαθέων
500 4390 681 4460 νεφῶν
730 4391 938 4454 πάντας
990 4391 1116 4453 τοὺς
1168 4390 1317 4444 ἔνδον
1365 4390 1473 4446 τῶν
1527 4393 1806 4458 ἐπάλξεων

228 4486 526 4553 ἀπήλασαν
558 4485 620 4537 ἐκ
664 4481 759 4535 τοῦ
807 4484 1170 4554 παραχρῆμα,
1206 4483 1371 4552 μηδὲν
1395 4484 1614 4538 ὁθενοῦν
1655 4486 1806 4556 ἕχον-

226 4596 329 4641 τας
358 4578 443 4629 ὄπ’
467 4593 548 4642 ον,
575 4576 606 4646 ἢ
631 4575 1019 4645 φυλακτήριον,
1050 4575 1169 4645 ἣδι’
1201 4572 1274 4629 ὧν
1293 4577 1582 4647 ἀμυνεῖταί
1604 4596 1685 4641 τις
1714 4578 1805 4632 τὸν

228 4670 460 4722 ἐπιόντα
489 4667 769 4737 πολέμιον.
827 4665 913 4738 [ιι.
940 4666 1070 4738 465]
1102 4669 1163 4720 Οἱ
1187 4668 1241 4720 δὲ
1271 4668 1340 4721 τά
1366 4669 1805 4740 ἐκμοχλεντήρια

230 4762 499 4829 φέροντες
550 4758 781 4828 ὄργανα,
831 4760 1151 4828 προσιόντες
1201 4758 1400 4824 ἔξωθεν
1430 4760 1499 4813 τά
1541 4778 1601 4813 τε
1648 4761 1802 4831 τείχη

233 4846 576 4918 πολλαχόθεν
606 4846 903 4919 διώρυττον
930 4850 1026 4901 καὶ
1053 4849 1155 4912 τάς
1204 4849 1379 4913 πύλας
1409 4849 1767 4920 ἀνεμόχλευον
1788 4870 1802 4883 ο

228 4943 308 5005 ὡς
345 4944 406 4995 ὲν
440 4942 582 4995 πάνυ
611 4939 840 5013 βραχείᾳ
871 4942 1064 5014 καιροῦ
1099 4944 1263 5013 ῥοπῇ,
1304 4942 1514 4998 πολλῶν
1545 4943 1804 5015 πολλαχό-

231 5034 325 5087 θεν
358 5032 473 5086 τῶν
502 5033 722 5085 εἰσόδων
746 5033 1118 5103 ἀνοιχθεισῶν,
1139 5035 1344 5097 πάντας
1374 5034 1544 5104 ἄρδην
1575 5037 1798 5105 εἰσρυῆ-

230 5142 320 5177 ναι
364 5124 491 5185 τοὺς
521 5124 831 5194 πολεμίους.

303 5215 410 5270 IB'.
430 5211 541 5268 τΗν
564 5217 682 5269 τότε
713 5216 840 5269 ἰδεῖν
865 5217 986 5279 τοὺς
1010 5218 1108 5287 μὲν
1134 5216 1349 5282 ἀθλίους
1381 5219 1622 5283 ἐκείνους
1652 5221 1806 5288 ἀφει-

229 5312 338 5375 δῶς
368 5312 797 5382 ἀναιρουμένους
828 5313 924 5365 καὶ
949 5312 1084 5383 πρὸς
1114 5313 1249 5385 ᾆδην
1274 5316 1339 5368 ἐκ
1368 5317 1477 5368 τῶν
1503 5315 1628 5386 χθὲς
1661 5333 1806 5386 πεμ-

234 5406 512 5477 πομένους
538 5405 788 5475 δεσμῶν·
816 5407 940 5469 τοὺς
993 5406 1048 5461 δὲ
1104 5407 1264 5476 φόνου
1301 5408 1559 5473 πνέοντας
1604 5409 1803 5479 ἄνδρας

1907 3212 2024 3275 rum
2060 3229 2115 3275 et
2151 3219 2474 3274 stolidorum
2503 3218 2721 3276 dextras
2765 3222 3084 3281 armavisset
3124 3225 3357 3292 liberali,
3407 3238 3468 3285 ut

1906 3311 2164 3377 diximus,
2198 3310 2445 3380 pecunia:
2487 3312 2840 3382 erogatione;
2891 3315 3080 3369 multis
3129 3316 3296 3372 etiam
3352 3320 3464 3375 vini

1906 3401 2118 3472 poculis
2151 3400 2373 3471 profuse
2404 3415 2500 3457 eos
2521 3401 2840 3472 ingurgitat,
2871 3412 2927 3459 ut
2960 3405 3016 3459 in
3068 3405 3211 3462 hunc
3244 3408 3466 3466 modum

1907 3502 2055 3547 recta
2084 3492 2292 3546 ratione
2316 3492 2534 3548 excussi
2563 3492 2863 3547 furentium
2901 3495 3074 3549 instar
3101 3496 3168 3551 ad
3214 3498 3466 3558 homines

1899 3582 2226 3656 jugulandos
2256 3588 2499 3637 ruerent.
2534 3582 2670 3637 Cum
2737 3583 2791 3636 in
2834 3598 2900 3638 eo
2961 3599 3050 3639 res
3086 3596 3291 3653 essent,
3339 3589 3472 3645 solis

1906 3689 2069 3729 cursu
2139 3671 2500 3727 meridianum
2562 3671 2673 3740 jam
2746 3673 3005 3728 verticem
3076 3685 3468 3748 praetereunte,

1906 3782 2069 3825 ruere
2101 3767 2178 3822 illi
2206 3773 2262 3822 et
2305 3775 2473 3821 totam
2518 3764 2758 3836 undique
2807 3782 2987 3822 arcem
3040 3770 3470 3840 circumsistere,

1905 3859 2112 3932 clypeis
2143 3859 2420 3927 armisque
2450 3852 2706 3911 omnibus
2740 3856 3015 3925 instructi,
3042 3869 3099 3916 et
3135 3876 3297 3917 omne
3338 3864 3473 3921 mis-

1907 3953 2090 4008 silium
2123 3950 2350 4006 telorum
2379 3963 2551 4019 genus
2578 3948 2832 4006 manibus
2862 3949 3333 4021 circumferentes,
3371 3971 3473 4011 ea-

1907 4056 2012 4111 que
2047 4039 2230 4094 omnia
2256 4037 2639 4103 instrumenta,
2669 4052 2790 4106 quae
2813 4037 2997 4092 autad
3057 4049 3337 4109 portarum
3389 4060 3473 4100 re-

1906 4132 2101 4203 pagula
2131 4128 2512 4193 convellenda,
2542 4139 2638 4182 aut
2671 4129 2738 4182 ad
2762 4143 2952 4183 muros
2980 4131 3329 4199 quatiendos.
3376 4145 3473 4189 aut

1906 4225 1973 4279 ad
1993 4222 2202 4293 lapides
2230 4236 2261 4275 e
2293 4219 2663 4275 fundamentis
2690 4218 3022 4274 emovendos
3050 4220 3259 4278 valent.
3286 4223 3362 4279 Ex
3385 4225 3471 4281 his

1906 4314 1998 4370 alii
2019 4312 2240 4383 quidem
2270 4309 2404 4364 foris
2434 4323 2699 4378 magnam,
2736 4308 2971 4363 telorum
3008 4310 3116 4365 vim
3151 4328 3215 4367 ac
3245 4311 3470 4371 densam

1907 4404 2074 4461 veluti
2101 4401 2302 4458 nubem
2330 4399 2489 4471 737
2508 4398 2771 4471 iacientes
2834 4400 3083 4468 repulere
3133 4402 3251 4457 illos
3279 4419 3471 4462 omnes

1909 4498 2226 4567 derepente,
2256 4493 2352 4562 qni
2386 4491 2613 4547 summis
2652 4491 2708 4545 in
2749 4494 3173 4561 propugnaculis
3228 4496 3465 4557 stabant,

1903 4589 2074 4646 armis
2104 4586 2470 4655 undecunque
2500 4582 2817 4647 destitutos,
2847 4593 2954 4639 tam
2982 4584 3050 4638 iis
3079 4586 3281 4655 quibus
3338 4604 3465 4642 cur-

1903 4696 2005 4751 pus
2033 4678 2354 4750 protegitur,
2379 4691 2541 4746 quam
2579 4674 2688 4729 illis
2718 4675 2919 4745 quibus
2981 4675 3241 4746 ingruens
3294 4677 3469 4735 hoslis
3509 4666 3516 4673 ’

1906 4772 2274 4843 propulsatur.
2306 4768 2414 4824 Alii
2447 4783 2577 4823 vero
2609 4776 2878 4823 tormenta
2930 4768 3159 4823 muralia
3208 4771 3467 4826 admove-
3572 4824 3579 4831 ,

1907 4867 2057 4926 bant.
2091 4863 2423 4934 propiusque
2447 4860 2770 4917 accedentes
2795 4862 2996 4931 passim
3044 4872 3100 4918 et
3126 4878 3315 4918 muros
3344 4880 3471 4934 per.

1909 4954 2207 5018 fodiebant,
2231 4961 2287 5008 et
2314 4964 2503 5023 portas
2547 4952 2799 5007 vectibus
2825 4952 3273 5020 labefaCtabant;
3306 4954 3376 5009 ita
3412 4965 3471 5011 ut

1861 5072 1873 5088 ο
1911 5056 2188 5098 momento
2232 5044 2493 5112 temporis
2534 5041 2802 5112 patefacto
2835 5042 2940 5096 sibi
2991 5044 3177 5099 multis
3226 5046 3282 5099 in
3337 5046 3475 5103 locis

1911 5135 2078 5199 aditu,
2125 5134 2361 5189 universi
2384 5150 2607 5204 prorsus
2628 5135 2812 5190 hostes
2834 5136 3154 5205 irruperint.

1904 5278 1911 5285 .
1981 5226 2098 5282 XII.
2131 5227 2249 5282 .Iam
2282 5225 2467 5280 videre
2497 5234 2633 5292 erat,
2654 5225 3023 5284 infortunatos
3071 5229 3293 5300 quidem
3349 5232 3473 5287 illos

1911 5319 2081 5373 eil‘use
2104 5315 2363 5380 interimi,
2386 5325 2441 5371 et
2467 5315 2534 5370 ab
2564 5317 2836 5372 hesternis
2854 5319 3086 5375 vinculis
3107 5319 3174 5376 ad
3205 5321 3472 5380 tumulum

1915 5408 2196 5465 transferri
2218 5407 2383 5463 :istos
2408 5416 2589 5463 autem
2614 5409 2991 5482 sanguinarios
3013 5412 3163 5469 viros
3184 5412 3251 5470 ad
3276 5413 3477 5468 multas

1583 5526 1919 5587 Variorum
1949 5533 2134 5588 noue.

308 5625 427 5699 (89)
450 5623 623 5699 Quem
651 5622 986 5699 Ξυλόκερκον
1021 5634 1215 5699 vocant
1251 5624 1564 5699 scriptores,
1600 5626 1673 5699 de
1697 5641 1795 5684 cu-

228 5693 330 5767 jus
359 5694 465 5767 situ
501 5696 711 5767 agimus
764 5696 817 5749 in
852 5693 1314 5767 Constantinopoli
1357 5693 1550 5767 Christ.
1600 5697 1695 5751 lib.
1735 5712 1793 5761 ιι,

249 5776 392 5822 sect.
428 5766 475 5830 t,
510 5764 567 5819 ιι.
622 5764 707 5832 16,
749 5773 804 5822 et
829 5765 925 5820 lib.
976 5781 1049 5833 Iv,
1075 5775 1207 5822 seet.
1242 5766 1328 5831 15,
1362 5783 1416 5822 ιι.
1445 5766 1533 5821 25.
1568 5767 1795 5822 Druse.

1978 5627 2089 5702 (90)
2119 5629 2381 5702 Pachym.
2418 5629 2514 5686 lib.
2546 5646 2623 5698 ιν,
2654 5645 2775 5702 cap.
2805 5631 2897 5687 26.
2928 5630 3060 5688 Vide
3090 5630 3273 5688 Gloss.
3326 5632 3472 5690 med.

1903 5699 2117 5760 Graecit.
2152 5700 2383 5754 Decus.
2722 5699 2736 5702 ἡ
3554 5704 3560 5710 ’
