3800 6598
392 412 533 501 9ετ
677 431 757 505 [Α.
797 431 1054 497 11.6853,
1096 444 1202 487 nm.
1248 429 1340 503 ιδ]

1593 432 2006 496 NICEI’IIORI
2052 434 2432 499 GREGOIUE

2755 436 2887 508 [Ima
2925 456 2961 493 ι.
3005 453 3235 493 muniit.
3280 436 3336 506 δι
3491 445 3571 511 9%

378 569 506 609 cum
533 563 591 609 et
621 554 748 623 galli
798 553 865 608 ad
912 562 1211 610 nocturnos
1250 564 1446 610 cautus
1497 555 1611 610 alas
1642 570 1864 611 movere
1900 566 1948 609 et

2053 556 2258 623 ὕπνους
2290 560 2322 630 ἡ
2356 560 2457 630 τῆς
2488 562 2683 625 νυκτὸς
2708 565 2909 633 σιωπὴ,
2946 565 3080 634 προς
3113 565 3156 616 δ’
3205 564 3343 636 ᾠδὰς
3371 582 3573 638 νυκτερι-

379 645 650 716 ingenitas
697 645 959 701 buccinas
1010 645 1285 701 modulate
1312 645 1502 701 inﬂare
1539 646 1887 708 meditantur,
1912 662 1943 701 e

378 744 619 805 quatuor
646 737 754 792 illis
781 738 1021 792 arcubus
1043 779 1057 803 ,
1090 738 1235 793 coelo
1265 752 1404 807 pene
1441 739 1670 793 dixerim
1706 738 1939 802 aemulis,

380 843 527 884 unus
551 868 568 892 ,
597 829 797 884 orienti
834 845 1032 899 nempe
1086 831 1384 897 obversus,
1414 830 1727 900 procubuit,
1756 845 1943 885 secum

377 919 604 975 trahens
639 930 695 976 et
716 916 908 978 eadem
932 924 1091 977 ruina
1135 922 1437 986 involvens,
1464 937 1803 993 quaecunque
1846 923 1946 978 lte-

382 1010 757 1079 misphterium
789 1014 1272 1083 superimpositum
1309 1014 1606 1069 l'n'lciebant
1634 1032 1647 1069 :
1678 1023 1841 1085 atque
1872 1017 1945 1070 ita

378 1101 561 1155 deleta
594 1112 724 1156 sunt
746 1144 758 1163 .
795 1119 917 1172 qua:
944 1105 999 1158 in
1031 1105 1246 1160 bcmate
1275 1106 1497 1176 pulchra
1526 1106 1741 1161 inerant
1774 1117 1828 1161 et
1862 1123 1948 1161 re-

379 1191 634 1255 condita;
665 1191 881 1248 deletus
899 1202 983 1248 est
1012 1209 1288 1249 sacrarum
1330 1195 1624 1265 imaginum
1661 1198 1808 1251 nitor
1836 1214 1851 1263 ;
1890 1206 1945 1251 et

378 1283 554 1350 gratia
582 1283 671 1336 illa
705 1284 906 1354 ubique
931 1285 1129 1339 dill‘usa
1181 1287 1328 1341 brevi
1374 1289 1622 1355 evanuit,
1648 1290 1816 1343 veluti
1846 1289 1945 1343 [los

384 1374 439 1427 in
465 1390 615 1445 agro,
645 1386 736 1430 aut
766 1394 887 1433 rosa
918 1380 974 1433 in
1008 1381 1184 1444 horto,
1226 1384 1445 1451 quando
1474 1385 1560 1439 vel
1596 1385 1807 1441 locusta
1858 1387 1943 1441 vel

382 1464 679 1534 improvisa
709 1484 874 1524 eruca
906 1472 1090 1525 statim
1124 1472 1436 1529 incurrerit.
1494 1475 1588 1531 Illa
1631 1493 1760 1533 vero
1781 1519 1796 1544 ,
1827 1496 1948 1550 qua!

381 1558 668 1615 columnas
725 1575 907 1616 sacras
952 1564 1219 1619 vestiebat
1252 1582 1316 1621 ac
1345 1567 1754 1640 distinguebat,
1784 1588 1946 1627 omne
2003 1569 2006 1572 ’

383 1646 641 1706 aemulum
670 1667 810 1722 opus
841 1668 1191 1727 supergressa
1220 1659 1424 1715 Phidiae
1448 1663 1747 1731 sculptura,
1778 1664 1947 1720 ell'usa

383 1743 610 1797 omnino
628 1752 685 1798 et
713 1744 888 1801 deleta
906 1758 1012 1813 est,
1038 1748 1419 1807 minutissimis
1451 1753 1679 1809 calculis
1701 1770 1950 1824 exaequa-

384 1842 460 1885 ta.
494 1832 804 1891 Conciones
852 1848 1057 1906 autem,
1087 1849 1142 1895 et
1184 1852 1508 1909 conventus,
1538 1854 1591 1899 et
1621 1862 1742 1915 quae
1788 1846 1953 1918 750

2047 652 2145 714 νὰς
2167 651 2526 721 ἀλεκτρυόνες
2556 653 2653 716 τάς
2711 671 2769 706 τε
2816 654 3097 723 πτέρυγας
3159 657 3331 708 κινεῖν
3367 655 3451 707 καὶ
3499 656 3575 719 τὰς

2048 743 2324 814 ἐμφύτους
2378 746 2690 815 σάλπιγγας
2738 746 2975 816 ἀνοίγειν
3024 746 3283 816 ἐμμελῶς
3329 746 3574 817 μελετῶσι,

2047 836 2144 889 καὶ
2164 836 2467 906 τηνικαῦτα
2513 838 2805 893 πέπτωκεν
2845 840 2878 910 ἡ
2907 840 3003 909 μία
3027 838 3138 892 τῶν
3166 837 3421 910 αἱθερίων
3446 841 3578 907 φάναι

2043 926 2318 994 τεττάρων
2355 927 2559 997 ἀψίδων
2599 928 2700 1001 (ϐ),
2735 931 2769 1000 ή
2814 930 2950 1001 πρὸς
2977 930 3131 1002 ἣλιον
3173 931 3458 999 ἀνίσχοντα
3484 930 3580 1000 βλέ-

2045 1034 2244 1081 πουσα,
2279 1020 2726 1088 συνεφελκύσασά
2768 1038 2828 1074 τε
2858 1022 2955 1077 καὶ
3004 1021 3422 1091 συγκαθελούσα
3448 1023 3581 1096 ἑαυτῇ

2046 1108 2142 1162 καὶ
2169 1110 2291 1162 ὅσον
2327 1109 2615 1182 ὑπήρειδεν
2658 1113 2685 1166 ὃ
2719 1113 3030 1183 ἐπεκάθητο
3078 1113 3461 1183 ἡμισφαίριον·
3511 1118 3584 1169 καὶ

2045 1201 2431 1270 συντέτριπται
2473 1202 2573 1273 μὲν
2597 1205 2663 1256 τὰ
2691 1204 3043 1274 κρυπτόμενα
3101 1204 3272 1275 κάλλη
3315 1202 3412 1256 τοῦ
3442 1204 3586 1273 βήμαο

2046 1309 2156 1355 τος.
2203 1293 2595 1363 Συντέτριπται
2646 1294 2693 1347 δ’
2725 1295 2883 1348 ὁτῶν
2938 1295 3099 1349 θείων
3149 1295 3378 1349 ἐκείνων
3421 1297 3588 1363 κόσμος

2046 1383 2292 1437 είκόνωψ
2341 1384 2457 1453 ἡδὲ
2511 1385 2598 1438 διὰ
2635 1386 2851 1439 πάντων
2905 1386 3118 1455 ἥκουσα
3166 1386 3328 1456 χάρις
3371 1384 3589 1440 ἐσδεπαι

2045 1475 2206 1544 ταχὺ.
2238 1475 2485 1546 καθάπερ
2519 1475 2678 1540 ἄνθος
2705 1478 2775 1529 ’ὲν
2804 1475 2959 1545 ἀγρῷ
2988 1479 3083 1531 καὶ
3110 1477 3264 1545 ῥόδον
3287 1479 3345 1532 ὲν
3372 1478 3587 1546 λειμῶνι,

2045 1568 2195 1621 ὁπότ’
2210 1568 2368 1641 ἀκρὶς
2381 1570 2485 1623 ’καὶ
2503 1569 2696 1639 κάμπη
2716 1586 2798 1633 τις
2816 1570 3077 1641 ἀδόκητος
3094 1571 3289 1643 ἁθρόον
3311 1571 3589 1642 ἐπιδράμοι.

2058 1660 2119 1714 'H
2153 1661 2208 1715 δὲ
2236 1662 2362 1724 τοὺς
2403 1660 2582 1730 ἱεροὺς
2615 1662 2853 1726 ἐκείνους
2884 1664 3069 1727 κίονας
3101 1663 3508 1735 περιελίττουσὰ
3542 1684 3590 1719 τε

2048 1754 2142 1805 καὶ
2203 1752 2554 1807 ποικίλλουσα
2592 1755 2686 1807 καὶ
2723 1754 2929 1809 νικῶσα
2959 1754 3018 1808 τὸ
3056 1754 3430 1826 ἁμιλλώμενον
3474 1758 3593 1811 ἅπαν

2047 1845 2254 1898 ⁶ιιειδίου
2283 1842 2575 1913 λαξευτικὴ
2609 1847 2969 1900 παντάπασιν
3003 1846 3178 1917 ὲρῤύη
3221 1864 3283 1899 τε
3315 1848 3416 1899 καὶ
3465 1848 3594 1900 ἔσϐε-

385 1924 635 1979 solebant
681 1927 869 1982 haberi
904 1928 1015 1985 illic
1059 1930 1257 1987 diebus
1300 1941 1356 1988 et
1396 1936 1651 1990 noctibus
1672 1915 1948 2007 perpetuis

2057 1940 2201 1994 σται,
2227 1930 2529 2002 λεπτότητα
2562 1933 2923 2005 μιμησαμένη
2953 1915 3227 2004 ψηφίδων.
3270 1935 3592 2007 Πανηγύρεις

387 2016 691 2072 dialectica:
742 2019 1168 2093 theologicaaque
1217 2024 1656 2095 disputationes,
1708 2029 1948 2084 studium

386 2124 546 2163 suum
578 2109 633 2164 in
670 2111 948 2166 silentium
977 2127 1090 2182 prae
1121 2124 1346 2185 stupore
1373 2127 1678 2173 verterunt.
1708 2120 1777 2174 Et
1804 2136 1951 2175 nunc

387 2200 661 2254 theatrum
709 2200 842 2255 illud
875 2203 1130 2258 universo
1160 2205 1283 2259 orbi
1312 2220 1600 2263 commune
1620 2248 1635 2273 ,
1673 2209 1951 2278 jucundus

384 2291 565 2346 omnis
600 2292 801 2362 linguae
827 2308 1031 2361 sermo,
1060 2296 1434 2353 dulcissimum
1465 2300 1694 2355 auribus
1722 2302 1950 2371 quibus-

384 2383 521 2437 libet
572 2400 845 2450 murmur,
882 2385 1218 2456 inaspectum
1259 2396 1398 2443 astat
1448 2392 1820 2459 spectaculum
1845 2435 1859 2460 ,
1895 2401 1951 2448 et

385 2474 633 2541 quaedam
659 2475 811 2530 velut
837 2477 1093 2531 columna
1123 2478 1362 2533 animata
1406 2481 1723 2550 tragtediam
1768 2483 1949 2538 medio

385 2580 509 2620 aere
543 2566 791 2634 exhibet,
818 2568 1093 2636 totiusque
1115 2570 1265 2625 orbis
1295 2572 1558 2642 laerymas
1589 2572 1721 2640 ciet;
1757 2582 1812 2628 et
1854 2590 1950 2630 ore

386 2657 544 2727 quasi
602 2674 702 2728 per
738 2660 956 2714 culmen
1002 2676 1239 2729 superne
1272 2661 1517 2729 diducto,
1560 2665 1661 2718 soli
1702 2673 1758 2719 et
1789 2667 1951 2722 astris

386 2748 669 2818 indignum
687 2751 910 2811 ,l'acinus
942 2752 1113 2821 palam
1134 2753 1461 2821 annuntiat;
1493 2755 1687 2810 cmlum
1714 2757 1948 2828 denique

385 2847 596 2894 tantum
627 2856 734 2895 non
770 2849 962 2896 testem
996 2842 1242 2907 advocat,
1275 2853 1330 2899 et
1370 2846 1687 2915 prepltetiea
1718 2846 1808 2902 illa
1841 2848 1949 2904 Deo

387 2929 591 2984 occiuit
640 2947 655 2983 :
715 2948 734 2981 ι
790 2928 914 2984 Filii
948 2930 1140 2987 matris
1175 2947 1307 2986 mea:
1342 2944 1719 3004 pugnaverunt
1757 2944 1948 2992 contra

385 3033 475 3071 me
509 3032 525 3070 :
568 3028 962 3087 percussorum
991 3034 1100 3085 me,
1150 3021 1582 3077 vulneraverunt
1609 3038 1736 3091 me;
1767 3032 1823 3080 et
1852 3040 1949 3081 su-

385 3107 576 3176 perbia
633 3124 848 3175 eorum,
900 3110 995 3179 qui
1047 3111 1283 3166 oderunt
1340 3126 1462 3177 me,
1523 3116 1770 3171 ascendit
1802 3131 1947 3172 sem-

386 3213 504 3267 per.
543 3216 564 3252 ι

461 3301 525 3356 ll.
557 3301 615 3357 ld
648 3318 771 3358 cum
805 3304 877 3360 ita
906 3304 1231 3373 accidisset,
1263 3315 1516 3363 manante
1555 3310 1739 3364 statim
1786 3308 1953 3376 fama,

2054 2022 2109 2075 δὲ
2140 2022 2232 2076 καὶ
2272 2022 2552 2089 ξυναυλίαι
2585 2025 2677 2077 καὶ
2709 2025 2933 2096 ἅμιλλαι
2963 2026 3217 2095 συνήθεις
3243 2027 3386 2091 ἐκεῖ,
3408 2027 3595 2095 λογικαί

2053 2130 2110 2165 τε
2139 2113 2231 2166 καὶ
2260 2110 2425 2183 ἱεραὶ,
2485 2110 2769 2182 παννύχιοί
2821 2131 2883 2167 τε
2930 2115 3025 2166 καὶ
3078 2115 3435 2186 πανημέριοι,
3485 2117 3597 2185 πρὸς

2054 2204 2297 2271 ἀφωνίαν
2315 2202 2660 2273 μετήνεγκαν
2678 2204 2777 2274 τὴν
2791 2205 3025 2277 σπουδὴν
3044 2206 3134 2259 ὑπ’
3159 2206 3491 2274 ἐκπλήξεως.
3512 2209 3599 2261 Καὶ

2051 2295 2146 2351 νῦν
2166 2294 2250 2368 [Ρ.
2268 2294 2468 2367 570112.
2491 2297 2835 2365 παγκόσμιον
2850 2297 3173 2370 θέατρον,τδ
3184 2299 3367 2367 πάσης
3388 2297 3601 2370 γλώττης

2051 2385 2283 2455 τερπνόν
2330 2386 2618 2457 ἀφήγημα,
2653 2388 2681 2440 ό
2712 2386 2892 2457 πάσης
2930 2388 3102 2457 ἀκοῆς
3119 2387 3326 2456 γλυκὺς
3367 2385 3595 2456 θόρυϐος,

2050 2479 2281 2551 ἀόρατον
2311 2480 2510 2552 ἕστηκε
2541 2480 2745 2552 θέαμα,
2786 2483 2882 2537 καὶ
2932 2483 3102 2552 στήλη
3149 2500 3236 2546 τις
3284 2476 3402 2536 οἷον
3452 2481 3601 2551 ἐμψυ-

2051 2588 2143 2641 χος
2163 2573 2233 2626 δι’
2258 2571 2475 2644 αἰθέρος
2503 2574 2802 2643 ποιουμένη
2828 2573 2927 2645 τὴν
2950 2574 3283 2644 τραγῳδίαν,
3318 2574 3421 2628 καὶ
3451 2575 3605 2643 πάσης

2052 2661 2154 2730 γῆς
2179 2662 2596 2731 προκαλουμένη
2646 2662 2878 2733 δάκρυα,
2946 2664 3038 2715 καὶ
3064 2662 3252 2733 ῶσπερ
3309 2663 3484 2733 στόμα
3534 2662 3605 2717 διὰ

2052 2752 2153 2821 τῆς
2180 2752 2384 2822 ὀροφῆς
2409 2755 2520 2808 ἅνω
2542 2753 2771 2825 διάρασα
2804 2753 3112 2825 περιφανῶς
3129 2755 3268 2825 ἡλίῳ
3295 2757 3395 2808 καὶ
3433 2753 3606 2824 ἄστρα-

2052 2860 2106 2896 σι
2134 2842 2234 2913 τὴν
2264 2842 2481 2897 ἀδικίαν
2503 2842 2924 2913 προσαγγέλλει,
2950 2845 3046 2898 καὶ
3069 2844 3198 2907 τοὺς
3234 2845 3496 2914 οὐρανοὺς
3528 2861 3607 2913 μο·

2049 2933 2261 3003 νονουχὶ¹
2291 2934 2744 3005 προσκαλουμὲνη
2779 2934 3065 3006 μάρτυρας
3095 2935 3281 2988 ἐκεῖνα
3335 2934 3402 3004 δὴ
3430 2935 3495 2986 τὰ
3519 2935 3609 2986 τῶν

2050 3025 2343 3097 προφητῶν
2359 3025 2604 3097 περιᾲδει
2629 3026 2764 3097 πρὸς
2785 3021 3013 3098 Κύριονί
3032 3025 3178 3080 ιΥίοὶ
3205 3026 3416 3097 μητρὸς
3440 3024 3607 3096 μονα)

2051 3115 2389 3186 ἔμαχέσαντό
2410 3132 2497 3186 με·
2526 3116 2805 3181 ἐπάταξαν
2844 3134 2932 3187 με,
2961 3116 3378 3189 ἐτραυμάτισαν
3416 3133 3502 3187 με·
3529 3121 3610 3169 καὶ

2053 3209 2087 3279 η
2113 3210 2457 3280 ὓπερηφανία
2481 3210 2590 3265 τῶν
2614 3209 2917 3282 μισούντων
2952 3228 3019 3281 με
3051 3210 3221 3283 άνὲδη
3244 3210 3337 3266 διὰ
3368 3211 3605 3272 παντός.»

2130 3299 2206 3357 B’.
2238 3302 2457 3357 Τούτων
2510 3302 2557 3357 δ’
2579 3303 2720 3357 οὕτω
2779 3303 3226 3374 συμϐεϐηκότων,
3291 3303 3401 3373 τῆς
3445 3305 3612 3372 φήμης

388 3403 444 3450 et
492 3408 589 3464 per
620 3402 790 3451 totam
816 3397 1008 3452 urbem
1070 3412 1231 3453 mane
1286 3399 1661 3467 disseminata,
1705 3403 1881 3470 major
1903 3409 1948 3456 el

2057 3392 2227 3446 ἕωθεν
2252 3393 2474 3465 ῥυείσης
2502 3393 2598 3447 καὶ
2628 3392 2731 3447 ἀνὰ
2783 3395 2964 3448 πᾶσαν
2996 3392 3340 3463 διαδοθείσης
3403 3392 3498 3463 τήν
3526 3392 3609 3444 πό-

390 3485 603 3540 clamor
627 3496 683 3540 et
708 3485 893 3542 luctus
911 3488 1181 3544 excitatus
1210 3498 1319 3557 est,
1350 3505 1521 3559 quam
1552 3491 1685 3546 olim
1724 3491 1953 3557 exstitit,

387 3592 510 3631 eum
555 3576 812 3648 Assyrius
874 3577 1391 3647 Nabuchodonosor,
1435 3582 1650 3653 Solyma
1710 3582 1957 3639 funditus

387 3682 601 3731 eversa,
643 3667 977 3723 Salomonici
1008 3668 1226 3739 quoque
1258 3671 1448 3741 templi
1496 3673 1954 3743 magniﬁcentiam

386 3758 556 3813 diruit
581 3767 746 3828 atque
774 3759 1017 3815 sustulit.
1048 3758 1245 3816 Omnia
1272 3747 1456 3833 itaque
1488 3772 1541 3820 et
1579 3772 1717 3819 tecta
1750 3775 1807 3822 et
1837 3767 1952 3821 fora

396 3860 453 3905 et
486 3850 700 3906 theatra
743 3850 1166 3915 deserebantur,
1197 3852 1452 3909 omnibus
1484 3855 1552 3909 ad
1603 3854 1749 3911 illius
1784 3856 1954 3914 cladis

388 3942 768 4011 spectaculum
822 3942 1115 3998 confestim
1173 3945 1593 4001 aecurrcntibus
1630 3962 1645 4001 :
1685 3954 1742 4000 et
1791 3963 1953 4005 nemo

385 4040 503 4085 erat
551 4031 638 4086 cui
682 4032 827 4086 aliud
859 4031 1160 4102 quidquam
1199 4047 1342 4087 cura:
1393 4033 1741 4104 impensioris
1768 4044 1950 4101 esset,

393 4122 540 4190 quod
570 4121 640 4176 ab
665 4120 845 4177 omeio
880 4123 971 4178 illo
1003 4133 1185 4194 posset
1214 4139 1466 4180 avocare.
1494 4125 1822 4181 Circumlusi
1858 4126 1954 4196 igi-

390 4224 484 4267 tur
510 4224 567 4268 et
597 4214 882 4269 lamentati
940 4231 1150 4280 omnes,
1180 4227 1443 4287 quantum
1499 4232 1596 4286 par
1640 4226 1777 4281 erat,
1827 4233 1953 4273 mox

389 4304 653 4358 inclinato
680 4319 912 4374 corpore
939 4306 1223 4360 materiem
1260 4315 1315 4361 et
1342 4306 1541 4361 rudera
1573 4307 1950 4375 exportabant;

2057 3483 2161 3553 λιν,
2187 3484 2285 3556 βοὴ
2316 3485 2410 3539 καὶ
2432 3484 2629 3557 θρῆνος
2657 3484 2906 3556 ἠγείρετο
2933 3484 3130 3554 μείζων
3153 3484 3229 3555 (8)
3275 3486 3311 3553 ἢ
3340 3486 3463 3539 κατ’
3488 3486 3611 3539 ἐκεῖ·

2057 3595 2148 3633 νον
2175 3577 2268 3632 τόν
2308 3578 2497 3646 πάλαι,
2526 3578 2693 3631 ὁπότε
2740 3570 3215 3648 Ναϐουχοδονόσορ
3250 3578 3280 3631 ό
3320 3577 3609 3649 ⁹Ᾱσσύριος,

2056 3671 2224 3740 ἄρδην
2255 3669 2845 3742 ἐξανδραποδισάμενος
2888 3664 3281 3742 Ἰερουσαλήμ,
3342 3669 3481 3742 ὁμοῦ
3533 3670 3613 3724 καὶ

2054 3763 2229 3816 τὸτοῦ
2269 3760 2668 3833 Σολομωντείου
2703 3761 2810 3815 νεὼ
2866 3762 3085 3816 καθεῖλέ
3110 3778 3172 3815 τε
3220 3764 3319 3817 καὶ
3351 3763 3611 3835 ἀφῄρηται

2056 3851 2229 3914 κλέος.
2270 3849 2583 3904 Ἐκενοῦντο
2608 3849 2968 3904 τοίνυνοίκίαι
2995 3851 3167 3904 πᾶσαι
3190 3849 3286 3903 καὶ
3314 3850 3519 3921 ιἰγοραλ⁵
3532 3849 3613 3904 καὶ

2034 3942 2282 4013 θέατρα,
2315 3943 2410 3995 καὶ
2430 3942 2630 4005 πάντες
2667 3941 2761 3995 ltiti.
2790 3940 2887 4012 τὴν
2916 3938 3048 3995 θέαν
3066 3938 3161 3994 τοῦ
3192 3940 3409 4004 πάθους
3437 3940 3610 4009 ἀθρόον

2056 4030 2292 4097 ἐξέθεον·
2327 4028 2422 4082 καὶ
2450 4027 2627 4090 οὐδεὶς
2664 4022 2756 4099 ἦν,
2814 4028 2921 4098 ὅτῳ
2950 4028 3417 4100 προύργιαίτερον
3441 4030 3613 4098 ἓτερον

2052 4113 2121 4189 ἦν
2153 4118 2262 4171 τῶν
2296 4117 2572 4182 ἁπάντων,
2629 4115 2660 4169 δ
2687 4116 2788 4181 τῆς
2817 4114 3051 4184 σπονδῆς
3084 4114 3472 4187 άπασχολῆσαι
3501 4112 3613 4167 ταύ-

2055 4208 2233 4278 τηςᾶν
2276 4206 2552 4277 δυνηθείη.
2602 4205 2965 4276 Περιστάντες
2996 4203 3093 4258 οὖν
3145 4204 3245 4259 καὶ
3282 4204 3614 4274 ἀπολοφυρά-

2039 4316 2208 4368 μενοι
2233 4299 2430 4362 πάντες
2456 4299 2655 4352 ὁπόσον
2680 4296 2850 4363 είκδς,
2897 4296 3088 4351 ἔπειτα
3121 4296 3417 4367 κύψαντες
3436 4298 3613 4364 £5596-

388 4410 491 4449 nec
522 4404 637 4449 tum
659 4396 947 4465 quisquam
989 4412 1053 4461 ex
1083 4397 1339 4451 omnibus
1368 4406 1489 4451 erat
1519 4397 1818 4461 immunis;
1850 4413 1948 4453 nec

2058 4408 2184 4461 ρουν
2203 4390 2305 4461 τὴν
2350 4389 2485 4460 ὕλην
2527 4389 2636 4444 τῶν
2688 4389 2969 4460 ἐρειπίων*
3001 4390 3099 4443 καὶ¹
3160 4385 3232 4461 ἦν
3281 4390 3460 4454 οὐδεὶς
3519 4388 3615 4442 τῶν

389 4486 462 4540 ibi
518 4487 743 4541 divitem
780 4503 810 4542 a
844 4503 1080 4558 paupere
1118 4478 1494 4553 discerneres,
1545 4503 1644 4542 nec
1684 4488 1948 4543 illustrem

2054 4485 2311 4538 ἁπάντων
2360 4484 2498 4547 τέως
2559 4481 2877 4555 ἀξυντελήςσ
2921 4483 3029 4537 οὐδ’
3054 4479 3124 4554 ἦν
3168 4484 3291 4537 ἐκεῖ
3333 4483 3616 4552 διακρίνειν

386 4576 456 4630 ab
482 4577 738 4641 obscuro,
769 4591 873 4631 nec
903 4576 1061 4647 751
1087 4591 1302 4630 servum
1338 4592 1367 4630 a
1394 4575 1637 4640 domino,
1663 4592 1766 4631 nec
1794 4576 1948 4631 uobi-

2055 4572 2303 4626 πλούσιον
2382 4574 2448 4624 ὲκ
2527 4573 2772 4641 πενήτων
2846 4571 2957 4625 οὐδ’
3041 4569 3102 4635 ἐξ
3181 4570 3389 4635 ἀδόξων
3484 4569 3617 4622 ἔνδο-

385 4664 491 4723 lem
528 4667 597 4723 ab
623 4667 807 4738 operis
840 4665 1210 4723 mercenariis.
1236 4665 1342 4721 Sed
1374 4666 1428 4720 in
1458 4667 1711 4721 eumdem
1734 4667 1949 4722 ardoris

386 4758 649 4827 impetum
684 4759 929 4813 omnium
956 4757 1159 4827 pariter
1180 4757 1428 4813 voluntas
1447 4758 1802 4814 coaleseeliat.
1828 4758 1947 4813 Mu-

386 4848 584 4904 lierum
618 4859 797 4905 tamen
854 4849 1117 4905 sedulitas
1162 4850 1334 4904 multo
1377 4851 1552 4919 major
1577 4865 1742 4919 quam
1774 4851 1949 4905 homi-

385 4956 514 4994 num
548 4941 601 4993 in
634 4940 884 4994 navanda
923 4954 1088 5008 opera
1117 4939 1240 4995 fuit.
1290 4941 1505 4997 Etenim
1556 4940 1660 4996 illa:
1684 4982 1700 5004 ,
1756 4951 1945 5011 utpote

383 5046 515 5084 sexu
569 5029 634 5084 ad
686 5031 913 5084 uberem
970 5029 1331 5102 lacrymarum
1390 5030 1494 5083 vim
1549 5031 1942 5100 propensiore,

384 5123 535 5190 largo
567 5122 784 5177 demum
832 5122 957 5177 ﬂetu
994 5123 1191 5178 lateres
1236 5138 1299 5178 ac
1336 5122 1546 5192 lapides
1576 5122 1697 5178 illos
1724 5139 1943 5194 resper~

382 5215 598 5283 gehant;
623 5213 859 5268 humeris
881 5213 1074 5269 deinde
1088 5213 1462 5283 imponebant.
1480 5213 1795 5284 neutiquam
1815 5224 1945 5269 tunc

385 5302 628 5357 sollicitas
666 5303 733 5357 de
776 5305 1106 5373 sumptuosis
1132 5302 1486 5370 vestimentis,
1515 5319 1636 5373 qua:
1668 5313 1721 5358 et
1746 5303 1951 5357 lacera-

385 5394 479 5449 bat
508 5403 561 5449 et
589 5397 814 5465 pulvere
868 5395 1124 5467 opplebat
1172 5405 1283 5450 tum
1325 5394 1549 5451 confusa
1576 5395 1667 5451 illa
1698 5394 1947 5457 materia,

2055 4665 2144 4731 εον
2170 4706 2187 4730 ,
2262 4662 2370 4716 οὐδ’
2442 4664 2507 4715 ὲκ
2583 4662 2843 4716 δεσπότου
2909 4661 3096 4715 δοῦλον
3124 4704 3139 4726 ,
3201 4663 3265 4717 οὒ
3379 4661 3533 4732 μέντ’
3558 4660 3623 4714 ἂν

2054 4754 2167 4807 οὐδ’
2202 4755 2266 4807 ἑκ
2308 4752 2595 4822 βαναύσων
2626 4752 2844 4821 εὐγενῆ.
2884 4751 3045 4805 um
3072 4751 3213 4823 πρὸς
3246 4750 3380 4821 μίαν
3434 4750 3615 4818 ἐπίσης

2055 4845 2375 4916 ἁνεκίρνατο
2416 4845 2632 4899 πάντων
2664 4847 2697 4913 ή
2734 4844 2987 4913 πρόθεσις
3024 4843 3188 4912 ζήλου
3238 4842 3431 4913 φοράν.
3490 4841 3616 4895 Πολύ

2058 4951 2120 5003 γε
2160 4936 2267 5003 μὴν
2292 4933 2398 4986 τῶν
2420 4933 2628 5003 ἀνδρῶν
2679 4934 2712 5002 ἡ
2742 4933 2852 4986 τῶν
2908 4932 3185 5001 γυναικῶν
3224 4933 3517 5001 ὑπερεῖχεν
3545 4934 3615 4992 ei;

2052 5026 2280 5096 τοῦργον
2326 5025 2558 5096 σπουδή.
2591 5025 2724 5081 "Ave
2765 5024 2874 5096 γὰρ
2918 5025 3319 5095 εὐπαθέστερον
3356 5025 3494 5095 πρὸς
3528 5025 3614 5076 δαο

2053 5117 2234 5189 κρύων
2257 5116 2318 5169 τὸ
2346 5116 2499 5184 γένος
2518 5117 2711 5187 φορὰν.
2741 5114 3014 5189 πλουσίοις
3040 5114 3231 5169 λοιπόν
3258 5117 3371 5177 τοῖς
3392 5116 3612 5184 δάκρυσι

2055 5188 2331 5278 ῥαίνουσαι
2397 5210 2497 5272 τάς
2548 5226 2606 5261 τε
2667 5188 2918 5270 πλίνθους
2988 5209 3084 5261 καὶ
3149 5208 3359 5278 πέτρας
3410 5207 3611 5267 ὲκείνας

2052 5299 2245 5353 ἔπειτα
2280 5300 2565 5352 ὲπετίοουν
2600 5303 2710 5363 τοῖς
2742 5300 2938 5367 ὤμοις,
2976 5300 3191 5370 οὐδαμῆ
3224 5299 3611 5367 περιλάμπρων

2059 5392 2368 5461 ἐνδυμάτων
2400 5393 2633 5446 ἐνταῦθα
2684 5397 3089 5465 φροντίζουσαι,
3134 5393 3493 5463 ῥηγνυμένων
3530 5389 3612 5441 καὶ

1726 5510 2057 5594 Variorum
2097 5538 2287 5592 uota).

454 5667 532 5738 (ὅ)
570 5667 935 5723 Cantacuzeu.
973 5668 1069 5723 lib.
1106 5685 1178 5723 tv.
1237 5682 1359 5738 cap.
1406 5669 1457 5722 ᾧ.
1490 5669 1725 5724 Ducsxc.

461 5730 536 5805 (ἲ)
564 5738 704 5793 Cant
758 5747 901 5792 eant.
938 5754 1054 5806 cap.
1096 5756 1131 5793 I.
1178 5754 1229 5790 v.
1267 5730 1319 5799 εις
1344 5746 1398 5791 et
1429 5755 1544 5807 cap.
1605 5755 1659 5802 ν,
1696 5754 1746 5792 ν.
1783 5738 1833 5802 7,
1889 5747 1945 5793 ct

387 5808 584 5862 Psauu.
624 5823 809 5868 Lxxut,
841 5824 893 5861 v.
933 5810 1022 5861 ‘2').
1062 5808 1268 5861 llmvm.

461 5878 540 5948 (8)
569 5877 797 5932 Videtur
840 5878 1110 5947 Crcgnras
1143 5879 1443 5947 respexisse
1471 5877 1534 5933 ad
1574 5878 1660 5932 illa
1692 5877 1941 5950 Gregorii

2054 5666 2377 5722 Nazianzeni
2412 5669 2478 5722 de
2506 5666 2801 5731 Anastasize
2834 5667 3057 5735 templo,

2051 5740 2133 5791 Οὐ
2164 5740 2370 5803 τόσων,
2420 5740 2839 5807 Ἀσσυρίοισιν
2890 5740 2973 5790 ὅτ’
3028 5737 3208 5807 ἤγετο
3248 5739 3467 5875 ,τηλόθι
3505 5736 3605 5791 πάι

3346 5825 3510 5875 τρηςο

3346 5825 3489 5868 τρυς
3494 5847 3510 5868 ο

3346 5826 3510 5875 τρηςο

2054 5879 2212 5947 Λαὸς
2231 5879 2560 5951 δουρίαλὴς
2585 5879 3013 5947 ιἠἐνέκλιιιιενε
3043 5879 3251 5951 μέγαν.
3319 5826 3538 5934 lucum.
