3920 6640
262 452 388 522 ’989
678 454 750 529 [Α.
792 474 822 515 c
870 458 1030 534 ίὸίὸ]

1306 465 1751 528 ΒΥΖᾹΝΤίΝίΕ
1791 468 2176 530 ιΙῐΞΤΟΒΙΕ
2218 469 2365 529 LIB.
2390 470 2525 535 \XV.

3431 470 3543 536 990

2677 462 2808 537 [una
2845 475 2888 519 ι.
2930 480 3169 523 musae.
3211 466 3268 540 5]

272 583 482 644 κόνεως
549 581 948 655 πληρουμένων
1018 584 1124 639 ὐπό
1202 601 1259 639 τε
1328 586 1429 656 τῆς
1515 587 1859 658 πολυμιγοῦς

1970 598 2079 644 tum
2121 590 2383 646 continua
2404 599 2461 646 et
2493 589 2693 646 crebro
2721 590 2911 647 iterata
2943 592 3012 647 ab
3043 592 3164 649 aliis
3190 592 3256 647 ad
3284 593 3421 650 alios
3441 609 3544 665 per

272 673 494 746 ἐκείνης
533 673 665 747 ῦλης
695 676 799 731 ὐπό
842 694 903 730 τε
927 677 1027 747 τῆς
1065 677 1124 742 ἐξ
1153 677 1399 749 ἀλλήλων
1435 681 1531 734 καὶ
1581 681 1649 735 δι’
1683 680 1852 750 ἀλλήι

274 765 388 820 λων
420 766 682 837 συνεχοῦς
701 785 762 822 τε
790 770 883 823 καὶ
910 770 1287 841 ἀγχιστρόφου
1329 773 1663 842 περιφορᾶς.
1692 767 1863 826 Εἶπεν

271 858 346 911 ἄν
364 875 447 921 τις
487 858 670 927 πηγὰς
701 860 917 928 ἀφιέναι
939 861 1190 931 δακρύων
1228 862 1326 932 τὴν
1354 862 1485 934 ὕλην
1519 863 1860 933 ἐκφοβουμέ-

275 967 378 1020 νην
406 949 647 1020 ἑκείνηνο
675 950 819 1005 οὕτω
852 953 995 1006 κατὰ
1028 955 1309 1023 ποταμοὺς
1366 954 1565 1025 ἐχώρει
1620 953 1742 1008 τότε
1768 954 1861 1008 δάν

273 1056 423 1107 κρυα
460 1040 651 1094 πασῶν
677 1042 796 1095 ἐκεῖ
816 1043 1112 1112 γυναικῶν,
1165 1043 1392 1111 ἐνδόξων
1416 1045 1551 1116 ὁμοῦ
1610 1046 1704 1099 καὶ
1734 1044 1862 1098 ἀδόο

272 1131 405 1197 ξων,
427 1133 523 1187 καὶ
552 1132 699 1200 οὕτω
728 1139 960 1206 μακροῖς
1013 1137 1342 1208 ἀνεμίγνυτο
1374 1138 1593 1211 θρήνοις
1634 1141 1660 1192 ό
1693 1137 1859 1207 ζῆλος

270 1225 504 1280 ἐκείνων
532 1228 625 1307 καὶ
655 1230 688 1298 ἡ
726 1230 952 1298 σπουδὴ,
981 1230 1262 1301 ῥᾳστώνης
1320 1231 1575 1300 οὐδεμιᾶς
1615 1230 1862 1300 δυνηθεί-

270 1333 378 1388 σης
409 1319 999 1394 διακόψαιτύντδρόμον
1022 1325 1115 1377 καὶ
1133 1324 1228 1395 τὴν
1257 1324 1561 1395 συνέχειαν,
1602 1324 1689 1390 ἐφ’
1718 1324 1862 1387 ὅλοις

267 1408 444 1476 ἐγγύς
476 1428 578 1465 που
607 1414 975 1486 νυχθημέροις
1003 1415 1321 1486 τριάκοντα.

339 1500 420 1558 I".
464 1502 711 1574 Ἐλέγετο
746 1507 929 1577 μέντοι
965 1507 1103 1577 πρὸς
1121 1507 1233 1561 τῶν
1276 1506 1507 1575 πολλῶν,
1541 1506 1617 1566 ὡς
1665 1508 1715 1560 εἰ
1784 1509 1859 1578 μὴ

268 1596 655 1667 προῦπάρχειν
678 1598 966 1654 συνέϐαινε
1016 1597 1116 1662 τὰς
1144 1600 1284 1670 πρὸς
1347 1600 1422 1654 ἕω
1474 1600 1744 1670 κρηπῖδας
1765 1602 1860 1653 καὶ

266 1688 340 1742 τά
364 1688 692 1761 ἱρείσματα,
728 1693 903 1747 ὁπόσα
927 1695 1067 1762 πρὸς
1105 1694 1447 1765 Ἀνδρονίκου
1478 1693 1571 1747 τοῦ
1592 1692 1859 1763 βασιλέως

268 1781 354 1851 (9)
402 1782 571 1838 πάλαι
603 1783 1051 1858 ἀνῳκοδόμηνται
1082 1788 1225 1842 πάνυ
1255 1806 1338 1842 τοι
1389 1785 1713 1857 φιλοτίμως,
1754 1787 1857 1842 κᾶν

265 1874 679 1932 πολλαπλάσιον
727 1881 972 1948 ἐγεγόνει
1007 1879 1089 1955 [Ρ.
1117 1881 1245 1954 471]
1275 1883 1337 1936 τὸ
1386 1880 1586 1950 πτῶμα
1621 1881 1716 1934 καὶ
1747 1880 1858 1933 τῶν

263 1986 334 2037 γε
370 1973 606 2028 ἀνιάτων
635 1975 694 2030 ἓν
736 1972 825 2047 ἦν.
865 1980 972 2032 Καὶ
1017 1978 1188 2033 ταῦτα
1225 1980 1326 2050 μὲν
1368 1996 1562 2035 τουτον
1590 1991 1717 2053 ετχε
1763 1976 1887 2037 τὸν.

263 2067 496 2137 τρόπον·
527 2070 624 2123 καὶ
649 2071 710 2125 τὸ
729 2071 884 2141 Θέρος
911 2075 970 2126 ὲν
996 2072 1210 2134 τούτοις
1233 2072 1511 2128 ἐτελεύτα.

338 2159 416 2217 Δ’.
435 2162 641 2217 Κακῶν
652 2163 699 2217 δ’
709 2166 964 2236 ἀνακωχή
983 2183 1066 2222 τις
1078 2165 1192 2220 οὔτ’
1206 2162 1296 2237 ἦν,
1313 2166 1426 2238 οὔτ’
1446 2167 1723 2238 ἠλπίζετοθ
1742 2165 1858 2222 ἀλλ’

264 2249 360 2318 ἐφ’
392 2252 599 2322 ἑτέροις
619 2254 784 2325 ἕτερα
811 2255 1075 2325 διηνεκῶς
1095 2258 1342 2329 ὲπέρρει,
1360 2258 1454 2312 καί
1475 2259 1567 2313 ἐπὶ
1584 2260 1643 2312 τὸ
1677 2261 1859 2329 χεῖρον

260 2343 405 2413 ηῦξε
437 2347 530 2400 καὶ
581 2349 901 2419 προύϐαινε.
958 2351 1034 2405 Ἤ
1085 2369 1146 2404 τε
1195 2356 1307 2421 γὰρ
1373 2353 1444 2423 γῆ
1508 2354 1858 2408 παντάπασιν

264 2440 457 2494 εἰπεῖν
505 2442 745 2513 ἄσπορός
792 2460 851 2497 τε
909 2445 1002 2497 καὶ
1051 2446 1408 2515 ἀγεώργητος
1450 2424 1714 2500 ἐλείπετο*
1748 2446 1861 2499 τῶν

264 2532 319 2585 τ’
347 2534 674 2603 ἐπιτηδείων
713 2536 908 2606 μακρά
934 2554 1019 2597 τις
1041 2537 1349 2603 ἐπεπόλαζε
1382 2536 1574 2601 σπάνις
1620 2538 1708 2594 διὰ
1758 2541 1859 2602 τὰς

263 2625 388 2680 τῶν
422 2624 602 2681 ἄλλοτ’
623 2628 802 2683 ἄλλων
830 2629 1104 2699 πολεμίων
1130 2630 1375 2699 ὲφόδουςυ
1440 2633 1535 2686 καὶ
1569 2633 1687 2702 ἅμα
1726 2649 1861 2703 χρη-

271 2722 469 2788 μάτων
501 2722 666 2795 πόρος
700 2719 766 2794 ἦν
783 2725 957 2790 οὐδεὶς
988 2725 1303 2797 οὐδαμόθεν,
1328 2725 1452 2781 οὔτε
1488 2730 1599 2789 τοῖς
1636 2728 1862 2799 πένησιν

270 2812 536 2881 ἐννοῆσαι
580 2812 650 2866 δι’
674 2814 937 2884 ἐργασίας
965 2815 1338 2886 ἓήστινοσοῦν,
1368 2812 1489 2868 οὔτε
1521 2817 1634 2877 τοῖς
1661 2815 1861 2885 ἄρχου-

266 2921 380 2966 σιν,
410 2905 534 2959 ὅθεν
564 2904 753 2975 ἔρανόν
779 2923 902 2960 τινα
945 2905 1421 2975 δασμολογοῦντες
1480 2904 1853 2976 ἀργυρολογήο

267 3014 452 3051 σουσι.
494 2998 603 3051 Καὶ
632 2992 699 3069 ἦν
725 2998 853 3052 [δεῖν
879 2999 1215 3069 κενουμένας
1238 2998 1341 3064 τὰς
1368 2998 1577 3065 πόλεις,
1610 2998 1705 3051 καὶ
1735 2998 1862 3062 τοὺς

268 3091 379 3161 μὲν
412 3091 471 3154 ἐς
500 3082 808 3163 ἀλλοδαπὴν
837 3087 1251 3163 μετοικοῦντας,
1291 3094 1421 3155 τοὺς
1445 3090 1489 3145 δ’
1519 3091 1578 3143 ὲν
1600 3089 1859 3158 ἀπογνώ-

267 3201 334 3237 σε
345 3202 361 3235 ι
385 3183 670 3253 μένοντας.

349 3340 427 3394 E'.
481 3341 590 3396 Kal.
646 3341 1074 3413 Λακεδαιμόνιοι
1128 3345 1227 3413 μὲν
1284 3342 1451 3398 πάλαι
1500 3344 1863 3413 χρυσοφορεῖν

262 3431 370 3495 τὰς
404 3435 671 3500 γυναῖκας
700 3433 966 3497 ἔπαυσαν.
1004 3435 1099 3489 καὶ
1154 3435 1272 3504 ἅμα
1318 3437 1369 3488 οἱ
1428 3435 1489 3488 τὸ
1547 3436 1646 3505 τῆς
1693 3435 1862 3489 πάλαι

278 3525 514 3596 Ῥώμης
549 3527 878 3592 διοικοῦντες
911 3528 1152 3600 ἀξίωμα.
1179 3528 1504 3598 ψηφίσμασι
1533 3545 1594 3582 τε
1621 3527 1712 3581 καὶ
1742 3526 1866 3596 δόγ-

271 3636 414 3690 ματι
442 3621 726 3689 δημοσίοις
758 3622 855 3676 καὶ
879 3622 1201 3687 ἀσαλεύτοις
1230 3623 1507 3693 ἑκάτεροιο
1551 3623 1603 3675 oi
1640 3620 1740 3692 μὲν
1774 3619 1865 3675 διὰ

265 3713 332 3767 τὸ
355 3714 412 3765 ἒν
465 3712 766 3785 Λεύκτροις
788 3714 893 3769 ὐπδ
932 3715 1190 3787 Θηϐαίων
1222 3717 1374 3785 σφίσι
1424 3717 1715 3785 γενόμενον
1756 3714 1863 3768 πά⁴

268 3805 388 3872 θος,
417 3806 580 3860 ὁπότε
618 3807 681 3879 δὴ
720 3806 922 3879 μικροῦ
957 3808 1054 3878 τὴν
1087 3810 1271 3862 πᾶσαν
1297 3808 1515 3879 ἔκειρεν
1567 3804 1863 3876 ὁπλιτικὴν

267 3897 461 3969 ἀκμὴν
489 3898 589 3968 τῆς
612 3898 869 3971 Σπάρτης
921 3898 1366 3968 Ἐπαμεινώνδας
1397 3889 1624 3963 ἐκεῖνος,
1690 3898 1863 3950 Βοιω-

266 3990 491 4062 ταρκῶν
515 3990 840 4062 τηνικαῦταο
875 3990 925 4044 οί
951 3988 1008 4043 δὲ
1038 3990 1106 4043 δι’
1146 3990 1397 4044 Ἀννίϐαν
1437 3993 1529 4043 τὸν
1579 3988 1865 4060 Καρχηδό-

270 4099 389 4137 νιον
425 4082 587 4136 ὁπότε
625 4080 754 4152 περί
789 4098 849 4135 τε
881 4080 1155 4136 Κανύσιον
1208 4081 1393 4135 πεδίον
1444 4082 1539 4134 καὶ
1593 4079 1863 4148 Ἀφείδιον

270 4176 526 4245 ποταμὸν
547 4177 658 4238 τοῖς
682 4174 826 4229 κατὰ
868 4175 1159 4244 Ῥωμαίων
1189 4175 1423 4245 μακροῖς
1461 4171 1697 4236 ἐκείνοις
1729 4190 1856 4239 τρο·

272 4268 464 4330 παίοις
540 4267 850 4321 τελευταῖον
904 4265 1050 4320 τοῦτ’
1103 4266 1316 4329 ἐπιθεὶς
1378 4267 1475 4319 καὶ⁹
1536 4263 1863 4333 συγκλείσας

273 4362 379 4429 τὴν
432 4357 806 4429 μυριάριθμον
852 4358 1067 4427 ἐκείνην
1115 4356 1403 4428 Ῥωμαίων
1448 4354 1863 4425 κατηγωνίσατο

272 4451 558 4522 στρατιάν
586 4451 662 4515 ὡς
699 4452 811 4513 τοῖς
840 4450 1121 4511 πλουσίοις
1154 4449 1388 4511 ἐκείνοις
1447 4449 1648 4516 αἵμασι
1686 4446 1863 4515 βαφῆ-

270 4543 361 4596 ναε
392 4561 450 4596 τε
483 4540 731 4613 ποταμοῦ
767 4542 825 4595 τὸ
861 4541 1062 4612 ῥόθιον,
1099 4541 1193 4594 καὶ
1217 4540 1346 4594 ἄνευ
1369 4538 1592 4605 ,ὐδατος,
1612 4537 1861 4609 αἱμάτων

269 4638 420 4707 ἔχειν
446 4634 654 4688 ἄνωθεν
680 4630 820 4688 εἶναι
851 4633 1033 4687 δοκεῖν
1070 4634 1167 4696 τὰς
1184 4631 1391 4704 πηγάς.

343 4733 436 4800 (τ’.
468 4728 584 4783 Νῦν
608 4727 654 4782 δ’
685 4727 875 4799 ὥσπερ
900 4727 959 4793 ἐξ
983 4727 1270 4790 ὲνόςτινος
1300 4725 1608 4794 αὐτομάτου
1641 4723 1854 4794 κηρύγ-

273 4839 485 4892 ματος,
547 4819 939 4893 διαδραμόντος
1006 4817 1225 4881 ἁπάσας
1279 4815 1465 4878 πόλεις
1531 4814 1854 4884 Ῥωμαίων,

273 4918 412 4984 μήτε
448 4913 660 4984 μηδένα
696 4911 905 4982 ἀνδρῶν
937 4911 1073 4980 μήτε
1103 4908 1381 4978 γυναικῶν
1408 4909 1685 4978 μηδεμίαν
1706 4907 1851 4975 λαμ-

272 5006 595 5076 προφορεϊν,
658 5003 776 5056 ἀλλ’
796 5002 963 5073 ὁμόσε
1033 5002 1243 5064 πάντας
1294 5001 1511 5054 ἑλέσθαι
1573 4998 1856 5068 μελαίναις

274 5094 466 5161 ἐσθῆσι
491 5094 606 5158 ξυνε
617 5091 897 5145 πεπτώκει
921 5090 1248 5162 κεχρῆσθαι,
1264 5088 1359 5155 οὒς
1389 5091 1486 5161 μὲν
1504 5090 1680 5159 λύπης
1697 5089 1862 5143 ἕνεκα

272 5185 703 5255 προῦπιρξάςης
716 5182 979 5249 ἆτιαξ,οὒς
997 5184 1051 5237 δὲ
1066 5183 1154 5237 διὰ
1166 5185 1257 5245 τὰς
1274 5183 1426 5236 κοινὰ
1440 5203 1453 5245 ;
1468 5184 1556 5236 καῖ
1572 5182 1863 5253 δημοσίους

274 5278 455 5347 κῆράς
471 5294 524 5329 τε
546 5278 640 5330 καὶ
685 5276 975 5347 συμφορᾶς
999 5276 1108 5328 τῶν
1126 5274 1437 5346 ὁμοφύλοιψ
1510 5275 1584 5338 ὡς
1603 5275 1677 5345 μὴ
1699 5274 1859 5346 πόλει

273 5373 369 5424 καὶ
402 5369 649 5440 πολιτεία
678 5371 746 5421 τὰ
780 5368 1070 5437 Ῥωμαίων
1100 5367 1336 5420 ἐοικέναι
1381 5368 1707 5437 πράγματα,
1735 5366 1848 5418 ἀλλ’

274 5463 502 5533 ἀμαυρά
544 5478 663 5514 τινα
702 5460 1016 5530 καμνόντων
1046 5460 1243 5513 εἴδωλα
1272 5456 1435 5522 εἶναι,
1501 5461 1596 5512 καὶ
1634 5459 1852 5529 πόῥρω-

276 5561 368 5613 θεν
405 5558 628 5624 μονονοὺ
689 5555 1183 5623 προαναφωνοῦντα
1237 5556 1491 5621 ἀλλήλοις
1539 5558 1638 5623 τὴν
1705 5554 1852 5607 ἔνδον

276 5652 371 5720 ei;
402 5649 581 5721 ψυχῆς
611 5649 944 5719 φλεγμονὴν,
978 5649 1110 5719 ὅσην
1146 5650 1360 5716 ἑκάστῳ
1402 5646 1640 5717 δαψιλῶς
1691 5662 1855 5716 χορη-

1971 696 2165 736 manus
2199 675 2505 737 translatio.
2540 680 2780 737 Dixisses
2837 684 3123 739 materiam
3178 683 3326 739 illam
3353 725 3369 748 ,
3419 701 3542 755 quas

1966 771 2389 844 exportabatur,
2420 772 2785 843 lacrymarum
2816 773 3061 829 fontibus
3085 774 3385 831 scaturire:
3404 775 3543 831 adeo

1968 873 2100 920 tunc
2139 863 2469 919 torrentium
2522 863 2696 918 instar
2748 865 2900 920 ibant
2931 868 3177 922 omnium
3216 882 3338 937 qua:
3385 875 3545 921 erant

1965 957 2083 1012 illic
2125 957 2463 1020 mulierum,
2522 957 2821 1011 illustrium
2878 959 3039 1027 simul
3088 968 3144 1014 et
3185 960 3542 1030 ignobilium,

1963 1047 2215 1120 lacrymte
2260 1067 2273 1103 :
2310 1048 2448 1104 adeo
2481 1047 2689 1118 ingenti
2736 1048 2887 1104 luctu
2928 1051 3123 1105 mistus
3169 1060 3290 1105 erat
3324 1052 3537 1107 illarum

1963 1142 2118 1196 zelus
2142 1148 2197 1194 et
2236 1138 2477 1195 oﬂieiosa
2508 1139 2791 1210 diligentia
2830 1157 2844 1195 :
2873 1140 3144 1210 siquidem
3186 1141 3309 1195 illos
3337 1157 3540 1194 cursus

1960 1241 2019 1287 ct
2050 1232 2346 1287 continuos
2396 1230 2615 1284 labores
2651 1230 2796 1285 nulla
2843 1231 3023 1300 potuit
3066 1231 3323 1285 mollities
3369 1231 3542 1285 inter-

1963 1340 2221 1395 rumpere
2246 1364 2261 1388 ,
2288 1321 2574 1394 perpetuis
2620 1321 2792 1378 ferme
2828 1324 3049 1394 triginta
3084 1323 3281 1378 diebus
3334 1332 3392 1378 et
3438 1338 3539 1376 no-

1960 1425 2165 1481 ctibus.

2033 1521 2122 1577 Ill.
2157 1520 2428 1577 Cmterum
2463 1537 2491 1576 a
2516 1520 2797 1591 plerisque
2816 1510 3190 1574 dietitabatur,
3225 1506 3331 1562 nisi
3355 1504 3540 1559 orien-

1960 1622 2068 1669 tem
2098 1626 2293 1668 versus
2328 1611 2701 1666 occurrissent
2726 1606 3081 1672 fundamenta
3109 1608 3164 1654 et
3197 1597 3544 1663 moles.quas

1957 1705 2287 1777 jampridem
2319 1705 2626 1770 imperator
2662 1699 3009 1756 Andronicus
3034 1690 3320 1762 magniﬁce
3355 1688 3546 1743 adum-

1958 1799 2088 1854 dum
2137 1796 2519 1852 snbstruxerat
2542 1835 2557 1857 ,
2595 1793 2836 1847 futuram
2871 1789 3045 1843 multo
3115 1782 3376 1852 majorem
3412 1779 3542 1832 rni-

1962 1904 2123 1955 nam,
2177 1896 2344 1957 atque
2399 1885 2530 1940 illud
2581 1885 2782 1955 vulnus
2843 1877 3146 1935 insanabile
3206 1874 3540 1929 exstiturum

1963 1982 2162 2038 fuisse.
2192 1979 2365 2035 Porro
2400 1979 2513 2035 lucc
2546 1979 2620 2034 ita
2639 1992 2696 2032 se
2718 1975 3068 2038 habuerunt;
3104 1983 3168 2024 ac
3198 1967 3252 2022 in
3287 1966 3355 2020 iis
3377 1972 3540 2021 aestas

1964 2082 2289 2143 consumpta
2323 2081 2427 2128 est.

2037 2165 2133 2221 ιν.
2161 2164 2429 2219 Malorum
2450 2170 2457 2175 '
2478 2170 2660 2217 autem
2704 2157 2957 2214 remissio
2992 2154 3143 2210 nulla
3176 2166 3359 2222 neque
3384 2156 3540 2212 erat,

1965 2274 2147 2329 neque
2178 2256 2539 2328 sperabatur;
2561 2254 2656 2310 sed
2689 2262 2956 2323 perpetuo
2982 2248 3087 2303 alia
3115 2262 3180 2305 ex
3209 2245 3329 2299 aliis
3352 2241 3544 2297 aliine-

1968 2355 2122 2415 bant,
2146 2348 2708 2422 ingravescebantque
2733 2355 2789 2400 et
2815 2341 3259 2415 provebebantur
3282 2338 3335 2391 in
3364 2336 3540 2405 pejus.

1967 2444 2103 2500 Nam
2130 2452 2187 2499 et
2222 2451 2368 2499 terra
2396 2440 2702 2496 seminibus
2727 2436 2958 2492 omnino
2982 2447 3125 2502 pene
3154 2428 3540 2486 trandabatur,

1967 2547 2025 2594 et
2061 2536 2265 2592 inculta
2314 2531 2668 2594 remanebat,
2697 2538 2755 2585 et
2813 2522 2999 2582 rerum
3029 2525 3094 2579 ad
3130 2526 3335 2577 victum
3380 2516 3543 2588 752

1968 2625 2408 2683 necessariarum
2440 2636 2689 2692 magnam
2730 2618 3021 2688 quamdam
3052 2612 3291 2683 inopiam
3317 2609 3546 2664 induxe-

1973 2726 2101 2775 rant
2154 2716 2391 2773 hostium
2455 2714 2589 2770 alias
2624 2712 2856 2768 aliorum
2909 2707 3286 2769 incursiones;
3322 2716 3423 2756 nec
3450 2714 3547 2767 pa-

1897 2795 1915 2810 ’
1966 2809 2152 2866 τοηὰειι
2207 2807 2459 2865 alicunde
2509 2804 2758 2876 pecunia:
2792 2802 2931 2856 ratio
2998 2799 3166 2854 ullaa
3204 2791 3544 2866 pauperibus

1971 2900 2269 2972 excogitari
2312 2906 2561 2970 poterat,
2587 2906 2974 2967 quamcunque
3016 2890 3093 2945 illi
3122 2897 3296 2944 artem
3323 2898 3546 2941 sterce-

1970 3004 2097 3052 rent
2131 3011 2145 3048 :
2178 3008 2279 3049 nec
2305 3000 2426 3047 erat
2464 2988 2834 3060 magnatibus,
2872 2984 3020 3040 unde
3049 2989 3333 3052 corrogata
3362 2978 3543 3046 aliqua

1971 3086 2116 3157 stipe
2142 3085 2433 3156 pecuniam
2482 3089 2771 3152 cogerent;
2801 3087 2865 3134 et
2891 3077 3058 3132 urbes
3087 3074 3272 3147 videre
3306 3078 3424 3124 erat
3445 3070 3544 3122 de-

1969 3177 2204 3239 solatas,
2240 3174 2363 3230 aliis
2384 3167 2992 3244 peregreiabeuntibus,
3025 3164 3147 3219 aliis
3173 3160 3323 3217 dumi
3356 3160 3545 3228 despe-

1889 3289 1937 3349 c
1970 3281 2086 3327 rata
2116 3269 2292 3325 salute
2315 3262 2749 3321 remanentibus.

2043 3364 2111 3420 ν.
2138 3360 2278 3418 Olim
2312 3358 2532 3430 quidem
2570 3351 2968 3411 Laeedmmonii
3004 3347 3327 3405 mulieribus
3354 3343 3542 3399 edixe-

1967 3461 2119 3519 runt,
2148 3462 2209 3506 ut
2230 3461 2442 3521 gestare
2485 3463 2681 3503 aurum
2711 3444 3049 3503 desinerent,
3099 3454 3202 3493 nec
3228 3450 3340 3492 non
3376 3433 3414 3490 ii
3445 3432 3540 3502 qui

1967 3545 2174 3601 veteris
2206 3545 2396 3599 Roma:
2430 3540 2724 3612 imperium
2762 3532 3241 3593 administrabant,
3272 3526 3543 3584 consultis

1967 3635 2187 3706 utrique
2220 3644 2276 3689 et
2306 3631 2544 3686 decretis
2597 3628 2875 3699 publicis,
2932 3625 3107 3693 iisque
3149 3616 3539 3675 inconcussis:

1968 3729 2045 3784 illi
2075 3722 2588 3799 propter.l.euctris
2627 3727 2906 3789 acceptam
2944 3734 2972 3770 a
3003 3714 3281 3771 Thebanis
3306 3711 3538 3773 cladem,

1967 3838 2092 3878 cum
2120 3822 2293 3877 robur
2320 3819 2528 3889 Spartae
2556 3816 2798 3870 militare
2829 3820 3002 3868 totum
3038 3810 3147 3865 tere
3177 3807 3423 3863 excisum
3459 3812 3544 3859 est

1966 3914 2170 3969 virtute
2199 3912 2348 3967 illius
2390 3906 2787 3981 Epaminonda:
2809 3945 2823 3969 ,
2861 3905 3103 3975 quitum
3132 3900 3337 3969 Bmotis
3364 3898 3542 3967 impe-

1969 4007 2128 4062 rabat
2163 4023 2178 4060 :
2210 4004 2268 4060 bi
2301 4017 2556 4068 vero,.eo
2604 4000 2748 4071 quod
2797 3997 3031 4054 Annibal
3075 3988 3543 4063 Carthaginiensis

1967 4099 2021 4152 in
2048 4096 2327 4152 Cannensi
2375 4108 2505 4159 agro
2533 4135 2547 4161 ,
2579 4092 2722 4163 apud
2774 4090 3025 4144 Auﬁdum
3060 4086 3260 4141 ﬂumen
3285 4126 3298 4147 ,
3329 4082 3543 4153 magnis

1967 4188 2099 4250 illis,
2133 4201 2270 4256 quas
2303 4184 2371 4239 de
2404 4184 2666 4239 Romanis
2697 4189 3109 4250 reportaverat,
3142 4174 3392 4232 victoriis
3441 4188 3544 4227 no-

1965 4279 2186 4333 vissima
2211 4275 2443 4345 adjecta,
2468 4284 2687 4329 coactas
2723 4273 2778 4327 in
2819 4287 2988 4326 unum
3016 4270 3195 4324 locum
3230 4268 3546 4322 innumera-

1966 4372 2105 4427 biles
2143 4372 2522 4426 Remanorum
2559 4368 2747 4438 copias
2787 4366 2860 4420 ita
2912 4362 3255 4436 profligavit,
3289 4370 3350 4416 ut
3390 4360 3543 4428 largo

1966 4477 2163 4517 cruore
2219 4461 2404 4516 tinctis
2442 4457 2720 4520 ﬂuctibus,
2768 4471 2879 4511 non
2936 4470 3003 4510 ex
3049 4469 3205 4524 aqua:
3239 4453 3335 4508 sed
3363 4465 3544 4508 esan-

1974 4553 2156 4625 guinis
2178 4551 2421 4607 fontibus
2448 4548 2689 4605 derivari
2719 4546 2898 4603 amnis
2928 4545 3234 4602 videretur.

2029 4726 2118 4783 Vl.
2148 4726 2304 4782 Nunc
2335 4742 2490 4790 vero,
2528 4727 2681 4793 quasi
2712 4726 2895 4783 edicto
2934 4726 3117 4797 aliquo
3160 4733 3302 4780 totas
3341 4725 3544 4780 Roma-

1960 4834 2161 4873 norum
2199 4819 2367 4875 urbes
2418 4828 2609 4888 suapte
2641 4826 2934 4890 pervagato
2960 4858 2975 4882 ,
3009 4818 3089 4872 sic
3140 4832 3240 4872 usu
3273 4817 3458 4885 venit,
3485 4827 3544 4873 ut

1961 4908 2147 4963 mullus
2171 4908 2273 4971 vir,
2310 4908 2456 4962 nulla
2486 4908 2686 4963 mulier
2727 4919 2879 4963 veste
2912 4906 3203 4969 candente,
3236 4907 3328 4962 sed
3353 4923 3546 4963 onmes

1964 4998 2108 5068 pulla
2147 5008 2458 5063 uterentur;
2491 4999 2583 5053 alii
2615 4999 2805 5053 dolore
2830 4998 3015 5068 aliquo
3049 5000 3219 5055 semel
3245 5007 3540 5069 praecepto,

1971 5091 2061 5145 alii
2095 5106 2443 5145 communem
2484 5107 2547 5145 ac
2594 5090 2869 5161 publicam
2910 5091 3083 5147 vicem
3116 5100 3173 5146 et
3202 5107 3429 5145 suorum
3464 5092 3544 5145 ei-

1971 5184 2119 5237 vimn
2152 5182 2448 5237 infortunia
2503 5182 2782 5248 dolentes;
2816 5184 2889 5238 ita
2920 5193 2979 5238 ut
3006 5201 3113 5239 nun
3147 5184 3357 5253 civitati
3392 5183 3542 5239 reive

1961 5275 2195 5345 publica!
2229 5274 2407 5330 simile
2439 5286 2580 5330 esset
2616 5276 2921 5331 Romanum
2955 5276 3281 5347 imperium,
3314 5276 3408 5330 sed
3442 5275 3543 5329 ob-

1963 5384 2122 5421 senra
2184 5367 2432 5437 quzedam
2490 5367 2652 5439 753
2710 5368 3003 5423 sinmlaera
3050 5369 3179 5435 luce
3233 5369 3538 5423 carentium

1962 5475 2081 5514 esse
2112 5460 2482 5524 'viderentur,
2530 5476 2652 5529 qua:
2706 5476 2736 5515 e
2789 5461 3092 5531 longinquo
3148 5461 3252 5517 sibi
3302 5461 3539 5515 invicem

1963 5554 2119 5623 quasi
2154 5552 2520 5623 praedicarent
2574 5553 2828 5609 intimum
2874 5557 3038 5610 animi
3075 5556 3362 5619 dolorem;
3410 5568 3538 5608 eum

1965 5662 2182 5716 nempe,
2221 5661 2382 5716 quem
2417 5648 2711 5719 unicuique
2743 5665 2850 5705 non
2885 5649 3084 5705 desinit
3129 5649 3405 5705 cumulate
3449 5663 3540 5703 cx-

1622 5766 1958 5825 Varinrum
1995 5773 2179 5824 nutu).

348 5878 421 5927 tt):
451 5873 626 5939 Atque
663 5870 792 5923 hinc
818 5869 1085 5924 discimus
1112 5887 1139 5924 a
1168 5886 1276 5938 quo
1322 5867 1587 5922 exstructi
1644 5868 1849 5939 fuerint

281 5945 419 5997 mu.i
456 5938 549 5995 illi
584 5942 898 5995 ulmitentr-s
927 5952 1165 6011 quiatuor
1191 5940 1489 6011 majoribus
1520 5939 1643 6007 pilis
1684 5938 1847 6005 sttslij

1960 5864 2220 5937 nent'bns
2286 5864 2753 5932 bemispbayrium.
2808 5869 2874 5922 de
2947 5868 3149 5937 quibus
3208 5865 3420 5933 egimus
3474 5865 3531 5921 in

1958 5934 2363 6004 CUHblleillOp.
2415 5938 2605 5992 Christ.
2647 5942 2737 5993 lib.
2780 5956 2858 6003 Iit,
2896 5934 3026 5992 seut.
3072 5939 3160 5992 56.
3220 5938 3455 5992 licens.
