3920 6578
214 379 316 446 9;);
563 371 639 443 [ιι.
677 386 726 427 c.
771 369 931 443 tam}

1214 374 1654 436 BYZANTINL
1715 375 2094 435 HISTORIE
2139 377 2298 439 ΜΒ..
2324 378 2420 439 XV

1969 226 2165 250 “⁴”·’·ν;-·

3331 368 3446 448 994

2571 373 2704 446 [ruta
2745 391 2788 431 ι.
2831 349 3060 434 rauim;
3107 364 3164 450 5]

213 503 319 564 λοις
343 497 474 552 ἄλλα
498 497 606 551 τῶν
639 512 696 549 τε
727 495 1015 564 ὁμοφύλων
1071 493 1165 545 καὶ
1203 492 1538 560 ἀλλοφύλων,
1594 510 1758 561 παρα.

1887 494 2164 549 hominum
2189 497 2458 564 exempla,
2487 496 2580 566 qui
2609 497 2662 552 in
2692 498 2962 554 similibus
2996 507 3160 570 atque
3185 501 3350 556 etiam
3385 505 3444 559 in‘

217 594 472 658 πλησίαις
514 590 606 643 καὶ
656 586 897 657 μείζοσιν
929 585 1366 655 ἐντετυχηκότων
1397 582 1574 638 ἄλλοτ’
1601 583 1775 647 άλλως

215 685 388 736 ἄλλων
418 680 774 749 περιστάσεσι
815 677 1008 740 βιαίων
1057 676 1150 729 κα)⁸
1201 675 1774 741 δυσανταγωνιστικω⁹

216 774 272 826 τὲ
278 790 386 842 ρων
425 769 568 840 μάλα
595 768 955 838 πραγμάτων.

289 861 361 914 ιη’.
398 861 588 926 Ὅμως
617 859 738 910 ἐπεὶ
763 860 874 918 τοῖς
895 857 993 928 τῆς
1024 858 1282 927 προνοίας
1306 857 1640 928 ἀπορρήτοις
1685 873 1782 908 πε-

215 953 406 1023 λάγεσι
430 957 489 1004 τὸ
512 950 618 1004 τῶν
651 952 908 1004 τοιούτων
946 950 1122 1018 λόγων
1153 953 1520 1021 ὲπαφήκαμεν
1549 948 1777 1016 σκάφος,

219 1045 351 1114 φέρε
374 1045 474 1114 τὴν
505 1044 797 1112 ὑπόσχεσιν
827 1042 1138 1112 ἀποδῶμεν,
1181 1046 1310 1113 μιᾶς
1336 1059 1478 1105 τινος
1501 1043 1608 1095 τῶν
1637 1042 1781 1093 Καν-

217 1135 552 1204 τακουζηνοῦ
582 1133 810 1204 μακρῶν
843 1136 900 1196 ἐς
935 1135 1266 1198 Βυζαντίους
1300 1133 1599 1186 ἐπιστολῶν
1623 1149 1780 1199 ποιη-

221 1228 711 1296 σάμενοιμνήμην.
763 1225 859 1280 τοῦ
904 1243 965 1279 τε
1026 1227 1236 1297 μήκους
1282 1227 1677 1296 ύφαιρούμενοι
1713 1224 1780 1278 τὰ

217 1319 468 1379 πλεῖστα,
499 1317 595 1371 τοῦ
623 1317 895 1388 ἐπαχθοῦς
923 1317 1128 1382 εἵνεκα,
1163 1320 1256 1372 καὶ
1283 1317 1399 1388 ἅμα
1423 1317 1485 1370 τό
1543 1317 1780 1379 ἀκαλλὲς

215 1407 330 1464 τῶν
359 1408 558 1474 λέξεων
587 1407 666 1477 πὴ
700 1409 798 1478 μὲν
831 1407 1028 1479 μικρὸν
1059 1407 1427 1477 ὑπερείδοντες
1460 1408 1625 1460 τεκαὶ
1659 1407 1782 1460 ἀνε-

216 1502 513 1571 γείροντες,
536 1499 632 1554 τοῦ
663 1500 974 1570 εὐπρεποῦς
1015 1501 1197 1553 εἵνεκα
1219 1499 1328 1554 τῶν
1356 1499 1614 1552 ἀκούσειν
1651 1497 1782 1568 μελ-

214 1593 440 1658 λόντων,
477 1593 556 1662 πὴ
585 1591 630 1645 δ’
663 1591 881 1656 ἐῶντες,
910 1591 1000 1644 διὰ
1026 1593 1124 1661 τὴν
1147 1591 1242 1660 τῆς
1269 1590 1524 1662 ἀληθείας
1551 1581 1779 1662 ἐναργε-

215 1689 418 1753 στέραν
438 1683 548 1737 τῶν
573 1684 887 1753 λεγομένων
928 1681 1184 1753 δήλωσιν.

283 1780 362 1827 Δ’.
395 1791 414 1824 ι
456 1767 646 1836 οἶσθα,
684 1791 704 1824 ι
769 1774 934 1843 φησὶν
986 1775 1120 1844 (Η),
1169 1791 1188 1825 ι
1227 1773 1491 1842 ἀγιὼτατε
1543 1773 1778 1827 δέσποτα

215 1865 556 1935 πατριάρχα,
607 1864 709 1934 τὴν
773 1863 976 1932 φιλίαν,
1016 1864 1222 1935 όπόσην
1259 1859 1610 1934 ινεδειξὰμην
1643 1865 1776 1934 πρὸς

215 1953 278 2006 σὲ
299 1956 396 2006 καὶ
423 1947 523 2024 τὴν
544 1953 642 2025 σὴν
671 1954 858 2025 τιμὴν,
916 1955 1010 2008 καὶ
1062 1955 1250 2009 ὀπόσοι
1305 1971 1388 2008 σοι
1445 1956 1584 2008 κατά
1623 1955 1779 2024 γένος

212 2047 496 2116 προσῆκον
527 2062 543 2078 ⁸
576 2047 710 2117 ὅσην
729 2063 789 2099 τε
833 2047 1071 2116 σπουδὴν
1124 2049 1439 2118 εἰσήνεγκα,
1495 2047 1630 2118 πρὸς
1678 2046 1779 2119 τήν

211 2137 627 2208 πατριάρχικήν
650 2136 950 2208 ἀναχθῆναι
997 2155 1056 2191 σε
1093 2139 1402 2210 περιωπήν,
1437 2139 1578 2210 μήτε
1613 2140 1778 2210 μηδεο

213 2232 348 2299 μιᾶς
378 2231 672 2298 γενομένης
726 2230 946 2300 μνήμης
975 2229 1151 2284 οὐδενὶ
1185 2230 1294 2284 τῶν
1335 2218 1658 2284 ἐπισκόπωῦ
1686 2231 1797 2286 καὶ⁴

211 2323 611 2391 πρεσΰυτέρων
650 2323 708 2373 ἐν
743 2323 862 2381 ταῖς
926 2323 1350 2392 πατριαρχικαῖς
1403 2321 1780 2397 ψηφηφορίαις

210 2413 346 2482 περὶ
397 2412 514 2480 σοῦ,
547 2411 674 2482 μήτ’
695 2411 762 2464 αὖ
792 2411 948 2481 ήμῶν
977 2413 1382 2481 είσαγαγόντων
1431 2413 1530 2484 τήν
1556 2413 1780 2485 μνήμην

207 2505 309 2573 ὀψὲ
335 2505 435 2576 τὴν
466 2507 586 2574 σήν,
615 2504 1023 2574 ἀναμφίλεκτον
1054 2505 1372 2582 εὑρηκότων
1401 2504 1498 2577 τὴν
1546 2506 1780 2574 είσαγως

208 2595 342 2665 γὴν,
379 2597 616 2668 ἀφανείᾳ
639 2596 1011 2666 τετιμημένην
1040 2596 1178 2660 τέως
1219 2597 1410 2667 μακρᾷ
1443 2596 1539 2650 καὶ
1564 2595 1778 2668 βαθείᾳ.

213 2691 410 2760 ὐμως
433 2688 612 2754 οἶσθα,
635 2691 862 2752 ὁπόσους
880 2690 1184 2761 τηνικαῦτα
1212 2690 1612 2762 διηντλήκαμεν
1637 2690 1780 2761 ὑπὲρ

208 2785 312 2853 τῆς
351 2778 452 2852 σῆς
478 2783 602 2845 τοὺς
629 2783 822 2846 πόνους
875 2782 1062 2853 τιμῆς,
1103 2784 1321 2836 πάντων
1371 2782 1782 2853 ἀνθισταμένων

214 2875 449 2946 μ;κροῦ,
479 2873 573 2926 καὶ
605 2873 932 2943 τυραννικὴν
979 2872 1292 2928 καλούντων
1345 2873 1562 2944 ἐκείνην
1623 2875 1781 2946 ήμῶν

208 2967 314 3035 τὴν
347 2966 604 3036 σπουδήν.
634 2960 802 3019 Οἶσθα
835 2965 882 3018 δ’
933 2963 1002 3019 αὖ
1049 2965 1144 3018 καὶ
1194 2963 1332 3036 μετά
1390 2963 1450 3017 τὸ
1503 2963 1777 3032 γενέσθαι,

210 3054 412 3117 πόσαις
447 3054 696 3122 ινέτυχες
720 3055 1078 3121 περιστάσεσι
1111 3053 1248 3121 πρὸς
1276 3051 1372 3106 τοῦ
1413 3053 1778 3119 Ἀποκαύκου,

204 3148 314 3208 τὰς
374 3144 659 3214 βασιλικὰς
728 3143 1119 3212 ὐπορύττοντος
1192 3143 1382 3209 ἀκοὰς,
1456 3142 1551 3196 καὶ
1613 3144 1781 3213 συχνά

206 3238 327 3291 τῶν
358 3237 564 3306 θρόνων
596 3252 656 3288 σε
707 3236 982 3298 πείθοντος
1039 3234 1307 3291 καθελεῖν.
1371 3227 1471 3287 Ὧν
1526 3235 1781 3290 ἁπάντων

206 3330 555 3399 καθαιρὲτης
581 3329 824 3400 ὑπῆρχον
859 3328 1042 3394 αὐτὸς,
1095 3329 1487 3399 μηχανήμασιν
1523 3327 1782 3392 ἀνθιστάς

211 3422 597 3493 μηχανήματα
623 3422 717 3475 καὶ
749 3420 1062 3475 ἑλεπόλεσιν
1089 3421 1388 3486 ἑλεπόλεις,
1441 3420 1537 3476 καὶ
1571 3421 1782 3491 πύργος

209 3531 304 3568 σοι
331 3514 618 3582 γινόμενος
644 3513 935 3583 κράτιστος
965 3513 1061 3566 καὶ
1086 3511 1336 3580 θεμέλιος
1355 3513 1628 3576 ἂσειστος.
1649 3513 1782 3567 Δέον

205 3603 311 3658 οὖν
342 3605 440 3656 καὶ
470 3603 528 3657 σὲ
554 3606 666 3667 τοῖς
699 3602 905 3674 όμοίοις
931 3604 1079 3674 ἡμᾶς
1114 3603 1464 3674 ἀμείσεσθαι,
1498 3604 1564 3658 σὺ
1595 3603 1651 3657 δὲ
1687 3603 1782 3657 καὶ

207 3693 771 3767 προσεπιδαψιλεύσω
797 3697 868 3748 τά
898 3695 1147 3765 χείριστα
1191 3693 1316 3748 καθ’
1353 3695 1534 3766 ήμῶν.
1571 3695 1777 3768 Δεηθῆ-

207 3790 306 3844 ναί
350 3804 410 3841 σε
442 3787 619 3859 χρεὼν
670 3787 847 3841 τοίνυν
899 3785 995 3840 τοῦ
1049 3785 1207 3853 Θεοῦ,
1269 3788 1346 3858 μὴ
1396 3788 1778 3859 παραπλησίου

207 3883 405 3951 τυχεῖν
436 3880 647 3934 ἐκείνου
669 3878 879 3950 κριτοῦ.
925 3880 1033 3934 Καὶ
1072 3881 1121 3933 εί
1163 3881 1264 3951 μὲν
1297 3882 1376 3945 είς
1435 3885 1630 3954 πεῖραν
1687 3883 1782 3937 ίὼν

208 3974 492 4044 πρότερον
524 3971 912 4036 συνεϐούλευες
947 3973 1047 4043 μὶν
1071 3973 1194 4043 ἐμοὶ
1225 3974 1292 4026 τὰ
1345 3973 1606 4028 δοκοῦντα
1647 3993 1783 4046 χρη-

211 4065 351 4128 στά,
378 4060 632 4132 εὖρισκες
660 4059 707 4114 δ’
734 4055 828 4114 οὖν
849 4060 1349 4130 δυσανασχετοῦντα
1397 4065 1492 4115 καὶ
1521 4062 1596 4131 μὴ
1652 4079 1778 4114 πει-

213 4157 471 4224 θόμενον,
503 4154 569 4208 ἄν
590 4169 717 4206 τινα
741 4152 855 4223 (12)
877 4153 1152 4224 πρόφασιν
1183 4154 1215 4222 ή
1243 4153 1311 4222 σὴ
1365 4152 1484 4206 καθ’
1517 4153 1781 4223 ήμῶντῆς

210 4248 420 4311 κακίας
456 4244 661 4316 ταύτης
696 4245 956 4315 συσκευή.
1001 4243 1118 4297 Νῦν
1167 4244 1211 4296 δ’
1264 4244 1451 4297 οὐδένα
1508 4261 1590 4296 σοι
1626 4244 1781 4311 λόγον

211 4338 660 4406 εὐπροφάσιστον
679 4331 834 4405 οἶμαι
859 4334 1158 4402 λελεῖφθαι,
1183 4333 1320 4401 πρὸς
1349 4333 1650 4400 ἀπολογίαν
1675 4333 1782 4386 τῶν

210 4428 365 4482 οὕτω
395 4426 690 4496 δρωμένων
737 4425 891 4478 ίόντι.
939 4423 1124 4489 ’Λπαξ
1154 4424 1264 4492 γάρ
1289 4423 1616 4494 ἀπειρηκότι
1644 4441 1784 4478 παν-

1882 584 2184 654 majonbus
2213 585 2558 654 negotiorum
2585 587 3026 643 turbulentorum
3051 589 3447 647 difﬁciliorum-

1880 691 1986 746 que
2017 678 2285 734 molestiis
2312 678 2448 732 alias
2480 679 2639 734 aliter
2669 682 2870 737 versati
2902 690 3054 737 sunt.

1951 853 2042 909 Ill.
2089 856 2287 910 Verum
2332 857 2460 926 quia
2510 871 2716 912 arcano
2763 859 3126 916 Providentiae
3173 863 3457 933 profundo

1879 960 2068 1000 earum
2118 963 2302 1001 rerum
2351 963 2544 1004 causas
2572 957 2628 1004 et
2680 951 2944 1016 rationes,
2982 955 3148 1009 veluti
3195 957 3454 1027 cymbam.

1879 1037 2140 1106 aliquam,
2190 1038 2575 1108 permisimus;
2636 1055 2757 1110 age,
2818 1043 3145 1112 promissum
3199 1045 3447 1102 absolva-

1880 1145 2024 1194 mus,
2058 1145 2123 1184 ac
2162 1146 2324 1185 unam
2371 1147 2439 1185 ex
2490 1131 2832 1201 longioribus
2875 1133 3035 1204 755
3077 1134 3444 1192 Cantacuzeni

1881 1219 1949 1274 ad
1993 1218 2284 1290 Byzantios
2313 1221 2563 1290 epistolis
2593 1222 2673 1277 sic
2706 1221 3022 1290 afl‘erarnus,
3063 1236 3122 1280 ut
3169 1235 3225 1281 et
3269 1228 3450 1296 plera-

1881 1328 1988 1382 que
2030 1313 2175 1368 taedii
2216 1315 2425 1369 vitandi
2456 1316 2626 1386 gratia
2662 1317 2996 1384 recidamus,
3029 1329 3086 1374 et
3127 1319 3447 1377 invenustas

1881 1402 2171 1468 dictiones,
2203 1403 2367 1459 modo
2397 1405 2710 1462 auditorum
2743 1415 2801 1464 et
2849 1408 3036 1463 decori
3071 1409 3242 1481 ipsius
3281 1426 3445 1468 causa

1881 1491 2172 1549 fulciamus
2198 1493 2392 1548 leviter
2419 1503 2474 1549 et
2502 1495 2800 1566 erigamus,
2833 1497 2998 1553 modo
3036 1498 3104 1553 ad
3142 1515 3326 1554 rerum
3356 1517 3448 1556 ve-

1883 1584 2102 1641 ritatem
2132 1585 2447 1642 evidentius
2473 1585 2856 1644 declarandam
2892 1590 3128 1647 intactas
3159 1592 3444 1664 relinqua—

1881 1690 2026 1730 ntus.

1951 1767 2042 1823 iV.
2088 1786 2107 1820 ι
2149 1768 2293 1837 Seis,
2343 1770 2545 1841 inquit,
2581 1771 2923 1828 sanctissime
2962 1773 3183 1828 domine
3213 1775 3447 1845 patriar-

1883 1859 2009 1921 cha.
2040 1875 2204 1930 quam
2233 1861 2542 1916 studiosum
2567 1877 2652 1917 me
2680 1869 2736 1917 et
2770 1864 2846 1918 tui
2876 1872 2931 1919 et
2957 1863 3238 1936 dignitatis
3263 1878 3364 1921 tua:
3389 1877 3445 1922 et

1884 1961 2074 2007 eorum
2133 1952 2404 2016 omnium,
2459 1954 2555 2024 qui
2610 1968 2661 2009 te
2714 1957 3038 2026 cognatione
3090 1957 3445 2028 attingerent,

1885 2057 2104 2113 semper
2129 2045 2390 2114 gesserim
2418 2063 2433 2106 :
2467 2053 2524 2101 et
2559 2056 2825 2116 quantum
2869 2049 3164 2118 tliligentite
3197 2052 3448 2106 contule-

1887 2133 2014 2196 rim.
2047 2144 2108 2190 ut
2139 2144 2195 2190 tu
2235 2135 2304 2190 ad
2351 2137 2772 2208 patriarchalem
2808 2139 3074 2195 honorem
3125 2143 3444 2209 eveherere,

1886 2239 2013 2280 cum
2055 2226 2240 2282 nullus
2277 2226 2348 2283 de
2393 2235 2445 2281 te
2489 2229 2606 2284 sive
2635 2231 2950 2300 episcopus,
2985 2234 3101 2286 sive
3140 2233 3446 2304 presbyter,

1885 2318 2222 2374 mentionem
2270 2319 2325 2374 in
2370 2319 2614 2376 ferendis
2657 2321 2930 2392 suffragiis
2959 2323 3320 2395 eligendoque
3355 2342 3452 2396 ρα-

1891 2411 2130 2466 triarcha
2162 2413 2462 2484 injecisset,
2496 2429 2599 2470 nec
2639 2415 2755 2486 ipsa
2797 2415 2874 2471 tui
2925 2418 3249 2484 nominatio,
3283 2435 3446 2490 quam

1887 2517 2081 2574 magna
2112 2513 2169 2560 et
2200 2503 2474 2574 profunda
2511 2507 2742 2578 caligine
2773 2507 2840 2561 ad
2887 2508 3036 2563 illam
3079 2524 3253 2579 usque
3303 2509 3448 2564 diem

1887 2595 2094 2666 dignati
2119 2595 2353 2662 fuerant,
2378 2597 2748 2653 controversia
2781 2600 3068 2655 caruisset.
3097 2600 3218 2656 Scis
3245 2611 3452 2669 tamen,

1887 2694 2124 2756 quantos
2162 2687 2391 2742 honoris
2425 2688 2504 2742 tui
2550 2704 2714 2744 causa
2746 2689 3130 2760 labores,tum
3173 2693 3454 2748 sustinue-

1889 2779 2085 2845 rimus,
2115 2792 2375 2836 omnibus
2420 2780 2593 2836 ferme
2629 2781 3054 2853 refragantibus,
3086 2798 3151 2838 ac
3199 2794 3450 2840 nostrum

1887 2869 2023 2925 illud
2053 2871 2294 2926 studium
2323 2872 2672 2942 tyrannicum
2697 2873 3086 2930 vocitantibus.
3113 2872 3233 2930 Scis
3262 2890 3453 2931 rursus

1887 2967 1943 3013 et
1987 2961 2232 3030 quantis,
2269 2969 2564 3030 postquam
2608 2961 2918 3030 patriarcha
2969 2962 3319 3018 renuntiatus
3367 2978 3450 3028 es,

1887 3048 2123 3119 negotiis
2160 3049 2469 3118 implicatus
2503 3049 2697 3113 fueris,
2732 3050 3072 3106 obtundente
3103 3051 3453 3122 imperatoris

1887 3153 2050 3192 aures
2083 3139 2396 3208 Apocaueo,
2431 3148 2598 3207 atque
2645 3149 2705 3193 ut
2757 3149 2808 3194 te
2860 3139 2928 3194 de
2970 3140 3142 3210 gradu
3186 3143 3452 3212 dejicerct

1883 3229 2118 3284 subinde
2165 3229 2449 3284 suadente.
2500 3229 2576 3284 Ea
2629 3244 2730 3300 ego
2763 3231 2947 3286 omnia
2976 3233 3301 3302 compressi,
3337 3249 3453 3288 ma-

1883 3319 2233 3376 chinationes
2264 3321 2788 3390 machinationibus,
2830 3323 2976 3378 vires
3025 3325 3237 3379 viribus
3280 3342 3444 3396 oppo-

1881 3413 2087 3479 nendo,
2118 3427 2183 3468 ac
2215 3429 2302 3468 me
2346 3413 2522 3485 ipsum
2557 3415 2655 3470 tibi
2694 3415 3161 3486 propugnaculum
3196 3419 3450 3473 munitis-

1881 3505 2080 3562 simum
2125 3503 2654 3575 fundamentumque
2693 3506 3083 3562 inconcussum
3132 3507 3448 3577 praebendo.

1881 3598 2018 3652 Cum
2055 3595 2240 3667 itaque
2275 3595 2502 3666 paribus
2531 3596 2686 3666 paria
2711 3594 2906 3652 referri
2936 3606 3233 3667 oporteret,
3264 3606 3320 3651 tu
3351 3614 3452 3654 nos

1883 3687 2098 3758 injuriis
2127 3686 2434 3741 cumulatos
2465 3685 2701 3755 pessime
2720 3695 3100 3743 remuneratus
3123 3703 3204 3743 es.
3241 3687 3450 3759 Super-

1879 3789 1965 3834 est
1995 3780 2177 3849 igitur,
2217 3787 2278 3832 ut
2310 3777 2480 3833 Deum
2515 3791 2696 3848 roges,
2749 3793 2815 3833 ne
2843 3792 2971 3833 eum
3013 3778 3251 3849 judicent
3287 3795 3452 3850 expe-

1882 3872 2026 3926 riare
2059 3871 2136 3925 tui
2171 3870 2431 3926 similem.
2458 3869 2617 3936 Quod
2671 3867 2836 3940 756
2872 3870 2942 3932 si,
2983 3869 3125 3926 facto
3160 3872 3312 3941 prius
3344 3871 3452 3926 mei

1882 3963 2149 4032 periculo,
2180 3977 2243 4016 ea
2268 3961 2492 4032 quidem
2521 3961 2787 4016 suasisses
2817 3960 2974 4022 milii,
3003 3975 3125 4030 quae
3156 3969 3212 4014 tu
3247 3962 3456 4030 Optima

1882 4055 2211 4117 censuisses,
2241 4069 2327 4108 me
2350 4068 2480 4108 vero
2501 4052 2876 4123 impatientem
2901 4061 2956 4107 et
2983 4052 3206 4108 minimc
3228 4053 3455 4108 audien—
3487 4050 3517 4062 “

1886 4157 1992 4201 tem
2025 4147 2172 4200 dicto
2199 4145 2548 4202 ofl'endisses.
2581 4142 2776 4198 fuisset
2804 4153 2956 4198 certe
3003 4143 3202 4213 aliquis
3247 4152 3354 4197 tua:
3397 4145 3459 4198 in

1884 4253 1987 4291 nos
2021 4236 2222 4304 iniqua:
2249 4233 2553 4289 molitionis
2583 4241 2898 4302 praetextus.
2931 4233 3088 4288 Nunc
3119 4249 3246 4288 vero
3281 4235 3460 4299 nulla,

1884 4329 2098 4398 Opinor,
2147 4329 2246 4381 tibi
2294 4325 2604 4396 plausibilis
2654 4325 2798 4379 ratio
2834 4325 3022 4379 relicta
3070 4335 3175 4391 est,
3206 4327 3250 4378 si
3287 4327 3354 4380 atl
3389 4342 3462 4381 ea

1887 4438 2006 4492 quae
2039 4420 2217 4476 fecisti
2250 4418 2592 4479 defendenda
2640 4417 2975 4487 aggrediare.
3031 4417 3254 4486 Abjccta
3307 4420 3461 4470 enim

213 4523 430 4574 τάπασι
460 4519 556 4586 τὴν
576 4517 714 4586 πρὸς
782 4515 882 4587 ἐμὲ
944 4515 1036 4568 τοῦ
1092 4515 1278 4568 λοιποῦ
1333 4514 1677 4584 συμςιεωνίαν,
1724 4513 1780 4578 ἐξ

1887 4513 2081 4576 semel,
2121 4511 2272 4565 nullo
2307 4518 2594 4580 praetextu,
2635 4509 2783 4562 ornni
2820 4522 3034 4561 meeum
3075 4509 3127 4560 in
3173 4517 3452 4576 posterum

215 4610 480 4678 οὐδεμιᾶς
499 4608 842 4679 προφάσεως,
858 4606 1049 4660 οὐδένα
1071 4607 1195 4676 περὶ
1241 4612 1348 4660 τῶν
1377 4607 1780 4660 ἀποϐαινόντων

1888 4601 2297 4675 coniunctione,
2330 4600 2534 4655 nullam
2572 4598 2774 4654 deinde
2806 4612 3014 4665 curam,
3049 4599 3255 4652 nullam
3285 4598 3462 4650 ratio-

215 4701 475 4756 ἐντεῦθεν
494 4702 602 4761 τοῖς
638 4698 924 4768 Ῥωμαίων
952 4697 1170 4769 [ΡΑῊ]
1188 4699 1477 4767 πράγμασι
1506 4699 1780 4769 δυσχερῶν

1888 4712 2012 4752 nem
2052 4694 2295 4748 habuisti
2326 4707 2516 4747 eorum
2560 4691 2852 4754 malorum,
2897 4704 3018 4758 qum
3056 4689 3114 4742 in
3151 4688 3460 4742 Romanum

217 4787 497 4842 ποιεῖσθαι
530 4786 688 4854 λόγον
717 4786 1103 4855 πεφρόντικας.
1129 4786 1191 4837 Et
1219 4781 1313 4837 οὖν
1335 4785 1431 4854 ὀψὲ
1465 4785 1617 4852 γοῦν,
1646 4791 1780 4856 μετά

1889 4787 2178 4856 imperium
2211 4783 2340 4838 inde
2364 4781 2757 4836 redundarent.
2784 4783 2853 4833 At
2875 4779 2920 4832 si
2947 4793 3068 4832 sero
3095 4778 3310 4844 saltem,
3337 4778 3462 4848 ipso

215 4883 319 4949 τὴν
361 4880 557 4946 πεῖραν
585 4877 684 4944 τῆς
710 4876 1034 4940 ἀποϐάσεως
1066 4879 1160 4929 καὶ
1189 4877 1298 4929 τῶν
1354 4879 1412 4928 ὲν
1445 4877 1566 4944 ῦψει
1605 4877 1780 4946 διηνε-

1887 4887 2083 4934 eventu
2113 4884 2166 4932 et
2197 4875 2460 4931 continuo
2493 4873 2761 4928 malorum
2788 4880 3086 4941 conspectu
3115 4871 3365 4932 edoctus,
3388 4871 3458 4925 ad

217 4974 306 5026 κεί
343 4970 550 5033 κακῶν,
585 4971 664 5030 εἰς
698 4968 759 5020 τὸ
789 4968 888 5036 τῆς
928 4967 1151 5038 εἰρήνης
1208 4967 1544 5037 άπυϐλέψαις
1595 4969 1780 5036 καλὸν,

1889 4969 2043 5040 pacis
2080 4968 2222 5023 bona
2255 4967 2539 5036 reSpicias,
2571 4965 2814 5020 servabis
2839 4965 3138 5018 etianmum
3171 4973 3226 5018 et
3258 4963 3456 5016 Roma-

217 5065 416 5128 σώζεις
449 5065 548 5133 μὲν
569 5063 630 5116 τδ
673 5062 1020 5132 κατάλειμμα
1068 5061 1176 5114 τῶν
1225 5060 1529 5131 Ῥωμαίων,
1587 5061 1780 5126 σώζεις

1889 5076 2084 5116 norum
2106 5059 2251 5130 quod
2275 5067 2549 5128 superest,
2573 5065 2627 5111 et
2659 5067 2708 5110 te
2741 5055 2939 5125 ipsum,
2971 5065 3028 5110 et
3050 5056 3325 5126 juniorem
3359 5057 3470 5109 im-

215 5141 274 5211 δὲ
306 5155 526 5220 σαυτὸν,
560 5155 656 5208 καὶ⁹
684 5153 908 5222 βασιλέα
932 5155 1023 5206 τὸν
1051 5153 1191 5217 νέον,
1237 5155 1374 5222 μετὰ
1426 5154 1525 5223 τῆς
1579 5153 1780 5223 μητρὸς

1894 5162 2198 5224 peratorem
2230 5165 2354 5205 cum
2388 5156 2562 5203 matre
2601 5148 2757 5202 Anna
2788 5148 3157 5218 imperatrice.
3191 5148 3286 5202 Sin
3324 5150 3468 5206 velis

219 5251 314 5301 καὶ
341 5247 611 5318 βασιλίδος
634 5225 854 5313 Ἂέινης.
889 5246 950 5297 Εἰ
971 5245 1029 5298 δὲ
1074 5247 1184 5306 τοίς
1217 5245 1424 5313 ὁμοίοις
1470 5245 1552 5296 ἔτι
1611 5243 1780 5306 θέλεις

1892 5246 1948 5298 in
1979 5242 2165 5297 eodem
2196 5253 2413 5308 semper
2447 5237 2696 5293 instituto
2725 5251 2991 5307 perstare,
3024 5239 3185 5295 nobis
3214 5255 3365 5304 sane,
3400 5251 3466 5295 ut

219 5343 502 5411 ἐμμένειν,
552 5341 707 5410 ήιιείς
735 5339 835 5408 μὲν
866 5337 965 5391 οὐκ
993 5337 1267 5390 ἐθελονταὶ
1296 5335 1688 5406 βουληθείημεν
1721 5336 1780 5388 ἄν

1894 5334 2168 5389 fortunam
2201 5347 2263 5385 ac
2294 5330 2458 5383 vitam
2493 5340 2735 5382 nostram
2771 5331 2912 5383 ultro
2960 5331 3280 5400 prodamus,
3320 5348 3467 5385 nun—

222 5452 352 5500 ποτε
379 5433 636 5502 γενέσθαι
662 5433 758 5500 τῆς
790 5430 998 5494 οἰκείας
1043 5428 1214 5500 τύχης
1248 5431 1342 5482 καὶ
1403 5428 1550 5496 ζωῆς
1595 5427 1780 5497 προδό-

1893 5440 2056 5496 quam
2089 5422 2399 5477 volentibus
2440 5420 2698 5476 accidet:
2750 5431 2802 5476 te
2850 5431 3034 5477 autem
3085 5423 3461 5492 nequidquam

1573 5543 1908 5606 Variorum
1938 5551 2125 5604 notae.

295 5654 407 5722 (il)
442 5653 658 5706 Annum
689 5651 890 5708 Christi
944 5651 1082 5724 1346
1115 5648 1489 5724 ascripsimus.
1513 5717 1522 5724 _
1547 5649 1660 5724 'quo
1698 5648 1782 5700 in-
1880 5643 2215 5724 favetmordo
2251 5643 2370 5724 ipse
2423 5657 2608 5724 rerum
2665 5643 3044 5724 ,πιότεροι-ιλιι).
3073 5641 3280 5724 Bonus.
3439 5712 3451 5724 .

223 5711 589 5777 euute'datatu
651 5736 904 5791 putarmts
966 5723 1111 5775 illam
1163 5711 1525 5791 Caritacuzeui
1563 5711 1648 5791 ξυιί
1686 5733 1782 5785 pa-
1959 5711 2359 5791 (12)]:32‘AEV—év
2390 5731 2535 5791 τινα.
2564 5712 2749 5791 goch
2799 5711 3086 5768 Vaticanus
3111 5753 3124 5780 ,
3160 5721 3219 5767 ut
3271 5712 3462 5782 accepi

225 5794 520 5848 marcium
580 5783 842 5848 Joannem
899 5792 1206 5862 epistolam.
1259 5789 1396 5842 lluic
1453 5783 1782 5857 conjecturae
1881 5803 1946 5841 ex
1991 5787 2061 5840 cl.
2093 5785 2154 5840 Υ.
2192 5783 2254 5838 L.
2293 5783 2548 5854 Targnio.
2578 5783 2785 5839 Bosvrx.
