3920 6574
226 370 330 433 997
628 363 707 435 [Α.
750 379 798 419 c.
842 326 1002 436 ⁸1546]

1167 351 1658 430 JBYZANTIN/E
1698 370 2081 430 instrenui
2127 368 2274 452 LIB.
2318 369 2419 428 xv

2591 363 2728 434 [ιιιιι.
2786 378 2832 417 ι.
2874 378 3124 420 numen.
3169 363 3225 436 5]

3365 367 3476 431 998

298 497 357 533 ετ
412 480 671 555 zelotypia
729 490 946 555 nnttun;
999 481 1114 549 [una
1153 482 1415 535 malorum
1451 484 1707 536 omnium.
1768 481 2119 551 Patriarchw,
2160 489 2430 555 tamenet
2480 483 2636 536 totius
2689 483 2851 537 curia:
2906 481 3214 551 Byzantium
3264 492 3480 551 gravior

299 567 455 620 quam
491 550 658 603 Anna:
690 549 868 620 culpa.

298 667 381 719 A'.
407 665 499 735 Τῷ
524 683 587 733 γε
621 668 725 735 μὴν
749 667 1068 738 πατριάρχῃ
1124 667 1301 722 ταῦτα
1357 669 1643 738 ἀκηκοότι,
1708 669 1803 740 οὐχ

1976 671 2019 726 l.
2047 669 2143 724 liis
2195 667 2501 738 patriarcha
2557 667 2779 731 auditis,
2815 682 2924 721 non
2958 666 3153 722 eodem
3202 665 3345 720 fastu
3377 663 3478 718 has

233 755 343 812 οἵαν
375 758 516 813 κατὰ
573 759 682 812 τῶν
723 764 854 830 πρὶν
902 761 1298 832 πεμπομένων,
1360 761 1617 832 τοιαύτην
1668 763 1796 816 κὰν-

236 850 405 905 ταῦοα
430 853 530 920 τὴν
557 852 730 922 ὀφρὺν
763 856 1076 919 ἐπεδείξατο
1100 870 1117 886 ⁸
1147 855 1265 908 ἀλλ’
1324 858 1382 919 ἐς
1407 856 1467 909 τὸ
1520 859 1800 927 σωφρονέ-

238 960 422 1013 στερον
453 944 552 1014 τὴν
589 944 831 1001 διάθεσιν
852 947 953 1017 τῆς
980 948 1160 1016 ψυχῆς
1201 948 1307 1001 ὑπὸ
1336 948 1445 1001 τῶν
1470 948 1564 1001 τοῦ
1603 949 1799 1020 χρόνου

239 1035 490 1104 κυμάτων
547 1037 911 1107 πεπεισμένος
970 1040 1194 1109 τρέπειν
1258 1039 1440 1094 τοιάδε
1492 1039 1616 1093 τινὰ
1665 1042 1800 1092 ἀπε-

234 1124 500 1193 φθέγξατο
521 1141 536 1157 ⁶
786 1166 787 1169 η

300 1212 376 1269 B'.
414 1235 433 1266 ι
480 1216 845 1288 Ἀμφοτέροις
873 1217 1084 1289 (φησὶν)
1113 1219 1338 1284 εἰκότως
1371 1222 1441 1274 ἄν
1493 1237 1599 1284 τις
1625 1221 1800 1272 ἐπιτι-

237 1312 453 1374 μήσειεν
500 1309 942 1381 Καντακυυζηνῷ
974 1328 1035 1364 τε
1068 1313 1259 1381 κάμοὶ,
1294 1311 1658 1383 ἀνθρωπίνως
1687 1310 1802 1363 δια-

236 1399 439 1452 τεθεῖσι
474 1399 613 1470 πρὸς
650 1400 767 1471 ’τὴν
820 1403 1108 1474 παροῦσαν
1163 1404 1424 1474 σπουδὴν,
1471 1404 1568 1457 καὶ
1632 1402 1800 1472 μηδὲν

233 1487 564 1561 ὑψηλότερον
599 1492 804 1547 ἐννοεῖν
831 1494 1198 1566 βουληθεῖσιν,
1228 1497 1303 1559 ὡς
1347 1499 1395 1549 εί
1455 1497 1532 1566 μὴ
1564 1496 1673 1551 κᾶν
1734 1496 1802 1549 τά

231 1580 329 1646 τῆς
354 1580 566 1635 ἄνωθεν
601 1585 1072 1654 συνεπιλαμϐάνοι
1100 1589 1379 1659 προνοίας,
1413 1590 1641 1658 μάταιος
1656 1591 1802 1643 πᾶσα

232 1673 491 1738 καθάπαξ
538 1674 846 1731 εἰπεῖν-τῶν
892 1678 1197 1749 ἀνθρώπων
1225 1680 1455 1751 σπουδή.
1488 1679 1651 1733 Ὅθεν
1677 1680 1797 1749 ὀψὲ,

236 1764 373 1831 μετὰ
401 1763 620 1835 μακρὰν
659 1765 754 1816 καὶ
787 1765 1126 1836 δριμυτέραν
1159 1767 1258 1837 τὴν
1295 1769 1519 1838 πεῖραν,
1575 1766 1635 1820 τὸ
1680 1767 1799 1821 δέον

238 1854 533 1919 μανθάνειν
564 1857 875 1927 ἀρχόμεθα,
930 1859 1020 1910 ὅτε
1048 1858 1322 1928 δυσχερὴς
1357 1860 1391 1927 ὴ
1421 1857 1529 1910 τῶν
1552 1847 1804 1929 σφαλμά-

233 1964 341 1999 των
370 1946 491 2000 ἐστὶ
546 1947 858 2018 διόρθωσις.
916 1948 973 2003 '0
1009 1950 1109 2021 μὲν
1153 1949 1262 2021 γὰρ
1317 1952 1398 2013 είς
1441 1949 1534 2003 τὸν
1579 1949 1803 2020 βασιλέα

230 2039 458 2111 Μιχαὴλ
493 2040 585 2095 τὸν
636 2041 1001 2112 [Ιαλαιολόγον
1058 2041 1160 2112 τὴν
1226 2043 1448 2113 μνήμην
1490 2039 1800 2108 ἀνενεγκὼν

229 2130 523 2201 ἐμέμψατο
548 2132 649 2199 τὴν
675 2132 756 2194 είς
785 2132 879 2185 τὸν
925 2132 1021 2186 τοῦ
1057 2133 1484 2203 τελευτήσαντος
1538 2131 1800 2203 βασιλέως

227 2222 352 2273 υίδν
383 2222 597 2276 ἀδικίαν
624 2224 717 2276 καὶ
753 2224 856 2293 τὴν
912 2223 1007 2277 τοῦ
1077 2224 1350 2293 βασιλείου
1386 2223 1499 2295 (14)
1562 2225 1801 2293 κράτους

225 2313 558 2383 τυραννικὴν
602 2315 921 2384 ἀντίληψιν
960 2315 1058 2368 καὶ
1089 2315 1305 2383 βέλτιον
1345 2315 1379 2387 ἢ
1412 2315 1536 2369 κατ’
1590 2316 1801 2368 ἐκεῖνον

224 2408 317 2467 εἰς
354 2410 458 2477 τὴν
485 2406 744 2479 τοιαύτην
780 2409 874 2461 καὶ
901 2408 1063 2471 αὐτὸς
1098 2407 1419 2480 ἐληλυθέναι
1465 2408 1803 2480 βεϐουλημέ-

225 2515 321 2561 νος
343 2498 691 2571 ἐγχείρησιν,
713 2501 877 2564 αὐτὸς
928 2504 1029 2571 μὲν
1058 2499 1307 2564 ὑπούλως
1341 2500 1436 2555 καὶ
1473 2501 1608 2570 μετᾶ
1636 2517 1801 2554 τινων

224 2590 532 2660 ἀπατηλῶν
565 2592 659 2644 καὶ
698 2592 1108 2662 σεσοφισμένων
1163 2592 1516 2662 προφάσεων,
1561 2592 1622 2646 τὸ
1654 2592 1804 2663 βασί-

224 2681 377 2734 λειον
407 2682 821 2752 περιζώσασθαι
852 2685 1055 2755 κράτος
1088 2684 1443 2755 βεϐούλευται
1468 2701 1483 2717 ο
1513 2685 1606 2738 τὶν
1628 2685 1685 2737 δὲ
1707 2684 1802 2737 τοῦ

222 2773 686 2843 τετελευτηκότος
731 2777 846 2829 υίὸν
906 2776 1171 2846 βασιλέως
1227 2776 1508 2847 εἰληφέναι
1555 2776 1804 2847 γαμστὸν

230 2866 332 2917 ἐπὶ
364 2865 601 2937 θυγατρὶ
632 2868 767 2938 πρὸς
801 2868 1054 2937 διαδοχὴν
1098 2869 1196 2938 τῆς
1231 2867 1538 2938 βασιλείας·
1572 2872 1803 2941 πρᾶγμα

228 2956 576 3028 δικαιότερον
610 2958 737 3022 ἴσως
766 2964 861 3013 καὶ
898 2960 1128 3030 ἥμερον,
1177 2959 1273 3013 καὶ
1321 2960 1499 3028 πάσης
1544 2959 1807 3031 μέμψεως

226 3046 528 3118 ὑπερόριον
561 3046 681 3118 ἔχον
722 3049 812 3103 τὸν
842 3051 1003 3104 πόδα.
1033 3044 1108 3104 Οὗ
1144 3052 1286 3105 κατὰ
1349 3051 1604 3124 βούλησιν
1651 3052 1805 3107 θείαν

226 3140 336 3191 οὐκ
370 3139 546 3204 ὄντος,
572 3139 645 3203 ὡς
669 3139 837 3206 ἔοικε,
870 3142 1282 3196 συνεπεπτώκει
1331 3145 1476 3215 κάμὲ
1514 3144 1653 3216 πρὸς
1689 3148 1808 3200 ἐπι-

227 3233 466 3300 σφαλεῖς
497 3232 734 3297 διανοίας
786 3235 877 3288 τὸν
931 3235 1055 3289 νοῦν
1099 3237 1347 3305 ἀγαγεῖν,
1407 3238 1502 3291 καὶ
1552 3238 1806 3307 πολέμιον

1900 763 2119 818 litteras
2149 761 2390 830 excepit,
2450 773 2559 827 quo
2590 759 2936 828 superiores;
2971 756 3065 813 sed
3118 757 3382 811 suadente
3415 754 3481 808 il-

1899 851 2007 905 lius
2041 850 2306 920 temperis
2341 848 2774 919 perturbatione.
2816 849 2981 901 animi
3028 849 3112 902 sui
3145 846 3476 901 sententiam

1897 944 1965 996 ad
1992 943 2271 998 meliorem
2313 942 2524 1012 frugem
2574 941 2874 1006 revocavit,
2900 950 2956 995 et
2986 940 3067 994 sic
3101 941 3273 994 ferme
3320 938 3477 991 loeu-

1902 1045 1989 1090 lllS
2012 1044 2094 1090 εει
2124 1052 2140 1090 3

1971 1215 2042 1269 ll.
2075 1235 2093 1267 ι
2128 1214 2430 1280 Ambobus,
2468 1212 2670 1283 inquit,
2715 1212 2915 1268 merito
2937 1211 3210 1282 quispiam
3240 1226 3479 1267 succen-

1901 1318 2018 1363 seat
2048 1316 2105 1362 et
2132 1306 2512 1363 Canlacuzeno
2541 1317 2597 1362 et
2623 1307 2777 1373 mihi,
2808 1305 2902 1376 qui
2934 1320 3055 1372 nos,
3089 1313 3150 1359 ut
3179 1288 3489 1358 humanum.

1901 1406 2038 1463 erat,
2060 1400 2114 1453 in
2163 1401 2416 1469 praesenti
2461 1400 2680 1469 negotio
2725 1399 3014 1466 gessimus,
3046 1411 3110 1450 ae
3141 1411 3253 1450 non
3281 1394 3478 1450 altiora

1902 1490 2151 1559 quaedam
2179 1492 2423 1562 cogitare
2468 1492 2770 1556 voluimus;
2819 1489 3038 1544 inanem
3068 1486 3327 1542 videlicet
3355 1499 3481 1540 esse

1903 1597 2121 1639 omnem
2148 1583 2375 1638 omnino
2423 1583 2708 1655 hominum
2752 1578 3240 1650 diligentiam.nisi
3273 1587 3329 1632 et
3361 1591 3479 1631 οω-

1902 1672 2061 1728 lestis
2108 1674 2252 1729 adsit
2294 1674 2669 1729 Providentia.
2723 1671 2878 1727 Unde
2909 1673 3016 1738 ~tit,
3077 1676 3138 1725 ut
3185 1684 3224 1723 sc
3245 1684 3332 1730 ro,
3357 1677 3482 1736 post

1906 1761 2125 1831 longam
2175 1772 2231 1817 et
2285 1761 2540 1817 acerbam
2600 1761 3016 1831 experientiam,
3043 1758 3175 1829 quid
3225 1758 3511 1833 expediat~

1906 1855 2019 1902 tum
2047 1846 2354 1917 intelligere
2392 1846 2740 1915 incipiamus,
2765 1860 2888 1899 cum
2919 1844 3139 1899 dillicile
3162 1851 3248 1898 est
3274 1844 3479 1898 nostris

1908 1939 2111 1994 mederi
2163 1940 2382 1995 erratis.
2418 1939 2630 1993 Etenim
2682 1939 2793 2003 hic,
2820 1953 2944 1993 cum
2985 1936 3052 1991 ad
3087 1936 3477 2005 imperatorem

1837 2026 1880 2087 Β
1911 2032 2227 2087 Michaelem
2275 2033 2639 2103 Palmologum
2695 2031 2940 2087 animum
2994 2030 3297 2093 retulisset,
3325 2040 3475 2092 eum,

1901 2125 2046 2194 quod
2097 2125 2446 2194 imperatoris
2499 2124 2742 2180 defuncti
2788 2122 2958 2179 tilium
2995 2121 3272 2177 adiecisset
3331 2119 3481 2190 inju-

1903 2217 2007 2279 ria,
2042 2230 2104 2271 ac
2137 2215 2418 2287 tyranniee
2464 2216 2518 2271 in
2576 2229 2845 2270 summam
2875 2220 3202 2285 potestatem
3239 2211 3478 2266 invasis-

1902 2310 2007 2363 set,
2042 2299 2394 2368 improbavit;
2464 2309 2521 2354 et
2582 2298 2867 2353 honestius
2928 2312 3093 2368 quam
3145 2296 3235 2351 ille
3286 2294 3479 2351 eadem

1903 2392 2121 2462 aggredi
2154 2391 2364 2456 volens,
2401 2391 2505 2447 sibi
2535 2391 2759 2462 quidem
2786 2391 3041 2457 subdole,
3070 2389 3332 2460 captiosis
3352 2389 3481 2458 qui-

1904 2485 2134 2539 busdam
2183 2494 2240 2540 et
2288 2485 2683 2539 eommentitiis
2724 2484 3029 2539 rationibus
3071 2482 3340 2552 allegatis,
3379 2482 3482 2536 im-

1905 2578 2236 2647 peratoriam
2285 2580 2666 2631 auctoritatem
2719 2575 2887 2646 759
2942 2590 3222 2646 arrogare,
3278 2575 3481 2630 mortui

1904 2675 2085 2721 autem
2133 2667 2481 2737 imperatoris
2526 2666 2696 2721 ﬁlium
2730 2681 2990 2737 generum
3031 2676 3087 2720 et
3117 2666 3332 2736 imperii
3359 2680 3487 2725 suc-

1905 2776 2180 2816 cessorem
2216 2760 2508 2815 adsumere
2543 2759 2791 2816 decrevit
2821 2759 2921 2814 :~id
2971 2759 3114 2830 quod
3144 2759 3349 2830 iustius
3374 2759 3485 2814 ior-

1909 2863 2054 2909 tasse
2108 2854 2532 2925 benigniusque,
2573 2863 2626 2909 et
2657 2863 2812 2908 extra
2840 2868 3058 2909 omnem
3096 2851 3487 2922 reprehensio-

1909 2963 2033 3001 nem
2085 2948 2325 3017 positum
2375 2954 2510 3001 erat.
2548 2945 2655 3001 Sed
2691 2946 2819 3016 quia
2865 2945 2994 3010 alia,
3028 2954 3090 2999 ut
3118 2946 3358 3008 videtur,
3386 2946 3481 3000 Dei

1907 3040 2162 3096 voluntas
2212 3038 2334 3101 fuit,
2380 3054 2449 3094 eo
2495 3038 2697 3095 factum
2743 3047 2851 3102 est,
2884 3049 2945 3093 ut
2978 3046 3032 3093 et
3057 3038 3171 3108 ipse
3202 3037 3269 3092 ad
3300 3038 3486 3093 incau-

1911 3141 1990 3187 tas
2021 3131 2377 3200 cogitationes
2403 3130 2646 3184 animum
2677 3131 3037 3198 appellerem,
3079 3138 3133 3184 et
3163 3130 3311 3184 hisce
3338 3129 3487 3184 illius

1909 3223 2153 3279 consiliis
2201 3223 2416 3277 hostem
2470 3236 2555 3276 me
2587 3223 2916 3276 acerrimum
2969 3236 3326 3292 opponerem,
3358 3235 3485 3276 cum

231 3325 461 3395 ἰσχυρὸν
511 3327 622 3388 τοῖς
673 3327 882 3381 ἐκείνου
943 3328 1204 3392 τοιούτοις
1260 3320 1589 3400 βουλεύμασι
1641 3348 1808 3385 κατα-

1912 3316 2149 3381 Arsenii,
2193 3315 2285 3386 qui
2350 3302 2659 3383 patriarcha
2707 3314 2812 3368 illis
2857 3313 3199 3383 temporibus
3239 3311 3362 3376 fuit,
3398 3328 3487 3367 so-
3565 3342 3571 3348 -

161 3405 167 3409 ’
231 3432 460 3484 στηναι,
494 3418 908 3489 ἀναμνησθέντα
936 3423 1035 3490 τῆς
1087 3420 1180 3472 τοῦ
1210 3421 1510 3490 τηνικαῦτα
1541 3439 1808 3493 πατριαρ-

1912 3405 2155 3461 cordiam
2206 3404 2390 3458 animo
2451 3413 2815 3473 reputassem,
2843 3419 2941 3473 per
2992 3419 3157 3473 quam
3205 3402 3484 3465 enectum,

228 3508 493 3579 χεύοντος
554 3510 830 3582 ⁹Λρσενίου
879 3513 1255 3584 νωθρότητος·
1304 3514 1371 3566 δι’
1419 3515 1508 3585 ἢν,
1558 3515 1633 3577 ὡς
1677 3518 1808 3586 ἡμῖν

1914 3513 2036 3552 meo
2067 3496 2287 3567 quidem
2315 3496 2546 3565 judicio,
2570 3503 2632 3550 ut
2683 3495 2735 3549 in
2773 3497 2920 3550 varia
2950 3494 3335 3564 horrendaque
3366 3511 3489 3564 ptr-

204 3615 302 3666 .γε
335 3597 673 3670 νενόμισται,
706 3602 983 3673 ἐπιορκίαι
1025 3603 1277 3655 ποικίλαι
1305 3621 1362 3656 τε
1394 3606 1487 3656 καὶ
1518 3606 1808 3676 φρικώδεις

1912 3591 2052 3662 juria
2089 3590 2283 3655 iretur,
2306 3598 2361 3643 et
2392 3604 2458 3644 ea
2490 3604 2611 3658 quze
2650 3597 2763 3642 tum
2797 3589 3005 3642 eXstitit
3039 3588 3235 3657 injuria
3269 3603 3491 3659 progre-

230 3689 585 3760 προύϐησαν,
619 3690 706 3763 [Ρ.
728 3691 859 3763 476]
897 3692 992 3744 καὶ
1030 3693 1094 3746 τὰ
1128 3694 1226 3764 τῆς
1256 3693 1363 3747 τότ’
1394 3694 1608 3759 ἀδικίας
1635 3699 1726 3750 ἐπὶ
1753 3698 1808 3751 τὸ

1914 3681 2138 3736 deretur
2190 3679 2545 3749 longissime;
2602 3679 2673 3733 ita
2729 3691 2811 3743 ut,
2842 3679 3068 3733 intlnine
3100 3678 3250 3748 gravi
3287 3678 3362 3731 ira
3398 3693 3490 3732 ac-

236 3783 501 3853 μέγιστον
519 3784 960 3853 προκεχωρήκειο
984 3783 1054 3844 ὡς
1078 3786 1290 3838 ἐκεῖθεν
1306 3787 1402 3856 τῆς
1421 3788 1513 3838 τοῦ
1529 3786 1664 3841 Θεοῦ
1682 3806 1808 3856 στο-

1914 3790 2103 3833 censo,
2130 3773 2361 3827 maxima
2392 3770 2519 3825 inde
2569 3770 2621 3824 in
2663 3770 2938 3824 Romanos
2974 3768 3290 3840 pullularint
3322 3769 3487 3830 mala.

233 3874 385 3944 δρῶς
402 3875 767 3946 ἑκκαυθείσης
800 3877 992 3947 ὀργῆς,
1020 3878 1085 3930 τὰ
1104 3878 1339 3947 μέγιστα
1369 3881 1507 3934 κατὰ
1523 3882 1810 3952 Ῥωμαίων

234 3964 547 4035 βλαστῆσαι
569 3968 737 4033 κακὰ,
781 3968 873 4021 καὶ
915 3967 1160 4038 μακροὺς
1196 3970 1624 4040 κακοδαιμονίας
1653 3974 1812 4043 ὲγερ-

235 4056 404 4124 θῆναι
427 4056 567 4111 κατὰ
592 4059 699 4111 τῶν
730 4059 926 4112 κοινῶν
957 4060 1298 4129 πραγμάτων
1330 4061 1425 4115 καὶ
1451 4062 1659 4132 βιαίους
1687 4063 1816 4116 κλύ-

233 4148 417 4210 δωνας
449 4148 578 4218 ἄχρι
612 4149 707 4201 καὶ
741 4152 796 4213 ἐς
828 4150 927 4217 τὴν
960 4151 1220 4221 τήμερον.
1260 4151 1439 4222 ᾫμην
1483 4154 1613 4222 γὰρ,
1651 4153 1725 4217 ὡς
1762 4155 1811 4207 εί

238 4238 428 4301 ζῶσαν
491 4238 628 4309 ἔχων
696 4239 904 4302 ἐκεῖνος
961 4241 1082 4292 τότε
1123 4239 1300 4311 ψυχὴν
1365 4241 1653 4296 ἀνθίστατο
1701 4246 1813 4307 τοῖς

234 4330 455 4382 ἐκείνου
486 4332 617 4400 περὶ
644 4331 741 4400 τῆς
776 4329 1053 4401 βασιλείας
1083 4332 1416 4402 βουλεύμασί
1444 4350 1501 4385 τε
1525 4336 1618 4387 καὶ
1638 4335 1815 4405 πράγ-

241 4437 440 4488 μασιν,
462 4420 646 4491 ἥκιστ’
682 4421 749 4475 ἂν
804 4422 977 4492 δήπου
1024 4423 1267 4476 τοσαῦτα
1321 4424 1463 4478 κατὰ
1524 4424 1813 4494 Ῥωμαίων

238 4516 476 4583 ἐκέχυτο
500 4514 569 4565 τὰ
597 4514 768 4568 δεινά.
817 4515 982 4569 Ὅθεν
1011 4515 1108 4584 τὴν
1136 4516 1259 4568 τότε
1291 4518 1673 4587 προσήκουσαν
1714 4515 1813 4585 μὲν

242 4603 573 4672 θεραπείαν,
601 4604 802 4674 ἥκιστα
836 4605 891 4657 δὲ
918 4607 1241 4676 γενομένην,
1266 4610 1324 4661 ὲν
1349 4609 1457 4670 τοῖς
1488 4608 1582 4661 νῦν
1602 4612 1813 4678 καιροῖς
1830 4624 1845 4631 '

1915 3879 2234 3935 magnzeque
2261 3862 2313 3916 in
2353 3862 2754 3932 rempublicam
2805 3862 3149 3917 calamitates
3178 3870 3234 3916 et
3270 3861 3490 3919 violenti

1914 3958 1981 4012 ad
2038 3957 2360 4011 hodiernam
2432 3971 2607 4025 usque
2666 3955 2810 4009 diem
2866 3952 3067 4011 ﬂuctus
3115 3954 3488 4029 proruperint.

1914 4044 2178 4100 Putabam
2208 4046 2376 4112 enim,
2415 4044 2462 4099 si
2512 4044 2581 4110 is,
2612 4043 2797 4098 animo
2833 4044 2945 4098 aeri
2993 4054 3050 4099 et
3076 4043 3262 4098 vivido
3297 4041 3495 4113 prazdi

1918 4147 2025 4202 tus,
2056 4137 2205 4191 illius
2241 4145 2371 4191 tunc
2401 4137 2470 4190 de
2503 4136 2736 4206 imperio
2766 4136 3077 4191 invadendo
3106 4136 3350 4191 consiliis
3379 4150 3470 4189 mo

1920 4230 2318 4298 litionibusqne
2370 4227 2695 4293 obStitissct,
2738 4228 2965 4282 minime
3011 4230 3201 4297 utique
3232 4236 3313 4282 tot
3351 4227 3492 4281 mala

1917 4321 2290 4375 redundatura
2320 4320 2375 4373 in
2406 4320 2681 4373 Romanos
2713 4318 2907 4374 fuisse.
2940 4318 3265 4373 Medicinam
3301 4320 3491 4388 igitur,

1916 4427 2037 4481 qua:
2079 4420 2192 4466 tum
2250 4420 2559 4480 Opportuna
2592 4409 2815 4478 quidem
2865 4420 3002 4473 erat,
3037 4410 3131 4464 sed
3172 4412 3491 4479 neutiquam

1915 4503 2058 4558 facta
2089 4512 2194 4567 est,
2233 4518 2358 4557 cum
2394 4504 2511 4571 ipse
2541 4501 2646 4557 hoc
2687 4512 2927 4572 tempore
2962 4511 3126 4570 atque
3173 4501 3276 4555 hoc
3307 4516 3491 4555 rerum

1917 4608 2061 4651 statu
2095 4596 2285 4649 vellem
2309 4595 2595 4661 adhibere,
2624 4603 2678 4649 et
2700 4594 3056 4664 cogitationes
3082 4595 3265 4648 animo
3287 4594 3492 4647 aletem

246 4696 346 4742 καὶ
372 4693 695 4760 πράγμασιν
726 4693 1135 4749 ἐπιδείκνυσθαι
1168 4690 1340 4750 θέλων
1367 4697 1552 4761 αὐτὸς,
1600 4699 1695 4750 καὶ
1722 4715 1808 4750 πο-

1922 4689 2111 4758 plenas
2155 4689 2327 4741 fastus
2370 4697 2426 4742 et
2465 4687 2817 4756 arrogantiae,
2850 4687 2996 4740 omni
3052 4683 3235 4738 studio
3275 4685 3340 4739 ad
3366 4700 3495 4754 per-

246 4786 347 4838 λύν
380 4803 503 4840 τινα
535 4788 625 4840 τὸν
655 4786 821 4853 τῦφον
854 4789 947 4853 καὶ
994 4789 1092 4858 τὴν
1144 4790 1315 4860 et;in
1384 4793 1816 4862 ἐπισυρομένους

248 4877 461 4949 θρέψας
485 4878 802 4948 λογισμοὺς,
854 4879 1042 4951 ἁπάσῃ
1103 4880 1359 4950 προθέσει
1406 4880 1581 4951 ψυχῆς
1619 4882 1696 4945 είς
1727 4883 1817 4934 τὸν

250 4968 397 5020 κατὰ
421 4967 517 5021 τοῦ
554 4967 1011 5036 Καντακουζηνοῦ
1052 4970 1338 5040 διανέστην
1386 4971 1642 5041 πόλεμον,
1682 4970 1820 5040 λαμ-

251 5061 398 5129 πρᾶς
426 5075 575 5123 τινος
597 5058 757 5129 δῆθεν
787 5059 1117 5132 προφάσεως
1146 5061 1283 5130 ἔχων
1313 5062 1504 5130 ἐφόδια
1544 5063 1677 5129 πρὶς
1707 5060 1816 5114 διέ-

252 5166 466 5219 γερσιν,
493 5152 563 5205 τά
589 5168 649 5204 τι
679 5152 815 5206 ἄλλα
877 5153 970 5206 καὶ
1017 5154 1164 5215 ὅπως
1217 5155 1281 5206 ἐκ
1329 5153 1423 5206 τοῦ
1479 5154 1819 5224 παραχρῆμα

255 5243 393 5311 πρὸς
451 5242 753 5314 ὑπεροψίαν
786 5245 950 5315 ἤθους
1010 5246 1205 5299 ἑαυτὸν
1273 5247 1666 5316 μετεσκεύασε,
1722 5246 1820 5299 καὶ⁵

252 5335 279 5385 ἰν
292 5351 369 5402 μα
394 5335 499 5386 κάν
525 5338 644 5396 ταῖς
689 5334 799 5387 τῶν
825 5334 1042 5388 οἰκείων
1088 5335 1388 5387 ἐπιστολῶν
1422 5332 1819 5405 ἐπισημασίαις

252 5428 311 5476 τὸ
359 5423 591 5495 σύνηθες
622 5425 810 5478 δοῦλον
862 5426 1155 5490 ἀπείπατο,
1193 5426 1612 5496 ,ἀφαιρούμενος
1667 5426 1819 5479 ἄντι-

255 5533 386 5583 κρυς
415 5520 613 5591 ’Δννης
642 5521 736 5589 «τῆς
775 5520 1041 5589 βασ.λί5ος
1076 5520 1285 5573 καὶτοῦ
1329 5522 1531 5589 ταύτης
1572 5517 1692 5570 υἱοῦ
1719 5516 1817 5586 τὴν

1925 4780 2265 4850 sequendum
2298 4779 2442 4833 bello
2464 4778 2906 4834 Cantacuzenum
2936 4778 3083 4831 erexi
3120 4793 3244 4843 me;
3282 4776 3496 4846 specio-

1925 4887 2015 4926 sas
2067 4872 2324 4926 videlicet
2372 4872 2637 4941 quasdam
2692 4885 2925 4935 causas,
2977 4868 3179 4939 quibus
3237 4878 3495 4939 tanquam

1928 4965 2288 5019 irritamentis
2333 4973 2539 5028 uterer,
2570 4973 2682 5017 tum
2718 4964 2854 5018 alias
2903 4963 3135 5029 habens,
3176 4973 3289 5016 tum
3326 4966 3496 5017 maxi-

1927 5074 2034 5125 me,
2062 5058 2207 5128 quod
2265 5058 2543 5127 ingenium
2592 5072 2754 5110 suum
2810 5057 2899 5110 ille
2948 5055 3013 5109 ad
3066 5057 3379 5126 sugerbiam
3413 5070 3498 5109 re-

1926 5159 2090 5222 pente
2156 5148 2512 5214 traduxisset,
2567 5165 2631 5203 ae
2681 5148 2734 5201 in
2784 5147 3021 5219 propriis
3060 5147 3307 5217 epistolis
3352 5147 3498 5200 obsi-

1921 5244 2154 5314 gnandis
2186 5243 2443 5296 usitatum
2475 5241 2710 5295 subditis
2734 5256 2941 5294 morem
2973 5239 3136 5310 760
3167 5239 3494 5303 abdicasset,

1922 5346 2087 5405 atque
2131 5333 2269 5388 adeo
2320 5333 2389 5387 ab
2425 5332 2777 5402 imperatrice
2836 5333 2995 5387 Anna
3045 5342 3100 5387 et
3137 5333 3205 5385 ah
3239 5332 3359 5401 ejus
3386 5330 3496 5383 lilio

1922 5441 2234 5497 supremam
2270 5435 2597 5495 potestatem
2624 5425 2799 5495 palam
2833 5425 3093 5480 auferret.
3130 5423 3407 5490 Quamobr
3443 5436 3493 5475 ιιι

1925 5529 2154 5589 uterque
2185 5517 2324 5574 nihil
2362 5517 2510 5573 aliud
2541 5518 2796 5588 iecimus,
2822 5519 2928 5576 nisi
2964 5527 3105 5573 totas
3133 5517 3354 5589 penitus
3385 5516 3495 5570 Ro-

1588 5669 1918 5731 Variorum
1954 5674 2140 5731 nota).

316 5798 433 5871 (Η)
462 5796 595 5852 Vide
623 5809 789 5867 supra
812 5796 908 5852 lib.
948 5814 1019 5865 ιν,
1046 5810 1167 5865 cap.
1196 5796 1250 5849 4.
1286 5795 1496 5851 Botvm.
