3920 6632
384 403 510 471 ’910
674 397 768 476 rh.
799 409 868 459 π.
907 393 1071 469 εδει,
1113 416 1220 458 ιιιιι.
1265 400 1357 476 Μ]

1640 404 2054 472 ΝΙΕΕΡΙῙΟΒΙ
2097 411 2478 473 ϐΙὶἘΟῌΙΚίΕ

3513 402 3626 469 1οθ

2767 406 2900 478 [tum
2941 421 2981 460 ι.
3027 419 3263 460 pausat.
3306 403 3361 476 5]

403 527 688 568 manorum
745 515 894 570 vires
954 513 1367 579 attrivimus,et
1414 513 1460 570 si
1490 530 1598 585 qua
1641 514 1782 572 forte
1816 516 1977 572 bona

2100 523 2418 591 ξγεμονικὴν
2447 520 2719 586 ἐξουσίαν.
2762 523 2854 574 Διὸ
2913 521 3009 574 καὶ
3060 520 3427 591 πεπράχαμεν
3489 522 3630 589 ἄμφι»

405 603 526 673 spei
550 603 851 659 scintillula
891 603 944 658 in
994 603 1164 660 rebus
1211 603 1423 674 reliqua
1450 613 1618 667 esset,
1643 619 1765 661 eam
1796 605 1983 660 fundi-

403 707 498 754 tus
528 694 876 752 sustuiimus.
904 697 1012 752 Eos
1032 695 1206 762 enim,
1235 697 1327 766 qui
1367 697 1551 751 omnia
1582 697 1651 752 ad
1689 698 1985 752 humanam

402 787 740 844 industriam
795 788 1177 858 imprudentes
1229 788 1501 852 referunt,
1551 803 1616 843 eo
1653 789 1987 844 calamitatis

406 877 620 932 devolvi
650 877 784 932 nihil
818 877 1016 932 mirum
1045 893 1060 944 ;
1120 878 1232 932 imo
1305 879 1544 931 maxime
1577 879 1834 947 congruit
1861 891 1985 933 cum

407 970 589 1024 divina
623 969 976 1025 Providentia
1005 987 1018 1036 ;
1044 969 1205 1040 cujus
1231 978 1314 1023 est
1354 967 1444 1023 hic
1472 983 1694 1038 scopus,
1714 979 1772 1022 ut
1799 969 1991 1022 huma-

409 1062 467 1116 ni
529 1062 698 1116 animi
748 1063 1076 1132 arrogantiae
1144 1060 1360 1116 frenum
1409 1070 1617 1116 certum
1666 1061 1895 1132 injiciat,
1934 1069 1990 1116 et

415 1171 510 1225 per
541 1155 712 1224 ipsam
746 1170 930 1210 rerum
963 1154 1356 1225 experientiam
1386 1153 1614 1208 evidens
1643 1152 1710 1207 ad
1741 1162 1992 1224 posteros

411 1248 810 1304 documentum
865 1257 1051 1318 aperte
1107 1244 1466 1300 transmittat.
1505 1243 1676 1300 Nobis
1709 1245 1897 1314 itaque
1938 1244 1987 1298 id

415 1343 578 1411 plane
610 1355 712 1395 usu
739 1339 910 1402 venit,
941 1337 1088 1408 quod
1119 1337 1333 1408 vulgari
1369 1337 1666 1407 proverbio
1689 1336 1796 1390 dici
1831 1337 1989 1390 solet:

409 1433 698 1488 Camelum
733 1446 939 1486 cornua
985 1438 1334 1500 appetentem
1365 1430 1533 1485 etiam
1568 1429 1796 1484 auribus
1832 1429 1994 1484 orba-

413 1536 528 1580 tam
568 1539 710 1578 esse.
740 1523 876 1577 Nam
909 1531 964 1577 et
1005 1520 1109 1590 ipsi
1149 1535 1274 1576 cum
1311 1520 1636 1592 ampliorem
1669 1521 1992 1591 dignitatem

417 1619 804 1682 fortunamque
852 1619 1266 1682 appeteremus,
1289 1620 1347 1667 et
1393 1612 1742 1667 occasionem
1774 1613 1994 1683 utrique

416 1709 693 1763 Romanos
720 1705 926 1760 limites
968 1703 1326 1774 promovendi
1361 1703 1602 1759 oblatam
1641 1705 1803 1758 nobis
1837 1714 1996 1774 puta-

420 1816 625 1864 remus,
654 1799 822 1854 etiam
878 1796 966 1861 iis,
994 1797 1088 1866 qui
1144 1807 1257 1851 tum
1310 1797 1710 1866 erant,dejecti
1765 1812 1990 1864 sumus;

416 1893 694 1960 iidemque
733 1905 801 1944 ex
849 1887 1131 1958 opulentis
1180 1888 1393 1958 inopes,
1417 1901 1485 1941 ex
1521 1888 1828 1944 illustribus
1857 1890 1995 1944 viles

415 1994 473 2039 et
524 1984 744 2054 inglorii
795 1983 1096 2038 evasimus.
1125 1981 1259 2048 Quae
1303 1982 1470 2052 igitur
1493 1981 1782 2052 oportebat
1807 1997 1908 2035 nos
1940 1990 1996 2035 rt

418 2075 712 2146 providere
754 2083 811 2130 et
845 2076 1027 2129 facere
1071 2074 1302 2145 publica
1340 2073 1595 2129 utilitatis
1629 2087 1817 2138 causa,
1844 2084 1997 2128 aute-

415 2185 579 2237 quam
613 2168 749 2238 lapsi
798 2183 1071 2234 essemus,
1101 2183 1164 2224 ea
1195 2182 1322 2222 sero
1365 2167 1582 2234 saltem,
1606 2181 1670 2222 ac
1703 2175 1994 2237 postquam

414 2261 551 2332 lapsi
584 2276 797 2325 sumus,
852 2261 1033 2316 facere
1064 2276 1282 2332 aequum
1329 2268 1414 2316 est
1457 2273 1521 2315 ac
1561 2259 1852 2330 providere
1884 2276 1898 2312 :
1925 2272 1996 2313 ne

416 2364 471 2408 ct
499 2356 871 2426 piscatoribus
919 2357 1032 2412 illis
1073 2357 1357 2412 stultiores
1389 2371 1510 2412 esse
1535 2355 1843 2420 videamur,
1868 2355 1996 2424 qui-

416 2448 523 2502 bus
550 2463 672 2517 quae
721 2447 970 2502 facienda
1031 2447 1237 2504 fuerint
1267 2448 1474 2504 sentire
1508 2456 1639 2503 tunc
1667 2447 1837 2516 subit,
1869 2463 1994 2503 cum

418 2541 624 2598 inflicta
653 2551 732 2596 est
761 2540 937 2612 plaga.
975 2557 994 2592 ι

492 2743 588 2800 lll.
620 2743 746 2798 llaec
792 2741 1106 2813 patriarcha
1157 2755 1282 2796 cum
1319 2750 1375 2796 et
1424 2739 1612 2795 animo
1659 2740 1919 2812 agitasset
1943 2753 1997 2801 et

420 2850 516 2890 ore
547 2833 986 2905 pronuntiasset,
1018 2815 1178 2888 dictis
1208 2832 1275 2886 ad
1301 2831 1740 2903 persuadendum
1779 2848 1998 2889 accom-

421 2924 822 2982 modatiorihus
882 2924 1092 2979 Annam
1123 2923 1367 2988 subibat,
1417 2923 1579 2994 eique
1611 2935 1671 2980 ut
1710 2925 1998 2980 sententiae

421 3035 534 3074 sua:
563 3018 853 3074 accederet
897 3020 1239 3096 persuadere
1271 3015 1596 3072 conabatur.
1629 3016 1813 3072 Satius
1845 3033 1998 3072 nem-

421 3126 488 3182 pe
527 3125 649 3166 esse
698 3109 1011 3178 dictitabat,
1057 3127 1188 3182 pace
1231 3125 1356 3165 cum
1389 3109 1774 3166 Cantacuzeno
1803 3118 1998 3180 sponte

2087 613 2251 666 πλέον
2281 614 2456 674 οὐδὲν.
2514 613 2546 684 ἢ
2605 615 2787 668 πᾶσαν
2839 613 3097 685 ὲκτρίψαι
3147 613 3442 682 Ῥωμαίων
3489 614 3632 684 ἇρὶην

2088 706 2270 775 ίσχὺν,
2313 706 2601 775 καὶμέχρι
2631 705 2902 773 θεμελίων
2951 705 3135 758 αὐτῶν
3188 705 3467 771 καθελεῖν,
3503 704 3549 757 εί
3592 705 3636 756 τί
3744 757 3752 772 η

2088 815 2190 850 που
2218 798 2472 867 χρηστῶν
2520 797 2752 849 ἐλπίδων
2788 799 2902 860 τοῖς
2929 796 3220 868 πράγμασι
3246 795 3525 850 λέλειπται
3551 794 3636 861 ζὼ-

2090 907 2284 960 πυρον.
2338 890 2466 952 Τοῖς
2511 889 2618 958 γάρ
2667 888 3038 959 ἀνθρωπίναις
3100 889 3376 958 άναρτῶσι
3430 890 3491 942 se
3547 889 3638 940 πᾶν

2084 980 2357 1043 ἐπινοίαις
2395 978 2454 1044 ἐξ
2483 978 2744 1041 άδουλίας
2772 977 2829 1042 ὲς
2853 977 3107 1041 τοιαύτας
3139 976 3528 1048 κατενηνέχθαι
3557 969 3640 1045 κῆ·

2093 1087 2194 1140 ρας
2222 1068 2376 1122 οὐδὲν
2395 1069 2624 1131 ἀπεικὸς
2664 1068 2747 1122 δτι
2779 1069 2856 1138 μὴ
2884 1069 2980 1124 καὶ
3020 1067 3098 1139 τῷ
3144 1068 3275 1140 θείῳ
3305 1068 3451 1139 μάλα
3498 1081 3644 1137 προηη

2097 1163 2231 1231 ἧκον
2259 1161 2470 1232 σκοπῷ,
2504 1161 2725 1231 χαλινὸν
2787 1163 2884 1232 μὲν
2935 1160 3234 1214 ἐπιτιθέντι
3271 1159 3424 1230 σαιρῆ
3458 1159 3522 1228 τῇ
3553 1157 3645 1210 τῶ)

2091 1254 2456 1324 ἀνθρωπίνων
2508 1253 2791 1324 λογισμῶν
2855 1251 3141 1325 αὐθαδείᾳ,
3200 1251 3550 1307 διδασκαλίαν
3607 1248 3646 1302 δ’

2091 1341 2298 1412 εναργῆ
2321 1341 2412 1395 διὰ
2439 1343 2538 1411 τῆς
2563 1343 2673 1396 τῶν
2704 1344 3050 1413 πραγμάτων
3094 1340 3292 1412 πείρας
3343 1339 3648 1412 περιρανῶς

2091 1435 2206 1498 τοῖς
2233 1433 2433 1504 ἑφεξῆς
2465 1436 2627 1490 αἰῶσι
2668 1436 3098 1507 παραπέμποντι
3129 1451 3146 1468 ο
3191 1435 3267 1498 ὡς
3300 1437 3436 1507 ἡμῖν
3476 1435 3538 1488 τά
3563 1433 3650 1502 τῆς

2095 1527 2396 1597 παροιμίας
2423 1525 2683 1599 ἄντικρυς
2718 1527 3048 1599 συμϐαίνειν
3075 1526 3316 1591 ἐκείνης,
3352 1527 3386 1597 ἡ
3419 1524 3650 1595 κάμηλος

2093 1616 2408 1690 (λεγούσης)
2428 1618 2844 1690 ὲπιθυμιάσασα
2875 1621 3124 1690 κεράτων
3156 1618 3254 1672 καὶ
3280 1618 3348 1672 τά
3373 1612 3489 1672 ὦτα
3503 1633 3654 1686 προσ-

2094 1711 2378 1767 απώλεσεν
2408 1711 2546 1785 (15).
2593 1713 3090 1784 Ἑπιθυμιάσαντες
3113 1713 3222 1782 γάρ
3247 1712 3346 1766 καὶ
3374 1711 3530 1765 αὐτοὶ
3577 1709 3653 1760 δό-

2097 1803 2196 1872 ξης
2218 1803 2316 1857 καὶ
2338 1803 2509 1874 τύχης
2543 1802 2812 1872 μείζονος,
2851 1806 2946 1858 καὶ
2999 1805 3191 1876 καιρὸν
3224 1805 3370 1876 ἔχειν
3419 1803 3654 1872 ἑκάτεροι

2029 1878 2068 1932 Β
2096 1895 2353 1961 δόξαντες
2397 1899 2638 1952 ἐκτεῖναι
2678 1898 2802 1962 τοὺς
2861 1900 2971 1952 τῶν
3013 1898 3305 1969 Ῥωμαίων
3337 1900 3520 1969 ὅρους,
3573 1896 3654 1948 καὶ

2094 1989 2202 2042 τῶν
2229 1989 2400 2043 ὄντων
2421 1989 2724 2060 ἐξέστημεν
2745 2006 2761 2023 ο
2785 1990 2895 2044 κάκ
2925 1991 3195 2044 πλουσίων
3251 1990 3509 2060 πένητες.
3563 1987 3655 2053 κάξ

2095 2081 2334 2149 ἐνδόξων
2357 2079 2538 2148 ἄδοξοι
2588 2083 2961 2152 γεγενήμεθα.
3022 2085 3090 2137 Ἀ
3131 2081 3311 2137 τοίνυν
3341 2081 3512 2154 ἐχρῆν
3542 2080 3656 2152 ἡμῖν

2095 2176 2192 2230 καὶ
2227 2177 2676 2231 διανοεῖσθαικαὶ
2707 2177 2840 2249 δρᾷν
2873 2177 3017 2248 ὑπὲρ
3046 2177 3142 2232 τοῦ
3175 2180 3330 2248 κοινῇ
3360 2178 3658 2248 συμφέρον-

2097 2285 2210 2334 τος,
2245 2269 2378 2339 πρὶν
2404 2269 2436 2337 ἢ
2462 2270 2676 2335 παθεῖν,
2713 2269 2810 2340 ὀψε
2829 2271 2985 2340 γοῦν,
3017 2271 3157 2339 μετὰ
3186 2271 3247 2324 τὸ
3279 2271 3496 2332 παθεῖν,
3523 2269 3657 2334 ἄξιον

2097 2360 2191 2414 καὶ
2211 2359 2540 2413 διανοεῖσθαι
2585 2361 2679 2414 καὶ
2705 2361 2870 2433 δρᾷν·
2924 2361 3010 2414 ἴνα
3049 2359 3123 2433 μὴ
3172 2361 3268 2416 καὶ⁵
3314 2359 3426 2413 τῶν
3482 2359 3659 2414 ἀλιέων

2097 2450 2323 2504 ἐκείνων
2349 2445 2502 2522 ὦμεν
2555 2453 2800 2523 χείρους,
2845 2449 2928 2517 οἷς
2963 2452 3198 2523 μετά”τδ
3255 2453 3532 2524 πληγῆναι
3561 2452 3658 2523 (lC)

2096 2543 2198 2615 τὴν
2248 2543 2357 2599 τῶν
2413 2545 2770 2617 καθηκόντων
2810 2544 3207 2617 προσγίνεσθαι
3239 2545 3457 2598 ἔπεισιν
3486 2544 3662 2614 αἴσθη-

2099 2652 2204 2690 σιν.
2243 2653 2263 2689 δ

2169 2727 2245 2782 Γ’.
2276 2725 2463 2782 Ταῦτα
2489 2726 2796 2800 διανοηθεὶς
2829 2727 2924 2782 καὶ
2952 2725 3329 2799 φθεγξάμενος
3353 2728 3380 2781 ό
3400 2725 3662 2799 πατριάρο

2097 2837 2200 2891 χης
2221 2819 2404 2889 λόγοις
2425 2821 2696 2874 πιθανωτέ
2708 2838 2820 2892 ροις
2849 2820 3012 2892 ὑπῄει
3038 2823 3133 2876 καὶ
3160 2823 3438 2893 ἐπεχείρει
3471 2822 3665 2875 πείθειν

2099 2911 2391 2965 συνθέσθαι
2405 2913 2496 2966 καὶ
2513 2911 2612 2982 τὴν
2632 2913 2882 2982 βασιλίδα
2904 2915 3127 2967 Ἅνναν.
3145 2911 3232 2986 [Ρ.
3250 2912 3379 2988 477]
3401 2909 3553 2968 Εἶναι
3569 2914 3666 2986 γάρ

2098 3003 2303 3075 ἔφασκε
2322 3004 2552 3073 βέλτιον,
2567 3007 2790 3069 ἑκόντας
2804 3007 3122 3073 Καντακουζ
3125 3007 3238 3079 ηνῷ
3254 3010 3663 3078 σπεισαμένους,

2097 3097 2198 3168 τὴν
2220 3099 2457 3169 κρείττω
2489 3102 2684 3170 μοῖραν
2714 3099 3083 3170 καρποῦσθαι,
3111 3102 3242 3171 πρὶν
3269 3103 3662 3173 ἀφαιρεθέντας

420 3207 585 3271 facta,
634 3204 805 3276 partis
855 3203 1020 3274 potiri
1075 3202 1341 3268 melioris,
1391 3217 1552 3272 quam
1603 3201 1699 3256 ubi
1738 3201 1806 3257 ab
1831 3201 1992 3274 76],

2102 3190 2321 3246 ἅπαντα
2351 3193 2451 3263 οὐχ
2479 3191 2711 3256 ἑκόντας
2751 3192 2888 3263 μηδὲ
2939 3195 3040 3265 τῆς
3071 3194 3364 3266 ἐλαχίστης
3403 3198 3665 3265 ἀδακρυτὶ

421 3301 609 3356 invitis
647 3299 831 3354 omnia
868 3298 1051 3353 ablata
1087 3307 1294 3361 essent,
1345 3311 1414 3350 ne
1455 3295 1740 3350 minimam
1772 3295 1995 3366 quidem

2107 3283 2448 3354 κληρούχους
2497 3279 2639 3338 εἶναι
2676 3283 2958 3340 δύνασθαι.
2998 3286 3142 3356 Πρὸς
3181 3285 3359 3342 ταῦτα
3410 3288 3665 3359 δυσχερά·

339 3383 342 3386 ’
421 3406 583 3463 posse
625 3401 840 3463 partem
881 3391 1000 3447 sine
1047 3389 1306 3460 lacrymis
1356 3389 1637 3458 propriam
1672 3387 1899 3444 habere.
1929 3388 1995 3445 At

2108 3391 2248 3430 νασα
2276 3375 2456 3446 λίανὴ
2490 3373 2702 3445 βασιλὶς
2755 3375 3042 3431 ὲπίδουλον
3074 3376 3258 3432 ἐκάλει
3295 3377 3389 3432 τὸν
3437 3377 3666 3450 σύμϐου-

419 3485 576 3540 Anna
628 3483 951 3555 imperatrix
1011 3483 1240 3538 moleste
1285 3479 1581 3536 admodum
1645 3481 1761 3536 haec
1819 3479 1995 3537 ferens

2105 3465 2233 3540 λονλ
2250 3467 2346 3520 καὶ
2387 3467 2539 3531 ὅλαις
2571 3466 2852 3535 παλάμαις
2892 3469 3081 3540 πόρρω
3117 3485 3218 3522 που
3255 3469 3362 3523 τῶν
3383 3469 3666 3542 ὀφθαλμῶν

420 3578 694 3645 cum,qui
747 3591 940 3630 suasor
998 3583 1169 3638 esset,
1215 3573 1599 3629 insidiatorem
1655 3574 1921 3640 vocitare,
1945 3584 1995 3630 et

2104 3559 2266 3615 ὲώθει
2293 3561 2384 3614 τὸν
2415 3561 2726 3629 ἄνθρωπον.
2752 3562 2900 3632 Αὕτη
2929 3562 3242 3616 σκανδάλων
3277 3564 3422 3636 ἁρχὴ
3456 3566 3553 3619 καὶ
3579 3582 3666 3618 κα·

423 3667 555 3723 totis
601 3667 814 3721 viribus
859 3666 1139 3720 hominem
1171 3675 1473 3735 conspectu
1503 3680 1605 3720 suo
1633 3665 1821 3735 procul
1845 3680 2002 3720 amo-

422 3771 574 3812 vere.
603 3754 663 3809 Et
716 3753 834 3809 haec
868 3753 974 3808 fuit
1006 3753 1160 3823 origo
1192 3767 1257 3808 ac
1289 3753 1527 3822 primum
1577 3753 1999 3810 fundamentum

2104 3653 2368 3714 τάστασις
2399 3652 2590 3726 πρώτη
2629 3655 2770 3710 κατά
2798 3653 2893 3708 τοῦ
2927 3654 3272 3727 πατριάρχου
3325 3659 3395 3727 τῇ
3448 3656 3665 3728 βασιλίδι

2107 3747 2462 3808 καθίσταται.

421 3847 769 3911 οιῐθιιείοηίε,
812 3860 934 3915 qua:
991 3844 1204 3900 Annam
1245 3845 1389 3900 inter
1424 3855 1482 3902 et
1512 3846 1886 3917 patriarcham
1925 3847 1995 3901 iul

2100 3845 2261 3902 essit.

494 3937 586 3994 Ν.
620 3939 696 3993 Ex
736 3954 846 4010 quo
874 3937 1022 3992 enim
1053 3939 1326 4011 zelotypia
1370 3939 1687 4007 tenebatur,
1712 3955 1877 4011 quam
1912 3940 2002 3996 illa

2173 3937 2254 3994 A'.
2303 3936 2426 4006 Ἀφ’
2453 3929 2513 3991 οὗ
2540 3937 2648 4009 γάρ
2674 3936 2735 3990 τδ
2764 3936 2864 4009 τῆς
2922 3937 3257 4008 ζηλοτυπίας
3303 3939 3477 4013 αὐτὴν
3526 3940 3668 3995 κατέ·

419 4029 770 4086 afl'ectiuuem
802 4029 1001 4083 malam
1031 4030 1088 4084 in
1123 4029 1570 4084 Cantacuzenum
1615 4031 1995 4100 imperatorem

2106 4047 2202 4102 σχε
2237 4029 2434 4093 πάθος,
2495 4029 2524 4082 δ
2557 4029 2699 4082 κατὰ
2751 4027 2847 4083 τοῦ
2897 4027 3167 4100 βασιλέως
3221 4032 3665 4105 Καντακουζηνοῦ

419 4134 484 4177 et
511 4120 913 4192 imperatricem
942 4120 1139 4176 lrenen
1175 4120 1452 4192 impendio
1479 4121 1681 4190 alebat,
1714 4138 1783 4178 ne
1813 4124 1995 4194 primit

2107 4119 2325 4190 καὶτῆς
2350 4119 2888 4192 βασιλίδος-Εἰρήνης
2917 4122 2998 4185 είς
3027 4121 3089 4175 τὸ
3115 4120 3502 4196 δαψιλέστερον
3522 4126 3664 4197 ἐθρε-

426 4215 650 4286 quidem
682 4213 912 4269 auribus
939 4215 1131 4270 audire
1161 4229 1402 4285 unquam
1427 4215 1995 4272 sustinueratverbum

2106 4212 2227 4282 ψεν,
2258 4211 2370 4265 οὐδ’
2422 4210 2613 4283 ἄκροις
2653 4210 2786 4266 ὠσὶν
2822 4212 3037 4284 οὐδαμῆ
3063 4213 3188 4267 ποτ’
3212 4214 3462 4286 ἠνείχετο
3516 4217 3664 4286 λόγον

420 4309 598 4363 ullum
631 4307 696 4362 de
755 4307 1158 4363 reconcilianda
1193 4321 1318 4362 cum
1346 4307 1414 4362 iis
1444 4308 1637 4378 gratia.
1671 4307 1774 4364 Sed
1803 4310 1906 4378 ipsi
1937 4310 1995 4366 li-

2109 4302 2332 4357 ἀκούειν
2366 4301 2505 4372 ὑπὲρ
2555 4302 2783 4356 ἐκείνων
2835 4303 3187 4374 συμϐατικόν.
3227 4305 3370 4359 ‘AD.’
3427 4301 3497 4378 ἦν
3537 4307 3664 4378 αὐτῇ

421 4397 557 4452 bide
610 4397 858 4468 qumdam
900 4395 1135 4469 ﬂagrans
1159 4406 1216 4452 et
1262 4397 1461 4451 mirum
1488 4399 1995 4454 cratoblectamen-

2109 4395 2373 4464 διάπυρος
2397 4393 2539 4463 ἔρως
2574 4393 2666 4446 καὶ
2693 4393 2842 4458 ξένον
2879 4393 3224 4466 ἐντρύφημα,
3253 4396 3518 4468 λοιδορίας
3540 4398 3665 4452 άπά-

419 4501 569 4555 ιυιιι,
627 4489 809 4545 omnia
870 4500 926 4544 et
976 4489 1264 4544 maledicta
1317 4499 1373 4545 et
1422 4489 1562 4544 foeda
1597 4490 1651 4544 in
1680 4506 1775 4546 eos
1808 4491 1995 4562 probra

2116 4505 2215 4547 σας
2237 4488 2333 4542 καὶ
2368 4485 2718 4557 βλασφημίας
2745 4487 3022 4557 ἁσέμνους
3051 4487 3174 4541 κατ’
3195 4489 3423 4541 ἐκείνων
3449 4490 3545 4543 καὶ
3590 4489 3666 4541 λέ-

426 4582 661 4637 subinde
707 4583 913 4654 jacere,
948 4593 1044 4636 aut
1080 4581 1215 4636 alios
1277 4581 1467 4636 audire
1500 4582 1911 4638 maledicentes.
1946 4583 1995 4638 ω

2112 4596 2231 4649 γειν
2261 4579 2372 4645 ἀεὶ,
2405 4579 2503 4633 καὶ
2542 4578 2811 4646 λεγόντων
2837 4579 3013 4634 ἄλλων
3052 4577 3298 4633 ἀκούειν.
3326 4579 3497 4632 Τοῦτο
3519 4596 3663 4650 περι-

414 4674 738 4730 cvidentem
793 4683 850 4729 et
898 4673 1242 4728 manifestam
1303 4673 1562 4728 onmibus
1616 4673 1770 4729 brevi
1823 4675 1995 4730 elfecil

2114 4675 2259 4745 φανῆ
2286 4673 2382 4726 καὶ
2410 4672 2711 4743 κατάδηλον
2736 4675 2988 4742 πέπραχε
3025 4673 3194 4726 πᾶσιν
3245 4673 3305 4724 ὲν
3355 4671 3545 4742 βραχεῖ
3579 4674 3664 4742 τῆς

427 4767 602 4822 totius
659 4765 784 4820 mali
847 4765 1078 4835 primam
1138 4765 1397 4832 radicem,
1431 4783 1551 4838 qua:
1581 4773 1638 4820 et
1683 4767 1829 4821 civili
1861 4766 1995 4822 bello

2111 4765 2241 4836 ὅλης
2278 4765 2476 4827 κακίας
2526 4764 2627 4834 τὴν
2667 4765 2850 4835 ῥίζαν,
2905 4766 3028 4818 ὅθεν
3077 4765 3223 4833 καὶὴ
3269 4765 3366 4836 τῆς
3412 4747 3665 4832 ὲμιρυλίού

427 4860 701 4929 originem
729 4857 992 4925 dedisset,
1015 4868 1071 4912 et
1098 4857 1164 4912 ad
1195 4869 1504 4914 extremum
1534 4875 1708 4930 usque
1736 4859 1995 4929 perstitis-

2116 4858 2297 4928 μάχης
2358 4856 2660 4939 ἐϐλάστχδσε
2717 4858 3012 4927 πρόφασις,
3052 4857 3150 4911 καὶ
3196 4858 3344 4920 ὅπως
3393 4857 3470 4919 είς
3527 4856 3666 4916 τέλος

418 4958 512 5004 set
540 4961 653 5000 rem
706 4947 1006 5000 Romanam
1051 4957 1289 5002 atlct'ere
1324 4959 1488 5018 atque
1511 4948 1862 5004 labefactare.
1902 4949 2003 5004 Ni-

419 5039 630 5092 mirum
666 5053 726 5091 ea
758 5047 877 5091 crat
906 5041 1075 5091 Anna:
1116 5037 1473 5108 imperatrlcis
1511 5039 1775 5111 Zelotypia
1804 5049 1860 5094 et
1892 5055 2005 5094 ma-

419 5127 671 5198 lignitas,
720 5128 802 5182 uti
862 5144 962 5183 nos
1002 5143 1165 5198 supra
1221 5144 1362 5199 saepe
1405 5129 1665 5196 diximus,
1713 5147 1874 5200 quam
1912 5131 2002 5185 illa

420 5223 690 5275 ‘llomana:
720 5221 964 5276 felicitati
1000 5222 1178 5292 palam
1211 5223 1472 5293 praetulit,
1505 5232 1558 5278 ct
1595 5224 1753 5295 cujus
1779 5225 2008 5296 eXplen-

418 5315 512 5366 Διυ
541 5328 702 5367 causa
731 5324 903 5368 totum
934 5314 1222 5384 imperium
1255 5314 1512 5386 prodidit.

2116 4951 2414 5020 παρέμεινε
2445 4948 2747 5003 δαπανῶσα
2793 4952 2888 5002 καὶ
2943 4949 3246 5020 φθείρουσα
3283 4948 3354 5002 τὰ
3394 4947 3667 5017 Ῥωμαίων

2112 5043 2429 5112 πράγματα.
2483 5037 2585 5093 Ἦν
2636 5039 2680 5092 δ’
2730 5042 2762 5110 ἡ
2805 5040 2906 5111 τῆς
2967 5041 3234 5112 βασιλίδος
3268 5039 3463 5108 ’Δννης
3519 5038 3666 5109 ζηλὸ-

2111 5151 2282 5194 τυπος
2330 5133 2426 5187 καὶ
2458 5132 2788 5204 χαιρέκακος
2857 5133 3074 5204 γνώμη,
3129 5133 3382 5205 καθάπερ
3435 5132 3568 5200 ἡμῖν
3614 5132 3665 5181 ὲν

2111 5229 2223 5290 τοῖς
2271 5227 2529 5295 ἀνωτέρω
2577 5225 2691 5296 (17)
2757 5226 3020 5290 πολλάκις
3077 5227 3294 5294 εῐρηται
3350 5225 3559 5292 λόγοιςο
3605 5215 3664 5290 ἦς

2111 5321 2234 5389 τὴνῆ
2267 5317 2550 5389 Ῥωμαίων
2609 5318 2880 5387 ἠλλάξατο
2961 5319 3246 5390 προδήλως
3332 5313 3660 5384 εὐδαιμονίαν

2112 5411 2276 5480 αὓτη,
2306 5411 2399 5463 καὶ
2429 5408 2496 5463 δι’
2520 5412 2582 5480 ἦν
2601 5410 2710 5463 τῶν
2740 5410 2876 5463 ὅλων
2911 5409 3158 5478 προδότις
3186 5406 3525 5480 πραγμάτων
3551 5402 3662 5473 ἐγέ-

2112 5521 2250 5558 νετο.

1775 5666 2101 5730 Variorum
2139 5673 2332 5729 notze.

2113 5821 2220 5864 tur.
2254 5827 2368 5872 xm,
2400 5809 2656 5879 proverb.
2687 5809 2776 5863 98.
2817 5806 3034 5862 Betvm.

404 5877 406 5884 _
497 5812 616 5882 (Ιῦ)
647 5813 962 5881 Apostolius
1006 5822 1223 5869 ccntur.
1258 5828 1331 5879 Ix,
1372 5811 1631 5882 proverb.
1668 5812 1754 5867 70.
1786 5811 1998 5866 Bmvm.

2191 5886 2307 5953 (Π)
2343 5878 2456 5936 Lib.
2489 5896 2598 5947 xw,
2635 5895 2756 5950 cap.
2786 5879 2840 5943 5,
2872 5887 3007 5932 sect.
3042 5882 3096 5936 9..
3133 5878 3344 5939 Botvm.

485 5887 617 5958 δυο)
643 5885 958 5954 Apostolius
978 5897 1193 5942 centur.
1225 5900 1280 5954 Il,
1321 5887 1579 5955 proverb.
1649 5885 1735 5952 55,
1774 5894 1829 5937 et
1869 5899 2004 5938 cen-
