3800 6616
170 433 290 497 mg
528 425 604 495 [ι.
639 395 896 500 c.1357]

1121 433 1561 497 BYZANTIN/E
1595 435 1982 535 .HlSTORI/E
2023 445 2164 506 LIB.
2207 446 2359 507 XVI.

1969 283 1980 289 ο
1987 277 2104 294 --έισο

2469 439 2604 514 itur.
2644 455 2688 497 ι.
2728 454 3016 497 causam.
3059 438 3114 512 Ι]
3224 441 3363 507 1050

166 552 246 602 ἐπὶ
264 547 320 600 τὸ
347 545 588 599 πλεῖστον
621 545 940 600 διοικεῖσθαι
970 546 1198 614 δέδοται,
1228 549 1324 602 τοῦ
1372 550 1557 620 χάριν,
1589 567 1694 603 πα-

1800 557 1998 623 quibus
2058 559 2378 617 facillimum
2408 570 2490 616 est
2543 561 2710 616 vitam
2761 577 2923 633 agere
2949 559 3128 614 onmis
3154 559 3381 629 periculi

167 639 248 708 ρδν
282 637 424 706 ἡμᾶς
471 638 534 688 ἐκ
574 638 664 688 soi
701 637 899 706 ῥᾴστου
951 639 1306 706 καρποῦσθαι
1331 642 1393 694 τὸ
1419 641 1518 712 ζῇν
1549 644 1700 696 ἀκιν-

163 728 334 793 δύνως,
365 726 640 789 ἐθελοντὰς
669 729 802 798 ἡμῖν
833 728 1017 792 αὐτοῖς
1043 731 1403 785 παντοδαπῶν
1437 733 1702 803 περιπλέ-

163 836 268 876 κειν
297 818 480 871 δίκτυα
525 818 706 887 φόόων
731 836 744 882 ;
771 815 943 874 Οἶσθα
983 821 1115 891 γὰρ,
1153 820 1229 886 ὥς
1260 824 1491 893 μυρίους
1536 827 1594 878 ἐν
1630 827 1699 894 τῇ

165 911 409 982 ὑπερορίᾳ
446 909 847 981 διηντλὴκαμεν
895 913 1130 983 μόχθους
1169 915 1306 982 μετὰ
1353 917 1577 988 μακρῶν
1606 919 1703 973 καὶ

161 1002 490 1057 παντοδαπῶν
523 1003 630 1055 τῶν
659 1003 935 1068 κινδύνων,
968 1008 1158 1060 ὁπόσοι
1205 1009 1434 1062 θανάτου
1463 1011 1702 1077 γείτονες

158 1094 502 1163 ἐπεφύκεσαν,
540 1094 618 1165 τῷ
643 1095 719 1166 σῷ
745 1100 908 1166 πατρὶ
927 1099 1367 1167 περιποιούμενοι
1392 1103 1454 1154 τὸ
1479 1102 1702 1155 ἀκίνδυ⁴

159 1205 236 1240 νον
257 1201 274 1219 ο
296 1186 366 1248 ὡς
392 1185 621 1255 δεύτερα
661 1181 802 1240 εἶναι
839 1188 909 1240 τὰ
940 1191 1284 1259 Διοσκούρων
1311 1192 1586 1262 ἐγκώμια,
1611 1198 1703 1247 καὶ

159 1282 203 1333 εί
221 1296 352 1342 τινες
408 1280 662 1349 Ὀρέσται
713 1285 808 1334 καὶ
846 1282 1084 1335 Πυλάδαι
1115 1267 1218 1336 ’τὸν
1273 1286 1484 1356 μακρὸν
1530 1289 1704 1354 ἐμπε-

157 1372 402 1441 πληκότες
435 1371 612 1426 αἰῶνα
647 1374 1000 1442 φιλαδελφίας
1049 1376 1487 1447 ὑποδειγμάτων.
1523 1381 1576 1433 εί
1617 1396 1702 1444 τις

157 1464 215 1516 τὰ
240 1462 474 1533 ἡμέτερα
521 1465 637 1527 τοῖς
683 1465 908 1520 ἐκείνων
948 1467 1327 1533 ἀντεξετάζειν
1370 1471 1563 1528 ἐθέλει.
1597 1473 1703 1524 Καὶ

157 1551 267 1624 ἧνὴ
295 1555 416 1613 τοὺς
445 1554 723 1619 τοιούτους
755 1558 843 1611 ἀεὶ
874 1559 1018 1612 κατὰ
1055 1560 1151 1612 τοῦ
1191 1561 1288 1614 σοῦ
1331 1561 1700 1632 μηχανωμένη

159 1643 338 1714 πατρὸς
379 1644 658 1715 διωγμοὺς
711 1649 802 1700 καὶ
849 1646 1118 1712 θανάτους
1151 1651 1320 1704 Ἅννα
1377 1653 1406 1720 ἡ
1463 1648 1699 1720 βασιλὶς,

157 1738 421 1807 πρόσωπον
443 1735 709 1806 ἀληθείας
742 1737 972 1808 ἔχουσαν
992 1741 1103 1792 οὐδ’
1122 1740 1372 1810 ἡντινοῦν
1399 1739 1704 1812 προϐάλλε-

1799 655 2099 711 expertem,
2138 647 2280 700 ultro
2338 647 2439 716 ipsi
2504 649 2662 704 nobis
2686 647 3020 718 multiplices
3066 659 3264 710 metus,
3293 661 3385 699 vc-

1799 733 1901 788 luti
1938 735 2071 789 retia
2116 735 2405 804 quaedam,
2473 738 2788 792 nectimus?
2843 736 2962 792 Scis
3024 737 3225 807 quippe
3283 750 3384 790 nos

1801 824 2046 881 inﬁnitos
2091 827 2331 893 labores,
2385 845 2509 882 cum
2539 830 2750 900 magnis
2792 829 3086 899 multisque
3119 837 3174 882 et
3204 827 3386 896 proxi-

1804 917 1906 969 mis
1939 919 2096 970 morti
2131 919 2388 986 periculis
2413 920 2757 990 coniunctos,
2778 918 3118 979 exhausisse,
3149 927 3204 972 ut
3235 917 3378 986 patri

1803 1017 1898 1062 tuo
1945 1010 2300 1065 securitatem
2354 1011 2775 1068 redimeremus.
2828 1011 3011 1081 Itaque
3040 1019 3095 1066 et
3128 1011 3385 1080 gemello-

1801 1114 1924 1154 rum
1953 1102 2103 1156 Jovis
2152 1103 2474 1169 liberorum,
2515 1113 2568 1158 et
2603 1112 2872 1173 quotquot
2911 1118 3151 1172 unquam
3178 1100 3386 1156 Oresta:

1803 1200 1857 1245 et
1887 1191 2100 1262 Pyladae
2130 1194 2414 1247 charitatis
2467 1193 2721 1248 fraternae
2745 1193 3011 1260 exemplis
3061 1192 3249 1260 longas
3286 1206 3380 1242 saa-

1803 1285 2050 1337 culorum
2090 1295 2276 1340 aetates
2326 1286 2707 1354 impleverunt,
2741 1285 2935 1338 minor
2982 1282 3225 1351 profecto
3263 1282 3384 1333 laus

1805 1371 2000 1437 fuerit,
2050 1373 2096 1427 si
2157 1375 2282 1442 quis
2335 1375 2466 1429 velit
2508 1389 2630 1428 cum
2687 1373 2903 1426 illorum
2959 1372 3122 1424 rebus
3173 1379 3384 1422 nostras

1804 1464 2077 1521 conferre.
2143 1465 2267 1521 "asc
2353 1467 2495 1534 patri
2556 1474 2650 1519 tuo
2707 1465 2974 1534 pericula,
3027 1465 3122 1516 has
3183 1472 3387 1514 mortes

1802 1555 1959 1625 Anna
2021 1555 2364 1625 imperatrix,
2427 1557 2580 1610 nullo
2635 1558 2843 1622 colore,
2892 1555 3043 1608 nullo
3113 1552 3382 1622 probabili

1807 1623 2169 1713 praetextu—ei
2225 1647 2478 1710 infensa,
2532 1656 2800 1715 perpetuo
2862 1659 3033 1714 usque
3093 1643 3388 1698 conﬂabat.

1805 1738 1916 1807 Ego
1941 1752 2073 1792 vero
2103 1747 2158 1792 et
2189 1736 2361 1792 frater
2386 1752 2544 1792 meus
2569 1737 2782 1790 Manttel
2821 1736 3022 1790 multas
3055 1735 3124 1788 ab
3155 1750 3216 1788 ca
3243 1735 3390 1788 litic-

156 1829 255 1882 σθαι
283 1827 552 1897 δυναμένη
616 1829 892 1898 πρόφασιν
936 1830 1060 1883 κατ’
1098 1832 1286 1885 αὑτοῦ.
1323 1834 1462 1904 Παρ’
1486 1828 1554 1906 ἧς
1592 1834 1696 1902 ἐγώ

1805 1841 1894 1879 ras
1919 1825 2056 1878 clam
2109 1825 2458 1895 accepimus;
2489 1839 2588 1895 per
2623 1840 2762 1894 quas
2817 1825 2928 1886 illa,
2954 1824 3150 1892 quovis
3175 1823 3390 1894 jureju-

151 1937 201 1972 τι
227 1917 313 1972 καὶ
347 1895 801 1987 ούμδς-ἁδελφδς
848 1921 1106 1991 Μανουὴλ
1157 1923 1356 1986 πολλὰς
1403 1895 1696 1996 ἐδεξάμεθα

1803 1913 1972 1968 rando
2003 1915 2348 1984 interposito,
2381 1915 2758 1986 possessiones
2821 1915 2981 1968 nobis
3014 1913 3388 1983 pecuniarias-

151 2008 302 2078 λάθρα
333 2007 450 2076 μεθ’
479 2007 666 2077 ὅρκων
708 2012 978 2064 παντοίων
1012 2012 1252 2082 γραφὰς,
1284 2015 1417 2083 ἡμῖν
1461 2033 1522 2068 τε
1573 2033 1706 2088 κτη-

153 2098 316 2167 μάτων
347 2097 484 2168 ὁμοῦ
521 2099 620 2152 καὶ⁵
665 2101 966 2171 χρημάτων
1016 2105 1315 2173 προσόδους
1369 2107 1705 2175 ἐπαγγελλο-

1801 2020 1912 2073 que
1963 2005 2196 2066 reditus.
2257 2005 2582 2075 parentibus
2633 2019 2764 2058 vero
2824 2002 3022 2057 vinctis
3078 2001 3388 2056 libertatem

1806 2091 2183 2165 pollicebatur.
2214 2097 2322 2152 Sed
2362 2112 2463 2151 nos
2501 2095 2728 2166 iustitia:
2788 2093 3025 2148 tribunal
3058 2092 3296 2147 revereri
3333 2098 3391 2144 et

153 2190 296 2259 μένης
326 2191 418 2242 καὶ
445 2191 569 2259 ἅμα
603 2193 716 2254 τοῖς
753 2194 1174 2262 καθειργμένοις
1205 2195 1453 2264 γονεῦσιν
1483 2197 1696 2250 ἐλεύθε-

1806 2187 1947 2242 intra
1983 2187 2189 2242 limites
2241 2177 2497 2242 immotos
2551 2187 2652 2241 lixa
2692 2194 2882 2239 tenere
2929 2184 3156 2252 vestigia
3190 2183 3391 2237 malui-

153 2296 231 2349 pov
269 2280 436 2350 ἡλιον.
482 2281 629 2335 Ἀλλ’
673 2284 835 2352 ἡμεῖς
883 2299 969 2352 γε,
1021 2285 1152 2348 τοὺς
1187 2287 1285 2356 τῆς
1322 2288 1479 2357 δίκης
1523 2291 1696 2344 σέϐειν

1804 2292 1952 2339 mus.
1978 2293 2141 2347 quam
2169 2278 2381 2333 vilioris
2411 2279 2575 2348 800
2598 2277 2958 2332 emolumenti
2994 2281 3166 2347 gratia
3195 2291 3391 2346 perpe-

152 2370 398 2434 ἐθέλοντες
433 2371 684 2440 θρόνους,
719 2375 777 2427 ἐν
801 2375 1293 2447 ἀσαλεύτοιςίέχειν
1317 2380 1462 2447 ὅροις
1485 2381 1582 2449 ἐρη
1593 2396 1696 2448 ρει-

1805 2377 1932 2424 tuos
1983 2370 2341 2425 conscientiae
2415 2369 2670 2424 stimulos
2725 2369 3039 2423 admovere.
3091 2367 3387 2423 Enimvero

152 2461 351 2531 σμένους
387 2464 516 2521 τοὺς
545 2466 713 2527 πόδας
736 2465 1038 2534 ἐκρίναμεν
1064 2467 1193 2529 δεῖν,
1223 2467 1316 2520 καὶ
1344 2467 1422 2538 μὴ
1452 2468 1539 2522 διὰ
1565 2485 1696 2536 φαυ-

1801 2461 1996 2562 salutis
2035 2479 2169 2514 mea:
2201 2477 2371 2516 causa
2402 2470 2564 2531 teque
2613 2471 2667 2514 et
2718 2471 2929 2528 patrem
2969 2468 3120 2514 tuum
3155 2463 3387 2530 prodere

149 2553 342 2624 λότερον
367 2555 577 2623 ἀγαθὸν
607 2554 692 2628 [Ρ.
717 2556 844 2629 505]
865 2558 1133 2630 διηνεκεῖς
1154 2575 1310 2621 τινας
1334 2559 1412 2630 τῷ
1437 2561 1696 2615 συνειδότι

1803 2551 1888 2620 (ιιι
1917 2550 2020 2605 ho‘c
2047 2551 2168 2607 loco
2192 2553 2384 2606 sileam
2425 2563 2482 2606 et
2510 2551 2672 2605 aliam
2702 2550 3110 2621 cognationem,
3143 2564 3266 2619 qua:
3295 2564 3389 2616 pe-

150 2645 395 2713 μάστιγας
428 2643 743 2715 προξενεῖν.
769 2646 842 2698 Τὸ
871 2647 980 2716 γὰρ
1011 2646 1100 2698 διὰ
1122 2644 1222 2717 τὴν
1255 2645 1494 2717 ἐμαυτοῦ
1523 2663 1696 2717 σωτη-

1802 2642 2103 2706 riculorum
2162 2643 2311 2698 socia
2363 2652 2421 2697 et
2483 2642 2759 2712 particeps
2805 2642 2944 2710 erat)
2982 2640 3212 2711 perinde
3249 2641 3383 2696 illud

148 2735 252 2804 ρίαν
281 2751 339 2788 σε
380 2737 527 2807 μετὰ
576 2737 672 2790 τοῦ
725 2737 821 2790 σοῦ
871 2736 1182 2808 προδιδόναι
1230 2737 1437 2808 πατρὸς
1469 2739 1566 2806 (ἐῶ
1592 2739 1696 2808 γὰρ

1800 2733 1924 2800 fuit,
1958 2750 2022 2790 ac
2076 2735 2122 2792 si
2171 2735 2278 2790 mei
2343 2751 2506 2790 causa
2555 2750 2642 2789 me
2691 2735 2868 2804 ipsum
2901 2734 3290 2804 prodidissem,
3329 2743 3387 2788 et

144 2825 228 2896 τὴν
249 2825 407 2891 ἄλλην
447 2826 690 2880 ἐνταῦθα
729 2827 910 2896 λέγειν
942 2829 1292 2898 συγγένειαν,
1328 2824 1362 2903 ᾖ
1389 2829 1498 2883 τῶν
1523 2830 1696 2884 κινδύ-

1800 2827 2084 2898 sanguinis
2132 2827 2238 2882 me‘i
2293 2825 2656 2881 conservandi
2720 2825 2906 2879 studio
2945 2839 3127 2880 meum
3173 2825 3390 2893 sangui-

145 2932 236 2968 νων
261 2916 626 2987 ξυμμετέχειν
663 2934 724 2971 τι
771 2920 866 2973 καὶ
901 2906 1317 2990 παραπολαύειν
1368 2921 1696 2991 ξυνέϐαινεν)

1800 2934 1923 2973 nem
1958 2921 2104 2973 ultro
2137 2918 2478 2972 eﬂudissem.
2513 2917 2668 2972 Adeo
2699 2919 2966 2988 ejusmodi
2997 2917 3386 2989 cogitationem

143 3006 306 3073 ὅμοιον
327 3002 416 3076 ἦν,
439 3006 637 3079 ὥσπερ
671 3009 737 3062 ἂν
769 3011 818 3062 εί
845 3009 1086 3080 ἐμαυτὸν
1114 3011 1230 3064 ἀντ’
1261 3010 1501 3080 ἐμαυτοῦ
1534 3028 1696 3082 προε-

1800 3011 2072 3080 amigmati
2131 3011 2372 3064 similem
2427 3023 2551 3064 esse
2607 3010 2943 3076 statuebam;
3001 3011 3138 3065 adeo
3179 3009 3386 3064 uullaa

142 3097 316 3161 δίδουν,
344 3101 438 3154 καὶ
464 3101 672 3172 τούμὸν
727 3100 871 3155 tum
926 3105 1194 3172 παρεῖχον
1243 3100 1384 3172 αἷμα
1416 3102 1560 3156 κατὰ
1593 3107 1696 3175 γῆς

1800 3117 1881 3155 me
1913 3103 2117 3156 solutio
2149 3102 2538 3172 reperiebatur,
2578 3117 2702 3172 quas
2737 3103 3100 3156 consiliorum
3134 3116 3384 3156 meorqu

141 3189 400 3244 κενοῦσθαι
419 3192 516 3247 διὰ
545 3193 744 3263 τούμὸν
773 3193 950 3247 εἰπεῖν
981 3189 1142 3264 αἷμα.
1177 3194 1362 3258 Οὕτως
1397 3199 1478 3259 είς
1523 3197 1696 3265 αίνίγ-

1800 3191 1984 3266 iirutas
2025 3191 2276 3246 rationes
2316 3191 2401 3244 vel
2455 3191 2745 3246 minimum
2798 3192 3176 3246 labefactaret.
3212 3191 3292 3245 At
3321 3206 3388 3246 ea

143 3295 292 3346 ματος
340 3281 504 3349 λόγον
548 3281 648 3353 τὴν
701 3281 953 3335 ἐντεῦθεν
1008 3283 1276 3354 ἀνέφερον
1329 3285 1564 3349 ἔννοιαν,
1601 3289 1693 3340 καὶ

1800 3299 1916 3351 quae
1947 3298 2043 3352 per
2088 3283 2218 3336 illud
2264 3294 2478 3353 tempus
2521 3285 2638 3340 cavi
2686 3301 2786 3356 ego
2826 3301 2894 3340 ne
2925 3285 3295 3347 admitterem,
3321 3299 3386 3338 ca

139 3369 273 3424 λύσιν
293 3373 385 3444 οὐχ
413 3372 674 3445 εὕρισκον
694 3374 974 3445 οὐδεμίαν,
999 3373 1140 3428 ὥστε
1165 3375 1291 3430 καθ’
1333 3376 1394 3430 ἐν
1422 3378 1484 3446 γέ
1512 3396 1562 3431 τι
1595 3396 1694 3432 πα·

1800 3371 1916 3441 ipsa
1950 3388 2099 3428 nunc
2144 3373 2197 3426 iu
2230 3383 2283 3428 te
2319 3384 2374 3428 ct
2416 3375 2470 3428 in
2506 3383 2675 3430 totam
2716 3376 3098 3447 cognationem
3131 3386 3277 3429 tuam
3307 3375 3388 3428 νίς

140 3464 515 3533 ραλογίσασθαι
543 3466 640 3528 τὰς
679 3468 787 3519 τῶν
830 3467 951 3520 τότε
987 3467 1266 3537 λογισμῶν
1291 3470 1590 3540 κρηπῖδας.
1624 3472 1693 3524 ’Δ

1800 3467 1900 3521 deo
1931 3483 1960 3520 a
2020 3475 2175 3535 patre
2229 3477 2323 3521 tuo
2383 3469 2623 3524 admissa
2671 3484 2794 3525 esse
2823 3487 2837 3524 :
2871 3471 2981 3522 imo
3013 3479 3070 3522 et
3101 3469 3172 3522 in.
3193 3482 3387 3520 omnes

137 3557 251 3625 γοῦν
284 3559 486 3613 οὑτωσί
521 3577 637 3624 πως
664 3559 1025 3631 ἐφυλαξάμην
1053 3561 1214 3624 αὐτὸς
1246 3563 1304 3615 ἐν
1331 3563 1410 3631 τῷ
1434 3563 1555 3616 τότε
1586 3581 1693 3617 πα-

1800 3576 2024 3630 prorsus
2057 3559 2260 3614 milites
2299 3573 2362 3614 ac
2401 3561 2586 3627 duces,
2618 3561 2712 3630 qui
2745 3575 2972 3630 magnos
3014 3561 3134 3615 illos
3166 3559 3389 3614 labores

137 3649 264 3719 ρόντι
295 3652 366 3720 μὴ
394 3651 558 3722 δρᾷν,
582 3651 677 3706 νῦν
706 3651 797 3705 τὸν
827 3652 1043 3724 πατέρα
1072 3653 1164 3707 τὸν
1197 3653 1289 3706 σὺν
1312 3656 1450 3707 κατὰ
1479 3653 1572 3708 σοῦ
1598 3655 1692 3708 καὶ

1800 3651 1910 3705 sive
1964 3650 2100 3706 foris
2152 3652 2270 3706 sive
2341 3650 2488 3704 dotui
2539 3652 2940 3730 decurrerunt;
2984 3662 3151 3722 atque
3201 3652 3253 3704 iu
3289 3667 3388 3706 eos

133 3739 217 3805 τῆς
246 3741 336 3806 σῆς
371 3734 516 3809 ὁμοῦ
578 3741 905 3809 συγγενείας
945 3741 1160 3812 ἁπάσης
1191 3743 1302 3813 δρῶ
1339 3743 1641 3814 δεδρακότα
1673 3761 1688 3776 ⁸

1800 3742 1962 3814 ipsos,
1996 3744 2090 3814 qui
2125 3743 2367 3799 carceris
2403 3758 2682 3797 aerumnas
2738 3743 3039 3812 pertulere.
3074 3742 3193 3797 Non
3231 3743 3386 3797 enim

134 3829 208 3882 ναὶ
238 3829 336 3901 μὴν
369 3835 472 3884 καὶ
516 3830 660 3885 κατὰ
709 3833 946 3899 πάντων,
1004 3834 1190 3898 ἁπλῶς
1232 3837 1432 3900 εἰπεῖν,
1473 3835 1690 3900 ὁπόσοις

1800 3839 2019 3907 simplex
2053 3836 2156 3892 iuit
2199 3852 2285 3903 ea,
2313 3850 2435 3906 quae
2480 3843 2593 3889 tum
2652 3835 2846 3891 incidit
2879 3835 3096 3890 miseris
3155 3835 3381 3890 calami-

135 3920 241 3980 τοὺς
280 3922 529 3991 μακροὺς
569 3923 812 3987 ἐκείνους
842 3924 1142 3994 τετύχηκεν
1190 3925 1390 3988 ἄθλους
1436 3926 1688 3998 δραμεῖν,

1800 3939 1896 3994 Las,
1929 3946 2108 4001 neque
2156 3932 2212 3986 in
2248 3932 2412 3988 breve
2457 3940 2674 4001 tempus
2734 3930 2986 3996 duravit;
3041 3927 3138 3983 sed
3199 3928 3385 3982 multi-

136 4011 478 4080 στρατιώταις
501 4015 596 4068 καὶ
619 4018 969 4085 στρατηγοῖς,
996 4011 1080 4079 οἷς
1105 4015 1344 4086 μὲντοὺς
1367 4017 1691 4089 ὑπερορίους

1800 4025 1912 4094 plex
1956 4032 2014 4078 et
2043 4023 2209 4080 varia.
2237 4033 2294 4080 et
2329 4024 2382 4078 in
2403 4023 2626 4094 longum
2672 4022 2937 4093 temporis
2964 4021 3197 4092 spatium
3226 4020 3389 4074 diﬂu-

135 4101 376 4170 ἐκείνους,
401 4101 483 4171 οἷς
506 4105 564 4159 δέ
595 4109 722 4171 τοὺς
757 4109 881 4163 κατ’
914 4104 1082 4176 οἷκον,
1102 4112 1210 4163 καὶ
1241 4107 1324 4174 οἷς
1352 4112 1449 4176 τὰς
1494 4113 1552 4166 ἐν
1599 4112 1688 4165 6e-

1800 4131 1874 4171 sa.
1897 4115 2265 4183 Quamobrem
2298 4117 2403 4172 etsi
2440 4117 2628 4188 gravia
2680 4115 2833 4170 luere
2873 4129 2936 4169 ea
2981 4113 3148 4176 mala,
3177 4113 3382 4181 quibus

135 4198 451 4264 σμωτηρίοις
492 4197 789 4262 κακώσεις.
845 4199 921 4254 Oti
969 4205 1079 4272 γὰρ
1124 4201 1333 4256 ἁπλοῦν
1384 4203 1633 4273 ὑπῆρχεν
1661 4201 1692 4256 δ

1800 4207 1894 4276 ipsi
1952 4223 2054 4262 nos
2098 4207 2244 4262 ultro
2296 4217 2413 4262 tum
2447 4209 2762 4278 injecimus,
2787 4207 3038 4277 graviora
3079 4216 3255 4260 tamen
3287 4203 3376 4259 illa

133 4287 228 4348 τοῖς
256 4289 627 4360 ταλαιπώροις
682 4291 803 4346 τότε
839 4291 1135 4366 ξυνηνέχθη
1187 4295 1396 4362 πάθος,
1439 4295 1551 4349 οὐδ’
1597 4295 1691 4349 ἐπὶ

132 4377 320 4449 βραχύν
357 4398 483 4435 τινα
511 4382 602 4436 τὸν
630 4384 840 4454 χρόνον,
871 4387 952 4440 δτι
979 4387 1054 4458 μὴ
1083 4388 1424 4442 παντοδαπὸν
1451 4388 1547 4442 καὶ
1571 4405 1691 4443 ποι-

131 4471 284 4535 κίλον,
322 4473 464 4527 κάπὶ
515 4479 745 4547 μακροῖς
792 4479 1152 4549 ἐντεταμένον
1194 4480 1290 4534 τοῦ
1338 4482 1533 4552 χρόνου
1566 4477 1690 4548 ’τοῖς

1790 4305 1943 4362 sunt,
1974 4298 2176 4366 quibus
2224 4315 2371 4354 nunc
2420 4299 2576 4354 inviti
2617 4315 2647 4352 a
2685 4306 2913 4366 parente
2957 4306 3052 4351 tuo
3085 4304 3141 4350 et
3168 4295 3375 4366 indigni

1790 4388 2134 4458 subjicimur.
2184 4388 2320 4443 Nam
2374 4390 2469 4459 qui
2519 4389 2678 4442 beata
2711 4403 2808 4457 pro
2839 4387 3093 4440 libertate
3121 4388 3376 4441 certaba-

1795 4493 1938 4542 mus.
1983 4479 2242 4534 miseram
2285 4480 2609 4536 servitutem
2646 4477 2879 4533 diutinis
2928 4477 3039 4532 illis
3093 4475 3380 4530 laboribus

131 4562 279 4629 ὅροις.
307 4564 464 4619 Οῦτω
499 4567 711 4636 χαλεπὰ
760 4570 880 4640 μὲν,
911 4566 995 4636 οἷς
1044 4572 1331 4637 ἐθελοντὰς
1366 4576 1530 4645 ἡμεῖς
1558 4576 1688 4628 ἐαυο

1800 4571 2169 4640 cursibusque
2247 4571 2630 4642 imprudentes
2699 4567 3160 4641 permutavimus.
3231 4566 3380 4631 Quos

133 4657 244 4720 τοὺς
300 4660 628 4729 καθήκαμεν
676 4661 876 4716 πάθεσι
923 4666 1084 4717 τότε⁶
1147 4666 1503 4735 χαλεπώτερα
1533 4666 1579 4720 δ’
1611 4661 1692 4730 οἷς

135 4747 340 4813 ἄκοντες
376 4750 470 4804 νῦν
500 4751 637 4822 πρὸς
659 4752 752 4805 τοῦ
786 4753 881 4807 σοῦ
908 4756 1120 4827 πατρὸς
1151 4757 1541 4829 ὑπεϐλήθημεν
1563 4759 1695 4812 ἀνα-

137 4839 248 4903 ξίως
281 4843 455 4912 ἡμῶν,
512 4843 683 4915 ⁹Υπὲρ
719 4846 829 4917 γὰρ
855 4848 1182 4918 ἐλευθερίας
1216 4851 1534 4920 εὐδαίμονος
1569 4852 1695 4922 τρέ-

134 4948 306 4999 χοντες
332 4934 579 4989 δουλείαν
620 4937 885 5007 ἐλάθομεν
918 4939 1288 5010 ἀλλαξάμενοι
1319 4943 1691 5006 κακοδαίμονα

133 5025 232 5076 τῶν
257 5028 482 5099 μακρῶν
505 5028 730 5082 ἐκείνων
792 5031 973 5085 πόνων
1025 5033 1123 5086 καὶ
1173 5034 1411 5103 δρόμων.
1443 5034 1551 5099 Οὓς
1586 5038 1693 5105 γὰρ

134 5115 199 5177 ὡς
233 5117 552 5184 ἐπιϐούλους
597 5120 858 5192 σφοδροὺς
913 5123 1015 5191 τῆς
1062 5127 1336 5196 ἡμετέρας
1387 5126 1694 5196 ἐφεύγομεν

134 5205 528 5277 ζωῆς,τούτους
556 5213 825 5277 δεσπότας
853 5215 998 5286 μάλα
1021 5233 1102 5269 τοι
1135 5217 1370 5286 ἄσμενος
1393 5219 1524 5287 ἡμῖν
1545 5221 1571 5270 ὁ
1601 5220 1693 5282 σὺς

134 5291 587 5368 ἐκεχειροτονήκει
624 5301 806 5373 πατήρ
833 5318 848 5331 ·
877 5302 1066 5373 ὥσπερ
1094 5303 1160 5358 ἂν
1191 5307 1240 5357 εί
1273 5307 1524 5375 ἐπίτηδες
1551 5306 1695 5362 οὕτω

135 5387 251 5448 τοὺς
279 5387 502 5452 πολλοὺς
539 5392 700 5459 ἡμεῖς
735 5393 1083 5462 ὑπεμένομεν
1123 5396 1342 5464 πόνους,
1379 5398 1466 5450 ἴνα
1495 5398 1564 5451 τὰ
1584 5399 1694 5453 τῶν

134 5475 416 5534 διωκόντων
445 5482 572 5553 ξίφη
603 5485 799 5539 θᾶττον
829 5485 861 5557 ἢ
890 5488 1030 5540 κατὰ
1053 5489 1152 5556 τὴν
1176 5491 1403 5543 ἐκείνων
1433 5489 1690 5560 βούλησιν

135 5573 233 5633 τ’,ἶς
258 5574 541 5645 ἡμετέροις
569 5576 786 5646 λαιμοῖς
814 5580 1270 5651 προσαράξωμεν,
1301 5585 1396 5638 καὶ
1423 5584 1509 5638 ῐνα
1541 5586 1690 5652 παρὰ

135 5662 368 5716 τοιοῦτον
403 5668 710 5737 πικρότερα
761 5668 871 5720 τῶν
910 5669 1170 5739 διωγμῶν
1199 5673 1268 5726 τὰ
1299 5674 1408 5726 τῶν
1439 5675 1690 5745 ἀμοιὸῶν

137 5758 535 5826 καρπωσώμεθα
557 5757 712 5827 τέλη,
742 5761 979 5831 παρόσον
1007 5763 1128 5816 τότε
1152 5763 1250 5831 μὲν
1272 5765 1482 5828 ἐλπίδες
1515 5766 1692 5818 εὐδαί-

139 5861 280 5912 μνλες
309 5850 459 5919 ἡμῶν
495 5851 556 5904 τὺ
587 5852 851 5924 ἡδόμενον
903 5853 1130 5910 ἔϐοσκον
1159 5873 1171 5887 ·
1207 5855 1302 5912 νῦν
1351 5857 1405 5913 δὲ
1453 5859 1544 5914 καὶ
1591 5860 1688 5925 τὰς

153 6095 161 6126 ι

1796 4679 1994 4734 nempe
2053 4677 2113 4720 ut
2176 4665 2372 4719 salutis
2428 4675 2628 4718 nostrte
2687 4661 3038 4716 insidiatores
3083 4661 3381 4714 acerrimos

1795 4756 2132 4818 vitabamus.
2183 4772 2281 4810 eos
2312 4754 2472 4808 nobis
2504 4768 2702 4824 parens
2734 4762 2860 4806 tuus
2911 4750 3162 4804 dominos
3191 4747 3382 4802 volens

1795 4861 1850 4904 et
1883 4851 2062 4906 libens
2120 4851 2515 4904 destinaverat.
2558 4845 2724 4910 Quasi
2755 4845 2885 4898 vero
2927 4859 3028 4898 nos
3065 4850 3143 4896 tot
3166 4840 3384 4895 labores

1794 4943 2046 4996 consulto
2097 4942 2536 5014 pertulissemps,
2566 4945 2626 4990 ut
2675 4950 2891 4999 eorum,
2920 4933 3016 5004 qui
3063 4949 3163 4988 nos
3191 4944 3382 5003 perse-

1795 5035 2128 5103 quebantur.
2164 5034 2372 5104 gladios
2415 5031 2623 5103 jugulis
2653 5031 2856 5084 nostris
2906 5025 3072 5082 citius
3103 5040 3268 5096 quam
3302 5024 3381 5079 illi

1796 5125 2001 5178 vellent
2052 5125 2213 5197 θοι
2257 5124 2702 5184 admoveremus,
2755 5128 2921 5189 atque
2956 5128 3016 5172 ut
3047 5131 3168 5172 eam
3207 5115 3384 5186 perci-

1797 5234 2054 5289 percmus
2078 5219 2299 5272 demum
2329 5216 2660 5278 mercedem,
2686 5213 2814 5283 qua!
2853 5212 2986 5282 ipsis
3016 5210 3153 5280 fugae
3183 5224 3384 5262 aerum-

1802 5311 1889 5364 nis
1924 5325 1991 5363 eo
2021 5305 2176 5363 esset
2223 5307 2499 5372 acerbior,
2525 5306 2670 5376 quod
2724 5305 2831 5360 illis
2862 5301 3082 5374 quidem
3118 5300 3383 5368 tempori-

1799 5400 1903 5456 bus
1951 5400 2228 5470 prmclara:
2280 5415 2405 5469 spes
2455 5399 2808 5468 cupiditatem
2847 5406 3088 5450 nostram
3122 5392 3378 5455 alebant;

1799 5509 1946 5547 nunc
1982 5509 2116 5547 vero
2148 5494 2322 5564 ipsam
2355 5509 2576 5562 quoque
2611 5491 2724 5560 Spei
2771 5487 3154 5545 suavissimam
3188 5499 3378 5538 auram

1797 5597 1923 5640 tuus
1973 5585 2134 5641 nobis
2184 5596 2340 5655 pater
2389 5596 2578 5655 aperte
2628 5583 2855 5652 ειίριιὶι.
2904 5578 3191 5636 Neminem
3227 5577 3378 5632 enim

1793 5688 1928 5749 puto
1957 5693 2097 5743 esse,
2127 5679 2219 5747 qui
2270 5678 2588 5750 pignoribus
2619 5676 2792 5730 {inuis
2825 5686 3020 5729 cavere
3059 5669 3219 5724 nobis
3254 5686 3384 5740 pos-

1797 5773 1888 5834 sit,
1931 5786 2044 5825 non
2089 5779 2404 5825 curaturam
2452 5786 2574 5825 esse
2619 5772 2829 5822 Annam
2859 5764 3286 5834 imperati-iectu,
3321 5773 3380 5817 ut

1795 5879 1988 5920 omnes
2041 5863 2146 5919 cita
2208 5874 2383 5920 morte
2439 5863 2622 5918 statim
2675 5862 2989 5931 puniamur,
3024 5856 3116 5926 qui
3163 5856 3372 5925 parenti

2094 6064 2124 6087 \
