3920 6638
455 423 602 500 ιτοπ
879 427 955 502 [ι.
995 445 1044 484 ο.
1091 427 1249 500 ιδιη

1465 433 1908 496 BYZl‘NTIN/E
1948 431 2329 495 1113mm
2366 436 2505 498 Lm.
2543 436 2697 499 XVI.
2809 431 2945 506 tum.
2985 421 3365 496 Lamiam.
3407 437 3456 512 Il
3567 437 3708 509 1053

451 551 627 610 δοκεῖ,
655 548 747 603 καὶ
776 550 899 612 τοὺς
927 549 1022 620 τῆς
1052 548 1221 619 τύχης
1247 547 1411 611 πόδας
1461 548 1693 604 ἕκαστον
1749 551 1836 603 ἐπ’
1859 552 2038 621 ἀσφα-

2145 565 2292 615 rere,
2322 561 2379 605 et
2431 553 2667 626 fortunae
2699 552 2928 622 vestigia
2959 552 3138 607 stabili
3179 552 3532 608 fundamento
3561 557 3718 624 quis-

451 641 585 705 λοῦς
617 641 845 713 ἐρείδειν
865 660 880 674 ο
909 643 1021 705 τοῖς
1049 641 1105 694 δὲ
1140 641 1308 712 μηδὲν
1336 641 1636 713 κεκτῆσθαι
1663 642 1880 713 βέϐαιον
1913 644 2036 714 μηδ’

451 733 719 802 ἀσφαλές.
747 734 984 804 Βραχεῖα
1023 734 1131 806 γάρ
1188 750 1272 796 τις
1326 721 1760 803 ὧραλπολλάκις
1813 739 1908 788 καὶ
1941 735 2040 805 μία

457 825 602 894 ῥοπὴ
623 823 990 894 διαστήματος
1013 824 1262 894 χρονικοῠ
1298 823 1622 894 μεταϐάλλει
1658 824 1793 894 πρὸς
1821 826 2041 879 τούναν-

453 915 576 967 τίον
609 914 776 980 ἅπαν,
803 916 895 968 καὶ⁵
918 916 1098 983 ῥίπτει
1122 915 1292 970 πολλὰ
1323 900 1432 969 τῶν
1466 916 1686 972 ἑστάναι
1741 916 2041 970 δοκούντων

455 1007 540 1067 είς
567 1005 759 1074 ἔδαφος
779 1020 793 1034 ⁸
820 1005 914 1059 καὶ
946 1005 1012 1059 αὖ
1043 1006 1205 1078 ,πρὸς
1257 1008 1606 1079 ὑπερήφανον
1663 1007 1829 1061 ἐνίοτε
1872 1007 2041 1079 τύχην

454 1099 652 1166 ἀνάγει
679 1099 749 1152 τὰ
770 1101 974 1170 ἀφανῆ.
1008 1099 1207 1169 Θαῦμα
1235 1099 1313 1165 δὲ,
1346 1099 1464 1165 πῶς
1495 1100 1695 1172 ἀμιγὲς
1737 1101 1887 1154 οὐδὲν
1930 1100 2040 1153 οὐδ’

455 1189 748 1256 αὐτοτελὲς
804 1191 924 1258 τῶν,
991 1191 1247 1248 ἁπάντων
1307 1193 1622 1264 εὑρίσκεται
1693 1193 2040 1248 παντάπασιν

453 1281 692 1354 οὐδαμῆ,
745 1281 926 1338 οὖθ’ἆ
981 1283 1089 1337 τῶν
1141 1283 1378 1352 ἀγαθῶν,
1437 1283 1608 1337 οὗθ’ἂ
1661 1283 1770 1336 τῶν
1818 1284 2040 1354 φαύλων

454 1370 601 1428 εἷναι
626 1373 938 1444 νομίζουσιν
969 1375 1246 1445 ἄνθρωποι
1269 1391 1284 1407 ⁸
1319 1375 1453 1430 ἀλλὰ
1485 1377 1553 1430 τὰ
1578 1375 1823 1445 ἀλλήλων
1860 1375 2038 1446 διηνε-

454 1465 573 1530 κῶς
596 1466 828 1537 πολέμια
864 1467 956 1520 καὶ
982 1469 1264 1538 μαχόμενα
1286 1468 1581 1541 σύντροφόν
1609 1487 1727 1533 πως
1778 1469 1889 1539 ἔχει
1942 1470 2040 1539 τὴν

457 1556 720 1628 βλάστην,
745 1559 837 1611 καὶ
865 1559 994 1627 μίαν
1017 1559 1189 1630 δήπου
1214 1561 1337 1614 τινὰ
1358 1560 1456 1632 τὴν
1483 1563 1564 1625 είς
1613 1560 1729 1630 φῶς
1783 1578 2042 1632 προενεγ-

456 1652 664 1708 κοῦσαν
716 1657 931 1727 μητέρα
965 1657 1442 1729 προΐσχεταιοκαὶ
1495 1659 1563 1712 τὰ
1623 1659 1720 1729 τὴν
1775 1657 2039 1712 ἄσπονδον

457 1743 664 1815 εχθραν
713 1746 848 1816 πρὸς
912 1747 1120 1816 ἄλληλα
1177 1752 1489 1822 κεκτημένα
1555 1748 1708 1816 ξένας
1766 1751 1921 1814 τινὰς
1983 1752 2041 1803 ὲν

399 1834 404 1836 ’
454 1834 744 1905 ἀνθρώπου
797 1837 910 1892 θύει
964 1840 1120 1910 ψυχῇ
1163 1840 1261 1906 τὰς
1315 1843 1577 1906 σπονδάς·
1605 1845 1700 1896 καὶ
1753 1841 1877 1895 οὔτε
1925 1842 2039 1912 βίον

453 1927 663 1980 ἄλυπον
679 1927 806 1982 ὄντα
829 1930 957 2001 παρ’
977 1932 1156 1986 οὐδενὶ
1177 1933 1285 1986 τῶν
1299 1933 1554 1986 ἁπάντων
1573 1933 2035 2006 ὁρῶμεν,[Ρ.508Ι

453 2015 584 2068 οὗτε
611 2016 787 2088 λύπην
805 2019 1152 2075 παντάπασιν
1174 2022 1388 2093 ἀτερπῆ
1409 2038 1423 2054 ·
1452 2023 1567 2077 ἀλλ’
1593 2019 1732 2078 εῖναι
1755 2025 2036 2094 συμϐαίνει

454 2109 557 2161 καὶ
607 2107 786 2180 λύπην
838 2111 1022 2165 αίτίαν
1072 2113 1273 2183 χαρᾶς,
1307 2115 1401 2167 καὶ
1454 2110 1522 2171 αὖ
1592 2117 1804 2185 μητέρα
1863 2113 2036 2183 λύπης

454 2199 654 2269 χαράν.
690 2200 875 2254 Ταῦτα
908 2203 1006 2271 μὲν
1034 2197 1176 2256 εἶναι
1210 2206 1439 2274 συμφυᾶ
1488 2223 1624 2269 πως,
1657 2208 1752 2258 καὶ
1786 2206 2034 2274 ἐγκατῳ-

454 2288 808 2360 κοδομημένα
864 2293 979 2356 τοῖς
1039 2293 1383 2364 πράγμασιν,
1451 2295 1484 2366 ἡ
1541 2296 1708 2367 πεῖρα
1769 2295 2039 2366 ξυγχωρεῖ

457 2383 701 2434 συνιέναι
732 2385 851 2446 ταῖς
913 2385 1308 2454 συνετωτέραις
1366 2385 1596 2456 ψυχαῖς·
1632 2387 1694 2440 τὸ
1717 2387 1772 2441 δὲ
1829 2389 2034 2458 μεγέθη

455 2473 557 2527 καὶ
608 2477 980 2546 σμικρότητας
1030 2479 1242 2538 τούτοις
1298 2478 1518 2549 διδόναι,
1584 2479 1742 2533 τοῦτο
1768 2479 1813 2533 δ’
1884 2475 2033 2551 οἶμαι

456 2565 728 2637 δήπουθεν
751 2568 826 2630 ib;
857 2568 926 2621 τὰ
978 2569 1149 2623 πολλὰ
1210 2571 1317 2624 τῶν
1378 2571 1465 2638 ἐφ’
1498 2573 1628 2642 ήμῖν
1656 2571 1925 2644 ὑπάρχειν
1953 2573 2031 2626 ἓν.

461 2657 564 2718 Ὃς
589 2659 698 2728 γὰρ
721 2659 978 2729 μεγάλοις
1007 2662 1218 2730 ἐφίεται
1248 2665 1592 2734 πραγμάτων
1648 2663 1836 2718 ὕδασιν
1874 2668 2036 2734 ἐγκυ-

460 2749 689 2821 ϐιστᾷν,
713 2752 924 2823 ἀνάγκη
946 2752 1116 2824 τούτῳ
1147 2756 1240 2808 καὶ
1273 2755 1541 2824 μεγάλους
1569 2755 1895 2826 ὑφίστασθαι
1927 2757 2034 2810 τῶν

459 2843 726 2897 κινδύνων
753 2845 876 2908 τοὺς
933 2845 1239 2911 κλύδωναςο
1259 2841 1304 2916 ᾧ
1332 2848 1390 2902 δὲ
1447 2848 1802 2920 βραχυτέροις
1839 2850 2035 2902 ὲνδιαιυ

459 2933 661 2987 τίσθαι
690 2933 966 3004 νομίζεται
991 2935 1271 3006 ἀποχρῶν,
1293 2937 1470 3010 τούτῳ
1507 2937 1565 2991 δὲ
1593 2941 1686 2992 καὶ
1741 2938 2034 3009 μετριωτέ-

464 3041 591 3095 ραις
621 3025 918 3096 κεχρῆσθαι
942 3029 1060 3092 ταῖς
1093 3029 1292 3091 λύπαις
1327 3033 1422 3081 τοῦ
1477 3028 1594 3099 βίου
1649 3028 1845 3098 χρεών.
1877 3030 2035 3081 Βασι-

460 3115 584 3168 λεία
605 3117 782 3170 τοίνυν
808 3117 867 3170 ὲν
891 3119 1005 3181 τοῖς
1023 3118 1116 3170 τοῦ
1152 3117 1268 3189 βίου
1291 3117 1580 3188 πράγμασι
1610 3120 1865 3189 μέγιστον
1894 3115 2033 3171 εἶναι

2143 657 2250 712 que
2283 642 2448 713 ﬁgere
2473 643 2755 705 videatur,
2789 645 2911 699 aliis
2963 645 3102 700 nihil
3138 646 3281 701 ﬁrmi
3330 646 3556 712 habere,
3581 645 3718 701 nihil

2144 734 2304 788 certi.
2336 733 2520 802 Fuga:
2563 735 2708 789 enim
2747 735 2882 790 hora
2934 752 3079 806 sepe
3121 746 3177 792 et
3212 750 3546 792 momentum
3584 749 3722 794 tem-

2143 827 2294 895 poris
2318 827 2508 889 multa,
2538 842 2660 896 quae
2692 837 2838 882 stare
2885 827 3230 893 videbantur,
3259 829 3484 883 omnino
3508 831 3559 883 iu
3587 845 3721 884 con-

2144 916 2385 980 trarium
2429 925 2655 972 vertunt
2707 928 2762 972 et
2800 919 2864 970 ad
2909 927 3109 972 terram
3133 918 3378 989 afﬂigunt
3407 936 3422 972 :
3454 930 3618 989 atque
3648 921 3718 974 ad

2143 1022 2418 1061 summum
2467 1007 2703 1062 fortunae
2751 1002 3102 1078 splendorem
3133 1010 3362 1066 obscura
3383 1009 3721 1080 quandoque

2141 1099 2401 1154 evehunt.
2447 1099 2640 1153 Mirum
2682 1115 2834 1165 vero,
2881 1103 3158 1170 quomodo
3185 1102 3323 1156 nihil
3351 1119 3580 1172 usquam
3606 1103 3723 1157 sin-

2141 1206 2351 1255 cerum,
2402 1193 2535 1248 nihil
2585 1193 2653 1248 ab
2699 1195 2848 1248 omni
2877 1204 3034 1265 parte
3076 1195 3377 1266 perfectum
3411 1196 3724 1252 inveniatur

2141 1297 2329 1337 eorum
2359 1286 2627 1350 omnium,
2649 1301 2770 1355 qua:
2795 1302 2894 1341 seu
2921 1287 3064 1341 bona
3089 1302 3187 1342 seu
3221 1288 3363 1342 mala
3391 1305 3511 1344 esse
3543 1288 3724 1343 homi-

2142 1391 2241 1430 nes
2287 1377 2668 1433 arbitrantur:
2712 1379 2810 1434 sed
2856 1394 2970 1442 res.
3023 1379 3125 1454 sibi
3180 1379 3418 1435 invicem
3452 1389 3719 1436 aeternum

2145 1468 2380 1524 inimica:
2425 1479 2481 1525 et
2524 1480 2853 1540 pugnantes,
2886 1473 3036 1526 velut
3087 1472 3251 1542 807
3299 1471 3633 1536 coalescant,
3664 1478 3733 1528 et

2145 1561 2315 1614 unius
2350 1561 2508 1630 quasi
2559 1562 2752 1616 matris
2801 1561 2926 1617 sinu
2966 1561 3146 1618 editas
3175 1577 3236 1616 se
3265 1562 3320 1616 in
3351 1562 3530 1616 lucem
3563 1561 3728 1631 proﬁ-

2143 1660 2400 1705 teantur:
2439 1661 2497 1706 et
2537 1667 2624 1717 ea,
2675 1667 2796 1723 quae
2838 1651 3027 1708 odium
3072 1653 3416 1722 implacabile
3459 1653 3605 1708 inter
3661 1667 3726 1708 se

2140 1754 2423 1810 exercent,
2463 1745 2723 1800 inusitata
2778 1747 3026 1816 quaedam
3080 1746 3290 1802 fmdera
3341 1747 3394 1801 in
3433 1746 3722 1801 hominum

2142 1836 2340 1890 animis
2371 1835 2610 1903 feriant;
2642 1852 2706 1892 ac
2735 1853 2915 1908 neque
2954 1839 3122 1892 vitam
3158 1838 3392 1894 tristitiae
3425 1839 3724 1894 immunem

2141 1925 2394 1996 cuiquam
2423 1928 2740 1999 contingere
2759 1928 3068 1994 videamus,
3095 1946 3198 1985 nec
3223 1930 3497 1986 tristitiam
3515 1930 3726 2002 jucunu

2139 2015 2329 2071 ditatis
2357 2033 2585 2086 prorsus
2627 2029 2948 2090 eXpertem;
2993 2022 3090 2078 sed
3125 2037 3247 2078 esse
3276 2024 3449 2078 soleat
3493 2031 3550 2078 et
3579 2021 3724 2078 laeti-

2140 2107 2228 2163 tia:
2262 2109 2419 2180 origo
2448 2110 2691 2177 tristitia,
2725 2123 2782 2179 et
2814 2129 3008 2169 rursus
3045 2109 3283 2170 tristitia:
3309 2125 3483 2171 mater
3510 2116 3720 2171 laetitia.

2137 2197 2206 2252 Et
2265 2198 2380 2253 haec
2418 2200 2644 2270 quidem
2704 2218 2828 2258 esse
2880 2204 3048 2260 rebus
3098 2205 3259 2260 insita
3313 2207 3723 2276 quodammodo

2136 2296 2304 2357 atque
2353 2289 2519 2344 inﬁxa
2560 2291 3021 2363 intelligentiores
3064 2294 3267 2367 quique
3309 2299 3511 2362 sciunt,
3555 2312 3723 2366 expe-

2141 2381 2336 2435 rientia
2366 2396 2563 2452 nempe
2597 2382 2806 2438 edocti.
2840 2386 2911 2440 At
2943 2395 3002 2440 ut
3028 2386 3118 2441 illa
3149 2389 3263 2458 ipsa
3298 2388 3382 2442 vel
3418 2397 3725 2458 augeantur

2137 2469 2222 2522 vel
2278 2472 2623 2537 minuantur,
2663 2473 2717 2528 id
2762 2489 2863 2543 ego
2907 2478 3162 2533 existimo
3189 2495 3358 2548 penes
3389 2493 3487 2535 nos
3511 2496 3633 2535 esse
3664 2487 3726 2534 ut

2137 2562 2460 2632 plurimum.
2523 2565 2628 2631 Qui
2683 2568 2831 2622 enim
2867 2584 2926 2623 se
2985 2569 3040 2622 in
3091 2585 3319 2640 magnas
3368 2572 3716 2640 negotiorum

2139 2655 2314 2707 undas
2346 2654 2547 2724 gestiat
2587 2657 2935 2728 immergere,
3001 2673 3127 2712 eum
3177 2674 3402 2714 necesse
3466 2669 3552 2714 est
3603 2675 3724 2713 ma-

2135 2759 2272 2815 gnos
2360 2746 2551 2801 subire
2631 2746 3004 2818 periculorum
3084 2749 3284 2805 ﬁuctus
3343 2767 3359 2810 :
3415 2750 3505 2805 cui
3590 2765 3723 2804 vero

2137 2837 2446 2893 minoribus
2513 2840 2784 2894 interesse
2850 2841 2985 2896 satis
3050 2840 3256 2905 luerit,
3319 2856 3445 2894 eum
3509 2847 3725 2910 oportet

2135 2928 2602 2984 moderatioribus
2653 2929 2793 2985 allici
2841 2931 2966 2984 vitae
3011 2930 3305 2985 molestiis.
3352 2929 3518 3001 Regia
3569 2943 3722 2986 certe

2135 3016 2373 3086 dignitas
2405 3018 2460 3069 iu
2493 3017 2597 3070 hac
2629 3018 2739 3072 vita
2771 3019 3068 3071 maximum
3095 3035 3216 3073 esse
3247 3019 3480 3072 fortuna:
3514 3019 3721 3073 donqu

2137 3109 2512 3172 existimatur,
2555 3119 2611 3162 et
2648 3124 2922 3174 summus,
2950 3113 2995 3165 sl
3049 3110 3132 3162 fas
3190 3109 3395 3172 dicere,
3436 3110 3721 3165 felicitatis

461 3209 654 3280 χρῆμα
685 3210 963 3281 νομίζεται
991 3210 1164 3282 τύχης
1190 3211 1304 3272 καὶ,
1339 3210 1406 3265 ἵν’
1440 3211 1607 3276 είπω,
1631 3211 1692 3264 τὸ
1744 3211 2034 3282 κράτιστον

2145 3201 2416 3255 cumulus.
2492 3199 2697 3255 Contra
2756 3200 2950 3269 paucis
3012 3199 3194 3253 obolis
3257 3200 3443 3253 metiri
3505 3203 3718 3269 copiam

461 3304 567 3373 τῆς
597 3303 944 3373 εὐδαιμονίας
973 3303 1126 3372 ὕψος.
1159 3302 1233 3357 Τὸ
1281 3303 1340 3356 δὲ
1390 3305 1606 3374 μικροῖς
1652 3319 1795 3355 τισιν
1832 3303 2038 3366 ὀϐολοῖς

466 3395 746 3466 ὁρίζεσθαι
766 3414 841 3466 τῳ
886 3395 982 3449 τοῦ
1030 3396 1146 3466 βίου
1195 3396 1296 3467 τὴν
1335 3397 1596 3465 εὐπορίαν
1633 3396 1728 3448 καὶ
1777 3395 2037 3466 τριϐωνο-

471 3491 679 3559 φορεῖν,
709 3491 800 3542 καὶ
855 3489 1039 3544 ίκανὺν
1066 3483 1205 3542 εἶναι
1233 3489 1262 3541 ὃ
1319 3491 1386 3560 τῇ
1438 3489 1596 3559 φύσει
1635 3488 1695 3540 τὸ
1745 3486 2038 3555 ἀναγκαῖον

459 3581 636 3652 μόνον
665 3578 969 3650 χαρίζεται,
1000 3579 1163 3634 τοῦτο
1191 3579 1246 3634 δὲ
1279 3581 1612 3651 κακόδαιμον
1642 3581 1910 3650 φαίνεται,
1947 3581 2040 3633 καὶ

471 3673 679 3728 τούτων
711 3673 850 3738 ἑνὸς.
881 3667 962 3738 οἷς
987 3673 1017 3726 ὁ
1048 3672 1297 3738 πλεῖστος
1348 3672 1506 3744 ὄχλος
1546 3674 1871 3743 καταρᾶται.
1896 3666 1967 3743 ⁴ᾯ
1995 3672 2038 3723 δ’

468 3767 755 3838 ἑκατέροις
783 3770 893 3829 τοῖς
923 3767 1056 3836 βίοις
1092 3769 1149 3819 ἐν
1182 3768 1352 3838 πείρᾳ.
1412 3766 1664 3835 γενέσθαι
1714 3765 2038 3834 τετύχηκεν,

470 3859 734 3931 ἄρχεσθαι
759 3858 957 3930 μᾶλλον
986 3852 1194 3928 οὗτοςῆ
1231 3857 1532 3927 βασιλεύειν
1611 3857 1770 3910 ἕλοιτ’
1793 3855 1858 3909 ἂν
1887 3851 2040 3924 οἶμαι

474 3953 622 4022 μάλα
652 3952 966 4022 προθύμως,
985 3949 1079 4004 καὶ
1101 3952 1306 4020 πένητα
1335 3949 1540 4019 μᾶλλον
1568 3948 1778 4020 τρίϐειν
1832 3947 1969 4017 βίον,
2007 3946 2038 4014 ἢ

467 4048 528 4110 ὃς
560 4045 784 4116 μυρίαις
834 4043 1295 4112 περιστοιχίζεται
1354 4043 1534 4106 δόξαις
1569 4043 1666 4094 καὶ
1727 4041 2038 4111 χρήμασιν

471 4139 523 4191 εί
551 4138 596 4190 δ’
635 4136 752 4200 οὖν,
805 4135 1128 4204 λεγέτωτις
1177 4133 1483 4204 παρελθὼν,
1523 4134 1640 4196 πῶς
1698 4131 2043 4201 Ἀλέξανδρος

473 4233 684 4293 ἐκεῖνος
716 4231 744 4282 ὁ
776 4229 968 4299 μέγας,
1001 4230 1029 4281 ὁ
1086 4226 1278 4297 μέχρις
1320 4224 1494 4280 Ἰνδῶν
1515 4229 1583 4278 τὰ
1624 4224 1725 4294 τῆς
1771 4223 2042 4294 Εὐρώπης

472 4321 794 4385 διαϐιϐάσας
823 4321 981 4386 ὅπλα,
1021 4320 1112 4373 τὸν
1157 4318 1349 4388 εὐτελῆ
1395 4319 1490 4372 τοῦ
1536 4318 1823 4385 Διογένους
1884 4316 2042 4368 πίθον

478 4416 573 4468 καὶ
636 4415 734 4484 τὴν
782 4414 1144 4484 διερῤωγυῖαν
1203 4409 1550 4481 ἀμπέχεσθαι
1604 4407 1806 4478 μᾶλλον
1843 4407 2045 4475 ἐσθῆτα

477 4509 664 4562 ποθεῖν
697 4505 1046 4577 ώμολόγει,ἤ
1085 4504 1184 4576 τὴν
1234 4503 1334 4574 τῆς
1393 4504 1523 4573 ὅλης
1552 4501 1777 4599 Δ’βσίας
1833 4516 1892 4599 τε
1933 4499 2043 4599 *καὶ
2078 4545 2122 4599 D

481 4602 750 4671 Εὐρώπης
772 4601 914 4671 ἔχειν
957 4598 1155 4669 ἀρχὴν,
1186 4599 1280 4650 καὶ
1325 4595 1415 4648 τὸν
1464 4591 1806 4646 Βαϐυλώνιον
1839 4593 2044 4644 ἐκεῖνον

482 4692 909 4764 περιϐεϐλῆσθαι
978 4689 1244 4743 πλοῦτον*
1310 4687 1433 4740 ὅθεν
1485 4685 1582 4738 καὶ
1640 4685 1699 4738 τὸ
1751 4683 1885 4736 πολὺ
1950 4681 2052 4750 τῆς

483 4785 762 4858 ῥᾳστώνης
788 4784 944 4855 χεθὲν
977 4781 1186 4852 Δαρείῳ
1214 4781 1310 4833 καὶ
1339 4778 1572 4848 Πέρσαις
1594 4777 1702 4830 ὖνει
1713 4793 1806 4847 ρον
1851 4774 2052 4842 ἔδειξεν

480 4874 622 4931 εἶναι
707 4875 892 4946 σαφῶς
971 4875 1071 4938 τὰς
1153 4872 1415 4934 δοκούσας
1494 4870 1816 4940 εὐδαίμονας
1887 4868 2053 4946 τύχας

480 4968 575 5022 τοῦ
645 4967 783 5038 βίου.
824 4965 992 5020 Οὐδὲν
1040 4965 1148 5034 γὰρ
1213 4959 1356 5016 οὔτω
1415 4962 1611 5030 μεστὸν
1669 4959 1903 5027 ὑποψίας
1960 4956 2056 5010 καὶ

485 5059 783 5122 ἀπιστίας,
847 5054 921 5119 ὼς
971 5052 1212 5124 βασιλεία
1279 5052 1374 5105 καὶ
1447 5050 1843 5103 δυναστεύουσα
1906 5048 2050 5117 χείρ.

489 5145 562 5222 ᾯ
619 5149 718 5218 μὲν
798 5149 904 5218 γὰρ
973 5142 1352 5218 βασιλεύεσθαί
1404 5159 1522 5205 πως
1578 5140 1896 5210 τετύχηκεν,
1959 5140 2054 5192 ἕνα

491 5235 825 5314 μόνον-οὗτος
857 5239 1016 5300 δέδιε,
1045 5236 1135 5290 τὸν
1188 5235 1444 5306 βασιλέαο
1501 5233 1669 5303 φαίην
1711 5231 1757 5284 δ’
1809 5230 1905 5297 ἂν,
1945 5229 2054 5281 οὐδ’

485 5337 670 5399 αὑτὸν,
697 5334 746 5385 εί
769 5333 833 5386 τὰ
857 5331 1040 5385 δίκαια
1063 5328 1372 5397 φυλάττειν,
1391 5327 1536 5389 ὅστις
1563 5324 1678 5377 ποτ’
1694 5316 1759 5376 a'v
1779 5318 1837 5396 ᾗ,
1859 5322 2052 5382 ἐθέλει,

487 5429 581 5482 καὶ
616 5429 715 5498 τὴν
743 5425 1014 5498 λαχοῦσαν
1049 5423 1244 5493 μοῖραν
1289 5422 1536 5491 στέργειν
1583 5418 1676 5470 τοῦ
1711 5417 1850 5487 βίου.
1877 5409 1948 5486 ⁷ῼ
1995 5414 2054 5466 δὲ

491 5521 796 5594 βασιλεύειν
826 5520 1060 5586 ἔξεστιν,
1087 5511 1238 5573 οὗτος
1262 5515 1400 5585 μετὰ
1421 5513 1529 5566 τῶν
1559 5511 1816 5580 ἐμφανῶν
1847 5508 2056 5578 ἐχθρῶν

490 5615 711 5677 πλείους
735 5612 961 5683 ἔχεικαὶ
1001 5611 1122 5672 τοὺς
1153 5608 1334 5680 κρύφα
1369 5605 1467 5668 τὰς
1520 5604 1738 5666 πλείους
1785 5601 2024 5653 συσκευά

489 5683 684 5774 ζοντας
731 5706 840 5759 τῶν
874 5702 1192 5755 ἐπιϐουλῶν.
1245 5699 1358 5751 Ούκ
1397 5696 1611 5768 ὀκνήσω
1641 5695 1686 5747 δ’
1747 5695 1942 5749 εἰπεῖν.
1980 5697 2055 5753 (uc;

492 5800 587 5855 καὶ
614 5798 808 5859 αὐτοὺς
838 5795 928 5848 ἀεὶ
958 5793 1150 5856 δέδιεν,
1177 5790 1362 5842 ὁπόσοι
1406 5788 1662 5855 φυλάκων
1692 5787 1872 5855 ἔχουσι
1902 5783 2054 5846 τάξω

2143 3306 2362 3345 omnem
2411 3292 2488 3346 rei
2535 3291 2838 3355 familiaris,
2891 3300 2947 3344 et
2995 3301 3149 3345 veste
3191 3289 3270 3344 uti
3311 3290 3459 3351 trita,
3496 3300 3552 3343 et
3585 3290 3722 3343 satis

2145 3381 2350 3436 habere
2416 3381 2470 3434 id
2532 3380 2682 3450 quod
2747 3389 2964 3436 natura:
3025 3381 3173 3436 solas
3232 3395 3322 3433 res
3382 3382 3720 3433 necessarias

2143 3472 2480 3542 suppeditat,
2545 3473 2596 3525 id
2643 3481 2700 3526 et
2767 3473 3030 3526 miserum
3093 3470 3347 3530 videtur,
3403 3479 3460 3524 et
3526 3486 3719 3523 eorum

2146 3575 2336 3624 unum,
2364 3575 2485 3629 qua:
2501 3559 2645 3628 vulgi
2672 3558 2902 3612 maxima
2923 3573 3048 3627 pars
3063 3557 3430 3612 detestantur.
3457 3556 3559 3623 Qui
3591 3557 3734 3608 vero‘

2145 3662 2434 3721 utramque
2484 3653 2618 3706 vitae~
2641 3652 3014 3706 conditionem
3047 3660 3310 3719 expertus
3342 3658 3448 3712 est,
3475 3648 3522 3702 is
3549 3648 3721 3701 multo

2142 3745 2406 3800 libentius
2448 3745 2637 3813 pareat
2685 3759 2850 3814 quam
2902 3742 3156 3812 imperet,
3203 3749 3260 3796 et
3296 3742 3464 3794 vitam
3503 3739 3729 3793 trahere

2144 3839 2364 3908 inope‘m
2396 3836 2567 3902 malit,
2602 3852 2765 3908 quam
2800 3850 2922 3907 qua:
2955 3834 3202 3890 inﬁnitis
3247 3832 3551 3886 honoribus
3606 3831 3731 3899 opi-

2143 3932 2357 4000 busque
2411 3934 2610 4002 stipata
2670 3931 2762 3984 sit.
2816 3929 2912 3985 Siu
2973 3931 3178 3994 minus,
3229 3924 3468 3998 prodeat
3521 3922 3733 3991 aliquis

2145 4024 2450 4093 doceatque
2504 4037 2624 4086 nos,
2655 4022 2933 4091 quomodo
2981 4019 3291 4074 Alexander
3345 4016 3436 4070 ille
3472 4013 3724 4085 Magnus,

2145 4117 2302 4186 cujus
2354 4115 2616 4185 auspiciis
2680 4131 2832 4167 arma
2887 4114 3119 4183 Europae
3171 4112 3339 4182 808
3394 4110 3460 4165 ad
3515 4109 3726 4162 Indiam

2145 4223 2318 4277 usque
2341 4215 2724 4276 penetrarunt,
2757 4207 2862 4260 vile
2917 4206 3172 4276 Diogenis
3207 4206 3414 4258 dolium
3445 4202 3728 4266 habitare,

2145 4305 2201 4350 et
2230 4297 2476 4366 ejusdem
2527 4294 2706 4348 lacera
2753 4303 2906 4348 veste
2962 4293 3138 4356 indui,
3166 4292 3411 4362 optatius
3461 4291 3567 4344 sibi
3599 4303 3734 4344 esse-

2146 4389 2433 4443 coul‘essus
2462 4388 2553 4452 sit,
2590 4401 2752 4455 quam
2790 4385 2931 4438 Asia:
2979 4393 3034 4439 et
3079 4384 3313 4452 Europae
3347 4384 3517 4436 totius
3547 4382 3728 4449 impe-

2150 4485 2289 4536 rium
2346 4480 2648 4550 possidere,
2697 4487 2753 4533 et
2789 4478 3107 4548 Babyloniis
3163 4475 3378 4530 divitiis
3412 4474 3679 4530 cumulari
3707 4489 3736 4531 :.

2153 4589 2384 4643 qmirum
2436 4570 2608 4626 eﬁusa
2662 4569 3002 4624 abundantia
3057 4566 3218 4621 Dario
3244 4575 3302 4620 et
3336 4566 3515 4620 Persis
3541 4573 3732 4617 osten-

2153 4666 2254 4731 dit,
2293 4679 2502 4718 merum
2557 4679 2675 4717 esse
2727 4663 3002 4717 somnium
3058 4676 3124 4714 ea
3185 4674 3308 4728 quae
3352 4655 3736 4710 conditiOneiu.

2153 4759 2276 4812 vitae
2335 4758 2640 4811 beatiorem
2718 4756 2897 4809 facere
2969 4752 3374 4807 existimantur.
3432 4749 3737 4802 Enimvero

2153 4853 2292 4907 nihil
2343 4861 2427 4906 est
2460 4853 2532 4904 ita
2590 4848 2918 4918 suspicionis
2951 4855 3008 4900 et
3026 4844 3340 4899 difﬁdentiae
3390 4843 3632 4910 plenum,
3667 4846 3731 4888 ut

2155 4947 2495 5016 principatus
2546 4952 2600 4996 et
2628 4950 2868 5012 potestas
2923 4953 3156 4994 summa.
3202 4935 3338 4990 Nam
3367 4947 3529 5004 quem
3563 4928 3736 4983 alteri.

2155 5040 2436 5094 subditum
2485 5051 2607 5090 esse
2666 5034 2890 5087 fortuna
2935 5030 3132 5094 voluit,
3162 5028 3208 5084 is
3241 5041 3410 5081 unum
3462 5023 3734 5079 duntaxat

2155 5129 2517 5199 pertimescit,
2568 5127 2954 5192 imperatorem
3009 5120 3302 5185 videlicet;
3335 5119 3427 5173 sed
3469 5131 3538 5171 ne
3579 5115 3732 5168 hunc

2157 5221 2382 5291 quidem
2421 5219 2620 5286 (ausim
2655 5215 2948 5280 dicere),si
2973 5213 3123 5283 jura,
3153 5213 3466 5281 quicunque
3505 5208 3734 5261 tandem

2156 5315 2248 5368 ille
2284 5314 2376 5377 sit,
2410 5311 2540 5365 velit
2589 5324 2830 5373 servare,
2856 5316 2912 5360 et
2968 5322 3032 5360 ea
3063 5320 3184 5376 quas
3221 5305 3448 5372 contigit
3476 5301 3581 5355 sibi
3612 5299 3735 5351 for.-

2161 5417 2288 5459 tuua
2339 5412 2634 5459 contentus
2667 5401 2833 5454 vivat.
2864 5399 2934 5455 At
2976 5399 3065 5453 cui
3097 5398 3371 5466 imperare
3404 5394 3590 5447 datum
3616 5400 3728 5452 est,

2160 5501 2205 5553 is
2236 5510 2433 5568 printer
2484 5503 2703 5564 apertos
2763 5492 2972 5553 hostes,
3014 5489 3331 5558 complures
3370 5487 3512 5540 alios
3535 5484 3724 5547 habet,

2158 5596 2250 5664 qui
2315 5591 2514 5645 multas
2568 5590 2627 5643 ei-
2676 5587 2985 5641 clanculum
3047 5583 3284 5638 insidias
3326 5585 3562 5633 struant.
3610 5575 3726 5631 Nec
3820 5640 3822 5642 _

2159 5685 2390 5741 verebor
2429 5683 2560 5738 illud
2604 5682 2893 5743 aﬁirmare,
2921 5678 3102 5734 timeri
3132 5677 3199 5731 ab
3227 5690 3294 5730 eo
3319 5685 3536 5741 semper
3558 5669 3723 5723 etiam

2160 5781 2307 5850 ipsos
2339 5782 2663 5848 stipatores;
2703 5777 2774 5829 ita
2813 5781 2873 5826 ut
2901 5774 2950 5828 ei
2992 5776 3258 5841 perpetuo
3287 5761 3727 5820 coutremiscen-

491 5888 662 5960 αὐτῷ,
689 5887 786 5942 καὶ
823 5880 1317 5957 περίεστιτρέμειν
1348 5879 1460 5946 ἀεὶ,
1495 5878 1588 5931 καί
1618 5877 1964 5942 Ταντάλειον,
1996 5891 2022 5925 τ

2151 5894 2202 5932 λιι
2229 5884 2286 5930 ct
2338 5872 2628 5936 Tantalea,
2659 5880 2719 5924 ut
2769 5868 2955 5934 aiunt,
2988 5874 3099 5920 ιιι
3146 5860 3361 5932 agenla
3406 5861 3500 5914 sit.
3561 5853 3691 5914 Haec

3121 6098 3150 6115 \
