3920 6640
367 462 506 528 ιοῖς)
648 457 724 532 [Α.
765 472 820 514 ιι.
853 454 1014 522 6855,
1057 471 1164 510 mu.
1206 450 1298 526 15]

1561 449 1978 516 NICEPIlORl
2015 447 2060 508 ϐ
2075 444 2398 508 ιὶοΕῦΟῐὶιΕ

2649 439 2783 509 [ηερ.
2823 453 2864 492 r.
2907 448 3201 490 cuncta.
3244 441 3296 503 ιι
3411 416 3572 506 ,ibtiil
3609 463 3612 466 θ

360 587 625 657 cogitans,
655 584 730 638 mi
766 583 860 647 fili,
893 582 1174 638 benevola:
1222 579 1411 634 matris
1443 576 1687 634 consiliis
1721 585 1928 646 pareto,

2043 571 2098 642 δὴ
2131 569 2448 638 λεγόμενον,
2481 565 2696 636 βίσκειν
2740 561 2875 633 βίον.
2900 560 3067 616 Ταῐτ⁹
3113 559 3328 626 ἐνκοῶν,
3358 558 3583 628 φίλτατε,

363 687 422 732 et
476 677 706 731 aliorum
763 673 1050 730 sententiae
1103 687 1236 727 cave
1276 687 1343 726 ne
1398 667 1816 738 acce;las,qui,
1861 666 1928 721 ad

367 771 639 842 propriam
675 767 963 822 utilitatem
1012 767 1196 821 omnia
1236 765 1556 828 referentes,
1585 773 1637 815 te
1665 762 1784 830 ipso
1813 773 1932 815 tan-

364 877 527 932 quam
583 861 732 915 larva
791 859 1022 930 quadam
1085 867 1333 915 utuntur.
1366 854 1565 924 quoad,
1594 854 1683 907 ubi
1715 867 1778 905 ex
1807 869 1931 905 scn-

367 955 534 1008 tentia
564 953 664 1007 sibi
693 951 1042 1014 successerit,
1073 951 1172 1020 ipsi
1205 949 1398 1004 deinde
1427 949 1520 1002 tibi
1559 962 1653 1016 per
1683 946 1928 999 fraudein

361 1048 588 1100 ethinm
621 1046 854 1099 aderant
884 1055 1254 1113 repentnnm;
1281 1058 1381 1096 nec
1420 1045 1497 1094 sic.
1532 1043 1644 1096 fere
1678 1040 1931 1093 consulas

363 1137 530 1191 rebus
589 1140 814 1200 nostris,
842 1146 900 1190 ut
952 1137 985 1187 ii
1041 1137 1134 1203 qui
1171 1151 1270 1188 nos
1306 1143 1576 1200 persecuti
1609 1143 1757 1185 sunt.
1796 1131 1928 1186 Nam

364 1237 551 1282 coorta
609 1225 776 1280 semel
833 1215 1171 1294 tempestate.
1221 1224 1355 1278 niliil
1404 1224 1626 1294 omnino
1659 1222 1801 1274 inlcr
1835 1238 1933 1274 nos

367 1317 598 1385 illosque
655 1327 809 1376 erat.
868 1316 1011 1384 quod
1083 1317 1136 1368 in
1215 1313 1566 1368 concordiam
1623 1313 1928 1367 reduceret.

366 1408 658 1479 Sanguinis
689 1419 870 1462 autem
908 1409 1209 1467 vinculum,
1243 1424 1351 1476 quo
1412 1423 1512 1460 nos
1545 1416 1723 1460 tecum
1747 1407 1930 1477 jungi-

341 1501 514 1566 'mur,
553 1502 688 1578 nihil
729 1510 815 1556 est
851 1500 994 1570 quod
1046 1499 1328 1555 dissolvat.
1371 1498 1485 1566 Qua
1544 1499 1690 1552 enim
1748 1514 1932 1567 qmeso

365 1590 532 1662 809
563 1583 774 1656 ratione
801 1589 1114 1659 persuaderi
1146 1589 1317 1660 possit
1343 1589 1588 1657 cognatis
1613 1589 1930 1656 visceribus,

369 1692 427 1735 ut
462 1698 519 1736 se
551 1665 782 1736 invicem
816 1681 1150 1746 dilacerent;
1203 1695 1435 1749 quorum
1483 1694 1732 1733 arcanam
1779 1693 1931 1732 coni-

367 1773 676 1841 pactionem
732 1761 1108 1837 solus'novu,
1157 1771 1251 1842 qui
1289 1787 1352 1825 ea
1410 1772 1550 1826 inter
1599 1788 1656 1825 se
1707 1771 1932 1840 irruptis

365 1861 693 1932 quibusdam
733 1872 786 1916 et
823 1863 1184 1917 adamantin‘ls
1219 1863 1453 1916 vinculis
1483 1862 1798 1932 Colligavit?
1825 1864 1933 1917 Aut

367 1954 500 2024 quid
545 1954 718 2009 nobis
745 1954 1060 2024 parentibus
1088 1955 1196 2008 tuis
1221 1953 1324 2012 sub
1359 1955 1474 2008 sole
1507 1965 1562 2008 et
1587 1956 1728 2009 etelo
1767 1970 1934 2008 suave

367 2061 490 2101 esse
520 2046 692 2114 possit
715 2047 948 2100 absente
981 2045 1078 2100 te?
1115 2038 1434 2116 Atque‘litec
1469 2045 1702 2100 maxime
1727 2061 1815 2100 res
1833 2057 1936 2110 est,

370 2149 492 2202 quae
539 2150 625 2188 me
671 2150 817 2188 nunc
869 2143 961 2188 tuo
991 2149 1115 2188 cum
1168 2144 1317 2204 patre
1348 2135 1522 2188 vivam
1555 2135 1620 2188 ad
1668 2137 1936 2190 tumulum

367 2221 560 2294 adigit,
611 2223 756 2294 quod
809 2223 1063 2290 istarum,
1091 2241 1227 2292 quas
1276 2225 1460 2280 animo
1493 2225 1701 2290 aluisti,
1732 2227 1938 2294 cogita-

373 2318 580 2371 tionum
604 2334 705 2373 nos
732 2317 833 2386 ipsi
863 2333 1026 2373 causa
1057 2317 1343 2374 fuerimus.
1375 2319 1582 2390 Ecquid
1605 2335 1772 2388 porro
1791 2320 1937 2375 aliud

370 2408 692 2477 parentibus
725 2415 906 2464 morte
938 2408 1087 2463 omni
1121 2410 1372 2465 acerbius
1398 2423 1520 2464 esse
1559 2409 1750 2479 possit,
1803 2425 1940 2479 pra:-

370 2505 455 2551 ter
489 2499 701 2551 ruinam
737 2498 1058 2564 liberorum,
1083 2509 1140 2554 et
1168 2515 1356 2554 eorum
1386 2500 1606 2569 quidem
1636 2502 1936 2566 bonorum;

369 2602 604 2656 quorum
646 2589 730 2642 vel
781 2588 894 2642 sola
939 2592 1248 2645 recordatio
1277 2589 1442 2645 efﬁcit
1482 2599 1542 2644 ut
1585 2591 1620 2644 ii
1653 2591 1854 2653 vivant.
1885 2601 1940 2648 et

369 2693 561 2732 eorum
624 2678 822 2734 anima:
864 2681 1260 2735 viridissimum
1319 2681 1506 2736 ﬂorem
1559 2681 1938 2752 largitur?Tn

369 2784 502 2823 vero
543 2768 839 2846 paulisper,
878 2771 924 2828 si
963 2774 1066 2840 vis,
1121 2786 1402 2844 exspecta,
1433 2776 1610 2844 quoad
1645 2787 1799 2846 pater
1827 2776 1942 2847 ipse

371 2859 472 2915 sis.
504 2861 642 2916 Tum
696 2873 952 2934 expertus
991 2865 1162 2936 probe
1190 2867 1350 2932 scies,
1393 2882 1650 2936 quamam
1682 2869 1786 2922 sub
1818 2869 1942 2924 imis

372 2953 680 3010 visceribus
701 2955 971 3010 ﬂammam
1003 2957 1109 3012 alat
1131 2967 1420 3028 parentum
1445 2959 1497 3012 in
1530 2959 1731 3012 liberos
1765 2975 1939 3015 amor.

372 3043 507 3100 Mihi
557 3056 704 3100 certe
752 3049 915 3103 verba
968 3065 1114 3104 nunc
1145 3051 1379 3114 desunt,
1415 3051 1618 3119 quibus
1652 3050 1704 3104 id
1735 3052 1939 3121 possim

374 3137 471 3192 tibi
507 3139 726 3207 penitus
761 3141 1110 3207 persuadere,
1134 3152 1424 3211 antequam
1462 3142 1578 3214 ipse
1603 3160 1790 3200 eorum
1818 3161 1941 3214 qua:

2035 662 2220 714 πείθου
2259 658 2461 730 μητρὸς
2517 653 2808 724 εὐνοούσης
2846 653 3086 724 βουλαῖς,
3125 652 3218 705 καὶ
3249 654 3324 720 μὴ
3355 653 3588 719 γνώμαις

2033 754 2234 824 ἐτέρων
2259 749 2636 820 συμφέρεσθαι
2665 748 2832 810 δίδου,
2864 747 2914 799 οἳ
2951 747 3086 816 πρὶς
3131 745 3192 797 ἓν
3227 745 3290 814 δὴ
3351 745 3506 812 μόνον
3533 747 3589 798 τὸ

2031 846 2230 896 οἰκεῖον
2255 841 2586 902 σκοποῦντες
2613 841 2858 893 συνοῖσον
2877 837 3208 912 προσωπείῳ
3239 838 3348 888 τινὶ
3375 837 3590 905 κέχρην-

2031 935 2120 986 ταί
2153 951 2255 998 σοι,
2279 934 2472 1006 μέχρις
2499 932 2564 986 ἂν
2592 933 2651 984 tr.
2665 931 2988 1000 βουλόμενόν
3002 946 3152 995 σφισι
3175 927 3589 996 κατωρθωκότες

2032 1027 2238 1090 αὐτοῖς,
2269 1024 2454 1077 ἔπειτα
2485 1025 2578 1077 καὶ
2611 1023 2694 1077 σοὶ
2721 1023 2818 1094 τὴν
2837 1023 2932 1075 τοῦ
2964 1021 3082 1090 βίου
3110 1021 3465 1090 σχεδιάσωσιν
3482 1021 3593 1072 ἔπι-

2033 1118 2238 1178 ϐούῖως
2262 1116 2582 1184 ἀπαλλαγήν
2604 1133 2619 1148 ο
2655 1113 2787 1186 μηδὶξ⁹
2814 1113 3170 1182 παραπλήσια
3198 1113 3457 1173 τίθειτοῖς
3479 1111 3594 1162 διώ.

2034 1227 2188 1272 κτοις
2205 1209 2361 1279 ἡμῶν
2378 1209 2446 1262 τὰ
2469 1207 2732 1277 ἡμέτερα.
2753 1206 2998 1276 Παρόσον
3015 1196 3231 1275 ιῬ.509]
3247 1205 3355 1274 γὰρ
3381 1205 3594 1256 ἐκείνων

2033 1305 2128 1356 καὶ
2151 1304 2310 1372 ἡμῶν
2346 1303 2409 1354 τδ
2442 1303 2674 1366 συνάγον
2710 1301 2790 1361 είς
2818 1299 3070 1367 ὁμόνοιαν
3099 1293 3168 1368 ἦν
3201 1298 3312 1372 τῶν
3349 1297 3594 1350 ἁπάντων

2037 1396 2174 1464 μετὰ
2203 1395 2299 1465 τὴν
2335 1393 2501 1464 ζάλην
2522 1393 2671 1446 οὐδὲν
2707 1392 2935 1462 μεταξὺ,
2962 1391 3114 1460 παρὰ
3164 1391 3416 1443 τοσοῦτον
3449 1391 3596 1460 ἡμῶν

2032 1505 2089 1540 τε
2121 1489 2212 1540 καὶ
2253 1487 2346 1540 σοῦ
2370 1491 2430 1539 τὸ
2463 1485 2561 1554 τὴν
2586 1485 2680 1536 τοῦ
2710 1485 2940 1552 αἵματος
2993 1484 3185 1536 ἕνωσιν
3231 1483 3453 1538 διῖστών
3495 1484 3598 1536 τῶν

2035 1580 2291 1634 ἁπάντων
2327 1580 2471 1632 εστιν
2501 1580 2652 1632 οὐδὲν
2673 1577 2902 1648 μεταξύ.
2930 1576 2996 1630 Τί
3019 1575 3125 1647 γὰρ
3147 1575 3214 1630 ἂν
3238 1575 3325 1646 εῑη
3345 1576 3401 1629 τὸ
3422 1578 3597 1630 πεῖσαι

2032 1672 2336 1740 δυνάμενον
2367 1672 2652 1742 σπλάγχνα
2689 1670 2904 1737 φύσεως
2931 1668 3023 1722 ὑπ’
3055 1667 3304 1738 ἀλλήλων
3333 1685 3396 1720 τε
3423 1669 3516 1720 καὶ
3539 1667 3601 1721 δι’

2035 1764 2278 1833 ἀλλήλων
2321 1765 2656 1832 ῥήγνυσθαι·
2711 1757 2788 1817 ὧν
2822 1764 2919 1832 τὴν
2976 1761 3287 1832 ἀπόρρητον
3331 1759 3599 1829 σύμπηξιν
3661 1811 3666 1818 ,

2039 1855 2198 1922 μόνος
2217 1847 2358 1906 οἶδεν
2379 1855 2406 1906 ό
2433 1853 2590 1923 ξυνδή
2601 1870 2694 1916 σας
2715 1852 2931 1915 ἀλύτοις
2956 1853 3070 1905 τισὶ
3101 1849 3197 1905 καὶ
3225 1851 3601 1922 ἀδαμαντίνως

2037 1945 2292 2016 δεσμοῖςς
2333 1945 2404 1998 Ἦ
2435 1944 2486 1996 τί
2528 1944 2636 1996 τῶν
2670 1941 2759 2013 ὑφ’
2790 1945 2924 2015 ἡλίῳ
2975 1943 3071 1996 καὶ
3103 1943 3224 2014 ἀέρι
3259 1943 3477 1996 πάντων
3507 1943 3600 2013 ἡδὺ

2038 2035 2323 2106 γένοιτ’ἂν
2351 2039 2462 2100 τοῖς
2497 2037 2748 2104 γονεῦσιν
2806 2037 2960 2106 ἡμῖν,
3025 2034 3120 2088 σοῦ
3175 2036 3250 2106 μὴ
3308 2037 3602 2106 παρηὸντοςς

2039 2132 2114 2193 ὡς
2143 2129 2238 2182 νῦν
2269 2147 2332 2198 γε
2353 2129 2498 2183 τοῦτ’
2529 2130 2676 2182 ἔστιν
2699 2127 2727 2182 ὃ
2761 2145 2829 2199 με
2863 2128 3101 2198 μάλιστα
3121 2127 3302 2192 ζῶσαν
3331 2128 3471 2197 μετὰ
3517 2126 3602 2180 τοῦ

2043 2221 2136 2275 σοῦ
2171 2222 2398 2290 κατάγει
2423 2220 2624 2290 πατρὸς
2659 2219 2740 2283 είς
2793 2219 3074 2290 πυθμένας
3108 2218 3256 2290 ᾇδου,
3285 2220 3371 2272 ὅτι
3429 2217 3492 2271 σύ
3545 2235 3604 2286 γε

2040 2317 2073 2384 ἡ
2081 2314 2200 2384 μῶν
2221 2315 2386 2366 ἕνεκα
2419 2313 2696 2376 τοιούτους
2726 2311 2959 2382 ἔθρεψας
2976 2314 3034 2365 ὲν
3055 2310 3602 2380 σεαυτῷιλογισμούς.

2041 2409 2107 2462 Τί
2137 2405 2182 2462 δ’
2205 2407 2332 2463 ἄλλο
2355 2407 2464 2460 τῶν
2490 2405 2710 2459 πάντων
2733 2405 2820 2474 εῐη
2879 2403 3109 2457 θανάτου
3162 2403 3365 2466 παντὸς
3401 2401 3606 2471 γονεῦσι

2043 2499 2384 2568 πικρότερον,
2445 2497 2478 2568 ἢ
2538 2496 2746 2550 τέκνων
2809 2495 3183 2566 καταστροφὴ,
3255 2495 3357 2548 καὶ
3411 2495 3607 2572 τέκνων
3687 2521 3697 2527 ε

2040 2591 2268 2660 ἀγαθῶν
2290 2605 2306 2620 ⁶
2339 2585 2412 2644 ὧν
2447 2591 2480 2662 ή
2511 2591 2696 2660 μνήμη
2721 2589 2815 2640 καὶ
2868 2588 3006 2658 μόνη
3051 2586 3260 2650 τούτοις
3292 2587 3608 2658 δημιουργεῖ

2041 2683 2210 2753 πνοὴν
2237 2682 2411 2738 καὶτὸ
2467 2681 2682 2735 θάλλειν
2706 2683 2770 2733 ἐκ
2834 2679 3153 2750 περιουσίας
3206 2679 3492 2751 χαρίζεται
3544 2680 3605 2750 τῇ

2041 2775 2559 2846 ψυχῇςἋνὰμεινον
2587 2772 2718 2838 δ’,εί
2743 2770 2940 2841 βούλει,
2970 2770 3185 2840 μικρὸν,
3211 2769 3406 2840 μέχρις
3435 2771 3499 2823 ἂν
3522 2770 3608 2822 καὶ

2042 2868 2203 2927 αὐτὸς
2227 2867 2432 2920 τέκνων
2463 2865 2598 2936 γένῃ
2622 2866 2804 2936 πατήρ
2825 2879 2839 2893 ·
2872 2863 2968 2916 καὶ
2996 2863 3120 2915 τότε
3167 2861 3256 2915 διὰ
3293 2864 3394 2929 τῆς
3425 2861 3609 2933 πείρας

2043 2947 2408 3028 είσῃίκαλῶς,
2444 2957 2647 3026 ὁπόσην
2673 2955 2723 3008 οἱ
2785 2953 3038 3015 τεκόντες
3092 2951 3188 3005 τοῦ
3251 2953 3479 3022 φίλτρου
3517 2955 3608 3020 τὴν

2045 3049 2218 3118 φλόγα
2247 3047 2534 3117 βόσκουσιν
2586 3047 2643 3097 ὲν
2693 3044 3050 3113 μέσοις-τοῖς
3102 3041 3433 3112 σπλάγχνοις
3481 3042 3610 3111 ὑπὲρ

2043 3141 2152 3195 τῶν
2203 3141 2428 3194 τέκνων.
2486 3135 2600 3191 Νῦν
2653 3139 2762 3206 γὰρ
2807 3137 2906 3190 οὐκ
2955 3135 3084 3206 ἔχω,
3137 3137 3246 3189 τίσι
3294 3139 3607 3206 χρησαμένη

371 3226 495 3282 dici)
521 3229 909 3297 experientiam
941 3243 1132 3286 nactus
1156 3233 1249 3285 sis.
1277 3233 1346 3285 At
1375 3241 1428 3286 tu
1463 3238 1651 3288 matris
1675 3235 1940 3306 lacrymas

2043 3227 2226 3300 λόγοις
2250 3229 2462 3284 πείθειν
2493 3231 2556 3284 ἄν
2593 3245 2652 3281 σε
2677 3227 2944 3299 δυναίμην
2991 3229 3208 3295 τελέως,
3243 3233 3376 3302 πρὶν
3401 3235 3478 3296 εἰς
3521 3232 3610 3303 τὴν

372 3337 442 3376 ne
504 3323 757 3392 despice;
819 3341 921 3382 nec
979 3335 1030 3380 te
1091 3327 1251 3395 bujus
1309 3328 1451 3397 longi
1502 3328 1712 3382 iiincris
1762 3331 1940 3400 capiat

373 3413 600 3479 oblivio,
637 3409 780 3484 quod
832 3432 931 3486 ego
979 3419 1052 3470 tui
1091 3435 1251 3472 causa
1285 3419 1448 3474 citiu's
1493 3423 1687 3490 quc-vis
1717 3421 1940 3478 1:02;;le

373 3507 633 3574 expedito
663 3508 932 3562 coniicere
963 3521 1019 3563 et
1047 3511 1356 3564 accelerare
1406 3512 1589 3567 studui
1616 3529 1632 3580 ;
1695 3530 1762 3567 ne.
1797 3515 1944 3569 scili-

361 3603 462 3680 ⁶(ια-ι
496 3609 547 3652 te
599 3599 776 3668 ipsum
809 3601 970 3656 caacis
1003 3601 1263 3671 periculis
1311 3604 1556 3658 irretires
1578 3643 1592 3670 ,
1644 3615 1699 3659 et
1733 3606 1939 3661 fumum

375 3687 590 3759 fugiens
621 3691 679 3744 in
726 3690 909 3762 ignem
965 3691 1234 3747 incideres
1261 3733 1274 3751 .
1311 3695 1654 3764 periculique
1693 3697 1941 3751 umbram

304 3805 308 3809 ·
377 3796 602 3848 cavens,
633 3799 753 3852 qua:
785 3785 837 3836 in
871 3783 1082 3838 incerto
1128 3783 1298 3838 futuri
1335 3795 1482 3839 metu
1529 3796 1856 3854 verteretur,
1889 3789 1942 3843 in

375 3872 611 3943 abrupta
637 3881 688 3928 te
715 3873 1016 3944 prrecipitia
1056 3874 1232 3942 palam
1269 3885 1434 3945 atque
1473 3875 1615 3932 ultro
1647 3876 1894 3932 mitteres
1925 3893 1940 3942 ;

377 3963 688 4035 cujusmodi
715 3964 918 4018 malum
953 3965 1113 4035 longe
1141 3965 1359 4034 gravius
1391 3976 1477 4020 est
1503 3981 1667 4035 quam
1689 3981 1812 4036 quae
1847 3983 1948 4022 no-

379 4055 619 4111 lentibus
659 4056 952 4120 accidunt,
1005 4051 1188 4125 q'ualia
1230 4072 1350 4120 nos,
1399 4068 1460 4112 ut
1511 4057 1638 4120 scis,
1674 4075 1770 4130 per
1811 4061 1942 4116 illud

377 4147 713 4216 εοχέιηιὶυιιι
737 4147 915 4200 vexati
977 4146 1334 4216 pertulimus;
1399 4163 1468 4201 ne
1514 4149 1754 4220 denique
1785 4152 1944 4222 ejus,

376 4253 543 4306 quam
579 4247 689 4292 tum
721 4237 908 4309 effugi,
945 4237 1136 4294 mortis
1169 4249 1348 4294 tecum
1398 4240 1676 4312 particeps
1723 4253 1948 4313 prepter

378 4330 546 4402 810
569 4339 621 4385 te
648 4329 1052 4401 quodammodo
1095 4330 1300 4387 fierem.
1353 4331 1495 4388 Sane
1533 4335 1734 4404 quibus
1761 4338 1950 4392 nolen-

380 4420 528 4475 tibus
557 4419 838 4476 calamitas
867 4422 1188 4492 supervenit
1213 4463 1228 4488 ,
1267 4439 1362 4480 eos
1392 4434 1574 4480 manet
1604 4429 1763 4484 venia
1793 4445 1948 4500 quae~

377 4511 532 4576 dam,
561 4511 902 4567 miserationi
932 4515 1246 4583 conjuncta.
1297 4515 1512 4581 Quibus
1565 4529 1748 4574 autem
1783 4529 1949 4574 teme-

377 4601 540 4654 ritate
573 4614 671 4654 sua
708 4599 909 4654 accidit
937 4639 954 4664 ,
1011 4611 1072 4656 ut
1119 4602 1386 4656 malorum
1444 4605 1624 4660 fontes
1663 4607 1769 4661 sibi
1812 4608 1946 4678 ipsis

378 4690 650 4756 fodereut,
688 4691 756 4745 iis
801 4692 1074 4762 indignari
1121 4707 1188 4748 eo
1220 4684 1390 4764 magis
1417 4710 1631 4764 aequum
1663 4710 1768 4762 est,
1798 4700 1945 4770 quod

384 4799 452 4837 ne.
478 4798 576 4838 eos
618 4783 838 4854 quidem
869 4785 974 4839 sibi
1007 4786 1354 4856 relinquant,
1381 4787 1473 4857 qui
1499 4789 1624 4858 jure
1673 4801 1730 4845 et
1755 4795 1950 4847 merito

382 4877 661 4930 miserturi
694 4876 826 4930 sint.
853 4875 1007 4942 Quod
1037 4877 1082 4931 si
1123 4877 1256 4930 mihi
1284 4880 1452 4932 multa
1481 4879 1535 4932 in
1567 4883 1800 4936 medium
1828 4899 1952 4953 pro-

380 4965 524 5019 feras
553 4974 800 5020 veterum
829 4967 1080 5038 exempla
1107 5009 1122 5033 ,
1182 4985 1304 5038 quae
1347 4979 1398 5030 te
1444 4976 1511 5025 ad
1549 4973 1758 5028 similes
1789 4989 1950 5030 casus

384 5053 708 5109 metuendos
765 5057 1126 5126 compellant,
1189 5069 1356 5128 atque
1414 5060 1556 5114 inter
1617 5074 1810 5116 eastera
1848 5063 1947 5130 id,

385 5147 528 5216 quod
563 5146 631 5202 de
661 5146 854 5202 Martio
890 5145 1011 5215 illo,
1044 5139 1139 5220 qui
1174 5151 1359 5207 Roma:
1395 5153 1523 5207 olim
1563 5153 1764 5209 bellum
1803 5157 1951 5210 intu-

386 5239 469 5306 lit,
503 5248 780 5308 narratur;
827 5241 879 5294 ei
920 5257 1116 5312 nempe
1145 5247 1337 5300 matris
1361 5245 1624 5318 lacrymas
1649 5247 1704 5303 in
1739 5257 1948 5305 tantum

384 5333 562 5388 fraudi
589 5331 775 5398 fuisse,
813 5343 872 5388 ut
899 5352 927 5387 a
957 5335 1159 5404 quibus
1187 5339 1436 5392 coronari
1463 5353 1589 5394 cum
1623 5343 1906 5411 Oportebat
1931 5385 1947 5412 ,

386 5427 456 5481 ab
489 5425 558 5480 iis
597 5424 922 5492 densissima
969 5427 1210 5498 lapidum
1251 5432 1516 5500 grandine
1553 5433 1786 5490 obrutus
1815 5436 1950 5490 infe-

385 5517 647 5574 licissime
673 5517 905 5584 obit-rit;
949 5532 1234 5592 postquam
1266 5526 1332 5577 de
1364 5523 1456 5579 illo
1487 5540 1608 5580 vera
1629 5527 1906 5582 audiveris
1930 5568 1946 5592 ,

387 5611 668 5665 meliorem
689 5619 836 5666 certe
866 5613 1194 5692 sententiam
1219 5615 1591 5684 amplecteris.
1622 5617 1952 5675 Praeciderat

385 5703 490 5756 sibi
527 5703 618 5759 ille
653 5719 870 5760 omnem
919 5705 1292 5762 defensionem
1333 5725 1348 5762 :
1394 5710 1597 5765 nullam
1633 5711 1736 5766 sibi
1768 5711 1823 5767 in
1853 5727 1951 5784 po—

383 5805 592 5848 sterum
643 5811 794 5866 spem
834 5797 1006 5853 venite
1038 5798 1358 5868 reliquerat.
1391 5799 1596 5855 Aderat
1641 5799 1810 5870 igitur
1836 5804 1951 5857 sui-

386 5893 498 5941 met
529 5886 646 5956 ipse
675 5899 981 5959 accusator,
1012 5901 1067 5949 et
1113 5891 1168 5946 in
1219 5893 1336 5964 ejus
1369 5893 1702 5950 conscientia
1739 5893 1945 5950 stimuli

2041 3327 2148 3380 τῶν
2184 3326 2500 3395 λεγομένων
2548 3343 2606 3380 σε
2655 3327 2854 3398 πεῖραν
2886 3326 3134 3397 ἀφῖχθαι.
3167 3328 3259 3396 Μὴ
3293 3327 3357 3399 δὴ
3391 3327 3608 3400 παρίδῃς

2041 3419 2257 3488 δάκρυα
2292 3419 2520 3488 μητρὸς,
2555 3416 2690 3488 μηδὲ
2748 3415 2946 3487 μόχθον
2975 3419 3034 3470 ὲν
3085 3418 3222 3489 λήθῃ
3271 3419 3502 3490 ποιήσῃς
3527 3434 3608 3470 τοο

2044 3509 2243 3580 σαύτης
2273 3507 2597 3578 ὁδοιπορίας,
2629 3507 2832 3578 ὁπόσην
2868 3505 2978 3574 ἐγὼ
3016 3505 3265 3562 διανῦσαι
3313 3508 3413 3561 καὶ
3439 3523 3609 3562 συντει-

2047 3603 2170 3671 μείν
2195 3599 2444 3671 τάχιονῆ
2482 3600 2622 3652 κατὰ
2648 3599 2828 3652 πάντα
2863 3599 3100 3663 εὔζωνον
3135 3598 3306 3670 ἄνδρα
3357 3598 3610 3670 προτεθύ-

2049 3689 2346 3760 μημαιδιὰ
2397 3690 2479 3755 σὲ,
2513 3689 2601 3742 ἵνα
2625 3689 2797 3759 δήπου
2857 3691 2932 3760 μὴ
2977 3690 3201 3744 σεαυτὸν
3253 3690 3609 3763 ἀτεκμάρτοις

2047 3779 2347 3852 περιϐάλῃς
2373 3779 2662 3848 κινδύνοις,
2717 3781 2814 3835 κα.)⁸
2861 3783 3066 3834 καπνὸν
3114 3781 3336 3852 φεύγων
3391 3784 3468 3846 είς
3505 3781 3607 3852 πῦρ

2047 3873 2337 3942 Epirum",
2389 3873 2485 3926 καὶ
2547 3873 2704 3926 σκιὰν
2763 3874 3164 3944 φυλαττόμενος
3226 3874 3503 3946 ὑποψίας,
3553 3876 3606 3928 ἐν

2047 3962 2227 4031 ἀδήλῳ
2259 3959 2543 4030 μέλλοντος
2573 3963 2741 4030 φόϐου
2765 3963 3206 4034 καλινδουμένην,
3234 3949 3316 4028 είς
3343 3965 3607 4035 κρημνοὺς

2047 4052 2353 4118 ἀποτόμους
2385 4052 2696 4122 περιφανῶς
2751 4053 3064 4125 συνωθήσῃς
3119 4056 3314 4108 σαυτὸν
3359 4053 3606 4126 summi.”

2045 4143 2140 4196 τοῦ
2204 4145 2460 4198 ἀκουσίου
2516 4145 2725 4209 πάθους
2785 4149 2904 4202 ἐστὶ
2963 4148 3162 4219 μακρῷ
3213 4149 3602 4220 χαλεπώτερον,

2047 4238 2232 4289 ὁποῖον
2255 4239 2351 4290 καὶ
2373 4239 2506 4308 ἡμῖν
2538 4240 2630 4290 τὸν
2649 4237 2839 4308 ὲξαέτη
2868 4241 3057 4310 χρόνον
3086 4241 3366 4308 ἐξεγένετο
3391 4242 3604 4314 πάσχειν

2049 4329 2255 4380 ἐκεῖνον
2284 4329 2685 4398 ἐλαυνομένοις,
2718 4323 2876 4398 ὡς’γε
2935 4325 3128 4402 οἶσθα)
3153 4333 3246 4385 καὶ
3264 4332 3326 4386 ὃν
3367 4331 3604 4402 διέφυγον

2049 4418 2168 4470 τότε
2199 4418 2450 4484 θάνατον,
2483 4421 2672 4474 τούτου
2704 4424 2800 4476 σὺν
2826 4424 2910 4477 σοὶ
2961 4423 3050 4478 διὰ
3103 4426 3162 4478 σέ
3225 4443 3344 4490 πως
3372 4444 3604 4497 παραπο-

2049 4509 2245 4562 λαῦσαί
2302 4528 2393 4585 μοι
2427 4515 2675 4582 γένηται.
2705 4509 2800 4577 Οἷς
2832 4517 2934 4582 μὲν
2965 4517 3076 4584 γὰρ
3131 4519 3412 4582 ἀκουσίοις
3442 4519 3602 4571 ἔπεισι

2053 4605 2121 4656 τὰ
2150 4604 2322 4668 δεινὰ,
2355 4602 2656 4674 συγγνώμη
2680 4622 2764 4669 τις
2791 4605 2980 4660 εἴωθεν
3002 4607 3172 4678 οἴκτῳ
3197 4608 3601 4680 συγκεκραμένη
3622 4635 3632 4646 -

2056 4694 2553 4760 συνεξακολουθείν.
2587 4689 2685 4759 Οἷς
2714 4697 2761 4748 δ’
2788 4695 2849 4761 ἐξ
2885 4697 3018 4760 ἰδίας
3043 4697 3302 4760 ἀϐουλίας
3334 4698 3599 4768 συμόαίνει

2052 4787 2236 4855 πηγὰς
2267 4787 2584 4856 ἀνορύττειν
2613 4787 2800 4840 κακῶν
2832 4788 3066 4854 ἑαυτοῖς,
3099 4789 3353 4843 τοσοῦτον
3386 4790 3598 4859 νεμεσᾶ-

2051 4879 2174 4932 σθαί
2205 4895 2387 4949 σφισιν
2421 4879 2588 4954 είκὸς,
2621 4881 2742 4934 ὅσον
2763 4881 2884 4934 οὐδὲ
2932 4882 3057 4944 τοὺς
3090 4881 3410 4954 ἐλεήσοντας
3452 4901 3601 4937 κατα-

2049 4945 2412 5040 λιμπάνόυσιν
2441 4945 2652 5037 ἑαυτοῖς
2685 4974 2778 5038 ξύν
2815 4992 2873 5044 γε
2903 4975 3048 5047 λόγῳ
3077 4977 3155 5046 τῷ
3200 4945 3488 5046 πρέποντι.
3543 4975 3596 5028 Ei

2053 5065 2108 5118 δέ
2143 5083 2242 5136 μοι
2275 5066 2444 5120 πολλὰ
2475 5067 2583 5121 τῶν
2610 5067 2774 5122 πάλαι
2801 5067 2934 5140 πρὸς
2969 5071 3131 5138 μέσον
3165 5068 3316 5136 ἄγεις
3365 5069 3596 5132 ὑποδειγ·

2051 5159 2262 5228 μάτων,
2287 5158 2458 5211 ὁπόσα
2483 5161 2616 5230 πρῖς
2641 5161 2768 5222 τοὺς
2788 5161 3002 5228 ὁμοίους
3035 5177 3092 5212 σε
3117 5160 3312 5230 φόϐους
3343 5161 3592 5228 ἐνάγουσι,

2051 5249 2148 5302 καὶ
2175 5248 2271 5315 ξύν
2292 5266 2355 5316 γε
2385 5253 2494 5312 τοῖς
2525 5247 2725 5311 ἄλλοις,
2755 5253 2838 5302 ὅτι
2871 5252 2964 5304 καὶ
2985 5251 3232 5323 Μάρκιον
3266 5254 3484 5315 ἐκεῖνον,
3515 5248 3593 5302 τὸν

2051 5344 2118 5414 τῇ
2153 5343 2321 5398 πάλαι
2387 5347 2842 5414 στρατηγήσαντα
2872 5343 3070 5418 Ῥώμῃ
3116 5344 3269 5407 ποτε,
3301 5346 3358 5406 ἐς
3402 5341 3591 5396 τοσόνδε

2048 5435 2118 5486 τὰ
2153 5435 2357 5504 μητρὸς
2387 5434 2586 5507 ἔσφηλε
2611 5434 2841 5504 δάκρυα,
2863 5417 3185 5506 ὡςμυρίαις
3213 5431 3306 5502 ὑφ’
3327 5427 3400 5488 ὧν
3417 5447 3590 5499 στεφα-

2051 5525 2274 5578 νοῦσθαι
2332 5527 2496 5597 ἐχρῆν
2555 5527 2903 5595 καλυφθέντα
2971 5526 3138 5581 λίθων
3198 5525 3378 5592 βολαῖς
3429 5525 3588 5577 θανείν

2050 5617 2350 5690 δυστυχῶς,
2389 5619 2526 5675 ἀλλὰ
2583 5619 2793 5690 τάληθῆ
2854 5619 2982 5691 περί
3019 5637 3083 5689 γε
3134 5619 3360 5693 τάνδρὸς
3400 5613 3584 5670 ἐκείνου

2053 5710 2242 5783 μαθὼν
2271 5711 2366 5782 τὴν
2389 5712 2595 5782 ἀμείνω
2618 5711 2797 5782 κρίσιν
2819 5713 2960 5766 ἕλοιο
2985 5712 3070 5767 ἄν.
3107 5712 3296 5782 Πάσης
3343 5711 3444 5781 γὰρ
3469 5705 3587 5760 ὲκεί-

2051 5819 2137 5866 νος
2155 5803 2480 5865 ἀποκλείσας
2505 5802 2694 5856 ἑαυτὸν
2715 5803 3032 5874 ἀπολογίας,
3059 5806 3154 5858 καὶ
3171 5805 3342 5877 θύραν
3355 5799 3583 5870 οὐδεμίαν

2055 5895 2392 5966 συγγνώμης
2422 5898 2541 5964 ταῖς
2573 5894 2856 5950 ἐπιούσαις
2913 5898 3319 5964 καταλελοιπὼς
3371 5893 3580 5954 ἐλπίσιν,
