3800 6626
198 374 303 444 Ῑοθι
533 369 601 443 [Α.
636 385 684 424 c.
728 318 887 442 154:7]
996 362 999 367 ’

1140 377 1582 442 BYZANTIN/E
1622 378 2002 442 HISTORLE
2047 380 2191 443 LIB.
2222 383 2376 445 XVI.
2453 382 2590 452 [IIP-
2631 395 2672 435 J-
2717 396 3011 438 cunmm.
3065 386 3113 457 ί]

3230 390 3367 456 106:?

190 495 323 551 αὐτὸν
342 489 501 560 ἐαυτῷ
536 490 832 560 κατήγορον
868 493 935 546 ἐκ
961 490 1054 545 τοῦ
1101 491 1367 562 σύνεγγυς
1400 490 1536 567 εἶχε,
1598 498 1671 551 κα¹

1792 496 1976 566 plures
2014 496 2405 567 infixi.penilus
2437 499 2764 582 insidebant.
2794 503 3089 573 Plerosqme
3120 520 3278 575 agros
3309 516 3365 560 et

190 586 332 639 πολλά
342 584 448 645 ταῖς
462 581 548 635 τοῦ
573 581 862 647 συνειδότος
883 581 1099 657 [ΚΞΝ]
1120 589 1343 656 σκηναῖς
1363 588 1549 653 αὐλιζὸ
1557 592 1693 658 μενά

187 679 227 729 oi
252 673 585 742 παραπέπηγε
611 672 828 742 κέντρα.
861 675 971 737 Τὰς
998 676 1106 747 γάρ
1131 668 1387 743 πλείστας
1406 680 1694 751 Ῥωμαίων

185 770 335 839 χώρας
357 765 440 817 καὶ.
466 765 641 827 πόλεις
668 763 859 818 θᾶττον
888 765 920 835 ἢ
972 766 1133 836 λόγος
1206 771 1541 842 ἀφελόμενος
1591 773 1692 836 τὰς

188 859 269 929 μὲν
292 858 388 916 τοῖς
410 852 658 916 ἐναντίοις
684 855 990 926 ἐχαρίσατο,
1014 858 1111 922 τὰς
1137 860 1182 913 δ’
1207 862 1692 932 ἐξηνδραποδίσατο

184 950 260 1002 καὶ
310 944 595 1013 κατέσκαψε
656 946 891 1017 χείρονῆ
926 949 1022 1011 τὰς
1075 950 1259 1021 Θήσας
1322 953 1688 1025 Ἀλέξανδρος,

183 1041 271 1093 Καὶ
309 1038 387 1091 διὰ
435 1036 584 1090 τοῦτο
647 1037 894 1108 Μάρκιος
941 1041 1158 1105 εὔελπις
1202 1046 1400 1116 ἥκιστα
1424 1043 1511 1119 ἦν,
1572 1048 1692 1102 οὐδὲ

182 1130 375 1200 πάροδον
421 1129 552 1191 ὅλως
602 1131 682 1191 είς
718 1131 899 1185 πίστιν
955 1129 1101 1204 εῐχον
1131 1138 1250 1199 ταῖς
1282 1136 1568 1207 Ῥωμαίων
1590 1143 1690 1210 ttu-

182 1225 282 1292 χαῖς
310 1222 357 1274 αί
400 1222 641 1290 Μαρκίου
704 1225 1019 1289 συνθέσειςο
1049 1228 1103 1280 οἴ
1140 1245 1208 1281 τε
1283 1216 1570 1301 Ῥωμαίων
1624 1232 1689 1286 αὗ

179 1313 385 1380 πολέμιοι
410 1311 728 1378 φρικώδεσιν
750 1314 931 1384 ὅρκοις
973 1318 1136 1371 αὑτὸν
1168 1321 1689 1391 προκατειληφότες,

177 1405 333 1456 ἔπειτα
367 1404 531 1470 μέγαν
554 1404 610 1469 ἐξ
630 1404 889 1469 ἀσθενοῦς
926 1410 1045 1472 ταῖς
1074 1409 1298 1473 οίκείαις
1329 1412 1693 1483 ξυμμεμαχη-

176 1500 299 1556 κότες
322 1494 599 1562 δυνάμεσιν
639 1498 1023 1569 ἐπεπράχεσαν
1046 1520 1058 1534 ·
1090 1501 1156 1564 ἃς
1206 1501 1378 1574 βραχύ
1409 1522 1462 1557 τι
1511 1523 1692 1577 παρα-

174 1587 460 1660 κρούσασθαι
491 1587 577 1641 διὰ
609 1589 679 1642 τὰ
709 1591 915 1662 μητρὸς
937 1592 1092 1657 δόξας
1121 1593 1332 1666 δάκρυσι
1367 1596 1556 1650 ἔλαθεν
1609 1597 1719 1663 εξς³

173 1681 270 1731 τοῦ.
293 1678 534 1746 ἐσχάτους
580 1678 833 1750 ὀλέθρους
872 1682 1211 1756 ὠλισθηκώς.
1243 1685 1317 1744 Σὺ
1344 1686 1389 1740 δ’
1412 1687 1535 1742 οὔτε
1560 1689 1690 1759 βλά-

171 1771 249 1839 6ην
274 1770 372 1831 τοῖς
417 1768 701 1832 Ῥωμαίων
740 1772 994 1842 οὐδεμίαν
1024 1776 1300 1847 παρέσχες
1340 1781 1685 1851 πράγμασιν,

169 1856 256 1911 οὗθ’
277 1858 442 1926 ὅρκοις
465 1857 637 1913 οὐδέσι
675 1858 899 1930 δέσμιον
927 1865 1154 1920 σεαυτὸν
1210 1869 1684 1940 προκατέστησας.

168 1949 318 2002 Ταῦτα
342 1949 441 2019 γὰρ
469 1948 678 2006 ἅπαντα
711 1949 1180 2026 προκατειληφυῖα
1216 1959 1488 2031 λαμπρῶς
1522 1963 1554 2034 ἠ
1586 1963 1688 2032 τῆς

167 2043 272 2110 ἐμῆς
302 2041 524 2107 ἀφίξεως
559 2045 922 2114 ,ἀνεχαίτισεν
963 2047 1101 2118 αὕτη
1155 2052 1391 2125 σπουδὴ’
1431 2054 1508 2119 ὡς
1547 2051 1687 2111 εἷναί

169 2149 227 2183 σοι
261 2132 408 2201 μηδὲν
450 2132 696 2199 ἐμποδὼν
740 2135 848 2190 τῶν
912 2137 1169 2193 ἁπάντων
1213 2144 1331 2205 ταῖς
1393 2147 1688 2216 μητρικαίς

168 2224 473 2291 παραινέσεσι
530 2223 835 2283 πείθεσθαι.
868 2227 1081 2283 Ἔπειθ’
1105 2232 1237 2304 ὁρᾷς
1294 2237 1390 2291 καὶ
1434 2239 1514 2300 είς
1561 2238 1685 2292 ὅσον

164 2313 240 2380 μὲν
266 2309 579 2381 βραχύτητος
628 2314 663 2384 ἡ
728 2312 1015 2386 Ῥωμαίων
1056 2320 1199 2392 ἀρχὴ
1242 2326 1562 2394 συνεστάλη.
1602 2330 1685 2394 είς

160 2405 256 2457 Em
285 2403 335 2456 δὲ
376 2404 558 2468 πενίας
582 2405 652 2459 τὰ
703 2406 990 2479 Ῥωμαίων
1040 2412 1211 2486 ἐρρύη
1240 2415 1539 2487 πράγματα
1563 2437 1577 2452 ο
1606 2420 1679 2485 ὡς

162 2495 271 2565 μηδὲ
298 2494 463 2561 λέγειν
493 2495 718 2569 θαρρεῖν
749 2500 922 2568 φειδοῖ
977 2503 1077 2573 τῆς
1130 2505 1239 2560 τῶν
1294 2509 1680 2581 ἀκουσομένων

158 2584 322 2648 αἰδοῦς.
350 2586 534 2660 Ὅμως
556 2588 613 2656 ἐξ
646 2591 768 2652 ἑνός
802 2592 866 2659 γέ
900 2608 993 2646 του
1040 2593 1265 2662 δηλώσω
1316 2616 1400 2651 σοι
1450 2604 1677 2671 τρόπου.

160 2677 302 2727 ἰσασι
329 2674 420 2744 μὲν
441 2677 542 2748 γὰρ
560 2678 669 2731 τῶν
712 2680 999 2751 Ῥωμαίων
1020 2683 1114 2737 καὶ
1137 2683 1429 2758 βαρϐάρων
1450 2692 1500 2743 οἱ
1527 2690 1679 2745 πλεῖ-

157 2783 245 2820 στοι
270 2767 350 2820 τὸν
385 2767 604 2824 πλοῦτον
629 2771 738 2841 πρὸ
764 2773 862 2841 τῆς
896 2775 1207 2844 συγχύσεως
1240 2780 1335 2832 καὶ
1372 2780 1479 2833 τῶν
1503 2782 1666 2850 διωγ-

1795 589 1956 643 urbes
1991 586 2250 644 Romanis
2283 605 2406 645 cum
2435 592 2769 659 ademisset,
2819 595 2980 665 idque
3030 610 3239 650 summa
3273 613 3365 651 ce-

1793 678 2009 757 leritate
2034 720 2050 745 ,
2079 680 2289 769 partim.
2320 680 2569 737 hostibus
2597 695 2962 749 concesserat,
2994 685 3187 757 partim
3221 688 3359 741 diri-

1795 778 2009 839 puerat,
2043 782 2099 828 et
2128 772 2305 843 pejus,
2356 789 2518 843 quam
2572 775 2788 830 Thebas
2816 777 3140 844 Alexander,
3182 788 3366 833 vasta-
3442 784 3449 793 '

1762 874 1969 916 “verat.
2030 862 2242 919 Idcirco
2281 865 2567 918 minimum
2622 877 2739 920 erat
2769 869 2958 923 Martio
3007 870 3160 925 bona:
3204 871 3362 941 spei:

1792 950 2155 1018 neque'illius
2210 952 2494 1019 pactiones
2549 955 2690 1021 apud
2744 955 3113 1011 Romanorum
3144 960 3363 1013 animos

1793 1041 1999 1094 aditum
2032 1042 2201 1097 ullum
2229 1043 2505 1099 habebant
2532 1044 2597 1098 ad
2633 1045 2789 1098 tidem
2816 1048 3226 1115 acquirendam.
3255 1049 3361 1103 lto-

1794 1147 2081 1189 manorum
2134 1151 2267 1190 vero
2326 1136 2513 1192 hostes
2570 1138 2822 1200 eumdem
2880 1139 3171 1195 horrendis
3213 1142 3364 1210 jura-

1792 1226 1992 1279 mentis
2025 1227 2261 1293 primum
2292 1228 2700 1284 obstrinxerant
2722 1270 2735 1293 ,
2771 1229 2970 1284 deinde
2996 1230 3112 1285 suis
3151 1232 3362 1287 viribus

1794 1316 2043 1385 adjutum
2092 1333 2160 1372 ex
2185 1318 2376 1373 humili
2407 1336 2659 1391 magnum
2693 1321 3010 1376 effecerant.
3044 1321 3233 1392 Itaque
3266 1324 3356 1378 illo

1790 1416 2017 1475 prepter
2073 1410 2265 1464 matris
2319 1410 2592 1482 laerymas
2640 1428 2763 1467 cum
2813 1427 2910 1468 eos
2959 1413 3359 1482 aliquantulmn

1790 1496 1950 1566 811
1984 1499 2135 1553 visus
2162 1509 2306 1555 esset
2336 1502 2589 1565 elusisse,
2648 1503 2701 1556 in
2737 1502 2927 1556 ultima
2972 1502 3113 1556 mala
3147 1503 3364 1573 impru:

1797 1587 1934 1642 dens
1979 1589 2233 1659 delapsus
2260 1600 2365 1646 est.
2396 1593 2477 1647 Tu
2510 1610 2642 1648 vero
2685 1610 2784 1648 nec
2833 1593 3148 1647 detrimenti
3204 1596 3363 1664 quid-

1790 1693 1952 1747 quam
1984 1678 2062 1734 rei
2097 1680 2354 1736 Romanaa
2377 1683 2630 1748 attulisti,
2661 1698 2760 1739 nec
2797 1694 2847 1739 te
2883 1684 3006 1739 ullis
3032 1684 3360 1754 iuramentis

1792 1770 2181 1836 praepedivisti.
2232 1772 2338 1828 ista
2372 1776 2518 1830 enim
2549 1778 2730 1831 omnia
2777 1778 2935 1845 plane
2966 1781 3264 1833 antevertit
3298 1788 3357 1833 et

1791 1855 2032 1914 inhibuit
2061 1861 2332 1919 adventus
2363 1868 2468 1919 mei
2500 1867 2792 1929 celeritas;
2831 1867 2902 1921 ita
2937 1877 2995 1921 ut
3029 1868 3162 1921 nihil
3194 1867 3357 1936 quid-

1791 1965 1952 2020 quam
2012 1953 2111 2008 tibi
2147 1954 2348 2020 obstet,
2396 1959 2692 2027 quominus
2727 1959 2921 2012 matris
2954 1958 3355 2013 exhortationi-

1790 2039 1892 2094 bus
1932 2055 2143 2110 pareas.
2191 2043 2351 2098 Vides
2410 2053 2707 2114 praeterea,
2757 2061 2918 2114 quam
2976 2046 3032 2100 in
3063 2056 3352 2116 angustum

1790 2141 2066 2188 contracta
2122 2133 2287 2205 hujus
2339 2135 2552 2206 imperii
2594 2137 2909 2206 magnitudo
2939 2177 2953 2200 ,
3013 2153 3122 2208 quo
3155 2139 3353 2209 inopia:

1786 2222 2008 2278 redacta
2052 2226 2124 2279 sit
2169 2225 2413 2281 Romana
2448 2243 2557 2281 res.
2590 2226 2793 2283 Vereor
2838 2229 3090 2298 equidem
3123 2230 3310 2286 dicere
3332 2269 3351 2294 .

1787 2324 1847 2369 ut
1875 2317 2217 2371 audientium
2252 2317 2443 2387 pudori
2476 2334 2718 2388 parcam.
2753 2319 2959 2375 Tamen
3000 2322 3053 2376 id
3111 2324 3208 2378 tibi
3241 2340 3349 2379 una

1786 2421 1843 2461 re
1876 2407 2190 2463 declarabo.
2233 2409 2451 2464 Norunt
2482 2410 2852 2465 Romanorum
2906 2423 2963 2467 et
2989 2414 3349 2470 Barbarornm

1744 2506 1749 2511 '
1782 2496 2057 2568 plerique,
2092 2510 2311 2567 quanta}
2342 2500 2504 2554 nobis
2543 2501 2872 2569 parentibus
2904 2504 3013 2557 tuis
3041 2519 3194 2573 opes.
3223 2518 3349 2561 ante

1781 2587 2161 2644 confusionem
2218 2602 2528 2660 temporum
2566 2601 2622 2646 et
2666 2592 3035 2648 calamitosum
3085 2595 3229 2649 illam
3264 2596 3350 2650 fu-

1780 2693 1925 2748 gam,
1981 2681 2032 2733 in
2079 2695 2216 2734 auro
2243 2682 2476 2745 fuerint,
2534 2682 2589 2736 in
2630 2694 2898 2752 argento,
2951 2683 3006 2737 in
3035 2687 3349 2755 gemmiset

1780 2771 2092 2842 margaritis
2125 2772 2559 2841 pretiosissimis,
2598 2773 2652 2827 in
2678 2774 2932 2845 gregibus
2964 2784 3019 2829 et
3058 2778 3347 2843 armentis,

158 2859 251 2926 μῶν
288 2859 518 2925 ἐκείνων,
556 2861 755 2925 ὁπόσος
818 2865 933 2928 τοῖς
985 2868 1095 2928 σοῖς
1152 2868 1399 2936 γονεῦσιν
1437 2872 1671 2943 ὑπῆρχεν

1780 2863 2014 2932 denique
2062 2867 2113 2918 in
2154 2866 2364 2919 intinita
2395 2865 2767 2934 quorumlibet
2796 2865 3025 2920 altilium
3056 2882 3346 2936 pecorum-

154 2951 273 3017 ἡμῖν,
295 2950 348 3003 ἒν
374 2968 427 3004 τε
462 2953 651 3024 χρυσῷ
689 2956 783 3008 καὶ
814 2955 1044 3027 ἀργύρῳ
1071 2961 1166 3013 καὶ
1198 2961 1360 3014 λίθων
1389 2965 1483 3017 καὶ
1539 2984 1671 3036 μαρ-

1778 2970 1884 3023 que
1916 2958 1987 3008 vi.
2014 2956 2226 3010 Nor-unt
2249 2958 2415 3011 etiam
2439 2956 2661 3025 plurimi
2688 2971 2751 3011 ex
2785 2959 2870 3023 iis,
2897 2958 2990 3028 qui
3010 2959 3097 3012 hic
3121 2960 3345 3025 adsunt,

153 3044 301 3112 γάρων
324 3046 652 3118 πολυτελείᾳ,
694 3047 751 3101 ἐν
778 3065 837 3101 τε
897 3051 1158 3119 ποίμναις
1219 3054 1313 3106 καὶ
1377 3056 1671 3126 βουκολίοις

1778 3056 1911 3113 quot
1956 3047 2250 3115 apothecas
2302 3046 2448 3100 omni
2506 3062 2704 3116 genere
2736 3062 2931 3102 earum
2970 3064 3176 3113 rerum,
3208 3062 3346 3118 quas

152 3135 226 3187 καὶ
244 3137 445 3203 μυριάσι
479 3133 748 3192 παντοίων
780 3139 1111 3211 θρεμμάτων
1138 3132 1230 3197 καῖ
1288 3145 1669 3219 βοσκημάτων.

1779 3148 1919 3190 terra
1968 3138 2174 3207 gignit,
2224 3138 2626 3204 redundantes;
2680 3155 2800 3209 quae
2849 3139 3087 3205 horrea,
3142 3142 3343 3196 annuis

153 3227 358 3282 ’ῐσασιδὲ
391 3227 612 3282 καὶτῶν
668 3231 1032 3301 παρεστώτων
1062 3235 1110 3287 oi
1178 3234 1399 3300 πλείους
1443 3238 1503 3291 τὸ
1561 3246 1670 3293 τῶν

1775 3226 2046 3281 fructibus
2072 3237 2126 3281 et
2155 3229 2369 3282 acervis
2412 3228 2636 3297 gravida
2671 3239 2726 3283 et
2756 3239 3051 3296 coarctata,
3078 3230 3343 3286 habueri-

147 3320 385 3388 ἡμετέρων
409 3320 602 3391 πλῆθος
625 3321 944 3391 άποθηκῶν,
966 3324 1023 3377 αἳ
1050 3329 1160 3389 τοῖς
1197 3328 1261 3381 ὲκ
1312 3328 1416 3397 γῆς
1469 3347 1642 3385 παντο

146 3411 299 3475 δαποῐς
323 3417 648 3484 γεννήμασιν
697 3412 1135 3486 ὑπερεξεχέοντο,
1183 3422 1278 3472 καὶ
1325 3420 1393 3473 τὰ
1447 3425 1669 3490 ταμιεῖα

144 3503 310 3567 ἐκεῖνα,
335 3506 497 3562 ὁπόσα
521 3504 777 3577 βρίθοντα
801 3510 994 3580 κομιδῇ
1017 3512 1130 3574 τοῖς
1162 3511 1396 3581 ἐτησίοις
1430 3518 1664 3584 καρποῖς

143 3606 188 3644 τε
215 3595 296 3647 καὶ
323 3595 602 3668 θησαυροῖς
638 3600 1128 3671 ὲστενοχωροῦντο.
1158 3602 1270 3672 Τῆς
1298 3602 1354 3657 δὲ
1382 3604 1503 3657 καθ’
1529 3607 1668 3675 ὴμέ-

145 3697 223 3749 ραν
238 3682 452 3754 ἑκάστην
467 3688 748 3758 τραπέζης
771 3689 871 3758 τὴν
894 3688 1155 3758 ἀφθονίαν
1177 3693 1269 3744 καὶ
1295 3693 1664 3757 πολυτέλειαν,

142 3772 249 3825 ἀλλὰ
277 3775 364 3828 καὶ
380 3776 577 3848 ταύτην
600 3778 717 3832 ὅσοι
764 3782 1012 3850 μετεῖχον
1040 3781 1253 3853 ικείνης
1304 3783 1397 3836 καὶ
1445 3800 1666 3853 παραπ-

141 3863 314 3931 έλαυον,
340 3869 508 3922 ίσασιν
535 3869 801 3936 ἅπαντες,
842 3871 911 3925 τά
934 3888 994 3925 τε
1024 3873 1160 3928 ἄλλα
1184 3873 1275 3927 καὶ
1298 3873 1373 3938 ὡς
1397 3874 1506 3928 οὐδ’
1538 3876 1665 3945 ἄχρι

142 3958 215 4009 καὶ
233 3959 281 4021 ἐς
301 3958 368 4013 τὸ
398 3961 489 4015 τοῦ
521 3962 749 4017 δεκάτου
780 3963 942 4034 μέρος
967 3965 1179 4034 ἐκείνης
1213 3967 1441 4036 ἀνήκειν
1468 3967 1536 4018 τὰ
1562 3968 1661 4036 τῆς

141 4048 381 4121 βασιλικῆς
414 4055 545 4123 ἡμῖν
575 4055 862 4125 τραπέζης
890 4055 1113 4109 δύναται
1166 4058 1424 4127 τήμερον.
1474 4057 1661 4119 Οὕτως

138 4139 337 4207 ἀσθενῶς
365 4145 508 4215 ἔσχε,
534 4149 631 4199 καὶ⁵
650 4147 709 4220 ές
742 4146 994 4200 τοσοῦτον
1050 4147 1200 4220 ἔρρει
1232 4149 1326 4202 καὶ
1377 4151 1663 4219 κατενήνε-

138 4249 236 4285 κται
256 4214 523 4307 δυστυχίας
577 4214 975 4308 τὰ¹⁹Ρωμαίων
1006 4214 1305 4311 πράγματα
1336 4214 1656 4310 προφανωςθ

136 4321 195 4384 ὼς
221 4324 399 4388 ἐξεῖναι
427 4329 653 4381 σκοπεῖν
686 4344 767 4393 σε,
808 4327 1141 4396 γλυκύτατε,
1174 4329 1227 4382 τί
1254 4328 1657 4393 καταλελοιπὼς

137 4415 198 4484 τῷ
222 4418 373 4488 πατρὶ
399 4421 619 4483 καὶτοῖς
642 4437 704 4486 γε
729 4420 868 4490 ἀμφ’
896 4420 1055 4474 αὐτὸν
1084 4420 1218 4489 ὁμοῦ
1249 4423 1344 4474 καὶ
1368 4420 1464 4474 σὺν
1488 4420 1654 4490 αὐτῷ,

1772 3334 1916 3374 mus.
1946 3319 2065 3374 1am
2099 3318 2168 3373 de
2194 3319 2410 3373 lautitia
2445 3329 2498 3373 et
2540 3322 2939 3390 magniﬁcentia
2978 3323 3178 3409 mensa:
3200 3340 3341 3392 quo-

1780 3409 2023 3471 tidianaa,
2074 3409 2168 3479 qui
2216 3410 2332 3477 ejus
2362 3410 2655 3480 participes
2689 3413 2971 3466 nobiscum
3024 3414 3267 3476 fuerunt,
3301 3414 3339 3469 ii

1769 3500 1955 3553 sciunt
1988 3514 2112 3555 cum
2144 3500 2277 3564 alia,
2318 3508 2433 3554 tum
2462 3513 2563 3555 nec
2594 3501 2660 3554 ad
2690 3502 2956 3556 decimam
2988 3514 3195 3572 partem
3222 3505 3339 3574 pri-

1767 3592 1926 3646 stina:
1951 3592 2099 3645 illius
2131 3590 2547 3670 magniﬁcentia:
2571 3604 2732 3661 posse
2764 3594 3016 3663 progredi
3049 3609 3145 3648 eos
3189 3610 3337 3649 sum-
3435 3607 3450 3622 '

1768 3693 1899 3752 ptus
1925 3721 1942 3745 ,
1996 3682 2093 3750 qui
2133 3683 2186 3735 in
2219 3696 2462 3736 mensam
2495 3682 2900 3750 imperatoriam
2931 3683 3093 3738 hodie
3122 3698 3152 3737 a
3180 3685 3339 3740 nobis

1706 3772 1709 3775 ’
1769 3774 1946 3837 ﬁunt,
1981 3787 2157 3842 usque
2209 3787 2276 3827 eo
2328 3772 2666 3836 debilitatae,
2716 3789 2783 3827 eo
2816 3774 3144 3829 calamitatis
3171 3776 3336 3844 lapsa:

1765 3874 1894 3919 sunt
1921 3879 1987 3919 ac
2011 3866 2274 3919 demersa:
2311 3864 2487 3933 palam
2522 3879 2612 3918 res
2650 3865 2932 3919 Romanae.
2964 3867 3125 3921 Potes
3161 3883 3330 3932 nunc,

1761 3952 2096 4018 dulcissime,
2144 3951 2451 4021 expendere
2479 3990 2494 4013 ,
2545 3951 2676 4020 quid
2706 3960 2761 4004 et
2802 3951 2967 4020 patri,
3008 3960 3067 4006 et
3107 3951 3175 4007 iis
3200 3968 3339 4022 quos

1760 4059 1946 4101 secum
1978 4048 2043 4099 a'e
2069 4045 2216 4098 circa
2250 4026 2308 4097 se
2359 4044 2543 4106 habet,
2586 4043 2748 4112 812
2780 4044 3131 4113 relinquens,
3176 4045 3337 4113 quid-

1759 4150 1885 4190 nam
1918 4150 2168 4190 seorsum
2203 4135 2321 4203 ipse
2372 4134 2590 4189 tandem
2625 4134 2917 4188 habiturus
2953 4136 3028 4190 sis
3049 4174 3065 4191 .
3096 4136 3240 4205 quod
3273 4144 3329 4189 et

1759 4227 1855 4281 tibi
1880 4236 1937 4281 et
1972 4227 2080 4279 tuis
2111 4225 2378 4280 militibus
2410 4224 2483 4279 sit
2513 4225 2669 4279 satis.
2698 4225 2810 4279 Nec
2852 4225 2998 4279 enim
3026 4225 3143 4279 sine
3165 4227 3334 4280 armis

1757 4316 2200 4385 militaribusque
2249 4314 2423 4383 cepiis
2487 4316 2822 4368 constituere
2887 4315 3176 4384 imperium
3226 4316 3332 4371 sibi

1759 4409 2051 4477 quisquam
2099 4415 2315 4475 potest,
2364 4406 2663 4475 praesertim
2700 4405 2746 4458 si
2783 4405 2835 4458 id
2864 4422 2975 4483 per
3017 4422 3188 4462 novas
3243 4424 3331 4462 res

87 4491 97 4504 ‘
136 4505 177 4554 τί
200 4506 307 4558 ποτ’
333 4510 395 4561 ἂν
417 4507 602 4573 λάθοις
634 4509 792 4574 αὐτὸς
852 4510 957 4564 ma
997 4508 1135 4579 πρὸς
1172 4512 1430 4580 εὐπορίαν
1466 4511 1548 4564 σοι
1598 4528 1657 4565 τε
1686 4518 1736 4576 ι)
1764 4510 1970 4570 quaerat
2000 4517 2015 4553 :
2049 4504 2174 4562 nec,
2206 4499 2351 4568 quod
2399 4498 2575 4567 majus
2616 4506 2721 4557 est,
2769 4512 2922 4550 arma
2956 4496 3329 4563 militaresque

136 4598 210 4649 λαὶ
241 4603 342 4664 τοῖς
371 4617 432 4669 γε
489 4604 633 4672 ἀμφὶ
682 4603 743 4655 σὲ
788 4602 1173 4671 στρατιώταις.
1207 4598 1343 4655 Οὔτε
1391 4603 1500 4673 γὰρ
1531 4603 1657 4657 ἄνευ

132 4685 280 4741 ὅπλων
303 4691 388 4744 καὶ
410 4692 813 4761 στρατιωτικῶν
836 4692 1119 4761 δυνάμεων
1135 4692 1357 4746 δυνατὸν
1378 4692 1659 4762 βασιλείαν

136 4777 467 4845 συνίστασθαι,
491 4781 588 4833 καὶ
615 4780 848 4850 μάλιστα
889 4780 988 4852 τὴν
1020 4783 1084 4833 ὲκ
1107 4779 1474 4852 νεωτερισμοῦ
1492 4796 1507 4811 ο
1533 4780 1658 4834 οῦτε

133 4872 389 4938 χρημάτων
416 4871 566 4938 ἄνευ,
588 4873 651 4925 τό
672 4888 736 4940 γε
765 4872 949 4940 μεῖζον
976 4874 1169 4937 εἰπεῖν,
1200 4872 1338 4926 ὅπλα
1370 4872 1467 4925 καὶ
1492 4888 1657 4942 στρα-

132 4956 354 5029 τιωτικὰς
403 4967 547 5030 είκὸς
594 4967 939 5036 ἀθροίζεσθαι
980 4966 1256 5035 δυνάμεις.
1304 4964 1656 5036 Στρατιωτῶν

132 5054 222 5125 γὰρ
240 5056 355 5110 ἄνευ
374 5058 537 5112 ἐνίοτε
564 5058 775 5130 μεγάλα
799 5059 891 5111 καὶ
908 5056 1032 5111 καθ’
1054 5058 1216 5110 αὑτὸν
1244 5057 1493 5128 ἰσχύοντα
1520 5062 1654 5110 πάν-

133 5161 206 5209 τες
231 5149 365 5227 ἴσασι
399 5150 488 5203 τὸν
520 5149 745 5220 χρυσὸν,
770 5149 865 5202 καὶ
893 5148 1070 5218 πάσης
1095 5147 1542 5219 [Ρ.5Η]⁹Ελεπό)
1554 5164 1655 5209 εως

136 5236 297 5301 μείζω.
321 5240 449 5309 Πρὶν
476 5242 585 5311 γὰρ
613 5239 894 5293 αἰσθέσθαι
920 5240 1044 5299 τοὺς
1070 5238 1307 5301 πλείους,
1342 5238 1653 5305 εὑρίσκεται

135 5329 361 5394 πολλάκις
390 5333 580 5401 ῥᾳδίω,
609 5331 972 5402 προδεδομένη
1013 5332 1123 5390 τοῖς
1148 5330 1424 5398 πολεμίοις
1447 5332 1478 5401 ἡ
1500 5331 1653 5394 πόλις

131 5414 204 5468 διὰ
230 5422 431 5488 χρυσόν.
455 5417 626 5476 Οἶσθα
646 5422 693 5473 δ’
714 5416 783 5473 αὖ
806 5424 896 5471 καὶ
914 5421 1035 5481 ὅσος
1058 5420 1121 5471 ὲκ
1139 5418 1247 5471 τῶν
1280 5418 1651 5488 στρατοπέδων

134 5511 226 5572 τοῖς
288 5514 502 5581 ἄγουσιν
553 5513 707 5584 δχλος
762 5512 900 5583 μετὰ
947 5510 1205 5563 κινδύνων
1240 5509 1451 5574 ἕπεται,
1513 5511 1650 5579 μήτε

133 5599 347 5671 πολέμων
373 5605 670 5673 παρόντων,
706 5602 842 5673 μήτε
874 5600 1080 5671 μισθῶν
1128 5600 1417 5667 διδομένων
1447 5598 1648 5663 αὐτοῖς.

135 5681 211 5750 οἷς
235 5691 331 5762 γὰρ
354 5693 624 5764 ὁρίζεσθαι
652 5694 744 5747 τὸν
778 5690 895 5761 βίον
919 5693 976 5744 ὲν
1004 5691 1082 5763 τῷ
1116 5689 1306 5761 μισθοῦ
1357 5689 1646 5761 στρατεύε-

138 5779 242 5836 σθαι
265 5783 451 5853 ἔπεισι,
483 5785 686 5849 τούτοις
715 5784 929 5852 ἀνάγκη
957 5783 1055 5836 καὶ
1103 5783 1194 5839 τὸν
1259 5782 1358 5852 μὲν
1412 5782 1646 5850 πόλεμον

1761 4595 1933 4661 copiae
1960 4590 2223 4645 videntur
2257 4591 2439 4659 parari
2472 4602 2632 4658 posse
2690 4588 2808 4642 sine
2857 4588 3109 4656 pecunia.
3155 4588 3328 4644 Nemo

1760 4683 1975 4738 scilicet
2004 4681 2109 4736 hoc
2138 4682 2342 4745 nescit,
2373 4680 2550 4749 ipsum
2587 4693 2683 4748 per
2710 4693 2769 4732 se
2793 4693 2986 4731 aurum
3012 4677 3180 4732 multa
3208 4680 3328 4734 sine

1760 4774 2026 4828 militibus
2077 4786 2272 4842 posse,
2324 4770 2437 4825 imo
2487 4774 2749 4838 majorem
2794 4784 2954 4837 quam
2990 4777 3325 4823 tormentum

1758 4864 1929 4918 ullum
1981 4863 2185 4918 morale
2235 4863 2342 4915 vim
2399 4861 2644 4915 habere:
2680 4869 2735 4915 et
2796 4869 3137 4928 compertum
3183 4874 3325 4928 sa‘pe

1755 4964 1862 5020 est,
1925 4955 2117 5009 urbem
2170 4962 2397 5022 propter
2452 4966 2689 5012 aurum,
2730 4959 3023 5018 antequam
3077 4949 3324 5019 plerique

1754 5045 2095 5107 sensissent,
2129 5043 2283 5096 nullo
2327 5041 2512 5095 labore
2543 5041 2794 5095 hostibus
2835 5040 3103 5108 proditam
3132 5038 3320 5092 fuisse.

1756 5137 1880 5191 Scis
1933 5135 2209 5204 denique,
2250 5141 2516 5202 quantum
2555 5131 2819 5186 molestiae
2856 5139 2912 5185 et
2956 5130 3321 5199 periculowm

1754 5228 1823 5282 ab
1847 5225 2184 5280 exercitibus
2217 5223 2489 5278 redundet
2516 5224 2569 5276 in
2596 5221 2784 5284 duces.
2819 5237 2945 5276 cum
2975 5236 3076 5275 nec
3119 5221 3319 5275 bellum

1753 5321 1987 5391 geritur,
2015 5333 2118 5373 nec
2151 5306 2436 5386 Stipendia
2472 5315 2881 5384 persolvuntur.
2910 5314 3045 5369 Nam
3084 5316 3175 5383 qui
3204 5330 3319 5368 rem

1753 5414 2141 5479 fortunamque
2168 5423 2388 5462 omnem
2419 5406 2525 5463 sibi
2555 5407 2609 5461 in
2633 5407 2921 5477 stipendiis
2946 5406 3178 5476 positam
3198 5418 3321 5458 esse

1751 5503 2095 5573 intelligunt.
2130 5514 2225 5557 eos
2249 5514 2480 5554 necesse
2512 5506 2594 5552 est
2633 5508 2688 5552 et
2713 5498 2918 5552 bellum
2951 5495 3123 5550 multo
3157 5494 3320 5548 malle

1752 5611 1911 5666 quam
1947 5607 2158 5660 pacem,
2191 5600 2245 5645 et
2293 5605 2482 5660 pacem
2515 5590 2685 5643 multo
2725 5604 2888 5657 quam
2934 5587 3136 5641 bellum
3164 5584 3319 5655 pejo-

1752 5699 1863 5738 rem
1905 5681 2183 5735 arbitrari.
2219 5680 2286 5735 lis
2313 5679 2584 5749 siquidem
2623 5678 2829 5731 bellum
2872 5692 2980 5731 non
3010 5676 3189 5730 solum
3218 5689 3313 5728 ac-

1748 5773 1988 5845 cipiendi
2029 5771 2330 5841 stipendii,
2370 5770 2466 5826 sed
2510 5777 2567 5826 et
2594 5768 2789 5841 praedm
2821 5783 2915 5837 per
2939 5767 3046 5822 vim
3093 5765 3319 5837 agenda:
