3920 6582
213 415 328 481 ιοδδ
517 401 586 476 [Α.
627 419 675 457 c.
730 403 862 457 1547
871 403 886 474 ι

1105 387 1540 470 BYZANTm-u
1579 407 1958 470 msroma
1986 410 2126 470 LIB.
2172 409 2319 472 XVI.

3256 407 3391 470 1066

2451 405 2586 476 [tum
2626 421 2670 460 ι.
2712 419 3006 461 canncuz.
3052 401 3102 476 l]

202 530 341 602 μοσία
366 527 489 596 διῄει
516 523 666 576 πάντ’
694 524 800 575 ἀπὸ
858 524 1123 593 στόματος
1175 527 1473 597 ἀπότάδην,
1531 527 1719 598 ὥσπερ

1829 527 1912 582 nia
1959 527 2260 583 continenti
2299 527 2546 582 oratione
2581 527 2796 596 publice
2830 526 2912 582 sic
2963 524 3389 596 pronuntiabat,

198 623 288 677 ἀπὸ
313 620 522 691 βιὸλίου.
575 617 800 688 μηδαμῆ
850 635 980 670 ποτε
1033 619 1169 688 μήτε
1206 620 1449 690 γλώττης
1501 621 1718 690 ἐνιαχοῦ

1823 617 1984 687 quasi
2019 619 2086 672 de
2108 618 2349 689 scripto;
2383 627 2571 672 ut'nec
2608 619 2790 695 lingua
2820 618 2954 672 vitio
2984 617 3261 672 memoriae
3296 633 3389 670 Its-

199 717 270 768 δια
299 713 452 782 λήθην
487 709 859 792 άκροσφαλοῦς
905 714 1220 783 γινομένης,
1285 714 1426 783 μήτε
1463 715 1560 782 τῆς
1605 713 1722 766 δια-

1829 710 1970 779 piam
2011 709 2297 773 titubaret.
2350 727 2452 766 nec
2503 712 2553 764 in
2601 727 2890 781 progressu
2919 709 3185 765 orationis
3240 724 3394 764 mens

198 808 323 870 νοίας
355 802 722 875 ὑστεριζούσης
746 803 885 857 κατὰ
911 805 1008 870 τὴν
1065 807 1174 858 τῶν
1231 805 1539 875 λεγομένων
1589 807 1722 876 πρό-

196 902 311 954 οδονο
359 897 464 953 ἀλλ’
524 897 709 965 ὥσπερ
749 897 806 948 ὲν
837 896 1070 968 ἁρμονίᾳ
1117 897 1210 950 καὶ
1240 895 1398 967 λύρᾳ,
1430 896 1726 968 συνηχούνο

193 1008 286 1044 των
323 991 373 1052 ἐς
409 988 463 1041 τὸ
511 987 647 1040 πάνυ
677 1004 758 1039 τοι
787 987 985 1056 εὐφυὲς
1033 987 1127 1041 καὶ
1174 987 1546 1059 άπεξεσμένον
1610 992 1722 1060 ἀμ-

193 1083 312 1149 φοῑν.

250 1171 316 1224 B'.
339 1168 538 1221 Τούτων
572 1167 616 1221 δ’
641 1169 811 1233 οὕτως
837 1169 1090 1240 ἐχόντων,
1146 1173 1252 1245 ἰδίᾳ
1285 1175 1641 1247 παρειληφὼς
1692 1179 1722 1231 ὁ

190 1262 406 1333 βασιλεὺς
428 1262 538 1314 ἐκεῖ
567 1262 656 1314 τὸν
685 1262 817 1328 υἱὸν,
851 1263 1025 1332 λόγων
1067 1282 1126 1318 τε
1165 1267 1343 1320 πειθοῖ
1374 1268 1469 1321 καὶ
1520 1287 1722 1342 πατρι-

189 1355 282 1407 κῶν
331 1354 574 1416 ἁϐύσσοις
619 1356 1011 1424 παραινέσεων,
1063 1354 1336 1423 λογισμῶν
1395 1374 1454 1410 τε
1495 1359 1722 1413 ἐκείνων

188 1448 470 1514 ὑπέρτερον,
519 1445 707 1498 ὀπόσοι
759 1447 986 1516 πλήρεις
1045 1445 1150 1502 τῶν
1219 1447 1519 1516 μελλόντων
1581 1448 1722 1522 ¹ἦσαν

187 1539 356 1606 φόῦων,
385 1535 616 1600 ἔπραττε
650 1541 738 1591 καὶ
784 1537 916 1608 ἆμασ
944 1541 1040 1609 τῆς
1105 1538 1395 1608 Ῥωμαίων
1425 1542 1720 1612 ἡγεμονίας

185 1628 556 1698 ἀποτεμόμενος
596 1631 761 1698 μέρος
787 1629 1176 1700 (8Ι)ὴγεῖσθαι
1239 1631 1328 1683 διὰ
1375 1631 1493 1701 βίου
1526 1635 1720 1702 παρεῖ-

185 1739 278 1791 χεν,
306 1722 454 1774 οἱονεί
496 1739 619 1774 τινα
667 1723 1013 1794 σατραπικὴν
1061 1725 1156 1776 καὶ
1197 1725 1490 1794 αὐτόνομον
1520 1727 1722 1794 ἠγεμο-

183 1815 302 1876 νίαν,
327 1812 452 1880 πρός
481 1831 540 1865 τε
563 1811 624 1865 τὸ
663 1811 918 1882 ἀσφαλῶς
945 1815 1038 1867 καὶ
1067 1812 1299 1884 βεϐαίως
1343 1817 1434 1867 καὶ
1466 1817 1582 1886 ἅμα
1610 1815 1719 1868 τών

181 1905 603 1972 ὑποπτευομένων
636 1905 817 1973 φόϐων
840 1906 916 1968 ὡς
951 1908 1290 1976 πορρωτάτω
1329 1908 1509 1971 ζῶντα
1537 1909 1716 1970 διατει

179 1995 289 2051 λεῖν.
312 1995 376 2048 Τὸ
402 1996 457 2049 δὲ
480 1992 568 2067 ἦν,
612 1997 788 2066 μῆκος
819 1997 940 2066 μὲν,
973 1998 1098 2051 ὅσον
1136 1999 1195 2052 τὸ
1221 2001 1283 2052 ἐκ
1332 2001 1718 2072 Διδυμοτείχου

179 2090 295 2158 πρὸς
332 2087 524 2158 ἄνεμον
550 2089 785 2161 ζέφυρον
820 2091 1128 2152 ἁποκλίνον,
1165 2093 1291 2162 ἄχρι
1326 2110 1430 2146 που
1478 2094 1585 2146 τῶν
1622 2097 1720 2165 τῆς

177 2182 602 2253 Χριστουπόλεως
643 2182 873 2250 ἔγγιστα
909 2185 1266 2250 προαστείων·
1294 2182 1452 2255 εὖρος
1501 2187 1568 2248 δ’,
1596 2189 1720 2241 ὅσον

176 2275 225 2325 τό
256 2275 313 2326 ὲκ
343 2274 608 2344 Θαλάττης
632 2277 710 2338 είς
745 2272 1008 2331 Ξάνῦειαν
1039 2275 1188 2329 ἀνιὸν
1211 2275 1271 2328 τὺ
1298 2277 1591 2346 πολίχνιον,
1628 2281 1720 2332 καὶ

175 2363 261 2417 ὅσα
299 2365 485 2434 μικρὸν
547 2366 814 2418 ἐπέκεινα
880 2369 1060 2419 κεῖται
1134 2369 1332 2436 χωρία.
1368 2369 1721 2438 Παρασήμοις

175 2472 227 2524 γε
282 2459 379 2528 μὴν
420 2453 514 2510 τοῦ
575 2456 840 2524 μεγέθους
884 2458 1176 2528 συμϐόλοις
1246 2459 1546 2528 κεχρῆσθαι
1595 2460 1722 2512 έπέ-

173 2563 366 2616 τρεπεν.
416 2548 514 2600 ὅσα
549 2543 829 2616 βασιλείας
862 2549 960 2616 μέν
1016 2549 1152 2600 εἰσιν
1186 2551 1358 2620 ἥττω.
1391 2549 1721 2620 ἀξιωμάτων

173 2638 210 2690 δ’
237 2637 476 2691 ἁπάντων
506 2639 685 2693 ἄλλων
724 2639 1003 2694 ἐπέκειναο
1044 2643 1395 2712 παρήγγελλέ
1437 2661 1517 2710 τε,
1548 2647 1722 2700 καθά-

175 2747 266 2798 περ
292 2731 464 2784 είκόνα
494 2733 592 2783 καὶ
629 2731 885 2804 ἀφορμήν
915 2747 1039 2786 τινα
1095 2731 1339 2803 μείζονος
1388 2729 1529 2787 εἶναι
1573 2736 1724 2804 νομί-

174 2819 267 2883 ζειν
300 2823 435 2876 τοῦτ’
458 2823 716 2889 ἐξουσίας
755 2842 802 2877 ι.
1267 2873 1270 2876 .

229 2912 302 2986 [Ρ.
330 2915 454 2989 513]
480 2915 556 2975 Γ.
588 2938 606 2968 ‹
642 2917 732 2970 Σοὶ
764 2918 862 2988 μὲν
888 2916 996 2990 γὰρ
1025 2913 1260 2988 εὐφυῶς,
1291 2939 1310 2972 ι
1345 2922 1531 2990 φησὶν,
1570 2920 1721 2993 ..ἂρ-

172 3024 316 3076 χοντι,
333 3013 420 3062 καὶ
441 3011 534 3074 ξύν
559 3029 622 3078 γε
651 3013 714 3081 τῇ
734 3013 1084 3084 προσηκούσῃ
1104 3012 1330 3084 προνοίᾳ⁴
1348 3015 1500 3066 ταυτὶ
1527 3015 1595 3068 τὰ
1623 3005 1722 3084 μέ·

169 3114 279 3167 τρια
305 3101 406 3155 τῶν
432 3101 692 3173 ὑπηκόων
723 3102 1011 3157 διοικοῦντι
1042 3105 1361 3175 πράγματα,
1385 3107 1596 3172 ἐξέσται
1625 3107 1720 3178 δή·

1755 1867 1792 1920 Β

1829 799 2036 854 tardius
2066 811 2552 871 assequereturea.
2577 818 2696 872 qua:
2725 803 3068 868 dicebantur;
3097 801 3216 866 sed,
3237 801 3393 870 quasi

1829 894 1880 948 in
1905 896 2224 966 symphonia
2257 905 2350 950 aut
2383 897 2434 950 in
2462 896 2600 968 lyra,
2627 909 2751 968 apte
2778 912 3002 968 prorsus
3031 906 3087 953 et
3113 884 3405 968 mquabili’

1829 994 1909 1040 ter
1934 987 2108 1042 ambae
2134 988 2507 1044 concinerent.

1897 1165 1962 1222 ll.
1996 1167 2118 1224 llaac
2143 1185 2268 1225 cum
2306 1171 2378 1226 ita
2404 1187 2462 1226 se
2491 1171 2776 1240 baberent,
2810 1172 2978 1228 filium
3016 1172 3128 1227 illic
3157 1174 3394 1242 impera-

1825 1262 2183 1330 torfprivatim
2211 1265 2466 1319 convenit
2493 1283 2507 1318 :
2538 1267 2812 1322 rationum
2844 1268 2896 1322 vi
2941 1278 2994 1321 et
3026 1268 3268 1337 paternis
3297 1267 3396 1319 ad-

1825 1353 2222 1411 monitionibus
2252 1358 2499 1414 altiorem
2533 1358 2661 1415 facit
2691 1361 2761 1415 iis
2800 1362 3233 1432 suspicionibus,
3273 1377 3397 1431 quae.

1825 1444 1996 1500 futuri
2029 1457 2178 1502 metu
2239 1450 2411 1518 plenae
2440 1468 2564 1507 eum
2597 1453 2870 1524 angebant
2910 1473 2923 1508 :
2959 1455 3120 1510 simul
3161 1455 3391 1510 Romani

1826 1535 2042 1606 imperii
2077 1549 2284 1606 partem
2323 1545 2577 1611 recisam,
2611 1547 2903 1616 regendam
2926 1546 2975 1602 ei
3015 1547 3261 1616 quandiu
3283 1547 3397 1603 vic—

1827 1635 1984 1682 turus
2014 1628 2083 1682 sit
2132 1633 2405 1702 assignat,
2437 1636 2590 1704 quasi
2641 1639 2974 1707 satrapicum
3008 1638 3299 1708 quemdam
3337 1649 3394 1693 et

1824 1721 2030 1775 nemini
2061 1721 2343 1778 subditum
2379 1717 2788 1796 principa'tum,
2855 1745 3053 1797 nempe
3107 1739 3168 1784 ut
3223 1731 3395 1784 tutior

1823 1809 1932 1879 jam
1976 1822 2033 1867 et
2078 1813 2290 1869 firmior
2319 1817 2387 1871 ab
2438 1817 2503 1872 iis
2556 1834 2676 1888 quae
2735 1819 3100 1883 formidabat,
3139 1821 3396 1891 periculis

1825 1917 1988 1972 quam
2049 1904 2364 1977 longissime
2405 1909 2664 1979 deinceps
2706 1911 2935 1967 viveret.
2973 1913 3200 1973 Patebat
3232 1929 3395 1984 porro

1824 2008 1886 2048 ea
1940 1995 2222 2064 provincia
2251 2037 2266 2063 ,
2302 1999 2358 2053 in
2410 1999 2630 2070 longum
2683 1989 2926 2071 quidem,
2952 2017 2979 2055 a
3012 2002 3394 2073 Didymoticho

1824 2087 2123 2158 zephyrum
2157 2105 2347 2146 versus
2387 2091 2452 2144 ad
2475 2092 2938 2162 Christopolitana
2979 2093 3224 2163 proxime
3261 2094 3396 2149 sub-

1823 2179 2012 2244 urbia;
2071 2181 2125 2237 in
2185 2181 2354 2237 latum
2407 2192 2634 2250 autem,
2673 2200 2702 2238 a
2739 2184 2876 2238 mari
2946 2183 3014 2238 ad
3069 2185 3392 2256 oppidulum

1824 2269 2117 2326 Xanthiam
2146 2315 2161 2339 ,
2203 2285 2257 2328 ct
2284 2276 2450 2344 paulo
2475 2276 2732 2331 ulterius.
2761 2274 2866 2332 Sed
2894 2288 2945 2332 et
2991 2277 3060 2332 iis
3091 2276 3398 2348 insignibus

1825 2367 2128 2435 majestatis
2169 2367 2244 2422 uti
2287 2369 2558 2438 permisit,
2594 2386 2714 2440 qua:
2744 2386 3003 2440 supremo
3047 2370 3268 2441 quidem
3297 2371 3398 2423 im-

1824 2459 1979 2526 perio
2008 2471 2195 2527 essent
2231 2462 2486 2518 inferiora
2508 2503 2524 2526 ,
2565 2465 2778 2520 caeteris
2810 2480 2942 2521 vero
2973 2466 3398 2535 quibuscunqne

1823 2552 2018 2606 altiora
2057 2553 2450 2622 dignitatibus;
2505 2557 2898 2628 przch-pitque,
2932 2569 2991 2612 ut
3020 2559 3149 2614 illttd
3201 2561 3397 2631 imagi-

1825 2660 1950 2697 nem
1984 2645 2139 2713 quasi
2168 2654 2223 2698 et
2263 2647 2612 2702 occasionem
2644 2663 2766 2704 esse
2789 2647 3022 2704 duceret
3051 2649 3273 2720 majoris
3303 2667 3400 2719 po-

1827 2739 2062 2792 testatis.

1898 2921 1988 2976 Ill.
2027 2939 2045 2972 α
2085 2919 2208 2976 Tibi
2235 2921 2412 2982 enim.
2455 2921 2634 2992 inquit
2659 2961 2674 2982 .
2708 2924 2753 2977 si
2787 2923 2952 2994 815
2987 2924 3262 2991 sapienter
3289 2926 3394 2978 im-

1825 3031 2005 3084 peres.
2035 3024 2091 3068 et
2123 3029 2210 3080 ea,
2237 3032 2341 3086 qua
2375 3015 2556 3082 decet,
2594 3016 2886 3086 prudentia
2939 3017 3206 3071 modicam
3255 3017 3399 3074 hanc

1827 3107 2168 3178 provinciam
2213 3107 2586 3171 administres,
2642 3107 2832 3162 licebit
2883 3107 3135 3172 fortasse,
3173 3107 3400 3178 majoris

168 3206 257 3244 που
279 3195 363 3246 καῖ
387 3195 633 3264 μείξονός
651 3195 770 3249 ποθ’
789 3197 1080 3266 ἡγεμονίας
1098 3198 1484 3268 ἐπειλημμένῳ
1514 3199 1649 3270 πρὸς
1668 3199 1722 3253 τδ

1829 3197 2123 3268 aliquando
2179 3194 2426 3268 ﬁimperii
2469 3198 2682 3268 potito;
2768 3207 2888 3252 tuas
2949 3214 3039 3252 res
3094 3200 3398 3273 provehere

169 3284 362 3352 ἄμεινον
411 3289 588 3358 ἄγειν·
661 3292 754 3344 καὶ
805 3292 920 3361 ἅμα
979 3286 1060 3354 οἷς
1121 3293 1329 3364 ἀφορᾷν
1386 3292 1726 3362 περιγίνεται

169 3377 288 3446 πρὸς
310 3381 386 3443 σὲ,
417 3382 657 3444 καὶτοῖς
691 3400 753 3450 γε
805 3383 918 3446 σοῖς
981 3382 1264 3438 ὁπώσποτε
1326 3384 1570 3456 φιλοῦσιν
1635 3388 1724 3453 ἐγ·

169 3470 589 3538 καλλωπίζεσθαι
627 3476 1029 3544 προτερήμασι,
1066 3476 1159 3528 καὶ
1193 3475 1404 3540 τούτοις
1433 3477 1475 3529 δ’
1509 3473 1575 3532 αὖ
1637 3477 1727 3548 βε-

170 3561 312 3625 ϐαίας
365 3565 678 3634 λελείψεται
756 3566 988 3619 κτᾶσθαι
1071 3566 1400 3636 προσδοκίας
1468 3568 1562 3620 ἐπὶ
1616 3567 1728 3655 σοι’

169 3654 276 3709 aut,
315 3657 408 3727 τῆς
445 3661 664 3728 ἀγαθῆς
713 3659 910 3727 φλεϐὸς
973 3661 1349 3730 ἀπορρέουσαι
1428 3661 1544 3730 βίον
1599 3654 1733 3734 προὲ

169 3749 389 3816 μνῶνταί
419 3769 610 3820 σφισιν
637 3751 947 3819 εὐδαίμονα.
979 3751 1218 3818 Οὐδεμία
1277 3759 1384 3824 γὰρ
1411 3755 1728 3825 ἐρρᾳθυμη-

169 3841 286 3910 μένη
314 3845 406 3898 καὶ
447 3845 920 3911 ἀνανταγώνιστος
944 3845 1114 3916 ἀρετὴ
1151 3845 1418 3915 λαμπρῶν
1477 3848 1726 3912 ἀξιοῦται

165 3937 348 4004 γερῶν,
433 3939 612 3990 ὁπόσα
688 3940 1008 4005 περιφανεῖς
1073 3939 1331 4008 βραϐεύει
1400 3945 1722 4008 στεφάνους.

165 4025 314 4080 ’Ἐπεὶ
343 4031 434 4082 καὶ
465 4029 689 4081 σύνεσιν
719 4029 908 4099 ἀνδρὸς
945 4031 1040 4082 καὶ
1089 4031 1318 4103 γνώμην
1386 4035 1724 4104 ἡγεμονικὴν

162 4116 425 4189 οὐτ’δψις,
473 4121 599 4174 οὐτε
641 4121 892 4189 μαντικοί
946 4139 1088 4185 τινες
1139 4125 1415 4192 τρίποδες,
1478 4127 1531 4179 ετ
1563 4128 1723 4189 ’τινες

164 4204 261 4262 εῐεν
284 4209 838 4284 χρηστηριαζόμενοι,
872 4215 986 4276 τοῖς
1012 4213 1228 4278 πολλοῖς
1265 4216 1466 4269 οὑτωσὶ
1519 4235 1725 4288 προση-

162 4301 362 4370 μαίνειν
401 4306 792 4367 δύνανται.ὼς
841 4306 999 4375 ήὲπὶ
1052 4307 1150 4376 τῆς
1210 4309 1400 4377 χρείας
1465 4311 1560 4363 καὶ
1612 4311 1721 4365 τῶν

162 4395 354 4466 καιρῶν
385 4397 790 4466 ἀναλάμπουσα
820 4399 984 4467 πεῖρα
1013 4396 1121 4450 τῶν
1155 4415 1213 4451 τε
1255 4397 1429 4467 λόγων
1460 4401 1552 4454 καὶ
1585 4402 1724 4472 πρά-

163 4481 308 4550 ξεων.
348 4490 572 4554 Πολλοῖς
603 4491 712 4560 γὰρ
743 4489 802 4554 ἐξ
829 4492 1086 4560 ἀπειρίας
1142 4493 1170 4544 ὀ
1208 4494 1570 4560 φανταστικὺς
1596 4495 1720 4560 νοῦς

163 4579 392 4646 μεγάλας
416 4565 710 4650 ὑποτίθησι
743 4583 994 4636 πλάττων
1020 4584 1275 4654 εὐτυχίας
1308 4601 1367 4637 τε
1403 4586 1496 4639 καὶ
1541 4603 1720 4655 μακα-

159 4673 422 4744 ριότητας,
456 4676 712 4745 καθάπερ
743 4675 797 4726 αί
847 4673 1155 4746 ζωγράφων
1202 4679 1386 4746 χεῖρες
1441 4681 1566 4742 τούς
1624 4679 1725 4732 τύ-

156 4782 282 4830 πους
310 4771 423 4830 τοῖς
445 4765 730 4838 χρώμασι,
758 4767 1055 4830 παίζουσαι
1107 4769 1251 4821 κατὰ
1283 4770 1341 4820 τὸ
1399 4769 1724 4841 βουλόμενον

152 4858 243 4927 τῆς
277 4859 481 4929 ψυχῆς.
526 4859 594 4911 'H
621 4858 664 4910 δ’
701 4859 766 4910 ὲκ
794 4857 904 4909 τῶν
961 4859 1306 4928 πραγμάτων
1359 4863 1547 4930 πεῖρα,
1611 4857 1723 4914 οἷον

156 4945 388 5022 ἔμψυχος
419 4951 742 5012 διδάσκαλος
788 4949 1186 5018 καθισταμένη,
1246 4951 1421 5019 μέγαν
1480 4952 1723 5021 ἐντίθησι

155 5041 293 5108 νοῦν,
335 5044 432 5095 καὶ
467 5043 912 5112 σωφρονέστερον
938 5043 1018 5104 είς
1044 5043 1314 5111 ἁρμονίαν
1370 5043 1718 5114 προδείκνυσι

159 5132 268 5202 βίου
296 5135 388 5192 τὸν
441 5135 750 5205 ἄνθρωπον.
804 5133 946 5202 Ἐγὼ
971 5133 1026 5186 δέ
1061 5151 1119 5186 σε
1154 5137 1246 5187 καὶ
1272 5136 1528 5204 φραγμὸν
1558 5138 1718 5188 οἱονεί

152 5243 268 5279 τινα
297 5223 489 5298 τίθημι
527 5231 624 5296 τῆς
671 5226 944 5296 ἡμετέρας
1001 5227 1176 5297 ἀρχῆς
1199 5229 1293 5279 καὶ
1350 5229 1726 5296 ἐπικρατείας,

151 5316 221 5381 ὡς
253 5319 457 5384 ἐξεῖναί
491 5337 593 5383 σοι,
619 5321 774 5390 δίκην
811 5319 1106 5389 προϐλῆτος
1137 5320 1591 5389 άναδεδειγμένῳ,
1626 5326 1726 5384 τας

153 5403 254 5462 οἷον
285 5411 342 5478 ἐξ
395 5411 628 5481 ἀχανοῦς
679 5411 950 5478 πελάγους
1020 5411 1126 5461 τῶν
1157 5410 1475 5479 Τρισαλλών
1534 5428 1728 5478 τρικυ-

155 5496 278 5567 μίας
308 5501 522 5573 σεαυτῷ
563 5505 660 5572 μὲν
715 5502 970 5573 ἀφορμὰς
1047 5503 1314 5572 λαμπρῶν
1370 5504 1571 5556 διδόναι
1611 5521 1732 5574 τρο-

1752 4553 1794 4608 D

1769 4849 1794 4866 κ

1830 3293 1887 3346 in
1952 3291 2192 3357 melius,
2251 3291 2525 3361 simulque
2574 3291 2643 3346 iis
2693 3292 2786 3360 qui
2844 3291 3129 3345 intuentur
3178 3291 3231 3344 in
3303 3301 3394 3355 te,

1827 3394 1882 3439 et
1941 3384 2181 3439 honores
2250 3392 2374 3439 tuos
2428 3384 2608 3438 solent
2677 3393 2956 3452 utcunque
3035 3382 3138 3436 sibi
3211 3391 3400 3453 gratu-

1827 3477 1970 3543 lari,
2031 3491 2157 3547 spes
2218 3475 2272 3530 in
2332 3485 2384 3530 te
2432 3485 2641 3541 certas,
2674 3477 2816 3530 bono
2865 3473 3076 3530 scilicet
3126 3473 3272 3528 fonte
3303 3473 3402 3528 dc-

1829 3568 2056 3631 r'tvatas,
2082 3579 2138 3622 et
2164 3568 2378 3622 beatam
2402 3567 2568 3622 vitam
2600 3567 2956 3636 spondentes,
2985 3565 3258 3635 integrum
3291 3567 3400 3619 erit

1829 3661 2122 3717 collocare.
2169 3660 2300 3727 Quae
2330 3660 2478 3714 enim
2504 3658 2683 3713 virtus
2717 3658 2892 3713 otiosa
2928 3665 3010 3712 est
3037 3665 3092 3712 et
3116 3655 3256 3712 nihil
3300 3656 3399 3711 lna-

1828 3756 1919 3809 bet
1972 3770 2096 3808 cum
2154 3768 2264 3822 quo
2315 3753 2580 3819 luctetur,
2615 3767 2678 3808 ea
2732 3751 2972 3828 prgmniis
3007 3750 3311 3821 magnificis
3343 3763 3399 3804 et

1827 3845 2138 3901 illustribus
2187 3844 2383 3915 palmis
2426 3860 2534 3900 non
2568 3843 2826 3900 donatur.
2858 3843 3126 3900 Nimirum
3161 3844 3398 3899 hominis

1828 3937 2269 4006 intelligentiam,
2301 3947 2358 3992 et
2403 3939 2645 3992 animum
2679 3937 2832 3992 illum
2861 3937 3093 4007 imperio
3145 3936 3395 4006 dignum.

1829 4047 1928 4086 nec
1958 4031 2099 4086 visio
2131 4031 2237 4086 ulla
2257 4073 2275 4098 ,
2307 4047 2409 4087 nec
2441 4031 2664 4086 vaticini
2712 4030 2976 4100 tripodes.
3014 4030 3058 4084 si
3105 4029 3399 4085 consulan-

1828 4133 1938 4188 tur,
1972 4127 2044 4178 ita
2077 4124 2297 4194 populis
2323 4125 2626 4188 declarant,
2659 4133 2720 4178 nt
2749 4139 2834 4188 ea,
2857 4138 2977 4193 qua
3001 4123 3053 4177 in
3095 4138 3196 4177 usu
3227 4131 3284 4178 et
3307 4139 3399 4177 oe-

1825 4216 2143 4272 casionibus
2168 4217 2374 4282 elucet,
2399 4216 2670 4271 dictorum
2705 4216 3084 4284 factorumque
3109 4215 3398 4285 experien-

1827 4307 1923 4362 tia.
1975 4308 2055 4362 Ac
2104 4307 2297 4362 multis
2327 4306 2594 4376 quidem,
2651 4310 2780 4376 quia
2809 4316 2938 4362 sunt
2968 4323 3151 4362 rerum
3196 4307 3391 4370 rudes.

1824 4403 2044 4456 animus
2075 4400 2374 4482 imaginum
2407 4400 2604 4470 plenus
2624 4414 2847 4470 magnas
2867 4399 3077 4470 objicit.
3103 4397 3197 4454 sed
3220 4399 3394 4460 fictas.

1826 4494 2118 4549 felicitates
2167 4503 2223 4548 et
2253 4492 2660 4558 beatitudines,
2694 4502 2754 4546 ut
2800 4492 3072 4562 pictorum
3108 4506 3299 4545 manus
3328 4491 3392 4545 ad

1826 4588 2042 4641 libitum
2095 4586 2348 4642 ludentes
2400 4585 2670 4656 quidlibet
2719 4583 3001 4640 coloribus
3054 4585 3393 4654 expriunmt.

1825 4678 1970 4734 Usus
1995 4687 2178 4733 autem
2204 4693 2410 4741 rerum.
2445 4678 2614 4731 veluti
2649 4677 2908 4747 magister
2955 4676 3132 4740 vivus,
3165 4677 3394 4728 multum

1828 4770 2202 4840 intelligentia:
2239 4769 2518 4832 infundit,
2539 4778 2596 4824 et
2629 4769 2878 4823 homines
2913 4767 2966 4821 in
2995 4767 3102 4822 vita
3123 4768 3400 4837 sapicntor

1827 4861 2166 4916 instituenda
2195 4870 2468 4916 cautiores
2506 4869 2747 4930 priestat.
2784 4859 2893 4930 Ego
2917 4875 3048 4913 vero
3081 4860 3251 4914 nostri
3299 4861 3400 4912 im-

1827 4955 1965 5023 perii
2016 4965 2326 5037 nostra’que
2379 4954 2604 5008 ditionis
2651 4969 2868 5008 murum
2911 4934 3067 5022 quasi
3107 4953 3397 5022 quemdam

1827 5052 2008 5098 statuo
2030 5056 2102 5108 te,
2141 5055 2200 5098 ut
2228 5045 2422 5114 possis,
2464 5044 2615 5112 rupis
2637 5044 2809 5097 instar
2843 5042 3179 5098 constitutus
3203 5043 3400 5098 adver-

1827 5149 1920 5189 sus
1955 5133 2155 5189 ﬂuetus
2201 5152 2266 5190 ex
2292 5134 2556 5187 ’l‘riballis
2599 5143 2855 5204 tauquam
2898 5153 2966 5190 ex
3023 5139 3243 5190 immani
3277 5152 3402 5204 pro-

1831 5225 2003 5279 fundo
2032 5227 2480 5287 cﬂ'ervescentes,
2517 5224 2614 5278 tibi
2655 5223 2876 5293 quidem
2909 5234 3238 5295 tropaeorum
3279 5224 3398 5276 illu-

1832 5318 2026 5371 strium
2067 5319 2410 5371 occasionem
2460 5327 2698 5385 paratam
2754 5315 2982 5382 habere,
3023 5316 3181 5370 nobis
3219 5325 3401 5368 autem

1832 5410 2184 5464 securitatem
2217 5419 2494 5479 praestare.
2526 5407 2663 5464 liinc
2691 5409 2781 5462 fiet
2811 5405 2863 5463 in
2893 5406 3106 5478 primis,
3131 5416 3189 5462 ut
3209 5421 3402 5476 magna

1835 5503 1933 5556 tibi
1993 5503 2060 5556 ab
2093 5503 2240 5556 omni
2299 5502 2671 5556 Romanorum
2729 5516 2928 5573 genere
2981 5501 3202 5555 laudum
3246 5512 3398 5566 seges

1495 5647 1833 5710 Vario-rum
1871 5656 2056 5710 uotae.

218 5784 499 5878 (Rl‘h'fﬁw
530 5786 669 5838 κατὰ
709 5783 1038 5878 Χαλκιδικὴν
1085 5784 1288 5840 πόλεων
1320 5781 1701 5855 ιιτίιείρειυτίιιη

1829 5793 1926 5842 tam
1962 5785 2215 5842 Mattbzeo
2282 5787 2392 5842 [ilio
2453 5786 2657 5845 indicat
2716 5787 3132 5844 Cantacuzcnus
3168 5787 3267 5842 lib.
3322 5797 3396 5842 Νι

151 5847 268 5925 cap.
295 5847 380 5910 lt).
415 5857 653 5908 Ducam.
959 5888 967 5902 .

395 5949 670 6010 Parum.
703 5949 820 6010 Gtt.
857 5948 1082 6012 CXLVI
1098 5952 1143 6010 ίῐ

2903 5950 2977 6011 3'4
