3920 6600
226 553 345 617 Ῑοῖτ
605 538 678 609 [Α.
719 553 769 595 c.
816 536 976 612 ιδιη

1135 540 1577 603 BYZANTIN/E
1606 536 1990 601 HlSTORI/E
2018 537 2162 599 LIB.
2190 537 2345 598 XVI.

3279 530 3296 591 1
3309 531 3419 593 0'78

2480 529 2612 602 [ιιιιι.
2654 548 2698 585 .i.
2741 544 3028 586 ωιτηουτ.
3074 527 3127 600 ι]

218 668 337 736 πρὸς
359 663 458 716 τῶν
482 659 764 729 παρόντων
793 659 883 714 διὰ
910 661 973 713 τὸ
1022 659 1115 713 τοῦ
1148 658 1315 729 ἧθους
1343 656 1575 731 ἥμερον,
1608 658 1754 728 ἥπερ

1864 654 2058 724 magis,
2111 653 2256 724 quod
2309 662 2452 708 esset
2501 652 2616 707 miti
2660 653 2898 723 ingenio,
2931 666 3093 721 quam
3140 664 3247 708 me.
3276 649 3420 717 quod

218 756 313 824 ἐγὼ
338 753 420 808 διὰ
444 751 502 805 τὸ
529 750 620 805 τοῦ
646 749 808 820 ζήλου
839 751 1145 820 θυμοειδές.

276 869 347 923 Z'.
375 866 584 920 Τούτων
604 865 651 918 δ’
680 864 853 928 οὕτως
877 865 1132 935 ἐχόντων,
1162 864 1258 918 καὶ
1285 862 1430 919 οὕτω
1468 861 1754 934 χωρούσης

213 958 302 1026 τῆς
331 955 432 1009 τῶν
476 955 814 1025 πραγμάτων
858 958 1053 1026 τύχης,
1088 956 1199 1009 οὐδ’
1246 956 1420 1020 οὕτως
1456 951 1526 1028 ἦν
1572 956 1752 1027 ἡσυχῆ

212 1049 495 1119 καθήμενον
524 1046 710 1117 φέρειν
737 1047 839 1115 ἐμέ
868 1064 882 1078 ·
912 1047 1029 1101 ἀλλ’
1059 1048 1392 1120 ἐδυσφόρουν
1419 1049 1513 1103 καὶ
1552 1048 1755 1119 ῆσχαλ-

213 1140 309 1202 λον,
341 1137 430 1191 καὶ
464 1139 636 1206 μέσης
666 1138 868 1208 ἥπτετό
903 1155 1005 1206 μου
1034 1143 1134 1203 τῆς
1185 1141 1410 1210 καρδίας
1439 1141 1499 1194 τὸ
1533 1141 1712 1204 πάθος
1733 1157 1748 1171 °

210 1230 285 1301 [P.
320 1227 440 1301 520]
474 1230 567 1283 καὶ
609 1231 800 1300 καιρὸν
848 1233 947 1299 τῆς
996 1232 1137 1302 ἐμῆς
1167 1233 1392 1304 ἐζήτουν
1439 1234 1752 1305 προθέσεως

209 1322 341 1387 ἄξιόν
365 1339 435 1386 τι,
483 1323 612 1389 πρὶν
660 1322 765 1375 ὑπὸ
791 1320 971 1387 λύπης
1013 1324 1231 1387 παθεῖν,
1268 1325 1609 1396 δεδρακέναι.
1642 1326 1752 1380 Τοῦ

205 1415 257 1468 δὲ
278 1414 459 1483 χρόνου
496 1412 802 1484 χωροῦντος
844 1416 902 1478 ἐς
927 1415 991 1469 τδ
1018 1416 1118 1469 τοῦ·
1149 1418 1497 1488 φθινοπώρου
1551 1419 1749 1489 πέρας,

207 1503 375 1572 ιπειδὴ
403 1503 479 1573 τῷ
515 1503 727 1572 βασιλεῖ
756 1504 846 1558 διὰ
882 1505 1164 1571 Ματθαῖον
1194 1508 1287 1560 τὸν
1319 1509 1452 1572 υἱὸν,
1493 1507 1571 1572 ὡς
1598 1508 1754 1580 εἴρη-

203 1609 302 1658 ται,
328 1593 411 1647 διὰ
461 1594 701 1664 σπουδῆς
747 1597 1096 1663 ἀφικνεῖσθαι
1143 1602 1200 1661 ἐς
1237 1600 1622 1669 Διδυμότειχον
1658 1595 1750 1670 ἦν,

203 1683 280 1736 ίνα
299 1684 360 1750 δὴ
388 1682 731 1751 λυπούμενον
759 1687 968 1739 ἐκεῖνον
998 1688 1498 1758 παραμυθούμενος
1528 1691 1621 1753 τὰς
1652 1689 1754 1758 τῆς

202 1772 451 1842 βασιλίδος
486 1774 742 1845 ,Εἰρήνης
805 1778 1141 1845 ἐπαγγελίας
1190 1780 1273 1843 εἰς
1323 1780 1486 1852 ἔργον
1544 1783 1751 1853 ἀγάγῃ.

197 1865 367 1919 τοῦτον
397 1866 506 1932 ἐγὼ
539 1869 633 1921 τὸν
662 1871 855 1940 καιρὸν
879 1872 1089 1939 ἀγαθὸν
1118 1874 1468 1943 ἡγησάμενος
1498 1874 1751 1945 ἕρμαιον,

1861 745 2039 802 zelum
2080 746 2389 803 animosum
2421 744 2756 812 praeferrem.

1928 858 2042 915 VII.
2074 858 2200 916 Haec
2232 874 2357 914 cum
2387 858 2461 913 ita
2491 866 2697 924 essent,
2726 867 2782 913 et
2815 858 2868 912 in
2898 857 3044 912 hunc
3078 854 3299 909 modum
3337 871 3426 907 res

1855 952 2235 1018 succederent,
2267 967 2377 1006 nec
2401 950 2527 1007 'tum
2552 953 2777 1022 quidem
2807 952 2959 1021 potui
2990 951 3210 1021 quietus
3235 952 3426 1003 sedere

1857 1050 1914 1098 et
1962 1043 2240 1114 patienter
2293 1042 2484 1109 ferre;
2531 1043 2626 1097 sed
2692 1058 2835 1113 :egre
2884 1044 2979 1096 tuli
3026 1053 3082 1096 et
3114 1028 3428 1110 indignatus

1856 1148 2003 1197 sum,
2028 1141 2087 1188 et
2111 1133 2364 1188 intimum
2393 1142 2588 1204 pectus
2612 1132 2769 1187 dolor
2798 1133 3013 1199 attigit;
3040 1141 3204 1201 atque
3230 1148 3429 1201 Oppor-

1857 1233 2049 1279 tunum
2085 1241 2151 1280 ex
2182 1241 2251 1281 eo
2276 1235 2491 1295 tempus
2519 1226 2756 1295 captavi,
2790 1236 2851 1280 ut
2877 1233 3169 1293 antequam
3206 1223 3426 1276 ΠτωΓοτί

1855 1317 2299 1381 succumberem,
2348 1317 2555 1386 aliquid
2590 1316 2873 1387 pmposito
2912 1331 3035 1370 meo
3066 1315 3289 1384 dignum
3332 1331 3430 1365 na-

1854 1423 2065 1463 varem.
2097 1408 2371 1479 Tempore
2420 1409 2604 1479 itaque
2632 1410 2985 1479 procedente,
3028 1409 3132 1463 sub
3176 1409 3426 1461 autumni

1856 1499 2042 1563 tinent,
2084 1514 2206 1555 cum
2262 1499 2346 1569 (ut
2393 1498 2652 1569 diximus)
2700 1498 2998 1567 imperator
3054 1498 3287 1553 Mattha-i
3333 1498 3424 1550 lilii

1858 1606 2027 1646 causa
2061 1590 2506 1663 Didymoticlium
2537 1593 2614 1647 ire
2642 1593 2949 1652 festinaret,
2987 1594 3195 1646 tristem
3228 1592 3427 1644 videli-

1856 1682 1947 1739 εει
1995 1700 2122 1739 eum
2154 1683 2563 1747 consolaturus,
2596 1694 2653 1740 et
2687 1685 3054 1754 imperatricis
3091 1685 3275 1737 lrenes
3306 1702 3430 1752 pro-

1857 1776 2025 1831 missa
2059 1775 2411 1847 perfecturus
2440 1793 2457 1842 ;
2485 1774 2620 1830 illud
2651 1791 2752 1844 ego
2786 1786 2999 1845 tempus
3041 1776 3093 1827 in
3141 1776 3297 1829 luero
3333 1775 3432 1827 de-

1855 1877 2076 1937 putans,
2111 1876 2171 1923 et
2226 1868 2362 1923 mihi
2408 1868 2477 1923 ad
2515 1883 2578 1922 ea
2610 1850 2732 1935 qua:
2770 1868 3096 1928 meditabar,
3134 1867 3290 1919 valde
3335 1882 3432 1932 np-

196 1958 283 2008 καὶ
324 1960 435 2019 τοῖς
468 1962 873 2028 σκοπουμένοις
923 1965 1185 2027 ἐπιεικῶς
1238 1982 1330 2035 μοι
1380 1957 1750 2036 προσήκοντα,

1860 1969 2161 2032 portunum
2235 1970 2409 2021 ratus.
2466 1961 2867 2031 imperatricem
2925 1961 3116 2014 lrenen
3171 1960 3425 2029 privatim
3498 2018 3507 2029 κ

195 2052 440 2120 πρόσειμι
490 2055 619 2106 κατ’
655 2055 792 2108 ἰδίαν
844 2057 1046 2128 Εἰρήνῃ
1096 2061 1161 2127 τῇ
1201 2058 1458 2128 βασιλίδι,
1508 2061 1601 2115 καὶ
1638 2063 1754 2131 ἅμα

191 2142 278 2193 τοῦ
312 2159 370 2195 τε
404 2141 573 2215 ζήλου
631 2145 791 2216 δῆλον
824 2148 1019 2219 τίθημι
1058 2152 1119 2204 τὸ
1157 2151 1354 2219 φλέγον
1388 2153 1482 2206 καὶ
1525 2153 1655 2216 τούς
1688 2171 1754 2220 γε

194 2231 323 2302 ὑπὲρ
370 2234 664 2299 εὐσεϐείας
710 2236 991 2308 ἄνθρακας
1048 2241 1418 2296 ἀνακαλύπτω
1460 2245 1557 2314 τῆς
1614 2246 1755 2315 ὲμῆς

194 2325 427 2393 καρδίας,
455 2329 603 2382 κάπὶ
624 2331 728 2401 νέῳ
757 2332 852 2385 καὶ
879 2332 1185 2404 ἀκμάζοντι
1214 2337 1290 2407 τῷ
1323 2337 1415 2391 τοῦ
1440 2338 1633 2402 παιδὸς
1658 2340 1755 2409 τὴν

188 2417 404 2485 καρδίαν
433 2421 577 2483 τέως
630 2422 1016 2494 ἡσχολημένην
1058 2427 1247 2481 πένθει
1286 2428 1388 2498 τῆς
1423 2430 1633 2484 ἐκείνου
1667 2449 1756 2484 τε·

189 2506 368 2576 λευτῆς
401 2512 736 2567 αἰτιώτατον
766 2514 1006 2583 ἔφασκον
1038 2513 1303 2590 εἶναιτὴν
1328 2519 1438 2572 τῶν
1466 2521 1756 2591 δογμάτων

187 2601 475 2654 κατάλυσιν
499 2620 515 2634 ο
544 2600 616 2675 ἦς
647 2605 675 2657 ὁ
702 2607 914 2660 ἐκείνου
945 2609 1133 2680 πατὴρ
1164 2610 1489 2682 ἐνδιαίτημα
1537 2616 1755 2683 βέϐαιον

189 2693 481 2763 πεπραχὼς
506 2697 618 2767 τὴν
640 2698 873 2765 καρδίαν
902 2702 1169 2771 μεγίστην
1200 2706 1311 2767 τοῖς
1343 2708 1535 2767 κακοῖς
1566 2708 1758 2761 ἐδεδώ-

185 2800 266 2839 κει
295 2790 471 2857 ῥοπὴν
503 2793 591 2853 είς
620 2792 718 2862 τὴν
751 2794 851 2862 τῆς
883 2795 1081 2858 κακίας
1103 2797 1365 2853 ἐπίδοσιν.
1394 2800 1559 2854 Ταῦτ’
1582 2802 1756 2855 εἰπὼν

185 2881 271 2933 καὶ
303 2882 477 2938 πλείω
507 2888 626 2947 τοῖς
657 2887 971 2955 εἰρημένοις
1010 2891 1280 2944 ἀκόλουθα
1328 2896 1662 2965 παρενείρας
1693 2901 1755 2951 ἐκ

181 2973 274 3040 τῆς
305 2976 543 3048 Γραφῆς
581 2981 715 3050 ῥᾷον
758 2982 790 3051 ἦ
832 2983 975 3035 κατά
1025 2984 1126 3048 τὰς
1166 2987 1387 3050 ἐλπίδας
1417 2991 1586 3061 αὐτὴν
1629 2994 1757 3044 έπε-

182 3067 406 3123 πείκειν.
444 3071 745 3141 Ἀγχίνους
793 3075 903 3143 γὰρ
948 3072 1085 3131 οὖσα
1116 3082 1272 3146 γυνὴ,
1321 3082 1419 3135 καὶ
1451 3084 1753 3156 ⁸δεισοιιιένη

183 3156 252 3228 μὴ
316 3160 517 3222 πένθος
574 3165 674 3216 ἐπὶ
735 3166 920 3219 πένθει
969 3169 1250 3241 προσλάϐῃ
1315 3174 1755 3243 παροξυνομένου

176 3249 327 3317 Θεοῦ,
365 3255 614 3325 ξυνῆκεν
663 3257 825 3321 εὐθὺς
859 3260 953 3312 καὶ
996 3263 1288 3331 κράτιστος
1318 3260 1386 3335 ἦν
1432 3266 1527 3320 τοῦ
1565 3267 1755 3322 λοιποῦ

173 3346 283 3409 τοῖς
302 3347 459 3417 ἐμοῖς
491 3349 802 3420 συνήγορος
828 3352 1029 3420 λόγοις,
1052 3354 1255 3422 ἥκιστά
1275 3372 1334 3408 τε
1361 3358 1571 3429 ἐκεῖθεν
1591 3359 1753 3429 ἔληγε

174 3436 493 3508 λοιδοροῦσα
547 3444 652 3495 καὶ
698 3442 1081 3515 σκληροτέροις
1112 3448 1240 3511 τοὺς
1290 3449 1390 3518 τῆς
1429 3450 1755 3520 Ἐκκλησίας

171 3527 364 3595 λύκους
402 3532 691 3603 βάλλουσα
744 3535 1098 3606 σκώμμασιν.
1142 3540 1425 3594 Ἐντεῦθεν
1464 3545 1665 3612 τούμὸν
1695 3546 1754 3596 ὲν

170 3625 368 3687 πάσαις
398 3626 600 3679 ἔκειτο
627 3625 900 3694 γλώσσαις
933 3620 1125 3699 δνόμα,
1152 3634 1385 3701 πρᾶγμα
1410 3635 1755 3700 τετελεκότος

169 3716 366 3786 μικροῦ
398 3721 522 3781 τοῖς
566 3720 715 3781 ὅλοις
748 3722 1101 3788 ἀπογνωσθὲν
1133 3726 1224 3776 καὶ
1257 3725 1480 3795 ἣκιστα,
1514 3730 1643 3798 πρὶν
1674 3734 1755 3793 είς

168 3805 323 3875 ἔργον
359 3809 575 3872 ἐλθεῖν,
614 3810 992 3879 ἐλπιζόμενον.
1030 3813 1202 3866 Τοῦτο
1234 3818 1352 3880 ταῖς
1384 3804 1755 3887 ὀδυνωμέναις

166 3896 301 3968 ὑπὲρ
332 3900 436 3970 τῆς
484 3902 824 3969 Ἐκκλησίας
865 3903 1065 3972 ψυχαῖς
1093 3905 1277 3972 ἡδείας
1307 3908 1582 3977 ἀναπνοῆς
1610 3927 1755 3973 τινος

164 3990 339 4053 ἔδοξεν
382 3993 489 4063 ἔαρ
528 3998 635 4046 καὶ
680 3995 888 4061 γλυκὺς
941 3996 1217 4064 θησαυρὸς
1263 4000 1626 4069 εὐφροσύνης,
1660 4006 1755 4056 καὶ

161 4082 282 4138 οὐδὲ
331 4088 541 4158 πόρῥω
605 4088 857 4157 χρηστῶν
890 4105 1054 4141 τινων
1105 4086 1174 4159 ἦν
1207 4090 1464 4154 ἐλπίδων.
1512 4095 1625 4147 οὐδ’
1674 4098 1754 4151 ἔτι

164 4174 308 4243 μέγα
339 4181 545 4232 πεῖσαι
580 4182 674 4231 καὶ
707 4179 929 4249 βασιλέα
961 4180 1171 4248 λοιπον,
1223 4184 1617 4256 συμμαχούσης
1638 4189 1755 4259 ’ἤδη

158 4268 222 4337 τῇ
255 4268 507 4340 ἀληθείᾳ
545 4270 645 4323 καὶ
686 4270 979 4341 βασιλίδος.

225 4401 313 4456 η’.
341 4403 526 4458 Ταῦτ’
561 4404 667 4456 οὐκ
693 4399 761 4475 ἧν
807 4404 1012 4459 ἀνεκτὰ
1045 4404 1278 4478 διαϐόλῳ
1312 4410 1405 4462 καὶ
1446 4411 1558 4473 τοῖς
1593 4412 1758 4482 ἀγγέ-

151 4495 263 4558 λοις
327 4496 511 4550 αὑτοῦ
540 4514 553 4527 ⁸
608 4495 741 4549 ἀλλὰ
800 4496 1029 4567 θόρυϐος
1075 4500 1218 4568 σφᾶς
1264 4500 1627 4570 ἠγκαλίζετο’
1663 4508 1756 4557 καὶ

155 4589 371 4655 μυρίων
402 4589 674 4642 θανάτων
702 4584 769 4659 ἦν
797 4590 1097 4659 φορτικώτε
1111 4609 1224 4662 ρον.
1261 4592 1353 4644 Διὸ
1398 4596 1507 4646 και
1529 4595 1664 4665 πρὶς
1695 4596 1753 4648 ἓν

1856 2052 2169 2118 convenio;
2200 2051 2301 2105 zeli
2334 2051 2609 2106 fervorem
2659 2051 2896 2115 declare,
2930 2061 2981 2104 et
3021 2052 3261 2103 animum
3307 2048 3430 2101 reli-

1858 2140 2038 2211 gionis
2063 2157 2263 2217 amore.
2282 2141 2674 2197 inﬂammatum
2703 2143 2913 2212 aperio.
2947 2142 3214 2209 Quoniam
3247 2152 3426 2194 autem

1858 2234 2065 2287 recenti
2106 2242 2162 2288 et
2198 2234 2371 2289 crudo
2420 2234 2517 2288 lilii
2560 2235 2760 2289 mortui
2795 2233 3069 2287 desiderio
3107 2233 3276 2287 teneri
3316 2232 3429 2283 ani-

1858 2339 2012 2378 mum
2050 2324 2173 2394 ejus
2221 2325 2504 2390 videbam,
2546 2341 2764 2380 causam
2808 2328 2941 2395 ejus
2980 2325 3169 2378 mortis
3209 2323 3429 2377 verissi-

1858 2431 2002 2470 mam
2047 2431 2168 2473 esse
2219 2418 2430 2472 aliirmo
2481 2419 2795 2489 dogmatum
2850 2421 3280 2488 corruptionem,
3338 2414 3428 2467 eui

1861 2516 2017 2576 pater
2045 2510 2287 2564 deluncti
2320 2511 2530 2564 lit-mam
2569 2511 2755 2565 sedem
2783 2526 2882 2564 suo
2918 2511 2970 2564 in
3008 2504 3172 2565 corde
3205 2511 3429 2569 ﬁxisset,

1859 2617 1922 2655 ac
1957 2604 2187 2671 proinde
2237 2605 2534 2658 maximum
2564 2604 2832 2674 improbis
2867 2606 3082 2673 pondus
3110 2602 3174 2656 ad
3210 2603 3433 2656 seuit-ris

1861 2694 2259 2749 incrementum
2289 2694 2611 2750 addidisset.
2639 2696 3160 2759 Haeclocutus,eum
3192 2702 3248 2748 ct
3277 2694 3431 2763 plura

1862 2785 1945 2839 his
1979 2785 2160 2839 aliinia
2194 2802 2259 2841 ex
2290 2801 2445 2841 sacra
2480 2787 2765 2856 Scriptura
2811 2787 3272 2851 interseruissem,
3299 2786 3429 2839 faci-

1859 2879 1967 2933 lius
1984 2879 2150 2952 826
2181 2895 2343 2948 quam
2363 2895 2712 2951 speraveram
2732 2880 2877 2935 illam
2900 2881 3167 2950 permovi.
3182 2879 3433 2934 Prudens

1858 2977 2059 3042 quippe
2091 2974 2308 3037 mulier,
2338 2974 2512 3029 verita
2548 2990 2617 3029 ne
2644 2974 2755 3031 Deo
2788 2974 3119 3028 exacerbato
3156 2974 3323 3028 alium
3363 2990 3431 3028 ex

1859 3068 1966 3121 alio
2012 3068 2223 3123 luctum
2273 3070 2581 3138 acciperet,
2625 3068 2896 3122 intellexit
2942 3071 3145 3131 statim.
3179 3080 3235 3125 et
3292 3072 3429 3128 meis

1858 3157 2044 3213 verbis
2069 3160 2338 3213 acerrime
2368 3159 2568 3214 deinde
2600 3148 2939 3229 patrocinata
2968 3170 3052 3215 est
3080 3177 3094 3225 ;
3134 3178 3234 3216 nec
3265 3161 3431 3215 desiit

1858 3265 1925 3304 ex
1950 3266 2018 3305 eo
2057 3250 2317 3305 insectari
2363 3259 2420 3306 et
2450 3251 2831 3306 acerbioribus
2858 3251 3021 3306 dictis
3059 3253 3216 3323 lupos
3248 3251 3432 3308 Eccle-

1786 3339 1829 3399 C
1860 3345 1953 3397 siae
1980 3345 2276 3399 incessere.
2316 3343 2494 3415 Cepit
2530 3344 2729 3400 deinde
2771 3362 2951 3400 meum
2986 3362 3184 3402 nomen
3218 3349 3269 3402 in
3312 3363 3430 3402 oni-

1862 3435 2013 3489 nium
2063 3450 2159 3491 ore
2195 3437 2427 3501 versari,
2463 3436 2699 3507 perfecta
2756 3453 2838 3503 re,
2892 3455 3013 3508 quae
3060 3440 3128 3493 ab
3173 3441 3430 3494 omnibus

1856 3526 2031 3583 ferme
2062 3527 2349 3597 deSperata
2382 3539 2519 3594 erat,
2554 3537 2609 3584 et
2639 3530 2960 3600 priusquam
2998 3531 3233 3601 perfecta
3258 3544 3424 3595 esset,

1859 3620 2085 3674 minime
2138 3621 2255 3675 lieri
2310 3637 2469 3692 posse
2523 3621 2832 3676 videbatur.
2884 3623 2937 3676 Id
2994 3607 3192 3677 animis
3255 3626 3423 3676 vieem

1856 3712 2115 3767 Ecclesia:
2146 3713 2461 3768 dolentibus
2494 3714 2668 3768 instar
2696 3717 2840 3768 veris
2880 3714 3005 3776 fuit,
3041 3716 3422 3768 suavissimam

1857 3819 2046 3858 auram
2096 3804 2432 3873 aspirantis;
2484 3804 2529 3859 is
2571 3806 2872 3874 voluptatis
2919 3805 3209 3858 thesaurus
3249 3805 3427 3859 duit-is

1862 3897 2080 3951 habitus
2109 3905 2191 3952 est
2218 3913 2233 3961 ;
2260 3912 2361 3951 nec
2391 3898 2551 3967 longe
2596 3913 2624 3951 a
2661 3898 2800 3953 bona
2843 3898 3025 3969 aliqua
3055 3914 3150 3969 spe
3180 3900 3425 3961 aberam,

1860 4003 1964 4042 nec
2012 3988 2276 4058 deinceps
2333 3992 2565 4043 arduum
2613 3997 2733 4044 erat
2780 3990 3166 4059 imperatorem
3210 4007 3427 4059 quoque

1857 4078 2098 4144 ﬂectere,
2148 4094 2272 4133 cum
2301 4081 2412 4149 jam
2459 4080 2575 4150 ipsa
2627 4080 2942 4151 imperatrix
2994 4081 3279 4137 nobiscum
3331 4099 3428 4153 pro

1857 4172 2089 4224 veritate
2122 4179 2406 4240 pugnaret.
3438 4182 3441 4185 '

1925 4414 2061 4470 Vlll.
2101 4414 2175 4468 Ea
2208 4413 2425 4488 diabolo
2451 4423 2506 4469 et
2552 4415 2760 4485 angelis
2788 4416 2911 4486 ejus
2943 4417 3247 4471 tolerabilia
3284 4417 3426 4470 haud

1857 4507 2121 4572 fuerunt;
2178 4506 2274 4561 sed
2342 4523 2441 4563 eos
2496 4508 2789 4578 trepidatio
2837 4509 3070 4573 invasit,
3120 4520 3175 4563 et
3233 4512 3428 4577 quavis

1860 4609 2036 4652 morte
2080 4598 2304 4667 gravius
2358 4597 2408 4651 id
2459 4598 2527 4653 iis
2567 4599 2744 4654 \‘i'sutn
2792 4608 2903 4658 est.
2938 4600 3187 4656 Coitione
3245 4599 3427 4668 itaque

146 4681 563 4753 ἀθροιζόμενοι
602 4681 857 4752 σύστημα
900 4684 1120 4749 πάντες,
1155 4686 1342 4739 ὀπόσοι
1374 4688 1471 4757 τῆς
1515 4692 1754 4759 πονηρᾶς

1861 4687 2023 4749 facta,
2067 4690 2386 4757 quicunque
2431 4703 2600 4756 pravo
2636 4687 2704 4744 de
2755 4704 2919 4760 grege
2968 4690 3149 4758 partiti
3200 4689 3338 4743 inter
3368 4708 3433 4743 so

149 4773 397 4842 φατρίας
433 4774 545 4837 τὰς
576 4774 687 4824 τῶν
714 4777 772 4825 ὲν
803 4772 1085 4846 Βυζαντίῳ
1129 4780 1558 4847 φροντιστηρίων
1583 4780 1757 4835 διέλα-

144 4881 241 4931 χον
271 4862 620 4934 προεδρίας,
656 4866 747 4917 καὶ
779 4866 883 4933 πρό
912 4884 976 4934 γε
1006 4867 1217 4921 τούτων
1247 4870 1273 4920 ὸ
1312 4870 1402 4920 τὸν
1430 4890 1758 4942 πατριαρχι-

145 4956 242 5006 κον
271 4956 427 5024 ἔχων
481 4957 763 5025 Ἰσίδωρος
817 4956 1028 5026 θρόνον,
1090 4959 1402 5032 προσῄεσαν
1450 4962 1659 5034 E'wiva
1690 4967 1753 5035 τῇ

141 5048 418 5117 βασιλίδι,
461 5048 682 5115 πολλὴν
707 5049 844 5117 ἐμοῦ
874 5050 1111 5120 δρῶντες
1144 5057 1209 5123 τῇ
1240 5053 1452 5124 γλώττῃ
1495 5056 1757 5120 καταδρο-

1860 4780 2074 4833 fuerant
2106 4779 2528 4849 Byzantiuurum
2559 4781 3016 4835 monasteriorum
3050 4780 3431 4848 prsrfeeturas,

1858 4883 1914 4924 et
1965 4880 2090 4925 ante
2132 4871 2231 4925 bos
2263 4871 2309 4925 is
2345 4872 2437 4941 qui
2488 4872 2906 4941 patriarcbalein
2951 4873 3137 4927 sedem
3180 4873 3425 4931 tenebat.

1860 4964 2138 5030 Isidorus,
2195 4965 2263 5020 ad
2317 4966 2723 5035 imperatricem
2778 4965 3323 5030 lreneuaacceduut,
3372 4977 3431 5021 et

1828 5053 2042 5122 .lingua
2096 5055 2151 5108 in
2205 5072 2291 5108 me
2340 5055 2543 5109 acriter
2596 5055 3035 5112 invecti‘multis
3082 5073 3170 5112 me
3209 5059 3427 5127 probris

1858 5147 2216 5215 cooperiunt.
2268 5147 2451 5216 eique,
2488 5157 2549 5202 ut
2597 5148 2668 5203 ab
2716 5151 2864 5204 omni
2922 5167 3151 5220 prorsus
3210 5168 3425 5206 mecum

142 5141 274 5209 μὴν,
320 5144 429 5195 καὶ
498 5140 712 5202 πολλὰς
754 5142 1117 5211 καταχέοντες
1170 5144 1458 5213 λοιδορίας,
1515 5149 1608 5200 καὶ
1659 5150 1754 5220 τὴν

134 5232 284 5303 ἐμὴν
318 5231 710 5287 ἀποσείεσθαι
761 5231 972 5286 πείθειν
1010 5234 1410 5304 ἐπιχειροῦντες
1452 5237 1755 5306 ὁλοσχερῶς

133 5326 397 5393 ὁμιλίαν.
449 5327 622 5377 Ἐπεὶ
650 5325 705 5377 δὲ
734 5325 903 5378 πολλά
936 5328 1278 5397 μογήσαντες
1301 5330 1506 5399 ἤνυσαν
1542 5330 1641 5397 μὲν
1668 5332 1756 5382 ού-

130 5416 247 5479 δὲν,
292 5416 630 5488 ἠλαύνοντο
675 5415 720 5469 δ’
750 5417 851 5469 οὐκ
905 5417 1032 5470 ἄνευ
1085 5417 1345 5487 μέμχιεων
1391 5420 1598 5472 ἐκεῖθεν
1653 5438 1755 5487 μα-

132 5510 315 5576 κρῶν,
356 5509 694 5578 γράμματα
748 5511 803 5570 ἐς
857 5508 1089 5577 βασιλέα
1136 5511 1236 5579 τὴν
1275 5511 1383 5563 τῶν
1432 5514 1754 5566 ἀποϐάντων

1859 5240 2267 5294 consuetudine
2317 5240 2627 5304 abstineat,
2681 5243 3015 5311 persuadere
3061 5246 3424 5299 contendunt.

1860 5332 1965 5385 Sed
2003 5350 2127 5386 eum
2164 5332 2237 5385 illi
2266 5348 2461 5402 magno
2501 5332 2692 5388 labore
2727 5350 2837 5388 non
2873 5334 3037 5389 modo
3062 5336 3201 5390 nihil
3235 5352 3429 5390 conse-

1858 5425 1970 5477 cuti
1999 5434 2205 5486 essent,
2234 5427 2326 5478 sed
2358 5434 2409 5476 et
2444 5422 2571 5478 inde
2610 5440 2717 5479 non
2751 5426 2870 5481 sine
2898 5426 3085 5480 multis
3125 5428 3426 5494 reprelien-

1861 5515 2110 5568 siouibus
2149 5514 2327 5568 exacti
2383 5524 2608 5578 essent.
2664 5515 2877 5570 litteras
2924 5518 2987 5570 ad
3038 5518 3421 5585 imperatorem

1858 5607 2104 5669 tuitttnt,
2149 5622 2212 5658 ea
2264 5622 2385 5675 qua:
2433 5606 2749 5661 acciderant
2796 5608 3190 5673 signiﬁcantes,
3238 5617 3424 5676 postn-

1856 5696 2101 5762 lziutque,
2139 5705 2197 5748 ut
2230 5695 2448 5748 omissis
2488 5698 2740 5766 negotiis,
2767 5698 2930 5766 827
2962 5713 3082 5767 qua:
3109 5697 3341 5767 plurima
3370 5711 3426 5753 et

1857 5787 2113 5842 tit‘lllbtls
2169 5790 2317 5843 euris
2366 5789 2526 5858 plena
2577 5806 2689 5858 prae
2742 5791 2996 5846 manibus
3055 5801 3186 5846 tunc
3240 5806 3421 5858 erant,

1860 5879 2176 5949 Byzantium
2229 5881 2470 5948 adiolet,
2510 5896 2703 5936 eorum
2742 5882 2972 5951 gloriam
3030 5887 3080 5936 in
3113 5894 3423 5941 extremum

1859 5974 2154 6029 diseritticu
2186 5973 2476 6030 adductam
2512 5973 2860 6031 dcfeuuuus.
2917 5976 3012 6032 llis
3064 5979 3167 6032 alia
3217 5977 3424 6035 zdzluut

128 5604 339 5675 ἔχοντα
374 5605 640 5673 δήλωσιν
672 5604 1005 5673 πέμπουσιν,
1039 5605 1322 5671 ἀξιοῦντες
1354 5607 1628 5674 ἀφέμενον
1657 5610 1751 5660 ὅσα

126 5698 179 5748 οἱ
213 5699 330 5750 ἀνά
369 5700 593 5766 χεῖρας
627 5695 814 5765 ἔτυχεν
849 5695 976 5748 ὅντα
1010 5697 1287 5766 δημοσίων
1332 5699 1631 5767 φροντίδων
1658 5702 1753 5765 γέ-

127 5806 317 5857 μοντα
351 5790 692 5860 πράγματα
721 5790 776 5849 ἐς
804 5787 1095 5851 Βυζάντιον
1121 5789 1355 5860 τάχιστα
1382 5790 1752 5857 ἀφικνεῖσθαι,

125 5882 294 5947 σφῶν
363 5879 737 5950 βοηθήσοντα
783 5879 929 5951 δόξῃ,
985 5880 1368 5950 κινδυνευούσῃ
1420 5883 1486 5932 τὰ
1540 5881 1750 5952 καίρια,

123 5972 224 6025 καὶ
256 5973 375 6026 ὅσα.
397 5971 507 6022 ἐπὶ
536 5969 749 6033 τούτοις
777 5970 1039 6027 ἀκόλουθα
1067 5966 1133 6043 ἦν
1163 5972 1236 6043 τῷ
1268 5970 1451 6042 σκοτεῴ
1476 5987 1488 6001 ο
1517 5969 1598 6043 [Ρ.
1628 5972 1750 6043 $32!]
