  <div class='ocr_page' id='page_1' title='image "/cluster/home/n/w/nwhite01/storage/ocr_20150623/148/hvd.32044019208362/559.png"; bbox 0 0 3920 6584; ppageno 0'>
   <div class='ocr_carea' id='block_1_1' title="bbox 563 356 1516 443">
    <p class='ocr_par' dir='ltr' id='par_1_1' title="bbox 563 356 1516 443">
     <span class='ocr_line' id='line_1_1' title="bbox 563 356 1516 443; baseline -0.013 -21"><span class='ocrx_word' id='word_1_1' title='bbox 563 367 724 443; x_wconf 68' lang='lat' dir='ltr'><strong>)UJtl</strong></span> <span class='ocrx_word' id='word_1_2' title='bbox 900 363 975 426; x_wconf 72' lang='grc' dir='ltr'><strong>[Α.</strong></span> <span class='ocrx_word' id='word_1_3' title='bbox 1017 369 1074 408; x_wconf 81' lang='grc' dir='ltr'>ιι.</span> <span class='ocrx_word' id='word_1_4' title='bbox 1111 360 1270 420; x_wconf 64' lang='lat'><strong>6356,</strong></span> <span class='ocrx_word' id='word_1_5' title='bbox 1311 371 1418 411; x_wconf 72' lang='lat' dir='ltr'><strong>txo.</strong></span> <span class='ocrx_word' id='word_1_6' title='bbox 1464 356 1516 429; x_wconf 88' lang='lat' dir='ltr'><strong>l]</strong></span> 
     </span>
    </p>
   </div>
   <div class='ocr_carea' id='block_1_2' title="bbox 578 567 2142 641">
    <p class='ocr_par' dir='ltr' id='par_1_2' title="bbox 578 567 2142 641">
     <span class='ocr_line' id='line_1_2' title="bbox 578 567 2142 641; baseline 0.005 -22"><span class='ocrx_word' id='word_1_7' title='bbox 578 567 768 621; x_wconf 89' lang='lat' dir='ltr'><strong>riculis</strong></span> <span class='ocrx_word' id='word_1_8' title='bbox 797 567 1032 632; x_wconf 74' lang='lat' dir='ltr'><strong>ohjicere</strong></span> <span class='ocrx_word' id='word_1_9' title='bbox 1055 580 1134 632; x_wconf 90' lang='lat' dir='ltr'><strong>se,</strong></span> <span class='ocrx_word' id='word_1_10' title='bbox 1163 576 1250 619; x_wconf 83' lang='lat' dir='ltr'><strong>tan</strong></span> <span class='ocrx_word' id='word_1_11' title='bbox 1279 582 1418 633; x_wconf 80' lang='lat' dir='ltr'><strong>a-pte</strong></span> <span class='ocrx_word' id='word_1_12' title='bbox 1445 569 1750 625; x_wconf 87' lang='lat' dir='ltr'><strong>temeritate</strong></span> <span class='ocrx_word' id='word_1_13' title='bbox 1776 571 1938 626; x_wconf 87' lang='lat' dir='ltr'><strong>vitam</strong></span> <span class='ocrx_word' id='word_1_14' title='bbox 1983 571 2142 641; x_wconf 89' lang='lat' dir='ltr'><strong>quasi</strong></span> 
     </span>
    </p>
   </div>
   <div class='ocr_carea' id='block_1_3' title="bbox 576 658 986 714">
    <p class='ocr_par' dir='ltr' id='par_1_3' title="bbox 576 658 986 714">
     <span class='ocr_line' id='line_1_3' title="bbox 576 658 986 714; baseline 0 -1"><span class='ocrx_word' id='word_1_15' title='bbox 576 658 749 714; x_wconf 86' lang='lat' dir='ltr'><strong>aleam</strong></span> <span class='ocrx_word' id='word_1_16' title='bbox 778 659 986 714; x_wconf 89' lang='lat' dir='ltr'><strong>ludere.</strong></span> 
     </span>
    </p>
   </div>
   <div class='ocr_carea' id='block_1_4' title="bbox 646 748 2143 823">
    <p class='ocr_par' dir='ltr' id='par_1_4' title="bbox 646 748 2143 823">
     <span class='ocr_line' id='line_1_4' title="bbox 646 748 2143 823; baseline 0.003 -19"><span class='ocrx_word' id='word_1_17' title='bbox 646 748 713 804; x_wconf 85' lang='grc' dir='ltr'><strong>ν.</strong></span> <span class='ocrx_word' id='word_1_18' title='bbox 756 751 909 816; x_wconf 88' lang='lat' dir='ltr'><strong>Quod</strong></span> <span class='ocrx_word' id='word_1_19' title='bbox 960 751 1124 822; x_wconf 80' lang='lat' dir='ltr'><strong>igitur</strong></span> <span class='ocrx_word' id='word_1_20' title='bbox 1150 752 1352 807; x_wconf 87' lang='lat' dir='ltr'><strong>habere</strong></span> <span class='ocrx_word' id='word_1_21' title='bbox 1401 751 1686 823; x_wconf 86' lang='lat' dir='ltr'><strong>oportebat</strong></span> <span class='ocrx_word' id='word_1_22' title='bbox 1717 751 2011 819; x_wconf 79' lang='lat' dir='ltr'><strong>Romanos,</strong></span> <span class='ocrx_word' id='word_1_23' title='bbox 2076 753 2143 808; x_wconf 90' lang='lat' dir='ltr'><strong>ad</strong></span> 
     </span>
    </p>
   </div>
   <div class='ocr_carea' id='block_1_5' title="bbox 575 833 2140 915">
    <p class='ocr_par' dir='ltr' id='par_1_5' title="bbox 575 833 2140 915">
     <span class='ocr_line' id='line_1_5' title="bbox 575 833 2140 915; baseline 0.002 -19"><span class='ocrx_word' id='word_1_24' title='bbox 575 857 712 912; x_wconf 89' lang='lat' dir='ltr'><strong>quos</strong></span> <span class='ocrx_word' id='word_1_25' title='bbox 733 833 1071 913; x_wconf 80' lang='lat' dir='ltr'><strong>principatus</strong></span> <span class='ocrx_word' id='word_1_26' title='bbox 1091 845 1422 915; x_wconf 87' lang='lat' dir='ltr'><strong>pertinebat.</strong></span> <span class='ocrx_word' id='word_1_27' title='bbox 1444 844 1495 899; x_wconf 88' lang='lat' dir='ltr'><strong>id</strong></span> <span class='ocrx_word' id='word_1_28' title='bbox 1517 843 1690 898; x_wconf 87' lang='lat' dir='ltr'><strong>Latini</strong></span> <span class='ocrx_word' id='word_1_29' title='bbox 1710 843 1816 898; x_wconf 90' lang='lat' dir='ltr'><strong>illis</strong></span> <span class='ocrx_word' id='word_1_30' title='bbox 1829 845 2140 915; x_wconf 87' lang='lat' dir='ltr'><strong>ademptum</strong></span> 
     </span>
    </p>
   </div>
   <div class='ocr_carea' id='block_1_6' title="bbox 574 931 2142 1006">
    <p class='ocr_par' dir='ltr' id='par_1_6' title="bbox 574 931 2142 1006">
     <span class='ocr_line' id='line_1_6' title="bbox 574 931 2142 1006; baseline 0.003 -18"><span class='ocrx_word' id='word_1_31' title='bbox 574 944 632 988; x_wconf 91' lang='lat' dir='ltr'><strong>et</strong></span> <span class='ocrx_word' id='word_1_32' title='bbox 667 931 733 989; x_wconf 89' lang='lat' dir='ltr'><strong>ad</strong></span> <span class='ocrx_word' id='word_1_33' title='bbox 770 950 829 990; x_wconf 89' lang='lat' dir='ltr'><strong>se</strong></span> <span class='ocrx_word' id='word_1_34' title='bbox 883 936 1201 990; x_wconf 87' lang='lat' dir='ltr'><strong>translatmn</strong></span> <span class='ocrx_word' id='word_1_35' title='bbox 1235 937 1415 1006; x_wconf 80' lang='lat' dir='ltr'><strong>adepti</strong></span> <span class='ocrx_word' id='word_1_36' title='bbox 1481 945 1611 992; x_wconf 81' lang='lat' dir='ltr'><strong>sunt</strong></span> <span class='ocrx_word' id='word_1_37' title='bbox 1659 935 1848 992; x_wconf 90' lang='lat' dir='ltr'><strong>sedula</strong></span> <span class='ocrx_word' id='word_1_38' title='bbox 1888 945 1942 992; x_wconf 91' lang='lat' dir='ltr'><strong>et</strong></span> <span class='ocrx_word' id='word_1_39' title='bbox 1984 947 2142 992; x_wconf 90' lang='lat' dir='ltr'><strong>cauta</strong></span> 
     </span>
    </p>
   </div>
   <div class='ocr_carea' id='block_1_7' title="bbox 573 1026 2143 1098">
    <p class='ocr_par' dir='ltr' id='par_1_7' title="bbox 573 1026 2143 1098">
     <span class='ocr_line' id='line_1_7' title="bbox 573 1026 2143 1098; baseline 0.001 -18"><span class='ocrx_word' id='word_1_40' title='bbox 573 1027 887 1097; x_wconf 82' lang='lat' dir='ltr'><strong>provisione</strong></span> <span class='ocrx_word' id='word_1_41' title='bbox 915 1026 1212 1097; x_wconf 87' lang='lat' dir='ltr'><strong>solertique</strong></span> <span class='ocrx_word' id='word_1_42' title='bbox 1263 1027 1563 1098; x_wconf 79' lang='lat' dir='ltr'><strong>diligentia.</strong></span> <span class='ocrx_word' id='word_1_43' title='bbox 1630 1027 1822 1082; x_wconf 85' lang='lat' dir='ltr'><strong>(hnnia</strong></span> <span class='ocrx_word' id='word_1_44' title='bbox 1859 1027 2005 1081; x_wconf 87' lang='lat' dir='ltr'><strong>enim</strong></span> <span class='ocrx_word' id='word_1_45' title='bbox 2061 1029 2143 1082; x_wconf 86' lang='lat' dir='ltr'><strong>his</strong></span> 
     </span>
    </p>
   </div>
   <div class='ocr_carea' id='block_1_8' title="bbox 527 1119 2140 1190">
    <p class='ocr_par' dir='ltr' id='par_1_8' title="bbox 527 1119 2140 1190">
     <span class='ocr_line' id='line_1_8' title="bbox 527 1119 2140 1190; baseline -0.001 -16"><span class='ocrx_word' id='word_1_46' title='bbox 527 1131 533 1137; x_wconf 93' lang='lat'>&#39;</span> <span class='ocrx_word' id='word_1_47' title='bbox 569 1119 853 1190; x_wconf 81' lang='lat' dir='ltr'><strong>splendide</strong></span> <span class='ocrx_word' id='word_1_48' title='bbox 892 1127 1079 1190; x_wconf 78' lang='lat' dir='ltr'><strong>parata</strong></span> <span class='ocrx_word' id='word_1_49' title='bbox 1107 1126 1285 1185; x_wconf 87' lang='lat' dir='ltr'><strong>erant,</strong></span> <span class='ocrx_word' id='word_1_50' title='bbox 1316 1120 1669 1185; x_wconf 90' lang='lat' dir='ltr'><strong>frumentum,</strong></span> <span class='ocrx_word' id='word_1_51' title='bbox 1691 1133 1862 1181; x_wconf 88' lang='lat' dir='ltr'><strong>arma,</strong></span> <span class='ocrx_word' id='word_1_52' title='bbox 1887 1119 2140 1188; x_wconf 91' lang='lat' dir='ltr'><strong>pecunia,</strong></span> 
     </span>
    </p>
   </div>
   <div class='ocr_carea' id='block_1_9' title="bbox 569 1209 2140 1281">
    <p class='ocr_par' dir='ltr' id='par_1_9' title="bbox 569 1209 2140 1281">
     <span class='ocr_line' id='line_1_9' title="bbox 569 1209 2140 1281; baseline 0 -17"><span class='ocrx_word' id='word_1_53' title='bbox 569 1231 621 1264; x_wconf 76' lang='lat' dir='ltr'><strong>ei</strong></span> <span class='ocrx_word' id='word_1_54' title='bbox 654 1212 874 1266; x_wconf 84' lang='lat' dir='ltr'><strong>navales</strong></span> <span class='ocrx_word' id='word_1_55' title='bbox 905 1211 1094 1281; x_wconf 68' lang='lat' dir='ltr'><strong>cepite,</strong></span> <span class='ocrx_word' id='word_1_56' title='bbox 1151 1225 1337 1281; x_wconf 71' lang='lat' dir='ltr'><strong>eaeque</strong></span> <span class='ocrx_word' id='word_1_57' title='bbox 1395 1227 1610 1280; x_wconf 78' lang='lat' dir='ltr'><strong>semper</strong></span> <span class='ocrx_word' id='word_1_58' title='bbox 1637 1209 1932 1266; x_wconf 84' lang='lat' dir='ltr'><strong>validiores</strong></span> <span class='ocrx_word' id='word_1_59' title='bbox 1977 1226 2140 1280; x_wconf 90' lang='lat' dir='ltr'><strong>quam</strong></span> 
     </span>
    </p>
   </div>
   <div class='ocr_carea' id='block_1_10' title="bbox 570 1301 898 1373">
    <p class='ocr_par' dir='ltr' id='par_1_10' title="bbox 570 1301 898 1373">
     <span class='ocr_line' id='line_1_10' title="bbox 570 1301 898 1373; baseline 0.009 -19"><span class='ocrx_word' id='word_1_60' title='bbox 570 1301 898 1373; x_wconf 62' lang='lat' dir='ltr'><strong>Byzantium.</strong></span> 
     </span>
    </p>
   </div>
   <div class='ocr_carea' id='block_1_11' title="bbox 646 1393 2143 1465">
    <p class='ocr_par' dir='ltr' id='par_1_11' title="bbox 646 1393 2143 1465">
     <span class='ocr_line' id='line_1_11' title="bbox 646 1393 2143 1465; baseline 0.001 -16"><span class='ocrx_word' id='word_1_61' title='bbox 646 1395 731 1449; x_wconf 78' lang='lat' dir='ltr'><strong>\‘l.</strong></span> <span class='ocrx_word' id='word_1_62' title='bbox 760 1393 823 1448; x_wconf 86' lang='lat' dir='ltr'><strong>lli</strong></span> <span class='ocrx_word' id='word_1_63' title='bbox 851 1395 1055 1465; x_wconf 86' lang='lat' dir='ltr'><strong>itaque,</strong></span> <span class='ocrx_word' id='word_1_64' title='bbox 1078 1409 1202 1450; x_wconf 92' lang='lat' dir='ltr'><strong>cum</strong></span> <span class='ocrx_word' id='word_1_65' title='bbox 1235 1405 1290 1449; x_wconf 89' lang='lat' dir='ltr'><strong>et</strong></span> <span class='ocrx_word' id='word_1_66' title='bbox 1314 1395 1416 1450; x_wconf 90' lang='lat' dir='ltr'><strong>hoc</strong></span> <span class='ocrx_word' id='word_1_67' title='bbox 1443 1405 1686 1465; x_wconf 88' lang='lat' dir='ltr'><strong>tempore</strong></span> <span class='ocrx_word' id='word_1_68' title='bbox 1709 1395 1840 1450; x_wconf 86' lang='lat' dir='ltr'><strong>nihil</strong></span> <span class='ocrx_word' id='word_1_69' title='bbox 1891 1394 1997 1451; x_wconf 84' lang='lat' dir='ltr'><strong>sibi</strong></span> <span class='ocrx_word' id='word_1_70' title='bbox 2045 1393 2143 1450; x_wconf 84' lang='lat' dir='ltr'><strong>ob-</strong></span> 
     </span>
    </p>
   </div>
   <div class='ocr_carea' id='block_1_12' title="bbox 567 1486 2142 1558">
    <p class='ocr_par' dir='ltr' id='par_1_12' title="bbox 567 1486 2142 1558">
     <span class='ocr_line' id='line_1_12' title="bbox 567 1486 2142 1558; baseline 0.001 -18"><span class='ocrx_word' id='word_1_71' title='bbox 567 1496 714 1541; x_wconf 89' lang='lat' dir='ltr'><strong>stare</strong></span> <span class='ocrx_word' id='word_1_72' title='bbox 737 1487 1048 1551; x_wconf 88' lang='lat' dir='ltr'><strong>crederent,</strong></span> <span class='ocrx_word' id='word_1_73' title='bbox 1088 1486 1254 1542; x_wconf 88' lang='lat' dir='ltr'><strong>maris</strong></span> <span class='ocrx_word' id='word_1_74' title='bbox 1283 1487 1518 1556; x_wconf 86' lang='lat' dir='ltr'><strong>imperio</strong></span> <span class='ocrx_word' id='word_1_75' title='bbox 1546 1486 1711 1558; x_wconf 93' lang='lat' dir='ltr'><strong>potiri</strong></span> <span class='ocrx_word' id='word_1_76' title='bbox 1733 1498 1788 1540; x_wconf 90' lang='lat' dir='ltr'><strong>et</strong></span> <span class='ocrx_word' id='word_1_77' title='bbox 1833 1487 1992 1542; x_wconf 88' lang='lat' dir='ltr'><strong>Ponti</strong></span> <span class='ocrx_word' id='word_1_78' title='bbox 2025 1487 2142 1542; x_wconf 87' lang='lat' dir='ltr'><strong>fau-</strong></span> 
     </span>
    </p>
   </div>
   <div class='ocr_carea' id='block_1_13' title="bbox 565 1578 2141 1649">
    <p class='ocr_par' dir='ltr' id='par_1_13' title="bbox 565 1578 2141 1649">
     <span class='ocr_line' id='line_1_13' title="bbox 565 1578 2141 1649; baseline 0 -17"><span class='ocrx_word' id='word_1_79' title='bbox 565 1594 657 1632; x_wconf 87' lang='lat' dir='ltr'><strong>ces</strong></span> <span class='ocrx_word' id='word_1_80' title='bbox 686 1580 833 1632; x_wconf 73' lang='lat' dir='ltr'><strong>velut</strong></span> <span class='ocrx_word' id='word_1_81' title='bbox 864 1593 992 1634; x_wconf 86' lang='lat' dir='ltr'><strong>suas</strong></span> <span class='ocrx_word' id='word_1_82' title='bbox 1019 1578 1260 1633; x_wconf 83' lang='lat' dir='ltr'><strong>insidere</strong></span> <span class='ocrx_word' id='word_1_83' title='bbox 1283 1581 1422 1634; x_wconf 92' lang='lat' dir='ltr'><strong>acin</strong></span> <span class='ocrx_word' id='word_1_84' title='bbox 1455 1580 1520 1634; x_wconf 89' lang='lat' dir='ltr'><strong>iis</strong></span> <span class='ocrx_word' id='word_1_85' title='bbox 1565 1579 1809 1634; x_wconf 84' lang='lat' dir='ltr'><strong>decimas</strong></span> <span class='ocrx_word' id='word_1_86' title='bbox 1855 1578 2141 1649; x_wconf 86' lang='lat' dir='ltr'><strong>percipere</strong></span> 
     </span>
    </p>
   </div>
   <div class='ocr_carea' id='block_1_14' title="bbox 563 1669 2139 1740">
    <p class='ocr_par' dir='ltr' id='par_1_14' title="bbox 563 1669 2139 1740">
     <span class='ocr_line' id='line_1_14' title="bbox 563 1669 2139 1740; baseline 0.002 -19"><span class='ocrx_word' id='word_1_87' title='bbox 563 1669 898 1736; x_wconf 87' lang='lat' dir='ltr'><strong>volentibus,</strong></span> <span class='ocrx_word' id='word_1_88' title='bbox 921 1670 986 1725; x_wconf 91' lang='lat' dir='ltr'><strong>ad</strong></span> <span class='ocrx_word' id='word_1_89' title='bbox 1014 1672 1344 1740; x_wconf 88' lang='lat' dir='ltr'><strong>apertiorem</strong></span> <span class='ocrx_word' id='word_1_90' title='bbox 1371 1672 1482 1739; x_wconf 88' lang='lat' dir='ltr'><strong>jam</strong></span> <span class='ocrx_word' id='word_1_91' title='bbox 1532 1681 1831 1740; x_wconf 90' lang='lat' dir='ltr'><strong>erumpunt</strong></span> <span class='ocrx_word' id='word_1_92' title='bbox 1887 1670 2139 1724; x_wconf 84' lang='lat' dir='ltr'><strong>violatio-</strong></span> 
     </span>
    </p>
   </div>
   <div class='ocr_carea' id='block_1_15' title="bbox 564 1762 2136 1834">
    <p class='ocr_par' dir='ltr' id='par_1_15' title="bbox 564 1762 2136 1834">
     <span class='ocr_line' id='line_1_15' title="bbox 564 1762 2136 1834; baseline 0 -20"><span class='ocrx_word' id='word_1_93' title='bbox 564 1777 688 1816; x_wconf 86' lang='lat' dir='ltr'><strong>nctu</strong></span> <span class='ocrx_word' id='word_1_94' title='bbox 726 1763 1300 1833; x_wconf 83' lang='lat' dir='ltr'><strong>contemptionemque</strong></span> <span class='ocrx_word' id='word_1_95' title='bbox 1347 1764 1786 1834; x_wconf 79' lang='lat' dir='ltr'><strong>juramentorum</strong></span> <span class='ocrx_word' id='word_1_96' title='bbox 1836 1777 1898 1816; x_wconf 92' lang='lat' dir='ltr'><strong>ac</strong></span> <span class='ocrx_word' id='word_1_97' title='bbox 1933 1762 2136 1832; x_wconf 75' lang='lat' dir='ltr'><strong>legum,</strong></span> 
     </span>
    </p>
   </div>
   <div class='ocr_carea' id='block_1_16' title="bbox 1767 365 2610 429">
    <p class='ocr_par' dir='ltr' id='par_1_16' title="bbox 1767 365 2610 429">
     <span class='ocr_line' id='line_1_16' title="bbox 1767 365 2610 429; baseline 0.002 -3"><span class='ocrx_word' id='word_1_98' title='bbox 1767 365 2188 426; x_wconf 78' lang='lat' dir='ltr'><strong>NICEPHORI</strong></span> <span class='ocrx_word' id='word_1_99' title='bbox 2227 366 2429 428; x_wconf 77' lang='lat' dir='ltr'><strong>GREG</strong></span> <span class='ocrx_word' id='word_1_100' title='bbox 2442 369 2610 429; x_wconf 68' lang='lat' dir='ltr'><strong>ORE</strong></span> 
     </span>
    </p>
   </div>
   <div class='ocr_carea' id='block_1_17' title="bbox 475 470 2134 554">
    <p class='ocr_par' dir='ltr' id='par_1_17' title="bbox 475 473 2134 551">
     <span class='ocr_line' id='line_1_17' title="bbox 475 473 2134 551; baseline 0.005 -24"><span class='ocrx_word' id='word_1_101' title='bbox 475 475 477 477; x_wconf 83' lang='grc'><em>’</em></span> <span class='ocrx_word' id='word_1_102' title='bbox 578 473 809 545; x_wconf 68' lang='lat' dir='ltr'><strong>publii-ze</strong></span> <span class='ocrx_word' id='word_1_103' title='bbox 843 473 979 531; x_wconf 80' lang='lat' dir='ltr'><strong>lucis</strong></span> <span class='ocrx_word' id='word_1_104' title='bbox 1013 474 1315 530; x_wconf 81' lang='lat' dir='ltr'><strong>claritatem</strong></span> <span class='ocrx_word' id='word_1_105' title='bbox 1374 477 1578 544; x_wconf 88' lang='lat' dir='ltr'><strong>odisse,</strong></span> <span class='ocrx_word' id='word_1_106' title='bbox 1631 493 1795 550; x_wconf 88' lang='lat' dir='ltr'><strong>quam</strong></span> <span class='ocrx_word' id='word_1_107' title='bbox 1849 482 2015 536; x_wconf 86' lang='lat' dir='ltr'><strong>tantis</strong></span> <span class='ocrx_word' id='word_1_108' title='bbox 2053 497 2134 551; x_wconf 75' lang='lat' dir='ltr'><strong>pe</strong></span> 
     </span>
    </p>
   </div>
   <div class='ocr_carea' id='block_1_18' title="bbox 2239 470 3751 554">
    <p class='ocr_par' dir='ltr' id='par_1_18' title="bbox 2255 470 3751 554">
     <span class='ocr_line' id='line_1_18' title="bbox 2255 470 3751 554; baseline 0.004 -19"><span class='ocrx_word' id='word_1_109' title='bbox 2255 484 2554 553; x_wconf 83' lang='grc' dir='ltr'>εὐγένειαν,</span> <span class='ocrx_word' id='word_1_110' title='bbox 2588 485 2621 554; x_wconf 72' lang='grc' dir='ltr'>ἢ</span> <span class='ocrx_word' id='word_1_111' title='bbox 2647 470 2922 548; x_wconf 79' lang='grc' dir='ltr'>τοσούτοις</span> <span class='ocrx_word' id='word_1_112' title='bbox 2952 484 3220 547; x_wconf 79' lang='grc' dir='ltr'><strong>κινδύνοις</strong></span> <span class='ocrx_word' id='word_1_113' title='bbox 3261 484 3751 554; x_wconf 72' lang='grc' dir='ltr'>παραδάλλεσθαικιὶ</span> 
     </span>
    </p>
   </div>
   <div class='ocr_carea' id='block_1_19' title="bbox 2883 364 3516 439">
    <p class='ocr_par' dir='ltr' id='par_1_19' title="bbox 2883 364 3516 439">
     <span class='ocr_line' id='line_1_19' title="bbox 2883 364 3516 439; baseline 0 -19"><span class='ocrx_word' id='word_1_114' title='bbox 2883 364 3015 427; x_wconf 68' lang='grc' dir='ltr'><strong>[ηιμ.</strong></span> <span class='ocrx_word' id='word_1_115' title='bbox 3055 380 3099 420; x_wconf 72' lang='grc' dir='ltr'>ι.</span> <span class='ocrx_word' id='word_1_116' title='bbox 3141 380 3422 438; x_wconf 60' lang='lat' dir='ltr'><strong>martem.</strong></span> <span class='ocrx_word' id='word_1_117' title='bbox 3461 365 3516 439; x_wconf 76' lang='grc'><strong>2]</strong></span> 
     </span>
    </p>
   </div>
   <div class='ocr_carea' id='block_1_20' title="bbox 3643 371 3747 438">
    <p class='ocr_par' dir='ltr' id='par_1_20' title="bbox 3643 371 3747 438">
     <span class='ocr_line' id='line_1_20' title="bbox 3643 371 3747 438; baseline 0.019 -3"><span class='ocrx_word' id='word_1_118' title='bbox 3643 371 3747 438; x_wconf 73' lang='grc'><strong>1100</strong></span> 
     </span>
    </p>
   </div>
   <div class='ocr_carea' id='block_1_21' title="bbox 2252 575 3424 647">
    <p class='ocr_par' dir='ltr' id='par_1_21' title="bbox 2252 575 3424 647">
     <span class='ocr_line' id='line_1_21' title="bbox 2252 575 3424 647; baseline 0.001 -18"><span class='ocrx_word' id='word_1_119' title='bbox 2252 575 2490 647; x_wconf 79' lang='grc' dir='ltr'>τοσαύτῃ</span> <span class='ocrx_word' id='word_1_120' title='bbox 2531 575 2875 629; x_wconf 75' lang='grc' dir='ltr'>διακυϐεύειν</span> <span class='ocrx_word' id='word_1_121' title='bbox 2908 576 3190 646; x_wconf 78' lang='grc' dir='ltr'><strong>ἀφροσύνῃ</strong></span> <span class='ocrx_word' id='word_1_122' title='bbox 3218 576 3278 628; x_wconf 81' lang='grc' dir='ltr'>τὸ</span> <span class='ocrx_word' id='word_1_123' title='bbox 3307 576 3424 646; x_wconf 75' lang='grc' dir='ltr'>ζῇν.</span> 
     </span>
    </p>
   </div>
   <div class='ocr_carea' id='block_1_22' title="bbox 2324 745 3759 821">
    <p class='ocr_par' dir='ltr' id='par_1_22' title="bbox 2324 745 3759 821">
     <span class='ocr_line' id='line_1_22' title="bbox 2324 745 3759 821; baseline -0.001 -16"><span class='ocrx_word' id='word_1_124' title='bbox 2324 747 2399 805; x_wconf 87' lang='grc' dir='ltr'><strong>Ε’.</strong></span> <span class='ocrx_word' id='word_1_125' title='bbox 2428 749 2492 803; x_wconf 89' lang='grc' dir='ltr'><em>Ὃ</em></span> <span class='ocrx_word' id='word_1_126' title='bbox 2522 748 2621 820; x_wconf 86' lang='grc' dir='ltr'>μέν</span> <span class='ocrx_word' id='word_1_127' title='bbox 2637 745 2730 804; x_wconf 75' lang='grc' dir='ltr'><strong>οὖν</strong></span> <span class='ocrx_word' id='word_1_128' title='bbox 2759 747 3059 819; x_wconf 75' lang='grc' dir='ltr'><strong>Ῥωμαίους</strong></span> <span class='ocrx_word' id='word_1_129' title='bbox 3079 745 3246 820; x_wconf 75' lang='grc' dir='ltr'>ἔχειν,</span> <span class='ocrx_word' id='word_1_130' title='bbox 3274 750 3533 820; x_wconf 79' lang='grc' dir='ltr'>ἄρχοντας</span> <span class='ocrx_word' id='word_1_131' title='bbox 3560 752 3759 821; x_wconf 73' lang='grc' dir='ltr'>ὀφείλον-</span> 
     </span>
    </p>
   </div>
   <div class='ocr_carea' id='block_1_23' title="bbox 2251 837 3761 919">
    <p class='ocr_par' dir='ltr' id='par_1_23' title="bbox 2251 837 3761 914">
     <span class='ocr_line' id='line_1_23' title="bbox 2251 837 3761 914; baseline 0.003 -20"><span class='ocrx_word' id='word_1_132' title='bbox 2251 859 2350 906; x_wconf 89' lang='grc' dir='ltr'><strong>τας</strong></span> <span class='ocrx_word' id='word_1_133' title='bbox 2371 837 2531 908; x_wconf 82' lang='grc' dir='ltr'>εἶναι,</span> <span class='ocrx_word' id='word_1_134' title='bbox 2559 841 2752 914; x_wconf 80' lang='grc' dir='ltr'>ἐχρῆν.</span> <span class='ocrx_word' id='word_1_135' title='bbox 2773 842 2931 894; x_wconf 71' lang='grc' dir='ltr'>τοῦτο</span> <span class='ocrx_word' id='word_1_136' title='bbox 2950 841 3199 912; x_wconf 78' lang='grc' dir='ltr'>ᾼατίνοις</span> <span class='ocrx_word' id='word_1_137' title='bbox 3225 843 3549 912; x_wconf 70' lang='grc' dir='ltr'><strong>προσγέγονε</strong></span> <span class='ocrx_word' id='word_1_138' title='bbox 3569 847 3761 912; x_wconf 80' lang='grc' dir='ltr'>παρελο-</span> 
     </span>
    </p>
   </div>
   <div class='ocr_carea' id='block_1_24' title="bbox 2255 934 3760 1006">
    <p class='ocr_par' dir='ltr' id='par_1_24' title="bbox 2255 934 3760 1006">
     <span class='ocr_line' id='line_1_24' title="bbox 2255 934 3760 1006; baseline 0.002 -18"><span class='ocrx_word' id='word_1_139' title='bbox 2255 935 2437 1005; x_wconf 88' lang='grc' dir='ltr'>μένοις</span> <span class='ocrx_word' id='word_1_140' title='bbox 2477 936 2574 989; x_wconf 73' lang='grc' dir='ltr'>καὶ</span> <span class='ocrx_word' id='word_1_141' title='bbox 2597 935 2910 1006; x_wconf 85' lang='grc' dir='ltr'>μεταθεῖσιν</span> <span class='ocrx_word' id='word_1_142' title='bbox 2937 934 3188 988; x_wconf 80' lang='grc' dir='ltr'>ἐντεῦθεν</span> <span class='ocrx_word' id='word_1_143' title='bbox 3217 935 3394 988; x_wconf 85' lang='grc' dir='ltr'>ἐκεῖσε</span> <span class='ocrx_word' id='word_1_144' title='bbox 3449 937 3532 990; x_wconf 74' lang='grc' dir='ltr'>διὰ</span> <span class='ocrx_word' id='word_1_145' title='bbox 3551 940 3760 1004; x_wconf 80' lang='grc' dir='ltr'>πρόνοιαν</span> 
     </span>
    </p>
   </div>
   <div class='ocr_carea' id='block_1_25' title="bbox 2249 1026 3760 1098">
    <p class='ocr_par' dir='ltr' id='par_1_25' title="bbox 2249 1026 3760 1098">
     <span class='ocr_line' id='line_1_25' title="bbox 2249 1026 3760 1098; baseline 0.002 -18"><span class='ocrx_word' id='word_1_146' title='bbox 2249 1026 2604 1098; x_wconf 74' lang='grc' dir='ltr'>οἰκονομικὴν</span> <span class='ocrx_word' id='word_1_147' title='bbox 2662 1028 2760 1080; x_wconf 77' lang='grc' dir='ltr'>καὶ</span> <span class='ocrx_word' id='word_1_148' title='bbox 2795 1027 3196 1096; x_wconf 78' lang='grc' dir='ltr'>σεσοφισμένην</span> <span class='ocrx_word' id='word_1_149' title='bbox 3253 1027 3512 1096; x_wconf 80' lang='grc' dir='ltr'>σπουδήν.</span> <span class='ocrx_word' id='word_1_150' title='bbox 3551 1029 3760 1084; x_wconf 77' lang='grc' dir='ltr'>Ἀπαντα</span> 
     </span>
    </p>
   </div>
   <div class='ocr_carea' id='block_1_26' title="bbox 2249 1117 3763 1190">
    <p class='ocr_par' dir='ltr' id='par_1_26' title="bbox 2249 1117 3763 1190">
     <span class='ocr_line' id='line_1_26' title="bbox 2249 1117 3763 1190; baseline 0.001 -19"><span class='ocrx_word' id='word_1_151' title='bbox 2249 1120 2359 1190; x_wconf 70' lang='grc' dir='ltr'><strong>γὰρ</strong></span> <span class='ocrx_word' id='word_1_152' title='bbox 2407 1117 2852 1189; x_wconf 83' lang='grc' dir='ltr'>παρεσκεύασταί</span> <span class='ocrx_word' id='word_1_153' title='bbox 2885 1133 3034 1188; x_wconf 84' lang='grc' dir='ltr'>σφισι</span> <span class='ocrx_word' id='word_1_154' title='bbox 3067 1117 3357 1190; x_wconf 83' lang='grc' dir='ltr'>λαμπρῶς,</span> <span class='ocrx_word' id='word_1_155' title='bbox 3379 1120 3520 1180; x_wconf 84' lang='grc' dir='ltr'>σῖτος</span> <span class='ocrx_word' id='word_1_156' title='bbox 3553 1120 3636 1171; x_wconf 69' lang='grc' dir='ltr'>καὶ</span> <span class='ocrx_word' id='word_1_157' title='bbox 3652 1121 3763 1173; x_wconf 76' lang='grc' dir='ltr'>ὅπλα</span> 
     </span>
    </p>
   </div>
   <div class='ocr_carea' id='block_1_27' title="bbox 2250 1211 3765 1282">
    <p class='ocr_par' dir='ltr' id='par_1_27' title="bbox 2250 1211 3765 1282">
     <span class='ocr_line' id='line_1_27' title="bbox 2250 1211 3765 1282; baseline 0.001 -17"><span class='ocrx_word' id='word_1_158' title='bbox 2250 1213 2344 1266; x_wconf 80' lang='grc' dir='ltr'>καὶ</span> <span class='ocrx_word' id='word_1_159' title='bbox 2365 1215 2622 1282; x_wconf 76' lang='grc' dir='ltr'>χρήματα</span> <span class='ocrx_word' id='word_1_160' title='bbox 2649 1213 2744 1265; x_wconf 81' lang='grc' dir='ltr'>καὶ</span> <span class='ocrx_word' id='word_1_161' title='bbox 2779 1213 3010 1280; x_wconf 82' lang='grc' dir='ltr'>ναυτικὴ</span> <span class='ocrx_word' id='word_1_162' title='bbox 3053 1211 3283 1282; x_wconf 90' lang='grc' dir='ltr'>δύναμις</span> <span class='ocrx_word' id='word_1_163' title='bbox 3307 1213 3406 1282; x_wconf 84' lang='grc' dir='ltr'>τῆς</span> <span class='ocrx_word' id='word_1_164' title='bbox 3455 1211 3558 1264; x_wconf 88' lang='grc' dir='ltr'>τῶν</span> <span class='ocrx_word' id='word_1_165' title='bbox 3598 1213 3765 1276; x_wconf 71' lang='grc' dir='ltr'>Βυζανο</span> 
     </span>
    </p>
   </div>
   <div class='ocr_carea' id='block_1_28' title="bbox 2250 1293 3195 1374">
    <p class='ocr_par' dir='ltr' id='par_1_28' title="bbox 2250 1293 3195 1374">
     <span class='ocr_line' id='line_1_28' title="bbox 2250 1293 3195 1374; baseline 0 -16"><span class='ocrx_word' id='word_1_166' title='bbox 2250 1300 2380 1359; x_wconf 80' lang='grc' dir='ltr'>τίων</span> <span class='ocrx_word' id='word_1_167' title='bbox 2406 1305 2672 1374; x_wconf 79' lang='grc' dir='ltr'><strong>διηνεκῶς</strong></span> <span class='ocrx_word' id='word_1_168' title='bbox 2702 1305 3069 1374; x_wconf 74' lang='grc' dir='ltr'><strong>ὑπερέχουσα.</strong></span> <span class='ocrx_word' id='word_1_169' title='bbox 3188 1293 3195 1302; x_wconf 67' lang='grc'><em>’</em></span> 
     </span>
    </p>
   </div>
   <div class='ocr_carea' id='block_1_29' title="bbox 2319 1395 3768 1466">
    <p class='ocr_par' dir='ltr' id='par_1_29' title="bbox 2319 1395 3768 1466">
     <span class='ocr_line' id='line_1_29' title="bbox 2319 1395 3768 1466; baseline -0.001 -15"><span class='ocrx_word' id='word_1_170' title='bbox 2319 1395 2412 1466; x_wconf 71' lang='grc' dir='ltr'><strong>τῖ’.</strong></span> <span class='ocrx_word' id='word_1_171' title='bbox 2444 1398 2609 1451; x_wconf 87' lang='grc' dir='ltr'><strong>Ὅοεν</strong></span> <span class='ocrx_word' id='word_1_172' title='bbox 2633 1397 2753 1450; x_wconf 72' lang='grc' dir='ltr'>ἐπεὶ</span> <span class='ocrx_word' id='word_1_173' title='bbox 2781 1397 2878 1450; x_wconf 73' lang='grc' dir='ltr'>καὶ</span> <span class='ocrx_word' id='word_1_174' title='bbox 2901 1396 2992 1449; x_wconf 79' lang='grc' dir='ltr'><strong>νῦν</strong></span> <span class='ocrx_word' id='word_1_175' title='bbox 3012 1395 3164 1449; x_wconf 78' lang='grc' dir='ltr'>οὐδὲν</span> <span class='ocrx_word' id='word_1_176' title='bbox 3203 1397 3391 1460; x_wconf 85' lang='grc' dir='ltr'>αὐτοῖς</span> <span class='ocrx_word' id='word_1_177' title='bbox 3420 1396 3655 1456; x_wconf 81' lang='grc' dir='ltr'>ἐμποδὼν</span> <span class='ocrx_word' id='word_1_178' title='bbox 3678 1399 3768 1449; x_wconf 78' lang='grc' dir='ltr'>ἐνο-</span> 
     </span>
    </p>
   </div>
   <div class='ocr_carea' id='block_1_30' title="bbox 2250 1488 3768 1560">
    <p class='ocr_par' dir='ltr' id='par_1_30' title="bbox 2250 1488 3768 1560">
     <span class='ocr_line' id='line_1_30' title="bbox 2250 1488 3768 1560; baseline -0.001 -18"><span class='ocrx_word' id='word_1_179' title='bbox 2250 1491 2438 1560; x_wconf 77' lang='grc' dir='ltr'>μίζετο</span> <span class='ocrx_word' id='word_1_180' title='bbox 2494 1488 2953 1560; x_wconf 84' lang='grc' dir='ltr'>θαλαττοκρατεῖν</span> <span class='ocrx_word' id='word_1_181' title='bbox 2990 1488 3300 1559; x_wconf 79' lang='grc' dir='ltr'><strong>βουληθεῖσι</strong></span> <span class='ocrx_word' id='word_1_182' title='bbox 3348 1488 3484 1557; x_wconf 77' lang='grc'>(95),</span> <span class='ocrx_word' id='word_1_183' title='bbox 3521 1490 3611 1542; x_wconf 70' lang='grc' dir='ltr'>καὶ</span> <span class='ocrx_word' id='word_1_184' title='bbox 3642 1488 3768 1541; x_wconf 72' lang='lat'><strong>6:2:-</strong></span> 
     </span>
    </p>
   </div>
   <div class='ocr_carea' id='block_1_31' title="bbox 2245 1579 3767 1652">
    <p class='ocr_par' dir='ltr' id='par_1_31' title="bbox 2245 1579 3767 1652">
     <span class='ocr_line' id='line_1_31' title="bbox 2245 1579 3767 1652; baseline -0.003 -17"><span class='ocrx_word' id='word_1_185' title='bbox 2245 1588 2530 1652; x_wconf 78' lang='grc' dir='ltr'>τευτήριον</span> <span class='ocrx_word' id='word_1_186' title='bbox 2563 1582 2694 1635; x_wconf 82' lang='grc' dir='ltr'>τδιον</span> <span class='ocrx_word' id='word_1_187' title='bbox 2726 1581 2940 1644; x_wconf 76' lang='grc' dir='ltr'><strong>ἑαυτοῖς</strong></span> <span class='ocrx_word' id='word_1_188' title='bbox 2993 1581 3444 1650; x_wconf 69' lang='grc' dir='ltr'><strong>καταστήσασθαι</strong></span> <span class='ocrx_word' id='word_1_189' title='bbox 3489 1579 3577 1632; x_wconf 75' lang='grc' dir='ltr'><strong>τὸν</strong></span> <span class='ocrx_word' id='word_1_190' title='bbox 3605 1581 3767 1649; x_wconf 71' lang='grc' dir='ltr'>αὐχένα</span> 
     </span>
    </p>
   </div>
   <div class='ocr_carea' id='block_1_32' title="bbox 2243 1672 3768 1743">
    <p class='ocr_par' dir='ltr' id='par_1_32' title="bbox 2243 1672 3768 1743">
     <span class='ocr_line' id='line_1_32' title="bbox 2243 1672 3768 1743; baseline -0.004 -16"><span class='ocrx_word' id='word_1_191' title='bbox 2243 1675 2339 1727; x_wconf 78' lang='grc' dir='ltr'>τοῦ</span> <span class='ocrx_word' id='word_1_192' title='bbox 2367 1676 2593 1740; x_wconf 73' lang='grc' dir='ltr'>Πόντου,</span> <span class='ocrx_word' id='word_1_193' title='bbox 2626 1672 2762 1743; x_wconf 78' lang='grc' dir='ltr'>πρὸς</span> <span class='ocrx_word' id='word_1_194' title='bbox 2793 1673 3186 1742; x_wconf 80' lang='grc' dir='ltr'><strong>φανερωτέραν</strong></span> <span class='ocrx_word' id='word_1_195' title='bbox 3233 1673 3768 1742; x_wconf 67' lang='grc' dir='ltr'>ἦδη’παρασπύνδησιν</span> 
     </span>
    </p>
   </div>
   <div class='ocr_carea' id='block_1_33' title="bbox 2245 1761 3767 1836">
    <p class='ocr_par' dir='ltr' id='par_1_33' title="bbox 2245 1761 3767 1836">
     <span class='ocr_line' id='line_1_33' title="bbox 2245 1761 3767 1836; baseline -0.003 -18"><span class='ocrx_word' id='word_1_196' title='bbox 2245 1766 2340 1819; x_wconf 75' lang='grc' dir='ltr'>καὶ</span> <span class='ocrx_word' id='word_1_197' title='bbox 2377 1765 2637 1836; x_wconf 75' lang='grc' dir='ltr'><strong>ἀθέτησιν</strong></span> <span class='ocrx_word' id='word_1_198' title='bbox 2683 1764 2792 1816; x_wconf 87' lang='grc' dir='ltr'><strong>τῶν</strong></span> <span class='ocrx_word' id='word_1_199' title='bbox 2844 1763 3012 1816; x_wconf 85' lang='grc' dir='ltr'>πάλαι</span> <span class='ocrx_word' id='word_1_200' title='bbox 3047 1761 3355 1831; x_wconf 79' lang='grc' dir='ltr'><strong>γενομένων</strong></span> <span class='ocrx_word' id='word_1_201' title='bbox 3389 1762 3574 1830; x_wconf 73' lang='grc' dir='ltr'>σφίσιν</span> <span class='ocrx_word' id='word_1_202' title='bbox 3593 1763 3643 1825; x_wconf 85' lang='grc' dir='ltr'><strong>ἐς</strong></span> <span class='ocrx_word' id='word_1_203' title='bbox 3672 1766 3767 1823; x_wconf 68' lang='grc' dir='ltr'>τοὺς</span> 
     </span>
    </p>
   </div>
   <div class='ocr_carea' id='block_1_34' title="bbox 563 1850 2134 1927">
    <p class='ocr_par' dir='ltr' id='par_1_34' title="bbox 563 1855 2134 1927">
     <span class='ocr_line' id='line_1_34' title="bbox 563 1855 2134 1927; baseline 0 -19"><span class='ocrx_word' id='word_1_204' title='bbox 563 1855 764 1924; x_wconf 85' lang='lat' dir='ltr'><strong>quibus</strong></span> <span class='ocrx_word' id='word_1_205' title='bbox 792 1855 893 1924; x_wconf 84' lang='lat' dir='ltr'><strong>ipsi</strong></span> <span class='ocrx_word' id='word_1_206' title='bbox 919 1871 976 1910; x_wconf 79' lang='lat' dir='ltr'><strong>se</strong></span> <span class='ocrx_word' id='word_1_207' title='bbox 1007 1855 1271 1910; x_wconf 83' lang='lat' dir='ltr'><strong>Romanis</strong></span> <span class='ocrx_word' id='word_1_208' title='bbox 1302 1856 1728 1927; x_wconf 83' lang='lat' dir='ltr'><strong>imperatoribus</strong></span> <span class='ocrx_word' id='word_1_209' title='bbox 1751 1855 1879 1909; x_wconf 84' lang='lat' dir='ltr'><strong>olim</strong></span> <span class='ocrx_word' id='word_1_210' title='bbox 1901 1856 2134 1910; x_wconf 88' lang='lat' dir='ltr'><strong>obstrin-</strong></span> 
     </span>
    </p>
   </div>
   <div class='ocr_carea' id='block_1_35' title="bbox 2239 1850 3767 1927">
    <p class='ocr_par' dir='ltr' id='par_1_35' title="bbox 2251 1854 3767 1925">
     <span class='ocr_line' id='line_1_35' title="bbox 2251 1854 3767 1925; baseline -0.002 -17"><span class='ocrx_word' id='word_1_211' title='bbox 2251 1854 2539 1925; x_wconf 83' lang='grc' dir='ltr'>Ῥωμαίων</span> <span class='ocrx_word' id='word_1_212' title='bbox 2570 1854 2812 1924; x_wconf 78' lang='grc' dir='ltr'><strong>βασιλεῖς</strong></span> <span class='ocrx_word' id='word_1_213' title='bbox 2836 1855 3016 1925; x_wconf 85' lang='grc' dir='ltr'>ὅρκων</span> <span class='ocrx_word' id='word_1_214' title='bbox 3069 1855 3164 1908; x_wconf 73' lang='grc' dir='ltr'>καὶ</span> <span class='ocrx_word' id='word_1_215' title='bbox 3188 1855 3367 1924; x_wconf 74' lang='grc' dir='ltr'>νόμων</span> <span class='ocrx_word' id='word_1_216' title='bbox 3399 1855 3767 1925; x_wconf 74' lang='grc' dir='ltr'>ἐξερράγησειν·</span> 
     </span>
    </p>
   </div>
   <div class='ocr_carea' id='block_1_36' title="bbox 561 1946 2137 2018">
    <p class='ocr_par' dir='ltr' id='par_1_36' title="bbox 561 1946 2137 2018">
     <span class='ocr_line' id='line_1_36' title="bbox 561 1946 2137 2018; baseline 0.001 -19"><span class='ocrx_word' id='word_1_217' title='bbox 561 1955 788 2012; x_wconf 82' lang='lat' dir='ltr'><strong>xerant;</strong></span> <span class='ocrx_word' id='word_1_218' title='bbox 819 1956 875 2002; x_wconf 89' lang='lat' dir='ltr'><strong>et</strong></span> <span class='ocrx_word' id='word_1_219' title='bbox 898 1948 1062 2002; x_wconf 81' lang='lat' dir='ltr'><strong>unius</strong></span> <span class='ocrx_word' id='word_1_220' title='bbox 1096 1962 1368 2002; x_wconf 87' lang='lat' dir='ltr'><strong>remorum</strong></span> <span class='ocrx_word' id='word_1_221' title='bbox 1407 1947 1618 2002; x_wconf 88' lang='lat' dir='ltr'><strong>ordinis</strong></span> <span class='ocrx_word' id='word_1_222' title='bbox 1649 1946 1898 2018; x_wconf 81' lang='lat' dir='ltr'><strong>cymbam</strong></span> <span class='ocrx_word' id='word_1_223' title='bbox 1927 1946 2137 2016; x_wconf 66' lang='lat' dir='ltr'><strong>praedo-</strong></span> 
     </span>
    </p>
   </div>
   <div class='ocr_carea' id='block_1_37' title="bbox 560 2035 2136 2105">
    <p class='ocr_par' dir='ltr' id='par_1_37' title="bbox 560 2035 2136 2105">
     <span class='ocr_line' id='line_1_37' title="bbox 560 2035 2136 2105; baseline 0.001 -17"><span class='ocrx_word' id='word_1_224' title='bbox 560 2035 725 2089; x_wconf 87' lang='lat' dir='ltr'><strong>nibus</strong></span> <span class='ocrx_word' id='word_1_225' title='bbox 752 2035 982 2089; x_wconf 79' lang='lat' dir='ltr'><strong>armatis</strong></span> <span class='ocrx_word' id='word_1_226' title='bbox 1013 2035 1241 2105; x_wconf 88' lang='lat' dir='ltr'><strong>implent</strong></span> <span class='ocrx_word' id='word_1_227' title='bbox 1271 2046 1469 2102; x_wconf 90' lang='lat' dir='ltr'><strong>noctu;</strong></span> <span class='ocrx_word' id='word_1_228' title='bbox 1519 2045 1632 2090; x_wconf 91' lang='lat' dir='ltr'><strong>tum</strong></span> <span class='ocrx_word' id='word_1_229' title='bbox 1693 2036 1760 2090; x_wconf 91' lang='lat' dir='ltr'><strong>ad</strong></span> <span class='ocrx_word' id='word_1_230' title='bbox 1803 2036 2010 2090; x_wconf 83' lang='lat' dir='ltr'><strong>Fanum</strong></span> <span class='ocrx_word' id='word_1_231' title='bbox 2077 2044 2136 2091; x_wconf 88' lang='lat' dir='ltr'><strong>et</strong></span> 
     </span>
    </p>
   </div>
   <div class='ocr_carea' id='block_1_38' title="bbox 559 2127 2132 2198">
    <p class='ocr_par' dir='ltr' id='par_1_38' title="bbox 559 2127 2132 2198">
     <span class='ocr_line' id='line_1_38' title="bbox 559 2127 2132 2198; baseline 0.001 -18"><span class='ocrx_word' id='word_1_232' title='bbox 559 2128 628 2182; x_wconf 87' lang='lat' dir='ltr'><strong>ad</strong></span> <span class='ocrx_word' id='word_1_233' title='bbox 661 2127 820 2183; x_wconf 88' lang='lat' dir='ltr'><strong>Ponti</strong></span> <span class='ocrx_word' id='word_1_234' title='bbox 850 2127 1036 2182; x_wconf 88' lang='lat' dir='ltr'><strong>fauces</strong></span> <span class='ocrx_word' id='word_1_235' title='bbox 1061 2127 1301 2195; x_wconf 79' lang='lat' dir='ltr'><strong>provecti</strong></span> <span class='ocrx_word' id='word_1_236' title='bbox 1331 2128 1628 2182; x_wconf 72' lang='lat' dir='ltr'><strong>Ruinauam</strong></span> <span class='ocrx_word' id='word_1_237' title='bbox 1655 2130 1944 2198; x_wconf 88' lang='lat' dir='ltr'><strong>quamdam</strong></span> <span class='ocrx_word' id='word_1_238' title='bbox 1976 2127 2132 2183; x_wconf 88' lang='lat' dir='ltr'><strong>navi-</strong></span> 
     </span>
    </p>
   </div>
   <div class='ocr_carea' id='block_1_39' title="bbox 561 2209 2135 2290">
    <p class='ocr_par' dir='ltr' id='par_1_39' title="bbox 561 2209 2135 2290">
     <span class='ocr_line' id='line_1_39' title="bbox 561 2209 2135 2290; baseline 0 -15"><span class='ocrx_word' id='word_1_239' title='bbox 561 2222 737 2275; x_wconf 85' lang='lat' dir='ltr'><strong>culam</strong></span> <span class='ocrx_word' id='word_1_240' title='bbox 786 2217 1280 2290; x_wconf 83' lang='lat' dir='ltr'><strong>comprehendunt,</strong></span> <span class='ocrx_word' id='word_1_241' title='bbox 1336 2209 1401 2273; x_wconf 20' lang='lat' dir='ltr'><strong>in,</strong></span> <span class='ocrx_word' id='word_1_242' title='bbox 1443 2235 1551 2290; x_wconf 90' lang='lat' dir='ltr'><strong>qua</strong></span> <span class='ocrx_word' id='word_1_243' title='bbox 1601 2220 1758 2275; x_wconf 89' lang='lat' dir='ltr'><strong>multi</strong></span> <span class='ocrx_word' id='word_1_244' title='bbox 1812 2220 2135 2290; x_wconf 71' lang='lat' dir='ltr'><strong>piscationis</strong></span> 
     </span>
    </p>
   </div>
   <div class='ocr_carea' id='block_1_40' title="bbox 557 2310 2132 2382">
    <p class='ocr_par' dir='ltr' id='par_1_40' title="bbox 557 2310 2132 2382">
     <span class='ocr_line' id='line_1_40' title="bbox 557 2310 2132 2382; baseline 0.001 -16"><span class='ocrx_word' id='word_1_245' title='bbox 557 2328 723 2368; x_wconf 87' lang='lat' dir='ltr'><strong>causa</strong></span> <span class='ocrx_word' id='word_1_246' title='bbox 805 2311 1020 2368; x_wconf 82' lang='lat' dir='ltr'><strong>retibus</strong></span> <span class='ocrx_word' id='word_1_247' title='bbox 1099 2310 1446 2377; x_wconf 82' lang='lat' dir='ltr'><strong>utebantur;</strong></span> <span class='ocrx_word' id='word_1_248' title='bbox 1516 2326 1582 2367; x_wconf 91' lang='lat' dir='ltr'><strong>ac</strong></span> <span class='ocrx_word' id='word_1_249' title='bbox 1635 2316 1928 2382; x_wconf 80' lang='lat' dir='ltr'><strong>plerosque</strong></span> <span class='ocrx_word' id='word_1_250' title='bbox 1985 2312 2132 2368; x_wconf 84' lang='lat' dir='ltr'><strong>ferro</strong></span> 
     </span>
    </p>
   </div>
   <div class='ocr_carea' id='block_1_41' title="bbox 559 2404 905 2461">
    <p class='ocr_par' dir='ltr' id='par_1_41' title="bbox 559 2404 905 2461">
     <span class='ocr_line' id='line_1_41' title="bbox 559 2404 905 2461; baseline -0.009 0"><span class='ocrx_word' id='word_1_251' title='bbox 559 2404 905 2461; x_wconf 89' lang='lat' dir='ltr'><strong>interimunt.</strong></span> 
     </span>
    </p>
   </div>
   <div class='ocr_carea' id='block_1_42' title="bbox 628 2472 2128 2581">
    <p class='ocr_par' dir='ltr' id='par_1_42' title="bbox 628 2472 2128 2581">
     <span class='ocr_line' id='line_1_42' title="bbox 628 2472 2128 2581; baseline -0.001 -14"><span class='ocrx_word' id='word_1_252' title='bbox 628 2511 744 2567; x_wconf 77' lang='lat' dir='ltr'><strong>VII.</strong></span> <span class='ocrx_word' id='word_1_253' title='bbox 781 2511 906 2566; x_wconf 88' lang='lat' dir='ltr'><strong>Sole</strong></span> <span class='ocrx_word' id='word_1_254' title='bbox 940 2524 1134 2566; x_wconf 91' lang='lat' dir='ltr'><strong>recens</strong></span> <span class='ocrx_word' id='word_1_255' title='bbox 1161 2519 1283 2564; x_wconf 90' lang='lat' dir='ltr'><strong>orto</strong></span> <span class='ocrx_word' id='word_1_256' title='bbox 1303 2517 1362 2565; x_wconf 92' lang='lat' dir='ltr'><strong>et</strong></span> <span class='ocrx_word' id='word_1_257' title='bbox 1403 2508 1554 2564; x_wconf 88' lang='lat' dir='ltr'><strong>illius</strong></span> <span class='ocrx_word' id='word_1_258' title='bbox 1610 2509 1792 2564; x_wconf 86' lang='lat' dir='ltr'><strong>noctis</strong></span> <span class='ocrx_word' id='word_1_259' title='bbox 1835 2472 2128 2581; x_wconf 78' lang='lat' dir='ltr'><strong>indignum</strong></span> 
     </span>
    </p>
   </div>
   <div class='ocr_carea' id='block_1_43' title="bbox 559 2597 2130 2671">
    <p class='ocr_par' dir='ltr' id='par_1_43' title="bbox 559 2597 2130 2671">
     <span class='ocr_line' id='line_1_43' title="bbox 559 2597 2130 2671; baseline -0.002 -16"><span class='ocrx_word' id='word_1_260' title='bbox 559 2601 774 2655; x_wconf 81' lang='lat' dir='ltr'><strong>facinus</strong></span> <span class='ocrx_word' id='word_1_261' title='bbox 819 2597 984 2671; x_wconf 72' lang='grc'><strong>845</strong></span> <span class='ocrx_word' id='word_1_262' title='bbox 1027 2599 1300 2670; x_wconf 73' lang='lat' dir='ltr'><strong>Byzantiis</strong></span> <span class='ocrx_word' id='word_1_263' title='bbox 1358 2597 1696 2661; x_wconf 87' lang='lat' dir='ltr'><strong>declarante,</strong></span> <span class='ocrx_word' id='word_1_264' title='bbox 1759 2597 1910 2652; x_wconf 89' lang='lat' dir='ltr'><strong>luctu</strong></span> <span class='ocrx_word' id='word_1_265' title='bbox 1997 2612 2130 2652; x_wconf 88' lang='lat' dir='ltr'><strong>sane</strong></span> 
     </span>
    </p>
   </div>
   <div class='ocr_carea' id='block_1_44' title="bbox 559 2689 2132 2764">
    <p class='ocr_par' dir='ltr' id='par_1_44' title="bbox 559 2689 2132 2764">
     <span class='ocr_line' id='line_1_44' title="bbox 559 2689 2132 2764; baseline -0.002 -16"><span class='ocrx_word' id='word_1_266' title='bbox 559 2695 783 2764; x_wconf 84' lang='lat' dir='ltr'><strong>dignum</strong></span> <span class='ocrx_word' id='word_1_267' title='bbox 813 2694 945 2747; x_wconf 86' lang='lat' dir='ltr'><strong>illud</strong></span> <span class='ocrx_word' id='word_1_268' title='bbox 975 2693 1150 2747; x_wconf 90' lang='lat' dir='ltr'><strong>visum</strong></span> <span class='ocrx_word' id='word_1_269' title='bbox 1172 2701 1252 2747; x_wconf 91' lang='lat' dir='ltr'><strong>est</strong></span> <span class='ocrx_word' id='word_1_270' title='bbox 1277 2731 1293 2758; x_wconf 88' lang='lat'><strong>,</strong></span> <span class='ocrx_word' id='word_1_271' title='bbox 1335 2705 1518 2762; x_wconf 71' lang='lat' dir='ltr'><strong>pugna</strong></span> <span class='ocrx_word' id='word_1_272' title='bbox 1545 2699 1728 2745; x_wconf 89' lang='lat' dir='ltr'><strong>tamen</strong></span> <span class='ocrx_word' id='word_1_273' title='bbox 1781 2702 1836 2745; x_wconf 93' lang='lat' dir='ltr'><strong>et</strong></span> <span class='ocrx_word' id='word_1_274' title='bbox 1864 2689 2006 2746; x_wconf 87' lang='lat' dir='ltr'><strong>bello</strong></span> <span class='ocrx_word' id='word_1_275' title='bbox 2030 2689 2132 2745; x_wconf 84' lang='lat' dir='ltr'><strong>mi-</strong></span> 
     </span>
    </p>
   </div>
   <div class='ocr_carea' id='block_1_45' title="bbox 560 2782 2130 2842">
    <p class='ocr_par' dir='ltr' id='par_1_45' title="bbox 560 2782 2130 2842">
     <span class='ocr_line' id='line_1_45' title="bbox 560 2782 2130 2842; baseline -0.002 -1"><span class='ocrx_word' id='word_1_276' title='bbox 560 2787 727 2841; x_wconf 89' lang='lat' dir='ltr'><strong>nime.</strong></span> <span class='ocrx_word' id='word_1_277' title='bbox 776 2787 975 2842; x_wconf 75' lang='lat' dir='ltr'><strong>Verum</strong></span> <span class='ocrx_word' id='word_1_278' title='bbox 1000 2785 1090 2839; x_wconf 91' lang='lat' dir='ltr'><strong>ubi</strong></span> <span class='ocrx_word' id='word_1_279' title='bbox 1122 2783 1348 2839; x_wconf 88' lang='lat' dir='ltr'><strong>Latinos</strong></span> <span class='ocrx_word' id='word_1_280' title='bbox 1373 2784 1648 2838; x_wconf 69' lang='lat' dir='ltr'><strong>inmitibus</strong></span> <span class='ocrx_word' id='word_1_281' title='bbox 1688 2782 1908 2839; x_wconf 90' lang='lat' dir='ltr'><strong>clausos</strong></span> <span class='ocrx_word' id='word_1_282' title='bbox 1951 2784 2130 2839; x_wconf 89' lang='lat' dir='ltr'><strong>conti-</strong></span> 
     </span>
    </p>
   </div>
   <div class='ocr_carea' id='block_1_46' title="bbox 559 2876 2130 2946">
    <p class='ocr_par' dir='ltr' id='par_1_46' title="bbox 559 2876 2130 2946">
     <span class='ocr_line' id='line_1_46' title="bbox 559 2876 2130 2946; baseline -0.003 -10"><span class='ocrx_word' id='word_1_283' title='bbox 559 2896 693 2936; x_wconf 88' lang='lat' dir='ltr'><strong>nere</strong></span> <span class='ocrx_word' id='word_1_284' title='bbox 729 2897 788 2936; x_wconf 85' lang='lat' dir='ltr'><strong>se</strong></span> <span class='ocrx_word' id='word_1_285' title='bbox 809 2879 1333 2946; x_wconf 84' lang='lat' dir='ltr'><strong>animadverterunt,</strong></span> <span class='ocrx_word' id='word_1_286' title='bbox 1353 2887 1408 2933; x_wconf 88' lang='lat' dir='ltr'><strong>et</strong></span> <span class='ocrx_word' id='word_1_287' title='bbox 1439 2878 1750 2934; x_wconf 80' lang='lat' dir='ltr'><strong>intermissa</strong></span> <span class='ocrx_word' id='word_1_288' title='bbox 1783 2877 1875 2932; x_wconf 86' lang='lat' dir='ltr'><strong>illa</strong></span> <span class='ocrx_word' id='word_1_289' title='bbox 1921 2876 2130 2943; x_wconf 85' lang='lat' dir='ltr'><strong>Byzan-</strong></span> 
     </span>
    </p>
   </div>
   <div class='ocr_carea' id='block_1_47' title="bbox 562 2971 2124 3040">
    <p class='ocr_par' dir='ltr' id='par_1_47' title="bbox 562 2971 2124 3040">
     <span class='ocr_line' id='line_1_47' title="bbox 562 2971 2124 3040; baseline -0.001 -14"><span class='ocrx_word' id='word_1_290' title='bbox 562 2974 698 3027; x_wconf 88' lang='lat' dir='ltr'><strong>tiutu</strong></span> <span class='ocrx_word' id='word_1_291' title='bbox 729 2971 983 3026; x_wconf 86' lang='lat' dir='ltr'><strong>veniendi</strong></span> <span class='ocrx_word' id='word_1_292' title='bbox 1010 2971 1228 3025; x_wconf 88' lang='lat' dir='ltr'><strong>assidua</strong></span> <span class='ocrx_word' id='word_1_293' title='bbox 1268 2981 1642 3040; x_wconf 78' lang='lat' dir='ltr'><strong>perpetuaque</strong></span> <span class='ocrx_word' id='word_1_294' title='bbox 1701 2972 2124 3036; x_wconf 89' lang='lat' dir='ltr'><strong>consuetudine,</strong></span> 
     </span>
    </p>
   </div>
   <div class='ocr_carea' id='block_1_48' title="bbox 561 3063 2131 3135">
    <p class='ocr_par' dir='ltr' id='par_1_48' title="bbox 561 3063 2131 3135">
     <span class='ocr_line' id='line_1_48' title="bbox 561 3063 2131 3135; baseline -0.002 -14"><span class='ocrx_word' id='word_1_295' title='bbox 561 3077 674 3121; x_wconf 87' lang='lat' dir='ltr'><strong>tres</strong></span> <span class='ocrx_word' id='word_1_296' title='bbox 699 3076 839 3120; x_wconf 89' lang='lat' dir='ltr'><strong>totos</strong></span> <span class='ocrx_word' id='word_1_297' title='bbox 869 3065 1088 3120; x_wconf 65' lang='lat' dir='ltr'><strong>circiter</strong></span> <span class='ocrx_word' id='word_1_298' title='bbox 1105 3073 1453 3134; x_wconf 88' lang='lat' dir='ltr'><strong>quatuorque</strong></span> <span class='ocrx_word' id='word_1_299' title='bbox 1479 3063 1599 3118; x_wconf 90' lang='lat' dir='ltr'><strong>dies</strong></span> <span class='ocrx_word' id='word_1_300' title='bbox 1622 3063 1824 3119; x_wconf 89' lang='lat' dir='ltr'><strong>bellum</strong></span> <span class='ocrx_word' id='word_1_301' title='bbox 1849 3064 1990 3119; x_wconf 84' lang='lat' dir='ltr'><strong>clam</strong></span> <span class='ocrx_word' id='word_1_302' title='bbox 2032 3080 2131 3135; x_wconf 81' lang='lat' dir='ltr'><strong>ap-</strong></span> 
     </span>
    </p>
   </div>
   <div class='ocr_carea' id='block_1_49' title="bbox 560 3157 2128 3229">
    <p class='ocr_par' dir='ltr' id='par_1_49' title="bbox 560 3157 2128 3229">
     <span class='ocr_line' id='line_1_49' title="bbox 560 3157 2128 3229; baseline 0 -17"><span class='ocrx_word' id='word_1_303' title='bbox 560 3175 774 3229; x_wconf 86' lang='lat' dir='ltr'><strong>parare,</strong></span> <span class='ocrx_word' id='word_1_304' title='bbox 823 3173 1094 3228; x_wconf 87' lang='lat' dir='ltr'><strong>suumque</strong></span> <span class='ocrx_word' id='word_1_305' title='bbox 1143 3157 1455 3213; x_wconf 86' lang='lat' dir='ltr'><strong>triremibus</strong></span> <span class='ocrx_word' id='word_1_306' title='bbox 1502 3166 1560 3212; x_wconf 89' lang='lat' dir='ltr'><strong>et</strong></span> <span class='ocrx_word' id='word_1_307' title='bbox 1601 3160 1852 3212; x_wconf 79' lang='lat' dir='ltr'><strong>maximis</strong></span> <span class='ocrx_word' id='word_1_308' title='bbox 1895 3159 2128 3212; x_wconf 81' lang='lat' dir='ltr'><strong>navibus</strong></span> 
     </span>
    </p>
   </div>
   <div class='ocr_carea' id='block_1_50' title="bbox 560 3249 2133 3319">
    <p class='ocr_par' dir='ltr' id='par_1_50' title="bbox 560 3249 2133 3319">
     <span class='ocr_line' id='line_1_50' title="bbox 560 3249 2133 3319; baseline 0 -15"><span class='ocrx_word' id='word_1_309' title='bbox 560 3250 1083 3314; x_wconf 69' lang='lat' dir='ltr'><strong>obstruerenavaie,</strong></span> <span class='ocrx_word' id='word_1_310' title='bbox 1117 3249 1319 3305; x_wconf 83' lang='lat' dir='ltr'><strong>clausis</strong></span> <span class='ocrx_word' id='word_1_311' title='bbox 1369 3257 1426 3304; x_wconf 90' lang='lat' dir='ltr'><strong>et</strong></span> <span class='ocrx_word' id='word_1_312' title='bbox 1477 3249 1580 3318; x_wconf 87' lang='lat' dir='ltr'><strong>ipsi</strong></span> <span class='ocrx_word' id='word_1_313' title='bbox 1637 3249 1792 3304; x_wconf 89' lang='lat' dir='ltr'><strong>urbis</strong></span> <span class='ocrx_word' id='word_1_314' title='bbox 1840 3249 2034 3319; x_wconf 87' lang='lat' dir='ltr'><strong>portis,</strong></span> <span class='ocrx_word' id='word_1_315' title='bbox 2076 3250 2133 3304; x_wconf 91' lang='lat' dir='ltr'><strong>in</strong></span> 
     </span>
    </p>
   </div>
   <div class='ocr_carea' id='block_1_51' title="bbox 564 3339 2136 3410">
    <p class='ocr_par' dir='ltr' id='par_1_51' title="bbox 564 3339 2136 3410">
     <span class='ocr_line' id='line_1_51' title="bbox 564 3339 2136 3410; baseline 0 -16"><span class='ocrx_word' id='word_1_316' title='bbox 564 3354 831 3395; x_wconf 65' lang='lat' dir='ltr'><strong>meet-«tum</strong></span> <span class='ocrx_word' id='word_1_317' title='bbox 868 3342 1038 3396; x_wconf 79' lang='lat' dir='ltr'><strong>futuri</strong></span> <span class='ocrx_word' id='word_1_318' title='bbox 1076 3347 1285 3395; x_wconf 78' lang='lat' dir='ltr'><strong>exitum</strong></span> <span class='ocrx_word' id='word_1_319' title='bbox 1318 3339 1519 3395; x_wconf 85' lang='lat' dir='ltr'><strong>intenti</strong></span> <span class='ocrx_word' id='word_1_320' title='bbox 1563 3355 1630 3396; x_wconf 77' lang='lat' dir='ltr'><strong>ac</strong></span> <span class='ocrx_word' id='word_1_321' title='bbox 1663 3339 1914 3410; x_wconf 88' lang='lat' dir='ltr'><strong>suspensi</strong></span> <span class='ocrx_word' id='word_1_322' title='bbox 1977 3341 2136 3394; x_wconf 88' lang='lat' dir='ltr'><strong>sede-</strong></span> 
     </span>
    </p>
   </div>
   <div class='ocr_carea' id='block_1_52' title="bbox 559 3434 710 3488">
    <p class='ocr_par' dir='ltr' id='par_1_52' title="bbox 559 3434 710 3488">
     <span class='ocr_line' id='line_1_52' title="bbox 559 3434 710 3488; baseline 0.007 -1"><span class='ocrx_word' id='word_1_323' title='bbox 559 3434 710 3488; x_wconf 66' lang='lat' dir='ltr'><strong>baut.</strong></span> 
     </span>
    </p>
   </div>
   <div class='ocr_carea' id='block_1_53' title="bbox 625 3640 2135 3714">
    <p class='ocr_par' dir='ltr' id='par_1_53' title="bbox 625 3640 2135 3714">
     <span class='ocr_line' id='line_1_53' title="bbox 625 3640 2135 3714; baseline -0.005 -12"><span class='ocrx_word' id='word_1_324' title='bbox 625 3645 1012 3702; x_wconf 75' lang='lat' dir='ltr'><strong>‘\&quot;lll.lnterim</strong></span> <span class='ocrx_word' id='word_1_325' title='bbox 1033 3644 1174 3714; x_wconf 88' lang='lat' dir='ltr'><strong>apud</strong></span> <span class='ocrx_word' id='word_1_326' title='bbox 1219 3642 1442 3698; x_wconf 83' lang='lat' dir='ltr'><strong>Latinos</strong></span> <span class='ocrx_word' id='word_1_327' title='bbox 1494 3640 1861 3698; x_wconf 86' lang='lat' dir='ltr'><strong>deliberantes</strong></span> <span class='ocrx_word' id='word_1_328' title='bbox 1909 3650 2135 3697; x_wconf 81' lang='lat' dir='ltr'><strong>contro-</strong></span> 
     </span>
    </p>
   </div>
   <div class='ocr_carea' id='block_1_54' title="bbox 559 3735 2134 3805">
    <p class='ocr_par' dir='ltr' id='par_1_54' title="bbox 559 3735 2134 3805">
     <span class='ocr_line' id='line_1_54' title="bbox 559 3735 2134 3805; baseline -0.004 -9"><span class='ocrx_word' id='word_1_329' title='bbox 559 3741 741 3796; x_wconf 84' lang='lat' dir='ltr'><strong>versia</strong></span> <span class='ocrx_word' id='word_1_330' title='bbox 793 3750 849 3794; x_wconf 89' lang='lat' dir='ltr'><strong>et</strong></span> <span class='ocrx_word' id='word_1_331' title='bbox 881 3737 1154 3794; x_wconf 87' lang='lat' dir='ltr'><strong>dissensio</strong></span> <span class='ocrx_word' id='word_1_332' title='bbox 1209 3737 1440 3791; x_wconf 75' lang='lat' dir='ltr'><strong>exstitit.</strong></span> <span class='ocrx_word' id='word_1_333' title='bbox 1495 3735 1765 3790; x_wconf 84' lang='lat' dir='ltr'><strong>Nimirum</strong></span> <span class='ocrx_word' id='word_1_334' title='bbox 1814 3735 2016 3805; x_wconf 89' lang='lat' dir='ltr'><strong>quibus</strong></span> <span class='ocrx_word' id='word_1_335' title='bbox 2068 3752 2134 3790; x_wconf 78' lang='lat' dir='ltr'><strong>ex</strong></span> 
     </span>
    </p>
   </div>
   <div class='ocr_carea' id='block_1_55' title="bbox 562 3825 2132 3896">
    <p class='ocr_par' dir='ltr' id='par_1_55' title="bbox 562 3825 2132 3896">
     <span class='ocr_line' id='line_1_55' title="bbox 562 3825 2132 3896; baseline -0.007 -7"><span class='ocrx_word' id='word_1_336' title='bbox 562 3842 872 3890; x_wconf 84' lang='lat' dir='ltr'><strong>mercatura</strong></span> <span class='ocrx_word' id='word_1_337' title='bbox 899 3829 1242 3896; x_wconf 86' lang='lat' dir='ltr'><strong>nauticisquc</strong></span> <span class='ocrx_word' id='word_1_338' title='bbox 1265 3825 1500 3896; x_wconf 77' lang='lat' dir='ltr'><strong>negotiis</strong></span> <span class='ocrx_word' id='word_1_339' title='bbox 1549 3825 1829 3896; x_wconf 88' lang='lat' dir='ltr'><strong>opulentia</strong></span> <span class='ocrx_word' id='word_1_340' title='bbox 1853 3825 2132 3892; x_wconf 87' lang='lat' dir='ltr'><strong>veniebat,</strong></span> 
     </span>
    </p>
   </div>
   <div class='ocr_carea' id='block_1_56' title="bbox 565 3919 2136 3990">
    <p class='ocr_par' dir='ltr' id='par_1_56' title="bbox 565 3919 2136 3990">
     <span class='ocr_line' id='line_1_56' title="bbox 565 3919 2136 3990; baseline -0.004 -10"><span class='ocrx_word' id='word_1_341' title='bbox 565 3927 602 3980; x_wconf 88' lang='lat' dir='ltr'><strong>ii</strong></span> <span class='ocrx_word' id='word_1_342' title='bbox 632 3923 900 3979; x_wconf 80' lang='lat' dir='ltr'><strong>vendendi</strong></span> <span class='ocrx_word' id='word_1_343' title='bbox 951 3919 1279 3990; x_wconf 83' lang='lat' dir='ltr'><strong>emendique</strong></span> <span class='ocrx_word' id='word_1_344' title='bbox 1332 3934 1456 3973; x_wconf 91' lang='lat' dir='ltr'><strong>cum</strong></span> <span class='ocrx_word' id='word_1_345' title='bbox 1496 3933 1561 3973; x_wconf 89' lang='lat' dir='ltr'><strong>ea</strong></span> <span class='ocrx_word' id='word_1_346' title='bbox 1612 3934 1777 3989; x_wconf 91' lang='lat' dir='ltr'><strong>quam</strong></span> <span class='ocrx_word' id='word_1_347' title='bbox 1807 3933 1912 3988; x_wconf 88' lang='lat' dir='ltr'><strong>pax</strong></span> <span class='ocrx_word' id='word_1_348' title='bbox 1941 3919 2136 3973; x_wconf 86' lang='lat' dir='ltr'><strong>tribuit</strong></span> 
     </span>
    </p>
   </div>
   <div class='ocr_carea' id='block_1_57' title="bbox 565 3992 2137 4082">
    <p class='ocr_par' dir='ltr' id='par_1_57' title="bbox 565 3992 2137 4082">
     <span class='ocr_line' id='line_1_57' title="bbox 565 3992 2137 4082; baseline -0.006 -7"><span class='ocrx_word' id='word_1_349' title='bbox 565 4017 810 4082; x_wconf 75' lang='lat' dir='ltr'><strong>licentia,</strong></span> <span class='ocrx_word' id='word_1_350' title='bbox 841 4026 895 4070; x_wconf 91' lang='lat' dir='ltr'><strong>et</strong></span> <span class='ocrx_word' id='word_1_351' title='bbox 927 4024 1097 4068; x_wconf 89' lang='lat' dir='ltr'><strong>totum</strong></span> <span class='ocrx_word' id='word_1_352' title='bbox 1134 4014 1188 4067; x_wconf 89' lang='lat' dir='ltr'><strong>in</strong></span> <span class='ocrx_word' id='word_1_353' title='bbox 1219 3992 1587 4081; x_wconf 70' lang='lat' dir='ltr'><strong>quaestuosam</strong></span> <span class='ocrx_word' id='word_1_354' title='bbox 1620 4025 1803 4080; x_wconf 89' lang='lat' dir='ltr'><strong>peram</strong></span> <span class='ocrx_word' id='word_1_355' title='bbox 1838 4021 1944 4065; x_wconf 90' lang='lat' dir='ltr'><strong>tam</strong></span> <span class='ocrx_word' id='word_1_356' title='bbox 1969 4025 2137 4067; x_wconf 74' lang='lat' dir='ltr'><strong>ama:-</strong></span> 
     </span>
    </p>
   </div>
   <div class='ocr_carea' id='block_1_58' title="bbox 567 4102 2134 4179">
    <p class='ocr_par' dir='ltr' id='par_1_58' title="bbox 567 4102 2134 4179">
     <span class='ocr_line' id='line_1_58' title="bbox 567 4102 2134 4179; baseline -0.004 -14"><span class='ocrx_word' id='word_1_357' title='bbox 567 4129 649 4165; x_wconf 73' lang='lat' dir='ltr'><strong>na:</strong></span> <span class='ocrx_word' id='word_1_358' title='bbox 678 4105 1051 4179; x_wconf 85' lang='lat' dir='ltr'><strong>occupationis</strong></span> <span class='ocrx_word' id='word_1_359' title='bbox 1072 4105 1312 4160; x_wconf 91' lang='lat' dir='ltr'><strong>studium</strong></span> <span class='ocrx_word' id='word_1_360' title='bbox 1346 4103 1667 4159; x_wconf 82' lang='lat' dir='ltr'><strong>effundendi</strong></span> <span class='ocrx_word' id='word_1_361' title='bbox 1717 4102 1880 4158; x_wconf 86' lang='lat' dir='ltr'><strong>finem</strong></span> <span class='ocrx_word' id='word_1_362' title='bbox 1929 4103 2134 4169; x_wconf 89' lang='lat' dir='ltr'><strong>facere,</strong></span> 
     </span>
    </p>
   </div>
   <div class='ocr_carea' id='block_1_59' title="bbox 564 4196 2135 4273">
    <p class='ocr_par' dir='ltr' id='par_1_59' title="bbox 564 4196 2135 4273">
     <span class='ocr_line' id='line_1_59' title="bbox 564 4196 2135 4273; baseline -0.005 -13"><span class='ocrx_word' id='word_1_363' title='bbox 564 4203 840 4273; x_wconf 84' lang='lat' dir='ltr'><strong>armisque</strong></span> <span class='ocrx_word' id='word_1_364' title='bbox 895 4210 949 4255; x_wconf 91' lang='lat' dir='ltr'><strong>et</strong></span> <span class='ocrx_word' id='word_1_365' title='bbox 1005 4199 1149 4254; x_wconf 84' lang='lat' dir='ltr'><strong>bello</strong></span> <span class='ocrx_word' id='word_1_366' title='bbox 1199 4214 1419 4270; x_wconf 89' lang='lat' dir='ltr'><strong>operam</strong></span> <span class='ocrx_word' id='word_1_367' title='bbox 1464 4197 1596 4252; x_wconf 89' lang='lat' dir='ltr'><strong>dare</strong></span> <span class='ocrx_word' id='word_1_368' title='bbox 1636 4196 1935 4266; x_wconf 86' lang='lat' dir='ltr'><strong>nolebant;</strong></span> <span class='ocrx_word' id='word_1_369' title='bbox 1992 4198 2135 4252; x_wconf 88' lang='lat' dir='ltr'><strong>unde</strong></span> 
     </span>
    </p>
   </div>
   <div class='ocr_carea' id='block_1_60' title="bbox 563 4290 2137 4362">
    <p class='ocr_par' dir='ltr' id='par_1_60' title="bbox 563 4290 2137 4362">
     <span class='ocr_line' id='line_1_60' title="bbox 563 4290 2137 4362; baseline -0.004 -10"><span class='ocrx_word' id='word_1_370' title='bbox 563 4307 744 4352; x_wconf 84' lang='lat' dir='ltr'><strong>metus</strong></span> <span class='ocrx_word' id='word_1_371' title='bbox 764 4303 934 4358; x_wconf 86' lang='lat' dir='ltr'><strong>esset,</strong></span> <span class='ocrx_word' id='word_1_372' title='bbox 961 4307 1030 4348; x_wconf 89' lang='lat' dir='ltr'><strong>ne</strong></span> <span class='ocrx_word' id='word_1_373' title='bbox 1064 4291 1204 4346; x_wconf 88' lang='lat' dir='ltr'><strong>mala</strong></span> <span class='ocrx_word' id='word_1_374' title='bbox 1237 4298 1710 4360; x_wconf 89' lang='lat' dir='ltr'><strong>consequerentur</strong></span> <span class='ocrx_word' id='word_1_375' title='bbox 1757 4305 1922 4362; x_wconf 90' lang='lat' dir='ltr'><strong>supra</strong></span> <span class='ocrx_word' id='word_1_376' title='bbox 1972 4290 2137 4346; x_wconf 83' lang='lat' dir='ltr'><strong>dictis</strong></span> 
     </span>
    </p>
   </div>
   <div class='ocr_carea' id='block_1_61' title="bbox 561 4384 2136 4454">
    <p class='ocr_par' dir='ltr' id='par_1_61' title="bbox 561 4384 2136 4454">
     <span class='ocr_line' id='line_1_61' title="bbox 561 4384 2136 4454; baseline -0.006 -6"><span class='ocrx_word' id='word_1_377' title='bbox 561 4392 724 4447; x_wconf 89' lang='lat' dir='ltr'><strong>bonis</strong></span> <span class='ocrx_word' id='word_1_378' title='bbox 753 4387 986 4442; x_wconf 77' lang='lat' dir='ltr'><strong>maxime</strong></span> <span class='ocrx_word' id='word_1_379' title='bbox 1017 4384 1316 4446; x_wconf 88' lang='lat' dir='ltr'><strong>contraria,</strong></span> <span class='ocrx_word' id='word_1_380' title='bbox 1387 4392 1601 4454; x_wconf 79' lang='lat' dir='ltr'><strong>egestas</strong></span> <span class='ocrx_word' id='word_1_381' title='bbox 1633 4397 1829 4454; x_wconf 87' lang='lat' dir='ltr'><strong>nempe</strong></span> <span class='ocrx_word' id='word_1_382' title='bbox 1887 4391 1943 4440; x_wconf 90' lang='lat' dir='ltr'><strong>et</strong></span> <span class='ocrx_word' id='word_1_383' title='bbox 1971 4384 2136 4440; x_wconf 89' lang='lat' dir='ltr'><strong>dede-</strong></span> 
     </span>
    </p>
   </div>
   <div class='ocr_carea' id='block_1_62' title="bbox 564 4459 2137 4560">
    <p class='ocr_par' dir='ltr' id='par_1_62' title="bbox 564 4459 2137 4560">
     <span class='ocr_line' id='line_1_62' title="bbox 564 4459 2137 4560; baseline -0.006 -19"><span class='ocrx_word' id='word_1_384' title='bbox 564 4503 684 4549; x_wconf 90' lang='lat' dir='ltr'><strong>cus,</strong></span> <span class='ocrx_word' id='word_1_385' title='bbox 711 4459 765 4540; x_wconf 70' lang='lat' dir='ltr'><strong>et</strong></span> <span class='ocrx_word' id='word_1_386' title='bbox 789 4485 979 4539; x_wconf 88' lang='lat' dir='ltr'><strong>salutis</strong></span> <span class='ocrx_word' id='word_1_387' title='bbox 1008 4479 1326 4543; x_wconf 87' lang='lat' dir='ltr'><strong>discrimen,</strong></span> <span class='ocrx_word' id='word_1_388' title='bbox 1369 4486 1424 4532; x_wconf 91' lang='lat' dir='ltr'><strong>et</strong></span> <span class='ocrx_word' id='word_1_389' title='bbox 1445 4477 1584 4560; x_wconf 86' lang='lat' dir='ltr'><strong>ipse,</strong></span> <span class='ocrx_word' id='word_1_390' title='bbox 1615 4476 1661 4532; x_wconf 92' lang='lat' dir='ltr'><strong>si</strong></span> <span class='ocrx_word' id='word_1_391' title='bbox 1699 4477 1886 4531; x_wconf 90' lang='lat' dir='ltr'><strong>verius</strong></span> <span class='ocrx_word' id='word_1_392' title='bbox 1909 4477 2137 4548; x_wconf 73' lang='lat' dir='ltr'><strong>loquen-</strong></span> 
     </span>
    </p>
   </div>
   <div class='ocr_carea' id='block_1_63' title="bbox 2243 1945 3772 2020">
    <p class='ocr_par' dir='ltr' id='par_1_63' title="bbox 2243 1945 3772 2020">
     <span class='ocr_line' id='line_1_63' title="bbox 2243 1945 3772 2020; baseline -0.005 -19"><span class='ocrx_word' id='word_1_393' title='bbox 2243 1949 2336 2002; x_wconf 88' lang='grc' dir='ltr'><strong>καί</strong></span> <span class='ocrx_word' id='word_1_394' title='bbox 2377 1965 2428 2000; x_wconf 88' lang='grc' dir='ltr'><strong>τι</strong></span> <span class='ocrx_word' id='word_1_395' title='bbox 2463 1947 2697 2017; x_wconf 81' lang='grc' dir='ltr'>μονῆρες</span> <span class='ocrx_word' id='word_1_396' title='bbox 2727 1947 2953 2000; x_wconf 84' lang='grc' dir='ltr'><strong>ἀκάτιον</strong></span> <span class='ocrx_word' id='word_1_397' title='bbox 3003 1946 3312 2020; x_wconf 76' lang='grc' dir='ltr'>λῃστρικῶν</span> <span class='ocrx_word' id='word_1_398' title='bbox 3341 1945 3578 1999; x_wconf 80' lang='grc' dir='ltr'><strong>ὁπλιτῶν</strong></span> <span class='ocrx_word' id='word_1_399' title='bbox 3605 1947 3772 2013; x_wconf 65' lang='grc' dir='ltr'>ἐμπλή-</span> 
     </span>
    </p>
   </div>
   <div class='ocr_carea' id='block_1_64' title="bbox 2243 2035 3769 2106">
    <p class='ocr_par' dir='ltr' id='par_1_64' title="bbox 2243 2035 3769 2106">
     <span class='ocr_line' id='line_1_64' title="bbox 2243 2035 3769 2106; baseline -0.005 -16"><span class='ocrx_word' id='word_1_400' title='bbox 2243 2039 2436 2098; x_wconf 76' lang='grc' dir='ltr'>σαντές</span> <span class='ocrx_word' id='word_1_401' title='bbox 2467 2053 2525 2090; x_wconf 89' lang='grc' dir='ltr'><strong>τε</strong></span> <span class='ocrx_word' id='word_1_402' title='bbox 2558 2037 2749 2098; x_wconf 72' lang='grc' dir='ltr'>νυκτὸς</span> <span class='ocrx_word' id='word_1_403' title='bbox 2787 2039 2878 2088; x_wconf 84' lang='grc' dir='ltr'>καὶ</span> <span class='ocrx_word' id='word_1_404' title='bbox 2928 2037 3068 2106; x_wconf 56' lang='grc' dir='ltr'>πρεις</span> <span class='ocrx_word' id='word_1_405' title='bbox 3105 2036 3269 2106; x_wconf 71' lang='grc' dir='ltr'>Ἱερὸν</span> <span class='ocrx_word' id='word_1_406' title='bbox 3300 2035 3412 2105; x_wconf 70' lang='grc'>(94)</span> <span class='ocrx_word' id='word_1_407' title='bbox 3467 2036 3559 2086; x_wconf 74' lang='grc' dir='ltr'><strong>καὶ</strong></span> <span class='ocrx_word' id='word_1_408' title='bbox 3607 2035 3769 2102; x_wconf 65' lang='grc' dir='ltr'>αὐχένι</span> 
     </span>
    </p>
   </div>
   <div class='ocr_carea' id='block_1_65' title="bbox 2238 2127 3769 2198">
    <p class='ocr_par' dir='ltr' id='par_1_65' title="bbox 2238 2127 3769 2198">
     <span class='ocr_line' id='line_1_65' title="bbox 2238 2127 3769 2198; baseline -0.006 -15"><span class='ocrx_word' id='word_1_409' title='bbox 2238 2131 2330 2183; x_wconf 72' lang='grc' dir='ltr'><strong>τὸν</strong></span> <span class='ocrx_word' id='word_1_410' title='bbox 2362 2130 2668 2183; x_wconf 80' lang='grc' dir='ltr'><strong>διαπόντιον</strong></span> <span class='ocrx_word' id='word_1_411' title='bbox 2693 2129 3130 2190; x_wconf 72' lang='grc' dir='ltr'>ἀναπλεύσαντες</span> <span class='ocrx_word' id='word_1_412' title='bbox 3171 2129 3298 2197; x_wconf 88' lang='grc' dir='ltr'>μίαν</span> <span class='ocrx_word' id='word_1_413' title='bbox 3334 2129 3465 2180; x_wconf 82' lang='grc' dir='ltr'>τινὰ</span> <span class='ocrx_word' id='word_1_414' title='bbox 3500 2127 3769 2198; x_wconf 68' lang='grc' dir='ltr'>Ῥωμαϊκὴν</span> 
     </span>
    </p>
   </div>
   <div class='ocr_carea' id='block_1_66' title="bbox 2240 2221 3770 2294">
    <p class='ocr_par' dir='ltr' id='par_1_66' title="bbox 2240 2221 3770 2294">
     <span class='ocr_line' id='line_1_66' title="bbox 2240 2221 3770 2294; baseline -0.004 -17"><span class='ocrx_word' id='word_1_415' title='bbox 2240 2223 2436 2278; x_wconf 81' lang='grc' dir='ltr'>ἁλιάδα</span> <span class='ocrx_word' id='word_1_416' title='bbox 2468 2223 2756 2294; x_wconf 80' lang='grc' dir='ltr'>κατέσχον,</span> <span class='ocrx_word' id='word_1_417' title='bbox 2809 2222 3020 2276; x_wconf 84' lang='grc' dir='ltr'>πολλῶν</span> <span class='ocrx_word' id='word_1_418' title='bbox 3075 2223 3191 2276; x_wconf 83' lang='grc' dir='ltr'>ἐκεῖ</span> <span class='ocrx_word' id='word_1_419' title='bbox 3239 2224 3545 2288; x_wconf 82' lang='grc' dir='ltr'>τηνικαῦτα</span> <span class='ocrx_word' id='word_1_420' title='bbox 3578 2221 3770 2280; x_wconf 73' lang='grc' dir='ltr'>δικτύοις</span> 
     </span>
    </p>
   </div>
   <div class='ocr_carea' id='block_1_67' title="bbox 2238 2311 3771 2387">
    <p class='ocr_par' dir='ltr' id='par_1_67' title="bbox 2238 2311 3771 2387">
     <span class='ocr_line' id='line_1_67' title="bbox 2238 2311 3771 2387; baseline -0.003 -18"><span class='ocrx_word' id='word_1_421' title='bbox 2238 2315 2540 2387; x_wconf 85' lang='grc' dir='ltr'><strong>χρωμένων</strong></span> <span class='ocrx_word' id='word_1_422' title='bbox 2571 2314 2630 2378; x_wconf 86' lang='grc' dir='ltr'><strong>ἐς</strong></span> <span class='ocrx_word' id='word_1_423' title='bbox 2652 2314 2860 2384; x_wconf 70' lang='grc' dir='ltr'>’ἰχθύων</span> <span class='ocrx_word' id='word_1_424' title='bbox 2886 2315 3084 2386; x_wconf 73' lang='grc' dir='ltr'>ἄγραν,</span> <span class='ocrx_word' id='word_1_425' title='bbox 3121 2315 3215 2367; x_wconf 78' lang='grc' dir='ltr'>καὶ</span> <span class='ocrx_word' id='word_1_426' title='bbox 3262 2311 3455 2384; x_wconf 79' lang='grc' dir='ltr'>ξίφους</span> <span class='ocrx_word' id='word_1_427' title='bbox 3501 2312 3649 2384; x_wconf 78' lang='grc' dir='ltr'>ἔργον</span> <span class='ocrx_word' id='word_1_428' title='bbox 3675 2313 3771 2372; x_wconf 68' lang='grc' dir='ltr'>τοὺς</span> 
     </span>
    </p>
   </div>
   <div class='ocr_carea' id='block_1_68' title="bbox 2238 2407 2978 2477">
    <p class='ocr_par' dir='ltr' id='par_1_68' title="bbox 2238 2407 2978 2477">
     <span class='ocr_line' id='line_1_68' title="bbox 2238 2407 2978 2477; baseline 0 -17"><span class='ocrx_word' id='word_1_429' title='bbox 2238 2407 2527 2471; x_wconf 81' lang='grc' dir='ltr'>πλείστους</span> <span class='ocrx_word' id='word_1_430' title='bbox 2556 2407 2978 2477; x_wconf 78' lang='grc' dir='ltr'>ἐπεποιήκεσαν.</span> 
     </span>
    </p>
   </div>
   <div class='ocr_carea' id='block_1_69' title="bbox 2308 2503 3770 2582">
    <p class='ocr_par' dir='ltr' id='par_1_69' title="bbox 2308 2503 3770 2582">
     <span class='ocr_line' id='line_1_69' title="bbox 2308 2503 3770 2582; baseline -0.005 -16"><span class='ocrx_word' id='word_1_431' title='bbox 2308 2513 2382 2568; x_wconf 88' lang='lat' dir='ltr'><strong>Z&#39;.</strong></span> <span class='ocrx_word' id='word_1_432' title='bbox 2417 2513 2581 2582; x_wconf 78' lang='grc' dir='ltr'>’Δρτι</span> <span class='ocrx_word' id='word_1_433' title='bbox 2609 2511 2656 2565; x_wconf 86' lang='grc' dir='ltr'>δ’</span> <span class='ocrx_word' id='word_1_434' title='bbox 2681 2511 2834 2582; x_wconf 77' lang='grc' dir='ltr'>ἡλίου</span> <span class='ocrx_word' id='word_1_435' title='bbox 2860 2512 2918 2574; x_wconf 93' lang='grc' dir='ltr'><strong>ἐς</strong></span> <span class='ocrx_word' id='word_1_436' title='bbox 2946 2509 3210 2574; x_wconf 79' lang='grc' dir='ltr'>ἀνατολάς</span> <span class='ocrx_word' id='word_1_437' title='bbox 3238 2506 3582 2574; x_wconf 73' lang='grc' dir='ltr'>ἐληλυθότος,</span> <span class='ocrx_word' id='word_1_438' title='bbox 3607 2503 3690 2562; x_wconf 69' lang='grc' dir='ltr'>καὶ</span> <span class='ocrx_word' id='word_1_439' title='bbox 3725 2505 3770 2560; x_wconf 77' lang='grc' dir='ltr'><strong>ιδ</strong></span> 
     </span>
    </p>
   </div>
   <div class='ocr_carea' id='block_1_70' title="bbox 2236 2600 3771 2676">
    <p class='ocr_par' dir='ltr' id='par_1_70' title="bbox 2236 2600 3771 2676">
     <span class='ocr_line' id='line_1_70' title="bbox 2236 2600 3771 2676; baseline -0.006 -16"><span class='ocrx_word' id='word_1_440' title='bbox 2236 2606 2338 2676; x_wconf 80' lang='grc' dir='ltr'>τῆς</span> <span class='ocrx_word' id='word_1_441' title='bbox 2370 2606 2564 2669; x_wconf 77' lang='grc' dir='ltr'>νυκτὸς</span> <span class='ocrx_word' id='word_1_442' title='bbox 2614 2605 2832 2676; x_wconf 78' lang='grc' dir='ltr'><strong>ἐκείνης</strong></span> <span class='ocrx_word' id='word_1_443' title='bbox 2871 2600 3086 2658; x_wconf 84' lang='grc' dir='ltr'>ἀνόσιον</span> <span class='ocrx_word' id='word_1_444' title='bbox 3133 2605 3377 2675; x_wconf 81' lang='grc' dir='ltr'>ἀδίκημα</span> <span class='ocrx_word' id='word_1_445' title='bbox 3446 2607 3560 2667; x_wconf 83' lang='grc' dir='ltr'>τοῖς</span> <span class='ocrx_word' id='word_1_446' title='bbox 3603 2603 3771 2664; x_wconf 80' lang='grc' dir='ltr'><strong>Βυζαν-</strong></span> 
     </span>
    </p>
   </div>
   <div class='ocr_carea' id='block_1_71' title="bbox 2236 2692 3770 2770">
    <p class='ocr_par' dir='ltr' id='par_1_71' title="bbox 2236 2692 3770 2770">
     <span class='ocr_line' id='line_1_71' title="bbox 2236 2692 3770 2770; baseline -0.006 -16"><span class='ocrx_word' id='word_1_447' title='bbox 2236 2699 2370 2764; x_wconf 90' lang='grc' dir='ltr'>τίοις</span> <span class='ocrx_word' id='word_1_448' title='bbox 2419 2699 2878 2770; x_wconf 87' lang='grc' dir='ltr'>ἐρμηνεύσαντος,</span> <span class='ocrx_word' id='word_1_449' title='bbox 2942 2697 3120 2769; x_wconf 83' lang='grc' dir='ltr'>λύπης</span> <span class='ocrx_word' id='word_1_450' title='bbox 3181 2697 3281 2768; x_wconf 83' lang='grc' dir='ltr'><strong>μὲν</strong></span> <span class='ocrx_word' id='word_1_451' title='bbox 3326 2697 3484 2762; x_wconf 80' lang='grc' dir='ltr'>ἄξιον</span> <span class='ocrx_word' id='word_1_452' title='bbox 3532 2692 3770 2766; x_wconf 52' lang='grc' dir='ltr'>ἐνομίσθη,</span> 
     </span>
    </p>
   </div>
   <div class='ocr_carea' id='block_1_72' title="bbox 2240 2790 3769 2864">
    <p class='ocr_par' dir='ltr' id='par_1_72' title="bbox 2240 2790 3769 2864">
     <span class='ocr_line' id='line_1_72' title="bbox 2240 2790 3769 2864; baseline -0.007 -16"><span class='ocrx_word' id='word_1_453' title='bbox 2240 2796 2420 2864; x_wconf 81' lang='grc' dir='ltr'>μάχης</span> <span class='ocrx_word' id='word_1_454' title='bbox 2444 2794 2501 2846; x_wconf 82' lang='grc' dir='ltr'><strong>δέ</strong></span> <span class='ocrx_word' id='word_1_455' title='bbox 2534 2793 2630 2847; x_wconf 78' lang='grc' dir='ltr'><strong>καὶ</strong></span> <span class='ocrx_word' id='word_1_456' title='bbox 2660 2791 2912 2862; x_wconf 86' lang='grc' dir='ltr'>πολέμων</span> <span class='ocrx_word' id='word_1_457' title='bbox 2943 2791 3163 2862; x_wconf 77' lang='grc' dir='ltr'>ἥκιστα.</span> <span class='ocrx_word' id='word_1_458' title='bbox 3210 2791 3540 2860; x_wconf 75' lang='grc' dir='ltr'>Λίσθόμενοι</span> <span class='ocrx_word' id='word_1_459' title='bbox 3571 2790 3611 2841; x_wconf 79' lang='grc' dir='ltr'>δ’</span> <span class='ocrx_word' id='word_1_460' title='bbox 3636 2791 3769 2856; x_wconf 76' lang='grc' dir='ltr'>ὅμω,,</span> 
     </span>
    </p>
   </div>
   <div class='ocr_carea' id='block_1_73' title="bbox 2234 2885 3772 2959">
    <p class='ocr_par' dir='ltr' id='par_1_73' title="bbox 2234 2885 3772 2959">
     <span class='ocr_line' id='line_1_73' title="bbox 2234 2885 3772 2959; baseline -0.005 -16"><span class='ocrx_word' id='word_1_461' title='bbox 2234 2887 2310 2952; x_wconf 78' lang='grc' dir='ltr'><strong>ὡς</strong></span> <span class='ocrx_word' id='word_1_462' title='bbox 2339 2888 2390 2942; x_wconf 84' lang='grc' dir='ltr'><strong>οί</strong></span> <span class='ocrx_word' id='word_1_463' title='bbox 2413 2889 2632 2942; x_wconf 89' lang='grc' dir='ltr'>Λατῖνοι</span> <span class='ocrx_word' id='word_1_464' title='bbox 2653 2889 2929 2959; x_wconf 78' lang='grc' dir='ltr'>τειχήρεις</span> <span class='ocrx_word' id='word_1_465' title='bbox 2955 2887 3257 2956; x_wconf 88' lang='grc' dir='ltr'>γενόμενοι,</span> <span class='ocrx_word' id='word_1_466' title='bbox 3281 2888 3375 2940; x_wconf 67' lang='grc' dir='ltr'><strong>κα)⁵</strong></span> <span class='ocrx_word' id='word_1_467' title='bbox 3399 2888 3506 2957; x_wconf 73' lang='grc' dir='ltr'><strong>τὴν</strong></span> <span class='ocrx_word' id='word_1_468' title='bbox 3534 2888 3588 2949; x_wconf 84' lang='grc' dir='ltr'><strong>ἐς</strong></span> <span class='ocrx_word' id='word_1_469' title='bbox 3609 2885 3772 2948; x_wconf 60' lang='grc' dir='ltr'>Βυζάν-</span> 
     </span>
    </p>
   </div>
   <div class='ocr_carea' id='block_1_74' title="bbox 2236 2963 3771 3053">
    <p class='ocr_par' dir='ltr' id='par_1_74' title="bbox 2236 2963 3771 3053">
     <span class='ocr_line' id='line_1_74' title="bbox 2236 2963 3771 3053; baseline -0.006 -19"><span class='ocrx_word' id='word_1_470' title='bbox 2236 2998 2354 3034; x_wconf 88' lang='grc' dir='ltr'>τιον</span> <span class='ocrx_word' id='word_1_471' title='bbox 2383 2969 2844 3053; x_wconf 41' lang='grc' dir='ltr'>ἐκείνηνχσυνήθη</span> <span class='ocrx_word' id='word_1_472' title='bbox 2888 2998 2947 3034; x_wconf 88' lang='grc' dir='ltr'><strong>τε</strong></span> <span class='ocrx_word' id='word_1_473' title='bbox 3001 2981 3098 3034; x_wconf 76' lang='grc' dir='ltr'>καὶ</span> <span class='ocrx_word' id='word_1_474' title='bbox 3151 2963 3376 3051; x_wconf 80' lang='grc' dir='ltr'>διηνεκῆ</span> <span class='ocrx_word' id='word_1_475' title='bbox 3414 2981 3659 3032; x_wconf 76' lang='grc' dir='ltr'>διάϐασιν</span> <span class='ocrx_word' id='word_1_476' title='bbox 3683 2992 3771 3027; x_wconf 84' lang='grc' dir='ltr'>κοι-</span> 
     </span>
    </p>
   </div>
   <div class='ocr_carea' id='block_1_75' title="bbox 2238 3069 3770 3145">
    <p class='ocr_par' dir='ltr' id='par_1_75' title="bbox 2238 3069 3770 3145">
     <span class='ocr_line' id='line_1_75' title="bbox 2238 3069 3770 3145; baseline -0.007 -18"><span class='ocrx_word' id='word_1_477' title='bbox 2238 3073 2521 3142; x_wconf 84' lang='grc' dir='ltr'>μίσαντες,</span> <span class='ocrx_word' id='word_1_478' title='bbox 2553 3069 2640 3142; x_wconf 79' lang='grc' dir='ltr'>ἐφ’</span> <span class='ocrx_word' id='word_1_479' title='bbox 2669 3075 2796 3138; x_wconf 83' lang='grc' dir='ltr'>ὅλας</span> <span class='ocrx_word' id='word_1_480' title='bbox 2826 3075 3043 3145; x_wconf 82' lang='grc' dir='ltr'>ἡμέρας</span> <span class='ocrx_word' id='word_1_481' title='bbox 3079 3074 3229 3142; x_wconf 81' lang='grc' dir='ltr'>τρεῖς</span> <span class='ocrx_word' id='word_1_482' title='bbox 3276 3089 3378 3125; x_wconf 82' lang='grc' dir='ltr'>που</span> <span class='ocrx_word' id='word_1_483' title='bbox 3407 3072 3509 3125; x_wconf 73' lang='grc' dir='ltr'>καὶ</span> <span class='ocrx_word' id='word_1_484' title='bbox 3541 3070 3770 3136; x_wconf 74' lang='grc' dir='ltr'>τέτταρας</span> 
     </span>
    </p>
   </div>
   <div class='ocr_carea' id='block_1_76' title="bbox 2235 3162 3771 3235">
    <p class='ocr_par' dir='ltr' id='par_1_76' title="bbox 2235 3162 3771 3235">
     <span class='ocr_line' id='line_1_76' title="bbox 2235 3162 3771 3235; baseline -0.005 -19"><span class='ocrx_word' id='word_1_485' title='bbox 2235 3165 2373 3235; x_wconf 75' lang='grc' dir='ltr'>πρὸς</span> <span class='ocrx_word' id='word_1_486' title='bbox 2413 3165 2555 3218; x_wconf 78' lang='grc' dir='ltr'>ὅπλα.</span> <span class='ocrx_word' id='word_1_487' title='bbox 2588 3164 2890 3232; x_wconf 79' lang='grc' dir='ltr'>λεληθότως</span> <span class='ocrx_word' id='word_1_488' title='bbox 2941 3162 3412 3235; x_wconf 74' lang='grc' dir='ltr'>παρεσκευάζοντο</span> <span class='ocrx_word' id='word_1_489' title='bbox 3447 3162 3542 3216; x_wconf 72' lang='grc' dir='ltr'>καὶ</span> <span class='ocrx_word' id='word_1_490' title='bbox 3565 3162 3771 3231; x_wconf 76' lang='grc' dir='ltr'>τριήρεσι</span> 
     </span>
    </p>
   </div>
   <div class='ocr_carea' id='block_1_77' title="bbox 2238 3252 3773 3330">
    <p class='ocr_par' dir='ltr' id='par_1_77' title="bbox 2238 3252 3773 3330">
     <span class='ocr_line' id='line_1_77' title="bbox 2238 3252 3773 3330; baseline -0.005 -21"><span class='ocrx_word' id='word_1_491' title='bbox 2238 3261 2328 3310; x_wconf 76' lang='grc' dir='ltr'>καὶ</span> <span class='ocrx_word' id='word_1_492' title='bbox 2358 3259 2645 3325; x_wconf 78' lang='grc' dir='ltr'>μεγίσταις</span> <span class='ocrx_word' id='word_1_493' title='bbox 2671 3258 2756 3330; x_wconf 78' lang='grc' dir='ltr'><strong>[Ρ.</strong></span> <span class='ocrx_word' id='word_1_494' title='bbox 2783 3252 2911 3329; x_wconf 69' lang='grc'><strong>552]</strong></span> <span class='ocrx_word' id='word_1_495' title='bbox 2939 3257 3096 3312; x_wconf 80' lang='grc' dir='ltr'>ναυσὶ</span> <span class='ocrx_word' id='word_1_496' title='bbox 3125 3257 3187 3310; x_wconf 83' lang='grc' dir='ltr'>τὸ</span> <span class='ocrx_word' id='word_1_497' title='bbox 3213 3258 3415 3310; x_wconf 77' lang='grc' dir='ltr'>οἰκεῖον</span> <span class='ocrx_word' id='word_1_498' title='bbox 3463 3257 3600 3319; x_wconf 84' lang='grc' dir='ltr'>τέως</span> <span class='ocrx_word' id='word_1_499' title='bbox 3620 3252 3773 3322; x_wconf 81' lang='grc' dir='ltr'>περιέ-</span> 
     </span>
    </p>
   </div>
   <div class='ocr_carea' id='block_1_78' title="bbox 2236 3339 3774 3418">
    <p class='ocr_par' dir='ltr' id='par_1_78' title="bbox 2236 3339 3774 3418">
     <span class='ocr_line' id='line_1_78' title="bbox 2236 3339 3774 3418; baseline -0.005 -18"><span class='ocrx_word' id='word_1_500' title='bbox 2236 3365 2474 3418; x_wconf 85' lang='grc' dir='ltr'>φραττον</span> <span class='ocrx_word' id='word_1_501' title='bbox 2503 3349 2761 3413; x_wconf 76' lang='grc' dir='ltr'>ἐπίνειον,</span> <span class='ocrx_word' id='word_1_502' title='bbox 2793 3351 2892 3412; x_wconf 78' lang='grc' dir='ltr'><strong>τὰς</strong></span> <span class='ocrx_word' id='word_1_503' title='bbox 2920 3349 3013 3402; x_wconf 78' lang='grc' dir='ltr'><strong>τού</strong></span> <span class='ocrx_word' id='word_1_504' title='bbox 3051 3349 3349 3414; x_wconf 73' lang='grc' dir='ltr'>Βυζαντίου</span> <span class='ocrx_word' id='word_1_505' title='bbox 3382 3349 3561 3410; x_wconf 81' lang='grc' dir='ltr'>πύλας</span> <span class='ocrx_word' id='word_1_506' title='bbox 3595 3347 3678 3399; x_wconf 74' lang='grc' dir='ltr'>καὶ</span> <span class='ocrx_word' id='word_1_507' title='bbox 3705 3339 3774 3395; x_wconf 68' lang='grc' dir='ltr'><strong>οἱ·</strong></span> 
     </span>
    </p>
   </div>
   <div class='ocr_carea' id='block_1_79' title="bbox 2235 3439 3774 3513">
    <p class='ocr_par' dir='ltr' id='par_1_79' title="bbox 2235 3439 3774 3513">
     <span class='ocr_line' id='line_1_79' title="bbox 2235 3439 3774 3513; baseline -0.003 -19"><span class='ocrx_word' id='word_1_508' title='bbox 2235 3457 2317 3494; x_wconf 90' lang='grc' dir='ltr'><strong>τοι</strong></span> <span class='ocrx_word' id='word_1_509' title='bbox 2346 3442 2761 3508; x_wconf 84' lang='grc' dir='ltr'>συγκλείσαντες</span> <span class='ocrx_word' id='word_1_510' title='bbox 2793 3441 3058 3513; x_wconf 78' lang='grc' dir='ltr'>ἐκάθηντο</span> <span class='ocrx_word' id='word_1_511' title='bbox 3090 3443 3376 3512; x_wconf 88' lang='grc' dir='ltr'>μετέωροι,</span> <span class='ocrx_word' id='word_1_512' title='bbox 3404 3443 3550 3511; x_wconf 76' lang='grc' dir='ltr'>πρὸς</span> <span class='ocrx_word' id='word_1_513' title='bbox 3572 3442 3663 3511; x_wconf 77' lang='grc' dir='ltr'><strong>τὴν</strong></span> <span class='ocrx_word' id='word_1_514' title='bbox 3678 3439 3774 3505; x_wconf 65' lang='grc' dir='ltr'><strong>ἅδῃ·</strong></span> 
     </span>
    </p>
   </div>
   <div class='ocr_carea' id='block_1_80' title="bbox 2234 3534 3250 3605">
    <p class='ocr_par' dir='ltr' id='par_1_80' title="bbox 2234 3534 3250 3605">
     <span class='ocr_line' id='line_1_80' title="bbox 2234 3534 3250 3605; baseline 0.004 -19"><span class='ocrx_word' id='word_1_515' title='bbox 2234 3534 2354 3588; x_wconf 87' lang='grc' dir='ltr'>λίαν</span> <span class='ocrx_word' id='word_1_516' title='bbox 2387 3534 2482 3588; x_wconf 81' lang='grc' dir='ltr'><strong>τοῦ</strong></span> <span class='ocrx_word' id='word_1_517' title='bbox 2510 3536 2799 3605; x_wconf 78' lang='grc' dir='ltr'>μέλλοντος</span> <span class='ocrx_word' id='word_1_518' title='bbox 2830 3537 3250 3600; x_wconf 76' lang='grc' dir='ltr'>ἀποϐλέποντες.</span> 
     </span>
    </p>
   </div>
   <div class='ocr_carea' id='block_1_81' title="bbox 2307 3639 3767 3712">
    <p class='ocr_par' dir='ltr' id='par_1_81' title="bbox 2307 3639 3767 3712">
     <span class='ocr_line' id='line_1_81' title="bbox 2307 3639 3767 3712; baseline 0.003 -21"><span class='ocrx_word' id='word_1_519' title='bbox 2307 3639 2390 3692; x_wconf 84' lang='lat' dir='ltr'><strong>ﬂ&#39;.</strong></span> <span class='ocrx_word' id='word_1_520' title='bbox 2435 3641 2788 3710; x_wconf 68' lang='grc' dir='ltr'>’Λμφιεολίας</span> <span class='ocrx_word' id='word_1_521' title='bbox 2820 3642 2875 3695; x_wconf 85' lang='grc' dir='ltr'>δὲ</span> <span class='ocrx_word' id='word_1_522' title='bbox 2913 3643 3119 3712; x_wconf 76' lang='grc' dir='ltr'>μεταξὺ</span> <span class='ocrx_word' id='word_1_523' title='bbox 3149 3644 3241 3696; x_wconf 67' lang='grc' dir='ltr'>καὶ</span> <span class='ocrx_word' id='word_1_524' title='bbox 3265 3643 3622 3712; x_wconf 78' lang='grc' dir='ltr'>διχοστασίας</span> <span class='ocrx_word' id='word_1_525' title='bbox 3643 3645 3692 3696; x_wconf 81' lang='grc' dir='ltr'>ἐν</span> <span class='ocrx_word' id='word_1_526' title='bbox 3717 3645 3767 3712; x_wconf 71' lang='grc' dir='ltr'>τῇ</span> 
     </span>
    </p>
   </div>
   <div class='ocr_carea' id='block_1_82' title="bbox 2234 3732 3768 3805">
    <p class='ocr_par' dir='ltr' id='par_1_82' title="bbox 2234 3732 3768 3805">
     <span class='ocr_line' id='line_1_82' title="bbox 2234 3732 3768 3805; baseline 0.005 -20"><span class='ocrx_word' id='word_1_527' title='bbox 2234 3733 2346 3785; x_wconf 89' lang='grc' dir='ltr'>τῶν</span> <span class='ocrx_word' id='word_1_528' title='bbox 2371 3732 2616 3786; x_wconf 80' lang='grc' dir='ltr'>Λατίνων</span> <span class='ocrx_word' id='word_1_529' title='bbox 2654 3733 2816 3805; x_wconf 78' lang='grc' dir='ltr'>βουλῇ</span> <span class='ocrx_word' id='word_1_530' title='bbox 2851 3734 3179 3804; x_wconf 78' lang='grc' dir='ltr'>γενομένης,</span> <span class='ocrx_word' id='word_1_531' title='bbox 3214 3737 3310 3789; x_wconf 79' lang='grc' dir='ltr'>ἆτε</span> <span class='ocrx_word' id='word_1_532' title='bbox 3348 3737 3453 3789; x_wconf 81' lang='grc' dir='ltr'><strong>ούκ</strong></span> <span class='ocrx_word' id='word_1_533' title='bbox 3487 3737 3768 3793; x_wconf 81' lang='grc' dir='ltr'>ἐθελόντων.</span> 
     </span>
    </p>
   </div>
   <div class='ocr_carea' id='block_1_83' title="bbox 2234 3820 3770 3898">
    <p class='ocr_par' dir='ltr' id='par_1_83' title="bbox 2234 3820 3770 3898">
     <span class='ocr_line' id='line_1_83' title="bbox 2234 3820 3770 3898; baseline 0 -20"><span class='ocrx_word' id='word_1_534' title='bbox 2234 3820 2317 3889; x_wconf 79' lang='grc' dir='ltr'>οἷς</span> <span class='ocrx_word' id='word_1_535' title='bbox 2363 3826 2423 3892; x_wconf 78' lang='grc' dir='ltr'>ἐξ</span> <span class='ocrx_word' id='word_1_536' title='bbox 2475 3827 2747 3897; x_wconf 85' lang='grc' dir='ltr'>ἐμπορίας</span> <span class='ocrx_word' id='word_1_537' title='bbox 2803 3829 2900 3880; x_wconf 63' lang='grc' dir='ltr'><strong>καὶ⁵</strong></span> <span class='ocrx_word' id='word_1_538' title='bbox 2947 3828 3205 3882; x_wconf 77' lang='grc' dir='ltr'>ναυτικοῦ</span> <span class='ocrx_word' id='word_1_539' title='bbox 3256 3827 3372 3898; x_wconf 85' lang='grc' dir='ltr'>βίου</span> <span class='ocrx_word' id='word_1_540' title='bbox 3434 3830 3500 3882; x_wconf 77' lang='grc' dir='ltr'>τὸ</span> <span class='ocrx_word' id='word_1_541' title='bbox 3559 3829 3770 3882; x_wconf 83' lang='grc' dir='ltr'>πλουτεῖν</span> 
     </span>
    </p>
   </div>
   <div class='ocr_carea' id='block_1_84' title="bbox 2234 3919 3770 3992">
    <p class='ocr_par' dir='ltr' id='par_1_84' title="bbox 2234 3919 3770 3992">
     <span class='ocr_line' id='line_1_84' title="bbox 2234 3919 3770 3992; baseline 0 -21"><span class='ocrx_word' id='word_1_542' title='bbox 2234 3919 2458 3990; x_wconf 79' lang='grc' dir='ltr'>περιῆν,</span> <span class='ocrx_word' id='word_1_543' title='bbox 2499 3920 2804 3989; x_wconf 76' lang='grc' dir='ltr'>ἀφεμένους</span> <span class='ocrx_word' id='word_1_544' title='bbox 2857 3921 2914 3972; x_wconf 80' lang='grc' dir='ltr'><strong>ἐν</strong></span> <span class='ocrx_word' id='word_1_545' title='bbox 2959 3923 3024 3990; x_wconf 76' lang='grc' dir='ltr'>τῇ</span> <span class='ocrx_word' id='word_1_546' title='bbox 3059 3919 3159 3989; x_wconf 79' lang='grc' dir='ltr'>τῆς</span> <span class='ocrx_word' id='word_1_547' title='bbox 3208 3923 3435 3992; x_wconf 68' lang='grc' dir='ltr'>εἰρήνης</span> <span class='ocrx_word' id='word_1_548' title='bbox 3467 3923 3644 3975; x_wconf 82' lang='grc' dir='ltr'>ἀνέσει</span> <span class='ocrx_word' id='word_1_549' title='bbox 3683 3938 3770 3971; x_wconf 79' lang='grc' dir='ltr'>πω-</span> 
     </span>
    </p>
   </div>
   <div class='ocr_carea' id='block_1_85' title="bbox 2234 4007 3770 4082">
    <p class='ocr_par' dir='ltr' id='par_1_85' title="bbox 2234 4007 3770 4082">
     <span class='ocr_line' id='line_1_85' title="bbox 2234 4007 3770 4082; baseline -0.001 -21"><span class='ocrx_word' id='word_1_550' title='bbox 2234 4007 2350 4062; x_wconf 86' lang='grc' dir='ltr'>λεῖν</span> <span class='ocrx_word' id='word_1_551' title='bbox 2402 4028 2460 4063; x_wconf 89' lang='grc' dir='ltr'><strong>τε</strong></span> <span class='ocrx_word' id='word_1_552' title='bbox 2515 4010 2610 4063; x_wconf 77' lang='grc' dir='ltr'>καὶ</span> <span class='ocrx_word' id='word_1_553' title='bbox 2658 4008 2972 4080; x_wconf 73' lang='grc' dir='ltr'>ἀγοράζειν,</span> <span class='ocrx_word' id='word_1_554' title='bbox 3023 4011 3117 4063; x_wconf 72' lang='grc' dir='ltr'>καὶ</span> <span class='ocrx_word' id='word_1_555' title='bbox 3175 4012 3276 4082; x_wconf 84' lang='grc' dir='ltr'>τῆς</span> <span class='ocrx_word' id='word_1_556' title='bbox 3321 4010 3469 4064; x_wconf 77' lang='grc' dir='ltr'>οὕτω</span> <span class='ocrx_word' id='word_1_557' title='bbox 3518 4009 3770 4082; x_wconf 69' lang='grc' dir='ltr'>τρυφώσης</span> 
     </span>
    </p>
   </div>
   <div class='ocr_carea' id='block_1_86' title="bbox 2235 4101 3795 4172">
    <p class='ocr_par' dir='ltr' id='par_1_86' title="bbox 2235 4101 3795 4172">
     <span class='ocr_line' id='line_1_86' title="bbox 2235 4101 3795 4172; baseline 0 -19"><span class='ocrx_word' id='word_1_558' title='bbox 2235 4101 2492 4170; x_wconf 81' lang='grc' dir='ltr'>ἀσχολίας</span> <span class='ocrx_word' id='word_1_559' title='bbox 2551 4101 2606 4163; x_wconf 83' lang='grc' dir='ltr'><strong>ἐς</strong></span> <span class='ocrx_word' id='word_1_560' title='bbox 2659 4101 2758 4171; x_wconf 75' lang='grc' dir='ltr'>τὴν</span> <span class='ocrx_word' id='word_1_561' title='bbox 2811 4101 3206 4172; x_wconf 88' lang='grc' dir='ltr'>κερδαίνουσαν</span> <span class='ocrx_word' id='word_1_562' title='bbox 3262 4103 3451 4172; x_wconf 74' lang='grc' dir='ltr'>πήραν</span> <span class='ocrx_word' id='word_1_563' title='bbox 3503 4104 3795 4170; x_wconf 71' lang='grc' dir='ltr'>ὁλοσχερίυις,</span> 
     </span>
    </p>
   </div>
   <div class='ocr_carea' id='block_1_87' title="bbox 2235 4190 3771 4264">
    <p class='ocr_par' dir='ltr' id='par_1_87' title="bbox 2235 4190 3771 4264">
     <span class='ocr_line' id='line_1_87' title="bbox 2235 4190 3771 4264; baseline -0.004 -18"><span class='ocrx_word' id='word_1_564' title='bbox 2235 4192 2494 4246; x_wconf 69' lang='grc' dir='ltr'>έκκενοῦν</span> <span class='ocrx_word' id='word_1_565' title='bbox 2545 4192 2605 4244; x_wconf 83' lang='grc' dir='ltr'>τὸ</span> <span class='ocrx_word' id='word_1_566' title='bbox 2657 4193 2964 4262; x_wconf 78' lang='grc' dir='ltr'>φιλότιμον,</span> <span class='ocrx_word' id='word_1_567' title='bbox 2993 4193 3178 4258; x_wconf 83' lang='grc' dir='ltr'>ὅπλοις</span> <span class='ocrx_word' id='word_1_568' title='bbox 3227 4193 3324 4247; x_wconf 79' lang='grc' dir='ltr'>καὶ</span> <span class='ocrx_word' id='word_1_569' title='bbox 3371 4196 3577 4264; x_wconf 77' lang='grc' dir='ltr'>μάχαις</span> <span class='ocrx_word' id='word_1_570' title='bbox 3631 4190 3771 4244; x_wconf 75' lang='grc' dir='ltr'>ἐνδιι·</span> 
     </span>
    </p>
   </div>
   <div class='ocr_carea' id='block_1_88' title="bbox 2236 4277 3772 4356">
    <p class='ocr_par' dir='ltr' id='par_1_88' title="bbox 2236 4277 3772 4356">
     <span class='ocr_line' id='line_1_88' title="bbox 2236 4277 3772 4356; baseline -0.003 -18"><span class='ocrx_word' id='word_1_571' title='bbox 2236 4285 2466 4353; x_wconf 71' lang='grc' dir='ltr'>τρίϐειν,</span> <span class='ocrx_word' id='word_1_572' title='bbox 2507 4285 2566 4350; x_wconf 77' lang='grc' dir='ltr'>ἐξ</span> <span class='ocrx_word' id='word_1_573' title='bbox 2621 4277 2696 4338; x_wconf 77' lang='grc' dir='ltr'>ῶν</span> <span class='ocrx_word' id='word_1_574' title='bbox 2751 4287 3161 4339; x_wconf 79' lang='grc' dir='ltr'>τάναντιώτατα</span> <span class='ocrx_word' id='word_1_575' title='bbox 3217 4289 3328 4348; x_wconf 89' lang='grc' dir='ltr'>τοῖς</span> <span class='ocrx_word' id='word_1_576' title='bbox 3381 4286 3772 4356; x_wconf 77' lang='grc' dir='ltr'>προειρημένοις</span> 
     </span>
    </p>
   </div>
   <div class='ocr_carea' id='block_1_89' title="bbox 2237 4376 3769 4448">
    <p class='ocr_par' dir='ltr' id='par_1_89' title="bbox 2237 4376 3769 4448">
     <span class='ocr_line' id='line_1_89' title="bbox 2237 4376 3769 4448; baseline -0.004 -17"><span class='ocrx_word' id='word_1_577' title='bbox 2237 4378 2454 4431; x_wconf 79' lang='grc' dir='ltr'>ἅπαντα</span> <span class='ocrx_word' id='word_1_578' title='bbox 2483 4376 2833 4447; x_wconf 79' lang='grc' dir='ltr'>περιέσεσθαι</span> <span class='ocrx_word' id='word_1_579' title='bbox 2854 4376 2992 4441; x_wconf 80' lang='grc' dir='ltr'>δέος,</span> <span class='ocrx_word' id='word_1_580' title='bbox 3025 4377 3215 4430; x_wconf 84' lang='grc' dir='ltr'>πενίαν</span> <span class='ocrx_word' id='word_1_581' title='bbox 3243 4379 3444 4448; x_wconf 75' lang='grc' dir='ltr'>δηλαδὴ</span> <span class='ocrx_word' id='word_1_582' title='bbox 3470 4380 3565 4430; x_wconf 76' lang='grc' dir='ltr'>καὶ</span> <span class='ocrx_word' id='word_1_583' title='bbox 3590 4376 3769 4439; x_wconf 72' lang='grc' dir='ltr'>ἀδοξίαν</span> 
     </span>
    </p>
   </div>
   <div class='ocr_carea' id='block_1_90' title="bbox 2237 4467 3767 4540">
    <p class='ocr_par' dir='ltr' id='par_1_90' title="bbox 2237 4467 3767 4540">
     <span class='ocr_line' id='line_1_90' title="bbox 2237 4467 3767 4540; baseline -0.005 -17"><span class='ocrx_word' id='word_1_584' title='bbox 2237 4470 2334 4523; x_wconf 76' lang='grc' dir='ltr'>καὶ</span> <span class='ocrx_word' id='word_1_585' title='bbox 2379 4468 2471 4523; x_wconf 83' lang='grc' dir='ltr'>τὸν</span> <span class='ocrx_word' id='word_1_586' title='bbox 2507 4470 2636 4540; x_wconf 71' lang='grc' dir='ltr'>περὶ</span> <span class='ocrx_word' id='word_1_587' title='bbox 2667 4468 2729 4522; x_wconf 78' lang='grc' dir='ltr'>τὸ</span> <span class='ocrx_word' id='word_1_588' title='bbox 2763 4469 2862 4540; x_wconf 75' lang='grc' dir='ltr'><strong>ζῇν</strong></span> <span class='ocrx_word' id='word_1_589' title='bbox 2897 4470 3146 4523; x_wconf 90' lang='grc' dir='ltr'>κίνδυνον</span> <span class='ocrx_word' id='word_1_590' title='bbox 3191 4469 3308 4532; x_wconf 79' lang='grc' dir='ltr'>καὶ,</span> <span class='ocrx_word' id='word_1_591' title='bbox 3341 4473 3390 4522; x_wconf 86' lang='grc' dir='ltr'><strong>εί</strong></span> <span class='ocrx_word' id='word_1_592' title='bbox 3439 4474 3548 4540; x_wconf 84' lang='grc' dir='ltr'>χρὴ</span> <span class='ocrx_word' id='word_1_593' title='bbox 3571 4467 3767 4536; x_wconf 74' lang='grc' dir='ltr'>τὰληοέο</span> 
     </span>
    </p>
   </div>
   <div class='ocr_carea' id='block_1_91' title="bbox 564 4559 2134 4643">
    <p class='ocr_par' dir='ltr' id='par_1_91' title="bbox 564 4559 2128 4643">
     <span class='ocr_line' id='line_1_91' title="bbox 564 4559 2128 4643; baseline -0.006 -8"><span class='ocrx_word' id='word_1_594' title='bbox 564 4583 696 4635; x_wconf 83' lang='lat' dir='ltr'><strong>dum</strong></span> <span class='ocrx_word' id='word_1_595' title='bbox 727 4586 893 4643; x_wconf 89' lang='lat' dir='ltr'><strong>esset,</strong></span> <span class='ocrx_word' id='word_1_596' title='bbox 943 4575 1110 4629; x_wconf 88' lang='lat' dir='ltr'><strong>totius</strong></span> <span class='ocrx_word' id='word_1_597' title='bbox 1177 4571 1395 4642; x_wconf 77' lang='lat' dir='ltr'><strong>generis</strong></span> <span class='ocrx_word' id='word_1_598' title='bbox 1427 4559 1722 4634; x_wconf 81' lang='lat' dir='ltr'><strong>interitus;</strong></span> <span class='ocrx_word' id='word_1_599' title='bbox 1755 4569 1871 4625; x_wconf 84' lang='lat' dir='ltr'><strong>Deo</strong></span> <span class='ocrx_word' id='word_1_600' title='bbox 1899 4571 2128 4638; x_wconf 88' lang='lat' dir='ltr'><strong>scilicet,</strong></span> 
     </span>
    </p>
   </div>
   <div class='ocr_carea' id='block_1_92' title="bbox 2239 4559 3767 4643">
    <p class='ocr_par' dir='ltr' id='par_1_92' title="bbox 2241 4559 3767 4630">
     <span class='ocr_line' id='line_1_92' title="bbox 2241 4559 3767 4630; baseline -0.001 -18"><span class='ocrx_word' id='word_1_601' title='bbox 2241 4575 2433 4630; x_wconf 78' lang='grc' dir='ltr'>στερον</span> <span class='ocrx_word' id='word_1_602' title='bbox 2488 4559 2677 4629; x_wconf 82' lang='grc' dir='ltr'>φάναι,</span> <span class='ocrx_word' id='word_1_603' title='bbox 2707 4560 2800 4612; x_wconf 77' lang='grc' dir='ltr'><strong>τοῦ</strong></span> <span class='ocrx_word' id='word_1_604' title='bbox 2845 4559 2981 4613; x_wconf 89' lang='grc' dir='ltr'><strong>Θεοῦ</strong></span> <span class='ocrx_word' id='word_1_605' title='bbox 3039 4559 3364 4630; x_wconf 78' lang='grc' dir='ltr'>μηνίσαντος</span> <span class='ocrx_word' id='word_1_606' title='bbox 3411 4563 3548 4625; x_wconf 83' lang='grc' dir='ltr'>ῐσως</span> <span class='ocrx_word' id='word_1_607' title='bbox 3577 4562 3659 4615; x_wconf 67' lang='grc' dir='ltr'>διὰ.</span> <span class='ocrx_word' id='word_1_608' title='bbox 3691 4559 3767 4627; x_wconf 61' lang='grc' dir='ltr'><strong>τὴν</strong></span> 
     </span>
    </p>
   </div>
   <div class='ocr_carea' id='block_1_93' title="bbox 565 4661 2129 4742">
    <p class='ocr_par' dir='ltr' id='par_1_93' title="bbox 565 4661 2129 4742">
     <span class='ocr_line' id='line_1_93' title="bbox 565 4661 2129 4742; baseline -0.008 -14"><span class='ocrx_word' id='word_1_609' title='bbox 565 4674 638 4728; x_wconf 88' lang='lat' dir='ltr'><strong>ob</strong></span> <span class='ocrx_word' id='word_1_610' title='bbox 669 4681 915 4742; x_wconf 88' lang='lat' dir='ltr'><strong>apertam</strong></span> <span class='ocrx_word' id='word_1_611' title='bbox 943 4667 1090 4722; x_wconf 89' lang='lat' dir='ltr'><strong>illam</strong></span> <span class='ocrx_word' id='word_1_612' title='bbox 1136 4663 1361 4720; x_wconf 86' lang='lat' dir='ltr'><strong>foederis</strong></span> <span class='ocrx_word' id='word_1_613' title='bbox 1389 4661 1738 4716; x_wconf 87' lang='lat' dir='ltr'><strong>violationem</strong></span> <span class='ocrx_word' id='word_1_614' title='bbox 1789 4670 1846 4716; x_wconf 92' lang='lat' dir='ltr'><strong>ct</strong></span> <span class='ocrx_word' id='word_1_615' title='bbox 1882 4661 2129 4716; x_wconf 90' lang='lat' dir='ltr'><strong>animum</strong></span> 
     </span>
    </p>
   </div>
   <div class='ocr_carea' id='block_1_94' title="bbox 565 4753 2131 4824">
    <p class='ocr_par' dir='ltr' id='par_1_94' title="bbox 565 4753 2131 4824">
     <span class='ocr_line' id='line_1_94' title="bbox 565 4753 2131 4824; baseline -0.008 -4"><span class='ocrx_word' id='word_1_616' title='bbox 565 4770 622 4821; x_wconf 85' lang='lat' dir='ltr'><strong>in</strong></span> <span class='ocrx_word' id='word_1_617' title='bbox 657 4764 906 4818; x_wconf 85' lang='lat' dir='ltr'><strong>homines</strong></span> <span class='ocrx_word' id='word_1_618' title='bbox 934 4760 1074 4815; x_wconf 89' lang='lat' dir='ltr'><strong>bene</strong></span> <span class='ocrx_word' id='word_1_619' title='bbox 1098 4759 1323 4812; x_wconf 89' lang='lat' dir='ltr'><strong>meritos</strong></span> <span class='ocrx_word' id='word_1_620' title='bbox 1356 4755 1653 4824; x_wconf 83' lang='lat' dir='ltr'><strong>ingratum,</strong></span> <span class='ocrx_word' id='word_1_621' title='bbox 1686 4753 1916 4808; x_wconf 80' lang='lat' dir='ltr'><strong>fortasse</strong></span> <span class='ocrx_word' id='word_1_622' title='bbox 1967 4753 2131 4808; x_wconf 87' lang='lat' dir='ltr'><strong>irato.</strong></span> 
     </span>
    </p>
   </div>
   <div class='ocr_carea' id='block_1_95' title="bbox 563 4843 2135 4919">
    <p class='ocr_par' dir='ltr' id='par_1_95' title="bbox 563 4843 2135 4919">
     <span class='ocr_line' id='line_1_95' title="bbox 563 4843 2135 4919; baseline -0.011 -4"><span class='ocrx_word' id='word_1_623' title='bbox 563 4859 774 4915; x_wconf 81' lang='lat' dir='ltr'><strong>Idcirco</strong></span> <span class='ocrx_word' id='word_1_624' title='bbox 802 4870 1003 4911; x_wconf 85' lang='lat' dir='ltr'><strong>venere</strong></span> <span class='ocrx_word' id='word_1_625' title='bbox 1052 4851 1179 4906; x_wconf 86' lang='lat' dir='ltr'><strong>inde</strong></span> <span class='ocrx_word' id='word_1_626' title='bbox 1213 4856 1335 4919; x_wconf 90' lang='lat' dir='ltr'><strong>post</strong></span> <span class='ocrx_word' id='word_1_627' title='bbox 1361 4847 1570 4917; x_wconf 85' lang='lat' dir='ltr'><strong>aliquot</strong></span> <span class='ocrx_word' id='word_1_628' title='bbox 1592 4845 1710 4901; x_wconf 88' lang='lat' dir='ltr'><strong>dies</strong></span> <span class='ocrx_word' id='word_1_629' title='bbox 1739 4845 1902 4915; x_wconf 77' lang='lat' dir='ltr'><strong>legati</strong></span> <span class='ocrx_word' id='word_1_630' title='bbox 1923 4843 1988 4900; x_wconf 89' lang='lat' dir='ltr'><strong>ad</strong></span> <span class='ocrx_word' id='word_1_631' title='bbox 2023 4845 2135 4900; x_wconf 82' lang='lat' dir='ltr'><strong>ire-</strong></span> 
     </span>
    </p>
   </div>
   <div class='ocr_carea' id='block_1_96' title="bbox 564 4923 2132 5016">
    <p class='ocr_par' dir='ltr' id='par_1_96' title="bbox 564 4923 2132 5016">
     <span class='ocr_line' id='line_1_96' title="bbox 564 4923 2132 5016; baseline -0.01 -12"><span class='ocrx_word' id='word_1_632' title='bbox 564 4923 1132 5016; x_wconf 55' lang='lat' dir='ltr'><strong>nen‘imperatricem,</strong></span> <span class='ocrx_word' id='word_1_633' title='bbox 1164 4939 1258 5010; x_wconf 91' lang='lat' dir='ltr'><strong>qui</strong></span> <span class='ocrx_word' id='word_1_634' title='bbox 1287 4939 1486 5009; x_wconf 90' lang='lat' dir='ltr'><strong>partim</strong></span> <span class='ocrx_word' id='word_1_635' title='bbox 1504 4952 1634 4992; x_wconf 89' lang='lat' dir='ltr'><strong>suos</strong></span> <span class='ocrx_word' id='word_1_636' title='bbox 1660 4938 1972 5007; x_wconf 86' lang='lat' dir='ltr'><strong>culpabant,</strong></span> <span class='ocrx_word' id='word_1_637' title='bbox 2001 4950 2132 5006; x_wconf 85' lang='lat' dir='ltr'><strong>par-</strong></span> 
     </span>
    </p>
   </div>
   <div class='ocr_carea' id='block_1_97' title="bbox 565 5029 2132 5109">
    <p class='ocr_par' dir='ltr' id='par_1_97' title="bbox 565 5029 2132 5109">
     <span class='ocr_line' id='line_1_97' title="bbox 565 5029 2132 5109; baseline -0.008 -15"><span class='ocrx_word' id='word_1_638' title='bbox 565 5040 664 5094; x_wconf 87' lang='lat' dir='ltr'><strong>titn</strong></span> <span class='ocrx_word' id='word_1_639' title='bbox 695 5053 827 5109; x_wconf 81' lang='lat' dir='ltr'><strong>vaga</strong></span> <span class='ocrx_word' id='word_1_640' title='bbox 851 5037 1099 5107; x_wconf 70' lang='lat' dir='ltr'><strong>quaedam</strong></span> <span class='ocrx_word' id='word_1_641' title='bbox 1148 5044 1206 5088; x_wconf 90' lang='lat' dir='ltr'><strong>et</strong></span> <span class='ocrx_word' id='word_1_642' title='bbox 1253 5031 1479 5086; x_wconf 89' lang='lat' dir='ltr'><strong>minime</strong></span> <span class='ocrx_word' id='word_1_643' title='bbox 1507 5029 1679 5084; x_wconf 87' lang='lat' dir='ltr'><strong>solida</strong></span> <span class='ocrx_word' id='word_1_644' title='bbox 1741 5029 2132 5100; x_wconf 65' lang='lat' dir='ltr'><strong>praetexebant,</strong></span> 
     </span>
    </p>
   </div>
   <div class='ocr_carea' id='block_1_98' title="bbox 566 5121 2134 5198">
    <p class='ocr_par' dir='ltr' id='par_1_98' title="bbox 566 5121 2134 5198">
     <span class='ocr_line' id='line_1_98' title="bbox 566 5121 2134 5198; baseline -0.007 -11"><span class='ocrx_word' id='word_1_645' title='bbox 566 5146 686 5187; x_wconf 88' lang='lat' dir='ltr'><strong>sese</strong></span> <span class='ocrx_word' id='word_1_646' title='bbox 749 5142 1027 5198; x_wconf 83' lang='lat' dir='ltr'><strong>utcunque</strong></span> <span class='ocrx_word' id='word_1_647' title='bbox 1087 5138 1320 5196; x_wconf 80' lang='lat' dir='ltr'><strong>purgare</strong></span> <span class='ocrx_word' id='word_1_648' title='bbox 1391 5122 1724 5176; x_wconf 86' lang='lat' dir='ltr'><strong>laborantes.</strong></span> <span class='ocrx_word' id='word_1_649' title='bbox 1798 5121 2134 5192; x_wconf 89' lang='lat' dir='ltr'><strong>lmperatore</strong></span> 
     </span>
    </p>
   </div>
   <div class='ocr_carea' id='block_1_99' title="bbox 569 5210 2134 5295">
    <p class='ocr_par' dir='ltr' id='par_1_99' title="bbox 569 5210 2134 5295">
     <span class='ocr_line' id='line_1_99' title="bbox 569 5210 2134 5295; baseline -0.008 -16"><span class='ocrx_word' id='word_1_650' title='bbox 569 5223 743 5285; x_wconf 90' lang='lat' dir='ltr'><strong>enim,</strong></span> <span class='ocrx_word' id='word_1_651' title='bbox 772 5228 831 5273; x_wconf 91' lang='lat' dir='ltr'><strong>ut</strong></span> <span class='ocrx_word' id='word_1_652' title='bbox 862 5218 1124 5280; x_wconf 80' lang='lat' dir='ltr'><strong>diximus,</strong></span> <span class='ocrx_word' id='word_1_653' title='bbox 1152 5217 1377 5269; x_wconf 82' lang='lat' dir='ltr'><strong>absente</strong></span> <span class='ocrx_word' id='word_1_654' title='bbox 1415 5221 1472 5267; x_wconf 90' lang='lat' dir='ltr'><strong>et</strong></span> <span class='ocrx_word' id='word_1_655' title='bbox 1501 5211 1648 5266; x_wconf 89' lang='lat' dir='ltr'><strong>circa</strong></span> <span class='ocrx_word' id='word_1_656' title='bbox 1692 5210 2134 5295; x_wconf 80' lang='lat' dir='ltr'><strong>Didymotichum</strong></span> 
     </span>
    </p>
   </div>
   <div class='ocr_carea' id='block_1_100' title="bbox 569 5304 2133 5381">
    <p class='ocr_par' dir='ltr' id='par_1_100' title="bbox 569 5304 2133 5381">
     <span class='ocr_line' id='line_1_100' title="bbox 569 5304 2133 5381; baseline -0.004 -12"><span class='ocrx_word' id='word_1_657' title='bbox 569 5323 844 5381; x_wconf 87' lang='lat' dir='ltr'><strong>versante,</strong></span> <span class='ocrx_word' id='word_1_658' title='bbox 899 5311 966 5366; x_wconf 90' lang='lat' dir='ltr'><strong>ad</strong></span> <span class='ocrx_word' id='word_1_659' title='bbox 1009 5309 1205 5364; x_wconf 86' lang='lat' dir='ltr'><strong>lrenen</strong></span> <span class='ocrx_word' id='word_1_660' title='bbox 1248 5304 1653 5376; x_wconf 88' lang='lat' dir='ltr'><strong>imperatricem</strong></span> <span class='ocrx_word' id='word_1_661' title='bbox 1681 5305 2023 5374; x_wconf 90' lang='lat' dir='ltr'><strong>publicarum</strong></span> <span class='ocrx_word' id='word_1_662' title='bbox 2075 5307 2133 5362; x_wconf 88' lang='lat' dir='ltr'><strong>in</strong></span> 
     </span>
    </p>
   </div>
   <div class='ocr_carea' id='block_1_101' title="bbox 2236 4652 3764 4725">
    <p class='ocr_par' dir='ltr' id='par_1_101' title="bbox 2236 4652 3764 4725">
     <span class='ocr_line' id='line_1_101' title="bbox 2236 4652 3764 4725; baseline -0.001 -19"><span class='ocrx_word' id='word_1_663' title='bbox 2236 4652 2382 4706; x_wconf 77' lang='grc' dir='ltr'>οὕτω</span> <span class='ocrx_word' id='word_1_664' title='bbox 2417 4653 2669 4724; x_wconf 84' lang='grc' dir='ltr'>προφανῆ</span> <span class='ocrx_word' id='word_1_665' title='bbox 2697 4653 3146 4725; x_wconf 83' lang='grc' dir='ltr'>παρασπόνδησιν</span> <span class='ocrx_word' id='word_1_666' title='bbox 3180 4654 3276 4708; x_wconf 78' lang='grc' dir='ltr'>καὶ</span> <span class='ocrx_word' id='word_1_667' title='bbox 3303 4656 3444 4725; x_wconf 74' lang='grc' dir='ltr'>πρὸς</span> <span class='ocrx_word' id='word_1_668' title='bbox 3482 4657 3611 4718; x_wconf 67' lang='grc' dir='ltr'>τοὺς</span> <span class='ocrx_word' id='word_1_669' title='bbox 3635 4656 3764 4722; x_wconf 75' lang='grc' dir='ltr'>εὐερ-</span> 
     </span>
    </p>
   </div>
   <div class='ocr_carea' id='block_1_102' title="bbox 2233 4742 3764 4815">
    <p class='ocr_par' dir='ltr' id='par_1_102' title="bbox 2233 4742 3764 4815">
     <span class='ocr_line' id='line_1_102' title="bbox 2233 4742 3764 4815; baseline 0.002 -19"><span class='ocrx_word' id='word_1_670' title='bbox 2233 4744 2398 4812; x_wconf 86' lang='grc' dir='ltr'>γέτας</span> <span class='ocrx_word' id='word_1_671' title='bbox 2426 4744 2774 4814; x_wconf 81' lang='grc' dir='ltr'>ἀχαριστίαν,</span> <span class='ocrx_word' id='word_1_672' title='bbox 2807 4744 2898 4798; x_wconf 83' lang='grc' dir='ltr'>τὸν</span> <span class='ocrx_word' id='word_1_673' title='bbox 2927 4745 3020 4796; x_wconf 82' lang='grc' dir='ltr'>τοῦ</span> <span class='ocrx_word' id='word_1_674' title='bbox 3059 4744 3250 4811; x_wconf 86' lang='grc' dir='ltr'>γένους</span> <span class='ocrx_word' id='word_1_675' title='bbox 3277 4746 3501 4815; x_wconf 72' lang='grc' dir='ltr'>ὄλεθρον</span> <span class='ocrx_word' id='word_1_676' title='bbox 3536 4742 3764 4807; x_wconf 53' lang='lat' dir='ltr'><strong>naval-ﬁ.</strong></span> 
     </span>
    </p>
   </div>
   <div class='ocr_carea' id='block_1_103' title="bbox 2233 4831 3766 4908">
    <p class='ocr_par' dir='ltr' id='par_1_103' title="bbox 2233 4831 3766 4908">
     <span class='ocr_line' id='line_1_103' title="bbox 2233 4831 3766 4908; baseline -0.007 -18"><span class='ocrx_word' id='word_1_677' title='bbox 2233 4831 2372 4908; x_wconf 76' lang='grc' dir='ltr'>ἧκον</span> <span class='ocrx_word' id='word_1_678' title='bbox 2417 4838 2558 4906; x_wconf 75' lang='grc' dir='ltr'>μετὰ</span> <span class='ocrx_word' id='word_1_679' title='bbox 2603 4836 2804 4907; x_wconf 79' lang='grc' dir='ltr'>συχνάς</span> <span class='ocrx_word' id='word_1_680' title='bbox 2855 4853 3009 4899; x_wconf 88' lang='grc' dir='ltr'>τινας</span> <span class='ocrx_word' id='word_1_681' title='bbox 3055 4837 3272 4908; x_wconf 70' lang='grc' dir='ltr'>ἡμέρας</span> <span class='ocrx_word' id='word_1_682' title='bbox 3315 4840 3374 4902; x_wconf 81' lang='grc' dir='ltr'><strong>ἐς</strong></span> <span class='ocrx_word' id='word_1_683' title='bbox 3420 4839 3654 4908; x_wconf 72' lang='grc' dir='ltr'>Εἰρήνην</span> <span class='ocrx_word' id='word_1_684' title='bbox 3692 4835 3766 4902; x_wconf 64' lang='grc' dir='ltr'>τὴν</span> 
     </span>
    </p>
   </div>
   <div class='ocr_carea' id='block_1_104' title="bbox 2238 4927 3760 5001">
    <p class='ocr_par' dir='ltr' id='par_1_104' title="bbox 2238 4927 3760 5001">
     <span class='ocr_line' id='line_1_104' title="bbox 2238 4927 3760 5001; baseline -0.005 -18"><span class='ocrx_word' id='word_1_685' title='bbox 2238 4930 2490 5001; x_wconf 87' lang='grc' dir='ltr'>βασιλίδα</span> <span class='ocrx_word' id='word_1_686' title='bbox 2516 4929 2781 5000; x_wconf 72' lang='grc' dir='ltr'>πρέσϐεις</span> <span class='ocrx_word' id='word_1_687' title='bbox 2807 4929 3042 4994; x_wconf 79' lang='grc' dir='ltr'>ἐκεῖθεν,</span> <span class='ocrx_word' id='word_1_688' title='bbox 3075 4930 3153 5000; x_wconf 74' lang='grc' dir='ltr'>πὴ</span> <span class='ocrx_word' id='word_1_689' title='bbox 3185 4931 3286 4998; x_wconf 82' lang='grc' dir='ltr'><strong>μὲν</strong></span> <span class='ocrx_word' id='word_1_690' title='bbox 3316 4931 3547 4994; x_wconf 74' lang='grc' dir='ltr'>ἑαυτοὺς</span> <span class='ocrx_word' id='word_1_691' title='bbox 3577 4927 3760 5000; x_wconf 48' lang='lat' dir='ltr'><strong>papa-&#39;5-</strong></span> 
     </span>
    </p>
   </div>
   <div class='ocr_carea' id='block_1_105' title="bbox 2239 5017 3765 5096">
    <p class='ocr_par' dir='ltr' id='par_1_105' title="bbox 2239 5017 3765 5096">
     <span class='ocr_line' id='line_1_105' title="bbox 2239 5017 3765 5096; baseline -0.005 -19"><span class='ocrx_word' id='word_1_692' title='bbox 2239 5040 2413 5096; x_wconf 81' lang='grc' dir='ltr'>μενοι,</span> <span class='ocrx_word' id='word_1_693' title='bbox 2464 5023 2543 5095; x_wconf 82' lang='grc' dir='ltr'>πὴ</span> <span class='ocrx_word' id='word_1_694' title='bbox 2592 5023 2650 5077; x_wconf 79' lang='grc' dir='ltr'><strong>δέ</strong></span> <span class='ocrx_word' id='word_1_695' title='bbox 2699 5022 3062 5091; x_wconf 86' lang='grc' dir='ltr'>πλανωμένας</span> <span class='ocrx_word' id='word_1_696' title='bbox 3113 5022 3208 5074; x_wconf 80' lang='grc' dir='ltr'>καὶ</span> <span class='ocrx_word' id='word_1_697' title='bbox 3258 5021 3576 5092; x_wconf 80' lang='grc' dir='ltr'>άνιδρύτους</span> <span class='ocrx_word' id='word_1_698' title='bbox 3615 5017 3765 5076; x_wconf 69' lang='lat' dir='ltr'><strong>altis;</strong></span> 
     </span>
    </p>
   </div>
   <div class='ocr_carea' id='block_1_106' title="bbox 2237 5113 3763 5188">
    <p class='ocr_par' dir='ltr' id='par_1_106' title="bbox 2237 5113 3763 5188">
     <span class='ocr_line' id='line_1_106' title="bbox 2237 5113 3763 5188; baseline -0.007 -17"><span class='ocrx_word' id='word_1_699' title='bbox 2237 5117 2667 5188; x_wconf 80' lang='grc' dir='ltr'>προσαλλόμενοι</span> <span class='ocrx_word' id='word_1_700' title='bbox 2724 5115 2822 5169; x_wconf 84' lang='grc' dir='ltr'>καὶ</span> <span class='ocrx_word' id='word_1_701' title='bbox 2866 5113 3156 5184; x_wconf 77' lang='grc' dir='ltr'>ζητοῦντες</span> <span class='ocrx_word' id='word_1_702' title='bbox 3203 5118 3354 5178; x_wconf 85' lang='grc' dir='ltr'>ὅπως</span> <span class='ocrx_word' id='word_1_703' title='bbox 3406 5114 3521 5166; x_wconf 78' lang='grc' dir='ltr'>ποθ’</span> <span class='ocrx_word' id='word_1_704' title='bbox 3571 5115 3763 5167; x_wconf 67' lang='grc' dir='ltr'>ἑαυτοὺς</span> 
     </span>
    </p>
   </div>
   <div class='ocr_carea' id='block_1_107' title="bbox 2237 5205 3762 5280">
    <p class='ocr_par' dir='ltr' id='par_1_107' title="bbox 2237 5205 3762 5280">
     <span class='ocr_line' id='line_1_107' title="bbox 2237 5205 3762 5280; baseline -0.005 -13"><span class='ocrx_word' id='word_1_705' title='bbox 2237 5211 2470 5267; x_wconf 82' lang='grc' dir='ltr'>ἀθωοῦν.</span> <span class='ocrx_word' id='word_1_706' title='bbox 2501 5210 2609 5263; x_wconf 81' lang='grc' dir='ltr'><strong>Τοῦ</strong></span> <span class='ocrx_word' id='word_1_707' title='bbox 2639 5209 2748 5280; x_wconf 70' lang='grc' dir='ltr'><strong>γάρ</strong></span> <span class='ocrx_word' id='word_1_708' title='bbox 2779 5209 3046 5278; x_wconf 84' lang='grc' dir='ltr'>βασιλέως</span> <span class='ocrx_word' id='word_1_709' title='bbox 3080 5205 3506 5279; x_wconf 77' lang='grc' dir='ltr'>ἀποδημοῦντος,</span> <span class='ocrx_word' id='word_1_710' title='bbox 3543 5208 3616 5268; x_wconf 75' lang='grc' dir='ltr'><strong>ὡς</strong></span> <span class='ocrx_word' id='word_1_711' title='bbox 3652 5207 3762 5270; x_wconf 68' lang='grc' dir='ltr'>ἔφη·</span> 
     </span>
    </p>
   </div>
   <div class='ocr_carea' id='block_1_108' title="bbox 2240 5298 3764 5377">
    <p class='ocr_par' dir='ltr' id='par_1_108' title="bbox 2240 5298 3764 5377">
     <span class='ocr_line' id='line_1_108' title="bbox 2240 5298 3764 5377; baseline -0.012 -17"><span class='ocrx_word' id='word_1_712' title='bbox 2240 5323 2372 5377; x_wconf 82' lang='grc' dir='ltr'>μεν,</span> <span class='ocrx_word' id='word_1_713' title='bbox 2438 5303 2534 5356; x_wconf 68' lang='grc' dir='ltr'>καὶ</span> <span class='ocrx_word' id='word_1_714' title='bbox 2603 5301 2734 5370; x_wconf 74' lang='grc' dir='ltr'>περὶ</span> <span class='ocrx_word' id='word_1_715' title='bbox 2820 5300 3198 5370; x_wconf 81' lang='grc' dir='ltr'>Διδυμότειχον</span> <span class='ocrx_word' id='word_1_716' title='bbox 3259 5299 3654 5370; x_wconf 73' lang='grc' dir='ltr'>διατρίϐοντος,</span> <span class='ocrx_word' id='word_1_717' title='bbox 3717 5298 3764 5352; x_wconf 75' lang='grc' dir='ltr'>ἐς</span> 
     </span>
    </p>
   </div>
   <div class='ocr_carea' id='block_1_109' title="bbox 1913 5499 2470 5562">
    <p class='ocr_par' dir='ltr' id='par_1_109' title="bbox 1913 5499 2470 5562">
     <span class='ocr_line' id='line_1_109' title="bbox 1913 5499 2470 5562; baseline 0 -2"><span class='ocrx_word' id='word_1_718' title='bbox 1913 5499 2246 5562; x_wconf 81' lang='lat' dir='ltr'><strong>Variorum</strong></span> <span class='ocrx_word' id='word_1_719' title='bbox 2285 5506 2470 5562; x_wconf 57' lang='lat' dir='ltr'><strong>uota».</strong></span> 
     </span>
    </p>
   </div>
   <div class='ocr_carea' id='block_1_110' title="bbox 641 5673 2128 5759">
    <p class='ocr_par' dir='ltr' id='par_1_110' title="bbox 641 5673 2128 5759">
     <span class='ocr_line' id='line_1_110' title="bbox 641 5673 2128 5759; baseline -0.011 -16"><span class='ocrx_word' id='word_1_720' title='bbox 641 5687 756 5759; x_wconf 77' lang='lat'><strong>(93)</strong></span> <span class='ocrx_word' id='word_1_721' title='bbox 778 5679 1415 5759; x_wconf 5' lang='lat' dir='ltr'><strong>Cantacpuzepttvevdouz</strong></span> <span class='ocrx_word' id='word_1_722' title='bbox 1432 5677 1543 5749; x_wconf 73' lang='grc' dir='ltr'><strong>γὰρ</strong></span> <span class='ocrx_word' id='word_1_723' title='bbox 1572 5674 1722 5732; x_wconf 74' lang='grc' dir='ltr'>οὐδὲν</span> <span class='ocrx_word' id='word_1_724' title='bbox 1748 5673 1965 5746; x_wconf 70' lang='grc' dir='ltr'>μικρὸν,</span> <span class='ocrx_word' id='word_1_725' title='bbox 1990 5675 2128 5729; x_wconf 75' lang='grc' dir='ltr'>ἀλλὰ</span> 
     </span>
    </p>
   </div>
   <div class='ocr_carea' id='block_1_111' title="bbox 572 5750 1611 5825">
    <p class='ocr_par' dir='ltr' id='par_1_111' title="bbox 572 5750 1611 5825">
     <span class='ocr_line' id='line_1_111' title="bbox 572 5750 1611 5825; baseline -0.011 -13"><span class='ocrx_word' id='word_1_726' title='bbox 572 5750 1022 5825; x_wconf 74' lang='grc' dir='ltr'>θαλαττοκρατεῖν</span> <span class='ocrx_word' id='word_1_727' title='bbox 1043 5751 1347 5825; x_wconf 68' lang='grc' dir='ltr'>ἐδούλοντο,</span> <span class='ocrx_word' id='word_1_728' title='bbox 1383 5750 1611 5825; x_wconf 58' lang='lat' dir='ltr'><strong>Dpcaso.</strong></span> 
     </span>
    </p>
   </div>
   <div class='ocr_carea' id='block_1_112' title="bbox 649 5817 2125 5896">
    <p class='ocr_par' dir='ltr' id='par_1_112' title="bbox 649 5817 2125 5896">
     <span class='ocr_line' id='line_1_112' title="bbox 649 5817 2125 5896; baseline -0.009 -15"><span class='ocrx_word' id='word_1_729' title='bbox 649 5830 760 5896; x_wconf 57' lang='lat'><strong>(95)</strong></span> <span class='ocrx_word' id='word_1_730' title='bbox 788 5817 857 5880; x_wconf 73' lang='lat' dir='ltr'><strong>né</strong></span> <span class='ocrx_word' id='word_1_731' title='bbox 885 5840 993 5895; x_wconf 85' lang='lat' dir='ltr'><strong>quo</strong></span> <span class='ocrx_word' id='word_1_732' title='bbox 1022 5825 1232 5894; x_wconf 74' lang='lat' dir='ltr'><strong>egimus</strong></span> <span class='ocrx_word' id='word_1_733' title='bbox 1285 5822 1350 5876; x_wconf 79' lang='lat' dir='ltr'><strong>ad</strong></span> <span class='ocrx_word' id='word_1_734' title='bbox 1381 5821 1693 5874; x_wconf 62' lang='lat' dir='ltr'><strong>Alexiudem</strong></span> <span class='ocrx_word' id='word_1_735' title='bbox 1742 5834 1862 5890; x_wconf 78' lang='lat' dir='ltr'><strong>pag.</strong></span> <span class='ocrx_word' id='word_1_736' title='bbox 1891 5817 1990 5872; x_wconf 69' lang='lat'><strong>361</strong></span> <span class='ocrx_word' id='word_1_737' title='bbox 2031 5835 2125 5872; x_wconf 83' lang='lat' dir='ltr'><strong>no-</strong></span> 
     </span>
    </p>
   </div>
   <div class='ocr_carea' id='block_1_113' title="bbox 2236 5660 3751 5744">
    <p class='ocr_par' dir='ltr' id='par_1_113' title="bbox 2236 5660 3751 5744">
     <span class='ocr_line' id='line_1_113' title="bbox 2236 5660 3751 5744; baseline -0.009 -16"><span class='ocrx_word' id='word_1_738' title='bbox 2236 5686 2436 5731; x_wconf 89' lang='lat' dir='ltr'><strong>tarum.</strong></span> <span class='ocrx_word' id='word_1_739' title='bbox 2475 5674 2714 5732; x_wconf 12' lang='lat' dir='ltr'><strong>Decimo.</strong></span> <span class='ocrx_word' id='word_1_740' title='bbox 2742 5705 2811 5716; x_wconf 86' lang='lat'><strong>--</strong></span> <span class='ocrx_word' id='word_1_741' title='bbox 2837 5679 2995 5744; x_wconf 84' lang='grc' dir='ltr'>Πρὸς</span> <span class='ocrx_word' id='word_1_742' title='bbox 3027 5677 3239 5739; x_wconf 72' lang='grc' dir='ltr'><strong>Ἱερόν.</strong></span> <span class='ocrx_word' id='word_1_743' title='bbox 3278 5675 3349 5729; x_wconf 83' lang='lat' dir='ltr'><strong>De</strong></span> <span class='ocrx_word' id='word_1_744' title='bbox 3373 5687 3475 5744; x_wconf 88' lang='lat' dir='ltr'><strong>quo</strong></span> <span class='ocrx_word' id='word_1_745' title='bbox 3511 5680 3668 5736; x_wconf 83' lang='lat' dir='ltr'><strong>supra</strong></span> <span class='ocrx_word' id='word_1_746' title='bbox 3693 5660 3751 5715; x_wconf 85' lang='lat' dir='ltr'><strong>ad</strong></span> 
     </span>
    </p>
   </div>
   <div class='ocr_carea' id='block_1_114' title="bbox 2232 5746 3169 5818">
    <p class='ocr_par' dir='ltr' id='par_1_114' title="bbox 2232 5746 3169 5818">
     <span class='ocr_line' id='line_1_114' title="bbox 2232 5746 3169 5818; baseline 0 -18"><span class='ocrx_word' id='word_1_747' title='bbox 2232 5747 2327 5802; x_wconf 88' lang='lat' dir='ltr'><strong>lib.</strong></span> <span class='ocrx_word' id='word_1_748' title='bbox 2360 5763 2434 5813; x_wconf 79' lang='lat' dir='ltr'><strong>Ix,</strong></span> <span class='ocrx_word' id='word_1_749' title='bbox 2469 5763 2590 5818; x_wconf 79' lang='lat' dir='ltr'><strong>cap.</strong></span> <span class='ocrx_word' id='word_1_750' title='bbox 2623 5749 2674 5816; x_wconf 82' lang='lat'><strong>5,</strong></span> <span class='ocrx_word' id='word_1_751' title='bbox 2705 5758 2840 5803; x_wconf 83' lang='lat' dir='ltr'><strong>sect.</strong></span> <span class='ocrx_word' id='word_1_752' title='bbox 2877 5747 2931 5801; x_wconf 81' lang='lat'><strong>6.</strong></span> <span class='ocrx_word' id='word_1_753' title='bbox 2964 5746 3169 5800; x_wconf 79' lang='lat' dir='ltr'><strong>Boms.</strong></span> 
     </span>
    </p>
   </div>
  </div>
