3920 6644
150 508 256 577 “01.
457 498 524 558 [Α.
549 509 602 551 c.
628 493 788 566 1518]

1040 498 1493 562 ΒΥΖᾹΝΤΙΝίΕ
1531 500 1923 562 l-lfSTORl/E
1962 499 2111 561 LIB.
2153 495 2339 560 XVII.

3176 488 3312 555 1102

2421 489 2555 563 [ιιιιν.
2582 505 2627 545 ι.
2665 503 2959 545 ουιτιουι.
3001 487 3059 560 2]

148 625 329 694 Εἰρήνην
351 615 434 687 τὴν
475 611 710 682 βασιλίδα
737 612 838 680 τὴν
881 610 992 664 τῶν
1033 613 1092 664 ἐν
1129 612 1412 683 Βυζαντίῳ
1454 613 1626 683 δημο-

1773 615 1870 668 rbe
1901 628 2113 668 rerum.
2141 607 2550 665 administratio
2603 615 2661 662 et
2688 621 2822 662 cura
2867 603 3091 674 delapsa
3145 603 3314 676 846

144 717 243 768 σίων
283 703 583 778 πραγμάτων
613 702 884 774 διοίκησιν
927 703 1025 756 καὶ
1069 704 1332 774 φροντίδα
1378 721 1623 776 προευη-

145 802 286 872 νίχθαι
311 795 690 865 ξυμπέπτωκεν.

189 892 249 946 θ’.
293 881 526 961 Ἐπεὶιοῦν
564 885 625 948 ἐς
648 883 818 955 αὐτὴν
845 879 982 958 ἧκον
1011 886 1062 939 οἱ
1108 884 1389 956 πρέσϐεις,
1415 887 1536 958 τάχ’
1563 887 1629 941 ἂν

139 982 340 1041 λαϐόντες
385 977 615 1049 ἀπῄεσαν
660 976 760 1048 τὴν
811 975 1170 1048 συγχώρησιν
1216 981 1314 1033 καὶ
1357 979 1631 1050 ἀνάληψιν

139 1075 210 1128 καί
232 1071 490 1126 ἀνανέωσιν
519 1067 610 1122 τοῦ
660 1069 790 1140 πρὶν
823 1069 1042 1138 φιλικοῦ
1074 1070 1436 1138 καθήκοντος,
1467 1075 1518 1128 εί
1553 1073 1632 1146 μὴ

135 1167 207 1220 καὶ
230 1166 285 1218 τα
303 1163 398 1216 τῶν
425 1161 848 1232 νεωτεριζόντων
877 1161 1056 1232 ὅχλων
1089 1164 1207 1217 ἐκεῖ
1235 1164 1634 1233 προσετίθεσαν

133 1259 386 1328 ζητήματα.
415 1254 487 1306 Τὰ
526 1253 580 1306 δὲ
640 1249 804 1324 ἦσαν,
850 1253 1016 1308 λῦσαι
1063 1256 1164 1326 τὴν
1212 1256 1308 1310 τοῦ
1366 1256 1634 1312 ναυτικοῦ

132 1349 423 1420 παρασκευὴν
467 1345 816 1412 Βυζαντίους,
841 1347 939 1399 καὶ
972 1348 1072 1400 ὅσα
1115 1349 1213 1417 τῆς
1245 1348 1442 1418 ὁμοίας
1474 1348 1640 1420 ἐξήρ-

129 1458 252 1512 τηται
289 1439 540 1500 ἀπονοίας.
575 1431 677 1490 Ὦν
730 1439 1001 1510 αὐτήκοος
1031 1473 1044 1485 ο
1078 1441 1113 1510 ἡ
1158 1439 1371 1511 βασιλὶς
1428 1442 1638 1513 Είρήνη

127 1534 331 1601 γεγονυῖα
359 1531 663 1600 περιμεῖναι
689 1531 970 1596 ἐκέλευσε,
1002 1531 1198 1604 μέχρις
1239 1531 1307 1586 ἂν
1337 1533 1426 1587 διὰ
1455 1551 1640 1605 γραμ-

128 1626 273 1694 μάτων
322 1621 594 1694 δηλώσασα
652 1622 734 1694 τῷ
771 1623 985 1693 βασιλεῖ
1033 1625 1101 1678 τὰ
1155 1627 1254 1695 τῆς
1305 1626 1640 1693 ὑποθέσεως,

124 1719 290 1772 ἐκεῖθεν
318 1717 371 1771 τὸ
403 1717 562 1788 κῦρος
589 1717 811 1789 δέξηται
838 1719 948 1772 τῶν
983 1713 1473 1791 πραχθησομένων.

177 1811 370 1864 1’.”Οθεν
395 1811 455 1881 δὴ
486 1812 578 1863 καὶ
608 1811 908 1882 ἐκκλησίαν
941 1813 1226 1879 συνέλεξεν
1265 1816 1321 1876 ἐς
1355 1816 1458 1886 τὴν
1486 1815 1644 1868 ὑστε-

123 1906 265 1973 ραίαν.
294 1904 396 1957 Καὶ
444 1903 630 1971 ἐπειδὴ
677 1904 939 1975 παρῆσαν
979 1905 1242 1970 ἅπαντες,
1274 1907 1392 1960 ὅσοι
1439 1925 1500 1961 τε
1531 1909 1642 1961 τῶν

1726 715 1871 764 erat.

1802 893 1891 948 IX.
1927 892 2138 964 Legati,
2186 906 2313 946 cum
2346 891 2413 944 ad
2466 889 2609 941 hanc
2666 885 2969 950 venissent,
3024 885 3316 954 impetrata

1731 985 1966 1040 fortaSse
1987 984 2145 1039 venia
2180 980 2642 1050 reconciliataquc
2671 992 2726 1033 et
2754 987 3020 1032 renovata
3050 976 3317 1035 amicitia,

1734 1076 1960 1131 domum
2001 1074 2315 1138 rediissent,
2367 1070 2472 1125 nisi
2526 1078 2583 1125 et
2621 1067 2998 1123 multitudinis
3053 1082 3320 1121 novarum

1735 1186 1921 1226 rerum
1949 1168 2209 1224 studiosae
2252 1165 2525 1236 postulata
2555 1161 2906 1236 adjecissent.
2963 1160 3324 1216 Postulabaut

1729 1270 1947 1324 autem,
1991 1268 2053 1314 ut
2084 1258 2332 1314 navalem
2359 1266 2684 1330 apparatum
2707 1253 2956 1326 Byzantii
3019 1252 3325 1310 solverent.

1740 1365 1798 1410 et
1826 1355 1934 1409 alia
1991 1353 2189 1408 similis
2243 1341 2555 1406 dementiae.
2603 1347 2738 1414 Qua:
2775 1363 2899 1404 cum
2946 1347 3060 1418 ipsa
3114 1361 3215 1417 per
3268 1359 3328 1398 se

1739 1447 1902 1503 Irene
1938 1446 2260 1516 imperatrix
2303 1443 2630 1508 audivisset,
2676 1441 2884 1512 legatos
2913 1440 3080 1512 jussit
3136 1454 3330 1508 exspe-
3403 1509 3406 1512 ν

1743 1547 1916 1601 ctare,
1955 1537 2159 1610 quoad,
2214 1536 2308 1592 ubi
2343 1551 2442 1607 per
2464 1535 2679 1591 litteras
2701 1533 2780 1600 id,
2812 1533 2881 1588 de
2909 1548 3021 1604 quo
3041 1532 3329 1604 agebatur,

1745 1627 2064 1702 imperatori
2097 1628 2481 1700 significasset,
2505 1627 2780 1698 acciperet
2803 1626 2872 1680 ab
2889 1640 2957 1680 eo
2981 1638 3330 1695 reSponsum,

1746 1739 1859 1796 quo
1886 1739 1949 1780 ea
1975 1739 2097 1794 qua:
2126 1722 2338 1777 factura
2368 1727 2513 1776 esset
2534 1721 3020 1774 confirmarentur.

1818 1815 1888 1873 Χ.
1927 1815 2117 1886 Itaque
2146 1823 2204 1869 et
2249 1812 2574 1869 concionem
2629 1819 2851 1882 postera
2900 1810 2992 1867 die
3024 1823 3330 1874 convocat;

1748 1921 1806 1966 et
1835 1922 2184 1976 cumpmnes
2233 1917 2349 1962 tum
2383 1905 2484 1960 viri
2513 1904 2799 1968 senatorii,
2850 1915 2966 1959 tum
3015 1906 3336 1976 quicunque

122 1995 448 2066 συγκλητικῶν
494 1996 591 2049 καὶ
634 1997 752 2050 ὅσοι
782 1998 875 2051 τοῦ
928 1986 1242 2062 Βυζαντίων
1273 2000 1448 2070 δήμου
1490 2018 1646 2054 συνε-

1777 2012 1896 2057 nter
1919 1984 2074 2056 cives
2111 1997 2440 2071 Byzantinos
2481 1994 2972 2066 intelligentissimi
3012 2011 3136 2052 esse
3183 1999 3337 2052 vide-

114 2089 298 2159 τὼτεροι
325 2083 460 2143 εῖναι
501 2089 751 2157 ἐδόκουν,
781 2091 1103 2145 ἐϐουλεύετο
1134 2094 1230 2147 καὶ
1273 2093 1373 2165 τὴν
1405 2095 1644 2149 ἑκάστου

116 2180 300 2251 γνώμην
345 2181 523 2252 ἐζήτει
573 2182 788 2251 μαθεῖν,
835 2185 1100 2256 ὁπότερον
1142 2186 1441 2256 βούλοιντο,
1491 2189 1647 2262 μάχῃ

108 2273 185 2342 τὴν
205 2275 299 2325 τῶν
326 2273 671 2342 πραγμάτων
700 2275 1020 2342 ἐπιτρέπειν
1075 2277 1281 2348 κρίσιν,
1317 2279 1350 2350 ἢ
1384 2279 1648 2349 θεμένους

109 2367 160 2418 τὰ
183 2365 305 2418 ὅπλα
348 2367 446 2435 τὴν
502 2366 780 2436 προτέραν
811 2368 968 2437 ἄγειν
1015 2371 1262 2442 εἰρήνην.
1293 2373 1406 2425 Καὶ
1445 2368 1514 2442 ἦν
1557 2373 1648 2426 ού-

102 2455 206 2522 δεὶς,
231 2456 284 2522 ὃς
324 2457 400 2530 μὴ
440 2448 818 2528 ’σφοδρότερον
867 2462 1428 2533 κατεσπουδασμένην
1458 2464 1648 2533 ἔφαινε

106 2548 293 2618 γνώμης
340 2550 517 2621 ὁρμὴν
573 2552 632 2613 ἐς
681 2549 745 2602 τὸ
808 2550 1107 2622 μάχεσθαι.
1155 2553 1253 2607 Ἐκ
1307 2555 1508 2608 πολλοῦ
1539 2557 1650 2626 γὰρ

100 2641 275 2694 πολλῶν
301 2641 462 2698 ἕνεκα
495 2646 614 2706 τοῖς
654 2643 912 2706 Λατίνοις
939 2645 1254 2716 ἀχθόμενοι,
1289 2649 1386 2702 καὶ
1415 2647 1648 2720 ζητοῦν·

100 2752 174 2797 τες
224 2740 407 2810 καιρὸν
466 2739 815 2810 ἀμύνασθαι,
859 2739 956 2794 καὶ
997 2741 1116 2811 ἅμα
1164 2740 1408 2812 οἰόμενοι
1455 2741 1656 2812 ῥᾳδίως

95 2831 309 2892 αξανιεῖν
355 2831 558 2894 αὐτοὺς
612 2831 713 2884 καὶ
775 2832 1096 2902 συντρίψειν
1146 2831 1422 2903 ὀστράκου
1472 2831 1654 2903 δίκην,

93 2916 235 2975 ἐϐόων
258 2922 496 2987 ἇπαντες
524 2922 930 2995 ἀπολεγόμενοι
955 2925 1056 2988 τὰς
1085 2924 1345 2989 σπονδὰς,
1370 2924 1466 2976 καὶ
1491 2924 1658 2994 δύτη-

89 3014 166 3080 χός
194 3033 272 3078 τις
300 3019 394 3072 καὶ
418 3016 788 3090 πολύμορφος
820 3019 1067 3088 ἀκοσμία
1103 3018 1372 3088 ῥημάτων
1400 3015 1490 3089 ἦν.

1755 2092 1978 2156 bantur,
2011 2090 2067 2144 in
2101 2104 2270 2145 unum
2300 2087 2708 2153 convenissent,
2740 2087 3016 2143 consultat
3059 2096 3115 2144 et
3149 2089 3339 2145 unius-

1755 2186 2024 2256 cujusque
2045 2182 2382 2238 sententiam
2413 2181 2754 2245 'seiscitatur,
2784 2191 2972 2238 utrum
3003 2181 3083 2238 illi
3118 2183 3291 2238 velint
3321 2198 3339 2248 ;

1756 2292 2112 2332 armorumne
2131 2274 2342 2347 judicio
2370 2288 2487 2329 rem
2519 2275 2863 2346 permittere,
2925 2291 2996 2330 an
3038 2275 3237 2346 positis
3258 2291 3341 2330 ar-

1758 2370 1863 2424 mis
1889 2383 2075 2439 pacem
2121 2377 2184 2422 ut
2238 2380 2399 2422 antea
2453 2382 2699 2422 servare.
2745 2366 2940 2422 Nullus
2986 2377 3169 2422 autem
3214 2367 3338 2432 fuit,

1755 2464 1848 2534 qni
1873 2478 1980 2515 non
1999 2461 2064 2515 ad
2091 2476 2242 2515 arma
2271 2460 2664 2531 promptiorem
2685 2460 2854 2514 animi
2879 2460 3144 2530 impetum
3174 2461 3342 2530 signi-

1751 2557 1962 2611 iicaret.
1996 2553 2208 2608 Latinis
2237 2554 2442 2624 quippe
2473 2555 2674 2608 multas
2699 2553 2770 2608 ob
2801 2554 3340 2625 causasjampridem

1754 2648 1981 2710 infensi,
2019 2635 2078 2701 et
2107 2646 2408 2701 ulciscendi
2439 2649 2789 2701 occasionem
2817 2657 3196 2716 aucupantes;
3227 2657 3345 2703 tum

1752 2739 1917 2796 simul
1969 2739 2217 2793 futurum
2279 2738 2559 2800 arbitrati.
2627 2747 2687 2793 ut
2747 2739 2909 2795 facile
2947 2756 3045 2795 eos
3069 2739 3343 2806 delerent,

1753 2848 1818 2887 ac
1856 2832 2106 2886 tit-tilium
2138 2834 2312 2885 instar
2347 2839 2725 2898 contererent,
2753 2833 3065 2888 clamabant
3127 2849 3343 2899 omnes,

1762 2941 2074 2994 pacemque
2105 2921 2493 2993 repudiabant,
2545 2926 2628 2981 sic
2657 2933 2717 2978 ut
2745 2925 2967 2981 dissona
2999 2928 3248 2997 quaedam
3282 2943 3350 2984 ac

1760 3017 2048 3087 multiplex
2073 3017 2328 3071 confusio
2359 3032 2555 3072 vocum
2585 3018 2893 3074 audiretur.

87 3205 286 3266 Calabri
308 3211 680 3281 prwmedimti
725 3210 1009 3282 Byzantios
1049 3212 1341 3282 imparatos
1394 3210 1736 3264 adoriamur.
1785 3209 1952 3264 Orant
1997 3211 2322 3282 maritinwm
2362 3209 2884 3282 igtcendiisrvastant.
2921 3212 3134 3279 Aliquot
3167 3231 3346 3281 naves,

140 3286 204 3333 ad
231 3278 374 3352 ﬂuuii
403 3283 556 3335 ostia
585 3291 749 3336 noctu
771 3278 1011 3335 deducta:
1048 3301 1080 3336 a
1109 3278 1418 3352 Byzantium
1445 3283 1749 3340 navare/iis,
1778 3283 1829 3334 in
1861 3291 2030 3334 tntum
2084 3278 2602 3352 evaduntLIieliquw
2629 3281 2736 3350 igni
2773 3278 3079 3349 absumptis.
3106 3278 3347 3342 Alteram

138 3349 276 3402 orum
313 3354 475 3428 iidem
506 3352 706 3428 Latini
732 3355 1050 3428 incendunt.
1085 3349 1373 3428 Castellum
1405 3369 1558 3404 suum
1589 3352 1916 3428 (impii/ierint
1946 3360 1994 3428 et
2024 3353 2288 3428 muniunt.
2324 3349 2722 3420 Byzantium’et
2752 3369 2909 3428 naves
2944 3359 3155 3412 elapsus
3181 3374 3349 3428 oppu-

132 3433 308 3498 gnant.
342 3423 754 3498 tiepeiluntur.
810 3421 1223 3498 Frumentarias
1271 3429 1347 3498 et“
1375 3439 1654 3498 onerarias
1712 3423 2060 3498 intercipiunt
2087 3444 2100 3474 ι
2126 3421 2272 3498 unde
2298 3438 2476 3498 rerum
2506 3424 3150 3498 necessariarumimpia
3206 3421 3350 3498 apud

135 3492 449 3561 Byzantios.
507 3495 676 3547 [rene
730 3494 1050 3562 imperutrix
1104 3492 1491 3559 Mantteli/ilio
1550 3492 1742 3545 bellum
1800 3492 1926 3561 {oris
1989 3494 2480 3546 administrmidum
2531 3494 2829 3548 committit.
2891 3494 2986 3547 llic
3043 3492 3351 3554 Suburbnna

133 3564 352 3618 hostium
388 3565 639 3634 a'tli/icia
676 3563 931 3618 incendit.
971 3563 1164 3618 Milites
1189 3572 1238 3617 et
1265 3565 1439 3617 nuntii
1476 3582 1508 3617 a
1535 3563 1904 3618 Cuntacnzeno
1934 3565 2078 3616 missi
2103 3562 2485 3633 Byzantiorum
2531 3565 2737 3619 animos
2791 3565 3136 3632 conﬁrmant.

131 3659 213 3734 [Ρ.
243 3662 370 3733 5'55]
401 3660 487 3718 A'.
523 3661 728 3715 Ταῦτα
764 3661 1028 3735 μαθὸντες
1054 3662 1105 3713 oi.
1134 3661 1377 3724 Λατῖνοι,
1417 3660 1539 3712 ἐπεὶ
1571 3660 1659 3713 διὰ
1687 3667 1732 3721 c

64 3753 282 3823 μελέτης
335 3749 494 3824 εἶχον
557 3756 631 3807 ἐκ
693 3753 954 3806 πλείστου
993 3753 1054 3806 τὸ
1111 3754 1350 3824 πρᾶγμα
1398 3753 1496 3806 καὶ
1524 3756 1661 3824 πρὸς

62 3846 300 3917 δημόσιον
331 3845 483 3902 εἶδον
514 3848 632 3921 ἤδη
675 3850 900 3916 ρυεῖσαν
947 3848 1046 3918 τὴν
1079 3850 1280 3902 κακίαν
1311 3847 1448 3918 φῶς,
1483 3865 1666 3916 παρα-

57 3941 234 4012 χρῆμα
309 3928 889 4011 συνεσκευασμένους
955 3940 1170 4004 ἔδειξαν
1237 3943 1334 3994 καὶ
1401 3957 1666 4011 προητοι-

57 4031 358 4100 μασμένους
389 4035 551 4102 σφᾶς
587 4031 795 4093 αὐτοὺς
833 4033 914 4092 είς
945 4029 1086 4101 ἔργα
1115 4030 1378 4102 πολέμου.
1405 4032 1448 4083 Τ
1455 4032 1666 4101 ριήρεις

53 4120 152 4193 γὰρ
183 4125 243 4187 ἐς
262 4124 464 4196 μάχην
507 4122 690 4185 εὐθὺς
715 4120 860 4174 ὀκτὼ
894 4122 988 4175 καὶ
1021 4123 1286 4193 μονήρεις
1310 4120 1664 4192 παμπόλλους

47 4209 406 4280 προύφαινον,
446 4212 617 4266 ὅπλα
643 4226 707 4263 τε
736 4210 831 4263 καὶ
862 4209 994 4280 βέλη
1023 4213 1277 4263 παντοῖα.
1320 4210 1433 4263 Καὶ
1483 4208 1668 4280 μέντοι

48 4302 133 4354 καὶ
178 4304 488 4376 τεσσάρων
536 4301 707 4364 ἐντὸς
755 4285 984 4373 ἡμερῶν
1037 4301 1522 4364 καταπλεύσαντες
1569 4299 1670 4373 ὅλῃ

40 4394 258 4466 δυνάμει
300 4399 464 4452 κατᾶ
498 4396 861 4462 Βυζαντίων,
893 4396 1066 4448 ὅντων
1115 4395 1526 4466 ἀπαρασκεύων
1560 4393 1666 4456 ἐτι,

41 4491 213 4545 πᾶσαν
245 4489 623 4562 ἐμπιπρῶσι
672 4489 774 4559 τὴν
821 4487 1122 4557 παραλίαν,
1153 4487 1300 4541 πάνυ
1343 4503 1428 4540 τοι
1457 4485 1670 4558 σφόδρα

39 4586 230 4655 μεστὴν
260 4582 453 4639 οὖσαν
493 4583 698 4651 ξύλων
731 4581 1008 4634 παντοίων
1047 4581 1144 4640 καὶ
1169 4580 1381 4644 οἰκιῶν,
1413 4581 1536 4632 ὅσαι
1568 4581 1670 4644 τὰς

32 4675 347 4749 ἐμπορικὰς
381 4677 784 4746 ὑποδέχονται
823 4673 1040 4744 χρείας.
1088 4673 1447 4744 Ἐμπιπρῶσι
1484 4672 1544 4726 δέ
1574 4672 1671 4725 καὶ

24 4771 125 4824 τῶν
169 4773 522 4838 Βυζαντίων
578 4767 731 4823 νεῶν
773 4769 893 4821 ὅσαι
946 4766 1237 4820 κατιοῦσαι
1286 4766 1484 4820 νεωστὶ
1533 4765 1675 4836 μετὰ

25 4865 117 4928 τὰς
167 4867 478 4940 ἐμπορίας
541 4862 753 4932 ἔτυχον
796 4861 878 4915 ἔτι
911 4860 1005 4914 ἐπ’
1045 4859 1307 4931 ἀγκυρῶν
1341 4859 1674 4914 σαλεύουσαι

19 4961 107 5012 καὶ
131 4961 266 5014 ὅσαι
292 4963 358 5023 ἐς
395 4960 522 5029 γῆν
556 4955 932 5024 εξλκυσμέναι
953 4949 1096 5024 ἦσαν
1123 4970 1136 4983 ·
1170 4955 1266 5007 καὶ
1307 4953 1412 5024 πρό
1447 4970 1512 5022 γε
1550 4953 1673 5006 τού-

1835 3660 1872 3712 Ι.
1917 3657 2012 3712 His
2047 3657 2228 3712 Latini
2292 3658 2606 3725 intellectis,
2651 3662 2782 3730 quia
2828 3677 2946 3718 rem
3002 3664 3169 3736 longo
3226 3677 3354 3722 ante

1769 3748 2130 3819 praemeditati
2168 3748 2408 3814 fuerant,
2455 3748 2828 3821 videbamque
2862 3753 3142 3824 publicam
3192 3756 3246 3811 in
3272 3758 3357 3811 lu—
3448 3821 3459 3830 ,

1766 3854 1883 3895 cem
1918 3840 2360 3910 manavissejant
2418 3841 2561 3897 mala
2598 3844 2852 3911 consilia,
2899 3859 3124 3916 repente
3155 3863 3214 3904 se
3273 3851 3358 3905 in-

1769 3941 2010 3988 structos
2039 3943 2488 4003 przepnratosque
2551 3935 2620 3989 ad
2675 3938 2976 4007 gerendum
3031 3941 3233 3996 bellum
3267 3961 3360 3998 05-

1772 4023 2026 4079 teudunt.
2087 4023 2370 4080 Triremes
2411 4026 2561 4081 enim
2593 4038 2720 4082 octo
2769 4039 2826 4085 ct
2877 4047 3132 4088 numeres
3191 4051 3359 4106 quam

1771 4117 2040 4188 plurimas
2096 4117 2151 4172 in
2189 4118 2601 4188 expeditionem
2667 4121 2931 4190 educunt,
2992 4142 3256 4198 armaque
3303 4141 3362 4186 et

1770 4211 1954 4264 omnis
1973 4209 2138 4280 847
2172 4211 2393 4280 generis
2423 4211 2532 4266 tela
2559 4214 2882 4281 expediunt.
2929 4218 2998 4273 Et
3021 4219 3244 4289 quidem
3273 4223 3363 4278 in-

1775 4305 1858 4352 tra
1893 4298 2014 4352 dies
2052 4307 2290 4366 quatuor
2333 4299 2464 4354 totis
2498 4299 2710 4357 viribus
2736 4302 3030 4375 Byzantios
3055 4311 3358 4368 etiamnum

1772 4391 2075 4460 imparatos
2114 4390 2296 4445 classe
2353 4392 2533 4446 adorti
2593 4403 2761 4449 totam
2808 4398 3115 4455 incendunt
3149 4405 3361 4461 mariti-

1775 4500 1918 4537 mam
1947 4497 2124 4548 oram,
2149 4485 2298 4537 omni
2323 4483 2594 4555 lignorum
2620 4502 2821 4557 genere
2852 4501 2910 4546 et
2967 4493 3217 4553 aedificiis
3276 4516 3364 4555 re-

1773 4573 2152 4639 fertissimam,
2181 4574 2249 4630 iis
2282 4576 2516 4642 scilicet,
2543 4593 2669 4647 quae
2685 4580 2970 4650 capiendis
2989 4599 3359 4645 mercatorum

1777 4666 1946 4720 rebus
1992 4666 2191 4721 idonea
2222 4677 2372 4721 sunt.
2405 4667 2718 4726 lneendunt
2762 4673 2896 4729 item
2955 4691 3022 4732 ex
3048 4676 3364 4750 Byzantinis

1776 4760 2010 4814 navibus
2043 4773 2137 4814 eas
2173 4774 2390 4822 omnes.
2419 4778 2543 4832 qua:
2576 4779 2768 4820 recens
2790 4767 3032 4825 advectae
3071 4783 3254 4839 erant,
3307 4789 3365 4832 et

1777 4868 1903 4906 cum
1939 4866 2111 4907 onere
2146 4851 2406 4908 adltucin
2454 4859 2677 4912 ancoris
2725 4859 2946 4916 stabant
2987 4863 3361 4938 ﬂuctuantes;

1781 4955 1894 4999 tum
1923 4945 2043 5000 illas
2071 4946 2262 5012 etiam,
2292 4963 2414 5017 quae
2443 4948 2497 5002 in
2539 4959 2742 5004 terram
2775 4961 2956 5010 tracta:
3013 4959 3251 5028 fuerant,
3309 4977 3367 5019 et

20 5063 119 5101 των
149 5049 284 5103 ὅσαι
318 5050 448 5103 τῶν
489 5045 769 5116 τριήρων
818 5041 1068 5096 κελεύσει
1100 5042 1196 5095 τοῦ
1233 5042 1501 5112 βασιλέως
1547 5042 1648 5113 ep:

1781 5050 1908 5094 ante
1939 5039 2057 5104 bas,
2090 5050 2362 5111 quotquot
2391 5042 2644 5097 triremes
2665 5043 2822 5112 jussu
2857 5047 3210 5117 imperatoris
3247 5067 3364 5112 tum

11 5137 508 5212 ἐναυπηγοῦντο(
545 5134 1059 5198 Κατεσκευάζοντο
1111 5133 1209 5202 μὲν
1253 5135 1360 5204 γάρ
1387 5149 1401 5163 '
1444 5132 1599 5187 οὔπω
1627 5132 1674 5186 δ’

11 5232 83 5294 εἰς
119 5233 434 5287 θάλασσαν
473 5225 759 5299 ἔφθησαν
796 5225 1280 5281 καθελκυσοεῖσαι.
1346 5294 1374 5304 ρ

67 5325 150 5381 B'.
188 5327 384 5380 Πέντε
453 5325 526 5376 δὲ
599 5320 721 5374 ’τῶν
770 5319 1044 5388 μεγίστων
1092 5318 1290 5385 οὐσῶν,
1323 5318 1444 5371 ὅσαι
1487 5336 1675 5372 καιναι

9 5417 747 5486 συγκατασκευάζονται,
808 5412 864 5464 αἱ
923 5411 1024 5480 μὲν
1082 5413 1232 5481 τρεῖς
1305 5411 1403 5464 σὺν
1463 5412 1678 5484 ἑτέραις

4 5509 311 5579 ’.ιονήρεσιν
369 5509 500 5559 οὐκ
562 5501 818 5567 ὀλίγαις,
851 5497 976 5552 ἐπεὶ
1030 5500 1448 5571 ἀπηρτισμέναι
1508 5504 1566 5564 ἐς
1619 5503 1681 5554 τὸ

3 5599 250 5662 ινενὸεὲς
282 5602 524 5669 ἔτυχον
554 5590 763 5659 οὖσαι,
791 5591 1012 5664 νύκτωρ
1043 5592 1504 5646 καθελκυσοεῖσαι
1541 5593 1678 5662 πρὸς

0 5693 89 5747 τῶν
125 5695 480 5765 ναυάρχων
521 5687 643 5743 διὰ
682 5687 782 5756 τὴν
829 5683 923 5739 τοῦ
955 5684 1222 5758 πολεμίου
1257 5685 1678 5756 πυρὸς-ἔννοιαν

3 5787 329 5858 ινήχθησοιν
357 5784 521 5855 περὶ
565 5780 691 5841 τὰς
718 5779 812 5832 τοῦ
841 5777 1090 5850 ποταμοῦ
1131 5779 1362 5858 ἐκϐολὰς
1385 5777 1524 5850 (95),
1546 5769 1698 5835 ἔνθα.

1781 5131 2218 5188 aedificabantur.
2268 5133 2404 5187 Nam
2435 5142 2548 5188 tum
2584 5137 2809 5205 quidem
2875 5137 3365 5218 Construebantur,

1785 5223 2031 5278 nondum
2064 5233 2248 5278 autem
2276 5234 2464 5279 tractas
2493 5238 2656 5282 erant
2686 5227 2740 5282 in
2766 5247 2934 5289 mare.

1854 5315 2017 5370 ll.'At
2039 5331 2107 5371 ex
2139 5318 2382 5386 quinque
2403 5317 2674 5385 maximis,
2699 5333 2832 5392 quot
2861 5342 3016 5383 nova:
3045 5341 3204 5387 erant
3232 5337 3368 5391 aedi-

1789 5409 1983 5471 ficatte,
2023 5419 2135 5462 tres
2170 5422 2294 5461 cum
2321 5407 2444 5462 aliis
2480 5413 2798 5470 moneribus
2849 5434 2956 5473 non
2983 5425 3194 5493 paucis,
3219 5435 3366 5497 quod

1787 5503 1865 5557 ita
1895 5502 2178 5555 instructae
2201 5510 2408 5565 essent,
2445 5509 2506 5555 ut
2535 5503 2673 5559 nihil
2709 5505 2950 5577 deesset,
2985 5527 3150 5571 noctu
3205 5535 3234 5570 a
3264 5536 3367 5575 na-

1785 5591 2006 5648 varcltis
2039 5602 2266 5662 propter
2302 5591 2520 5648 hostilis
2576 5594 2719 5668 ignis
2764 5604 3136 5673 suspicionem
3184 5620 3369 5667 ιηιειιυ

1784 5686 1842 5741 in
1872 5701 2044 5752 mare,
2078 5685 2146 5738 ad
2169 5699 2232 5740 os
2267 5683 2420 5742 ﬂuvii
2445 5686 2696 5745 deductae
2721 5703 2873 5760 sunt,
2934 5698 3025 5754 ubi
3079 5712 3134 5756 ct
3168 5702 3368 5762 fretum

1783 5777 2008 5835 desinit.
2057 5777 2171 5834 Illic
2198 5777 2346 5834 enim
2375 5782 2719 5852 geminorum
2756 5787 3029 5846 ostiorum
3068 5808 3370 5874 concursu,

1454 5879 1788 5956 Variorum
1835 5885 2017 5938 notae.

49 5986 176 6060 (35)
215 5983 583 6045 Barbissa',
649 5975 748 6045 qui
797 5978 856 6034 in
900 5978 1084 6036 sinum
1132 5977 1450 6036 Ceratinum
1480 5976 1672 6037 eilluit.
1713 5978 1950 6035 Ductus.
