3800 6626
336 420 474 488 1115
614 415 692 492 [Δ.
733 434 792 475 ιι.
832 419 999 488 6857,
1042 436 1150 476 tan.
1184 419 1244 494 2]

1528 424 1950 486 NICEPHORI
1989 424 2376 486 GREGORAB

3423 430 3533 499 me
3578 388 3584 399 ’

2603 455 2615 469 ο
2651 420 2787 494 [περ.
2834 436 2874 477 ι.
2912 435 3198 479 cursem.
3235 423 3293 497 ἃ]

332 537 714 595 exercitationi
748 540 901 607 dare,
932 557 995 598 ac
1033 542 1271 612 primum
1322 540 1468 597 inter
1505 555 1564 596 se
1597 540 1905 605 decertare,

2019 539 2247 594 παύεται
2278 541 2446 611 ἄκρον
2493 539 2594 611 (Ι).
2623 540 2688 594 Ai
2732 541 2834 613 μὲν
2875 536 2970 596 οὖν
3001 541 3067 595 ὲκ
3111 539 3392 607 Βυζαντίου
3431 550 3537 617 περὶ

332 640 387 685 et
441 629 821 701 remigationis
876 631 1186 701 perieulum
1237 630 1531 702 separatim
1568 630 1905 686 facere.Nee

331 720 480 776 enirn
507 722 646 777 mari
677 737 870 779 omnes
892 724 1169 794 remisque
1200 732 1578 787 assueverant,
1613 722 1708 777 sed
1735 722 1907 788 ligna-

333 810 539 867 tionem
601 812 852 883 plerique
887 812 1240 885 ligonemque
1291 812 1637 870 redolebant.
1680 811 1752 866 At
1802 811 1910 865 illa:

330 916 632 971 progressae
658 918 841 959 remos
893 904 1165 970 inhibent,
1202 921 1321 965 non
1344 904 1642 961 admodum
1680 916 1909 972 compo-

331 995 438 1049 site
464 1002 561 1050 aut
585 996 817 1053 militari,
841 987 1061 1060 ordine,
1100 998 1197 1053 sed
1234 1007 1439 1053 temere
1454 994 1748 1051 maximam
1783 1008 1908 1065 par-

332 1095 441 1142 tem
469 1085 923 1163 inatqualiterque
980 1092 1350 1164 remigantes,
1379 1097 1437 1146 et
1466 1104 1499 1145 a
1545 1098 1699 1146 recto
1739 1102 1907 1144 cursu

328 1180 671 1237 aberrantes.
942 1176 951 1185 “

2009 633 2194 703 δείλην
2220 632 2380 702 ὀψίαν
2418 633 2818 694 ἐκπλεύσασαι.
2843 634 2965 687 δέον
3005 635 3202 700 καιρόν
3234 652 3355 689 τινα
3384 636 3539 694 δοῦναι

2010 725 2291 797 γυμνασίᾳ
2319 727 2492 796 μικρᾷ
2516 725 2669 795 γοῦν,
2699 727 2796 781 καὶ
2828 727 3333 798 ἀνθαμιλλήσασθαι
3367 731 3541 800 πρότε.

2009 834 2104 888 ρον
2154 817 2290 889 πρὸς
2345 817 2603 889 ἀλλήλας,
2634 819 2730 873 καὶ
2763 820 2967 889 πεῖραν
3012 820 3114 888 τῆς
3143 820 3378 890 εἰρεσίας
3408 824 3542 892 ποιή-

2004 908 2205 963 σασθαι
2244 908 2370 963 καθ’
2398 909 2627 973 ἑαυτάς·
2650 909 2787 980 μηδὲ
2823 911 2931 981 γάρ
2958 905 3099 964 εἶναι
3134 910 3338 972 πάντας
3363 911 3417 963 ιν
3442 928 3545 963 συν-

2001 1000 2162 1072 ηθείᾳ
2202 1000 2478 1074 ,θαλάττης
2520 1001 2616 1055 καὶ
2671 998 2887 1070 κώπης,
2934 1000 3053 1055 ἀλλ’
3088 997 3388 1063 ἀπόζοντας
3439 1000 3546 1062 τοὺς

2004 1093 2226 1157 πλείους
2253 1093 2636 1164 δενδροτομίας
2659 1110 2720 1147 τε
2750 1093 2847 1148 καὶ
2873 1093 3189 1161 σκαπάνηςο
3218 1092 3275 1145 αἱ
3300 1090 3357 1143 δὲ
3379 1093 3547 1159 μικρδν

2005 1181 2280 1252 προ6ἆσαι
2315 1174 2581 1252 σχάζουσι
2631 1182 2731 1245 τὰς
2764 1181 2982 1247 κώπας,
3025 1182 3087 1235 ού
3118 1180 3266 1250 μάλα
3298 1179 3395 1233 σὺν
3418 1181 3548 1246 τάξει

329 1271 426 1325 καὶ
446 1272 640 1344 κόσμῳ
661 1276 1032 1351 στρατηγικῷ,
1054 1276 1171 1332 ἀλλ’
1192 1278 1252 1332 ὲν
1278 1276 1524 1349 ἀκοσμία
1544 1276 1608 1330 τδ
1626 1274 1903 1342 πλεῖστον,
1939 1273 2039 1329 καὶ
2098 1275 2531 1349 ἑτεροζυγοῦσαν
2597 1274 2694 1347 τὴν
2725 1275 2965 1347 εἰρεσίαν
2997 1271 3341 1344 ποιούμεναι,
3370 1271 3548 1325 καὶτοῦ

328 1362 517 1429 εὐθέος
543 1369 959 1441 παραγομὲνην.

304 1498 319 1509 κ
398 1461 468 1516 ll.
498 1462 635 1520 Cum
664 1478 795 1521 vero
823 1480 930 1521 nor
962 1465 1076 1537 jam
1105 1465 1323 1522 adesset
1354 1476 1411 1522 et
1444 1466 1527 1522 lia:
1553 1465 1708 1537 juxta
1739 1461 1902 1517 littus

328 1563 458 1611 ante
480 1555 776 1612 orientales
811 1557 1054 1629 Byzantii
1091 1572 1283 1613 muros
1318 1557 1721 1620 constitissent,
1744 1552 1899 1610 venti

328 1653 446 1700 tum
473 1647 647 1702 coorti
676 1664 704 1702 a
737 1658 884 1703 terra
922 1647 1215 1704 tumultum
1266 1649 1414 1719 apud
1440 1634 1608 1703 naves
1649 1646 1900 1702 feCerunt

329 1751 393 1792 ac
417 1737 697 1807 paululum
720 1739 1164 1810 eas'perturbare
1195 1739 1294 1796 visi
1325 1748 1476 1797 sunt.
1500 1742 1570 1794 At
1601 1737 1898 1794 secundam

329 1828 553 1885 circiter
597 1829 774 1886 noctis
846 1830 1088 1901 vigiliam
1144 1831 1383 1888 triremis
1433 1830 1729 1902 expedita,
1776 1843 1901 1899 quae

329 1922 493 1991 paulo
525 1931 651 1977 ante
673 1922 1013 1993 speculatum
1061 1923 1228 1978 missa
1258 1922 1439 1979 fuerat
1458 1962 1474 1989 ,
1503 1935 1719 1977 summa
1746 1919 1902 1976 festi-

328 2014 555 2069 natione
584 2014 828 2082 accedit,
881 2016 1211 2088 nuntiatque
1243 2015 1536 2072 maximam
1575 2013 1904 2070 Latinorum

334 2108 643 2164 onerariam
678 2108 855 2178 plenis
881 2109 1020 2165 velis
1069 2109 1142 2164 ab
1191 2107 1548 2179 Hellesponto
1597 2105 1903 2179 profectam

335 2198 618 2254 advenire.
647 2199 841 2255 Statim
864 2201 1052 2272 itaque
1087 2199 1347 2256 navarchi
1374 2214 1568 2270 magna
1602 2213 1728 2254 cum
1761 2197 1906 2252 ﬁdu-

336 2291 420 2344 cia
454 2291 636 2346 nautis
684 2307 749 2349 ac
798 2291 1133 2357 vectoribus,
1181 2292 1290 2348 illis
1317 2299 1377 2346 ut
1405 2290 1694 2361 remigem,
1728 2288 1816 2344 his
1844 2293 1906 2341 ut

332 2392 624 2451 capessant
671 2398 864 2450 arma,
926 2382 1132 2439 inﬂatis
1178 2381 1425 2439 classicis
1487 2381 1621 2436 dant
1660 2380 1904 2451 signum.

334 2473 690 2544 Diligentiore
720 2475 888 2547 859
918 2477 1102 2547 itaque
1132 2474 1478 2546 navigatione
1503 2473 1748 2544 provecti
1771 2487 1907 2527 one-

336 2568 536 2623 rat-iant
570 2585 734 2639 quam
759 2570 1045 2625 celerrime
1070 2567 1532 2631 circumveniunt.
1565 2575 1620 2622 et
1654 2563 1906 2621 contrahi

338 2658 457 2713 vela
495 2659 789 2730 imperant.
821 2661 892 2715 At
920 2661 997 2716 illi
1030 2674 1224 2731 parere
1249 2659 1411 2714 initio
1439 2658 1654 2723 nolunt,
1682 2658 1777 2713 sed
1807 2672 1909 2729 pu-

337 2767 499 2820 gnam
524 2768 587 2807 ac
615 2753 821 2809 bellum
856 2754 1070 2809 ineunt.
1103 2753 1226 2808 Mox
1260 2752 1425 2808 iidem
1456 2751 1643 2808 densis
1663 2750 1906 2820 undique

340 2844 466 2899 telis
491 2845 698 2910 obruti,
732 2861 857 2901 cum
906 2845 1101 2901 liceret
1124 2843 1396 2900 militibus
1435 2844 1576 2899 facta
1602 2842 1907 2912 irruptione

340 2953 438 3017 eos
480 2940 793 3005 trucidare,
841 2939 1264 3017 cedunt_inviti,
1302 2948 1360 2995 et
1392 2953 1592 2994 manus
1630 2936 1908 2993 tendendo

340 3014 775 3087 misericordiam
806 3012 1131 3104 exposcunt.
1179 3031 1287 3087 Sed
1315 3046 1412 3088 eos
1456 3030 1594 3086 nihil
1648 3030 1740 3085 illa
1768 3028 1909 3098 juvit

339 3122 740 3193 supplicatio’:
778 3123 1048 3194 siquidem
1101 3128 1283 3178 nautae
1331 3122 1544 3194 aliquot
1587 3121 1655 3178 de
1692 3120 1907 3176 triremi

2076 1461 2163 1534 [Ρρ
2184 1459 2311 1533 541]
2338 1459 2414 1518 B'.
2446 1462 2604 1517 Ἐπεὶ
2631 1463 2689 1517 δὲ
2711 1462 2808 1515 καὶ
2835 1461 2935 1529 νὺξ
2955 1461 3137 1530 παρῆν
3166 1460 3270 1532 ήδη
3301 1461 3391 1512 καὶ
3412 1453 3548 1514 αὗται

2009 1556 2161 1622 παρά
2182 1551 2272 1608 τὸν
2287 1553 2532 1622 αἰγιαλὸν
2558 1549 2700 1626 ἦσαν
2728 1553 2998 1625 ὁρμοῦσαι
3024 1553 3130 1626 πρὸ
3151 1554 3267 1607 τῶν
3297 1551 3441 1623 ἑῴων
3471 1554 3552 1606 τοῦ

2006 1646 2305 1709 Βυζαντίου
2332 1647 2550 1718 τειχῶν,
2584 1646 2743 1718 ἐπῄει
2768 1646 2827 1713 ἐξ
2844 1644 3119 1715 άπογείων
3136 1644 3459 1713 πνευμάτων
3483 1640 3559 1696 θό-

2010 1741 2176 1813 ρυϐος
2219 1742 2344 1803 ταῖς
2388 1739 2550 1794 ναυσὶ
2597 1739 2693 1793 καὶ
2722 1738 3103 1809 διαταράττειν
3130 1738 3312 1790 ἐδόκει
3364 1736 3557 1806 μικρόν.

2010 1833 2146 1902 Περὶ
2200 1831 2260 1886 δὲ
2299 1830 2558 1900 δευτέραν
2613 1829 2859 1901 φυλακὴν
2916 1829 3019 1899 τῆς
3054 1827 3252 1891 νυκτὸς
3302 1822 3436 1900 ἧκεν
3476 1826 3558 1899 εἰη

2008 1926 2212 1996 σπουδῇ
2242 1924 2380 1996 πρὸς
2404 1924 2574 1987 αὐτάς
2594 1924 2627 1994 ἡ
2651 1922 2788 1993 πρὸς
2815 1920 3170 1990 κατασκοπὴν
3194 1922 3337 1974 ὲκπε
3348 1920 3563 1989 μφθεῑσα

2003 2016 2112 2085 πρὸ
2148 2014 2377 2086 βραχέος
2404 2012 2821 2087 ταχυναυτοῦσα
2855 2014 3111 2086 τριήρης,
3146 2011 3448 2079 Δατινικὴν
3488 2010 3563 2063 6)-

2003 2109 2142 2167 κάδα
2192 2109 2462 2179 μεγίστην
2523 2106 2865 2177 ἀγγέλλουσα
2923 2105 3196 2176 πλήρεσιν
3268 2102 3457 2165 ίστίοις
3514 2103 3567 2168 ἐξ

2012 2202 2410 2273 Ἑλλησπόντου
2460 2200 2842 2271 ἀναγομένην·
2879 2198 2988 2252 »καὶ
3047 2197 3167 2268 ἀμα
3208 2197 3265 2249 οἱ
3324 2194 3564 2267 ναύαρχοι

2004 2293 2185 2366 πολλῷ
2208 2294 2287 2363 τῷ
2321 2292 2611 2366 θαρροῦντι
2635 2295 2750 2357 τοῖς
2772 2309 2831 2345 τε
2879 2293 3112 2354 ναύταις
3138 2291 3237 2343 καὶ
3272 2288 3564 2353 ὲπιὸάταις,

2003 2387 2116 2448 τοῖς
2149 2386 2247 2456 μὲν
2281 2385 2377 2440 ἰπὶ
2412 2383 2511 2456 τὴν
2541 2383 2812 2454 εἰρεσίαν,
2833 2383 2950 2443 τοῖς
2979 2381 3025 2435 δ’
3055 2380 3151 2435 ἐπὶ
3189 2380 3266 2433 τά
3293 2378 3435 2432 ὅπλα
3471 2397 3567 2450 χω-

2008 2481 2123 2551 ρεῖν
2156 2480 2453 2549 ἐσήμαινον
2479 2481 2546 2549 τῇ
2579 2478 2859 2545 σάλπιγγι.
2891 2474 3331 2543 Σπουδαιότερον
3363 2471 3460 2538 μὲν
3486 2470 3568 2525 οὖν

2005 2574 2099 2627 τδν
2133 2571 2365 2626 ἔκπλουν
2411 2572 2780 2641 ποιησάμενοι
2816 2569 3053 2639 τάχιστα
3100 2566 3202 2638 τὴν
3239 2564 3445 2620 ὁλκάδα
3484 2581 3566 2616 πει

2012 2664 2357 2736 ριεκύκλουν,
2387 2664 2482 2718 καὶ
2507 2663 2607 2734 τὴν
2639 2662 2833 2733 ὀθόνην
2863 2661 3155 2716 καθέλκειν
3189 2659 3273 2731 (2)
3309 2658 3566 2711 ἐκέλευον.

2017 2758 2085 2811 Ἦ
2114 2757 2160 2811 δ’
2194 2758 2291 2828 οὐχ
2330 2758 2574 2828 ὑπήκουε
2619 2756 2688 2811 τά
2727 2755 2943 2827 πρῶτα,
2992 2753 3131 2811 ἀλλά
3168 2752 3359 2824 μάχης
3386 2750 3573 2821 ἥπτετο

2008 2852 2106 2905 καὶ
2162 2849 2428 2917 πολέμου.
2474 2847 2631 2902 Ἐπεὶ
2672 2847 2729 2901 δὲ
2780 2847 2852 2901 τά
2898 2862 2965 2916 γε
3019 2845 3148 2915 βέλη
3184 2842 3338 2899 κατά
3385 2840 3573 2911 πλῆθος

2009 2942 2350 3014 πανταχόθεν
2394 2924 2640 3015 ἐπῄεσάν
2692 2956 2865 3009 σφισι,
2902 2938 3000 2993 καὶ
3032 2937 3239 3008 περιῆν
3274 2937 3391 2999 τοῖς
3432 2934 3570 2986 ὁπλί-

2008 3053 2131 3099 ταις
2156 3034 2461 3105 είσπηδῶσι
2490 3031 2740 3103 φονεύειν
2772 3032 2943 3102 σφᾶς,
2980 3030 3238 3084 ἑνέδοσάν
3279 3045 3341 3081 τε
3370 3028 3575 3088 άκοντες

2012 3128 2108 3184 καὶ
2139 3130 2332 3199 χεῖρας
2370 3126 2581 3198 ὤρεγον
2606 3126 2687 3188 είς
2711 3119 2897 3179 οἶκτον
2923 3121 3408 3195 παρακαλοῦντες.
3449 3118 3575 3172 ’Δλλ“

340 3216 647 3270 onerariam
694 3215 988 3271 incendere
1024 3222 1315 3285 occupant,
1349 3226 1406 3269 ct
1428 3213 1693 3285 quidquid
1721 3212 1907 3268 homi-

2019 3220 2217 3276 ὤναντο
2259 3221 2360 3290 τῆς
2403 3218 2808 3290 παρακλήσεως
2848 3218 3045 3272 οὐδέν’
3095 3217 3223 3271 ἐπεὶ
3286 3214 3576 3286 φθάσαντες

343 3322 473 3361 ltili“
506 3309 652 3361 intus
676 3318 793 3362 crat
818 3307 1173 3367 comburunt.
1210 3306 1285 3361 ita
1319 3315 1382 3360 ut
1422 3305 1639 3360 ﬂamma
1668 3305 1737 3370 ad
1771 3306 1914 3361 mul-

344 3409 453 3454 tam
485 3410 701 3456 noctem
726 3416 824 3472 per
849 3415 998 3455 mare
1018 3414 1239 3455 sursum
1263 3399 1481 3455 sublata
1515 3398 1804 3455 reluxerit.

412 3582 506 3637 Ill.
537 3582 673 3637 Dum
704 3582 792 3637 isti
836 3582 890 3636 in
928 3581 1016 3637 his
1056 3588 1421 3652 occupantur,
1462 3579 1645 3636 Latini
1680 3580 1825 3637 inter
1853 3595 1914 3637 se

342 3676 690 3740 deliberant,
727 3690 926 3744 magno
971 3689 1228 3730 curarum
1277 3682 1414 3729 aestu
1462 3672 1828 3739 ﬂuctuantes,
1858 3681 1916 3728 et

342 3777 652 3823 extremum
699 3767 903 3821 salutis
953 3782 1067 3822 suae
1105 3766 1403 3822 discrimen
1439 3748 1650 3820 tantum
1681 3781 1790 3821 non
1840 3766 1915 3822 ob

346 3861 539 3914 oculos
574 3859 812 3930 positum
845 3860 1144 3917 intuentes.
1177 3859 1283 3914 Alii
1309 3857 1492 3928 itaque
1520 3873 1713 3913 omnes
1745 3856 1918 3913 tutius

346 3969 466 4009 csse
495 3953 812 4008 statuebant
838 3951 978 4007 mari
1017 3952 1285 4008 excedere
1314 3959 1372 4006 et
1399 3950 1684 4005 castellum
1711 3950 1913 4007 tutari:

347 4058 453 4098 nec
479 4044 625 4099 enim
668 4059 825 4112 posse
850 4061 909 4102 se
946 4061 1060 4117 pm
1105 4044 1393 4100 hominum
1420 4044 1696 4114 paucitate
1724 4042 1780 4097 in
1806 4042 1917 4097 duo

350 4135 489 4190 bella
520 4136 787 4201 distrahi,
842 4146 988 4192 terra
1044 4137 1208 4193 simul
1239 4135 1490 4207 marique
1543 4135 1740 4190 infesta
1768 4151 1786 4191 :
1819 4150 1920 4204 pu-

348 4243 509 4295 gnam
560 4227 761 4298 quippe
813 4227 1103 4284 adversam
1161 4236 1453 4298 utramque
1492 4228 1714 4299 potius,
1752 4241 1918 4297 quam

349 4322 577 4375 alteram
607 4300 906 4375 secundani
943 4320 1081 4376 lore.
1120 4320 1283 4376 Solus
1306 4319 1617 4375 navarchus
1643 4319 1917 4376 constanti

348 4426 412 4464 ac
446 4427 709 4480 generosa
743 4411 912 4466 animi
971 4410 1258 4480 praesentia
1296 4409 1544 4465 omnium
1597 4409 1920 4465 adversatus

348 4514 434 4560 cst
462 4505 750 4560 sententiis
782 4522 798 4560 :
832 4503 1264 4560 animadversam
1305 4503 1452 4559 enim
1477 4518 1508 4557 a
1538 4518 1597 4558 se
1626 4512 1683 4558 et
1711 4502 1919 4572 impro-

2014 3312 2145 3368 ἔνιοι
2181 3312 2293 3367 τῶν
2333 3311 2550 3368 ναυτῶν
2591 3312 2656 3365 ἐκ
2698 3311 2800 3381 τῆς
2843 3310 3112 3381 τριήρους
3154 3310 3261 3379 τήν
3301 3324 3365 3362 τε
3396 3307 3577 3361 ὁλκάδα

2014 3404 2325 3474 ὑφάπτουσι
2358 3404 2452 3460 καὶ
2479 3405 2607 3467 τοὺς
2635 3401 2787 3456 ινδον
2830 3401 3082 3464 ἅπαντας
3114 3400 3450 3472 ὲμπιπρῶσι
3478 3398 3575 3471 (5),

2014 3496 2112 3553 καὶ
2135 3497 2169 3567 ή
2198 3496 2329 3565 φλὸξ
2355 3498 2519 3567 ήρετο
2550 3494 2812 3563 πελάγιος
2837 3492 2931 3547 ἐπὶ
2967 3491 3137 3565 πολλῇ
3168 3495 3237 3564 τῇ
3271 3491 3454 3548 νυκτί.

2082 3589 2160 3645 1'".
2203 3586 2424 3642 Τούτων
2470 3586 2520 3638 δ’
2567 3586 2986 3657 ἀσχολουμένων
3034 3585 3168 3657 περ).
3214 3583 3420 3648 ταῦτα,
3449 3580 3578 3637 κατά

2019 3684 2159 3753 σφᾶς
2188 3682 2387 3745 αὐτοὺς
2422 3679 2778 3734 ἐϐουλεύοντο
2807 3680 2857 3732 oi
2883 3679 3131 3740 Λατῖνοι,
3165 3676 3377 3745 πολλὴν
3405 3692 3576 3746 τρικυο

2019 3778 2148 3848 μίαν
2177 3775 2392 3846 ἔχοντες
2417 3773 2698 3841 λογισμῶν
2721 3774 2820 3826 καὶ
2846 3772 2978 3834 τους
3009 3771 3287 3842 ἐσχάτους
3313 3767 3582 3828 κινδύνους

2017 3868 2168 3935 σφῶν
2190 3867 2371 3920 αὒτῶν
2412 3865 2638 3936 μονονοὺ
2686 3862 2794 3935 πρὸ
2832 3862 3130 3932 ὀφθαλμῶν
3171 3862 3503 3930 ἱσταμένους
3531 3861 3579 3912 ό·

2020 3961 2242 4032 ρῶντες.
2273 3959 2337 4012 Ol
2364 3957 2464 4028 μὲν
2492 3955 2586 4010 οὖν
2614 3956 2768 4011 ἄλλοι
2792 3956 2998 4021 πάντες
3022 3954 3441 4025 ἀσφαλέστερον
3458 3947 3581 4005 εἶναι

2017 4050 2363 4123 ἐψηφίζοντο,
2393 4048 2800 4112 καταλιπόντας
2838 4048 2939 4118 τήν
2987 4046 3267 4101 θάλατταν
3313 4045 3582 4115 φυλάττειν

2015 4144 2079 4197 ea
2131 4141 2424 4212 φρούριον
2483 4140 2624 4211 μηδὲ
2686 4139 2796 4209 γὰρ
2824 4138 3088 4193 δύνασθαι
3135 4137 3205 4193 δι’
3253 4124 3582 4206 ὀλιγανδρίαν

2019 4235 2155 4308 πρὸς
2175 4235 2268 4289 δύο
2298 4232 2616 4304 μερίζεσθαι
2645 4234 2849 4304 μάχας,
2879 4230 3017 4301 ὁμοῦ
3053 4230 3196 4284 κατά
3231 4230 3393 4299 σφῶν
3417 4227 3586 4282 Emod-

2021 4344 2120 4391 σας
2153 4325 2216 4380 ἐκ
2252 4342 2314 4379 τε
2344 4325 2447 4396 γῆς
2478 4324 2572 4379 καὶ
2606 4323 2879 4394 θαλάττης
2899 4333 2919 4352 ⁸
2946 4322 3145 4376 θᾶττον
3176 4321 3387 4391 μεντᾶν
3415 4320 3585 4373 ἑκατέ-

2025 4435 2133 4490 ρων
2165 4419 2482 4488 ἀποτυχεῐν,
2518 4415 2551 4487 ἢ
2605 4415 2736 4485 μιᾶς
2765 4431 2912 4479 τινος
2946 4412 3213 4482 εὐμενοῦς
3247 4412 3583 4481 πειραθῆναι.

2020 4509 2195 4570 Μόνος
2225 4506 2271 4567 δ’
2303 4509 2331 4561 ό
2377 4505 2648 4577 ναύαρχος
2685 4505 2823 4576 μετά
2872 4503 3137 4574 σταθεροῦ
3190 4503 3291 4556 καὶ
3338 4500 3575 4569 γενναίου

350 4598 532 4652 batam
580 4597 747 4653 fuisse
776 4597 1108 4668 imperitiam
1136 4596 1394 4651 Romanae
1423 4594 1635 4658 classis,
1682 4610 1804 4665 qum
1824 4609 1909 4649 su-

2022 4598 2116 4652 τοῦ
2143 4597 2244 4668 τῆς
2263 4596 2441 4668 ψυχῆς
2473 4594 2908 4665 παραστήματος
2934 4595 3057 4656 ταῖς
3089 4592 3317 4646 πάντων
3346 4590 3586 4656 ἀντέλεγε

350 4690 556 4759 periori
590 4691 679 4745 die
709 4705 1054 4761 nequaquam
1089 4688 1394 4744 secundum
1428 4687 1719 4744 militarem
1750 4688 1927 4758 legem

350 4790 407 4836 et
430 4782 681 4838 solvisset
702 4793 758 4839 et
781 4784 849 4838 ad
879 4793 1095 4854 portum
1123 4782 1352 4852 appulsa
1391 4792 1570 4848 esset;
1631 4788 1928 4852 eapropter

353 4890 462 4930 non
484 4876 642 4946 longe
665 4891 694 4929 a
714 4875 925 4930 meliori
945 4890 1041 4944 spe
1066 4873 1259 4929 abesse
1282 4890 1361 4930 se.
1386 4875 1522 4931 Cum
1542 4874 1709 4944 igitur
1732 4874 1929 4955 virium

354 4971 595 5024 maxima
629 4984 756 5039 pars
802 4977 901 5023 aut
932 4981 1127 5022 omnes
1175 4967 1358 5038 potius
1398 4967 1543 5022 vires
1571 4967 1623 5021 in
1649 4967 1784 5023 mari
1814 4968 1932 5022 sit't:

352 5069 559 5124 essent,
595 5058 650 5113 in
685 5072 754 5114 eo
777 5057 961 5113 aiebat
985 5065 1262 5128 oportere,
1288 5056 1333 5112 si
1363 5074 1472 5113 non
1502 5072 1686 5125 omne,
1728 5066 1785 5112 at
1822 5072 1923 5128 po-

357 5151 629 5207 tissimum
667 5150 837 5221 860
865 5149 1106 5205 studium
1137 5164 1364 5222 ponere.

2024 4689 2251 4760 ψήφοις.
2289 4687 2760 4756 Κατασκέψασοαι
2787 4686 2894 4756 γάρ
2926 4685 3135 4753 ἔφασκε
3179 4684 3277 4737 καὶ
3317 4681 3589 4748 καταγνῶ-

2027 4801 2116 4837 ναι
2144 4781 2241 4837 τοῦ
2281 4778 2590 4850 Ῥωμαϊκοῦ
2627 4778 2747 4832 στό)
2760 4794 2823 4832 ου
2855 4776 3057 4848 πολλὴν
3087 4775 3375 4847 ἀπειρίαν,
3407 4774 3588 4840 ἀναγο-

2030 4878 2197 4948 μένου
2247 4892 2309 4928 τε
2342 4874 2439 4928 καὶ
2489 4872 2849 4941 καταίροντος
2878 4874 2946 4943 τῇ
3002 4869 3312 4942 προτεραίᾳ
3338 4868 3415 4938 μὴ
3466 4864 3589 4921 κατὰ

2028 4971 2232 5042 νόμους
2267 4966 2694 5040 στρατηγικοὺς,
2731 4965 2830 5019 καὶ
2848 4964 2910 5017 ού
2935 4964 3128 5035 πόρρω
3156 4961 3246 5015 διὰ
3274 4958 3452 5014 ταῦτα
3468 4975 3589 5029 χρηο

2028 5068 2173 5116 στῶν
2217 5056 2359 5115 εἶναι
2404 5058 2659 5113 ἐλπίδων.
2711 5057 2824 5127 Τῆς
2881 5053 3013 5125 γοῦν
3078 5053 3330 5115 πλείονος
3392 5051 3588 5120 μοίρας,

2037 5153 2236 5224 μᾶλλον
2265 5153 2323 5205 δὲ
2352 5149 2449 5204 τοῦ
2493 5148 2694 5210 παντὸς
2729 5147 2967 5218 κράτους
2993 5145 3056 5199 ἓν
3099 5147 3167 5215 τῇ
3204 5142 3449 5212 θαλάττῃ
3490 5156 3590 5193 κει-

2039 5245 2227 5315 μένου,
2260 5239 2402 5296 εἶναι
2423 5242 2632 5311 ἔφασκε
2656 5238 2770 5293 δεῖν
2796 5237 3056 5300 ἐνταῦθα,
3086 5236 3137 5289 ει
3172 5236 3248 5307 μὴ
3270 5233 3374 5306 τὴν
3404 5233 3587 5291 πᾶσιν,

2034 5337 2135 5405 τὴν
2164 5334 2295 5404 γοῦν
2330 5333 2551 5387 πλείονα
2578 5331 2751 5386 θεῖναι
2778 5329 3041 5401 σπουδήν.

1659 5517 1663 5520 ν
1700 5488 2033 5550 Variorum
2067 5493 2256 5548 notas.

433 5624 616 5695 (1)οο
668 5623 882 5679 marino
934 5623 1051 5695 illo
1087 5621 1289 5682 Cornu,
1329 5617 1724 5695 seu_Ceratino
1776 5619 1923 5680 sinu,

360 5689 530 5766 multa
558 5695 766 5766 Gyllius
797 5695 955 5757 il)id.,
997 5693 1092 5766 lib.
1134 5709 1173 5757 ι,
1205 5708 1325 5766 cap.
1355 5691 1408 5745 5.
1436 5689 1652 5766 Bonna,

437 5765 514 5834 (‘2)
539 5758 694 5829 Quod
728 5766 893 5836 vulgo
919 5764 1180 5836 dicimus,
1198 5758 1400 5836 baisscr
1429 5760 1478 5814 le
1499 5758 1759 5836 pacillqn.
1783 5759 1929 5836 Illi-tn

364 5829 633 5904 Gregoras
662 5837 758 5891 lib.
788 5829 1050 5903 v'prioris
1080 5833 1348 5898 Historiae,
1374 5829 1508 5901 cap.
1531 5832 1585 5904 i_,
1646 5829 1933 5904 obnio_6;a-

371 5899 572 5960 πέτασε
604 5910 729 5971 τὲις¹
762 5899 974 5973 ὀθόνας,
1007 5904 1120 5957 ἀλλ’
1151 5905 1343 5975 ἔμενεν
1372 5899 1679 5974 ήρὲμοῦσα,
1731 5899 1825 5955 ubi
1852 5900 1935 5954 itt-

2039 5626 2250 5683 terpres
2274 5652 2290 5677 ,
2339 5610 2469 5666 velis
2528 5608 2794 5683 ttondian
2817 5604 3070 5683 expansis
3099 5616 3320 5683 :nmox,
3347 5595 3593 5683 τότεηκαὶ

2038 5666 2176 5755 565:3;
2202 5666 2584 5755 statueram“
2613 5680 2712 5740 τάς
2739 5666 2953 5742 ὀθόνας,
3012 5673 3281 5745 λαμϐάνει
3318 5666 3415 5739 τὴν
3452 5666 3593 5718 πολε·

2042 5754 2194 5826 μίαν.
2237 5754 2475 5826 poema.
2869 5817 2902 5826 η
3187 5822 3197 5826 _
3253 5812 3285 5826 ..

2116 5825 2191 5893 (ὃ)
2227 5823 2652 5893 Cantacuaenns
2678 5833 2792 5893 rem
2834 5817 2993 5871 aliter
3016 5822 3225 5881 narrat,
3252 5812 3354 5867 lib.
3381 5821 3453 5874 ιτ,
3484 5820 3587 5877 cap.

2049 5889 2134 5957 ll,
2174 5889 2293 5965 pag.
2336 5893 2438 5949 7-H
2472 5905 2524 5948 ct
2551 5890 2675 5947 745.
2723 5889 2932 5944 Botvnt.
