3920 6626
420 423 559 490 ῙὶΞΙ

815 422 891 494 la.
933 438 979 479 ο.
1028 424 1187 498 1349]

1404 431 1856 493 ΒΥΖΛΝΤΙΝᾸΞ
1895 431 2284 492 lllSTORl.‘E
2323 432 2470 492 LIB.
2512 431 2697 492 XVII.

2493 236 2515 256 δ

2775 423 2907 496 [ων.
2943 440 2986 478 ,1.
3029 438 3320 477 omnem.
3359 423 3416 495 5]
3532 424 3669 487 11:22

411 541 534 625 ταί.
558 556 617 592 τε
659 541 752 594 καὶ
806 543 867 594 τὸ
919 543 1122 615 θάρρος
1175 546 1231 597 ἐν
1272 548 1664 614 περιστάσεσιν
1706 548 1989 614 ἀκλόνητοι

2109 556 2362 609 tentant,
2416 555 2474 602 et
2542 544 2797 599 ﬁduciam
2856 543 3340 625 circumstantibus
3407 540 3668 614 periculis

413 614 557 699 ἐκεῖ.
594 632 703 684 Καὶ
739 632 847 705 γάρ
887 635 935 686 εί
979 639 1119 689 κατὰ
1160 636 1266 688 τῶν
1310 638 1606 707 ἀλλοτρίων
1653 638 1724 690 τά
1767 639 1994 693 τοιαῦτα

412 724 685 791 γινόμενα
718 722 813 775 ιῶν
839 725 1195 795 ἀδικημάτων
1223 726 1506 781 εὐθύνεται
1536 730 1671 799 πρὸς
1697 728 1791 781 τοῦ
1811 729 1993 782 κοινοῦ

404 812 690 865 δεσπότου
723 813 883 880 Θεοῦ,
920 816 1099 888 πολλῷ
1134 815 1219 890 [Ρ.
1251 817 1377 890 5H]
1413 819 1613 890 μᾶλλον
1640 822 1689 873 εί
1721 822 1996 891 ὁμόφυλον

403 903 512 973 ἐἴη
542 906 603 957 τέ
631 902 1006 976 ὁδικούμενον.

491 997 573 1054 γε’.
605 999 677 1052 Το
702 1001 755 1054 δὲ
786 1001 936 1069 ξένον
963 1000 1139 1057 ἐκεῖνο
1170 1003 1349 1075 θέαμα
1384 1004 1601 1075 βλέπων
1635 1005 1662 1058 δ
1693 1007 1798 1059 τῶν
1825 1007 1994 1060 Λατί-

409 1104 530 1140 νων
566 1092 837 1160 ναύαρχος
870 1092 1154 1162 πόρρωθεν
1188 1093 1249 1146 τὸ
1280 1095 1384 1161 μέν
1418 1095 1635 1165 πρῶτον
1681 1096 1995 1166 διηπορεῖτο

413 1180 545 1231 καθ’
578 1180 795 1245 ἐαυτδν,
829 1186 921 1234 καί
945 1202 1066 1238 τινα
1113 1185 1362 1255 ἐνόμιζεν
1400 1183 1540 1239 εἶναι
1572 1186 1863 1257 ύπόκριτιν
1900 1186 1996 1238 καὶ

409 1270 904 1343 δραματουργίαν·
956 1277 1148 1329 ἔπειτα
1206 1277 1349 1346 ἔγνω
1396 1269 1691 1348 θεομηνίαν
1739 1274 1879 1331 εἶναι
1933 1279 2033 1347 τὸ,

412 1367 658 1435 πρᾶγμα
690 1366 837 1437 σαφῆ
860 1383 871 1393 ·
908 1369 1000 1419 καὶ
1031 1369 1210 1438 ἡσυχῆ
1259 1370 1817 1441 παρακελευσάμενος
1844 1372 1997 1441 ἐρέτ-

408 1471 533 1509 τειν
571 1458 630 1510 τι
659 1457 755 1527 τῆς
796 1458 1109 1530 ἡγεμονίδος
1144 1462 1418 1532 πλήρωμα
1460 1463 1657 1534 προῄει
1688 1464 1996 1533 παραγγεῖ-

406 1549 519 1612 λας
549 1551 773 1606 ἕπεσθαι
805 1550 897 1604 καὶ
931 1553 1028 1617 τὰς
1068 1552 1232 1617 ἄλλας
1262 1555 1510 1626 τριήρεις
1549 1559 1800 1608 κατόπιν.
1842 1554 1993 1607 Ἐπεὶ

409 1638 463 1691 δ’
519 1641 686 1695 ἐλθὼν
741 1646 901 1708 κενὰς
943 1642 1040 1706 τὰς
1083 1644 1395 1715 Ῥωμαϊκὰς
1439 1646 1499 1698 τὸ
1550 1638 1813 1715 παράπαν
1868 1639 1991 1715 εὗρε

408 1736 690 1803 τριήρεις,
725 1736 1136 1805 ἀναδησάμενος
1182 1729 1329 1788 εἷλκέ
1375 1754 1434 1789 τε
1473 1738 1650 1799 πάσας
1684 1737 1864 1806 ἡρέμα
1900 1741 1992 1789 καὶ

411 1821 765 1891 ὑπέστρεφεν
790 1826 937 1891 ἄγων
964 1824 1020 1885 ἐς
1048 1823 1109 1875 τὸ
1146 1823 1249 1876 τῶν
1279 1825 1523 1878 Λατίνων
1556 1827 1789 1879 ἐπίνειον
1854 1828 1993 1894 πλὴν

2106 639 2486 693 inconcussam
2523 636 2749 690 faciunt.
2806 632 2940 688 Nam
3001 636 3045 689 si
3097 634 3367 705 ejusmodi
3397 633 3666 703 injurias,

2102 728 2269 783 etiam
2304 728 2628 797 alienigenis
2672 726 2860 787 factas,
2888 726 3196 780 communis
3223 726 3466 779 omnium
3497 724 3661 779 domi-

2104 836 2208 873 nus
2237 819 2384 874 Deus
2432 819 2744 882 ulciscitur,
2779 818 2950 871 multo
2996 817 3197 887 magis,
3234 817 3279 871 si
3316 817 3386 870 sit
3423 815 3668 886 ejusdem

2104 910 2282 980 gentis
2317 909 2367 963 id
2397 950 2414 976 ,
2454 909 2600 978 quod
2637 908 2889 978 injuriain
2924 924 3137 977 passum
3172 917 3278 962 est.

2173 999 2237 1055 γ.
2279 1000 2349 1054 At
2372 999 2447 1054 rei
2478 998 2821 1053 insolentiam
2847 1014 2877 1052 e
2903 998 3200 1068 longinquo
3225 996 3670 1052 animadvertcns

2102 1091 2421 1146 Latinorum
2470 1092 2787 1148 navarchns
2826 1091 3101 1159 ambigere
3136 1090 3311 1158 primo
3357 1104 3565 1153 secum,
3613 1097 3671 1142 ct

2101 1184 2390 1253 quamdam
2421 1200 2542 1238 esse
2565 1185 2616 1237 id
2647 1183 3051 1238 simulationem
3076 1182 3378 1250 fabulatque
3398 1181 3670 1236 actionem

2105 1286 2293 1343 putare
2320 1294 2335 1333 :
2366 1276 2564 1331 deinde
2600 1291 2896 1346 agnoscere
2927 1275 3166 1329 furorem
3207 1289 3327 1328 esse
3362 1274 3511 1327 illum
3552 1271 3668 1325 evi-

2102 1367 2320 1419 dentem
2375 1366 2496 1419 irati
2551 1366 2824 1421 Numinis.
2885 1366 3022 1419 Tum
3071 1380 3166 1420 eos
3217 1365 3310 1435 qui
3361 1364 3669 1434 praetoriam

2100 1456 2282 1509 navim
2319 1457 2926 1526 cmnplebant,'placide
2955 1465 3017 1510 ut
3045 1456 3371 1526 remigarent
3400 1456 3666 1518 hortatus,

2101 1549 2472 1616 progreditur,
2498 1549 2649 1616 sequi
2678 1549 2844 1617 jussis
2868 1557 2923 1601 et
2953 1548 3075 1602 aliis
3100 1564 3130 1602 a
3154 1562 3304 1618 tergo
3333 1548 3668 1601 triremibus.

2098 1636 2390 1708 Postquam
2424 1639 2665 1701 advenit,
2703 1651 2758 1693 et
2792 1641 3010 1710 penitus
3043 1656 3242 1694 vacuas
3272 1655 3437 1694 naves
3470 1640 3670 1694 Roma-

2101 1712 2198 1780 nas
2229 1729 2477 1795 oll'cndit,
2513 1731 2765 1799 religatas
2798 1746 2988 1785 omnes
3025 1731 3224 1784 sensim
3258 1730 3483 1784 trahens
3515 1731 3665 1785 cLad

2100 1819 2421 1874 Latinorum
2464 1824 2652 1875 navale
2683 1822 2957 1876 adducens
2984 1823 3297 1888 revertitur,
3325 1824 3568 1892 exceptis
3602 1822 3670 1876 iis

422 1910 557 1961 ὅσαι
596 1910 803 1980 Erepsi;
836 1930 895 1964 τε
928 1912 1023 1964 καὶ
1060 1914 1318 1982 μονήρεις
1371 1916 1468 1967 καὶ
1518 1915 1708 1984 λέμϐοι
1757 1916 1989 1984 πλήθους

2101 1914 2439 1976 triremibus,
2473 1915 2788 1968 moneribu~
2819 1926 2873 1967 et
2909 1915 3119 1977 lembis,
3153 1915 3244 1984 qui
3282 1931 3391 1982 pra:
3422 1915 3667 1969 multitu-

406 2002 586 2054 ἕνεκα
617 2000 904 2076 διαίρᾶσαι
935 2007 1034 2076 τὴν
1059 2006 1261 2060 άλωσιν
1296 2007 1575 2079 ύπερόριοι
1607 2009 1713 2061 τῶν
1734 2010 1998 2063 κινδύνων

410 2095 693 2162 ἐγένοντο.

496 2182 586 2254 ς’.
620 2184 838 2242 Τούτων
887 2190 932 2243 δ’
992 2192 1048 2256 ἐς
1101 2192 1258 2247 τοῦτο
1305 2194 1478 2265 τύχης
1527 2195 1993 2266 κατενεχθεισῶν,

410 2281 708 2347 ἐφαίνοντο
756 2285 1113 2339 ἐπιπλέουσαι
1162 2288 1266 2358 ἤδη
1305 2291 1399 2341 καί
1429 2289 1551 2341 ὅσαι
1592 2288 1744 2359 παρὰ
1782 2291 1877 2353 τὰς
1907 2292 1997 2342 ἐκο

412 2370 608 2438 δολάς,
641 2373 717 2436 ὡς
765 2377 1107 2446 είρήκειμεν,
1148 2380 1365 2433 ἵσταντο
1405 2381 1574 2434 πάλαι
1619 2381 1712 2433 τοῦ
1748 2380 1993 2451 ποταμοῦ

414 2465 673 2534 τριήρεις
699 2466 957 2536 μέγισται
991 2469 1089 2540 μὲν
1120 2474 1289 2541 τρεῖς,
1322 2473 1510 2542 μείους
1533 2473 1587 2526 δὲ
1621 2474 1990 2545 παμπληθεῖς.

429 2557 591 2612 Ἐπεὶ
623 2561 677 2614 δὲ
712 2565 849 2616 κατὰ
884 2564 1058 2635 μέσην
1108 2570 1399 2637 γενόμεναι
1445 2568 1541 2640 τὴν
1594 2572 1819 2638 πορείαν
1863 2572 1992 2640 ἐρή-

418 2667 565 2719 μους
586 2652 794 2723 ἀνδρῶν
823 2654 1123 2726 ἑλκομένας
1150 2653 1286 2713 εἶδον
1312 2660 1415 2713 ὑπὸ
1453 2661 1559 2713 τῶν
1591 2663 1867 2731 πολεμίων
1894 2665 1990 2727 τὰς

412 2738 727 2813 ὁμοφύλους
778 2746 935 2815 νῆας,
966 2748 1201 2820 ἔστησαν
1231 2748 1420 2822 ὥσπερ
1462 2755 1569 2806 τινί
1611 2755 1789 2826 νάρκῃ
1822 2756 1989 2831 πεδηθ-

416 2833 600 2888 θεῖσαι
645 2838 738 2891 καὶ
784 2839 859 2908 μὴ
901 2838 1198 2910 δυνάμεναι
1252 2844 1390 2911 μήτε
1418 2843 1607 2912 πρόσω
1657 2844 1783 2913 μήτ’
1815 2846 1988 2899 ὀπίσω

421 2928 700 2982 ποιεῖσθαι
737 2928 832 2984 τὸν
866 2930 1052 2998 πλοῦν,
1090 2932 1195 2996 ἕως
1245 2936 1357 2997 τοῖς
1401 2934 1608 3003 ὁμοίοις
1638 2940 1753 2998 ταῖς
1800 2937 1988 3001 ἄλλαις

419 3021 782 3091 περιέπιπτον
818 3025 911 3079 καὶ
938 3020 1096 3079 αὗται
1133 3030 1344 3090 κακοῖς.
1378 3020 1484 3080 Ἦν
1522 3028 1799 3096 γάρ’ίδείν
1825 3028 1985 3093 εὐθὺς

417 3114 517 3165 καὶ
561 3113 765 3168 τούτων
805 3112 950 3169 ἅπαν
984 3121 1044 3169 τὸ
1089 3118 1386 3188 πλήρωμα,
1441 3121 1809 3189 τριηράρχους
1846 3114 1983 3190 ego»:

416 3208 515 3256 καί
547 3205 767 3272 ναύτας,
810 3209 950 3261 κατὰ
976 3208 1218 3280 κεφαλῆς
1258 3212 1315 3273 ἐς
1362 3212 1633 3264 θάλατταν
1686 3213 1983 3277 πίπτοντας
2013 3255 2055 3309 C

414 3296 511 3350 τὸν
543 3298 727 3367 ὅμοιον
777 3302 888 3364 τοῖς
932 3302 1331 3371 προπεπονθόσι
1379 3304 1599 3372 τρόπον,
1643 3304 1773 3374 πρὶν
1818 3304 1849 3374 ἢ
1897 3321 1988 3372 γε·

419 3390 784 3458 γυμνωμένον
812 3392 1116 3445 θεάσασθαι
1144 3394 1297 3462 ξίφος
1323 3396 1418 3446 καὶ
1444 3399 1574 3465 πρὶν
1602 3396 1866 3466 πολεμίας
1895 3398 1985 3449 αξ-

422 3484 649 3535 σθέσθαι
683 3483 823 3547 τινὸς
853 3484 1181 3557 ἀπειλούσης
1220 3486 1370 3556 βοῆς.

492 3573 567 3629 Ζ’.
598 3576 920 3645 Διενείματο
956 3577 1000 3629 δ’
1036 3579 1238 3647 ὁμοίως
1287 3577 1349 3630 τὸ
1379 3579 1479 3646 τῆς
1532 3578 1733 3643 δειλίας
1770 3581 1985 3651 ἐκείνης

415 3662 589 3717 δεινὸν
626 3668 720 3716 καὶ
749 3668 861 3718 ὅσοι
896 3666 1048 3735 παρά
1079 3667 1167 3718 τὸν
1195 3667 1440 3734 αἰγιαλὸν
1475 3668 1566 3720 καί
1592 3670 1717 3731 τοὺς
1743 3669 1985 3740 πύργους

418 3754 565 3830 ἦσαν
595 3759 851 3822 ἑστῶτες.
882 3760 1075 3812 Μεστὰ
1099 3760 1208 3828 γὰρ
1237 3755 1303 3829 ἦν
1336 3760 1548 3813 ἅπαντα
1574 3761 1746 3832 ὀχλων
1772 3778 1984 3815 παντο-

416 3854 631 3917 δαπῶν,
685 3854 746 3904 ού
782 3853 943 3919 μόνον
996 3851 1062 3903 τά
1095 3850 1143 3903 τ’
1178 3850 1328 3904 ἔνδον
1358 3852 1541 3905 πυλῶν
1576 3856 1671 3906 καί
1724 3856 1823 3906 ὅσα
1875 3854 1984 3907 τῶν

414 3949 595 4010 ἐκτὸς,
631 3946 762 3997 αλλὰ
796 3945 888 3997 καὶ
918 3944 977 3996 τὸ
1027 3943 1168 3996 κατὰ
1213 3944 1309 4006 τὰς
1343 3944 1595 4009 ἐπάλξεις
1634 3945 1836 4016 πλῆθος
1890 3950 1984 4002 ἀν-

417 4034 559 4110 δρῶν
597 4036 827 4107 αριθμὸν
857 4037 1035 4089 πάντα
1066 4035 1232 4089 νικῶν
1259 4032 1326 4108 ἦν
1346 4053 1359 4068 ·
1388 4029 1462 4088 ὧν
1488 4036 1610 4090 οὕτε
1641 4037 1983 4107 σαλπιγκτὴς

416 4129 485 4204 ἦν
519 4149 625 4195 τις,
665 4128 788 4183 οὔτε
837 4146 888 4181 τι
937 4128 1234 4198 κύμϐαλον,
1266 4127 1376 4181 οὔτ’
1406 4128 1556 4181 οὐδὲν
1593 4130 1763 4181 ὁπόσα
1795 4130 1985 4182 εἴωθεν

419 4226 477 4274 ἐν
507 4221 767 4288 πολέμοις
796 4216 1099 4286 εὐθαγισοῦς
1131 4219 1562 4287 παραστήματος
1599 4217 1846 4284 γίνεσθαι
1874 4235 1983 4270 πα·-

421 4310 753 4383 ρακλῃτικά,
786 4309 953 4378 λήθης
978 4309 1194 4377 μακρᾶς
1221 4324 1363 4367 τινος
1393 4307 1500 4359 τῶν
1527 4309 1583 4359 ἐν
1610 4306 1819 4368 τούτοις
1845 4324 1984 4378 χρη-

426 4404 622 4471 σίμων,
666 4400 765 4452 οὐκ
800 4393 897 4450 οἶδ’
941 4395 1137 4447 ὁπόθεν
1178 4395 1268 4447 καὶ
1320 4394 1487 4460 ὅπως,
1519 4395 1985 4464 ἐπιπλανηθείσης

421 4492 558 4553 τέως
591 4489 685 4541 καὶ
718 4482 1137 4555 διανεμηθείσης
1167 4483 1266 4544 τὰς
1303 4481 1590 4552 Ῥωμαίων
1609 4480 1985 4552 ψυχάς.’Λλλὰ

2100 2005 2229 2058 dine
2274 2017 2568 2074 antequam
2610 2013 2940 2074 caperentur
2979 2007 3101 2075 fuga
3130 2006 3299 2075 elapsi
3333 2017 3483 2060 extra
3518 2007 3668 2077 peri-

2100 2097 2285 2148 culum
2313 2094 2423 2166 jam
2453 2106 2631 2150 erant.

2171 2188 2258 2243 Vl.
2295 2188 2431 2241 Cum
2490 2188 2573 2241 hac
2629 2187 2683 2241 in
2741 2202 2859 2241 eam
2914 2188 3275 2243 calamitatem
3325 2189 3663 2254 incidissent,

2098 2278 2468 2335 cernebantur
2519 2280 2816 2334 subeuntes
2839 2280 2951 2351 jam
2991 2292 3046 2334 ct
3094 2297 3171 2335 em
3219 2282 3493 2345 triremes,
3543 2290 3708 2353 quas

2099 2371 2334 2442 pridem,
2374 2380 2429 2424 ut
2466 2371 2725 2434 diximus,
2757 2368 2824 2424 ad
2860 2374 2996 2425 ostia
3037 2371 3187 2426 ﬂuvii
3221 2374 3456 2436 stabant,
3493 2376 3667 2427 maxi-

2098 2478 2194 2516 inze
2221 2464 2442 2532 quidem
2472 2473 2602 2528 tres,
2626 2467 2862 2519 minores
2890 2474 3069 2518 autem
3101 2465 3259 2531 longe
3284 2465 3548 2534 plurimm.
3574 2464 3665 2521 Ea:

2093 2548 2260 2622 864
2292 2552 2471 2605 medio
2506 2552 2558 2605 in
2605 2569 2792 2617 cursu,
2828 2569 3022 2607 vacuas
3065 2554 3380 2609 hominibus
3418 2556 3557 2611 trahi
3592 2558 3662 2611 ab

2094 2642 2345 2697 hostibus
2375 2659 2599 2697 suorum
2638 2660 2803 2698 nates
2838 2645 2929 2699 ubi
2962 2646 3238 2710 viderunt,
3270 2655 3471 2702 stetere
3503 2650 3662 2718 quasi

2092 2735 2378 2803 torpedine
2407 2734 2589 2803 aliqua
2632 2736 2963 2801 constrictae,
3001 2746 3058 2790 ut
3089 2739 3473 2820 nec\progredi
3520 2740 3661 2793 ultra

2090 2837 2331 2896 possent,
2362 2843 2463 2881 nec
2503 2828 2620 2882 vela
2656 2840 2955 2883 retrorsum
3004 2827 3156 2893 dare,
3194 2831 3367 2884 donec
3420 2831 3554 2900 ipsa:
3601 2832 3657 2885 in

2089 2919 2287 2972 similia
2320 2921 2458 2973 mala
2506 2919 2839 2974 inciderunt.
2876 2916 3011 2974 Nam
3052 2931 3105 2975 et
3139 2920 3403 2991 quidquid
3451 2921 3507 2975 in
3551 2921 3662 2976 illis

2089 3008 2374 3066 hominum
2414 3010 2540 3078 fuit,
2575 3029 2670 3066 eos
2716 3028 2908 3067 omnes
2946 3013 3136 3066 videre
3182 2994 3303 3067 brat
3345 3014 3656 3074 confestim,

2092 3102 2419 3156 trierarchos
2454 3102 2657 3177 pariter
2679 3113 2734 3156 et
2761 3112 2977 3165 nautas,
3015 3080 3156 3156 tiolvi
3188 3101 3242 3155 in
3276 3112 3459 3171 caput,
3493 3118 3659 3157 ruen-

2091 3198 2172 3243 tes
2205 3192 2257 3244 in
2287 3207 2457 3254 mare,
2496 3193 2687 3246 eodem
2730 3192 2891 3246 modo
2922 3203 3083 3260 atque
3109 3209 3204 3247 eos
3237 3195 3329 3262 qui
3361 3193 3505 3247 idem
3533 3205 3658 3248 ante

2087 3290 2228 3350 passi
2256 3284 2491 3348 fuerant,
2514 3294 2803 3353 antequam
2826 3290 3088 3337 nudatum
3109 3299 3296 3338 ensem
3322 3287 3653 3361 aspicerent,

2085 3384 2183 3429 aut
2207 3374 2502 3430 clamorem
2535 3375 2703 3429 ullum
2732 3374 2969 3429 hostium
3005 3374 3273 3430 minacem
3305 3376 3582 3431 audirent.

2155 3574 2275 3649 VH.
2297 3574 2635 3629 Pervadebat
2676 3583 2855 3631 autem
2889 3576 3092 3646 pariter
3142 3576 3231 3632 ille
3266 3584 3441 3632 terror
3467 3588 3523 3633 et
3556 3593 3655 3633 eos

2084 3682 2299 3731 omnes,
2348 3648 2441 3735 qui
2483 3668 2638 3736 juxta
2679 3666 2835 3721 littus
2880 3682 2945 3722 ac
2996 3683 3176 3723 turres
3216 3670 3451 3723 stabant.
3485 3670 3656 3724 Erant

2083 3774 2229 3814 enim
2276 3760 2459 3813 omnia
2515 3758 2662 3812 omni
2713 3759 2997 3821 hominum
3047 3776 3245 3829 genere
3291 3762 3495 3829 plena:
3550 3778 3656 3815 nee

2083 3851 2246 3905 modo
2287 3851 2428 3903 intra
2459 3862 2645 3920 portas
2670 3861 2722 3903 et
2747 3863 2926 3911 extra,
2961 3852 3061 3917 sed
3090 3861 3143 3929 et
3177 3854 3409 3905 suminis
3438 3854 3493 3904 in
3522 3867 3656 3907 inm-

2084 3947 2246 3997 nibus
2274 3942 2565 3997 multitudo
2594 3951 2713 3997 erat
2742 3944 2937 4012 quovis
2964 3959 3194 3997 nutnero
3220 3946 3433 4011 major”;
3464 3945 3528 3999 in.
3546 3960 3654 4013 qua

2085 4052 2188 4089 nec
2220 4036 2438 4089 tubicen
2473 4035 2782 4104 quisquam,
2825 4050 2925 4089 nec
2960 4036 3269 4105 cymbalum
3304 4041 3471 4089 utlnm
3510 4048 3651 4101 erat,

2085 4142 2261 4196 neque
2284 4126 2581 4196 quidquam
2604 4141 2794 4180 eorum
2814 4142 2935 4195 quae
2962 4128 3135 4181 solent
3164 4128 3219 4181 in
3253 4128 3396 4182 bello
3426 4144 3657 4197 praeui.-

2085 4220 2155 4271 tis
2204 4218 2372 4271 animi
2423 4218 2592 4271 robur
2629 4217 2896 4273 excitare.
2940 4218 3161 4273 Scilicet
3202 4234 3390 4272 earum
3444 4235 3652 4285 rerum,

2084 4324 2205 4377 qua:
2257 4321 2368 4361 tum
2420 4307 2581 4362 utiles
2624 4309 2879 4371 fuissent,
2912 4326 3104 4379 magna
3156 4312 3406 4379 quamam
3451 4312 3656 4365 oblivio

2086 4402 2458 4454 ltoinanorum
2515 4399 2746 4465 animos,
2799 4400 2986 4453 nescio
3045 4401 3190 4454 unde
3245 4410 3301 4455 et
3354 4404 3651 4470 quomodo,

2088 4493 2361 4546 invaserat
2412 4500 2467 4545 et
2513 4502 2860 4559 corruperat;
2913 4507 2978 4545 ac
3027 4492 3388 4561 respiratione
3425 4504 3655 4564 excepta
3738 4481 3751 4495 ’

423 4580 563 4647 πλὴν
594 4575 690 4629 τοῦ
734 4573 992 4628 ἀναπνεῖν
1039 4570 1299 4645 ἄντικρυς
1338 4565 1481 4623 εἶναι
1514 4571 1713 4632 πάντες
1763 4570 1981 4622 ἐδόκουν

2096 4585 2462 4655 mortuiplane
2479 4600 2671 4639 omnes
2688 4596 2807 4638 esse
2830 4584 3178 4649 videbantur,
3208 4588 3488 4641 trudentes
3515 4588 3655 4642 alios

419 4674 642 4742 v‘sxpot'
681 4664 1078 4736 συνωθούμενοί
1132 4675 1194 4731 γε
1245 4663 1353 4731 μὴν
1405 4660 1497 4714 ὑπ’
1532 4661 1772 4731 ἀλλήλων
1810 4665 1867 4715 ἐν
1915 4664 1980 4733 τῇ

419 4769 557 4836 πρὸς
601 4763 668 4814 τά
700 4760 845 4813 ἔνδον
889 4760 1034 4827 φυγῇ
1080 4753 1406 4808 συνέπιπτον
1436 4768 1495 4804 τε
1528 4753 1623 4805 καὶ
1647 4754 1984 4805 συνεπάτουν

420 4858 712 4927 ἀλλήλους,
742 4852 1028 4906 καὶταῦτα
1067 4851 1162 4902 καὶ
1191 4849 1371 4900 αὐτῶν
1396 4846 1504 4900 τῶν
1535 4847 1809 4916 πολεμίων
1831 4848 1987 4915 ἐστη-

422 4952 620 5011 κότων,
652 4945 747 4999 καὶ
773 4938 1062 5011 θεωμένων
1109 4940 1335 5002 ἀτενῶς,
1379 4937 1473 4990 καὶ
1518 4936 1724 5006 σφόδρα
1751 4938 1885 5005 πρὸς
1922 4935 1985 4987 τὸ

421 5039 517 5093 τοῦ
540 5038 815 5109 δράματος
846 5033 1314 5101 ἐκπεπληγμένων
1337 5027 1641 5101 παράδοξον
1670 5045 1685 5059 ·
1715 5028 1854 5082 ὥστε
1891 5030 1986 5083 καὶ

420 5134 542 5186 δέον
580 5126 806 5199 σκιρτᾷν
838 5125 1080 5188 ἐκείνους
1135 5123 1239 5174 ὑπὸ
1284 5123 1380 5190 τῆς
1443 5121 1685 5191 μεγάλης
1732 5120 1984 5190 εὐτυχίας

423 5225 660 5291 ἐκείνης,
691 5220 801 5274 τῶν
842 5219 899 5271 δέ
944 5218 1037 5269 καὶ
1085 5215 1275 5286 ἠλέουν
1319 5215 1455 5267 ἔνιοι
1495 5214 1621 5277 τοὺς
1656 5214 1981 5282 πάσχοντας,

425 5319 519 5372 καὶ
552 5315 744 5384 στῆναι
771 5310 1222 5382 παρεκελεύοντο,
1256 5309 1350 5361 καὶ
1382 5308 1520 5374 σφᾶς
1551 5306 1749 5366 αὐτοὺς
1783 5306 1986 5358 οἰκτεί-

425 5428 543 5483 ρειν
568 5409 665 5476 τῆς
690 5402 1067 5476 δαιμονιώδους
1096 5401 1262 5454 ἐὸόων
1288 5403 1515 5467 ταυτησὶ
1550 5402 1860 5469 συμφορᾶς,
1892 5400 1987 5451 καὶ

427 5503 502 5570 μὴ
514 5500 702 5573 μάτην
717 5497 860 5551 οὕτω
878 5486 1181 5566 προδιδόναι
1199 5488 1419 5564 μὶὸάὸ]
1438 5492 1679 5558 θανάτῳ,
1697 5491 1985 5553 διώκοντος

425 5593 680 5663 μηδενός.
709 5588 892 5649 Οὕτως
909 5584 1374 5655 ἀνυπέρϐλητοντδ
1397 5586 1495 5652 τῆς
1520 5600 1670 5652 συμφ
1688 5583 1819 5651 api;
1841 5583 1986 5634 ἐκεί-

428 5702 525 5753 νης
562 5683 755 5744 πάθος,
789 5683 882 5733 καὶ
916 5678 1081 5750 μηδὲν
1118 5674 1504 5736 καταλελοιπὸς
1532 5675 1639 5725 τῶν
1672 5672 1758 5742 ἐφ’
1779 5674 1986 5743 ὁμοίοις

427 5777 593 5831 πάλαι
648 5775 1124 5846 παραδειγμάτων,
1171 5769 1500 5841 ἁμιλλᾶσθαι
1551 5767 1750 5839 ῥᾳδίως
1810 5766 1986 5836 τούτῳ

424 5869 878 5941 παρατιθέμενον.

2085 4678 2275 4745 alium,
2306 4678 2436 4731 dum
2472 4679 2526 4732 in
2558 4678 2819 4731 interiora
2852 4676 3085 4746 fugiunt.
3110 4677 3578 4748 procidebantque
3600 4691 3655 4734 et

2086 4787 2146 4827 se
2198 4771 2427 4826 invicem
2476 4770 2860 4842 proterebant;
2912 4770 3077 4839 idque
3132 4786 3255 4825 eum
3314 4771 3500 4825 hostes
3548 4771 3651 4840 ipsi

2087 4872 2296 4917 starent
2325 4865 2633 4931 intentique
2658 4872 2997 4931 spectarent,
3025 4872 3077 4916 et
3103 4861 3172 4917 ad
3214 4864 3288 4915 rei
3318 4862 3651 4919 miraculum

2084 4954 2242 5009 valde
2269 4955 2723 5023 obstupescerent
2744 4971 2760 5019 ;
2784 4954 2857 5008 ita
2883 4963 2941 5008 ut
2959 4969 3097 5024 quos
3119 4955 3190 5010 ob
3209 4970 3465 5025 magnum
3496 4957 3652 5011 illum

2087 5064 2401 5104 successum
2433 5048 2707 5102 eXsultare
2743 5051 3009 5117 oportuit,
3042 5064 3109 5104 ex
3138 5049 3204 5103 iis
3227 5050 3477 5104 nonnulli
3512 5052 3655 5105 cala-

2087 5142 2316 5196 mitosos
2354 5140 2477 5195 illos
2517 5142 2934 5204 miserarentur,
2978 5150 3033 5196 et
3069 5153 3214 5195 stare
3242 5143 3521 5213 juberent,
3556 5142 3654 5198 ob-

2088 5242 2552 5302 testarenturque,
2603 5243 2661 5285 ut
2708 5232 2762 5285 in
2801 5230 2965 5302 865
3014 5233 3105 5287 illa
3134 5212 3297 5288 Elade
3346 5249 3377 5287 a
3426 5234 3654 5289 sinistro

2086 5324 2271 5393 aliquo
2298 5325 2460 5393 genio
2489 5324 2730 5377 inimissa
2767 5323 2914 5393 ipsos
2953 5325 3035 5379 sui
3062 5325 3368 5390 inisererct,
3400 5341 3536 5378 neve
3579 5325 3656 5379 ita

2089 5424 2293 5469 temere
2319 5419 2480 5469 vitam
2505 5414 2822 5484 proderent,
2849 5417 3066 5470 nemine
3091 5426 3478 5486 persequente.
3502 5417 3653 5470 Adeo
3693 5472 3701 5481 ,

2086 5507 2287 5558 malum
2358 5504 2491 5558 illud
2550 5503 2771 5556 modum
2835 5518 3052 5558 omnem
3112 5512 3452 5566 excesserat;
3514 5502 3651 5555 adeo

2084 5609 2297 5658 eorum,
2317 5608 2438 5662 qua:
2464 5608 2703 5662 unquam
2732 5595 2785 5647 in
2817 5595 2936 5661 pari
2967 5609 3129 5647 causa
3156 5594 3495 5655 acciderunt,
3518 5593 3652 5643 nihil

2086 5696 2226 5749 erat,
2268 5685 2414 5754 quod
2463 5699 2588 5740 cum
2635 5685 2743 5739 isto
2785 5685 3043 5739 collatum
3098 5683 3255 5737 facile
3293 5691 3480 5753 posset
3522 5698 3655 5735 con-

2088 5781 2332 5835 tendere.
