3920 6640
337 369 479 434 ι123
620 365 698 438 [Α.
745 382 800 420 tt.
834 366 995 434 6857,
1039 384 1147 423 tan.
1187 369 1242 440 ει]

1494 373 1912 436 NICEPHORI
1949 377 2340 440 GREGG'RAI
2429 335 2434 344 ’

2614 377 2744 450 [ων.
2785 393 2830 433 ι.
2872 355 3140 434 αλκ-[Αουί
3169 375 3250 448 5.]
3427 380 3556 446 1194

1761 459 1989 542 CAPUT
2031 489 2141 545 vu.

327 578 504 654 Latini
534 578 736 654 castelli
780 579 981 654 obsidio
1016 577 1600 654 soluta._0bsidentiu_rn
1653 582 1784 654 fugai
1824 591 1870 634 et
1923 598 2129 654 pavor._
2161 583 2340 654 Latini
2386 585 2610 639 uictoria
2653 585 2922 640 moderate
2963 584 3083 648 uti;
3131 601 3310 654 pacem
3360 587 3562 654 petunt.

399 646 583 728 Legati
613 651 837 728 ab_urbe
865 647 1046 728 Genua
1084 649 1227 728 missi
1265 652 1500 703 veniunt.
1542 646 1743 728 Eorum
1768 653 2066 728 interventu
2088 651 2333 728 calami,
2367 672 2668 728 quanquam
2714 658 2951 721 uictores,
3007 646 3216 720 iniquas
3251 646 3396 724 pacis
3429 656 3562 728 leges

395 722 639 775 subeunt.
689 719 1054 789 Imperatmis,
1079 720 1135 771 in
1166 735 1405 772 summas
1447 723 1722 790 angustias
1753 721 1989 786 adducti,
2008 725 2234 777 -auimus
2277 719 2428 793 fortis
2475 719 2533 780 εί
2562 727 2806 780 invictus.

399 827 445 882 ι.
475 826 612 883 Cum
664 828 895 882 classem
930 842 999 881 eo
1049 831 1384 911 compulsam
1427 831 1678 885 viderent
1711 831 1770 897 ii,
1800 833 1893 900 qui

2067 838 2147 890 A'.
2187 838 2348 892 Ἀλλά
2415 840 2522 910 γὰρ
2552 841 2630 904 εἰς
2665 840 2826 892 τοῦτο
2884 840 3053 911 τύχης
3090 841 3180 894 τὶν
3217 841 3399 896 στόλον
3446 860 3568 898 συν-

329 918 398 973 ad
436 919 757 974 Latinorum
793 920 1080 974 castellum
1132 935 1162 974 e
1195 905 1492 991 longinquo
1529 937 1592 977 ac
1629 922 1901 992 superiori

328 1011 399 1066 de
445 1011 568 1066 loco
621 1012 1052 1080 Oppugnandum
1116 1013 1269 1066 missi
1325 1013 1565 1077 fuerant,
1622 1015 1906 1086 Byzantini

330 1103 556 1168 milites,
586 1111 642 1158 et
680 1103 1000 1173 quicunque
1030 1105 1238 1159 auxilio
1261 1105 1438 1160 vocati
1477 1105 1698 1161 fuerant
1733 1107 1908 1160 Thra-

327 1211 422 1250 ces
473 1211 538 1251 ac
569 1197 769 1262 Persae,
796 1195 862 1250 ad
913 1196 1017 1250 tria
1075 1196 1360 1250 hominum
1401 1198 1592 1261 millia,
1631 1198 1825 1253 eodem
1851 1208 1908 1255 et

329 1286 432 1355 ipsi
462 1295 672 1341 terrore
703 1285 966 1355 perculsi,
999 1286 1206 1342 relictis
1247 1297 1306 1342 et
1333 1288 1542 1358 clypeis
1573 1299 1630 1343 et
1655 1291 1824 1346 armis
1851 1300 1909 1346 et

327 1375 636 1429 machinis.
690 1376 940 1443 palantes
991 1373 1401 1446 inordinatique
1452 1376 1731 1446 fugerunt,
1778 1393 1903 1432 cum

327 1481 492 1520 nemo
525 1475 695 1528 esset,
724 1467 819 1535 qui
869 1467 1068 1522 hostile
1097 1477 1192 1521 aut
1231 1478 1385 1523 atrox
1416 1470 1712 1540 quidquam
1743 1471 1908 1525 muti-

328 1567 448 1611 ret:
490 1573 594 1612 nec
645 1558 800 1626 prius
849 1557 1177 1626 substitere,
1212 1575 1378 1629 quam
1423 1560 1592 1617 ﬂuvio
1622 1561 1906 1620 celerrime

329 1647 556 1718 trajecto
585 1648 755 1704 libere
788 1649 1060 1718 respirare
1093 1652 1386 1722 coeperint.

399 1933 465 1988 ll.
523 1944 599 1989 Ac
647 1943 798 1990 Illius
829 1936 1053 2006 quidem
1100 1937 1302 1994 furoris
1366 1941 1534 1995 divini
1587 1958 1780 1998 causas
1813 1944 1905 1998 alii

327 2025 465 2081 alias
511 2028 893 2096 proponebant
930 2043 1098 2099 atque
1137 2033 1470 2087 statuebant.
1505 2035 1616 2102 Ego
1652 2052 1782 2091 vero
1814 2053 1908 2092 eas

328 2115 453 2169 aliis
508 2118 915 2172 enumerandas
978 2121 1308 2191 relinquam,
1367 2125 1783 2196 orationemque
1837 2127 1904 2182 ad

2006 929 2264 984 ελαθὲντα
2330 931 2622 1001 βλέποντες
2663 933 2713 986 οἰ
2760 932 3047 1004 πόρρωθεν
3123 933 3431 1005 πολιορκεῖν
3471 937 3564 1006 ἀφ’

2007 1020 2215 1091 ὑψηλοῦ
2267 1023 2329 1076 τὸ
2381 1025 2794 1090 τῶν,Λατίνων
2847 1027 3109 1098 φρούριον
3163 1029 3571 1100 ἐκπεμφθέντες

2010 1109 2345 1178 στρατιῶται
2372 1110 2686 1173 Βυζαντίων
2719 1130 2776 1165 τε
2817 1116 2912 1168 καί
2938 1115 3224 1193 ὅσοι.κατ’ἀ
3254 1117 3572 1205 συμμόαχίαν

2008 1197 2319 1268 ἐκλήθησαν
2383 1199 2596 1270 Θρᾷκες
2622 1202 2755 1271 -ἃμα
2808 1203 2903 1254 καὶ⁹
2959 1205 3186 1281 Πέρσαι,
3215 1197 3456 1281 χιλιάδές
3476 1272 3487 1281 _
3511 1208 3569 1259 οὐ

2009 1287 2197 1355 μείους
2226 1285 2335 1339 τῶν
2369 1287 2557 1358 τριῶν,
2582 1290 2694 1352 τοῖς
2721 1290 2932 1359 ὁμοίοις
2974 1275 3074 1345 καὶ
3096 1285 3242 1345 οὗτοι
3265 1275 3459 1356 δεῖνοῖς
3476 1275 3575 1347 ’πε-

2011 1379 2322 1447 ριέπιπτον,
2357 1381 2453 1432 καὶ
2499 1378 2727 1450 θυρεοὺς
2757 1382 3001 1447 ἐκείνους
3045 1385 3138 1436 καὶ
3167 1384 3310 1438 ὅπλα
3337 1385 3432 1438 καὶ
3474 1403 3576 1455 μη-

2006 1468 2309 1538 χανήματα
2359 1470 2874 1540 καταλιμπάνοντες
2919 1472 3150 1541 ἔφευγον
3196 1475 3469 1546 σποράδες
3515 1493 3574 1528 τε

2000 1560 2105 1613 ’καὶ
2131 1559 2481 1627 ἀσύντακτοι,
2513 1561 2932 1631 μηδενὸς-ὄντος
2971 1565 3067 1618 τοῦ
3110 1567 3372 1636 πολέμιόν
3393 1585 3451 1620 τι
3484 1570 3576 1622 καὶ

2009 1651 2203 1721 ἄγριον
2231 1650 2532 1720 γρύζοντος
2554 1666 2571 1682 ⁸
2600 1654 2696 1706 καὶ
2735 1653 2798 1707 οὐ
2833 1657 3102 1726 πρότερον
3147 1656 3404 1728 ἔστησαν,
3444 1660 3576 1728 πρὶν

2011 1745 2222 1815 σπουδῇ
2250 1744 2343 1796 τὸν
2369 1744 2616 1816 ποταμὸν
2644 1746 2930 1813 διαϐάντες
2958 1750 3267 1823 ἐλευθέριόν
3297 1771 3348 1807 τι
3382 1755 3577 1806 ἀνεπε-

2007 1852 2313 1891 πνευκεσαν
2338 1838 2463 1909 ήδη.

2081 1931 2157 1984 B’.
2190 1932 2304 2002 Τῆς
2340 1935 2522 2002 μέντοι
2555 1935 2854 2007 θεομηνίας
2880 1937 3114 2008 ταυτησὶ
3134 1942 3231 2002 τὰς
3262 1940 3446 2002 αἰτίας
3481 1939 3575 1992 άλ-

2008 2021 2092 2075 λοι
2130 2021 2298 2087 άλλας
2321 2024 2562 2079 ἐτίθεντο
2589 2043 2648 2078 τε
2681 2027 2776 2080 καὶ
2811 2027 3163 2099 ἐψηφίζοντο.
3202 2029 3342 2098 Ἐγὼ
3373 2031 3422 2083 δ’
3456 2030 3575 2082 ἐτέ-

2013 2133 2129 2186 ροις
2159 2119 2369 2181 ταύτας
2401 2120 2740 2190 ἀπαριθμεῖν
2769 2123 2930 2191 ἀφεὶς
2969 2123 3061 2178 τὸν
3093 2123 3250 2192 λόγον
3292 2122 3379 2192 ἐφ’
3411 2125 3577 2195 ἕτερα

325 2209 432 2264 alia
483 2223 844 2268 convertamr
880 2214 1063 2270 Unum
1113 2226 1293 2273 tamen
1345 2219 1448 2274 hoc
1494 2221 1660 2284 addo,
1694 2224 1736 2276 si
1765 2223 1905 2279 forte

2012 2204 2321 2275 τρέψομαι·
2353 2207 2699 2295 τοῦτομόνον
2738 2189 3020 2278 προσθεὶς,
3050 2209 3124 2273 ὡς
3154 2189 3201 2262 εἰ
3238 2189 3578 2280 θρασύτερον

327 2302 656 2360 audaciores
685 2305 868 2360 Latini
901 2319 1035 2363 tunc
1063 2310 1426 2375 exstitissent,
1458 2321 1515 2366 et
1547 2314 1786 2369 maximo
1815 2316 1906 2369 iilo

331 2395 743 2468 improvisoque
775 2413 1034 2454 successu
1061 2401 1192 2457 elati
1224 2401 1496 2473 fugientes
1515 2403 1824 2475 Byzantios,
1853 2416 1908 2460 et

327 2501 359 2542 a
395 2503 456 2543 se
520 2488 759 2544 invicem
812 2490 1117 2546 fmdissime
1176 2494 1550 2562 proculcatos,
1602 2496 1667 2550 ad
1723 2506 1907 2566 portas

327 2595 503 2648 usque
563 2582 839 2651 persecuti
888 2593 1095 2645 essent.
1130 2599 1321 2654 parum
1359 2586 1680 2642 abfuturum
1734 2589 1905 2646 fuisse

327 2672 462 2740 quin
493 2672 604 2728 illic
664 2675 885 2742 penitus
920 2674 1306 2744 proﬂigaretur
1333 2681 1610 2734 variorum
1642 2689 1698 2735 et
1725 2681 1905 2737 omnis

328 2764 549 2833 generis
581 2763 869 2818 hominum
917 2766 1232 2822 multitudo.
1263 2766 1369 2823 Sed
1402 2769 1540 2824 iram
1574 2786 1726 2826 suam
1760 2771 1906 2828 Deus

328 2853 602 2910 continuit
635 2855 967 2927 Latinosque
1002 2859 1238 2928 induxit,
1270 2870 1331 2914 ut
1367 2861 1594 2917 victoria
1625 2864 1906 2920 moderate

330 2955 638 3012 uterentur,
680 2962 744 3002 ac
782 2963 891 3002 non
933 2949 1165 3004 aliorum
1199 2951 1462 3007 adversos
1486 2967 1650 3010 casus
1675 2955 1754 3010 rei
1783 2972 1813 3010 a
1846 2972 1906 3012 se

328 3039 468 3092 bene
498 3049 661 3108 gesta!
688 3039 927 3095 fructum
955 3052 1232 3112 putarent,
1257 3044 1350 3114 qui
1373 3045 1440 3099 ad
1464 3048 1907 3118 tropaeumm

329 3128 462 3182 illud
495 3130 828 3200 insperatum
863 3133 998 3186 nihil
1026 3149 1251 3203 prorsus
1287 3149 1388 3190 nec
1414 3136 1671 3191 militaris
1700 3152 1902 3207 operae,

331 3232 434 3272 nec
471 3219 691 3274 solertis
721 3220 1148 3277 machinamenti
1191 3225 1563 3280 contulissent
1592 3239 1606 3277 :
1636 3227 1731 3279 sed
1763 3242 1903 3297 opus

331 3311 428 3366 Dei
456 3327 578 3367 esse
605 3321 934 3382 statuerent,
981 3316 1274 3371 humanam
1321 3318 1655 3390 diligentiam
1694 3319 1903 3373 [utilem

329 3401 686 3468 declarantis,
716 3414 987 3458 eteorum
1013 3406 1107 3475 qui
1142 3423 1200 3463 se
1227 3408 1374 3479 ipsos
1400 3413 1681 3482 magniﬁce
1707 3413 1906 3467 ederre

2008 2297 2140 2360 ἴσως
2175 2299 2222 2350 οἱ
2248 2298 2467 2352 Λατῖνοι
2497 2301 2619 2352 τότε
2653 2300 2970 2367 διετίθεντο,
3000 2305 3096 2356 κα)⁵
3124 2301 3202 2373 τῷ
3225 2302 3374 2369 παρά
3402 2319 3579 2372 προσ-

2008 2388 2196 2442 δοκίαν
2235 2391 2415 2444 πᾶσαν
2447 2392 2689 2462 μεγίστῳ
2723 2392 3057 2463 ἐπαρθέντες
3085 2394 3429 2464 εὐτυχήματι
3452 2412 3577 2448 του-

2006 2482 2108 2552 τῳί
2143 2482 2470 2546 Βυζαντίους
2497 2484 2797 2553 φεύγοντας
2828 2487 2926 2539 καὶ
2967 2483 3059 2538 ὑπ’
3089 2486 3333 2557 ἀλλήλων
3363 2486 3578 2550 ἀκλεῶς

2007 2575 2528 2644 καταπατουμένους
2576 2577 2705 2646 άχρι
2754 2577 2942 2631 πυλῶν
2990 2577 3234 2643 ἐδίωκον,
3284 2578 3472 2647 ὀλίγου
3514 2579 3578 2632 ἂν

2009 2665 2198 2736 ἐδέησε
2229 2667 2434 2737 πλῆθος
2457 2669 2578 2721 ἐκεῖ
2608 2667 2980 2738 διαφθαρῆναι
3010 2669 3282 2724 παντοίων
3309 2672 3407 2723 καὶ
3437 2687 3579 2724 παν-

2006 2757 2256 2813 τοδαπῶν
2293 2758 2620 2830 ἀνθρώπων.
2660 2759 2800 2812 Ἀλλ’
2830 2761 3030 2831 ἐπέσχε
3064 2761 3264 2831 Κύριος
3286 2762 3376 2816 τιν
3405 2763 3578 2833 θυμὸν

2006 2851 2199 2914 αὺτοῦ,
2233 2851 2326 2904 καί
2365 2853 2566 2922 μέτρια
2616 2854 2756 2918 σφᾶς
2808 2852 2970 2916 εὐθὺς
3010 2853 3295 2906 ἐπεπείκει
3330 2858 3576 2924 φρονεῖν,

2007 2945 2203 3016 καὶμὴ
2239 2947 2340 3010 τάς
2379 2946 2664 3016 ἀλλοτρίας
2715 2948 2884 3018 τύχας
2923 2948 3033 3000 ῐδια
3079 2947 3325 3018 νομίζειν
3365 2951 3578 3002 ἑαυτῶν

2007 3039 2386 3108 εὐτυχήματα,
2417 3041 2583 3109 μηδὲν
2613 3043 2675 3101 ἐς
2701 3039 2760 3092 τὸ
2787 3039 3096 3110 παράλογον
3124 3040 3282 3094 τοῦτο
3313 3045 3578 3110 τρόπαιον

2006 3131 2140 3192 ὅλως
2165 3131 2386 3183 ἔνοπλον
2417 3132 2836 3200 εἰσενεγκόντων
2888 3133 3105 3202 ἐργονῆ
3140 3133 3359 3186 συνετὸν
3398 3137 3578 3205 μηχά-

2006 3238 2178 3290 νημα,
2220 3221 2335 3273 ἀλλ’
2385 3220 2605 3290 ἄθυρμα
2657 3219 2854 3290 σαθρὸν
2903 3221 3038 3274 Θεοῦ
3084 3222 3182 3293 τὴν
3225 3221 3577 3294 ἀνθρωπίνην

2005 3313 2314 3377 δεικνύντος
2342 3315 2579 3381 σπουδὴν
2611 3316 2704 3365 καὶ
2753 3313 2964 3379 γέλωτα
3005 3315 3150 3383 σαφῆ
3181 3314 3282 3385 τὴν
3334 3315 3447 3367 τῶν
3480 3333 3576 3386 με-

2008 3405 2372 3474 γαλοφρονεῖν
2408 3403 2493 3472 ἐφ’
2539 3405 2755 3466 ἑαυτοῖς
2803 3392 2904 3455 οὐκ
2935 3403 3238 3456 ὀκνούντων
3263 3404 3463 3472 ὀφρύν.
3488 3407 3576 3457 Διὸ

332 3508 440 3546 non
494 3494 772 3558 dubitant,
820 3499 1187 3569 arrogantiam
1247 3517 1461 3557 merum
1509 3518 1633 3559 esse
1680 3506 1902 3560 mimum

2012 3492 2108 3546 καὶ
2147 3491 2464 3560 πέμψαντες
2497 3491 2660 3553 εὐθὺς
2691 3493 2749 3552 ἐς
2789 3491 3014 3558 βασιλέα
3045 3490 3141 3559 τὴν
3173 3493 3448 3561 προτέραν
3479 3489 3574 3547 αὖ·

331 3585 692 3641 ostendentis.
749 3587 1018 3644 Miserunt
1063 3591 1248 3662 itaque
1278 3595 1462 3648 statim
1504 3595 1574 3650 ad
1608 3597 1906 3667 imperato-

332 3691 470 3738 rem,
512 3677 606 3747 qui
651 3694 841 3748 pacem
883 3681 1066 3734 itidem
1110 3691 1172 3735 ut
1210 3693 1394 3750 antea,
1434 3687 1529 3742 sed
1569 3702 1676 3745 nOn
1713 3686 1906 3745 iisdem

334 3769 770 3836 conditionibus,
811 3772 993 3826 denuo
1021 3785 1398 3843 exposcerent.

406 3861 496 3915 Ill.
527 3858 780 3916 Nondum
815 3864 914 3917 toti
956 3875 1194 3934 quatuor
1220 3881 1287 3921 ex
1324 3883 1390 3922 eo
1420 3867 1539 3923 dies
1564 3871 1905 3940 efﬂuxerant,

335 3969 460 4008 cum
495 3954 737 4008 triremis
793 3971 898 4008 una
948 3956 1226 4025 expedita,
1257 3957 1327 4012 ad
1365 3958 1659 4017 Galatazum
1709 3967 1909 4021 castel-

334 4047 448 4101 lum
482 4046 737 4116 appulsa,
789 4045 997 4116 legatos
1046 4048 1114 4101 ab
1150 4049 1286 4103 urbe
1328 4049 1515 4105 Genua
1543 4053 1779 4122 advexit,
1812 4059 1906 4128 qui

335 4137 719 4209 Byzantiorum
764 4137 1033 4191 voluntati
1074 4154 1174 4208 per
1215 4139 1398 4195 omnia
1448 4141 1592 4198 ultro
1629 4147 1908 4204 satisface-

335 4239 491 4295 rent;
563 4244 628 4284 ac
679 4229 1035 4285 restituerent
1098 4231 1321 4301 quidem
1377 4235 1648 4306 quidquid
1700 4238 1905 4308 Latini,

336 4321 578 4391 prepriis
644 4321 914 4376 limitibus
970 4324 1305 4394 propagatis,
1359 4342 1429 4381 cx
1474 4343 1605 4398 agro
1659 4331 1908 4388 Romano

338 4422 741 4480 occupassent;
822 4411 1022 4466 deinde
1101 4413 1469 4483 rependerent
1514 4416 1582 4471 ad
1642 4418 1905 4488 plenum,

337 4501 600 4571 quidquid
641 4501 826 4555 damni
883 4501 1160 4571 Byzantiis
1209 4503 1544 4571 intulissent,
1589 4509 1910 4576 persolutis-

2013 3583 2098 3647 θις
2131 3583 2332 3653 ὁμοίως
2362 3581 2593 3653 ἐζήτουν
2616 3583 2863 3652 εἰρήνην,
2909 3583 2959 3634 εἰ
2995 3581 3091 3634 καὶ
3130 3580 3208 3653 μὴ
3246 3583 3333 3653 ἐφ’
3359 3587 3575 3655 ὁμοίας

2011 3676 2134 3737 ταῖς
2174 3676 2536 3744 συμφωνίαις.

2081 3851 2157 3906 Γ’.
2201 3852 2342 3906 Ἀλλ’
2391 3852 2544 3905 οὔπω
2587 3853 2851 3923 τέτταρες
2886 3855 3005 3908 ὅλαι
3043 3855 3324 3927 παρῆλθον
3367 3858 3574 3910 ἐκεῖθεν

2008 3948 2242 4017 ἡμέραι,
2275 3949 2371 4001 καὶ
2400 3947 2770 4000 κατέπλευσεν
2815 3950 2872 4009 ἐς
2909 3948 2969 4002 τὸ
3003 3948 3097 4002 τοῦ
3139 3949 3382 4002 Γαλάτου
3413 3951 3575 4020 epod-

2013 4056 2128 4110 ριον
2157 4041 2223 4091 ἐκ
2251 4039 2514 4100 Γεννούας
2544 4038 2957 4108 ταχυναυτοῦσα
2984 4039 3086 4108 μία
3128 4040 3384 4110 τριήρης,
3410 4042 3570 4111 πρέσ-

2010 4129 2129 4191 ϐεις
2179 4127 2386 4196 ἄγουσα
2439 4131 2564 4192 τοὺς
2624 4130 2803 4182 πάντα
2847 4129 3164 4190 τελέσοντας
3211 4130 3488 4199 ἀσμένως,
3539 4130 3574 4183 ἀ

2011 4220 2151 4290 πρὸς
2210 4218 2516 4290 βουλήσεως
2569 4219 2657 4289 εἴη
2705 4220 3043 4285 Βυζαντίοις.
3090 4221 3411 4276 Καταλῦσαι
3453 4222 3571 4292 μέν,

2009 4312 2134 4365 ὅσον
2165 4311 2367 4382 δηλαδὴ
2428 4313 2556 4374 τοὺς
2593 4314 2827 4376 οἰκείους
2860 4312 3302 4383 παρεκδαλόντες
3336 4315 3494 4382 ὅρους
3525 4312 3574 4365 οἰ

2009 4407 2234 4460 Λατῖνοι
2277 4405 2702 4474 παρακατέσχον
2753 4403 2848 4457 τοῦ
2887 4405 2994 4457 τῶν
3030 4404 3319 4475 Ῥωμαίων
3371 4404 3570 4457 τόπου·

2009 4497 2300 4550 ἀποδοῦναι
2329 4497 2384 4548 δὲ
2409 4498 2503 4550 καὶ
2539 4497 2606 4567 ἢν
2631 4498 2910 4568 ἐπήγαγον
2933 4497 3250 4562 Βυζαντίοις
3281 4497 3483 4568 ζημίαν
3518 4499 3572 4560 ἐς

337 4606 444 4660 que
495 4590 720 4660 insuper
771 4591 896 4660 plus
931 4606 1094 4661 quam
1127 4603 1349 4647 centum
1402 4595 1673 4660 millibus,
1717 4613 1905 4667 pacem

2012 4589 2067 4641 τὸ
2087 4588 2365 4650 ἀνενδεέςο
2397 4586 2479 4658 [Ρ.
2501 4586 2628 4660 546]
2658 4591 2751 4643 καὶ
2794 4587 2909 4658 ἅμα
2953 4587 3289 4657 προσθέντας
3319 4591 3573 4658 χρήματα

337 4684 622 4754 pristinam
679 4683 1037 4752 impetrarent
1069 4701 1084 4738 :
1117 4684 1370 4754 jurarent
1397 4687 1636 4757 denique
1664 4689 1906 4747 horribi-

337 4775 607 4829 lissimum
657 4775 1067 4846 jusjurandum,
1117 4793 1175 4831 se
1220 4793 1501 4848 nunquam
1533 4781 1601 4835 ad
1639 4783 1906 4852 ejusmodi

2008 4681 2190 4748 τυχεῖν
2216 4679 2316 4748 τῆς
2351 4681 2622 4750 προτέρας
2650 4680 2873 4748 εἰρήνης
2897 4676 3038 4746 ὑπὲρ
3073 4677 3172 4741 τὰς
3221 4675 3266 4748 ρ’
3297 4678 3536 4748 χιλιάδας
3555 4694 3569 4708 ·

2009 4772 2105 4823 καί
2131 4771 2327 4841 ὅρκους
2357 4771 2549 4824 ἔπειτα
2574 4770 2758 4825 δοῦναι
2788 4770 3267 4841 φρικωδεστάτους
3309 4770 3450 4840 ὑπὲρ
3483 4770 3569 4824 τοῦ

339 4882 509 4921 novas
574 4882 662 4921 res
717 4868 1021 4922 moliendas
1068 4867 1364 4924 abductum
1413 4871 1520 4938 iri;
1561 4874 1654 4927 sed
1710 4890 1901 4930 eorum

2014 4865 2210 4934 μηκέτι
2259 4863 2394 4932 πρὸς
2444 4863 2573 4925 ’.τοὺς
2639 4862 2857 4932 ὁμοίους
2919 4862 3287 4933 ἀπενεχθῆναι
3331 4879 3573 4933 νεωτερι-

338 4972 630 5022 memores,
677 4974 798 5026 quae
845 4960 946 5012 sibi
995 4969 1192 5028 praztcr
1223 4975 1372 5030 spem
1417 4963 1752 5029 evenissent,
1789 4983 1905 5020 rno-

337 5048 640 5104 deratiurcs
663 5049 779 5103 fore
804 5049 858 5103 in
878 5063 1178 5118 posterum.
1203 5051 1336 5106 Cum
1357 5063 1538 5108 autem
1568 5055 1604 5110 ii
1622 5056 1781 5127 legati
1810 5059 1905 5114 ad-

339 5141 640 5205 venissent,
694 5155 1028 5210 magnosque
1081 5143 1200 5196 illos
1220 5151 1275 5196 et
1307 5144 1614 5213 inopinatos
1669 5150 1906 5219 accepis-

340 5241 467 5288 sent
496 5247 720 5287 suorum
781 5247 1091 5298 successus,
1132 5243 1245 5288 tum
1275 5251 1494 5305 quoque
1527 5238 1904 5309 interposueic

339 5341 419 5389 se,
453 5335 509 5378 et
565 5333 625 5378 ut
657 5339 760 5393 pax
797 5323 888 5377 illa
944 5324 1120 5391 turpis
1174 5325 1326 5381 ﬁeret
1369 5342 1661 5392 curavcre;
1690 5331 1904 5400 qualem

340 5427 399 5473 et
431 5415 879 5485 Peloponnesios,
916 5415 1201 5470 Antaleida
1231 5429 1513 5487 regnante,
1541 5420 1750 5488 pridem
1778 5437 1902 5476 cum

342 5507 524 5562 Persis
554 5505 823 5576 pepigisse.
875 5505 1208 5574 accepimus,
1235 5506 1460 5561 classem
1509 5509 1714 5562 veritos
1741 5509 1909 5566 Athe-

341 5600 640 5667 niensium,
677 5598 771 5669 qui
803 5598 974 5654 maris
1001 5607 1116 5653 tum
1143 5607 1328 5670 aperte
1361 5599 1733 5672 potiebantur.

2014 4956 2218 5026 σμούς·
2252 4955 2387 5008 ἀλλά
2441 4955 2822 5026 μεμνημένους
2856 4955 2965 5007 τῶν
2997 4953 3129 5023 παρ’
3156 4953 3346 5006 ἐλπίδα
3365 4971 3570 5024 συμπε-

2010 5051 2306 5101 πτωκότων
2353 5046 2506 5116 σφίσι
2556 5047 2960 5117 μετριωτέρους
3015 5041 3157 5100 εἶναι
3213 5047 3308 5102 τοῦ
3364 5045 3567 5100 λοιποῦ.

2025 5141 2177 5193 Ἐπεὶ
2207 5139 2254 5192 δ’
2285 5137 2503 5191 ἐλθοῦσι
2534 5138 2813 5202 κάκείνοις
2839 5139 2900 5192 τὸ
2932 5139 3079 5208 μέγα
3103 5137 3263 5192 τοῦτο
3297 5139 3392 5193 καὶ
3429 5139 3572 5207 παρά

2013 5234 2210 5298 πᾶσαν
2231 5232 2498 5299 ἔγνωσται
2540 5228 2871 5298 προσδοκίαν
2925 5230 3036 5282 τῶν
3083 5230 3374 5300 ὁμοτύλων
3421 5229 3569 5282 εὐτύ-

2014 5342 2188 5394 χημα,
2229 5323 2423 5393 μέσοις
2451 5339 2512 5374 τε
2542 5323 2822 5391 γεγονέναι
2863 5322 3009 5375 δυοῖν
3053 5321 3459 5386 ξυνεπεπτώκει
3485 5321 3572 5374 καὶ

2008 5417 2105 5484 τὴν
2149 5413 2383 5482 αἰσχρὰν
2433 5413 2652 5482 ἐκείνην
2699 5413 2927 5484 εἰρήνην
2965 5416 3388 5485 παρασκευάσαι
3421 5415 3569 5479 ποιή-

2011 5500 2229 5566 σασθαι,
2251 5501 2442 5553 ὁποίαν
2476 5503 2570 5554 καὶ
2599 5499 3062 5565 Πελοποννησίους
3107 5502 3201 5553 ἐπὶ
3237 5499 3566 5554 ’Λνταλκίδου

2011 5592 2180 5644 πάλαι
2225 5591 2363 5662 πρὸς
2396 5590 2611 5662 Πέρσας
2652 5591 2940 5645 συνθέσθαι
2985 5591 3276 5662 ἀκούομεν,
3331 5594 3440 5646 δέει
3479 5591 3569 5658 τῆς

2014 5683 2269 5752 ναυτικῆς
2327 5683 2436 5736 τῶν
2486 5675 2797 5753 ’Δθηναίωιῖ
2842 5683 3126 5753 δυνάμεως
3183 5687 3242 5737 ἐν
3298 5687 3407 5748 τοῖς
3453 5681 3567 5735 τότε

2015 5777 2228 5847 χρόνοις
2249 5777 2564 5845 περιφανῶς
2588 5775 3195 5846 θαλαττοκρατούντων.
