3920 6616
231 391 341 454 ιιΞς)
536 384 609 450 [Α.
647 393 699 433 c.
747 348 907 450 l550j

1111 382 1554 445 BYZANTIN£
1588 338 1970 447 HISTORIA;
2006 384 2154 447 LlB.
2192 383 2413 448 XVIII.
2505 379 2638 451 [mr-
2677 393 2721 432 ιο
2761 391 3050 434 eAmcuz-
3092 378 3150 452 4]
3262 371 3399 447 1130

223 507 370 566 πείαις
397 499 664 560 παντοίαις
697 498 969 568 περιϊέναι
995 515 1010 533 ν
1043 500 1138 554 καὶ
1165 501 1460 571 χρημάτων
1489 501 1723 568 ἐπαγγε-

1828 501 2020 563 accire,
2039 511 2097 555 et
2125 500 2271 554 omni
2305 499 2636 554 adulationis
2659 513 2880 570 genere,
2903 506 3068 570 atque
3096 502 3265 554 etiam
3291 514 3390 568 pe-

219 598 334 654 λίαις
370 590 454 642 καὶ
489 587 766 656 χορηγίαις
805 585 1058 654 ἀφθόνοις
1091 587 1204 641 τῶν
1239 604 1304 656 γε
1344 589 1521 641 ἄλλων
1563 591 1654 642 καὶ
1694 588 1730 643 ἂ

213 687 304 738 τῶν
327 683 380 734 ἐν
408 679 500 750 βίῳ
527 678 707 732 καλῶν
738 683 833 731 καὶ
858 678 1054 749 τιμίων
1082 678 1282 750 ψυχαῖς
1315 680 1380 734 ἂν
1409 681 1495 750 εἴη
1526 679 1732 748 φιλοδό-

215 777 306 842 ξοις
334 771 442 826 κατ’
467 771 648 840 ἔφεσιν
683 769 980 840 πειρᾶσθαί
1015 788 1084 840 με
1121 772 1330 824 πείθειν
1363 773 1454 826 καὶ
1481 772 1638 845 grew
1673 773 1730 834 ἐς

209 867 256 918 τό
283 880 418 931 σφισι
449 859 764 932 βουλόμενον
787 874 803 889 ο
831 854 908 912 ὧν
931 859 999 912 τὰ
1035 859 1135 929 μὲν
1165 861 1265 930 ἠδη
1295 861 1634 931 ἐχορηγεῖτο,
1663 861 1730 914 τὰ

207 957 244 1009 δ’
263 952 482 1022 ἔμελλεν.
511 951 694 1020 ᾬοντο
722 951 830 1019 γὰρ
857 947 926 1004 δι’
952 951 1071 1012 ἐνὸς
1101 951 1235 1020 ἐμοῦ
1264 969 1328 1020 γε
1360 952 1542 1014 εὐθὺς,
1574 953 1626 1004 εί
1650 937 1761 1004 τι·-¹

207 1048 281 1108 νές
301 1045 406 1097 ποτ’
424 1042 506 1113 ἀρ’
525 1039 654 1106 εἷεν,
681 1045 774 1094 καὶ
799 1041 905 1110 ὅπη
930 1041 1230 1109 διαιτιῖντο,
1258 1045 1464 1100 πάντας
1489 1043 1728 1112 ἐτέρους,

203 1139 370 1198 ὁπόσοι,
394 1135 736 1188 ἀνθίστανται
765 1133 900 1203 πρὸς
929 1134 1099 1186 ὁπόσα
1121 1133 1200 1203 τῷ
1228 1135 1463 1206 Παλαμᾷ
1493 1133 1732 1204 βλασφη-

205 1231 357 1297 μεῖται
408 1225 564 1280 καινὰ
611 1225 704 1277 καὶ
747 1223 959 1293 ἔκφυλα
1007 1225 1289 1294 δᾷγματα,
1338 1223 1732 1294 προσάξεσθαι.

211 1313 332 1366 Ἀλλ’
353 1309 484 1384 ἦσαν
529 1311 638 1382 ἀρα
684 1313 900 1376 πάντως
945 1312 1215 1384 ἄνθρακες
1255 1315 1305 1367 oi
1349 1314 1458 1367 τῶν
1505 1314 1736 1368 ἐλπίδων

199 1405 401 1467 ἐκείνοις
439 1403 718 1476 θησαυροί.
759 1402 832 1456 Τὸ
873 1403 982 1472 γὰρ
1027 1405 1269 1466 ἁνενδεές
1297 1405 1394 1474 ἐμὲ
1434 1405 1542 1458 τῶν
1567 1408 1736 1472 ἀναγ-

199 1497 346 1549 καίων
392 1495 480 1548 καὶ
513 1496 548 1566 ἡ
576 1493 843 1566 τάληθοῦς
895 1495 1092 1564 ἐκλογὴ
1151 1496 1350 1566 λήρους
1389 1495 1560 1549 ἔπειθ’
1584 1497 1734 1566 ἠγεῖ-

199 1592 304 1642 σθαι
330 1589 391 1640 τὰ
420 1589 703 1656 λεγόμενα.

1837 593 2122 648 cnniarnm
2141 591 2534 662 pollicitatione
2554 592 2784 646 ambire.
2803 591 2879 646 Ac
2905 591 2941 645 ii
2968 589 3188 662 quidem
3213 590 3392 644 conati

1833 684 1998 754 872
2024 689 2156 738 sunt
2184 683 2404 740 ﬂectere
2431 697 2538 744 me.
2563 691 2619 737 et
2657 682 2724 736 ad
2753 699 2816 738 ea
2847 699 2967 752 quae
2991 683 3205 738 vellent"
3223 680 3398 736 addu-

1837 793 1982 841 cere.
2018 777 2233 840 liberali
2270 775 2567 848 largitione
2599 789 2722 830 cum
2756 776 3004 842 aliarum,
3038 790 3243 838 rerum,
3279 783 3392 828 tum

1837 882 2027 924 earnm
2060 867 2385 938 praesertim,
2413 880 2554 934 quae,
2582 866 2708 934 quia
2755 865 2996 934 pulchrae
3019 877 3146 920 sunt
3177 881 3240 920 ac
3269 880 3394 934 pre-

1839 959 2014 1024 tiosae,
2059 957 2256 1050 animis
2301 957 2486 1026 gloriae
2550 956 2766 1026 cupidis
2810 955 3102 1030 plurimum
3157 954 3390 1010 blandiri

1835 1057 2085 1120 possunt.
2128 1045 2370 1115 Quarum
2423 1062 2604 1102 rerum
2659 1047 2776 1102 alite
2818 1047 2928 1118 jam
2958 1046 3244 1106 dabantur.
3274 1045 3392 1100 alia:

1835 1150 2023 1212 postea
2059 1143 2196 1196 datae
2223 1140 2472 1194 fuissent.
2507 1140 2774 1194 Putabant
2796 1137 3052 1192 videlicet
3070 1152 3198 1203 ,mea
3230 1136 3393 1191 unius

1830 1245 1997 1301 opera
2031 1231 2214 1286 statim
2271 1231 2588 1300 adjunctum
2638 1229 2704 1282 iri
2739 1228 2874 1298 ipsis
2904 1227 3146 1295 reliquos
3175 1238 3394 1283 omnes.

1830 1321 2145 1391 quicunque
2203 1321 2237 1375 ii
2275 1320 2474 1383 forent,
2506 1330 2560 1374 et
2608 1317 2921 1389 ubicunque
2973 1318 3256 1387 degerent.
3298 1318 3394 1386 qui

1829 1427 2024 1467 novam
2057 1421 2114 1466 et
2139 1411 2460 1466 insolentem
2496 1410 2796 1480 blasphemi
2825 1410 3055 1464 Palamaa
3083 1408 3390 1462 doctrinam

1831 1502 2233 1571 impugnarent.
2263 1499 2413 1567 Quas.
2435 1507 2617 1554 autem
2645 1500 2720 1554 illi
2750 1514 2874 1570 spes
2902 1505 3288 1567 conceperant.
3316 1511 3395 1550 ea:

1832 1609 1939 1648 non
1971 1608 2164 1648 aurum
2197 1592 2292 1647 sed
2342 1592 2508 1662 palea:
2538 1599 2716 1645 erant.
2743 1591 2877 1646 Nam
2923 1589 3068 1659 quod
3104 1588 3268 1642 rebus
3301 1600 3396 1640 nc-

197 1682 423 1754 cessarjis
488 1698 596 1736 non
626 1698 895 1746 carerem.
931 1693 989 1740 et
1037 1684 1322 1740 veritatem
1358 1684 1503 1740 ultro
1542 1687 1853 1756 proﬁterer,
1886 1689 2088 1745 idcirco
2160 1689 2294 1743 mihi
2361 1687 2517 1744 facile
2579 1685 2971 1758 persuadebam
3004 1699 3142 1740 vana
3183 1697 3305 1740 esse
3336 1691 3394 1737 et

193 1777 362 1844 frivola
390 1791 510 1846 quae
543 1777 621 1831 illi
649 1777 1025 1846 loquerentur.

248 1872 316 1923 E'.
341 1839 470 1922 ἐὶ-δ’
494 1839 750 1923 ἁπάντων
773 1871 1013 1940 μάλιστα
1037 1871 1132 1941 τὴν
1157 1873 1478 1938 ἐλπίζουσαν
1501 1873 1726 1945 γνώμην

1903 1875 1964 1932 V.
1993 1874 2098 1930 Sed
2125 1889 2315 1930 eorum
2348 1873 2587 1927 animum
2631 1869 3034 1940 exspectatione
3065 1882 3389 1938 suspensum

190 1958 454 2027 ἐστήρικτο
503 1962 600 2014 καὶ
645 1963 1056 2034 ἁνακεκρᾶσθαί
1113 1983 1266 2034 σφισι
1318 1964 1386 2018 δι’
1422 1967 1554 2020 αὐτὸ
1603 1985 1726 2019 τινα

187 2052 354 2121 ἡδονὴν
398 2053 518 2113 ταῖς
566 2051 782 2106 ἐλπίσιν
831 2056 1025 2116 ἐποίει,
1077 2055 1140 2106 τὸ
1183 2057 1286 2124 ,τῆς
1333 2057 1728 2126 πατριαρχείας

187 2143 379 2212 ἀξίωμα
403 2138 468 2213 ἦν
489 2158 504 2172 ·
529 2143 558 2196 ὂ
581 2143 773 2197 δώσειν
795 2145 992 2206 αὐτίκα
1023 2147 1168 2216 μάλα
1195 2165 1286 2216 μοι
1309 2150 1726 2219 ἐπηγγέλλοντο,

183 2237 268 2304 τῆς
303 2237 488 2304 χρείας
524 2235 900 2307 διωθουμένης
944 2239 1300 2308 σφοδρότερον
1339 2241 1436 2294 καὶ
1459 2241 1572 2305 ιτοῦ
1616 2256 1729 2292 καιι

187 2325 267 2393 ροῦ
293 2325 738 2395 προκαλουμένου
765 2327 856 2379 τὸν
888 2328 1332 2399 προστησόμενον
1356 2327 1726 2400 ἀπαραίτητα,

183 2417 398 2470 Ἥκουὸν
422 2434 486 2485 γε
520 2417 631 2489 μὴν
655 2416 716 2483 ἐξ
741 2417 876 2488 ἐμοῦ
907 2419 1316 2474 τάναντιώτατα
1343 2421 1544 2474 πάντα.
1575 2419 1724 2490 [1ρῶ-

180 2523 257 2559 τον
295 2511 390 2576 μὲν
429 2507 538 2577 γὰρ
579 2509 942 2579 καθηπτόμην
980 2495 1209 2579 ὁμαλῶς
1232 2527 1350 2572 πως
1387 2511 1566 2564 αὐτῶν
1602 2509 1732 2579 περὶ

173 2593 238 2649 ὧν
269 2599 394 2668 ημῖν
427 2599 828 2670 ὑπισχνοῦντο,
864 2600 981 2664 πῶς
1014 2601 1116 2654 οὐκ
1149 2600 1370 2654 ὀκνοῦσι
1401 2603 1513 2664 τοῖς
1545 2603 1730 2662 αὐτοῖς

176 2688 554 2760 ἐγχειροῦντες,
601 2693 638 2745 ἃ
681 2689 945 2754 πολλάκις
979 2690 1192 2744 εἰποῦσι
1232 2691 1328 2744 καὶ
1366 2690 1730 2760 ἀποτυχοῦσιν

172 2779 400 2847 ἀκριϐῶς
425 2781 732 2848 ἐγνωκέναι
761 2782 1184 2852 ξυμπέπτωκεν,
1212 2781 1288 2844 ὡς
1315 2781 1486 2852 πηλοῦ
1515 2784 1612 2836 καὶ
1639 2785 1730 2836 κό-

177 2887 291 2933 νεως
333 2872 489 2924 οὐδὲν
536 2873 665 2942 ἐμοὶ
711 2873 990 2944 διαφέρειν
1036 2873 1186 2926 δοκεῖ
1227 2873 1299 2926 τὰ
1343 2872 1588 2937 τοιαῦτα,
1636 2873 1730 2926 καὶ

168 2960 320 3016 ταῦτα
351 2962 468 3030 νῦν,
497 2965 588 3017 ὅτε
621 2964 857 3044 πίσῖεως
884 2967 1110 3034 ἄρνησις
1136 2967 1470 3018 ἀπαιτεῖται.
1503 2964 1592 3028 Ὠς
1624 2965 1732 3033 γᾴρ

167 3053 219 3104 ἐν
249 3059 431 3115 κακοῖς
474 3057 732 3126 εὐτυχεῖν
767 3055 1090 3126 δυστύχημα
1134 3057 1427 3126 μέγιστον,
1461 3052 1633 3118 οὕτως
1674 3056 1733 3108 ἐν

164 3147 339 3208 κακοῖς
395 3146 616 3212 ἀδοξεῖν
671 3146 780 3200 τῶν
836 3147 1232 3218 εὐτυχημάτων
1285 3149 1346 3201 τὸ
1403 3147 1728 3215 κράτιστον.

1829 1982 1936 2021 una
1961 1982 2050 2022 res
2081 1967 2313 2021 maxime
2340 1962 2716 2026 confirmabat,
2751 1977 2814 2014 ac
2843 1961 3082 2030 ipsorum
3114 1959 3232 2029 spei
3258 1973 3394 2028 qua-

1829 2061 1950 2114 dam
2003 2059 2284 2128 voluptate
2331 2057 2560 2111 admista
2593 2053 2996 2128 blandicbatur.
3033 2053 3108 2106 Ea
3145 2059 3264 2106 erat
3297 2065 3392 2120 pa-

1831 2151 2144 2221 triarchalis
2178 2151 2437 2218 dignitas.
2495 2163 2656 2218 quam
2707 2147 2836 2224 mihi
2876 2144 3058 2198 statim
3094 2141 3392 2196 collaturos

1828 2259 1887 2299 se
1925 2243 2088 2296 iidem
2139 2241 2552 2312 promittebant,
2581 2253 2704 2292 cum
2755 2244 2812 2290 et
2857 2235 3152 2290 necessitas
3175 2231 3391 2302 gravior

1829 2335 2193 2398 incumberet,
2235 2343 2292 2388 et
2340 2342 2396 2386 ut
2428 2331 2624 2400 aliquis
2659 2329 2780 2384 sine
2827 2327 2931 2382 ulla
2966 2325 3316 2380 cunctatione
3337 2324 3388 2378 ei

1829 2427 2042 2480 muneri
2081 2426 2473 2496 prmficcrctur:
2501 2437 2586 2476 res
2639 2423 2754 2490 ipsa
2803 2420 3088 2490 ﬂagitaret.
3114 2419 3319 2490 Tamen
3350 2417 3386 2470 it

1829 2533 1895 2572 ex
1931 2534 2016 2572 me
2049 2517 2320 2570 contraria
2367 2513 2525 2584 plane
2579 2511 2761 2566 omnia
2797 2511 3145 2565 audiverunt.
3175 2508 3252 2563 Ac
3279 2508 3390 2576 pri-

1829 2622 1979 2661 mum
2017 2605 2238 2674 quidem
2269 2619 2433 2674 super
2461 2603 2529 2656 iis
2562 2601 2747 2662 rebus,
2777 2615 2915 2669 quas
2940 2599 3076 2655 mihi
3109 2598 3392 2668 promitte-

1832 2699 1986 2762 bant.
2051 2714 2147 2754 eos
2199 2699 2398 2753 leniter
2449 2694 2821 2766 obiurgabam,
2867 2691 3014 2762 quod
3071 2691 3218 2761 ipsos
3282 2704 3390 2744 non

1830 2791 2044 2862 pigeret
2091 2791 2279 2844 eadem
2331 2802 2523 2842 rursus
2571 2795 2807 2849 tentare,
2843 2798 2965 2858 qua:
3012 2796 3136 2836 cum
3189 2780 3390 2834 frustra

1831 2897 1976 2950 saepe
2033 2881 2320 2939 dixissent.
2375 2876 2848 2933 evidentissimum
2905 2872 3066 2930 foret.
3121 2869 3390 2943 ejusmodi

1830 2987 1919 3026 res
1951 2972 2094 3041 apud
2133 2985 2218 3024 me
2296 2967 2530 3023 nihilmn
2591 2967 2704 3019 luto
2753 2979 2818 3018 ac
2866 2963 3088 3033 pulvere
3135 2959 3389 3024 differre;

1832 3064 2128 3135 praesertim
2185 3062 2290 3116 hoc
2339 3070 2748 3130 tempore,cnm
2784 3055 3094 3125 exigeretur
3126 3052 3252 3106 fidei
3296 3049 3390 3104 ab-

1829 3155 2056 3227 juratio.
2102 3152 2394 3208 Enimvero
2447 3149 2591 3204 sicut
2645 3149 2788 3202 inter
2839 3143 3120 3216 improbos
3170 3141 3385 3196 felicem

163 3239 382 3292 Ἔπειτα
424 3239 642 3307 ελεγον,
687 3239 762 3301 ὼς
807 3237 1112 3308 βασιλεῦσιν
1155 3237 1274 3292 οὖσι
1316 3237 1494 3309 χρεὼν
1539 3241 1614 3308 μὴ
1657 3238 1726 3293 τὰ

1829 3258 1948 3298 esse
1997 3242 2226 3295 maxima
2295 3247 2440 3293 esset
2491 3235 2808 3299 infelicitas.
2849 3234 2921 3286 ita
2976 3229 3119 3301 apud
3165 3229 3389 3284 eosdem

159 3331 454 3400 καθήκοντα
488 3331 704 3400 νόμιμα
736 3331 916 3382 ἑκοντὶ
947 3331 1308 3398 παρκδιάγειν
1332 3329 1468 3400 ὁμοῦ
1499 3335 1592 3382 καὶ
1617 3329 1722 3382 τῶν

157 3419 307 3485 ιερῶν
344 3421 445 3491 τῆς
487 3421 590 3475 τοῦ
633 3420 768 3474 Θεοῦ
809 3420 1102 3491 ἐκκλησίας
1146 3421 1433 3488 κιγκλίδων
1478 3419 1723 3473 ἐλαύνειν

156 3510 264 3578 {piat
291 3512 561 3582 τοιούτῳ,
597 3511 802 3582 ἥκιστά
833 3527 976 3576 τινος
1010 3511 1224 3578 φειδοῦς
1255 3510 1288 3580 ἢ
1325 3511 1596 3572 κολάσεως
1629 3527 1723 3578 με-

152 3601 468 3670 σιτευούσης
509 3603 611 3654 καὶ
653 3599 988 3671 ὑφαιρούσης
1023 3602 1122 3670 τὴν
1154 3601 1251 3653 τοῦ
1298 3601 1530 3669 κράτους
1569 3599 1726 3653 ἀσέλ-

153 3707 320 3760 γειαν·
343 3696 460 3748 ἀλλ’
489 3697 700 3764 ἰατροῖς
729 3695 928 3764 μᾶλλον
961 3694 1243 3763 γίγνεσθαι
1264 3695 1404 3748 πάνυ
1427 3694 1725 3765 προθύμως

147 3784 366 3854 κιιᾶμα
383 3785 688 3847 κολασταῖς
721 3785 806 3856 [Ρ.
837 3783 966 3855 549]
997 3783 1106 3839 τῶν
1140 3785 1392 3854 ἀθέσμων
1425 3785 1598 3842 σάλων
1630 3785 1724 3838 καὶ

149 3877 461 3944 ἐκτροπῶν,
503 3877 562 3930 εῐ
601 3895 666 3946 γε
709 3878 1057 3948 βουλομένοις
1094 3878 1337 3933 εὐσεϐεῖν
1368 3879 1476 3948 εἴη.
1511 3879 1585 3931 Τὸ
1626 3878 1724 3950 μὲν

144 3968 245 4038 γὰρ
279 3969 432 4033 ἀξιον
465 3969 690 4040 θρήνων
725 3969 949 4038 μακρῶν
978 3971 1070 4023 καὶ
1101 3971 1158 4032 ἐς
1187 3970 1246 4022 τὸ
1277 3970 1469 4038 μέλλον
1505 3970 1725 4039 μνήμης

146 4058 204 4108 ἐκ
231 4059 341 4112 τῶν
373 4061 664 4129 ὀψιγόνων
697 4061 832 4131 πρὸς
865 4060 1158 4130 ἀπέχθειάν
1188 4077 1246 4112 τε
1281 4059 1372 4112 καὶ
1403 4059 1560 4130 ὕϐριν
1591 4062 1724 4112 ἀνα-

140 4152 443 4220 τρεχούσης
485 4151 798 4220 ὁλοσχερῶς
843 4151 936 4220 (ἐῶ
977 4151 1082 4220 γὰρ
1123 4151 1196 4214 ὡς
1237 4153 1582 4220 ἐγνωσμένης
1623 4151 1721 4220 ἤδη

144 4245 460 4312 μεμνῆσθαι
495 4246 602 4312 τῆς
641 4242 810 4294 ἀῐόίου
853 4243 1048 4311 φλογὸς
1085 4243 1332 4313 ἐκείνης,
1365 4242 1400 4312 ἢ
1435 4244 1546 4304 τοῖς
1583 4241 1724 4293 οὓτω

140 4333 166 4399 β
192 4333 342 4386 οῦσιν
369 4335 708 4403 ἡττείληται)
735 4350 750 4364 ·
781 4333 841 4384 τὸ
866 4329 910 4385 δ’
936 4320 1205 4402 ιδ’μνούσας
1235 4329 1480 4400 γλώσσας
1507 4333 1725 4384 ἀπαιτεῖ

135 4425 236 4475 τῶν
279 4443 339 4476 τε
387 4428 490 4478 νῦν
537 4427 712 4478 ὄντων
755 4427 862 4477 τῶν
904 4441 962 4477 τε
1003 4425 1382 4494 γενησομένων
1423 4423 1722 4496 ἀνθρώπων

133 4517 378 4570 εὐσεϐῶν
419 4520 526 4571 καὶ
573 4517 686 4586 ἅμα
726 4517 902 4586 ψυχῆς
943 4517 1214 4586 ἀκήρατον
1249 4515 1620 4588 εὐφροσύνηνν
1655 4517 1720 4586 ἢν

134 4613 206 4675 μὴ
237 4611 589 4663 τελευτῶσιν
619 4609 812 4662 αἰῶσιν
842 4611 1113 4678 ἀκούομεν
1143 4609 1598 4678 ἀπονενεμῆσθαι.

1826 3335 2130 3390 honoribus
2175 3345 2362 3406 carere
2419 3329 2705 3384 maximam
2737 3341 2856 3382 esse
2891 3325 3230 3379 felicitatem.
3255 3320 3384 3376 Aie-

1826 3429 1950 3483 bam
1982 3435 2244 3496 praeterea
2295 3436 2400 3474 non
2449 3411 2654 3475 debere
2694 3417 2990 3486 principes.
3019 3429 3140 3482 quzc
3165 3411 3386 3480 sapien-

1825 3531 1910 3574 ter
1925 3516 2220 3573 constituta
2257 3521 2463 3573 essent.
2487 3527 2548 3566 ea
2584 3513 2727 3564 ultro
2756 3505 3080 3577 transgredi.
3119 3513 3174 3560 et
3204 3516 3389 3558 sacro-

1826 3603 2352 3670 sanctis.Ecclesia:
2413 3594 2507 3656 Dei
2559 3600 2722 3671 873
2772 3599 3028 3652 cancellis
3081 3595 3186 3650 isto
3234 3607 3386 3648 more

1825 3698 2140 3762 excludere,
2195 3704 2259 3750 ut
2307 3707 2407 3748 nec
2467 3691 2772 3746 moderatio
2804 3689 2934 3754 ulla,
2963 3700 3063 3741 nec
3119 3683 3388 3740 examinis

1826 3788 2132 3859 interpositi
2163 3785 2425 3840 severitas
2459 3791 2781 3852 potestatem
2810 3779 3132 3834 insolentem
3165 3789 3388 3830 coerce-

1827 3880 1930 3937 ret.
1955 3882 2095 3946 Quin
2133 3879 2245 3934 imo
2266 3886 2519 3948 oportere
2545 3889 2660 3939 eos,
2693 3871 2740 3928 si
2773 3869 3012 3937 religiosi
3041 3876 3246 3934 essent,
3275 3880 3388 3921 m2-

1827 3974 1898 4028 ὐὶι
1918 3990 1978 4028 os
2003 3981 2058 4027 et
2087 3970 2446 4040 castigatbres
2474 3958 2916 4037 promptissimos
2945 3961 3207 4016 exsistere
3233 3972 3389 4013 erro—

1825 4078 1947 4116 rum
1981 4077 2042 4115 ac
2061 4057 2508 4130 depravationum
2533 4055 2706 4110 sacris
2732 4052 2944 4122 legibus
2966 4048 3384 4106 c'ontrariarunt.

1825 4156 1960 4210 Nam
1993 4151 2123 4205 illud
2149 4151 2368 4220 quidem
2400 4144 2815 4216 deplorandum.
2844 4143 3213 4210 memoriaque
3239 4137 3387 4209 apud

1825 4255 2076 4314 posteros
2138 4240 2483 4296 odiosissima
2558 4251 2621 4290 ac
2693 4235 3112 4304 probrosissima
3161 4233 3383 4302 dignum

1825 4341 1908 4388 est
1967 4332 2048 4402 (ut
2095 4327 2284 4384 sileam
2319 4328 2562 4380 flammas
2597 4325 2979 4393 sempiternas,
3009 4339 3143 4392 quas
3191 4322 3256 4376 iis
3287 4318 3382 4390 qui

1825 4423 1905 4478 sic
1931 4423 2120 4476 vivunt
2171 4419 2485 4483 destinatas,
2533 4413 2774 4485 cogitare
2822 4414 2950 4468 licet
2983 4411 3388 4482 utjatndccre-

1829 4516 1964 4582 tas);
2001 4513 2104 4566 hoc
2140 4527 2271 4565 vero
2319 4507 2535 4563 laudem
2581 4515 2636 4562 et
2667 4504 3191 4562 commendationem
3220 4501 3387 4568 exigit

1754 4585 1892 4662 θοι)
1925 4605 2242 4660 hominibus
2298 4601 2556 4674 piis,rqui
2607 4615 2755 4654 nunc
2800 4597 3013 4664 vivunt,
3069 4597 3230 4666 quive
3281 4609 3384 4648 un-

125 4720 289 4772 quam
344 4702 571 4774 victnri
630 4711 796 4765 sunt;
837 4711 890 4756 et
936 4702 1206 4756 sinceram
1263 4711 1502 4757 meretur
1551 4701 1718 4759 animi
1756 4702 2114 4770 voluptatem,
2146 4696 2360 4766 qualem
2399 4709 2514 4750 ιιινο
2548 4691 2840 4747 immortali
2909 4694 3204 4760 repositam
3261 4703 3382 4746 esse

127 4801 438 4854 credimus.

192 4887 286 4959 (τ.
318 4893 495 4945 Οὕτω
521 4891 708 4943 τοίνυν
736 4890 890 4959 ἡμῶν
919 4891 1205 4958 ἀπογνοὺς,
1233 4892 1355 4943 ἐπεὶ
1380 4891 1469 4943 τὸν
1499 4891 1600 4961 ἠδη
1629 4893 1726 4962 ῥη-

121 4978 286 5032 θέντα
320 4981 388 5044 ἐξ
413 4981 678 5036 Ἀθωνος
705 4977 863 5047 ὅρους
892 4977 1094 5046 ἥκοντα
1127 4979 1226 5048 ήδη
1255 4978 1526 5040 τεθέαται,
1559 4980 1719 5040 εὐθὺς

118 5075 212 5124 καὶ
241 5071 323 5142 μὴ
351 5073 512 5125 πάνυ
538 5087 627 5122 τοι
653 5070 857 5139 σφόδρα
882 5069 1347 5138 προθυμουμένων
1371 5070 1476 5120 τῶν
1501 5071 1722 5120 ἐπισκο-

117 5181 235 5214 πων
260 5167 366 5231 τῆς
391 5164 541 5222 τέως
575 5160 885 5227 σωζομένης
907 5162 1175 5230 ὲπχρχίας
1197 5163 1242 5229 (Ι
1264 5164 1330 5230 ί),
1355 5165 1430 5223 εἰς
1458 5163 1722 5230 πατριὰρο

115 5274 216 5325 χην
264 5254 690 5323 προϐάλλεται,
732 5251 797 5303 δι’
821 5250 970 5304 οὐδὲν
1011 5252 1196 5320 ἕτερον
1241 5252 1581 5316 ἐπισπεύσας
1623 5254 1718 5324 τὴν

114 5349 284 5398 αὐτοῦ
319 5347 622 5414 προϐολὴν
645 5383 658 5403 ,
691 5345 721 5411 ἧ
755 5345 832 5394 ὅτι
864 5343 996 5412 πρὸς
1027 5344 1264 5410 διωγμὸν
1295 5345 1494 5412 ἄριστα
1523 5347 1550 5396 ὁ
1581 5345 1719 5414 ἀνὴρ

113 5438 400 5509 ἐπεφύκει
441 5435 557 5487 καὶ
591 5433 818 5504 δργανον
849 5430 916 5503 ἦν
952 5436 1087 5504 πρὸς
1119 5435 1385 5505 τιμωρίας
1426 5435 1716 5508 ἀπανθρώ-

1899 4887 1986 4942 Vl.
2021 4885 2110 4940 Sic
2144 4882 2234 4938 ille
2269 4897 2524 4938 successu
2553 4881 2836 4950 desperato
2867 4894 2895 4932 a
2925 4877 3084 4932 nobis
3109 4875 3382 4932 discessit.

1766 4974 1796 4994 ‘
1823 4977 2026 5031 Deinde
2086 4975 2364 5028 hominem
2417 4987 2580 5042 supra
2631 4978 3014 5032 memoratum,
3047 4966 3140 5036 qui
3165 4967 3276 5037 jam
3317 4981 3382 5020 ex

1789 5140 1800 5150 υ
1826 5071 1968 5125 Atho
1999 5078 2181 5122 monte
2228 5067 2540 5124 advenerat.
2574 5065 2940 5134 conspicatus.
2969 5059 3254 5116 confestim
3283 5075 3385 5115 nec

1823 5160 2114 5217 admodum
2180 5157 2526 5228 cupientibus
2573 5156 2843 5226 episcopis
2887 5156 3004 5224 ejus
3065 5153 3382 5226 provinciae.

1823 5271 1943 5323 quae
1981 5261 2108 5306 tunc
2165 5250 2310 5304 salva
2363 5249 2625 5312 restabat,
2653 5249 3018 5317 patriarcham
3070 5245 3383 5318 eligendum

1822 5345 2098 5415 proponit.
2130 5342 2262 5395 Eum
2297 5356 2428 5396 vero
2471 5355 2576 5394 non
2613 5341 2774 5394 aliam
2816 5350 2887 5395 οι)
2923 5354 3138 5394 causam
3163 5350 3384 5408 promo-

1824 5455 1952 5494 vere
1985 5437 2281 5504 festinavit,
2331 5435 2434 5490 nisi
2463 5435 2590 5504 quia
2635 5435 2702 5488 ad
2738 5435 3098 5488 exercendam
3131 5445 3382 5500 persecu-

1505 5557 1830 5618 Variorum
1874 5565 2055 5622 notas.

182 5664 304 5729 (l5)
342 5661 450 5716 Sic
489 5655 642 5729 infra
675 5671 792 5729 cap.
819 5655 871 5729 ᾗ,

111 5804 247 5867 τοὺς
305 5797 659 5871 Θρᾳκικοὺς
685 5794 844 5856 εὐθὺς
879 5794 1298 5866 μεταπέμπεται
1359 5797 1712 5859 ἐπισκόπους.

513 5891 795 5950 Parum”
835 5891 949 5950 tiu.
997 5891 1279 5949 CXLVlil

930 5664 1066 5710 sect.
1093 5659 1144 5710 3.
1211 5657 1456 5727 Κὲπειδή
1498 5657 1719 5726 Θρᾴκης

111 5722 392 5786 ἐπέκεινα
432 5725 660 5780 πλείων
691 5727 787 5795 οὐκ
814 5722 879 5795 ἦν
906 5728 1146 5794 ἐπαρχία
1181 5722 1490 5795 Ῥωμαίοις,
1527 5722 1718 5794 μᾶνους

1826 5660 1959 5714 Vide
1989 5672 2044 5715 et
2076 5660 2172 5714 lib.
2205 5675 2318 5722 χχι,
2361 5672 2482 5729 cap.
2531 5657 2659 5729 ηιμ.
2695 5655 2784 5729 ubi
2820 5655 2888 5710 de
2939 5651 3148 5723 imperii
3181 5647 3382 5704 finibus

1827 5730 1920 5784 illo
1948 5742 2190 5799 tempore
2228 5729 2383 5784 valde
2413 5727 2924 5798 ingustis.ﬁorvm.

2939 5880 3016 5941 36
