3920 6624
245 522 379 590 1137

594 522 670 594 [Α.
709 537 759 577 c.
812 518 970 597 1531]

1185 529 1623 590 BYZ\NTIN.‘E
1662 518 2038 591 HISTORIAE
2069 531 2208 598 ΙΙΙΒ.
2251 538 2465 604 XVIII.

2583 538 2717 611 [ιιιρ.
2758 552 2800 594 ι.
2840 553 3132 596 cuneus.
3174 541 3230 611 5]

3342 543 3478 606 1138

244 636 429 704 φόϐων
486 639 834 711 ἀπορρήτων,
867 646 963 700 καὶ
1014 644 1370 717 ἀπηρτῆσθαι
1401 648 1655 712 καθάπαξ
1707 646 1806 716 ἥδη

1917 658 2026 703 tum
2050 653 2411 733 solytumque
2435 655 2602 726 879
2636 658 2786 712 omni
2821 658 3154 729 suspicione,
3189 660 3476 728 pbstqumn

242 729 422 799 πάσης
456 730 710 801 ὑποψίας,
739 735 801 788 ἐκ
835 734 1009 788 ποδῶν
1047 731 1339 807 γενομένου
1370 739 1464 793 τοῦ
1500 739 1598 809 τὴν
1630 738 1808 795 διαδο-

238 819 340 889 χὴν
370 822 467 890 τῆς
500 821 777 893 βασιλείας
798 827 909 889 τοῖς
935 827 1102 881 υἱέσιν
1131 829 1301 894 ἀδεῶς
1335 832 1493 884 αὐτὸν
1518 832 1808 902 παραπέμ-

236 927 364 963 πειν
395 912 722 979 κωλύοντος.
757 916 869 970 Καὶ
896 920 1007 983 τοῖς
1058 920 1376 991 πράγμασιν
1409 917 1551 977 εἶναι
1581 924 1808 991 νομίσας

235 1002 466 1074 εἰρήνην
496 1023 553 1059 τε
587 1006 680 1060 καὶ
713 1008 1033 1077 ἀσφάλειαν,
1065 1011 1161 1065 τοῦ
1211 1012 1399 1073 λοιποῦ
1436 1014 1573 1083 πρὸς
1608 1017 1674 1087 ἢν
1715 1017 1810 1069 ἐπὶ

234 1096 362 1149 νοῦν
394 1092 508 1167 εἶχε
530 1099 639 1152 τῶν
664 1102 980 1157 ἐπισκόπων
1008 1109 1382 1177 συστήσασθαι
1404 1108 1646 1174 σύνοδον,
1667 1110 1808 1181 ὑπὲρ

236 1187 347 1239 τῶν
374 1188 469 1242 τοῦ
503 1190 737 1260 Παλαμᾶ
755 1193 1063 1264 δογμάτων,
1084 1197 1204 1259 ὅλος
1220 1200 1507 1270 ἠσχόλητο.
1534 1196 1676 1255 Ἦκε
1701 1204 1808 1273 γὰρ

232 1278 340 1349 ήδη
390 1282 483 1334 καὶ
510 1280 539 1333 δ
571 1283 835 1367 Παλαμᾷς
870 1287 933 1340 ὲκ
969 1287 1371 1361 Θεσσαλονίκης
1399 1294 1457 1357 ὲς
1484 1295 1808 1359 Βυζάντιον,

235 1373 526 1434 παντοίαις
555 1375 1008 1447 ἀνεπτερωμένος
1041 1382 1241 1449 ἐλπίσι,
1270 1385 1441 1455 ῥᾷστα
1474 1386 1567 1439 καὶ
1597 1386 1691 1453 ξὺν
1723 1391 1812 1441 οὑ-

233 1462 363 1515 δενὶ,
382 1465 531 1536 πόνῳ
559 1467 627 1523 τὰ
660 1470 805 1523 κατὰ
847 1472 1099 1544 βούλησιν
1138 1476 1287 1546 αὐτῷ
1338 1477 1809 1550 ἐπαγγειλαμένου

234 1552 530 1618 ἐπιτελεῖν,
562 1563 655 1613 καὶ
693 1567 741 1617 εὶ
777 1567 946 1637 μυρία
976 1568 1086 1621 τῶν
1117 1567 1391 1640 δημοσίων
1419 1572 1504 1643 είη
1551 1575 1812 1645 πραγμά-

231 1664 350 1700 των
379 1649 701 1707 ἀνθέλκοντα
730 1657 796 1708 κύ
807 1676 973 1726 ματα.

309 1742 383 1793 A'.
408 1741 545 1810 Ἤδη
567 1744 623 1796 δὲ
639 1747 735 1814 τῆς
755 1747 860 1817 ήμέ
867 1766 966 1819 ρας
983 1751 1356 1823 ἐνεστηκυίας,
1373 1756 1431 1809 ὲν
1446 1750 1476 1830 ἦ
1494 1736 1603 1811 ἔδει
1618 1756 1726 1811 τῶν
1742 1760 1806 1829 τῇ

233 1835 455 1906 μεγάλῃ
481 1836 576 1888 τοῦ
609 1838 743 1892 Θεοῦ
780 1842 1047 1917 ἐκκλησίᾳ
1085 1847 1542 1919 ὑπηρετουμένων
1572 1854 1689 1915 ἕνα.
1722 1855 1811 1909 ἐπ’

228 1921 496 1992 ἇμδωνος
526 1926 802 1983 ἀναϐάντα
822 1970 837 1992 ,
871 1933 980 1986 τῶν
1017 1936 1116 2005 μὲν
1143 1939 1382 1994 εὐσεϐῶν
1422 1942 1687 2013 βασιλέων
1717 1934 1810 2000 καὶ

228 2017 597 2107 πατριαρχῶν
626 2018 710 2091 [Ρ.
731 2022 858 2096 555]
890 2028 1285 2098 ἀνακηρύττειν
1310 2034 1409 2097 τας
1446 2039 1685 2107 μνήμας,
1704 2024 1812 2095 τῶν

225 2103 276 2156 δ’
286 2107 515 2199 ’ἀσεδῶν
528 2111 826 2183 ἀναθέματι
850 2121 1242 2189 παραπέμπειν
1261 2126 1354 2179 καὶ
1369 2103 1530 2198 ἀραῖς
1539 2103 1810 2199 αἰωνίοις,

225 2195 436 2295 γέγονέ
466 2218 530 2295 τι
562 2200 848 2273 τεράστιον
895 2209 1329 2287 ἀπροσδόκητον.
1360 2195 1655 2289 Σέσίγηται
1702 2195 1811 2295 γὰρ

228 2289 388 2384 κατῃά
419 2291 589 2364 λήθην
615 2301 930 2373 παρασυρὲν
963 2306 1159 2362 οὑτωσί
1197 2326 1316 2372 πως
1343 2310 1438 2364 τοῦ
1479 2329 1537 2365 τε
1571 2312 1811 2384 νέουβα-

225 2379 435 2477 σιλέως
462 2384 801 2477 ᾎνδρονίκου
824 2392 1059 2466 τοῦνομα
1080 2398 1177 2452 ’καὶ⁵
1203 2401 1320 2470 ἅμα
1342 2403 1402 2454 τὸ
1427 2405 1519 2458 τού
1543 2379 1811 2477 πατριοὶρ-

225 2488 338 2566 χου
376 2474 668 2549 Ἰσιδώρου.
702 2481 772 2537 ’⁵0
798 2489 891 2539 καὶ
915 2487 1104 2556 σαφῶς
1131 2492 1317 2556 οἰωνὸς
1339 2481 1515 2563 ἔδοξεν
1537 2474 1675 2552 εἶναι
1700 2474 1809 2566 toi;

225 2563 480 2664 ξυνετῶς
504 2574 917 2664 στοχαζομένοις
947 2579 1057 2633 τῶν
1088 2586 1401 2652 γενομένων
1435 2592 1527 2643 καὶ
1566 2563 1808 2664 φερομιέὲ

226 2671 352 2758 νων
375 2659 576 2758 nd}???
607 2664 779 2758 ἄλλως
801 2671 1172 2758 πραγμάτων.
1205 2677 1356 2745 Μηδὲ
1386 2681 1495 2752 γὰρ
1527 2659 1660 2738 εἶναι
1689 2659 1808 2758 Θεῷ

226 2742 335 2842 (φα
345 2744 417 2816 at)
432 2744 768 2842 δεδογμένον,
783 2754 859 2819 ὡς
885 2757 1080 2825 ἔοικεν,
1105 2762 1193 2815 ἐπ’
1209 2742 1503 2836 ἐκκλησίας
1521 2742 1807 2842 ὑμνεῖσθαι

226 2834 382 2931 μήτε
412 2837 501 2892 τὸν
518 2841 764 2908 βασιλέα,
784 2848 1001 2919 πρῶτον
1025 2851 1125 2925 τὴν
1152 2855 1246 2909 τοῦ
1280 2834 1518 2931 Παλαμᾶ
1546 2834 1807 2923 πολύθεον

225 2927 453 3000 πλάνην
473 2938 908 3026 ᾃμᾷετεωρίσαντα
939 2944 1077 3015 πρὸς
1120 2927 1454 3019 ὑπερθέσεις*
1487 2958 1583 3010 καὶ
1627 2959 1808 3026 ἀνεξέ-

228 3037 440 3074 ταστον
472 3024 756 3082 λελοιπότα
781 3033 876 3102 καὶ
908 3035 1269 3107 ἀδιόρθωτον,¹
1293 3045 1430 3112 μήτε
1466 3047 1558 3101 τὸν
1603 3024 1806 3106 Ἰσίδω-

224 3130 359 3212 ρον,
387 3119 607 3212 πρῶτον,
624 3124 1000 3194 είσενεγκόντα
1027 3132 1141 3192 τοῖς
1165 3146 1581 3208 πατριαρχικοίς
1609 3145 1808 3212 θώκοις

223 3206 406 3305 αὐτην
455 3212 549 3263 καὶ
590 3211 826 3288 δημοσίᾳ
874 3220 1296 3292 ἀνακηρύξαντα
1347 3206 1525 3301 λύγοις
1547 3234 1662 3305 ἅμα
1714 3206 1804 3295 καί

1915 759 1944 798 a
1979 756 2274 815 conspectu
2308 750 2627 814 removisset
2657 766 2779 803 eum
2809 751 3011 815 virum,
3034 751 3126 820 qui
3159 766 3226 805 ne
3261 749 3476 818 imperii
3502 814 3522 827 ε

1915 837 2320 894 successionem
2355 840 2546 895 liberis
2573 841 2687 897 suis
2716 851 2833 896 tuto
2862 842 3258 897 transmitteret
3292 842 3479 895 obsta—

1907 927 2028 1007 bat.
2068 929 2259 1000 Itaque
2290 942 2478 1003 pacata
2512 948 2575 988 ac
2605 949 2801 989 secura
2829 936 3014 990 omnia
3060 935 3376 996 arbitratus,
3423 935 3477 987 in

1914 1037 1982 1078 eo
2013 1022 2273 1096 deinceps
2306 1034 2456 1083 totus
2485 1027 2610 1094 fuit,
2665 1040 2725 1084 ut
2757 1029 2902 1099 quod
2944 1030 3126 1084 animo
3175 1028 3481 1084 meditaba-

1919 1123 2028 1179 tur,
2068 1127 2256 1172 coacto
2290 1118 2675 1188 episcoporum
2714 1120 2970 1180 concilio.
3020 1120 3326 1175 doctrinam
3375 1120 3480 1173 ναι

1915 1205 2075 1260 ιειιηαι
2107 1215 2374 1262 tueretur.
2406 1208 2618 1279 Quippe
2650 1218 2704 1265 et
2753 1211 2868 1280 ipse
2909 1210 3153 1265 Palamas
3192 1209 3481 1265 Thessalo-

1917 1298 2037 1351 nica
2073 1297 2386 1368 Byzantium
2420 1301 2529 1371 jam
2563 1311 2810 1366 venerat,
2850 1316 3062 1356 summa
3112 1314 3207 1370 spe
3241 1300 3481 1357 inﬂatus.

1915 1387 2049 1443 Nam
2078 1388 2199 1459 quae
2231 1390 2278 1445 is
2305 1391 2488 1458 vellet,
2518 1405 2582 1447 ea
2610 1407 2668 1447 se
2694 1391 3108 1448 Cantacuzenus
3143 1390 3400 1447 facillime
3427 1398 3483 1445 et

1917 1482 2070 1537 nullo
2100 1483 2312 1549 labore,
2347 1486 2700 1554 quantumvis
2733 1484 2961 1540 infinitis
3001 1485 3352 1554 publicorum
3386 1499 3484 1538 ne-

1916 1577 2191 1647 gotiorum
2233 1576 2492 1634 ﬂuctibus
2536 1579 2879 1644 distractum,
2931 1583 3317 1635 exsecuturum
3360 1592 3484 1643 esse

1917 1670 2263 1741 promiserat.

1988 1758 2074 1815 IV.
2112 1760 2190 1814 Ae
2219 1760 2328 1830 jam
2369 1760 2489 1816 dies
2515 1760 2724 1839 aderap,
2758 1761 2811 1816 in
2842 1777 2947 1831 qua
2989 1762 3278 1832 Oportebat
3310 1775 3481 1821 unum

1916 1867 1986 1908 ex
2036 1867 2242 1922 magna:
2287 1851 2545 1908 Ecclesiae
2570 1852 2858 1919 ministris,
2895 1867 3195 1909 conscenso
3225 1852 3477 1914 amboue,

1917 1944 2134 2014 piorum
2162 1943 2554 2014 imperatorum
2586 1953 2643 1999 et
2677 1944 3125 2014 patriarcharum
3159 1944 3487 2001 memoriam-

1919 2034 2141 2106 publico
2214 2034 2486 2104 praeconio
2546 2034 2975 2101 commendare,
3040 2035 3243 2104 impios
3296 2045 3478 2090 autem

1916 2125 2192 2181 exsecrari
2258 2139 2322 2181 ac
2381 2124 2516 2180 diris
2565 2124 2871 2190 devovere,
2931 2140 3055 2181 cum
3126 2122 3485 2195 improvisum

1917 2220 2177 2292 quiddam
2213 2229 2268 2275 et
2297 2217 2528 2289 prodigii
2557 2218 2734 2273 simile
2760 2218 2977 2273 accidit.
3009 2218 3143 2273 Nam
3176 2219 3393 2274 silentio
3427 2227 3482 2272 et

1916 2313 2195 2371 oblivione
2226 2311 2413 2367 nescio
2445 2310 2721 2380 quomodo
2755 2312 3088 2380 praeteritum
3123 2321 3205 2365 est
3232 2312 3437 2379 impera
3458 2340 3481 2351 η

1919 2407 2053 2463 toris
2086 2404 2387 2461 Andronici
2417 2402 2654 2470 iunioris
2690 2416 2917 2464 nomen,
2966 2403 3092 2457 item
3147 2402 3338 2457 lsidori
3388 2418 3479 2470 pa-

1917 2497 2165 2553 triarchae
2191 2512 2206 2562 ;
2233 2493 2379 2565 quod
2422 2493 2960 2550 manifestum'omen
3007 2507 3129 2548 esse
3174 2494 3351 2548 visunt
3398 2499 3483 2545 est

1915 2592 1983 2648 iis
2011 2592 2104 2662 qui
2139 2590 2365 2646 fortuita
2417 2599 2472 2645 et
2519 2588 2655 2643 alias
2700 2589 2860 2642 aliter
2908 2586 3282 2656 contiugentia
3321 2596 3482 2641 acute

1916 2684 2371 2751 interpretantur.
2423 2678 2638 2733 Etenim
2691 2685 2939 2747 apparet,
2990 2677 3332 2746 inquiebant,
3372 2686 3481 2730 neu

1914 2774 2189 2846 placuisSe
2221 2774 2329 2827 Deo
2361 2770 2631 2827 celebrari
2665 2769 2721 2824 in
2755 2768 2986 2824 ecclesia
3008 2783 3112 2823 nec
3144 2784 3269 2822 eum
3308 2768 3484 2836 impe-

1914 2876 2176 2930 ratorem,
2197 2864 2291 2934 qui
2323 2863 2574 2926 Palamae,
2596 2861 2728 2917 deos
2755 2862 2958 2916 multos
2981 2860 3292 2927 statuentis,
3324 2874 3482 2913 erro-

1912 2974 2029 3015 rem
2079 2957 2291 3027 primus
2348 2954 2707 3011 dilationibus
2761 2948 3149 3017 snslentasset,
3192 2966 3255 3005 ac
3300 2967 3486 3020 neque

1913 3047 2338 3114 examinandum
2385 3059 2565 3114 neque
2597 3043 2984 3114 corrigendum
3013 3043 3311 3097 curavisset
3336 3058 3350 3105 ;
3379 3058 3481 3097 nec

1914 3116 2066 3199 illum
2102 3140 2394 3198 lsidorum,
2428 3136 2521 3206 qui
2564 3135 2774 3205 primus
2824 3149 2949 3188 etim
2993 3136 3169 3202 ipsum
3210 3147 3476 3197 errorem,

1915 3236 1969 3289 in
2002 3228 2422 3304 patriarchalem
2458 3225 2645 3281 sedem
2692 3224 2924 3286 illatum,
2958 3223 3121 3278 dictis
3174 3224 3379 3292 pariter
3423 3234 3480 3279 et

224 3299 596 3409 πράγμασιὛ
625 3304 700 3369 ῶς
828 3311 921 3364 καὶ
944 3314 1079 3382 ἡμῖν
1110 3315 1368 3391 ἀνωτέρω
1400 3299 1503 3377 που
1533 3299 1634 3397 sip:
1661 3330 1802 3384 ίστο-

1917 3299 2070 3385 factis
2115 3322 2334 3394 publice
2384 3315 2829 3388 promulgasset:
2875 3313 3334 3384 quemadmodum
3379 3330 3479 3370 suo

227 3391 365 3462 ρίας
394 3394 451 3445 ὲν
487 3396 600 3458 τοῖς
641 3398 1282 3476 καθήκουσικδιείλητιται
1327 3413 1534 3477 τόποις.
1580 3391 1733 3473 Ἐπεὶ
1760 3422 1807 3477 δ’

223 3489 290 3551 ις
338 3488 441 3560 τὴν
487 3491 778 3562 ὑστεραίαν
814 3497 1084 3553 ἀκουσθέν
1116 3503 1297 3577 Ἀννπ
1334 3511 1400 3578 τῇ
1455 3510 1685 3580 βασιλίδι
1713 3518 1807 3571 καὶ

225 3580 462 3651 συξύγῳ
493 3585 726 3653 ἐκείνου,
763 3592 903 3660 πριης
931 3592 1109 3662 λύπην
1143 3597 1418 3669 ἀφόρητόν
1446 3620 1504 3656 τε
1538 3601 1683 3672 ἔδοξε
1716 3610 1810 3662 καὶ

209 3675 293 3765 κοῦ
341 3675 489 3745 μάλα
521 3676 852 3749 ἀνύποπτον,
890 3683 1097 3741 δίκαιον
1125 3683 1268 3743 εῖναι
1301 3690 1382 3760 τῷ
1411 3691 1639 3763 βασιλεῖ
1659 3698 1809 3753 νενό-

227 3785 430 3838 μισται
463 3764 922 3846 Καντακουζηνῷ,
954 3777 1052 3849 τὴν
1074 3779 1271 3853 ἐφεξῆς
1294 3788 1567 3858 κυριακὴν
1592 3791 1808 3859 ἡμέραν

223 3860 298 3915 ἀθ
310 3860 594 3933 ροισθῆναί
611 3880 667 3916 τε
692 3866 781 3918 τὸν
808 3866 934 3922 λαὸν
957 3869 1115 3934 αὖθις
1136 3876 1228 3927 καὶ
1260 3876 1430 3947 μόνην
1454 3880 1553 3949 τὴν
1580 3880 1672 3934 τοῦ
1696 3883 1810 3938 δνό-

230 3969 410 4023 ματος
438 3957 648 4011 ἐκείνου
694 3962 946 4027 γενέσθαι
974 3964 1302 4038 ἀνάρρησιν.
1350 3960 1460 4025 Καὶ
1493 3974 1670 4028 ταῦτα
1706 3976 1809 4045 μὲν

222 4045 363 4117 τῇδέ
395 4064 474 4118 πη
499 4049 622 4121 ἔσχε
645 4066 658 4080 ·
688 4052 784 4106 καὶ
811 4055 839 4107 δ
862 4056 1070 4126 χειμὼν
1098 4060 1157 4112 ἐν
1183 4060 1394 4126 τούτοις
1423 4065 1700 4125 ἐτελεύτα.

305 4229 389 4303 E'.
443 4232 604 4301 Ἀρτι
646 4232 703 4286 δὲ
733 4234 829 4287 τοῦ
874 4236 1029 4306 ήλίου
1059 4239 1186 4304 τοὺς
1221 4242 1442 4313 ἠρινοὺς
1486 4231 1807 4315 ἀμείϐοντος

226 4323 496 4387 κύκλους,
527 4326 622 4377 καὶ
649 4327 715 4395 τῇ
756 4328 826 4398 γῇ
860 4328 924 4382 ὲκ
965 4328 1065 4400 τῆς
1096 4331 1222 4395 νέας
1258 4333 1422 4402 χλόης
1469 4335 1669 4407 εὐανθῆ
1717 4341 1812 4394 καὶ

226 4415 485 4470 ποικίλον
532 4419 644 4480 τοῖς
685 4419 942 4489 χρώμασι
987 4423 1399 4494 ίστουργοῦντος
1452 4406 1674 4497 χιτῶνα,
1717 4432 1813 4484 καὶ

224 4508 434 4578 δένδρα
464 4508 642 4564 πάντα
671 4512 809 4583 πρὸς
833 4512 1134 4569 ἀνασίωσίν
1157 4533 1215 4569 τε
1242 4518 1338 4571 καὶ
1361 4523 1631 4574 παντοίων
1656 4522 1810 4590 γένε-

226 4618 320 4654 σιν
362 4600 595 4671 καρπῶν
652 4602 947 4674 ἀφθόγγοις
998 4605 1253 4674 σάλπιγξι
1290 4612 1808 4682 προσκαλουμένου,

1909 3422 2031 3477 loco
2065 3433 2095 3473 a
2130 3413 2291 3470 nobis
2338 3411 2393 3465 in
2441 3410 2542 3463 hac
2586 3408 2816 3462 historia
2854 3407 3023 3476 880
3066 3421 3229 3475 supra
3266 3408 3479 3475 exposi.

1913 3522 2028 3568 tum
2060 3519 2164 3564 est.
2195 3505 2331 3561 Cum
2381 3510 2565 3556 autem
2618 3499 2880 3569 postridie
2936 3498 3250 3567 imperatrlx
3299 3500 3476 3563 Anna,

1910 3595 2178 3671 principis
2226 3591 2470 3648 defuncti
2542 3603 2707 3654 uxor,
2772 3588 3015 3673 dolorem
3074 3589 3475 3645 intolerabilem

1911 3692 2096 3748 audita
2128 3705 2193 3745 ea
2224 3702 2280 3743 re
2324 3684 2690 3754 concepisset,
2722 3692 2777 3737 et
2815 3682 3118 3752 suspicioni
3169 3683 3326 3739 locus
3355 3699 3476 3739 esse

1910 3783 2212 3845 videretur,
2261 3774 2476 3833 censuit
2538 3773 2957 3829 Cantacuzenus
3011 3773 3340 3843 imperator,
3391 3774 3478 3827 die

1914 3875 2200 3935 Dominiea
2252 3869 2501 3942 proxime
2549 3875 2808 3922 secutura
2846 3867 3284 3936 eongregandum
3351 3881 3477 3919 rur-

1912 3983 2006 4024 sus
2045 3965 2340 4037 populum,
2389 3971 2444 4016 et
2480 3960 2647 4014 unius
2677 3958 2976 4013 Andronici
3018 3972 3218 4014 nomen
3263 3958 3480 4029 proel-ae

1912 4058 2195 4117 mandum.
2244 4057 2424 4126 Atque
2477 4052 2592 4109 haec
2633 4051 2706 4109 ita
2750 4052 2920 4118 ferme
2961 4067 3019 4107 se
3048 4052 3377 4108 habuerunt.
3415 4040 3503 4105 εει

1912 4153 1967 4210 in
2000 4152 2087 4208 bis
2116 4148 2296 4205 hiems
2323 4148 2506 4205 desiit.
2738 4178 2755 4193 ρ
3274 4140 3295 4155 ‘

1981 4245 2045 4300 ν.
2086 4243 2227 4298 Vere
2254 4242 2502 4303 ineunte,
2535 4252 2659 4293 cum
2709 4233 2788 4290 soi
2823 4236 3208 4304 aequinoctium
3250 4244 3478 4305 prmter-

1912 4344 2104 4391 vectus
2141 4347 2284 4388 novo
2312 4330 2580 4402 gramine,
2614 4329 2763 4384 velut
2809 4327 3007 4381 ﬂorida
3058 4336 3113 4382 et
3162 4328 3474 4382 versicolori

1915 4438 2088 4492 veste,
2126 4436 2324 4481 terram
2367 4425 2676 4483 obtexeret.
2711 4436 3011 4490 omnesque
3042 4421 3268 4475 arbores
3300 4421 3476 4477 susci-

1914 4528 2074 4584 taret,
2112 4528 2169 4572 et
2189 4515 2256 4570 ad
2286 4513 2607 4584 omnigenus
2637 4512 2851 4567 fructus
2883 4510 3268 4581 producendos
3308 4513 3476 4566 mutis

1915 4611 2143 4666 vocibus
2184 4614 2541 4681 provocaret,
2587 4605 2643 4661 in
2676 4604 3004 4677 Byzantinos
3045 4614 3235 4673 portus
3261 4603 3476 4659 Venetze

224 4693 615 4750 κατέπλευσαν
646 4697 702 4758 ις
728 4696 852 4760 τοὺς
882 4695 1304 4762 τοῦεΒυζανιδίου
1338 4699 1564 4769 λιμένας
1595 4703 1805 4758 Βενετι-

1917 4705 2173 4759 triremes
2222 4698 2641 4771 quatuordecim
2695 4697 2887 4752 delata:
2938 4705 3086 4780 sunt.
3138 4696 3318 4764 Atque
3368 4696 3473 4757 lim,

227 4784 331 4835 καὶ
392 4785 645 4855 τριήρεις
684 4784 952 4858 τέσσαρες
981 4788 1074 4841 καὶ
1127 4789 1279 4857 δέκα,
1328 4792 1395 4846 Αἱ
1448 4792 1512 4862 δὴ
1566 4793 1661 4847 τὸν
1711 4796 1805 4849 τςῦ

228 4876 498 4944 Εὐξείνου
525 4878 719 4931 πόντου
745 4878 1107 4946 διαζώσαντες
1134 4882 1336 4952 αὐχένα
1353 4884 1448 4947 τὰς
1473 4885 1537 4938 ὲκ
1566 4887 1810 4940 Μαιώτι-

234 4969 331 5030 δὸς
363 4983 423 5020 τε
453 4966 549 5021 καὶ
571 4966 857 5038 Χερσῶνος
877 4971 971 5024 καὶ
1000 4970 1111 5025 τῶν
1141 4972 1349 5026 ἐκεῖθεν
1377 4973 1673 5039 κατιούσας
1704 4994 1811 5046 χω-

236 5052 381 5132 ρίων
411 5058 471 5126 ἐξ
505 5060 772 5130 ἐμπορίας
804 5053 1112 5127 Γαλατικὰς
1144 5066 1393 5136 τριήρεις
1423 5066 1532 5119 τῶν
1564 5067 1809 5121 Γεννουῖ-

1913 4792 2304 4852 PontiEuxini
2341 4790 2590 4845 faucibus
2617 4787 3015 4853 circumclusis,
3060 4787 3334 4843 Galaticas
3372 4786 3476 4840 Ge-

1910 4888 2191 4941 nuitarnm
2220 4884 2492 4947 triremes,
2523 4881 2592 4936 ab
2630 4889 2871 4935 mercatu
2906 4880 3197 4934 redeuntes
3223 4894 3286 4932 ex
3320 4879 3476 4933 Mmo-

1913 4977 2026 5033 tide
2052 4987 2108 5031 et
2130 4973 2433 5035 Chersone,
2467 4972 2699 5041 aliisque
2726 4969 2873 5026 illius
2903 4978 3109 5024 tractus
3141 4969 3298 5033 locis,
3328 4984 3477 5023 com—

1914 5067 2348 5140 prehendebant.
2402 5064 2684 5139 Nimirqu
2757 5062 3101 5119 internecino
3157 5063 3302 5118 bello
3372 5063 3473 5115 sibi

230 5152 353 5205 τῶν
375 5150 797 5221 ξυνελάμὸανον.
822 5154 1121 5208 ’Δσπονδον
1138 5156 1245 5226 γὰρ
1273 5156 1361 5209 ἐπ’
1384 5157 1649 5229 ἀλλήλους
1669 5159 1806 5223 τέως

1917 5162 2149 5218 invicem
2190 5159 2419 5222 indicto,
2455 5171 2557 5212 nec
2589 5165 2753 5210 noctu
2785 5171 2887 5211 nec
2933 5156 3194 5220 interdiu,
3225 5171 3295 5211 ne
3329 5155 3475 5209 bone
3504 5162 3533 5191 λ

124 5308 141 5325 Ι
227 5244 339 5315 τὴν
372 5244 553 5313 μάχην
590 5243 848 5314 θεμένους
873 5246 974 5299 οὐκ
1005 5241 1073 5316 ἦν
1106 5247 1357 5319 ἠρεμεῖν,
1383 5249 1444 5302 ού
1485 5249 1723 5320 νύκτωρ,
1748 5252 1806 5305 οὐ

1917 5252 2132 5320 quidem
2167 5258 2463 5315 momento,
2499 5246 2781 5316 quiescere
2805 5255 3093 5316 poterant:
3129 5245 3222 5299 sed
3256 5260 3472 5299 omnem

234 5335 365 5407 μεθ’
388 5336 627 5407 ἡμέραν,
651 5337 757 5391 οὐδ’
784 5338 878 5392 ἐπὶ
904 5337 1077 5408 βραχὺ
1101 5339 1197 5409 τῆς
1224 5340 1373 5410 ὥρας
1397 5356 1411 5372 ο
1441 5342 1579 5396 ἀλλά
1601 5342 1806 5406 πάντας

1917 5343 2113 5407 locum,
2130 5355 2319 5395 omnes
2342 5346 2535 5409 portus
2553 5338 3055 5407 perserutabantnr,
3074 5339 3335 5391 tcntaban
3345 5345 3474 5405 tque

228 5429 437 5490 τόπους
466 5428 563 5481 καὶ
591 5428 815 5499 λιμένας
834 5430 1137 5501 διερευνᾷν,
1166 5432 1260 5485 καὶ
1287 5433 1420 5486 πᾶσι
1445 5434 1668 5504 τρόποις
1693 5435 1806 5488 ὲπι-

1917 5433 2117 5497 omnia,
2149 5439 2207 5486 ut
2252 5430 2486 5485 conflato
2525 5428 2630 5483 sibi
2666 5429 2899 5483 invicem
2937 5428 3106 5482 exitio
3156 5426 3473 5495 superiores

230 5519 470 5590 χειρετν,
497 5516 620 5571 ὅθεν
667 5517 735 5573 ἂν
776 5518 863 5588 εἴη
891 5519 991 5590 τὴν
1034 5518 1283 5589 ἀλλήλων
1320 5521 1561 5592 δρῶντας
1599 5522 1806 5593 φθορὲιν

1917 5525 1967 5575 in
2003 5529 2285 5592 posterum
2328 5518 2645 5574 evaderent.
2674 5518 2810 5573 Cum
2860 5528 3040 5571 autem
3087 5525 3140 5570 et
3183 5515 3473 5571 Catelauos

231 5611 578 5682 ὑπερτέρους
621 5609 718 5665 τοῦ
754 5610 941 5665 λοιποῦ
988 5611 1369 5668 καθίστασθαι.
1405 5613 1663 5683 Εἰληφόσι
1691 5613 1805 5683 (20)

1917 5613 2093 5668 socios
2128 5612 2231 5667 sibi
2263 5611 2451 5665 Veneti
2486 5610 2956 5681 adjuiixissent,et
2992 5608 3293 5677 Byzantios,
3328 5606 3474 5674 ipsos

232 5704 293 5757 δὲ
314 5704 409 5758 καὶ
434 5703 751 5774 συμμαχίας
781 5705 846 5757 ὲκ
880 5705 1207 5759 Κατελάνων
1233 5708 1326 5759 καὶ
1355 5705 1684 5772 Βυζαντίων,
1716 5708 1805 5773 ἐγ-

1917 5720 2132 5776 quoque
2181 5703 2429 5759 Genuitis
2476 5703 2547 5757 ob
2598 5703 2911 5772 superiores
2950 5699 3133 5755 clades
3197 5698 3473 5761 infensos,

1573 5843 1901 5905 Vnriorum
1935 5852 2121 5905 noue.

314 5977 431 6047 (‘20)
462 5977 564 6034 Pro
594 5978 894 6048 summac.
944 5978 1147 6034 Βυινιιι.
