3920 6636
420 1057 432 1132 ξ

470 489 613 554 1139
818 490 894 555 ΙΑ.
934 500 993 543 ιι.
1032 489 1197 553 6859,
1238 500 1343 541 πω.
1382 491 1441 559 Δ]

1657 495 2079 559 NlCEPlIORi
2118 499 2506 561 GREGORE

2753 496 2888 567 [ηερ.
2924 510 2968 553 1.
3006 511 3301 556 cursem.
3339 497 3424 574 51'

3559 500 3668 569 tuo

467 603 688 658 facilius
734 618 799 657 ex
841 616 909 656 eo
942 601 1055 658 illis
1100 600 1204 656 fuit
1238 616 1472 672 pugnam
1526 610 1584 657 et
1629 604 1831 660 bellum
1877 607 2017 663 inire

2143 609 2445 663 κοτούντων
2476 609 2629 677 σφίσι
2670 609 2763 661 καὶ
2792 608 2975 664 αὐτῶν
3003 608 3091 665 διά
3132 610 3202 665 τά
3234 610 3521 680 φθάσαντα
3547 615 3673 668 πτοία

467 693 525 747 in
575 706 792 747 onmem
834 699 891 746 ct
933 691 1115 747 locum
1166 701 1222 747 et
1258 702 1478 763 portum
1517 703 1574 749 et
1620 695 1933 763 civitatem,
1981 711 2022 753 et

2145 719 2350 772 μαστα,
2386 701 2775 771 εὐπετέστερον
2822 701 2922 771 τῆς
2971 701 3153 773 μάχης
3188 703 3423 773 ἥπτοντο
3470 702 3561 755 καὶ
3599 701 3673 757 τοῦ

467 800 793 858 quacunque
816 785 1102 843 Genuitica
1136 783 1286 842 natio
1310 785 1600 856 resideret,
1622 785 1794 845 eil‘use
1820 789 2035 846 irruen-

391 930 395 936 .
414 927 417 931 «
465 879 634 936 tibus.

2139 792 2404 863 πολέμου,
2430 792 2570 847 κατά
2602 792 2818 847 πάντων
2846 791 2962 863 ἃμα
2990 792 3206 864 χωρίων
3236 791 3334 847 καὶ
3355 792 3585 863 λιμένων
3599 796 3674 848 καὶ

2141 884 2375 947 πόλεων,
2431 885 2527 939 καὶ
2580 883 2815 955 ὅποιπερ
2864 882 2939 938 ἂν
2981 879 3093 940 εἷεν
3143 883 3473 940 Γεννουῖτῶν
3525 885 3677 955 γένος,

2136 974 2382 1044 ἀσχέτως
2415 970 2752 1046 ὁρμώμενοι.

1911 1096 2141 1156 CAPUT
2181 1097 2267 1156 ill.

468 1215 1055 1289 Historiwidogmaticte
1083 1215 1393 1289 cret-diam;
1433 1214 1707 1289 Gener-alis
1757 1214 1964 1289 concilii
1999 1187 2299 1289 convocatio
2343 1213 2434 1269 diu
2488 1215 2767 1289 promisse.
2811 1215 3055 1289 Palaeste
3088 1217 3405 1289 auctoritas.
3459 1216 3679 1289 Ejusdem

537 1288 695 1342 ninia:
749 1283 937 1369 αξιοι..
967 1283 1231 1369 puplicum
1270 1286 1534 1369 iudicium
1584 1287 1880 1342 metuentis.
1925 1284 2094 1352 Quale
2138 1285 2348 1341 tandem
2406 1283 2684 1340 concilium
2731 1286 2912 1342 haberi
2952 1283 3231 1354 placita-it.
3281 1286 3419 1353 Quot
3454 1283 3514 1343 ei
3552 1290 3678 1356 cujtu

539 1370 675 1412 ιιοιιιτ
713 1358 937 1428 episcopi
969 1355 1150 1410 adesse
1173 1355 1333 1425 jussi.

535 1474 699 1545 881
742 1472 787 1531 ί.
824 1473 981 1528 Nunc
1010 1473 1268 1541 quoniam
1315 1472 1434 1541 ipse
1480 1487 1759 1527 armorum
1795 1485 2026 1540 appara-

467 1576 559 1621 tus
591 1567 789 1621 bellum
835 1565 941 1619 hoc
973 1580 1227 1636 magnum
1259 1579 1324 1619 ac
1358 1564 1676 1620 diuturnum
1708 1563 1825 1619 fore
1865 1563 2027 1632 polli-

464 1669 647 1719 cetur,
698 1655 916 1712 laudem
948 1670 1081 1709 vero
1114 1664 1210 1709 aut
1259 1655 1750 1727 reprehensionem
1802 1668 1909 1707 non
1949 1652 2030 1705 itt-

463 1760 638 1819 ceptxe
681 1763 772 1804 res
816 1755 1146 1811 merentur;
1182 1746 1276 1802 sed
1306 1760 1550 1802 censura:
1583 1744 1886 1800 auctoritas
1914 1750 2028 1795 tum

2203 1470 2288 1543 [Ρ.
2304 1469 2432 1543 55η
2453 1471 2531 1528 Δ⁹.
2549 1471 2704 1527 Ἐπεὶ
2715 1470 2759 1526 δ’
2773 1472 2806 1542 ἡ
2822 1470 3143 1543 παρασκευὴ
3162 1472 3270 1526 τῶν
3280 1472 3460 1527 ὅπλων
3479 1472 3587 1544 (τι)
3605 1472 3685 1536 μέ-

2131 1580 2236 1632 γαν
2253 1582 2310 1617 τε
2332 1564 2551 1617 ἔσεσθαι
2564 1562 2656 1617 τδν
2670 1564 2904 1635 πόλεμον
2919 1562 3333 1632 ἐπαγγέλλεται,
3349 1565 3443 1618 καὶ
3456 1566 3515 1628 ὲς
3527 1565 3685 1618 πλείο-

2133 1672 2197 1707 να
2211 1656 2297 1708 δια
2305 1654 2586 1725 ρκέσονται
2602 1656 2814 1726 χρόνον,
2829 1653 2953 1718 τοῦς
2969 1655 3015 1708 δ’
3029 1654 3307 1720 ἐπαίνους,
3323 1656 3357 1726 ἢ
3375 1654 3683 1721 τούναντίον,

2132 1748 2234 1801 οὐκ
2274 1747 2558 1817 ἀρχόμενα
2590 1745 2901 1815 καρποῦται
2943 1745 3008 1798 τὰ
3037 1747 3374 1817 πράγματα’
3409 1746 3683 1800 τελευτῶσι
3799 1792 3806 1799 .

462 1841 685 1896 demum
739 1840 889 1894 firma
919 1847 1043 1902 est,
1077 1853 1202 1893 cum
1252 1853 1339 1893 res
1387 1837 1457 1893 ad
1501 1837 1708 1892 exitum
1753 1835 2022 1907 perducta

2136 1837 2181 1890 δ’
2200 1840 2255 1902 ὲς
2282 1838 2351 1893 τά
2383 1837 2618 1908 μάλιστα
2633 1838 2696 1891 τδ
2722 1838 2925 1908 κράτος
2948 1837 3142 1891 ἕπεται
3164 1837 3264 1910 τῆς
3288 1837 3545 1908 κρίσεως,
3566 1840 3685 1906 φέρι

461 1943 629 1997 sunt;
670 1942 788 2003 age,
821 1930 1093 1986 orationis
1138 1944 1388 1994 cursum,
1435 1929 1538 1986 hoc
1582 1928 1704 1985 loco
1751 1927 2031 1998 paulisper

463 2027 793 2095 abruptum,
829 2024 894 2079 ad
946 2024 1084 2079 alias
1131 2037 1221 2078 res
1254 2032 1679 2087 convertamus;
1725 2035 1862 2091 quas
1901 2018 2030 2090 quia

430 2104 565 2173 'nos
582 2112 697 2186 ipsi
724 2116 777 2171 in
807 2115 1002 2186 primis
1031 2129 1093 2170 ea
1121 2130 1229 2185 qua
1256 2129 1356 2185 par
1377 2121 1518 2179 erat,
1545 2112 1826 2184 diligentia
1858 2127 2031 2182 usque

459 2208 699 2265 assecuti
731 2223 923 2287 sumas
948 2217 1003 2262 et
1031 2214 1288 2262 accurata
1323 2205 1637 2277 cognitione
1661 2203 2027 2274 percepimus,

459 2298 674 2355 idcirco
700 2312 891 2354 earntn
915 2311 1103 2354 veram
1136 2311 1200 2352 ac
1227 2304 1435 2352 certam
1463 2291 1840 2350 narrationem
1870 2292 2030 2348 facile

460 2389 527 2444 ad
562 2398 812 2460 posteros
854 2386 1321 2443 transmittemus.
1357 2384 1573 2440 Etenim
1606 2384 1654 2441 si
1686 2383 1836 2439 aliud
1862 2384 2029 2455 quid-

460 2496 652 2551 quam,
683 2479 817 2535 illud
848 2479 1092 2534 omnium
1128 2479 1360 2533 maxime
1389 2476 1524 2544 seio,
1558 2486 1721 2547 atque
1753 2477 1871 2546 ipso
1894 2492 2030 2547 quo-

459 2572 796 2627 tidianarum
847 2586 1030 2626 rerum
1068 2586 1169 2625 usu
1223 2569 1453 2624 edoctus
1501 2582 1663 2631 sum,
1699 2566 1773 2623 ita
1837 2582 2029 2623 omnes

460 2662 568 2718 sibi
601 2661 934 2732 persuadere
981 2675 1044 2717 ac
1091 2670 1359 2721 statuere.
1389 2659 1638 2715 veritatis
1684 2658 2026 2729 potissimam

459 2753 731 2809 rationem
782 2767 907 2809 esse
933 2752 1134 2810 debere
1185 2752 1241 2807 in
1293 2751 1562 2819 historia;
1593 2766 1715 2822 qua
1741 2752 1852 2822 iatn
1900 2752 2026 2807 inde

462 2844 768 2915 antiquitus
796 2844 965 2898 robur
995 2852 1052 2898 et
1086 2844 1473 2899 auctoritatem
1501 2851 1660 2899 nacta
1701 2841 1905 2898 futuris
1933 2858 2029 2897 su—

457 2935 632 2992 binde
674 2935 994 2991 hominibus
1035 2935 1248 2992 facilem
1284 2934 1630 3005 disciplinam
1662 2934 1939 3005 proponit.
1966 2943 2026 2990 ut

459 3026 531 3082 ab
575 3025 645 3083 iis
673 3025 766 3097 qui
800 3033 1237 3091 antecesserunt,
1272 3025 1442 3081 veluti
1473 3025 1799 3095 quibusdam
1831 3027 2026 3081 arcite-

459 3115 624 3186 typis,
668 3115 822 3171 utilia
875 3124 1245 3177 mutuemur;
1286 3130 1409 3185 quae
1452 3124 1635 3171 autem
1683 3114 1909 3171 sinistra
1970 3124 2026 3171 et

2136 1928 2333 2000 μικρὸν
2363 1926 2684 1997 ἐπισχόντες
2713 1926 2946 1981 ἐνταῦθα
2965 1926 3058 1980 τοῦ
3083 1927 3245 1994 λόγου
3274 1927 3365 1980 τδν
3383 1928 3583 1998 δρόμον
3608 1929 3683 1993 ἐφ’

2130 2016 2293 2088 ἔτερα
2324 2016 2635 2088 τρέψωμεν,
2666 2011 2749 2080 οἷς
2785 2016 2855 2071 τά
2884 2017 3119 2086 μάλιστα
3155 2016 3688 2089 παρηκολουθηκότες

2131 2109 2189 2171 ἐς
2241 2109 2416 2172 τέλος.
2456 2109 2554 2176 ξύν
2604 2125 2667 2179 γε
2716 2111 2836 2174 ταῖς
2877 2110 3288 2180 προσηκούσαις
3333 2111 3697 2173 ἐπιστασίαις,

2130 2203 2331 2275 ἀκριϐῆ
2365 2204 2464 2271 τὴν
2496 2204 2697 2275 πεῖραν
2722 2202 3051 2274 είλήφαμεν,
3088 2203 3222 2257 ὥστ’
3254 2203 3402 2273 ἔχειν
3429 2203 3690 2273 ὀψιγόνοις

2129 2294 2348 2364 ἀσφαλῆ
2378 2294 2472 2347 καὶ
2503 2293 2697 2365 βέϐαια
2717 2294 2787 2348 τὰ
2815 2294 2918 2364 τῆς
2946 2294 3251 2365 διηγήσεως
3278 2294 3684 2365 παραπέμπειν.

2127 2385 2303 2453 Είπερ
2333 2384 2443 2454 γάρ
2469 2402 2522 2439 τι
2560 2384 2669 2439 τῶν
2714 2384 2970 2440 ἁπάντων
2999 2384 3208 2457 ἕτερον,
3242 2384 3338 2438 καὶ
3368 2383 3529 2439 τοῦτο
3556 2384 3606 2438 δ’
3636 2386 3687 2447 ἐς

2127 2475 2197 2528 τὰ
2225 2475 2464 2544 μάλιστα
2489 2475 2708 2531 πάντων
2734 2475 2934 2530 εἰδέναι
2961 2472 3232 2546 τετύχηκέ
3259 2491 3372 2544 μοι,
3394 2476 3490 2546 τῆς
3519 2491 3689 2546 χρονιο

2128 2567 2230 2638 κῆς
2257 2569 2343 2622 ἀεὶ
2363 2569 2724 2641 διδασκούσης
2747 2586 2816 2639 με
2837 2567 2944 2624 τῶν
2959 2567 3018 2623 έν
3041 2567 3142 2639 βίῳ
3170 2567 3421 2639 περιόδου
3441 2567 3689 2640 πραγμά-

2125 2677 2233 2713 των
2248 2660 2611 2730 πεπεισμένον
2632 2660 2665 2716 ἃ
2673 2678 2749 2731 μα
2769 2660 2864 2714 καὶ
2889 2660 3209 2731 δεδογμένον
3246 2652 3388 2714 εἶναι
3416 2662 3529 2724 τοῖς
3548 2661 3689 2715 ἅπας

2128 2768 2236 2812 σιν.
2266 2752 2530 2823 ἀληθείας
2558 2753 2778 2824 ἔχεσθαι
2818 2752 2929 2808 δεῖν
2952 2754 3057 2824 πρό
3088 2770 3153 2822 γε
3179 2754 3397 2809 πάντων
3422 2754 3523 2824 τὴν
3552 2755 3687 2809 iaso-

2128 2840 2277 2911 ρίαν.
2304 2841 2637 2910 ἡγεμονικόν
2650 2859 2704 2896 τι
2734 2840 2939 2912 κράτος
2969 2842 3259 2912 εἰληφυῖαν
3276 2844 3538 2914 ἀρχῆθεν,
3565 2843 3688 2898 ἀπο-

2126 2952 2217 2991 νον
2237 2932 2589 2989 διδασκαλίαν
2615 2934 2855 3004 άνοίγειν
2878 2935 2992 2999 τοῖς
3018 2935 3107 2990 ἀεὶ
3133 2935 3382 2991 ἐπιοῦσιν
3413 2936 3683 3008 ἀνδράσιν.

2124 3027 2314 3100 ὥσπερ
2337 3027 2397 3095 ἐξ
2425 3027 2746 3099 άρχετύπων
2772 3027 2880 3081 τῶν
2909 3026 3253 3096 φθασάντων.
3284 3028 3355 3083 τά
3372 3028 3421 3082 τ’
3445 3027 3683 3099 ὠφέλιμα

2125 3120 2468 3191 καρποῦσθαι
2500 3118 2813 3192 περιφανῶς
2844 3120 2940 3191 καὶ
2968 3119 3069 3173 ὅσα
3102 3119 3505 3190 φαυλιζομένας
3533 3121 3685 3187 ἐκλη-

457 3206 718 3281 infausta,
751 3207 820 3264 iis
851 3223 910 3264 se
939 3208 1168 3264 omnino
1195 3207 1528 3272 abstineant,
1579 3206 1623 3263 si
1668 3207 1838 3263 velint
1884 3206 2022 3263 bene

2128 3208 2340 3283 ρώσατο
2385 3209 2559 3281 κῆρας
2592 3208 2686 3264 καὶ
2727 3208 2897 3278 τύχας
2933 3208 3186 3264 ἁπάντων
3217 3209 3520 3279 ὁλοσχερῶς
3550 3210 3678 3264 ἀπέ-

458 3313 526 3353 ae
571 3298 733 3355 beate
779 3299 985 3356 vivere.
1035 3298 1175 3354 Sunt
1225 3306 1408 3354 autem
1452 3313 1532 3355 ea:
1575 3312 1666 3355 res
1698 3298 1790 3371 (de
1819 3297 2023 3369 quibus

458 3391 734 3447 dicturum
783 3405 875 3447 tne
917 3389 1205 3463 proﬁteor)
1236 3389 1627 3446 ecclesiastica:
1673 3398 2025 3460 tempestates

459 3499 527 3539 ac
559 3481 836 3554 procella,
863 3497 1003 3553 quas
1035 3482 1252 3541 miseris
1295 3481 1558 3538 Romanis
1607 3481 1842 3538 intulere
1879 3482 2025 3552 prin-

458 3577 611 3646 cipes
663 3575 867 3632 incauti
913 3583 969 3631 et
1018 3573 1328 3645 imperandi
1368 3572 1549 3637 rudes,
1595 3571 1753 3628 novis
1794 3572 2025 3627 Paiama:

460 3667 820 3738 opinionibus
863 3676 919 3722 et
946 3666 1114 3737 impia
1147 3665 1394 3720 doctrina
1424 3664 1672 3734 abrepti;
1709 3664 1933 3734 perinde
1960 3678 2024 3718 ac

352 3781 364 3792 -
463 3772 590 3813 vasa
642 3755 898 3821 levicula,
935 3770 1059 3826 quae
1105 3754 1382 3810 ﬂumineis
1411 3754 1716 3809 verticibus
1747 3764 2019 3823 correpta,

461 3858 520 3904 et
565 3848 631 3903 ad
663 3847 940 3919 quaslibet
974 3860 1103 3902 oras
1147 3852 1355 3900 temere
1385 3852 1441 3899 et
1484 3844 1717 3899 fortuito
1746 3843 2022 3908 devoluta,

459 3941 615 3995 vadis
643 3950 699 3993 et
733 3937 964 4008 rupibus
1002 3936 1166 3991 modo
1212 3937 1301 3992 bis
1336 3936 1501 3991 modo
1534 3936 1643 3993 illis
1681 3936 1832 3991 allisa
1874 3933 2025 3990 fran-

459 4039 682 4103 guntur.
700 4029 817 4098 Qua
843 4030 1064 4101 quidem
1090 4029 1256 4101 882
1286 4029 1355 4085 de
1385 4044 1444 4084 re
1471 4028 1575 4084 viri
1600 4028 1778 4090 multi.
1798 4029 2021 4103 virtute,

458 4124 748 4193 sapientia,
783 4124 909 4178 vitae
940 4122 1252 4193 integritate
1299 4132 1356 4179 et
1389 4121 1707 4177 orthodoxze
1742 4120 1867 4176 ildci
1892 4116 2023 4175 ἐἰη-

460 4214 692 4271 eeritate
742 4213 1005 4280 illustres,
1038 4211 1238 4282 sepius
1290 4226 1379 4268 me
1423 4217 1825 4275 convenerunt,
1856 4217 1912 4264 et
1963 4218 2021 4263 ut

458 4302 713 4373 religioni
765 4300 1098 4372 periclitanti
1132 4305 1329 4355 caetera
1373 4298 1559 4355 omnia
1609 4297 2019 4369 posthaberem,

456 4395 617 4448 enixe
640 4390 840 4448 hortati
870 4401 1020 4446 sunt.
1044 4390 1254 4460 Quippe
1282 4389 1337 4445 in
1369 4388 1493 4445 aliis
1524 4389 1714 4455 rebus,
1729 4388 1773 4444 si
1802 4387 2021 4459 quando

457 4485 764 4554 scriptores
804 4482 1012 4552 aliquid
1063 4479 1452 4546 dissimulent,
1491 4495 1557 4535 ac
1606 4480 1905 4544 nonnulla,
1960 4487 2020 4532 ut

455 4574 649 4631 amicis
670 4573 1068 4645 gratificentur,
1092 4570 1312 4627 silentio
1342 4579 1691 4641 praetereant,
1717 4568 1770 4624 id
1796 4570 2017 4639 quidem
2051 4561 2095 4616 Ι)

454 4664 687 4720 fortasse
726 4660 930 4717 invidia
974 4661 1277 4716 cariturum
1327 4659 1808 4730 condonatumque
1847 4659 1912 4713 iri
1950 4658 2020 4714 ab

455 4757 548 4821 iis,
579 4756 672 4825 qui
718 4752 1028 4809 istiusmodi
1072 4752 1330 4808 amicitiis
1372 4750 1595 4807 obnoxii
1626 4760 1685 4807 et
1723 4750 1790 4807 ad
1836 4750 2022 4806 convi-

453 4846 712 4905 ciandum
745 4846 969 4900 minime
1001 4852 1200 4900 natura
1233 4858 1330 4899 sua
1356 4843 1628 4913 proclives
1659 4842 1829 4898 futuri
1859 4844 1969 4899 sint
2000 4862 2014 4898 :

455 4938 553 4993 ubi
585 4946 770 4994 autem
803 4936 1106 5007 periculum
1133 4935 1201 4991 ad
1243 4935 1415 4991 Deum
1446 4935 1741 5005 pertineat,
1771 4944 1886 4991 tum
1918 4950 2020 4992 nos

454 5030 679 5095 debere,
708 5028 919 5085 caeteris
950 5028 1115 5085 rebus
1146 5029 1424 5099 neglectis,
1455 5029 1602 5085 hunc
1634 5034 1801 5084 unum
1835 5029 2012 5100 respi-

454 5136 621 5188 cere;
670 5131 835 5192 atque
868 5121 1004 5176 illud
1031 5134 1153 5178 esse
1191 5122 1385 5194 dogma
1411 5131 1468 5177 et
1494 5133 1827 5194 praeceptum
1860 5138 1890 5178 a
1922 5138 2015 5195 pa-

455 5212 707 5273 rentibus
735 5212 1018 5267 traditum.

531 5307 600 5363 ll.
641 5304 777 5364 Cum
806 5304 1137 5375 ‘_imperator
1170 5314 1427 5375 quartum
1484 5305 1632 5375 jam!
1652 5321 1855 5361 annum
1898 5323 2015 5373 eos,

2124 3303 2338 3376 χεσθαι,
2368 3297 2448 3364 οἷς
2479 3300 2544 3356 ἀν
2573 3300 2707 3373 πρὸς
2729 3295 3092 3375 βουλήσεωςῇ
3121 3300 3254 3371 βίων
3270 3300 3541 3370 αἱρεῖσθαι
3564 3304 3681 3366 τοὺς

2124 3393 2442 3465 κρείττους·
2485 3390 2626 3448 εἶναι
2669 3393 2723 3446 δὲ
2758 3393 2886 3456 τοὺς
2924 3391 3022 3462 τῆς
3066 3391 3366 3462 ἐκκλησίας
3416 3392 3681 3464 χειμῶνας

2124 3488 2219 3541 καὶ
2249 3485 2549 3549 κλύδωνας,
2594 3483 2687 3549 οὒς
2716 3485 2748 3554 ἡ
2788 3484 2895 3539 τῶν
2928 3483 3207 3556 ἀρχόντων
3242 3484 3483 3553 ἁπλότης
3513 3483 3603 3539 καὶ
3636 3485 3676 3554 ἦ

2122 3576 2215 3632 τοῦ
2244 3577 2434 3649 ἄρχειν
2458 3577 2688 3648 ἀπειρία
2715 3577 2828 3641 τοῖς
2858 3575 3062 3639 ἀθλίοις
3090 3576 3428 3648 προῦξένησε
3463 3576 3678 3647 Ῥωμαζ·

2123 3686 2223 3736 οις,
2258 3669 2714 3740 ξυναπαχθέντων
2745 3669 2866 3732 ταῖς
2911 3668 3004 3721 τοῦ
3038 3668 3277 3737 Παλαμᾶ
3310 3666 3676 3737 καινοφωνίαις

2124 3760 2455 3815 καὶὰσεϐέςι
2475 3760 2737 3830 δόγμασι·
2758 3759 3010 3829 καθάπερ
3037 3760 3105 3813 τὰ
3133 3758 3313 3826 κοῦφα
3328 3758 3437 3812 τῶν
3460 3756 3672 3819 σκευῶν,

2122 3853 2346 3907 ἐπειδὰν
2379 3852 2665 3923 ποταμίοις
2703 3839 3115 3920 ξυναπαχθέντα
3150 3850 3352 3922 ῥοθίοις
3385 3851 3518 3921 πρὸς
3552 3851 3668 3920 ἀδήο

2122 3947 2246 4008 λους
2268 3948 2363 4000 καὶ
2376 3945 2757 4015 άτεκμάρτους
2778 3942 3033 4013 ἐσχατιὰς
3056 3942 3455 4014 καταφέρηται,
3476 3941 3669 4016 ῥαχίαις

2122 4040 2216 4095 καὶ
2248 4040 2476 4110 πέτραις
2503 4037 2681 4093 ἄλλοτ’
2710 4036 2898 4097 ἄλλαις
2928 4034 3267 4106 ρηγνύμενα.
3306 4036 3442 4102 Hegi.
3468 4032 3538 4090 ὧν
3557 4035 3668 4088 πολ-

2121 4131 2203 4187 λοί
2228 4150 2319 4203 μοι
2341 4132 2599 4194 πολλάκις
2633 4128 3095 4201 προσεληλυθότες
3121 4129 3230 4183 τῶν
3254 4130 3425 4202 ἀρετῇ
3451 4132 3538 4185 καὶ
3557 4146 3663 4182 συνο

2122 4227 2236 4282 έσει
2266 4226 2362 4281 καὶ
2384 4224 2714 4295 καθαρότητι
2741 4222 2859 4295 βίου
2881 4222 2974 4279 καὶ
3001 4222 3240 4287 πίστεως
3264 4222 3540 4294 ὀρθοδόξου
3562 4224 3661 4276 δια-

2120 4315 2446 4389 λαμπόντων
2485 4314 2713 4386 δεύτερα
2759 4312 3007 4368 τίθεσθαι
3047 4314 3221 4369 τᾶλλα
3269 4331 3340 4383 με
3372 4313 3659 4383 ξυνώθησαν

2122 4409 2341 4465 ἅπαντα
2365 4407 2781 4477 κινδυνευούσης
2803 4408 2901 4478 τῆς
2930 4405 3213 4470 εὐσεϐείας
3232 4407 3553 4480 ’,ἐχεμυθεῖν
3569 4404 3659 4474 γὰρ

2127 4498 2256 4562 ίσως
2296 4499 2410 4569 (2‘2)
2442 4500 2614 4554 ἐνίοτε
2650 4499 2786 4570 πρὸς
2817 4495 3011 4562 τᾶλλα,
3047 4497 3134 4552 διὰ
3165 4496 3352 4567 φιλίαν
3394 4495 3659 4571 χαριζομέ-

2123 4605 2248 4653 νους
2274 4588 2448 4653 ένίους
2474 4589 2599 4653 τοὺς
2628 4587 2938 4660 γράφοντας
2972 4587 3249 4657 ἄφθογγον
3279 4588 3516 4659 γλώττης
3543 4586 3601 4641 πό
3610 4603 3660 4656 ρ-

2121 4679 2262 4747 οδον,
2306 4679 2661 4749 ἀνεπίφθονον
2710 4677 2853 4734 εἶναι
2901 4678 3223 4751 δοθήσεσθαι
3272 4679 3341 4734 ἂν
3385 4682 3509 4744 ἴσως
3541 4678 3656 4749 πρὸς

2121 4770 2300 4835 ἐνίων,
2350 4769 2463 4822 ὅσοι
2504 4768 2707 4838 φιλίαις
2734 4767 3013 4832 τοιαύταις
3059 4768 3329 4838 ἡττῶνται
3376 4769 3468 4823 καὶ
3505 4767 3655 4828 άλλως

2121 4861 2403 4930 ἀστόργως
2456 4858 2600 4928 ἔχειν
2649 4859 2928 4926 πεφύκασι
2984 4858 3120 4929 πρὸς
3170 4857 3476 4929 λοιδορίανο
3519 4851 3574 4911 οὗ
3607 4856 3655 4908 δὲ
3698 4922 3708 4929 δ

2121 4953 2252 5015 Θεὸς
2287 4952 2349 5005 τὺ
2386 4951 2843 5022 κινδυνευόμενον,
2870 4949 3040 5004 τᾶλλα
3072 4951 3510 5021 παρατρέχοντας
3539 4949 3656 5020 πρὸς

2120 5043 2283 5100 αὐτὸν
2324 5045 2483 5115 μόνον
2533 5041 2773 5114 βλέπειν,
2818 5045 3050 5115 πάτριον
3082 5034 3226 5097 είνάι
3272 5043 3446 5113 δόγμα
3489 5059 3544 5096 τε
3577 5038 3657 5093 καὶ

2122 5133 2511 5206 παράγγελμα.
3686 5139 3696 5148 ”

2195 5310 2281 5383 [Ρ.
2319 5308 2448 5381 555]
2480 5311 2519 5363 Β
2538 5349 2553 5367 .
2596 5308 2701 5364 Τοῦ
2746 5311 2853 5382 γάρ
2878 5329 2957 5367 τοι
2983 5312 3254 5382 βασιλέως
3277 5317 3540 5389 τεττάρων
3567 5312 3660 5385 ήδη

1784 5446 2111 5509 Variorum
2150 5426 2342 5509 noue.

527 5565 1218 5642 (2l_)lloc_loco_Grcgoras
1246 5568 1426 5642 innuit
1465 5584 1521 5623 se
1574 5569 1646 5642 ad
1684 5570 1873 5642 synodi
1913 5571 2014 5625 Pa-

452 5638 710 5693 lamitica:
744 5636 1025 5693 bistoriam
1052 5637 1398 5691 scribendam
1447 5636 1744 5696 accessisse
1792 5641 2013 5696 circiter

454 5709 589 5779 illud
623 5717 855 5774 tempus,
880 5723 989 5777 quo
1033 5707 1287 5779 triremes
1321 5708 1540 5762 Veneta:
1592 5711 2007 5779 quatuordecint

454 5777 509 5848 in
545 5777 871 5848 Byzantinos
902 5776 1095 5848 portus
1150 5776 1547 5848 delataasunt,
1610 5776 1810 5848 itetnpe
1861 5797 2009 5834 anno

2117 5570 2349 5642 scriptos
2396 5572 2566 5628 fuisse
2613 5588 2703 5627 an.
2742 5573 3053 5633 Citr.1352
3095 5577 3379 5634 mensibus
3418 5575 3555 5633 Juiio
3605 5581 3658 5626 et

2116 5641 2383 5711 Angusto,
2417 5644 2553 5697 utin
2578 5645 2695 5699 Vita
2727 5645 2846 5713 eius
2877 5646 3320 5702 observavimus.
3352 5650 3546 5704 liotvur.

2189 5712 2300 5785 (‘22)
2332 5713 2467 5766 Tota
2501 5712 2840 5785 constructio
2874 5715 3131 5785 perplexa
3162 5727 3219 5770 et
3248 5718 3511 5772 salebrosa
3555 5718 3658 5767 est.

2116 5783 2428 5857 ξΑφθογγον
2454 5782 2701 5857 γλώττης
2730 5782 3323 5857 πάροδον”χαρίζεσθαι
3375 5786 3653 5855 dithyram-

454 5847 848 5923 tlhﬂStidBSi,
881 5863 1009 5901 vero
1046 5847 1286 5923 ineunte.
1320 5847 1551 5903 Aliunde
1585 5847 1763 5923 tamen
1797 5862 2007 5923 constat
2113 5847 2239 5907 bunt
2275 5847 2431 5923 sapit.
2464 5847 2675 5909 130wth

455 5916 603 5971 hunc
634 5915 855 5986 librum,
896 5928 949 5973 et
973 5934 1164 5973 novent
1195 5916 1454 5989 deinceps
1482 5922 1791 5989 continuos,
1830 5922 1896 5977 ab
1939 5940 2004 5978 co
