  <div class='ocr_page' id='page_1' title='image "/cluster/home/n/w/nwhite01/storage/ocr_20150623/148/hvd.32044019208362/582.png"; bbox 0 0 3920 6576; ppageno 0'>
   <div class='ocr_carea' id='block_1_1' title="bbox 253 368 981 436">
    <p class='ocr_par' dir='ltr' id='par_1_1' title="bbox 253 368 981 436">
     <span class='ocr_line' id='line_1_1' title="bbox 253 368 981 436; baseline -0.016 -8"><span class='ocrx_word' id='word_1_1' title='bbox 253 375 386 428; x_wconf 72' lang='lat' dir='ltr'><strong>ll-t‘)</strong></span> <span class='ocrx_word' id='word_1_2' title='bbox 621 378 788 436; x_wconf 62' lang='grc' dir='ltr'>νινε.</span> <span class='ocrx_word' id='word_1_3' title='bbox 819 368 981 436; x_wconf 73' lang='grc'><strong>15511</strong></span> 
     </span>
    </p>
   </div>
   <div class='ocr_carea' id='block_1_2' title="bbox 1197 344 3487 434">
    <p class='ocr_par' dir='ltr' id='par_1_2' title="bbox 1197 344 3487 434">
     <span class='ocr_line' id='line_1_2' title="bbox 1197 344 3487 434; baseline -0.007 -7"><span class='ocrx_word' id='word_1_4' title='bbox 1197 366 1645 431; x_wconf 75' lang='lat' dir='ltr'><strong>BYZANTIN/E</strong></span> <span class='ocrx_word' id='word_1_5' title='bbox 1684 369 2070 434; x_wconf 61' lang='lat' dir='ltr'><strong>Hismara;</strong></span> <span class='ocrx_word' id='word_1_6' title='bbox 2112 344 2503 430; x_wconf 75' lang='lat' dir='ltr'><strong>LtB.X\-’Iit</strong></span> <span class='ocrx_word' id='word_1_7' title='bbox 2605 358 2817 431; x_wconf 56' lang='lat' dir='ltr'><strong>tu.»</strong></span> <span class='ocrx_word' id='word_1_8' title='bbox 2855 366 3146 411; x_wconf 69' lang='lat' dir='ltr'><strong>unum.</strong></span> <span class='ocrx_word' id='word_1_9' title='bbox 3186 351 3242 423; x_wconf 70' lang='lat'><strong>51</strong></span> <span class='ocrx_word' id='word_1_10' title='bbox 3351 349 3487 416; x_wconf 71' lang='lat'><strong>1146</strong></span> 
     </span>
    </p>
   </div>
   <div class='ocr_carea' id='block_1_3' title="bbox 258 465 1839 559">
    <p class='ocr_par' dir='ltr' id='par_1_3' title="bbox 258 481 1825 559">
     <span class='ocr_line' id='line_1_3' title="bbox 258 481 1825 559; baseline 0.004 -22"><span class='ocrx_word' id='word_1_11' title='bbox 258 483 345 537; x_wconf 80' lang='grc' dir='ltr'>καὶ</span> <span class='ocrx_word' id='word_1_12' title='bbox 380 482 575 550; x_wconf 77' lang='grc' dir='ltr'>δόξανς</span> <span class='ocrx_word' id='word_1_13' title='bbox 605 484 990 555; x_wconf 77' lang='grc' dir='ltr'>Μνήσθητιὸτι</span> <span class='ocrx_word' id='word_1_14' title='bbox 1034 484 1224 555; x_wconf 79' lang='grc' dir='ltr'>θνητὸς</span> <span class='ocrx_word' id='word_1_15' title='bbox 1254 481 1309 541; x_wconf 65' lang='lat' dir='ltr'><strong>ei</strong></span> <span class='ocrx_word' id='word_1_16' title='bbox 1329 490 1420 541; x_wconf 76' lang='grc' dir='ltr'>καὶ</span> <span class='ocrx_word' id='word_1_17' title='bbox 1470 487 1673 559; x_wconf 78' lang='grc' dir='ltr'>θνητὴν</span> <span class='ocrx_word' id='word_1_18' title='bbox 1700 488 1825 543; x_wconf 79' lang='grc' dir='ltr'>ἐλα-</span> 
     </span>
    </p>
   </div>
   <div class='ocr_carea' id='block_1_4' title="bbox 1940 465 3489 559">
    <p class='ocr_par' dir='ltr' id='par_1_4' title="bbox 1940 465 3489 557">
     <span class='ocr_line' id='line_1_4' title="bbox 1940 465 3489 557; baseline -0.015 -15"><span class='ocrx_word' id='word_1_19' title='bbox 1940 488 2166 557; x_wconf 73' lang='lat' dir='ltr'><strong>primum</strong></span> <span class='ocrx_word' id='word_1_20' title='bbox 2205 481 2526 539; x_wconf 81' lang='lat' dir='ltr'><strong>hominem?</strong></span> <span class='ocrx_word' id='word_1_21' title='bbox 2561 479 2674 535; x_wconf 89' lang='lat' dir='ltr'><strong>Cur</strong></span> <span class='ocrx_word' id='word_1_22' title='bbox 2697 474 2848 546; x_wconf 82' lang='lat' dir='ltr'><strong>cogis</strong></span> <span class='ocrx_word' id='word_1_23' title='bbox 2872 484 3073 530; x_wconf 87' lang='lat' dir='ltr'><strong>terram</strong></span> <span class='ocrx_word' id='word_1_24' title='bbox 3129 468 3213 523; x_wconf 89' lang='lat' dir='ltr'><strong>eis</strong></span> <span class='ocrx_word' id='word_1_25' title='bbox 3255 465 3489 519; x_wconf 76' lang='lat' dir='ltr'><strong>tribulos</strong></span> 
     </span>
    </p>
   </div>
   <div class='ocr_carea' id='block_1_5' title="bbox 254 573 1821 649">
    <p class='ocr_par' dir='ltr' id='par_1_5' title="bbox 254 573 1821 649">
     <span class='ocr_line' id='line_1_5' title="bbox 254 573 1821 649; baseline 0.004 -24"><span class='ocrx_word' id='word_1_26' title='bbox 254 592 346 644; x_wconf 85' lang='grc' dir='ltr'><strong>χες</strong></span> <span class='ocrx_word' id='word_1_27' title='bbox 396 573 582 644; x_wconf 88' lang='grc' dir='ltr'>φύσιν.</span> <span class='ocrx_word' id='word_1_28' title='bbox 623 575 860 644; x_wconf 76' lang='grc' dir='ltr'>Φοδερὸν</span> <span class='ocrx_word' id='word_1_29' title='bbox 900 577 963 630; x_wconf 78' lang='grc' dir='ltr'>τὸ</span> <span class='ocrx_word' id='word_1_30' title='bbox 1014 576 1279 645; x_wconf 79' lang='grc' dir='ltr'><strong>ἐμπεσεῖν</strong></span> <span class='ocrx_word' id='word_1_31' title='bbox 1330 580 1411 640; x_wconf 87' lang='grc' dir='ltr'><strong>είς</strong></span> <span class='ocrx_word' id='word_1_32' title='bbox 1451 580 1640 649; x_wconf 83' lang='grc' dir='ltr'>χεῖρας</span> <span class='ocrx_word' id='word_1_33' title='bbox 1685 577 1821 634; x_wconf 87' lang='grc' dir='ltr'>Θεοῦ</span> 
     </span>
    </p>
   </div>
   <div class='ocr_carea' id='block_1_6' title="bbox 255 667 1821 741">
    <p class='ocr_par' dir='ltr' id='par_1_6' title="bbox 255 667 1821 741">
     <span class='ocr_line' id='line_1_6' title="bbox 255 667 1821 741; baseline 0.003 -22"><span class='ocrx_word' id='word_1_34' title='bbox 255 667 472 731; x_wconf 81' lang='grc' dir='ltr'>ζῶντος.</span> <span class='ocrx_word' id='word_1_35' title='bbox 507 668 593 740; x_wconf 85' lang='grc' dir='ltr'><strong>[Ρ.</strong></span> <span class='ocrx_word' id='word_1_36' title='bbox 620 667 750 740; x_wconf 79' lang='lat'><strong>557]</strong></span> <span class='ocrx_word' id='word_1_37' title='bbox 804 669 940 723; x_wconf 85' lang='grc' dir='ltr'>Είπέ</span> <span class='ocrx_word' id='word_1_38' title='bbox 972 670 1087 734; x_wconf 82' lang='grc' dir='ltr'><strong>πῶς</strong></span> <span class='ocrx_word' id='word_1_39' title='bbox 1120 671 1280 725; x_wconf 79' lang='grc' dir='ltr'>ἄλλαι</span> <span class='ocrx_word' id='word_1_40' title='bbox 1333 673 1432 739; x_wconf 78' lang='grc' dir='ltr'>μὲν</span> <span class='ocrx_word' id='word_1_41' title='bbox 1457 673 1513 725; x_wconf 86' lang='grc' dir='ltr'><strong>αί</strong></span> <span class='ocrx_word' id='word_1_42' title='bbox 1543 671 1821 741; x_wconf 84' lang='grc' dir='ltr'><strong>τεττάρων</strong></span> 
     </span>
    </p>
   </div>
   <div class='ocr_carea' id='block_1_7' title="bbox 253 758 1823 833">
    <p class='ocr_par' dir='ltr' id='par_1_7' title="bbox 253 758 1823 833">
     <span class='ocr_line' id='line_1_7' title="bbox 253 758 1823 833; baseline 0.004 -22"><span class='ocrx_word' id='word_1_43' title='bbox 253 759 349 829; x_wconf 69' lang='grc' dir='ltr'>ἤδη</span> <span class='ocrx_word' id='word_1_44' title='bbox 380 760 516 813; x_wconf 83' lang='grc' dir='ltr'>ἐτῶν</span> <span class='ocrx_word' id='word_1_45' title='bbox 542 761 865 829; x_wconf 72' lang='grc' dir='ltr'><strong>ἐπαγγελίαι</strong></span> <span class='ocrx_word' id='word_1_46' title='bbox 891 761 1002 833; x_wconf 75' lang='lat'><strong>(26)</strong></span> <span class='ocrx_word' id='word_1_47' title='bbox 1036 762 1199 831; x_wconf 76' lang='grc' dir='ltr'>ἔτερα</span> <span class='ocrx_word' id='word_1_48' title='bbox 1227 762 1274 815; x_wconf 80' lang='grc' dir='ltr'>δ’</span> <span class='ocrx_word' id='word_1_49' title='bbox 1308 758 1374 816; x_wconf 76' lang='grc' dir='ltr'>αὖ</span> <span class='ocrx_word' id='word_1_50' title='bbox 1405 761 1475 816; x_wconf 77' lang='grc' dir='ltr'>τὰ</span> <span class='ocrx_word' id='word_1_51' title='bbox 1501 763 1634 831; x_wconf 82' lang='grc' dir='ltr'>τέλη</span> <span class='ocrx_word' id='word_1_52' title='bbox 1658 778 1675 830; x_wconf 83' lang='grc'><strong>;</strong></span> <span class='ocrx_word' id='word_1_53' title='bbox 1704 764 1823 817; x_wconf 84' lang='grc' dir='ltr'><strong>Κα-</strong></span> 
     </span>
    </p>
   </div>
   <div class='ocr_carea' id='block_1_8' title="bbox 252 849 1820 926">
    <p class='ocr_par' dir='ltr' id='par_1_8' title="bbox 252 849 1820 926">
     <span class='ocr_line' id='line_1_8' title="bbox 252 849 1820 926; baseline 0.004 -23"><span class='ocrx_word' id='word_1_54' title='bbox 252 849 468 923; x_wconf 81' lang='grc' dir='ltr'>θολικὴν</span> <span class='ocrx_word' id='word_1_55' title='bbox 524 853 622 923; x_wconf 85' lang='grc' dir='ltr'>μὲν</span> <span class='ocrx_word' id='word_1_56' title='bbox 650 853 759 924; x_wconf 75' lang='grc' dir='ltr'><strong>γὰρ</strong></span> <span class='ocrx_word' id='word_1_57' title='bbox 796 854 1160 926; x_wconf 79' lang='grc' dir='ltr'>πεποιηκέναι</span> <span class='ocrx_word' id='word_1_58' title='bbox 1203 853 1422 908; x_wconf 81' lang='grc' dir='ltr'><strong>σύνοδον</strong></span> <span class='ocrx_word' id='word_1_59' title='bbox 1447 853 1518 908; x_wconf 76' lang='grc' dir='ltr'>τὰ</span> <span class='ocrx_word' id='word_1_60' title='bbox 1563 853 1668 923; x_wconf 81' lang='grc' dir='ltr'>τῆς</span> <span class='ocrx_word' id='word_1_61' title='bbox 1721 854 1820 921; x_wconf 80' lang='grc' dir='ltr'>σῆς</span> 
     </span>
    </p>
   </div>
   <div class='ocr_carea' id='block_1_9' title="bbox 253 940 1823 1019">
    <p class='ocr_par' dir='ltr' id='par_1_9' title="bbox 253 940 1823 1019">
     <span class='ocr_line' id='line_1_9' title="bbox 253 940 1823 1019; baseline 0.002 -23"><span class='ocrx_word' id='word_1_62' title='bbox 253 944 583 1013; x_wconf 77' lang='grc' dir='ltr'><strong>ἐπαγγελίας</strong></span> <span class='ocrx_word' id='word_1_63' title='bbox 603 940 694 1017; x_wconf 81' lang='grc' dir='ltr'>ἦν,</span> <span class='ocrx_word' id='word_1_64' title='bbox 728 946 1083 1019; x_wconf 86' lang='grc' dir='ltr'>πατριαρχῶν</span> <span class='ocrx_word' id='word_1_65' title='bbox 1107 947 1363 1016; x_wconf 68' lang='grc' dir='ltr'>ἁπάντων</span> <span class='ocrx_word' id='word_1_66' title='bbox 1389 946 1823 1015; x_wconf 48' lang='grc' dir='ltr'>καὶίέπισκόπων</span> 
     </span>
    </p>
   </div>
   <div class='ocr_carea' id='block_1_10' title="bbox 251 1035 1826 1112">
    <p class='ocr_par' dir='ltr' id='par_1_10' title="bbox 251 1035 1826 1112">
     <span class='ocr_line' id='line_1_10' title="bbox 251 1035 1826 1112; baseline 0.003 -25"><span class='ocrx_word' id='word_1_67' title='bbox 251 1035 557 1104; x_wconf 73' lang='grc' dir='ltr'><strong>κληθέντων</strong></span> <span class='ocrx_word' id='word_1_68' title='bbox 577 1053 591 1067; x_wconf 85' lang='lat'><strong>&#39;</strong></span> <span class='ocrx_word' id='word_1_69' title='bbox 615 1038 709 1091; x_wconf 92' lang='grc' dir='ltr'><strong>νῦν</strong></span> <span class='ocrx_word' id='word_1_70' title='bbox 740 1039 783 1092; x_wconf 78' lang='grc' dir='ltr'>δ’</span> <span class='ocrx_word' id='word_1_71' title='bbox 799 1039 918 1093; x_wconf 80' lang='grc' dir='ltr'>οὐδὲ</span> <span class='ocrx_word' id='word_1_72' title='bbox 949 1040 1180 1112; x_wconf 83' lang='grc' dir='ltr'>μερικοῦ</span> <span class='ocrx_word' id='word_1_73' title='bbox 1205 1058 1351 1105; x_wconf 79' lang='grc' dir='ltr'>τινος</span> <span class='ocrx_word' id='word_1_74' title='bbox 1384 1039 1503 1110; x_wconf 83' lang='grc' dir='ltr'>ίχνη</span> <span class='ocrx_word' id='word_1_75' title='bbox 1528 1041 1826 1105; x_wconf 75' lang='grc' dir='ltr'>διασώζου-</span> 
     </span>
    </p>
   </div>
   <div class='ocr_carea' id='block_1_11' title="bbox 251 1125 1826 1201">
    <p class='ocr_par' dir='ltr' id='par_1_11' title="bbox 251 1125 1826 1201">
     <span class='ocr_line' id='line_1_11' title="bbox 251 1125 1826 1201; baseline 0.003 -24"><span class='ocrx_word' id='word_1_76' title='bbox 251 1131 350 1179; x_wconf 86' lang='grc' dir='ltr'><strong>σαν</strong></span> <span class='ocrx_word' id='word_1_77' title='bbox 379 1125 683 1196; x_wconf 73' lang='grc' dir='ltr'>σχεδιάζεις</span> <span class='ocrx_word' id='word_1_78' title='bbox 709 1127 1124 1201; x_wconf 80' lang='grc' dir='ltr'>βουλευτηρίου.</span> <span class='ocrx_word' id='word_1_79' title='bbox 1158 1131 1267 1183; x_wconf 78' lang='grc' dir='ltr'><strong>Καὶ</strong></span> <span class='ocrx_word' id='word_1_80' title='bbox 1298 1132 1431 1200; x_wconf 80' lang='grc' dir='ltr'>πρὶν</span> <span class='ocrx_word' id='word_1_81' title='bbox 1462 1130 1563 1200; x_wconf 85' lang='grc' dir='ltr'>μὲν</span> <span class='ocrx_word' id='word_1_82' title='bbox 1594 1129 1826 1184; x_wconf 85' lang='grc' dir='ltr'>ἐλπίδων</span> 
     </span>
    </p>
   </div>
   <div class='ocr_carea' id='block_1_12' title="bbox 254 1213 1826 1290">
    <p class='ocr_par' dir='ltr' id='par_1_12' title="bbox 254 1213 1826 1290">
     <span class='ocr_line' id='line_1_12' title="bbox 254 1213 1826 1290; baseline 0.004 -23"><span class='ocrx_word' id='word_1_83' title='bbox 254 1213 376 1288; x_wconf 74' lang='grc' dir='ltr'>ἴχνη</span> <span class='ocrx_word' id='word_1_84' title='bbox 430 1218 779 1287; x_wconf 82' lang='grc' dir='ltr'><strong>διορθώσεως</strong></span> <span class='ocrx_word' id='word_1_85' title='bbox 836 1219 945 1275; x_wconf 84' lang='grc' dir='ltr'><strong>τῶν</strong></span> <span class='ocrx_word' id='word_1_86' title='bbox 1000 1221 1096 1275; x_wconf 90' lang='grc' dir='ltr'><strong>τοῦ</strong></span> <span class='ocrx_word' id='word_1_87' title='bbox 1149 1221 1388 1290; x_wconf 84' lang='grc' dir='ltr'>Παλαμᾶ</span> <span class='ocrx_word' id='word_1_88' title='bbox 1449 1220 1826 1289; x_wconf 72' lang='grc' dir='ltr'>καινοφωνιῶγ</span> 
     </span>
    </p>
   </div>
   <div class='ocr_carea' id='block_1_13' title="bbox 249 1300 1827 1383">
    <p class='ocr_par' dir='ltr' id='par_1_13' title="bbox 249 1300 1827 1383">
     <span class='ocr_line' id='line_1_13' title="bbox 249 1300 1827 1383; baseline 0.004 -25"><span class='ocrx_word' id='word_1_89' title='bbox 249 1306 857 1377; x_wconf 55' lang='grc' dir='ltr'>ἔϐοσκονμτὰςζέκείνων</span> <span class='ocrx_word' id='word_1_90' title='bbox 874 1310 1056 1382; x_wconf 82' lang='grc' dir='ltr'>ψυχάς</span> <span class='ocrx_word' id='word_1_91' title='bbox 1081 1328 1096 1343; x_wconf 78' lang='grc'><strong>⁸</strong></span> <span class='ocrx_word' id='word_1_92' title='bbox 1128 1311 1223 1366; x_wconf 91' lang='grc' dir='ltr'><strong>νῦν</strong></span> <span class='ocrx_word' id='word_1_93' title='bbox 1261 1314 1320 1368; x_wconf 78' lang='grc' dir='ltr'>δὲ</span> <span class='ocrx_word' id='word_1_94' title='bbox 1347 1300 1677 1383; x_wconf 67' lang='grc' dir='ltr'>τυραννικὸν</span> <span class='ocrx_word' id='word_1_95' title='bbox 1714 1312 1827 1381; x_wconf 80' lang='grc' dir='ltr'><strong>ὁρῶ</strong></span> 
     </span>
    </p>
   </div>
   <div class='ocr_carea' id='block_1_14' title="bbox 253 1401 1820 1477">
    <p class='ocr_par' dir='ltr' id='par_1_14' title="bbox 253 1401 1820 1477">
     <span class='ocr_line' id='line_1_14' title="bbox 253 1401 1820 1477; baseline 0.003 -24"><span class='ocrx_word' id='word_1_96' title='bbox 253 1417 313 1453; x_wconf 87' lang='grc' dir='ltr'><strong>σε</strong></span> <span class='ocrx_word' id='word_1_97' title='bbox 346 1401 498 1471; x_wconf 82' lang='grc' dir='ltr'>βῆμα</span> <span class='ocrx_word' id='word_1_98' title='bbox 524 1402 1004 1473; x_wconf 75' lang='grc' dir='ltr'>παρασκευάζοντα</span> <span class='ocrx_word' id='word_1_99' title='bbox 1035 1405 1128 1458; x_wconf 82' lang='grc' dir='ltr'>σὸν</span> <span class='ocrx_word' id='word_1_100' title='bbox 1154 1407 1213 1460; x_wconf 80' lang='grc' dir='ltr'><strong>ἐν</strong></span> <span class='ocrx_word' id='word_1_101' title='bbox 1245 1406 1419 1477; x_wconf 77' lang='grc' dir='ltr'>γωνίᾳ</span> <span class='ocrx_word' id='word_1_102' title='bbox 1467 1407 1722 1473; x_wconf 85' lang='grc' dir='ltr'>καθάπερ</span> <span class='ocrx_word' id='word_1_103' title='bbox 1759 1406 1820 1458; x_wconf 90' lang='grc' dir='ltr'><strong>ἐν</strong></span> 
     </span>
    </p>
   </div>
   <div class='ocr_carea' id='block_1_15' title="bbox 218 1492 1827 1568">
    <p class='ocr_par' dir='ltr' id='par_1_15' title="bbox 218 1492 1827 1568">
     <span class='ocr_line' id='line_1_15' title="bbox 218 1492 1827 1568; baseline 0.003 -26"><span class='ocrx_word' id='word_1_104' title='bbox 218 1512 226 1520; x_wconf 66' lang='grc'><em>’</em></span> <span class='ocrx_word' id='word_1_105' title='bbox 252 1492 747 1566; x_wconf 81' lang='grc' dir='ltr'>σπηλαίῳλῃστῶν.</span> <span class='ocrx_word' id='word_1_106' title='bbox 785 1494 909 1559; x_wconf 82' lang='grc' dir='ltr'>Πῶς</span> <span class='ocrx_word' id='word_1_107' title='bbox 934 1494 1044 1568; x_wconf 85' lang='grc' dir='ltr'><strong>γὰρ</strong></span> <span class='ocrx_word' id='word_1_108' title='bbox 1068 1498 1153 1565; x_wconf 78' lang='grc' dir='ltr'>εἴη</span> <span class='ocrx_word' id='word_1_109' title='bbox 1177 1495 1245 1549; x_wconf 83' lang='grc' dir='ltr'>ἂν</span> <span class='ocrx_word' id='word_1_110' title='bbox 1278 1496 1517 1558; x_wconf 85' lang='grc' dir='ltr'>σύνοδος,</span> <span class='ocrx_word' id='word_1_111' title='bbox 1535 1495 1644 1549; x_wconf 83' lang='grc' dir='ltr'><strong>τῶν</strong></span> <span class='ocrx_word' id='word_1_112' title='bbox 1667 1494 1827 1548; x_wconf 87' lang='grc' dir='ltr'>θείων</span> 
     </span>
    </p>
   </div>
   <div class='ocr_carea' id='block_1_16' title="bbox 249 1581 1825 1657">
    <p class='ocr_par' dir='ltr' id='par_1_16' title="bbox 249 1581 1825 1657">
     <span class='ocr_line' id='line_1_16' title="bbox 249 1581 1825 1657; baseline 0.004 -23"><span class='ocrx_word' id='word_1_113' title='bbox 249 1581 352 1651; x_wconf 82' lang='grc' dir='ltr'>τῆς</span> <span class='ocrx_word' id='word_1_114' title='bbox 369 1581 695 1654; x_wconf 84' lang='grc' dir='ltr'>Ἐκκλησίας</span> <span class='ocrx_word' id='word_1_115' title='bbox 722 1584 966 1639; x_wconf 80' lang='grc' dir='ltr'>κανόνων</span> <span class='ocrx_word' id='word_1_116' title='bbox 988 1586 1081 1640; x_wconf 76' lang='grc' dir='ltr'>καὶ</span> <span class='ocrx_word' id='word_1_117' title='bbox 1106 1586 1324 1654; x_wconf 78' lang='grc' dir='ltr'>θεσμῶν</span> <span class='ocrx_word' id='word_1_118' title='bbox 1346 1586 1635 1657; x_wconf 83' lang='grc' dir='ltr'>ὑπερόριος</span> <span class='ocrx_word' id='word_1_119' title='bbox 1654 1585 1825 1652; x_wconf 84' lang='grc' dir='ltr'>οῦσα;</span> 
     </span>
    </p>
   </div>
   <div class='ocr_carea' id='block_1_17' title="bbox 250 1675 1827 1749">
    <p class='ocr_par' dir='ltr' id='par_1_17' title="bbox 250 1675 1827 1749">
     <span class='ocr_line' id='line_1_17' title="bbox 250 1675 1827 1749; baseline 0.003 -23"><span class='ocrx_word' id='word_1_120' title='bbox 250 1675 503 1737; x_wconf 76' lang='grc' dir='ltr'>Κανόνας</span> <span class='ocrx_word' id='word_1_121' title='bbox 532 1676 641 1746; x_wconf 85' lang='grc' dir='ltr'><strong>γάρ</strong></span> <span class='ocrx_word' id='word_1_122' title='bbox 679 1677 748 1731; x_wconf 77' lang='grc' dir='ltr'><strong>ἐκ</strong></span> <span class='ocrx_word' id='word_1_123' title='bbox 785 1679 1100 1749; x_wconf 84' lang='grc' dir='ltr'>μεταφορᾶς</span> <span class='ocrx_word' id='word_1_124' title='bbox 1128 1678 1412 1732; x_wconf 84' lang='grc' dir='ltr'>καλεῖσθαι</span> <span class='ocrx_word' id='word_1_125' title='bbox 1455 1680 1827 1748; x_wconf 77' lang='grc' dir='ltr'>ξυμπέπτωκε</span> 
     </span>
    </p>
   </div>
   <div class='ocr_carea' id='block_1_18' title="bbox 1923 560 3490 645">
    <p class='ocr_par' dir='ltr' id='par_1_18' title="bbox 1923 560 3490 645">
     <span class='ocr_line' id='line_1_18' title="bbox 1923 560 3490 645; baseline -0.019 -6"><span class='ocrx_word' id='word_1_126' title='bbox 1923 591 1982 640; x_wconf 82' lang='lat' dir='ltr'><strong>et:</strong></span> <span class='ocrx_word' id='word_1_127' title='bbox 2005 594 2373 637; x_wconf 70' lang='lat' dir='ltr'><strong>aerumnarum</strong></span> <span class='ocrx_word' id='word_1_128' title='bbox 2396 576 2585 645; x_wconf 89' lang='lat' dir='ltr'><strong>spinas</strong></span> <span class='ocrx_word' id='word_1_129' title='bbox 2614 571 2953 642; x_wconf 71' lang='lat' dir='ltr'><strong>germinare,</strong></span> <span class='ocrx_word' id='word_1_130' title='bbox 2997 574 3052 620; x_wconf 91' lang='lat' dir='ltr'><strong>et</strong></span> <span class='ocrx_word' id='word_1_131' title='bbox 3079 573 3285 618; x_wconf 88' lang='lat' dir='ltr'><strong>tantam</strong></span> <span class='ocrx_word' id='word_1_132' title='bbox 3312 560 3490 629; x_wconf 78' lang='lat' dir='ltr'><strong>laery-</strong></span> 
     </span>
    </p>
   </div>
   <div class='ocr_carea' id='block_1_19' title="bbox 1923 649 3492 736">
    <p class='ocr_par' dir='ltr' id='par_1_19' title="bbox 1923 649 3492 736">
     <span class='ocr_line' id='line_1_19' title="bbox 1923 649 3492 736; baseline -0.019 -6"><span class='ocrx_word' id='word_1_133' title='bbox 1923 688 2136 730; x_wconf 87' lang='lat' dir='ltr'><strong>marum</strong></span> <span class='ocrx_word' id='word_1_134' title='bbox 2162 668 2470 725; x_wconf 89' lang='lat' dir='ltr'><strong>amaritiem</strong></span> <span class='ocrx_word' id='word_1_135' title='bbox 2501 661 2811 736; x_wconf 86' lang='lat' dir='ltr'><strong>parturire?</strong></span> <span class='ocrx_word' id='word_1_136' title='bbox 2837 659 2950 715; x_wconf 83' lang='lat' dir='ltr'><strong>Cur</strong></span> <span class='ocrx_word' id='word_1_137' title='bbox 2984 652 3285 711; x_wconf 87' lang='lat' dir='ltr'><strong>infortunia</strong></span> <span class='ocrx_word' id='word_1_138' title='bbox 3319 658 3374 703; x_wconf 86' lang='lat' dir='ltr'><strong>et</strong></span> <span class='ocrx_word' id='word_1_139' title='bbox 3395 649 3492 701; x_wconf 76' lang='lat' dir='ltr'><strong>do-</strong></span> 
     </span>
    </p>
   </div>
   <div class='ocr_carea' id='block_1_20' title="bbox 1922 742 3492 835">
    <p class='ocr_par' dir='ltr' id='par_1_20' title="bbox 1922 742 3492 835">
     <span class='ocr_line' id='line_1_20' title="bbox 1922 742 3492 835; baseline -0.018 -14"><span class='ocrx_word' id='word_1_140' title='bbox 1922 766 2092 827; x_wconf 83' lang='lat' dir='ltr'><strong>lores,</strong></span> <span class='ocrx_word' id='word_1_141' title='bbox 2122 777 2247 818; x_wconf 90' lang='lat' dir='ltr'><strong>cum</strong></span> <span class='ocrx_word' id='word_1_142' title='bbox 2284 759 2533 835; x_wconf 68' lang='lat' dir='ltr'><strong>lanitium</strong></span> <span class='ocrx_word' id='word_1_143' title='bbox 2561 766 2615 811; x_wconf 86' lang='lat' dir='ltr'><strong>et</strong></span> <span class='ocrx_word' id='word_1_144' title='bbox 2643 752 2989 823; x_wconf 85' lang='lat' dir='ltr'><strong>splendorem</strong></span> <span class='ocrx_word' id='word_1_145' title='bbox 3019 747 3180 803; x_wconf 79' lang='lat' dir='ltr'><strong>facile</strong></span> <span class='ocrx_word' id='word_1_146' title='bbox 3210 743 3321 799; x_wconf 86' lang='lat' dir='ltr'><strong>sit?</strong></span> <span class='ocrx_word' id='word_1_147' title='bbox 3384 742 3492 794; x_wconf 74' lang='lat' dir='ltr'><strong>Me-</strong></span> 
     </span>
    </p>
   </div>
   <div class='ocr_carea' id='block_1_21' title="bbox 1924 837 3491 914">
    <p class='ocr_par' dir='ltr' id='par_1_21' title="bbox 1924 837 3491 914">
     <span class='ocr_line' id='line_1_21' title="bbox 1924 837 3491 914; baseline -0.019 0"><span class='ocrx_word' id='word_1_148' title='bbox 1924 867 2114 914; x_wconf 87' lang='lat' dir='ltr'><strong>mento</strong></span> <span class='ocrx_word' id='word_1_149' title='bbox 2145 853 2434 910; x_wconf 89' lang='lat' dir='ltr'><strong>mortalem</strong></span> <span class='ocrx_word' id='word_1_150' title='bbox 2467 850 2522 905; x_wconf 86' lang='lat' dir='ltr'><strong>te</strong></span> <span class='ocrx_word' id='word_1_151' title='bbox 2552 862 2675 903; x_wconf 84' lang='lat' dir='ltr'><strong>esse</strong></span> <span class='ocrx_word' id='word_1_152' title='bbox 2707 855 2764 901; x_wconf 88' lang='lat' dir='ltr'><strong>et</strong></span> <span class='ocrx_word' id='word_1_153' title='bbox 2799 841 3094 899; x_wconf 80' lang='lat' dir='ltr'><strong>obnoxiam</strong></span> <span class='ocrx_word' id='word_1_154' title='bbox 3133 837 3295 892; x_wconf 84' lang='lat' dir='ltr'><strong>morti</strong></span> <span class='ocrx_word' id='word_1_155' title='bbox 3327 841 3491 889; x_wconf 87' lang='lat' dir='ltr'><strong>natu-</strong></span> 
     </span>
    </p>
   </div>
   <div class='ocr_carea' id='block_1_22' title="bbox 1926 926 3494 1007">
    <p class='ocr_par' dir='ltr' id='par_1_22' title="bbox 1926 926 3494 1007">
     <span class='ocr_line' id='line_1_22' title="bbox 1926 926 3494 1007; baseline -0.018 -1"><span class='ocrx_word' id='word_1_156' title='bbox 1926 963 2040 1007; x_wconf 91' lang='lat' dir='ltr'><strong>ram</strong></span> <span class='ocrx_word' id='word_1_157' title='bbox 2069 945 2342 1003; x_wconf 85' lang='lat' dir='ltr'><strong>sortitum.</strong></span> <span class='ocrx_word' id='word_1_158' title='bbox 2384 939 2686 996; x_wconf 72' lang='lat' dir='ltr'><strong>«Terribile</strong></span> <span class='ocrx_word' id='word_1_159' title='bbox 2712 945 2798 992; x_wconf 89' lang='lat' dir='ltr'><strong>est</strong></span> <span class='ocrx_word' id='word_1_160' title='bbox 2833 935 2887 988; x_wconf 91' lang='lat' dir='ltr'><strong>in</strong></span> <span class='ocrx_word' id='word_1_161' title='bbox 2922 947 3124 987; x_wconf 87' lang='lat' dir='ltr'><strong>manus</strong></span> <span class='ocrx_word' id='word_1_162' title='bbox 3144 929 3240 984; x_wconf 78' lang='lat' dir='ltr'><strong>Dei</strong></span> <span class='ocrx_word' id='word_1_163' title='bbox 3260 926 3494 981; x_wconf 81' lang='lat' dir='ltr'><strong>viventis</strong></span> 
     </span>
    </p>
   </div>
   <div class='ocr_carea' id='block_1_23' title="bbox 1925 1015 3490 1100">
    <p class='ocr_par' dir='ltr' id='par_1_23' title="bbox 1925 1015 3490 1100">
     <span class='ocr_line' id='line_1_23' title="bbox 1925 1015 3490 1100; baseline -0.021 0"><span class='ocrx_word' id='word_1_164' title='bbox 1925 1041 2171 1100; x_wconf 87' lang='lat' dir='ltr'><strong>incidere</strong></span> <span class='ocrx_word' id='word_1_165' title='bbox 2191 1042 2267 1093; x_wconf 77' lang='grc'><strong>¹.».</strong></span> <span class='ocrx_word' id='word_1_166' title='bbox 2297 1037 2415 1093; x_wconf 87' lang='lat' dir='ltr'><strong>Jam</strong></span> <span class='ocrx_word' id='word_1_167' title='bbox 2446 1033 2579 1090; x_wconf 85' lang='lat' dir='ltr'><strong>illud</strong></span> <span class='ocrx_word' id='word_1_168' title='bbox 2610 1030 2774 1085; x_wconf 84' lang='lat' dir='ltr'><strong>velim</strong></span> <span class='ocrx_word' id='word_1_169' title='bbox 2823 1027 2995 1086; x_wconf 88' lang='lat' dir='ltr'><strong>dicas.</strong></span> <span class='ocrx_word' id='word_1_170' title='bbox 3054 1022 3188 1092; x_wconf 88' lang='lat' dir='ltr'><strong>quid</strong></span> <span class='ocrx_word' id='word_1_171' title='bbox 3238 1020 3310 1074; x_wconf 88' lang='lat' dir='ltr'><strong>sit</strong></span> <span class='ocrx_word' id='word_1_172' title='bbox 3341 1015 3490 1086; x_wconf 83' lang='lat' dir='ltr'><strong>quod</strong></span> 
     </span>
    </p>
   </div>
   <div class='ocr_carea' id='block_1_24' title="bbox 1925 1111 3495 1208">
    <p class='ocr_par' dir='ltr' id='par_1_24' title="bbox 1925 1111 3495 1208">
     <span class='ocr_line' id='line_1_24' title="bbox 1925 1111 3495 1208; baseline -0.022 -17"><span class='ocrx_word' id='word_1_173' title='bbox 1925 1150 2025 1208; x_wconf 87' lang='lat' dir='ltr'><strong>per</strong></span> <span class='ocrx_word' id='word_1_174' title='bbox 2058 1147 2234 1189; x_wconf 86' lang='lat' dir='ltr'><strong>annos</strong></span> <span class='ocrx_word' id='word_1_175' title='bbox 2265 1138 2408 1186; x_wconf 88' lang='lat' dir='ltr'><strong>totos</strong></span> <span class='ocrx_word' id='word_1_176' title='bbox 2437 1136 2675 1197; x_wconf 84' lang='lat' dir='ltr'><strong>quatuor</strong></span> <span class='ocrx_word' id='word_1_177' title='bbox 2713 1123 2818 1177; x_wconf 86' lang='lat' dir='ltr'><strong>alia</strong></span> <span class='ocrx_word' id='word_1_178' title='bbox 2850 1115 3202 1190; x_wconf 88' lang='lat' dir='ltr'><strong>promiseris,</strong></span> <span class='ocrx_word' id='word_1_179' title='bbox 3236 1113 3341 1167; x_wconf 90' lang='lat' dir='ltr'><strong>alia</strong></span> <span class='ocrx_word' id='word_1_180' title='bbox 3375 1111 3495 1178; x_wconf 72' lang='lat' dir='ltr'><strong>ipso</strong></span> 
     </span>
    </p>
   </div>
   <div class='ocr_carea' id='block_1_25' title="bbox 1925 1202 3493 1297">
    <p class='ocr_par' dir='ltr' id='par_1_25' title="bbox 1925 1202 3493 1297">
     <span class='ocr_line' id='line_1_25' title="bbox 1925 1202 3493 1297; baseline -0.018 -13"><span class='ocrx_word' id='word_1_181' title='bbox 1925 1202 2075 1285; x_wconf 75' lang='lat' dir='ltr'><strong>exitu</strong></span> <span class='ocrx_word' id='word_1_182' title='bbox 2090 1224 2367 1297; x_wconf 67' lang='lat' dir='ltr'><strong>praestes?</strong></span> <span class='ocrx_word' id='word_1_183' title='bbox 2400 1220 2615 1277; x_wconf 90' lang='lat' dir='ltr'><strong>Etenim</strong></span> <span class='ocrx_word' id='word_1_184' title='bbox 2647 1226 2803 1271; x_wconf 88' lang='lat' dir='ltr'><strong>tuum</strong></span> <span class='ocrx_word' id='word_1_185' title='bbox 2837 1212 2970 1268; x_wconf 85' lang='lat' dir='ltr'><strong>illud</strong></span> <span class='ocrx_word' id='word_1_186' title='bbox 3008 1207 3343 1280; x_wconf 86' lang='lat' dir='ltr'><strong>promissum</strong></span> <span class='ocrx_word' id='word_1_187' title='bbox 3369 1202 3493 1266; x_wconf 85' lang='lat' dir='ltr'><strong>fuit,</strong></span> 
     </span>
    </p>
   </div>
   <div class='ocr_carea' id='block_1_26' title="bbox 1926 1302 3494 1388">
    <p class='ocr_par' dir='ltr' id='par_1_26' title="bbox 1926 1302 3494 1388">
     <span class='ocr_line' id='line_1_26' title="bbox 1926 1302 3494 1388; baseline -0.02 -13"><span class='ocrx_word' id='word_1_188' title='bbox 1926 1327 2176 1376; x_wconf 89' lang='lat' dir='ltr'><strong>coactum</strong></span> <span class='ocrx_word' id='word_1_189' title='bbox 2200 1315 2265 1371; x_wconf 90' lang='lat' dir='ltr'><strong>iri</strong></span> <span class='ocrx_word' id='word_1_190' title='bbox 2294 1312 2608 1388; x_wconf 65' lang='lat' dir='ltr'><strong>generalem</strong></span> <span class='ocrx_word' id='word_1_191' title='bbox 2645 1309 2941 1379; x_wconf 82' lang='lat' dir='ltr'><strong>synodum,</strong></span> <span class='ocrx_word' id='word_1_192' title='bbox 2984 1302 3041 1356; x_wconf 91' lang='lat' dir='ltr'><strong>in</strong></span> <span class='ocrx_word' id='word_1_193' title='bbox 3074 1312 3237 1369; x_wconf 88' lang='lat' dir='ltr'><strong>quam</strong></span> <span class='ocrx_word' id='word_1_194' title='bbox 3286 1306 3494 1349; x_wconf 83' lang='lat' dir='ltr'><strong>convo-</strong></span> 
     </span>
    </p>
   </div>
   <div class='ocr_carea' id='block_1_27' title="bbox 1926 1390 3496 1475">
    <p class='ocr_par' dir='ltr' id='par_1_27' title="bbox 1926 1390 3496 1475">
     <span class='ocr_line' id='line_1_27' title="bbox 1926 1390 3496 1475; baseline -0.021 -6"><span class='ocrx_word' id='word_1_195' title='bbox 1926 1418 2182 1469; x_wconf 65' lang='lat' dir='ltr'><strong>‘care&#39;ntur</strong></span> <span class='ocrx_word' id='word_1_196' title='bbox 2207 1422 2399 1464; x_wconf 84' lang='lat' dir='ltr'><strong>omnes</strong></span> <span class='ocrx_word' id='word_1_197' title='bbox 2427 1402 2755 1475; x_wconf 65' lang='lat' dir='ltr'><strong>patriarchae</strong></span> <span class='ocrx_word' id='word_1_198' title='bbox 2779 1409 2837 1453; x_wconf 88' lang='lat' dir='ltr'><strong>et</strong></span> <span class='ocrx_word' id='word_1_199' title='bbox 2868 1392 3132 1466; x_wconf 81' lang='lat' dir='ltr'><strong>episcopi.</strong></span> <span class='ocrx_word' id='word_1_200' title='bbox 3167 1390 3341 1456; x_wconf 85' lang='lat' dir='ltr'><strong>Quam</strong></span> <span class='ocrx_word' id='word_1_201' title='bbox 3364 1397 3496 1439; x_wconf 88' lang='lat' dir='ltr'><strong>vero</strong></span> 
     </span>
    </p>
   </div>
   <div class='ocr_carea' id='block_1_28' title="bbox 1928 1478 3493 1569">
    <p class='ocr_par' dir='ltr' id='par_1_28' title="bbox 1928 1478 3493 1569">
     <span class='ocr_line' id='line_1_28' title="bbox 1928 1478 3493 1569; baseline -0.02 -10"><span class='ocrx_word' id='word_1_202' title='bbox 1928 1518 2076 1566; x_wconf 84' lang='lat' dir='ltr'><strong>nunc</strong></span> <span class='ocrx_word' id='word_1_203' title='bbox 2102 1498 2561 1569; x_wconf 84' lang='lat' dir='ltr'><strong>extemporariam</strong></span> <span class='ocrx_word' id='word_1_204' title='bbox 2590 1493 2762 1564; x_wconf 80' lang='lat' dir='ltr'><strong>cogis,</strong></span> <span class='ocrx_word' id='word_1_205' title='bbox 2826 1506 2891 1545; x_wconf 87' lang='lat' dir='ltr'><strong>ea</strong></span> <span class='ocrx_word' id='word_1_206' title='bbox 2924 1505 2993 1543; x_wconf 88' lang='lat' dir='ltr'><strong>ne</strong></span> <span class='ocrx_word' id='word_1_207' title='bbox 3016 1484 3246 1542; x_wconf 86' lang='lat' dir='ltr'><strong>minoris</strong></span> <span class='ocrx_word' id='word_1_208' title='bbox 3271 1478 3493 1550; x_wconf 89' lang='lat' dir='ltr'><strong>quidem</strong></span> 
     </span>
    </p>
   </div>
   <div class='ocr_carea' id='block_1_29' title="bbox 1925 1571 3497 1669">
    <p class='ocr_par' dir='ltr' id='par_1_29' title="bbox 1925 1571 3497 1669">
     <span class='ocr_line' id='line_1_29' title="bbox 1925 1571 3497 1669; baseline -0.021 -14"><span class='ocrx_word' id='word_1_209' title='bbox 1925 1598 2161 1669; x_wconf 79' lang='lat' dir='ltr'><strong>alicujus</strong></span> <span class='ocrx_word' id='word_1_210' title='bbox 2213 1595 2380 1650; x_wconf 75' lang='lat' dir='ltr'><strong>curiae</strong></span> <span class='ocrx_word' id='word_1_211' title='bbox 2432 1589 2723 1658; x_wconf 81' lang='lat' dir='ltr'><strong>imaginem</strong></span> <span class='ocrx_word' id='word_1_212' title='bbox 2799 1587 3177 1654; x_wconf 69' lang='lat' dir='ltr'><strong>repraesentat.</strong></span> <span class='ocrx_word' id='word_1_213' title='bbox 3251 1571 3497 1629; x_wconf 84' lang='lat' dir='ltr'><strong>Antehac</strong></span> 
     </span>
    </p>
   </div>
   <div class='ocr_carea' id='block_1_30' title="bbox 1926 1666 3500 1762">
    <p class='ocr_par' dir='ltr' id='par_1_30' title="bbox 1926 1666 3500 1762">
     <span class='ocr_line' id='line_1_30' title="bbox 1926 1666 3500 1762; baseline -0.019 -15"><span class='ocrx_word' id='word_1_214' title='bbox 1926 1703 2053 1762; x_wconf 76' lang='lat' dir='ltr'><strong>Spes</strong></span> <span class='ocrx_word' id='word_1_215' title='bbox 2066 1666 2259 1748; x_wconf 81' lang='lat' dir='ltr'><strong>saltem</strong></span> <span class='ocrx_word' id='word_1_216' title='bbox 2285 1684 2645 1741; x_wconf 68' lang='lat' dir='ltr'><strong>adumbratae.</strong></span> <span class='ocrx_word' id='word_1_217' title='bbox 2677 1679 2747 1734; x_wconf 90' lang='lat' dir='ltr'><strong>de</strong></span> <span class='ocrx_word' id='word_1_218' title='bbox 2778 1676 2961 1731; x_wconf 87' lang='lat' dir='ltr'><strong>futura</strong></span> <span class='ocrx_word' id='word_1_219' title='bbox 2984 1683 3247 1727; x_wconf 88' lang='lat' dir='ltr'><strong>novarum</strong></span> <span class='ocrx_word' id='word_1_220' title='bbox 3267 1666 3500 1722; x_wconf 77' lang='lat' dir='ltr'><strong>Palama:</strong></span> 
     </span>
    </p>
   </div>
   <div class='ocr_carea' id='block_1_31' title="bbox 246 1757 1839 1853">
    <p class='ocr_par' dir='ltr' id='par_1_31' title="bbox 246 1765 1827 1842">
     <span class='ocr_line' id='line_1_31' title="bbox 246 1765 1827 1842; baseline 0.004 -25"><span class='ocrx_word' id='word_1_221' title='bbox 246 1765 345 1818; x_wconf 89' lang='grc' dir='ltr'><strong>τοῦ</strong></span> <span class='ocrx_word' id='word_1_222' title='bbox 379 1766 690 1820; x_wconf 80' lang='grc' dir='ltr'>τεκτονικοῦ</span> <span class='ocrx_word' id='word_1_223' title='bbox 739 1768 833 1822; x_wconf 69' lang='grc' dir='ltr'><strong>καλ⁸</strong></span> <span class='ocrx_word' id='word_1_224' title='bbox 856 1767 1037 1823; x_wconf 88' lang='grc' dir='ltr'>κοινοῦ</span> <span class='ocrx_word' id='word_1_225' title='bbox 1082 1769 1344 1833; x_wconf 52' lang='grc' dir='ltr'>κανόνος,</span> <span class='ocrx_word' id='word_1_226' title='bbox 1370 1770 1586 1842; x_wconf 79' lang='grc' dir='ltr'>Ὠσπερ</span> <span class='ocrx_word' id='word_1_227' title='bbox 1626 1768 1722 1824; x_wconf 75' lang='grc' dir='ltr'><strong>οὖν</strong></span> <span class='ocrx_word' id='word_1_228' title='bbox 1749 1771 1827 1841; x_wconf 86' lang='grc' dir='ltr'>τῷ</span> 
     </span>
    </p>
   </div>
   <div class='ocr_carea' id='block_1_32' title="bbox 1940 1757 3499 1853">
    <p class='ocr_par' dir='ltr' id='par_1_32' title="bbox 1940 1757 3499 1853">
     <span class='ocr_line' id='line_1_32' title="bbox 1940 1757 3499 1853; baseline -0.022 -14"><span class='ocrx_word' id='word_1_229' title='bbox 1940 1782 2249 1853; x_wconf 82' lang='lat' dir='ltr'><strong>opinionum</strong></span> <span class='ocrx_word' id='word_1_230' title='bbox 2300 1774 2667 1836; x_wconf 85' lang='lat' dir='ltr'><strong>correctione,</strong></span> <span class='ocrx_word' id='word_1_231' title='bbox 2723 1769 2940 1824; x_wconf 86' lang='lat' dir='ltr'><strong>illorum</strong></span> <span class='ocrx_word' id='word_1_232' title='bbox 2999 1763 3213 1818; x_wconf 86' lang='lat' dir='ltr'><strong>animos</strong></span> <span class='ocrx_word' id='word_1_233' title='bbox 3240 1757 3499 1817; x_wconf 87' lang='lat' dir='ltr'><strong>alebant;</strong></span> 
     </span>
    </p>
   </div>
   <div class='ocr_carea' id='block_1_33' title="bbox 246 1858 1828 1935">
    <p class='ocr_par' dir='ltr' id='par_1_33' title="bbox 246 1858 1828 1935">
     <span class='ocr_line' id='line_1_33' title="bbox 246 1858 1828 1935; baseline 0.004 -24"><span class='ocrx_word' id='word_1_234' title='bbox 246 1858 550 1929; x_wconf 84' lang='grc' dir='ltr'>τεκτονικῷ</span> <span class='ocrx_word' id='word_1_235' title='bbox 621 1860 804 1914; x_wconf 89' lang='grc' dir='ltr'>κανόνι</span> <span class='ocrx_word' id='word_1_236' title='bbox 862 1861 1209 1933; x_wconf 81' lang='grc' dir='ltr'>πλατυτέραν</span> <span class='ocrx_word' id='word_1_237' title='bbox 1284 1862 1428 1933; x_wconf 80' lang='grc' dir='ltr'>ἔχειν</span> <span class='ocrx_word' id='word_1_238' title='bbox 1478 1860 1578 1932; x_wconf 80' lang='grc' dir='ltr'>τὴν</span> <span class='ocrx_word' id='word_1_239' title='bbox 1637 1865 1828 1935; x_wconf 82' lang='grc' dir='ltr'>χρείαν</span> 
     </span>
    </p>
   </div>
   <div class='ocr_carea' id='block_1_34' title="bbox 245 1951 1826 2031">
    <p class='ocr_par' dir='ltr' id='par_1_34' title="bbox 245 1951 1826 2031">
     <span class='ocr_line' id='line_1_34' title="bbox 245 1951 1826 2031; baseline 0.004 -27"><span class='ocrx_word' id='word_1_240' title='bbox 245 1951 491 2019; x_wconf 78' lang='grc' dir='ltr'>ἀνάγκη,</span> <span class='ocrx_word' id='word_1_241' title='bbox 526 1951 668 2005; x_wconf 83' lang='grc' dir='ltr'>κατὰ</span> <span class='ocrx_word' id='word_1_242' title='bbox 700 1953 883 2006; x_wconf 80' lang='grc' dir='ltr'>πᾶσαν</span> <span class='ocrx_word' id='word_1_243' title='bbox 913 1956 1018 2024; x_wconf 79' lang='grc' dir='ltr'>γῆν</span> <span class='ocrx_word' id='word_1_244' title='bbox 1042 1970 1101 2006; x_wconf 90' lang='grc' dir='ltr'><strong>τε</strong></span> <span class='ocrx_word' id='word_1_245' title='bbox 1126 1955 1223 2008; x_wconf 66' lang='grc' dir='ltr'><strong>καὶ</strong></span> <span class='ocrx_word' id='word_1_246' title='bbox 1251 1955 1544 2031; x_wconf 80' lang='grc' dir='ltr'>θάλασσαν,</span> <span class='ocrx_word' id='word_1_247' title='bbox 1575 1959 1668 2010; x_wconf 72' lang='grc' dir='ltr'><strong>καὶ</strong></span> <span class='ocrx_word' id='word_1_248' title='bbox 1688 1956 1826 2027; x_wconf 71' lang='grc' dir='ltr'><strong>ὅπη⁹</strong></span> 
     </span>
    </p>
   </div>
   <div class='ocr_carea' id='block_1_35' title="bbox 248 2042 1828 2116">
    <p class='ocr_par' dir='ltr' id='par_1_35' title="bbox 248 2042 1828 2116">
     <span class='ocr_line' id='line_1_35' title="bbox 248 2042 1828 2116; baseline 0.003 -19"><span class='ocrx_word' id='word_1_249' title='bbox 248 2062 362 2115; x_wconf 86' lang='grc' dir='ltr'><strong>περ</strong></span> <span class='ocrx_word' id='word_1_250' title='bbox 393 2044 461 2100; x_wconf 79' lang='grc' dir='ltr'>ἂν</span> <span class='ocrx_word' id='word_1_251' title='bbox 488 2042 600 2100; x_wconf 72' lang='grc' dir='ltr'>εἶεν</span> <span class='ocrx_word' id='word_1_252' title='bbox 627 2046 967 2108; x_wconf 77' lang='grc' dir='ltr'>ἐνοικοῦντες</span> <span class='ocrx_word' id='word_1_253' title='bbox 999 2046 1282 2116; x_wconf 85' lang='grc' dir='ltr'>ἄνθρωποι</span> <span class='ocrx_word' id='word_1_254' title='bbox 1302 2062 1319 2080; x_wconf 76' lang='grc'><strong><em>⁸</em></strong></span> <span class='ocrx_word' id='word_1_255' title='bbox 1354 2049 1478 2112; x_wconf 85' lang='grc' dir='ltr'>ταῖς</span> <span class='ocrx_word' id='word_1_256' title='bbox 1508 2049 1566 2102; x_wconf 75' lang='grc' dir='ltr'>δὲ</span> <span class='ocrx_word' id='word_1_257' title='bbox 1595 2048 1705 2102; x_wconf 83' lang='grc' dir='ltr'><strong>τῶν</strong></span> <span class='ocrx_word' id='word_1_258' title='bbox 1737 2051 1828 2102; x_wconf 85' lang='grc' dir='ltr'><strong>ἁν-</strong></span> 
     </span>
    </p>
   </div>
   <div class='ocr_carea' id='block_1_36' title="bbox 247 2134 1831 2211">
    <p class='ocr_par' dir='ltr' id='par_1_36' title="bbox 247 2134 1831 2211">
     <span class='ocr_line' id='line_1_36' title="bbox 247 2134 1831 2211; baseline 0.002 -21"><span class='ocrx_word' id='word_1_259' title='bbox 247 2137 493 2208; x_wconf 81' lang='grc' dir='ltr'>Θρὼπων</span> <span class='ocrx_word' id='word_1_260' title='bbox 520 2139 839 2209; x_wconf 76' lang='grc' dir='ltr'>ἡγεμονίαις</span> <span class='ocrx_word' id='word_1_261' title='bbox 872 2140 1110 2210; x_wconf 86' lang='grc' dir='ltr'>μερικάς</span> <span class='ocrx_word' id='word_1_262' title='bbox 1139 2158 1291 2206; x_wconf 89' lang='grc' dir='ltr'>τινας</span> <span class='ocrx_word' id='word_1_263' title='bbox 1320 2141 1414 2194; x_wconf 78' lang='grc' dir='ltr'>καὶ</span> <span class='ocrx_word' id='word_1_264' title='bbox 1440 2134 1552 2194; x_wconf 71' lang='grc' dir='ltr'>οἷον</span> <span class='ocrx_word' id='word_1_265' title='bbox 1579 2158 1831 2211; x_wconf 82' lang='grc' dir='ltr'>σπερμα-</span> 
     </span>
    </p>
   </div>
   <div class='ocr_carea' id='block_1_37' title="bbox 245 2231 1830 2303">
    <p class='ocr_par' dir='ltr' id='par_1_37' title="bbox 245 2231 1830 2303">
     <span class='ocr_line' id='line_1_37' title="bbox 245 2231 1830 2303; baseline 0.003 -19"><span class='ocrx_word' id='word_1_266' title='bbox 245 2233 417 2301; x_wconf 67' lang='grc' dir='ltr'>τικᾶς</span> <span class='ocrx_word' id='word_1_267' title='bbox 459 2232 555 2286; x_wconf 74' lang='grc' dir='ltr'>καὶ</span> <span class='ocrx_word' id='word_1_268' title='bbox 591 2231 881 2302; x_wconf 81' lang='grc' dir='ltr'>διαφόρους</span> <span class='ocrx_word' id='word_1_269' title='bbox 914 2235 1094 2287; x_wconf 78' lang='grc' dir='ltr'>εἰπεῖν</span> <span class='ocrx_word' id='word_1_270' title='bbox 1121 2249 1133 2264; x_wconf 77' lang='grc' dir='ltr'><strong>ι</strong></span> <span class='ocrx_word' id='word_1_271' title='bbox 1166 2231 1309 2288; x_wconf 73' lang='grc' dir='ltr'>οὕτω</span> <span class='ocrx_word' id='word_1_272' title='bbox 1343 2234 1440 2290; x_wconf 86' lang='grc' dir='ltr'>καὶ</span> <span class='ocrx_word' id='word_1_273' title='bbox 1471 2237 1582 2298; x_wconf 82' lang='grc' dir='ltr'>τοῖς</span> <span class='ocrx_word' id='word_1_274' title='bbox 1609 2234 1711 2303; x_wconf 84' lang='grc' dir='ltr'>τῆς</span> <span class='ocrx_word' id='word_1_275' title='bbox 1741 2235 1830 2289; x_wconf 87' lang='grc' dir='ltr'>ἐκ·</span> 
     </span>
    </p>
   </div>
   <div class='ocr_carea' id='block_1_38' title="bbox 246 2327 1833 2399">
    <p class='ocr_par' dir='ltr' id='par_1_38' title="bbox 246 2327 1833 2399">
     <span class='ocr_line' id='line_1_38' title="bbox 246 2327 1833 2399; baseline -0.003 -17"><span class='ocrx_word' id='word_1_276' title='bbox 246 2328 489 2399; x_wconf 82' lang='grc' dir='ltr'>κλησίας</span> <span class='ocrx_word' id='word_1_277' title='bbox 514 2328 706 2382; x_wconf 86' lang='grc' dir='ltr'>κανόσι</span> <span class='ocrx_word' id='word_1_278' title='bbox 736 2328 965 2390; x_wconf 73' lang='grc' dir='ltr'>καὶτοῖς</span> <span class='ocrx_word' id='word_1_279' title='bbox 996 2328 1298 2389; x_wconf 78' lang='grc' dir='ltr'>πολιτικοῖς</span> <span class='ocrx_word' id='word_1_280' title='bbox 1323 2329 1509 2397; x_wconf 84' lang='grc' dir='ltr'>νόμοις</span> <span class='ocrx_word' id='word_1_281' title='bbox 1532 2327 1833 2382; x_wconf 88' lang='grc' dir='ltr'>καθολικω-</span> 
     </span>
    </p>
   </div>
   <div class='ocr_carea' id='block_1_39' title="bbox 246 2418 1831 2492">
    <p class='ocr_par' dir='ltr' id='par_1_39' title="bbox 246 2418 1831 2492">
     <span class='ocr_line' id='line_1_39' title="bbox 246 2418 1831 2492; baseline -0.002 -18"><span class='ocrx_word' id='word_1_282' title='bbox 246 2423 310 2474; x_wconf 81' lang='grc' dir='ltr'><strong>τέ</strong></span> <span class='ocrx_word' id='word_1_283' title='bbox 321 2439 422 2492; x_wconf 90' lang='grc' dir='ltr'><strong>ραν</strong></span> <span class='ocrx_word' id='word_1_284' title='bbox 448 2423 594 2492; x_wconf 77' lang='grc' dir='ltr'>ἔχειν</span> <span class='ocrx_word' id='word_1_285' title='bbox 622 2421 834 2489; x_wconf 82' lang='grc' dir='ltr'>ἀνάγκη</span> <span class='ocrx_word' id='word_1_286' title='bbox 864 2421 963 2490; x_wconf 76' lang='grc' dir='ltr'>τὴν</span> <span class='ocrx_word' id='word_1_287' title='bbox 993 2422 1206 2490; x_wconf 74' lang='grc' dir='ltr'>χρείαν,</span> <span class='ocrx_word' id='word_1_288' title='bbox 1241 2421 1338 2474; x_wconf 81' lang='grc' dir='ltr'>καὶ</span> <span class='ocrx_word' id='word_1_289' title='bbox 1367 2418 1558 2491; x_wconf 79' lang='grc' dir='ltr'>ἄρχειν</span> <span class='ocrx_word' id='word_1_290' title='bbox 1590 2420 1699 2472; x_wconf 84' lang='grc' dir='ltr'><strong>τῶν</strong></span> <span class='ocrx_word' id='word_1_291' title='bbox 1726 2420 1831 2487; x_wconf 84' lang='grc' dir='ltr'><strong>ἁρ-</strong></span> 
     </span>
    </p>
   </div>
   <div class='ocr_carea' id='block_1_40' title="bbox 247 2510 1833 2584">
    <p class='ocr_par' dir='ltr' id='par_1_40' title="bbox 247 2510 1833 2584">
     <span class='ocr_line' id='line_1_40' title="bbox 247 2510 1833 2584; baseline -0.002 -18"><span class='ocrx_word' id='word_1_292' title='bbox 247 2514 483 2584; x_wconf 77' lang='grc' dir='ltr'>χόντων,</span> <span class='ocrx_word' id='word_1_293' title='bbox 523 2515 616 2566; x_wconf 73' lang='grc' dir='ltr'>καὶ</span> <span class='ocrx_word' id='word_1_294' title='bbox 651 2513 906 2581; x_wconf 78' lang='grc' dir='ltr'>ἡγεῖσθαι</span> <span class='ocrx_word' id='word_1_295' title='bbox 943 2513 1055 2568; x_wconf 87' lang='grc' dir='ltr'><strong>τῶν</strong></span> <span class='ocrx_word' id='word_1_296' title='bbox 1086 2511 1396 2583; x_wconf 79' lang='grc' dir='ltr'>ἡγεμόνων.</span> <span class='ocrx_word' id='word_1_297' title='bbox 1432 2512 1501 2565; x_wconf 70' lang='grc' dir='ltr'><strong>Σὲ</strong></span> <span class='ocrx_word' id='word_1_298' title='bbox 1525 2512 1582 2565; x_wconf 79' lang='grc' dir='ltr'><strong>δέ</strong></span> <span class='ocrx_word' id='word_1_299' title='bbox 1609 2510 1833 2565; x_wconf 77' lang='grc' dir='ltr'>τούναν-</span> 
     </span>
    </p>
   </div>
   <div class='ocr_carea' id='block_1_41' title="bbox 246 2601 1836 2679">
    <p class='ocr_par' dir='ltr' id='par_1_41' title="bbox 246 2601 1836 2679">
     <span class='ocr_line' id='line_1_41' title="bbox 246 2601 1836 2679; baseline -0.003 -19"><span class='ocrx_word' id='word_1_300' title='bbox 246 2608 378 2661; x_wconf 82' lang='grc' dir='ltr'>τίον</span> <span class='ocrx_word' id='word_1_301' title='bbox 425 2606 560 2679; x_wconf 85' lang='grc' dir='ltr'>δρᾷν</span> <span class='ocrx_word' id='word_1_302' title='bbox 590 2605 843 2660; x_wconf 84' lang='grc' dir='ltr'>ἐθέλοντα</span> <span class='ocrx_word' id='word_1_303' title='bbox 873 2605 1087 2677; x_wconf 81' lang='grc' dir='ltr'>βλέπων</span> <span class='ocrx_word' id='word_1_304' title='bbox 1124 2606 1272 2660; x_wconf 82' lang='grc' dir='ltr'>δέδια</span> <span class='ocrx_word' id='word_1_305' title='bbox 1319 2606 1395 2676; x_wconf 77' lang='grc' dir='ltr'>μὴ</span> <span class='ocrx_word' id='word_1_306' title='bbox 1439 2601 1836 2670; x_wconf 81' lang='grc' dir='ltr'>ἐναντιούμενά</span> 
     </span>
    </p>
   </div>
   <div class='ocr_carea' id='block_1_42' title="bbox 250 2695 1833 2771">
    <p class='ocr_par' dir='ltr' id='par_1_42' title="bbox 250 2695 1833 2771">
     <span class='ocr_line' id='line_1_42' title="bbox 250 2695 1833 2771; baseline -0.002 -19"><span class='ocrx_word' id='word_1_307' title='bbox 250 2716 343 2753; x_wconf 74' lang='grc' dir='ltr'><strong>σοι</strong></span> <span class='ocrx_word' id='word_1_308' title='bbox 374 2699 442 2753; x_wconf 77' lang='grc' dir='ltr'>τὰ</span> <span class='ocrx_word' id='word_1_309' title='bbox 475 2698 729 2771; x_wconf 68' lang='grc' dir='ltr'>δρῦμενα</span> <span class='ocrx_word' id='word_1_310' title='bbox 759 2700 1004 2770; x_wconf 84' lang='grc' dir='ltr'>γένηται,</span> <span class='ocrx_word' id='word_1_311' title='bbox 1035 2699 1134 2752; x_wconf 72' lang='grc' dir='ltr'>καὶ</span> <span class='ocrx_word' id='word_1_312' title='bbox 1175 2696 1269 2751; x_wconf 88' lang='grc' dir='ltr'><strong>τοῦ</strong></span> <span class='ocrx_word' id='word_1_313' title='bbox 1301 2697 1505 2752; x_wconf 88' lang='grc' dir='ltr'>σκοποῦ</span> <span class='ocrx_word' id='word_1_314' title='bbox 1538 2695 1833 2752; x_wconf 80' lang='grc' dir='ltr'>παντάπα-</span> 
     </span>
    </p>
   </div>
   <div class='ocr_carea' id='block_1_43' title="bbox 253 2786 1837 2861">
    <p class='ocr_par' dir='ltr' id='par_1_43' title="bbox 253 2786 1837 2861">
     <span class='ocr_line' id='line_1_43' title="bbox 253 2786 1837 2861; baseline -0.003 -13"><span class='ocrx_word' id='word_1_315' title='bbox 253 2812 348 2848; x_wconf 87' lang='grc' dir='ltr'><strong>σιν</strong></span> <span class='ocrx_word' id='word_1_316' title='bbox 384 2793 675 2848; x_wconf 78' lang='grc' dir='ltr'>ἀντίπαλα.</span> <span class='ocrx_word' id='word_1_317' title='bbox 732 2792 890 2845; x_wconf 69' lang='grc' dir='ltr'>Ἐπεὶ</span> <span class='ocrx_word' id='word_1_318' title='bbox 925 2792 1021 2845; x_wconf 68' lang='grc' dir='ltr'>καὶ</span> <span class='ocrx_word' id='word_1_319' title='bbox 1049 2789 1332 2861; x_wconf 79' lang='grc' dir='ltr'>οἰκοδόμος</span> <span class='ocrx_word' id='word_1_320' title='bbox 1368 2792 1462 2844; x_wconf 78' lang='grc' dir='ltr'>καὶ</span> <span class='ocrx_word' id='word_1_321' title='bbox 1494 2791 1732 2854; x_wconf 80' lang='grc' dir='ltr'>τέκτων,</span> <span class='ocrx_word' id='word_1_322' title='bbox 1767 2786 1837 2843; x_wconf 74' lang='grc' dir='ltr'>ἂν</span> 
     </span>
    </p>
   </div>
   <div class='ocr_carea' id='block_1_44' title="bbox 254 2879 1839 2956">
    <p class='ocr_par' dir='ltr' id='par_1_44' title="bbox 254 2879 1839 2956">
     <span class='ocr_line' id='line_1_44' title="bbox 254 2879 1839 2956; baseline -0.004 -16"><span class='ocrx_word' id='word_1_323' title='bbox 254 2886 339 2954; x_wconf 88' lang='grc' dir='ltr'>μὴ</span> <span class='ocrx_word' id='word_1_324' title='bbox 390 2884 606 2956; x_wconf 82' lang='grc' dir='ltr'>καθέτῳ</span> <span class='ocrx_word' id='word_1_325' title='bbox 633 2886 729 2939; x_wconf 72' lang='grc' dir='ltr'><strong>καὶ</strong></span> <span class='ocrx_word' id='word_1_326' title='bbox 760 2884 974 2956; x_wconf 75' lang='grc' dir='ltr'>στάθμη</span> <span class='ocrx_word' id='word_1_327' title='bbox 1013 2884 1108 2939; x_wconf 58' lang='grc' dir='ltr'><strong>καὶ⁴</strong></span> <span class='ocrx_word' id='word_1_328' title='bbox 1138 2885 1251 2946; x_wconf 85' lang='grc' dir='ltr'>τοῖς</span> <span class='ocrx_word' id='word_1_329' title='bbox 1304 2880 1571 2946; x_wconf 83' lang='grc' dir='ltr'>τοιούτοις</span> <span class='ocrx_word' id='word_1_330' title='bbox 1600 2879 1839 2952; x_wconf 82' lang='grc' dir='ltr'>χρῶντες</span> 
     </span>
    </p>
   </div>
   <div class='ocr_carea' id='block_1_45' title="bbox 251 2972 1839 3048">
    <p class='ocr_par' dir='ltr' id='par_1_45' title="bbox 251 2972 1839 3048">
     <span class='ocr_line' id='line_1_45' title="bbox 251 2972 1839 3048; baseline -0.005 -14"><span class='ocrx_word' id='word_1_331' title='bbox 251 2980 508 3042; x_wconf 77' lang='grc' dir='ltr'>κανόσιν,</span> <span class='ocrx_word' id='word_1_332' title='bbox 536 2977 638 3033; x_wconf 82' lang='grc' dir='ltr'>οὐκ</span> <span class='ocrx_word' id='word_1_333' title='bbox 666 2978 745 3042; x_wconf 87' lang='grc' dir='ltr'><strong>είς</strong></span> <span class='ocrx_word' id='word_1_334' title='bbox 774 2981 991 3048; x_wconf 73' lang='grc' dir='ltr'>μακρὰν</span> <span class='ocrx_word' id='word_1_335' title='bbox 1021 2976 1119 3047; x_wconf 82' lang='grc' dir='ltr'>τὴν</span> <span class='ocrx_word' id='word_1_336' title='bbox 1149 2975 1469 3046; x_wconf 81' lang='grc' dir='ltr'>καθαίρεσιν</span> <span class='ocrx_word' id='word_1_337' title='bbox 1506 2974 1605 3028; x_wconf 84' lang='grc' dir='ltr'>ῐδοι</span> <span class='ocrx_word' id='word_1_338' title='bbox 1634 2972 1700 3028; x_wconf 84' lang='grc' dir='ltr'>ἂν</span> <span class='ocrx_word' id='word_1_339' title='bbox 1728 2973 1839 3026; x_wconf 82' lang='grc' dir='ltr'><strong>τῶν</strong></span> 
     </span>
    </p>
   </div>
   <div class='ocr_carea' id='block_1_46' title="bbox 253 3066 1840 3142">
    <p class='ocr_par' dir='ltr' id='par_1_46' title="bbox 253 3066 1840 3142">
     <span class='ocr_line' id='line_1_46' title="bbox 253 3066 1840 3142; baseline -0.004 -17"><span class='ocrx_word' id='word_1_340' title='bbox 253 3071 583 3142; x_wconf 82' lang='grc' dir='ltr'>δρωμένων,</span> <span class='ocrx_word' id='word_1_341' title='bbox 629 3069 722 3124; x_wconf 90' lang='grc' dir='ltr'><strong>τοῦ</strong></span> <span class='ocrx_word' id='word_1_342' title='bbox 766 3070 867 3141; x_wconf 84' lang='grc' dir='ltr'>τῆς</span> <span class='ocrx_word' id='word_1_343' title='bbox 915 3070 1183 3139; x_wconf 86' lang='grc' dir='ltr'>ἁρμονίας</span> <span class='ocrx_word' id='word_1_344' title='bbox 1224 3068 1460 3139; x_wconf 81' lang='grc' dir='ltr'>κράτους</span> <span class='ocrx_word' id='word_1_345' title='bbox 1505 3066 1715 3137; x_wconf 82' lang='grc' dir='ltr'>οὐδαμῆ</span> <span class='ocrx_word' id='word_1_346' title='bbox 1740 3066 1840 3135; x_wconf 85' lang='grc' dir='ltr'>τὴν</span> 
     </span>
    </p>
   </div>
   <div class='ocr_carea' id='block_1_47' title="bbox 1930 1848 3503 1935">
    <p class='ocr_par' dir='ltr' id='par_1_47' title="bbox 1930 1848 3503 1935">
     <span class='ocr_line' id='line_1_47' title="bbox 1930 1848 3503 1935; baseline -0.02 -6"><span class='ocrx_word' id='word_1_347' title='bbox 1930 1848 1986 1929; x_wconf 76' lang='lat' dir='ltr'><strong>at</strong></span> <span class='ocrx_word' id='word_1_348' title='bbox 2024 1885 2196 1932; x_wconf 87' lang='lat' dir='ltr'><strong>nunc.</strong></span> <span class='ocrx_word' id='word_1_349' title='bbox 2233 1878 2294 1923; x_wconf 87' lang='lat' dir='ltr'><strong>ut</strong></span> <span class='ocrx_word' id='word_1_350' title='bbox 2323 1866 2506 1931; x_wconf 90' lang='lat' dir='ltr'><strong>video,</strong></span> <span class='ocrx_word' id='word_1_351' title='bbox 2544 1862 2888 1935; x_wconf 78' lang='lat' dir='ltr'><strong>tyrannicum</strong></span> <span class='ocrx_word' id='word_1_352' title='bbox 2944 1852 3184 1910; x_wconf 83' lang='lat' dir='ltr'><strong>tribunal</strong></span> <span class='ocrx_word' id='word_1_353' title='bbox 3236 1857 3353 1903; x_wconf 85' lang='lat' dir='ltr'><strong>tute</strong></span> <span class='ocrx_word' id='word_1_354' title='bbox 3385 1848 3503 1914; x_wconf 88' lang='lat' dir='ltr'><strong>ipse</strong></span> 
     </span>
    </p>
   </div>
   <div class='ocr_carea' id='block_1_48' title="bbox 1930 1938 3502 2034">
    <p class='ocr_par' dir='ltr' id='par_1_48' title="bbox 1930 1938 3502 2034">
     <span class='ocr_line' id='line_1_48' title="bbox 1930 1938 3502 2034; baseline -0.021 -14"><span class='ocrx_word' id='word_1_355' title='bbox 1930 1964 1988 2020; x_wconf 89' lang='lat' dir='ltr'><strong>in</strong></span> <span class='ocrx_word' id='word_1_356' title='bbox 2020 1961 2242 2034; x_wconf 89' lang='lat' dir='ltr'><strong>angulo,</strong></span> <span class='ocrx_word' id='word_1_357' title='bbox 2272 1969 2330 2016; x_wconf 88' lang='lat' dir='ltr'><strong>et</strong></span> <span class='ocrx_word' id='word_1_358' title='bbox 2351 1958 2521 2015; x_wconf 88' lang='lat' dir='ltr'><strong>veluti</strong></span> <span class='ocrx_word' id='word_1_359' title='bbox 2548 1956 2604 2010; x_wconf 89' lang='lat' dir='ltr'><strong>in</strong></span> <span class='ocrx_word' id='word_1_360' title='bbox 2627 1953 2891 2024; x_wconf 86' lang='lat' dir='ltr'><strong>spelunca</strong></span> <span class='ocrx_word' id='word_1_361' title='bbox 2919 1949 3217 2007; x_wconf 84' lang='lat' dir='ltr'><strong>latronum,</strong></span> <span class='ocrx_word' id='word_1_362' title='bbox 3244 1938 3340 1994; x_wconf 87' lang='lat' dir='ltr'><strong>tibi</strong></span> <span class='ocrx_word' id='word_1_363' title='bbox 3366 1952 3502 1992; x_wconf 84' lang='lat' dir='ltr'><strong>eon-</strong></span> 
     </span>
    </p>
   </div>
   <div class='ocr_carea' id='block_1_49' title="bbox 1930 2030 3502 2122">
    <p class='ocr_par' dir='ltr' id='par_1_49' title="bbox 1930 2030 3502 2122">
     <span class='ocr_line' id='line_1_49' title="bbox 1930 2030 3502 2122; baseline -0.022 -8"><span class='ocrx_word' id='word_1_364' title='bbox 1930 2030 2136 2114; x_wconf 73' lang='lat' dir='ltr'><strong>stituis.</strong></span> <span class='ocrx_word' id='word_1_365' title='bbox 2162 2053 2295 2108; x_wconf 85' lang='lat' dir='ltr'><strong>Nam</strong></span> <span class='ocrx_word' id='word_1_366' title='bbox 2327 2067 2450 2122; x_wconf 69' lang='lat' dir='ltr'><strong>quae</strong></span> <span class='ocrx_word' id='word_1_367' title='bbox 2478 2065 2508 2105; x_wconf 90' lang='lat' dir='ltr'><strong>a</strong></span> <span class='ocrx_word' id='word_1_368' title='bbox 2542 2047 2716 2104; x_wconf 83' lang='lat' dir='ltr'><strong>sacris</strong></span> <span class='ocrx_word' id='word_1_369' title='bbox 2741 2041 2993 2099; x_wconf 76' lang='lat' dir='ltr'><strong>Ecclesiae</strong></span> <span class='ocrx_word' id='word_1_370' title='bbox 3022 2036 3225 2104; x_wconf 72' lang='lat' dir='ltr'><strong>regulis</strong></span> <span class='ocrx_word' id='word_1_371' title='bbox 3270 2048 3337 2089; x_wconf 84' lang='lat' dir='ltr'><strong>ac</strong></span> <span class='ocrx_word' id='word_1_372' title='bbox 3367 2030 3502 2099; x_wconf 77' lang='lat' dir='ltr'><strong>legi-</strong></span> 
     </span>
    </p>
   </div>
   <div class='ocr_carea' id='block_1_50' title="bbox 1929 2122 3504 2218">
    <p class='ocr_par' dir='ltr' id='par_1_50' title="bbox 1929 2122 3504 2218">
     <span class='ocr_line' id='line_1_50' title="bbox 1929 2122 3504 2218; baseline -0.022 -11"><span class='ocrx_word' id='word_1_373' title='bbox 1929 2149 2038 2207; x_wconf 84' lang='lat' dir='ltr'><strong>bus</strong></span> <span class='ocrx_word' id='word_1_374' title='bbox 2089 2146 2410 2218; x_wconf 76' lang='lat' dir='ltr'><strong>longissime</strong></span> <span class='ocrx_word' id='word_1_375' title='bbox 2462 2142 2639 2205; x_wconf 87' lang='lat' dir='ltr'><strong>abest,</strong></span> <span class='ocrx_word' id='word_1_376' title='bbox 2699 2153 2769 2193; x_wconf 88' lang='lat' dir='ltr'><strong>an</strong></span> <span class='ocrx_word' id='word_1_377' title='bbox 2804 2150 2869 2207; x_wconf 85' lang='lat' dir='ltr'><strong>ea</strong></span> <span class='ocrx_word' id='word_1_378' title='bbox 2929 2130 3172 2205; x_wconf 82' lang='lat' dir='ltr'><strong>synodus</strong></span> <span class='ocrx_word' id='word_1_379' title='bbox 3217 2141 3339 2181; x_wconf 80' lang='lat' dir='ltr'><strong>esse</strong></span> <span class='ocrx_word' id='word_1_380' title='bbox 3391 2122 3504 2176; x_wconf 89' lang='lat' dir='ltr'><strong>ullo</strong></span> 
     </span>
    </p>
   </div>
   <div class='ocr_carea' id='block_1_51' title="bbox 1933 2214 3507 2308">
    <p class='ocr_par' dir='ltr' id='par_1_51' title="bbox 1933 2214 3507 2308">
     <span class='ocr_line' id='line_1_51' title="bbox 1933 2214 3507 2308; baseline -0.02 -13"><span class='ocrx_word' id='word_1_381' title='bbox 1933 2238 2096 2295; x_wconf 86' lang='lat' dir='ltr'><strong>modo</strong></span> <span class='ocrx_word' id='word_1_382' title='bbox 2123 2214 2340 2308; x_wconf 73' lang='lat' dir='ltr'><strong>possit?</strong></span> <span class='ocrx_word' id='word_1_383' title='bbox 2365 2233 2525 2290; x_wconf 88' lang='lat' dir='ltr'><strong>Certe</strong></span> <span class='ocrx_word' id='word_1_384' title='bbox 2557 2227 2965 2287; x_wconf 82' lang='lat' dir='ltr'><strong>ecclesiasticas</strong></span> <span class='ocrx_word' id='word_1_385' title='bbox 2986 2221 3202 2293; x_wconf 89' lang='lat' dir='ltr'><strong>regulas</strong></span> <span class='ocrx_word' id='word_1_386' title='bbox 3220 2214 3507 2283; x_wconf 79' lang='lat' dir='ltr'><strong>metapho-</strong></span> 
     </span>
    </p>
   </div>
   <div class='ocr_carea' id='block_1_52' title="bbox 1931 2304 3503 2385">
    <p class='ocr_par' dir='ltr' id='par_1_52' title="bbox 1931 2304 3503 2385">
     <span class='ocr_line' id='line_1_52' title="bbox 1931 2304 3503 2385; baseline -0.018 0"><span class='ocrx_word' id='word_1_387' title='bbox 1931 2329 2046 2385; x_wconf 88' lang='lat' dir='ltr'><strong>rice</strong></span> <span class='ocrx_word' id='word_1_388' title='bbox 2097 2304 2270 2383; x_wconf 75' lang='lat' dir='ltr'><strong>dictas</strong></span> <span class='ocrx_word' id='word_1_389' title='bbox 2325 2331 2541 2381; x_wconf 84' lang='lat' dir='ltr'><strong>constat</strong></span> <span class='ocrx_word' id='word_1_390' title='bbox 2586 2336 2619 2376; x_wconf 86' lang='lat' dir='ltr'><strong>a</strong></span> <span class='ocrx_word' id='word_1_391' title='bbox 2672 2318 2857 2374; x_wconf 76' lang='lat' dir='ltr'><strong>fabrili</strong></span> <span class='ocrx_word' id='word_1_392' title='bbox 2907 2312 3232 2384; x_wconf 81' lang='lat' dir='ltr'><strong>vulgarique</strong></span> <span class='ocrx_word' id='word_1_393' title='bbox 3292 2304 3503 2375; x_wconf 71' lang='lat' dir='ltr'><strong>regula.</strong></span> 
     </span>
    </p>
   </div>
   <div class='ocr_carea' id='block_1_53' title="bbox 1933 2395 3507 2488">
    <p class='ocr_par' dir='ltr' id='par_1_53' title="bbox 1933 2395 3507 2488">
     <span class='ocr_line' id='line_1_53' title="bbox 1933 2395 3507 2488; baseline -0.017 -13"><span class='ocrx_word' id='word_1_394' title='bbox 1933 2416 2406 2488; x_wconf 86' lang='lat' dir='ltr'><strong>Quemadmodum</strong></span> <span class='ocrx_word' id='word_1_395' title='bbox 2441 2415 2610 2484; x_wconf 81' lang='lat' dir='ltr'><strong>igitur</strong></span> <span class='ocrx_word' id='word_1_396' title='bbox 2639 2425 2865 2468; x_wconf 86' lang='lat' dir='ltr'><strong>necesse</strong></span> <span class='ocrx_word' id='word_1_397' title='bbox 2893 2412 3079 2471; x_wconf 88' lang='lat' dir='ltr'><strong>est,ut</strong></span> <span class='ocrx_word' id='word_1_398' title='bbox 3112 2401 3298 2472; x_wconf 86' lang='lat' dir='ltr'><strong>regula</strong></span> <span class='ocrx_word' id='word_1_399' title='bbox 3332 2395 3507 2453; x_wconf 86' lang='lat' dir='ltr'><strong>fabri-</strong></span> 
     </span>
    </p>
   </div>
   <div class='ocr_carea' id='block_1_54' title="bbox 1934 2486 3506 2566">
    <p class='ocr_par' dir='ltr' id='par_1_54' title="bbox 1934 2486 3506 2566">
     <span class='ocr_line' id='line_1_54' title="bbox 1934 2486 3506 2566; baseline -0.016 -2"><span class='ocrx_word' id='word_1_400' title='bbox 1934 2509 2188 2564; x_wconf 87' lang='lat' dir='ltr'><strong>lisusum</strong></span> <span class='ocrx_word' id='word_1_401' title='bbox 2247 2506 2495 2561; x_wconf 84' lang='lat' dir='ltr'><strong>latiorem</strong></span> <span class='ocrx_word' id='word_1_402' title='bbox 2559 2502 2782 2566; x_wconf 86' lang='lat' dir='ltr'><strong>habeat,</strong></span> <span class='ocrx_word' id='word_1_403' title='bbox 2834 2498 2987 2555; x_wconf 89' lang='lat' dir='ltr'><strong>omni</strong></span> <span class='ocrx_word' id='word_1_404' title='bbox 3037 2507 3197 2551; x_wconf 67' lang='lat' dir='ltr'><strong>terra:</strong></span> <span class='ocrx_word' id='word_1_405' title='bbox 3227 2497 3293 2546; x_wconf 85' lang='lat' dir='ltr'><strong>ct</strong></span> <span class='ocrx_word' id='word_1_406' title='bbox 3343 2486 3506 2550; x_wconf 84' lang='lat' dir='ltr'><strong>mari,</strong></span> 
     </span>
    </p>
   </div>
   <div class='ocr_carea' id='block_1_55' title="bbox 1908 2582 3502 2664">
    <p class='ocr_par' dir='ltr' id='par_1_55' title="bbox 1908 2582 3502 2664">
     <span class='ocr_line' id='line_1_55' title="bbox 1908 2582 3502 2664; baseline -0.018 -6"><span class='ocrx_word' id='word_1_407' title='bbox 1908 2599 2193 2658; x_wconf 76' lang='lat' dir='ltr'><strong>omnibus</strong></span> <span class='ocrx_word' id='word_1_408' title='bbox 2268 2596 2529 2655; x_wconf 88' lang='lat' dir='ltr'><strong>habitatis</strong></span> <span class='ocrx_word' id='word_1_409' title='bbox 2596 2592 2913 2664; x_wconf 83' lang='lat' dir='ltr'><strong>regionibus</strong></span> <span class='ocrx_word' id='word_1_410' title='bbox 2990 2582 3502 2643; x_wconf 86' lang='lat' dir='ltr'><strong>accommodatum,</strong></span> 
     </span>
    </p>
   </div>
   <div class='ocr_carea' id='block_1_56' title="bbox 1937 2678 3511 2762">
    <p class='ocr_par' dir='ltr' id='par_1_56' title="bbox 1937 2678 3511 2762">
     <span class='ocr_line' id='line_1_56' title="bbox 1937 2678 3511 2762; baseline -0.017 -10"><span class='ocrx_word' id='word_1_411' title='bbox 1937 2696 2069 2752; x_wconf 86' lang='lat' dir='ltr'><strong>item</strong></span> <span class='ocrx_word' id='word_1_412' title='bbox 2101 2709 2237 2749; x_wconf 90' lang='lat' dir='ltr'><strong>usus</strong></span> <span class='ocrx_word' id='word_1_413' title='bbox 2265 2690 2594 2762; x_wconf 80' lang='lat' dir='ltr'><strong>singulares,</strong></span> <span class='ocrx_word' id='word_1_414' title='bbox 2654 2698 2820 2758; x_wconf 88' lang='lat' dir='ltr'><strong>atque</strong></span> <span class='ocrx_word' id='word_1_415' title='bbox 2856 2692 2916 2739; x_wconf 93' lang='lat' dir='ltr'><strong>ut</strong></span> <span class='ocrx_word' id='word_1_416' title='bbox 2946 2684 3022 2738; x_wconf 90' lang='lat' dir='ltr'><strong>ita</strong></span> <span class='ocrx_word' id='word_1_417' title='bbox 3046 2680 3223 2736; x_wconf 86' lang='lat' dir='ltr'><strong>dicam</strong></span> <span class='ocrx_word' id='word_1_418' title='bbox 3262 2678 3511 2730; x_wconf 84' lang='lat' dir='ltr'><strong>minutos</strong></span> 
     </span>
    </p>
   </div>
   <div class='ocr_carea' id='block_1_57' title="bbox 1936 2768 3511 2855">
    <p class='ocr_par' dir='ltr' id='par_1_57' title="bbox 1936 2768 3511 2855">
     <span class='ocr_line' id='line_1_57' title="bbox 1936 2768 3511 2855; baseline -0.017 -11"><span class='ocrx_word' id='word_1_419' title='bbox 1936 2782 2376 2855; x_wconf 73' lang='lat' dir='ltr'><strong>et&#39;multiplices,</strong></span> <span class='ocrx_word' id='word_1_420' title='bbox 2442 2798 2541 2853; x_wconf 90' lang='lat' dir='ltr'><strong>pro</strong></span> <span class='ocrx_word' id='word_1_421' title='bbox 2579 2780 2749 2836; x_wconf 89' lang='lat' dir='ltr'><strong>variis</strong></span> <span class='ocrx_word' id='word_1_422' title='bbox 2811 2776 3099 2833; x_wconf 89' lang='lat' dir='ltr'><strong>hominum</strong></span> <span class='ocrx_word' id='word_1_423' title='bbox 3157 2768 3511 2829; x_wconf 80' lang='lat' dir='ltr'><strong>ditionibus;</strong></span> 
     </span>
    </p>
   </div>
   <div class='ocr_carea' id='block_1_58' title="bbox 1938 2866 3512 2950">
    <p class='ocr_par' dir='ltr' id='par_1_58' title="bbox 1938 2866 3512 2950">
     <span class='ocr_line' id='line_1_58' title="bbox 1938 2866 3512 2950; baseline -0.016 -16"><span class='ocrx_word' id='word_1_424' title='bbox 1938 2879 2109 2950; x_wconf 73' lang='lat'><strong>886</strong></span> <span class='ocrx_word' id='word_1_425' title='bbox 2140 2877 2214 2931; x_wconf 91' lang='lat' dir='ltr'><strong>ita</strong></span> <span class='ocrx_word' id='word_1_426' title='bbox 2245 2878 2408 2932; x_wconf 86' lang='lat' dir='ltr'><strong>etiam</strong></span> <span class='ocrx_word' id='word_1_427' title='bbox 2442 2888 2669 2929; x_wconf 82' lang='lat' dir='ltr'><strong>necesse</strong></span> <span class='ocrx_word' id='word_1_428' title='bbox 2693 2880 2778 2926; x_wconf 88' lang='lat' dir='ltr'><strong>est</strong></span> <span class='ocrx_word' id='word_1_429' title='bbox 2804 2866 3313 2926; x_wconf 82' lang='lat' dir='ltr'><strong>ecclesiasticarum</strong></span> <span class='ocrx_word' id='word_1_430' title='bbox 3355 2874 3512 2928; x_wconf 77' lang='lat' dir='ltr'><strong>regu-</strong></span> 
     </span>
    </p>
   </div>
   <div class='ocr_carea' id='block_1_59' title="bbox 1939 2951 3515 3039">
    <p class='ocr_par' dir='ltr' id='par_1_59' title="bbox 1939 2951 3515 3039">
     <span class='ocr_line' id='line_1_59' title="bbox 1939 2951 3515 3039; baseline -0.015 -13"><span class='ocrx_word' id='word_1_431' title='bbox 1939 2970 2116 3026; x_wconf 90' lang='lat' dir='ltr'><strong>larum</strong></span> <span class='ocrx_word' id='word_1_432' title='bbox 2137 2977 2194 3025; x_wconf 92' lang='lat' dir='ltr'><strong>et</strong></span> <span class='ocrx_word' id='word_1_433' title='bbox 2225 2969 2404 3039; x_wconf 86' lang='lat' dir='ltr'><strong>legum</strong></span> <span class='ocrx_word' id='word_1_434' title='bbox 2438 2965 2683 3021; x_wconf 83' lang='lat' dir='ltr'><strong>civilium</strong></span> <span class='ocrx_word' id='word_1_435' title='bbox 2714 2978 2874 3018; x_wconf 85' lang='lat' dir='ltr'><strong>usum</strong></span> <span class='ocrx_word' id='word_1_436' title='bbox 2902 2960 2970 3015; x_wconf 85' lang='lat' dir='ltr'><strong>ad</strong></span> <span class='ocrx_word' id='word_1_437' title='bbox 3000 2958 3292 3013; x_wconf 88' lang='lat' dir='ltr'><strong>universos</strong></span> <span class='ocrx_word' id='word_1_438' title='bbox 3346 2951 3515 3024; x_wconf 83' lang='lat' dir='ltr'><strong>perti-</strong></span> 
     </span>
    </p>
   </div>
   <div class='ocr_carea' id='block_1_60' title="bbox 1941 3042 3514 3127">
    <p class='ocr_par' dir='ltr' id='par_1_60' title="bbox 1941 3042 3514 3127">
     <span class='ocr_line' id='line_1_60' title="bbox 1941 3042 3514 3127; baseline -0.015 -11"><span class='ocrx_word' id='word_1_439' title='bbox 1941 3074 2102 3122; x_wconf 86' lang='lat' dir='ltr'><strong>nere.</strong></span> <span class='ocrx_word' id='word_1_440' title='bbox 2140 3067 2277 3114; x_wconf 83' lang='lat' dir='ltr'><strong>utet</strong></span> <span class='ocrx_word' id='word_1_441' title='bbox 2307 3054 2738 3127; x_wconf 77' lang='lat' dir='ltr'><strong>imperatoribus</strong></span> <span class='ocrx_word' id='word_1_442' title='bbox 2770 3054 3066 3121; x_wconf 87' lang='lat' dir='ltr'><strong>imperent,</strong></span> <span class='ocrx_word' id='word_1_443' title='bbox 3113 3056 3170 3101; x_wconf 85' lang='lat' dir='ltr'><strong>et</strong></span> <span class='ocrx_word' id='word_1_444' title='bbox 3203 3042 3514 3116; x_wconf 63' lang='lat' dir='ltr'><strong>praepositis</strong></span> 
     </span>
    </p>
   </div>
   <div class='ocr_carea' id='block_1_61' title="bbox 255 3134 1839 3231">
    <p class='ocr_par' dir='ltr' id='par_1_61' title="bbox 255 3134 1839 3231">
     <span class='ocr_line' id='line_1_61' title="bbox 255 3134 1839 3231; baseline -0.003 -18"><span class='ocrx_word' id='word_1_445' title='bbox 255 3162 555 3214; x_wconf 74' lang='grc' dir='ltr'>ἐπίστασιν</span> <span class='ocrx_word' id='word_1_446' title='bbox 604 3160 714 3214; x_wconf 85' lang='grc' dir='ltr'><strong>τῶν</strong></span> <span class='ocrx_word' id='word_1_447' title='bbox 740 3160 918 3231; x_wconf 64' lang='grc' dir='ltr'>ἔργων</span> <span class='ocrx_word' id='word_1_448' title='bbox 949 3159 1251 3221; x_wconf 85' lang='grc' dir='ltr'>ίθύναντος.</span> <span class='ocrx_word' id='word_1_449' title='bbox 1312 3157 1468 3212; x_wconf 75' lang='grc' dir='ltr'>Ἐπεὶ</span> <span class='ocrx_word' id='word_1_450' title='bbox 1515 3158 1694 3211; x_wconf 91' lang='grc' dir='ltr'>τοίνυν</span> <span class='ocrx_word' id='word_1_451' title='bbox 1745 3134 1839 3210; x_wconf 74' lang='grc' dir='ltr'>καὶ</span> 
     </span>
    </p>
   </div>
   <div class='ocr_carea' id='block_1_62' title="bbox 1940 3134 3518 3231">
    <p class='ocr_par' dir='ltr' id='par_1_62' title="bbox 1952 3134 3518 3224">
     <span class='ocr_line' id='line_1_62' title="bbox 1952 3134 3518 3224; baseline -0.013 -16"><span class='ocrx_word' id='word_1_452' title='bbox 1952 3152 2194 3224; x_wconf 69' lang='lat' dir='ltr'><strong>praesint.</strong></span> <span class='ocrx_word' id='word_1_453' title='bbox 2229 3150 2310 3204; x_wconf 85' lang='lat' dir='ltr'><strong>Tu</strong></span> <span class='ocrx_word' id='word_1_454' title='bbox 2337 3162 2488 3212; x_wconf 90' lang='lat' dir='ltr'><strong>vero,</strong></span> <span class='ocrx_word' id='word_1_455' title='bbox 2538 3146 2665 3217; x_wconf 87' lang='lat' dir='ltr'><strong>quia</strong></span> <span class='ocrx_word' id='word_1_456' title='bbox 2720 3143 3060 3199; x_wconf 89' lang='lat' dir='ltr'><strong>contrarium</strong></span> <span class='ocrx_word' id='word_1_457' title='bbox 3119 3135 3326 3193; x_wconf 82' lang='lat' dir='ltr'><strong>videris</strong></span> <span class='ocrx_word' id='word_1_458' title='bbox 3381 3134 3518 3187; x_wconf 84' lang='lat' dir='ltr'><strong>velle</strong></span> 
     </span>
    </p>
   </div>
   <div class='ocr_carea' id='block_1_63' title="bbox 257 3249 1848 3324">
    <p class='ocr_par' dir='ltr' id='par_1_63' title="bbox 257 3249 1848 3324">
     <span class='ocr_line' id='line_1_63' title="bbox 257 3249 1848 3324; baseline -0.003 -18"><span class='ocrx_word' id='word_1_459' title='bbox 257 3253 329 3306; x_wconf 71' lang='grc' dir='ltr'>σὺ</span> <span class='ocrx_word' id='word_1_460' title='bbox 389 3252 506 3317; x_wconf 82' lang='grc' dir='ltr'>τοῖς</span> <span class='ocrx_word' id='word_1_461' title='bbox 566 3252 665 3322; x_wconf 80' lang='grc' dir='ltr'>τῆς</span> <span class='ocrx_word' id='word_1_462' title='bbox 720 3252 1013 3324; x_wconf 74' lang='grc' dir='ltr'>ἐκκλησίας</span> <span class='ocrx_word' id='word_1_463' title='bbox 1085 3253 1307 3305; x_wconf 85' lang='grc' dir='ltr'>κανόσιν</span> <span class='ocrx_word' id='word_1_464' title='bbox 1376 3251 1476 3321; x_wconf 84' lang='grc' dir='ltr'>οὐχ</span> <span class='ocrx_word' id='word_1_465' title='bbox 1540 3249 1684 3322; x_wconf 78' lang='grc' dir='ltr'>ἕπῃ,</span> <span class='ocrx_word' id='word_1_466' title='bbox 1739 3249 1848 3302; x_wconf 83' lang='grc' dir='ltr'>ίσθι</span> 
     </span>
    </p>
   </div>
   <div class='ocr_carea' id='block_1_64' title="bbox 262 3340 1850 3413">
    <p class='ocr_par' dir='ltr' id='par_1_64' title="bbox 262 3340 1850 3413">
     <span class='ocr_line' id='line_1_64' title="bbox 262 3340 1850 3413; baseline -0.003 -16"><span class='ocrx_word' id='word_1_467' title='bbox 262 3342 783 3413; x_wconf 78' lang='grc' dir='ltr'>καταλυθησόμενος</span> <span class='ocrx_word' id='word_1_468' title='bbox 845 3343 950 3397; x_wconf 69' lang='grc' dir='ltr'><strong>ὑπὸ</strong></span> <span class='ocrx_word' id='word_1_469' title='bbox 1003 3342 1496 3413; x_wconf 69' lang='grc' dir='ltr'>τῆςὲκκλησίας,</span> <span class='ocrx_word' id='word_1_470' title='bbox 1556 3341 1588 3411; x_wconf 77' lang='grc' dir='ltr'>ἢ</span> <span class='ocrx_word' id='word_1_471' title='bbox 1650 3340 1850 3412; x_wconf 85' lang='grc' dir='ltr'>μᾶλλον</span> 
     </span>
    </p>
   </div>
   <div class='ocr_carea' id='block_1_65' title="bbox 257 3429 1848 3505">
    <p class='ocr_par' dir='ltr' id='par_1_65' title="bbox 257 3429 1848 3505">
     <span class='ocr_line' id='line_1_65' title="bbox 257 3429 1848 3505; baseline -0.006 -13"><span class='ocrx_word' id='word_1_472' title='bbox 257 3439 373 3492; x_wconf 73' lang='grc' dir='ltr'>ὑπὸ</span> <span class='ocrx_word' id='word_1_473' title='bbox 423 3437 516 3490; x_wconf 78' lang='grc' dir='ltr'><strong>τοῦ</strong></span> <span class='ocrx_word' id='word_1_474' title='bbox 566 3435 665 3503; x_wconf 76' lang='grc' dir='ltr'>τῆς</span> <span class='ocrx_word' id='word_1_475' title='bbox 723 3434 1048 3504; x_wconf 84' lang='grc' dir='ltr'>Ἐκκλησίας</span> <span class='ocrx_word' id='word_1_476' title='bbox 1100 3432 1408 3505; x_wconf 74' lang='grc' dir='ltr'>ἡγουμένου</span> <span class='ocrx_word' id='word_1_477' title='bbox 1450 3429 1610 3493; x_wconf 90' lang='grc' dir='ltr'>Θεοῦ,</span> <span class='ocrx_word' id='word_1_478' title='bbox 1671 3432 1766 3499; x_wconf 74' lang='grc' dir='ltr'>καὶ</span> <span class='ocrx_word' id='word_1_479' title='bbox 1798 3430 1848 3483; x_wconf 85' lang='grc' dir='ltr'><strong>εί</strong></span> 
     </span>
    </p>
   </div>
   <div class='ocr_carea' id='block_1_66' title="bbox 263 3509 1846 3602">
    <p class='ocr_par' dir='ltr' id='par_1_66' title="bbox 263 3509 1846 3602">
     <span class='ocr_line' id='line_1_66' title="bbox 263 3509 1846 3602; baseline -0.005 -19"><span class='ocrx_word' id='word_1_480' title='bbox 263 3530 347 3602; x_wconf 81' lang='grc' dir='ltr'>μὴ</span> <span class='ocrx_word' id='word_1_481' title='bbox 398 3530 597 3582; x_wconf 71' lang='grc' dir='ltr'>αὐτίκα</span> <span class='ocrx_word' id='word_1_482' title='bbox 650 3529 819 3598; x_wconf 81' lang='grc' dir='ltr'>μάλα,</span> <span class='ocrx_word' id='word_1_483' title='bbox 852 3525 969 3579; x_wconf 79' lang='grc' dir='ltr'>ἀλλ’</span> <span class='ocrx_word' id='word_1_484' title='bbox 1011 3509 1104 3578; x_wconf 78' lang='grc' dir='ltr'><strong>δῦν</strong></span> <span class='ocrx_word' id='word_1_485' title='bbox 1135 3524 1245 3595; x_wconf 59' lang='grc' dir='ltr'><strong>ούδῖ</strong></span> <span class='ocrx_word' id='word_1_486' title='bbox 1277 3523 1357 3587; x_wconf 85' lang='grc' dir='ltr'><strong>είς</strong></span> <span class='ocrx_word' id='word_1_487' title='bbox 1408 3521 1552 3591; x_wconf 82' lang='grc' dir='ltr'>μάλα</span> <span class='ocrx_word' id='word_1_488' title='bbox 1607 3520 1846 3591; x_wconf 83' lang='grc' dir='ltr'>μακράν.</span> 
     </span>
    </p>
   </div>
   <div class='ocr_carea' id='block_1_67' title="bbox 263 3611 1847 3692">
    <p class='ocr_par' dir='ltr' id='par_1_67' title="bbox 263 3611 1847 3692">
     <span class='ocr_line' id='line_1_67' title="bbox 263 3611 1847 3692; baseline -0.009 -15"><span class='ocrx_word' id='word_1_489' title='bbox 263 3619 444 3678; x_wconf 77' lang='grc' dir='ltr'>Οἶσθα</span> <span class='ocrx_word' id='word_1_490' title='bbox 474 3623 582 3692; x_wconf 81' lang='grc' dir='ltr'>γὰρ</span> <span class='ocrx_word' id='word_1_491' title='bbox 620 3620 697 3685; x_wconf 83' lang='grc' dir='ltr'>ὥς</span> <span class='ocrx_word' id='word_1_492' title='bbox 747 3621 813 3675; x_wconf 76' lang='grc' dir='ltr'>σὺ</span> <span class='ocrx_word' id='word_1_493' title='bbox 848 3618 1065 3683; x_wconf 86' lang='grc' dir='ltr'>πρῶτος</span> <span class='ocrx_word' id='word_1_494' title='bbox 1098 3615 1306 3672; x_wconf 78' lang='grc' dir='ltr'>ἄνωθεν</span> <span class='ocrx_word' id='word_1_495' title='bbox 1350 3614 1665 3684; x_wconf 81' lang='grc' dir='ltr'>προστάτης</span> <span class='ocrx_word' id='word_1_496' title='bbox 1691 3611 1847 3680; x_wconf 74' lang='grc' dir='ltr'>γενόο</span> 
     </span>
    </p>
   </div>
   <div class='ocr_carea' id='block_1_68' title="bbox 266 3704 1851 3790">
    <p class='ocr_par' dir='ltr' id='par_1_68' title="bbox 266 3704 1851 3790">
     <span class='ocr_line' id='line_1_68' title="bbox 266 3704 1851 3790; baseline -0.01 -16"><span class='ocrx_word' id='word_1_497' title='bbox 266 3735 433 3790; x_wconf 81' lang='grc' dir='ltr'>μενος</span> <span class='ocrx_word' id='word_1_498' title='bbox 477 3715 576 3785; x_wconf 77' lang='grc' dir='ltr'>τῆς</span> <span class='ocrx_word' id='word_1_499' title='bbox 621 3714 715 3768; x_wconf 87' lang='grc' dir='ltr'><strong>τοῦ</strong></span> <span class='ocrx_word' id='word_1_500' title='bbox 763 3712 1004 3783; x_wconf 83' lang='grc' dir='ltr'>Παλαμᾶ</span> <span class='ocrx_word' id='word_1_501' title='bbox 1032 3707 1349 3769; x_wconf 69' lang='grc' dir='ltr'>δυσσεϐείας</span> <span class='ocrx_word' id='word_1_502' title='bbox 1397 3708 1534 3778; x_wconf 85' lang='grc' dir='ltr'>ὁμοῦ</span> <span class='ocrx_word' id='word_1_503' title='bbox 1566 3708 1634 3776; x_wconf 77' lang='grc' dir='ltr'>τῇ</span> <span class='ocrx_word' id='word_1_504' title='bbox 1681 3704 1851 3774; x_wconf 75' lang='grc' dir='ltr'>μητρὶ</span> 
     </span>
    </p>
   </div>
   <div class='ocr_carea' id='block_1_69' title="bbox 262 3798 1847 3877">
    <p class='ocr_par' dir='ltr' id='par_1_69' title="bbox 262 3798 1847 3877">
     <span class='ocr_line' id='line_1_69' title="bbox 262 3798 1847 3877; baseline -0.009 -15"><span class='ocrx_word' id='word_1_505' title='bbox 262 3810 364 3863; x_wconf 83' lang='grc' dir='ltr'><strong>τοῦ</strong></span> <span class='ocrx_word' id='word_1_506' title='bbox 413 3807 668 3862; x_wconf 82' lang='grc' dir='ltr'>τοσούτου</span> <span class='ocrx_word' id='word_1_507' title='bbox 704 3805 933 3877; x_wconf 78' lang='grc' dir='ltr'>θορύϐου</span> <span class='ocrx_word' id='word_1_508' title='bbox 951 3806 1018 3873; x_wconf 82' lang='grc' dir='ltr'><strong>τῇ</strong></span> <span class='ocrx_word' id='word_1_509' title='bbox 1070 3801 1335 3872; x_wconf 78' lang='grc' dir='ltr'>ἐκκλησίᾳ</span> <span class='ocrx_word' id='word_1_510' title='bbox 1370 3799 1634 3868; x_wconf 82' lang='grc' dir='ltr'>κατέστης</span> <span class='ocrx_word' id='word_1_511' title='bbox 1656 3798 1847 3859; x_wconf 74' lang='grc' dir='ltr'>αἴτιος.</span> 
     </span>
    </p>
   </div>
   <div class='ocr_carea' id='block_1_70' title="bbox 265 3886 1851 3968">
    <p class='ocr_par' dir='ltr' id='par_1_70' title="bbox 265 3886 1851 3968">
     <span class='ocr_line' id='line_1_70' title="bbox 265 3886 1851 3968; baseline -0.009 -14"><span class='ocrx_word' id='word_1_512' title='bbox 265 3900 363 3955; x_wconf 80' lang='grc' dir='ltr'><strong>Διὸ</strong></span> <span class='ocrx_word' id='word_1_513' title='bbox 417 3901 512 3953; x_wconf 72' lang='grc' dir='ltr'><strong>καὶ</strong></span> <span class='ocrx_word' id='word_1_514' title='bbox 554 3898 880 3968; x_wconf 83' lang='grc' dir='ltr'>μηνίσαντος</span> <span class='ocrx_word' id='word_1_515' title='bbox 920 3895 1017 3949; x_wconf 84' lang='grc' dir='ltr'><strong>τοῦ</strong></span> <span class='ocrx_word' id='word_1_516' title='bbox 1052 3894 1210 3955; x_wconf 82' lang='grc' dir='ltr'>Θεοῦ,</span> <span class='ocrx_word' id='word_1_517' title='bbox 1237 3891 1337 3962; x_wconf 71' lang='grc' dir='ltr'>τῆς</span> <span class='ocrx_word' id='word_1_518' title='bbox 1363 3888 1712 3957; x_wconf 74' lang='grc' dir='ltr'>εὐδαιμονίας</span> <span class='ocrx_word' id='word_1_519' title='bbox 1755 3886 1851 3940; x_wconf 71' lang='grc' dir='ltr'>καὶ</span> 
     </span>
    </p>
   </div>
   <div class='ocr_carea' id='block_1_71' title="bbox 265 3974 1850 4063">
    <p class='ocr_par' dir='ltr' id='par_1_71' title="bbox 265 3974 1850 4063">
     <span class='ocr_line' id='line_1_71' title="bbox 265 3974 1850 4063; baseline -0.011 -16"><span class='ocrx_word' id='word_1_520' title='bbox 265 3994 428 4062; x_wconf 77' lang='grc' dir='ltr'>δόξης</span> <span class='ocrx_word' id='word_1_521' title='bbox 454 3990 672 4063; x_wconf 82' lang='grc' dir='ltr'>ἐκείνης</span> <span class='ocrx_word' id='word_1_522' title='bbox 698 3988 906 4059; x_wconf 76' lang='grc' dir='ltr'>γυμνὸς</span> <span class='ocrx_word' id='word_1_523' title='bbox 933 3974 1296 4056; x_wconf 73' lang='grc' dir='ltr'>κατελείφθης</span> <span class='ocrx_word' id='word_1_524' title='bbox 1320 3981 1606 4051; x_wconf 72' lang='grc' dir='ltr'>αἰφνίδιον,</span> <span class='ocrx_word' id='word_1_525' title='bbox 1643 3980 1739 4033; x_wconf 76' lang='grc' dir='ltr'>καὶ</span> <span class='ocrx_word' id='word_1_526' title='bbox 1758 3979 1850 4047; x_wconf 82' lang='grc' dir='ltr'>γέ-</span> 
     </span>
    </p>
   </div>
   <div class='ocr_carea' id='block_1_72' title="bbox 266 4066 1846 4156">
    <p class='ocr_par' dir='ltr' id='par_1_72' title="bbox 266 4066 1846 4156">
     <span class='ocr_line' id='line_1_72' title="bbox 266 4066 1846 4156; baseline -0.009 -16"><span class='ocrx_word' id='word_1_527' title='bbox 266 4102 434 4156; x_wconf 83' lang='grc' dir='ltr'>γονας</span> <span class='ocrx_word' id='word_1_528' title='bbox 474 4084 637 4146; x_wconf 75' lang='grc' dir='ltr'>εὐθὺς</span> <span class='ocrx_word' id='word_1_529' title='bbox 685 4080 973 4153; x_wconf 82' lang='grc' dir='ltr'>ὑπερόριος</span> <span class='ocrx_word' id='word_1_530' title='bbox 1009 4077 1269 4149; x_wconf 84' lang='grc' dir='ltr'>πατρίδος</span> <span class='ocrx_word' id='word_1_531' title='bbox 1320 4077 1441 4145; x_wconf 73' lang='grc' dir='ltr'>ἅμα</span> <span class='ocrx_word' id='word_1_532' title='bbox 1490 4066 1587 4145; x_wconf 55' lang='grc' dir='ltr'>καί.</span> <span class='ocrx_word' id='word_1_533' title='bbox 1636 4071 1846 4140; x_wconf 83' lang='grc' dir='ltr'>γένους.</span> 
     </span>
    </p>
   </div>
   <div class='ocr_carea' id='block_1_73' title="bbox 268 4162 1851 4247">
    <p class='ocr_par' dir='ltr' id='par_1_73' title="bbox 268 4162 1851 4247">
     <span class='ocr_line' id='line_1_73' title="bbox 268 4162 1851 4247; baseline -0.012 -16"><span class='ocrx_word' id='word_1_534' title='bbox 268 4177 385 4231; x_wconf 77' lang='grc' dir='ltr'><strong>Καὶ</strong></span> <span class='ocrx_word' id='word_1_535' title='bbox 413 4178 447 4247; x_wconf 79' lang='grc' dir='ltr'><strong>ἠ</strong></span> <span class='ocrx_word' id='word_1_536' title='bbox 485 4174 585 4246; x_wconf 79' lang='grc' dir='ltr'>μὲν</span> <span class='ocrx_word' id='word_1_537' title='bbox 611 4172 679 4242; x_wconf 79' lang='grc' dir='ltr'>σὴ</span> <span class='ocrx_word' id='word_1_538' title='bbox 701 4171 884 4243; x_wconf 82' lang='grc' dir='ltr'>μήτηρ</span> <span class='ocrx_word' id='word_1_539' title='bbox 907 4169 1197 4239; x_wconf 75' lang='grc' dir='ltr'>αἰσχίστην</span> <span class='ocrx_word' id='word_1_540' title='bbox 1227 4166 1374 4220; x_wconf 76' lang='grc' dir='ltr'>ἔτισε</span> <span class='ocrx_word' id='word_1_541' title='bbox 1405 4165 1498 4218; x_wconf 88' lang='grc' dir='ltr'><strong>τοῦ</strong></span> <span class='ocrx_word' id='word_1_542' title='bbox 1529 4162 1851 4234; x_wconf 82' lang='grc' dir='ltr'>βίουτελευ-</span> 
     </span>
    </p>
   </div>
   <div class='ocr_carea' id='block_1_74' title="bbox 194 4253 1852 4339">
    <p class='ocr_par' dir='ltr' id='par_1_74' title="bbox 194 4253 1852 4339">
     <span class='ocr_line' id='line_1_74' title="bbox 194 4253 1852 4339; baseline -0.01 -16"><span class='ocrx_word' id='word_1_543' title='bbox 194 4268 391 4339; x_wconf 54' lang='grc' dir='ltr'>χυτὴν,</span> <span class='ocrx_word' id='word_1_544' title='bbox 418 4265 564 4335; x_wconf 84' lang='grc' dir='ltr'><strong>λιμῷ</strong></span> <span class='ocrx_word' id='word_1_545' title='bbox 598 4266 695 4319; x_wconf 68' lang='grc' dir='ltr'>καὶ</span> <span class='ocrx_word' id='word_1_546' title='bbox 727 4261 891 4334; x_wconf 77' lang='grc' dir='ltr'>ψύχει</span> <span class='ocrx_word' id='word_1_547' title='bbox 917 4258 1296 4328; x_wconf 88' lang='grc' dir='ltr'>δαπανηθείσα</span> <span class='ocrx_word' id='word_1_548' title='bbox 1333 4257 1428 4310; x_wconf 88' lang='grc' dir='ltr'><strong>καί</strong></span> <span class='ocrx_word' id='word_1_549' title='bbox 1478 4272 1573 4309; x_wconf 92' lang='grc' dir='ltr'><strong>σου</strong></span> <span class='ocrx_word' id='word_1_550' title='bbox 1604 4253 1699 4307; x_wconf 90' lang='grc' dir='ltr'><strong>τοῦ</strong></span> <span class='ocrx_word' id='word_1_551' title='bbox 1731 4253 1852 4323; x_wconf 83' lang='grc' dir='ltr'>φιλ-</span> 
     </span>
    </p>
   </div>
   <div class='ocr_carea' id='block_1_75' title="bbox 268 4344 1851 4429">
    <p class='ocr_par' dir='ltr' id='par_1_75' title="bbox 268 4344 1851 4429">
     <span class='ocr_line' id='line_1_75' title="bbox 268 4344 1851 4429; baseline -0.01 -15"><span class='ocrx_word' id='word_1_552' title='bbox 268 4362 435 4414; x_wconf 77' lang='grc' dir='ltr'>τάτου</span> <span class='ocrx_word' id='word_1_553' title='bbox 458 4358 556 4429; x_wconf 80' lang='grc' dir='ltr'>τὴν</span> <span class='ocrx_word' id='word_1_554' title='bbox 579 4355 836 4427; x_wconf 79' lang='grc' dir='ltr'>στέρησιν</span> <span class='ocrx_word' id='word_1_555' title='bbox 868 4352 1066 4420; x_wconf 74' lang='grc' dir='ltr'>πικρὸν</span> <span class='ocrx_word' id='word_1_556' title='bbox 1097 4351 1350 4418; x_wconf 74' lang='grc' dir='ltr'>ἐντάφιον</span> <span class='ocrx_word' id='word_1_557' title='bbox 1372 4344 1716 4417; x_wconf 84' lang='grc' dir='ltr'>ἐνεγκαμένη</span> <span class='ocrx_word' id='word_1_558' title='bbox 1740 4360 1753 4374; x_wconf 89' lang='grc'><strong>·</strong></span> <span class='ocrx_word' id='word_1_559' title='bbox 1786 4344 1851 4398; x_wconf 78' lang='grc' dir='ltr'>σὺ</span> 
     </span>
    </p>
   </div>
   <div class='ocr_carea' id='block_1_76' title="bbox 268 4437 1852 4513">
    <p class='ocr_par' dir='ltr' id='par_1_76' title="bbox 268 4437 1852 4513">
     <span class='ocr_line' id='line_1_76' title="bbox 268 4437 1852 4513; baseline -0.013 -5"><span class='ocrx_word' id='word_1_560' title='bbox 268 4455 326 4508; x_wconf 73' lang='grc' dir='ltr'>δὲ</span> <span class='ocrx_word' id='word_1_561' title='bbox 361 4450 595 4513; x_wconf 74' lang='grc' dir='ltr'>πολλοὺς</span> <span class='ocrx_word' id='word_1_562' title='bbox 622 4448 719 4502; x_wconf 73' lang='grc' dir='ltr'>καὶ</span> <span class='ocrx_word' id='word_1_563' title='bbox 749 4444 1028 4507; x_wconf 86' lang='grc' dir='ltr'>ποικίλους</span> <span class='ocrx_word' id='word_1_564' title='bbox 1052 4441 1443 4513; x_wconf 80' lang='grc' dir='ltr'>ἀναμετρήσας</span> <span class='ocrx_word' id='word_1_565' title='bbox 1476 4439 1591 4511; x_wconf 84' lang='grc' dir='ltr'>βίου</span> <span class='ocrx_word' id='word_1_566' title='bbox 1618 4437 1852 4499; x_wconf 83' lang='grc' dir='ltr'>πλάνους</span> 
     </span>
    </p>
   </div>
   <div class='ocr_carea' id='block_1_77' title="bbox 272 4523 1852 4609">
    <p class='ocr_par' dir='ltr' id='par_1_77' title="bbox 272 4523 1852 4609">
     <span class='ocr_line' id='line_1_77' title="bbox 272 4523 1852 4609; baseline -0.016 -11"><span class='ocrx_word' id='word_1_567' title='bbox 272 4543 415 4597; x_wconf 80' lang='grc' dir='ltr'>κατά</span> <span class='ocrx_word' id='word_1_568' title='bbox 453 4557 513 4593; x_wconf 88' lang='grc' dir='ltr'><strong>τε</strong></span> <span class='ocrx_word' id='word_1_569' title='bbox 563 4537 786 4609; x_wconf 82' lang='grc' dir='ltr'>Θρᾴκην</span> <span class='ocrx_word' id='word_1_570' title='bbox 818 4535 911 4588; x_wconf 73' lang='grc' dir='ltr'>καὶ</span> <span class='ocrx_word' id='word_1_571' title='bbox 947 4529 1290 4587; x_wconf 82' lang='grc' dir='ltr'>Μακεδονίαν</span> <span class='ocrx_word' id='word_1_572' title='bbox 1347 4526 1443 4581; x_wconf 76' lang='grc' dir='ltr'>καὶ</span> <span class='ocrx_word' id='word_1_573' title='bbox 1493 4523 1852 4596; x_wconf 70' lang='grc' dir='ltr'>Τριϐαλλοὺς,</span> 
     </span>
    </p>
   </div>
   <div class='ocr_carea' id='block_1_78' title="bbox 272 4613 1850 4707">
    <p class='ocr_par' dir='ltr' id='par_1_78' title="bbox 272 4613 1850 4707">
     <span class='ocr_line' id='line_1_78' title="bbox 272 4613 1850 4707; baseline -0.015 -16"><span class='ocrx_word' id='word_1_574' title='bbox 272 4632 565 4707; x_wconf 81' lang='grc' dir='ltr'>Περσικοῖς</span> <span class='ocrx_word' id='word_1_575' title='bbox 588 4630 780 4684; x_wconf 71' lang='grc' dir='ltr'>ἔπειτα</span> <span class='ocrx_word' id='word_1_576' title='bbox 809 4627 904 4681; x_wconf 69' lang='grc' dir='ltr'>καὶ</span> <span class='ocrx_word' id='word_1_577' title='bbox 923 4622 1284 4694; x_wconf 80' lang='grc' dir='ltr'>σατραπικοῖς</span> <span class='ocrx_word' id='word_1_578' title='bbox 1306 4618 1401 4674; x_wconf 80' lang='grc' dir='ltr'>ὑπ’</span> <span class='ocrx_word' id='word_1_579' title='bbox 1428 4616 1673 4687; x_wconf 80' lang='grc' dir='ltr'>ἀνάγκης</span> <span class='ocrx_word' id='word_1_580' title='bbox 1700 4613 1850 4670; x_wconf 76' lang='grc' dir='ltr'>ἔθεσί</span> 
     </span>
    </p>
   </div>
   <div class='ocr_carea' id='block_1_79' title="bbox 272 4711 1850 4794">
    <p class='ocr_par' dir='ltr' id='par_1_79' title="bbox 272 4711 1850 4794">
     <span class='ocr_line' id='line_1_79' title="bbox 272 4711 1850 4794; baseline -0.012 -12"><span class='ocrx_word' id='word_1_581' title='bbox 272 4746 331 4782; x_wconf 87' lang='grc' dir='ltr'><strong>τε</strong></span> <span class='ocrx_word' id='word_1_582' title='bbox 357 4727 456 4781; x_wconf 79' lang='grc' dir='ltr'>καὶ</span> <span class='ocrx_word' id='word_1_583' title='bbox 484 4724 719 4794; x_wconf 88' lang='grc' dir='ltr'>δόγμασι</span> <span class='ocrx_word' id='word_1_584' title='bbox 740 4719 1170 4788; x_wconf 81' lang='grc' dir='ltr'>κεκοινώνηκας,</span> <span class='ocrx_word' id='word_1_585' title='bbox 1203 4715 1277 4780; x_wconf 82' lang='grc' dir='ltr'><strong>ὡς</strong></span> <span class='ocrx_word' id='word_1_586' title='bbox 1305 4714 1400 4769; x_wconf 75' lang='grc' dir='ltr'>καὶ</span> <span class='ocrx_word' id='word_1_587' title='bbox 1429 4714 1686 4767; x_wconf 81' lang='grc' dir='ltr'>τοσοῦτον</span> <span class='ocrx_word' id='word_1_588' title='bbox 1719 4711 1850 4782; x_wconf 82' lang='grc' dir='ltr'>περὶ</span> 
     </span>
    </p>
   </div>
   <div class='ocr_carea' id='block_1_80' title="bbox 270 4807 1848 4892">
    <p class='ocr_par' dir='ltr' id='par_1_80' title="bbox 270 4807 1848 4892">
     <span class='ocr_line' id='line_1_80' title="bbox 270 4807 1848 4892; baseline -0.011 -14"><span class='ocrx_word' id='word_1_589' title='bbox 270 4825 332 4878; x_wconf 79' lang='grc' dir='ltr'>τὸ</span> <span class='ocrx_word' id='word_1_590' title='bbox 373 4822 534 4892; x_wconf 86' lang='grc' dir='ltr'>γένος</span> <span class='ocrx_word' id='word_1_591' title='bbox 565 4816 858 4888; x_wconf 84' lang='grc' dir='ltr'>ἀγνώμονα</span> <span class='ocrx_word' id='word_1_592' title='bbox 900 4812 1242 4883; x_wconf 83' lang='grc' dir='ltr'>καταστῆναι</span> <span class='ocrx_word' id='word_1_593' title='bbox 1291 4810 1386 4865; x_wconf 77' lang='grc' dir='ltr'>καὶ</span> <span class='ocrx_word' id='word_1_594' title='bbox 1429 4808 1613 4864; x_wconf 73' lang='grc' dir='ltr'>οἴκτου</span> <span class='ocrx_word' id='word_1_595' title='bbox 1644 4807 1848 4871; x_wconf 81' lang='grc' dir='ltr'>παντὸς</span> 
     </span>
    </p>
   </div>
   <div class='ocr_carea' id='block_1_81' title="bbox 268 4901 1851 4984">
    <p class='ocr_par' dir='ltr' id='par_1_81' title="bbox 268 4901 1851 4984">
     <span class='ocr_line' id='line_1_81' title="bbox 268 4901 1851 4984; baseline -0.012 -12"><span class='ocrx_word' id='word_1_596' title='bbox 268 4916 577 4984; x_wconf 80' lang='grc' dir='ltr'>ἀλλότριον,</span> <span class='ocrx_word' id='word_1_597' title='bbox 609 4907 1106 4980; x_wconf 82' lang='grc' dir='ltr'>ἐγκαταλειφθέντα</span> <span class='ocrx_word' id='word_1_598' title='bbox 1140 4921 1201 4957; x_wconf 91' lang='grc' dir='ltr'><strong>σε</strong></span> <span class='ocrx_word' id='word_1_599' title='bbox 1231 4901 1368 4974; x_wconf 82' lang='grc' dir='ltr'>πρὸς</span> <span class='ocrx_word' id='word_1_600' title='bbox 1395 4902 1555 4965; x_wconf 83' lang='grc' dir='ltr'>Θεοῦ,</span> <span class='ocrx_word' id='word_1_601' title='bbox 1585 4901 1727 4954; x_wconf 81' lang='grc' dir='ltr'>ὥστε</span> <span class='ocrx_word' id='word_1_602' title='bbox 1756 4901 1851 4954; x_wconf 79' lang='grc' dir='ltr'>καὶ</span> 
     </span>
    </p>
   </div>
   <div class='ocr_carea' id='block_1_82' title="bbox 268 4993 1853 5074">
    <p class='ocr_par' dir='ltr' id='par_1_82' title="bbox 268 4993 1853 5074">
     <span class='ocr_line' id='line_1_82' title="bbox 268 4993 1853 5074; baseline -0.01 -11"><span class='ocrx_word' id='word_1_603' title='bbox 268 5011 400 5072; x_wconf 85' lang='grc' dir='ltr'>τοὺς</span> <span class='ocrx_word' id='word_1_604' title='bbox 426 5006 538 5060; x_wconf 82' lang='grc' dir='ltr'><strong>τῶν</strong></span> <span class='ocrx_word' id='word_1_605' title='bbox 561 5001 924 5074; x_wconf 80' lang='grc' dir='ltr'>αίχμαλὼτων</span> <span class='ocrx_word' id='word_1_606' title='bbox 952 4996 1241 5068; x_wconf 81' lang='grc' dir='ltr'>Ῥωμαίων</span> <span class='ocrx_word' id='word_1_607' title='bbox 1267 4995 1495 5067; x_wconf 73' lang='grc' dir='ltr'>νεκροὺς</span> <span class='ocrx_word' id='word_1_608' title='bbox 1523 4995 1616 5048; x_wconf 75' lang='grc' dir='ltr'>καὶ</span> <span class='ocrx_word' id='word_1_609' title='bbox 1642 4993 1750 5047; x_wconf 86' lang='grc' dir='ltr'>τῶν</span> <span class='ocrx_word' id='word_1_610' title='bbox 1771 4993 1853 5047; x_wconf 80' lang='grc' dir='ltr'><strong>ἐτι</strong></span> 
     </span>
    </p>
   </div>
   <div class='ocr_carea' id='block_1_83' title="bbox 267 5085 1855 5169">
    <p class='ocr_par' dir='ltr' id='par_1_83' title="bbox 267 5085 1855 5169">
     <span class='ocr_line' id='line_1_83' title="bbox 267 5085 1855 5169; baseline -0.011 -13"><span class='ocrx_word' id='word_1_611' title='bbox 267 5097 799 5169; x_wconf 82' lang='grc' dir='ltr'>κλαυθμυριζόντων</span> <span class='ocrx_word' id='word_1_612' title='bbox 825 5091 1044 5165; x_wconf 82' lang='grc' dir='ltr'>βρεφῶν</span> <span class='ocrx_word' id='word_1_613' title='bbox 1065 5090 1134 5145; x_wconf 85' lang='grc' dir='ltr'><strong>τὰ</strong></span> <span class='ocrx_word' id='word_1_614' title='bbox 1155 5088 1384 5159; x_wconf 84' lang='grc' dir='ltr'>σώματα</span> <span class='ocrx_word' id='word_1_615' title='bbox 1407 5087 1736 5156; x_wconf 84' lang='grc' dir='ltr'>συμπατεϊν,</span> <span class='ocrx_word' id='word_1_616' title='bbox 1763 5085 1855 5140; x_wconf 75' lang='grc' dir='ltr'>καὶ</span> 
     </span>
    </p>
   </div>
   <div class='ocr_carea' id='block_1_84' title="bbox 267 5175 1857 5261">
    <p class='ocr_par' dir='ltr' id='par_1_84' title="bbox 267 5175 1857 5261">
     <span class='ocr_line' id='line_1_84' title="bbox 267 5175 1857 5261; baseline -0.01 -17"><span class='ocrx_word' id='word_1_617' title='bbox 267 5192 598 5261; x_wconf 77' lang='grc' dir='ltr'>ἀναλγήτως</span> <span class='ocrx_word' id='word_1_618' title='bbox 614 5183 1077 5250; x_wconf 78' lang='grc' dir='ltr'>ἐπιϐατεύειν,καὶ</span> <span class='ocrx_word' id='word_1_619' title='bbox 1101 5180 1235 5253; x_wconf 85' lang='grc' dir='ltr'><strong>μηδέ</strong></span> <span class='ocrx_word' id='word_1_620' title='bbox 1251 5179 1352 5250; x_wconf 81' lang='grc' dir='ltr'>τὴν</span> <span class='ocrx_word' id='word_1_621' title='bbox 1364 5178 1431 5232; x_wconf 73' lang='grc' dir='ltr'><strong>τὰ</strong></span> <span class='ocrx_word' id='word_1_622' title='bbox 1446 5178 1621 5232; x_wconf 88' lang='grc' dir='ltr'>πάντα</span> <span class='ocrx_word' id='word_1_623' title='bbox 1635 5175 1857 5245; x_wconf 83' lang='grc' dir='ltr'>βόσκου-</span> 
     </span>
    </p>
   </div>
   <div class='ocr_carea' id='block_1_85' title="bbox 269 5266 1858 5356">
    <p class='ocr_par' dir='ltr' id='par_1_85' title="bbox 269 5266 1858 5356">
     <span class='ocr_line' id='line_1_85' title="bbox 269 5266 1858 5356; baseline -0.014 -15"><span class='ocrx_word' id='word_1_624' title='bbox 269 5305 376 5341; x_wconf 85' lang='grc' dir='ltr'><strong>σαν</strong></span> <span class='ocrx_word' id='word_1_625' title='bbox 408 5284 561 5356; x_wconf 76' lang='grc' dir='ltr'>ἡλίου</span> <span class='ocrx_word' id='word_1_626' title='bbox 592 5278 679 5356; x_wconf 79' lang='grc' dir='ltr'><strong>[Ρ.</strong></span> <span class='ocrx_word' id='word_1_627' title='bbox 696 5277 823 5352; x_wconf 82' lang='grc'><strong>558]</strong></span> <span class='ocrx_word' id='word_1_628' title='bbox 848 5276 1024 5348; x_wconf 88' lang='grc' dir='ltr'>φλόγα</span> <span class='ocrx_word' id='word_1_629' title='bbox 1053 5271 1345 5339; x_wconf 86' lang='grc' dir='ltr'>αίδεῖσθαι,</span> <span class='ocrx_word' id='word_1_630' title='bbox 1384 5267 1519 5339; x_wconf 84' lang='grc' dir='ltr'>μηδὲ</span> <span class='ocrx_word' id='word_1_631' title='bbox 1548 5268 1674 5331; x_wconf 80' lang='grc' dir='ltr'>τοὺς</span> <span class='ocrx_word' id='word_1_632' title='bbox 1707 5266 1858 5320; x_wconf 86' lang='grc' dir='ltr'>αἰθε-</span> 
     </span>
    </p>
   </div>
   <div class='ocr_carea' id='block_1_86' title="bbox 271 5358 1855 5452">
    <p class='ocr_par' dir='ltr' id='par_1_86' title="bbox 271 5358 1855 5452">
     <span class='ocr_line' id='line_1_86' title="bbox 271 5358 1855 5452; baseline -0.014 -20"><span class='ocrx_word' id='word_1_633' title='bbox 271 5379 430 5452; x_wconf 79' lang='grc' dir='ltr'>ρίους</span> <span class='ocrx_word' id='word_1_634' title='bbox 458 5374 551 5428; x_wconf 89' lang='grc' dir='ltr'><strong>τοῦ</strong></span> <span class='ocrx_word' id='word_1_635' title='bbox 581 5373 717 5428; x_wconf 86' lang='grc' dir='ltr'>Θεοῦ</span> <span class='ocrx_word' id='word_1_636' title='bbox 744 5367 1172 5441; x_wconf 78' lang='grc' dir='ltr'>κεραυνοϐόλους</span> <span class='ocrx_word' id='word_1_637' title='bbox 1194 5364 1548 5439; x_wconf 84' lang='grc' dir='ltr'>πρηστῆρας,</span> <span class='ocrx_word' id='word_1_638' title='bbox 1578 5359 1655 5423; x_wconf 84' lang='grc' dir='ltr'>ὡς</span> <span class='ocrx_word' id='word_1_639' title='bbox 1682 5358 1744 5411; x_wconf 77' lang='grc' dir='ltr'>τὸ</span> <span class='ocrx_word' id='word_1_640' title='bbox 1774 5360 1855 5412; x_wconf 84' lang='grc' dir='ltr'><strong>εἱ-</strong></span> 
     </span>
    </p>
   </div>
   <div class='ocr_carea' id='block_1_87' title="bbox 272 5451 1855 5539">
    <p class='ocr_par' dir='ltr' id='par_1_87' title="bbox 272 5451 1855 5539">
     <span class='ocr_line' id='line_1_87' title="bbox 272 5451 1855 5539; baseline -0.016 -12"><span class='ocrx_word' id='word_1_641' title='bbox 272 5451 393 5535; x_wconf 76' lang='grc' dir='ltr'>κδε,</span> <span class='ocrx_word' id='word_1_642' title='bbox 426 5469 657 5539; x_wconf 76' lang='grc' dir='ltr'>ὅειλιᾷν.</span> <span class='ocrx_word' id='word_1_643' title='bbox 693 5462 991 5534; x_wconf 74' lang='grc' dir='ltr'>Ἐπιλείψει</span> <span class='ocrx_word' id='word_1_644' title='bbox 1022 5478 1090 5533; x_wconf 91' lang='grc' dir='ltr'><strong>με</strong></span> <span class='ocrx_word' id='word_1_645' title='bbox 1125 5457 1480 5530; x_wconf 87' lang='grc' dir='ltr'>διηγούμενον</span> <span class='ocrx_word' id='word_1_646' title='bbox 1512 5453 1572 5507; x_wconf 82' lang='grc' dir='ltr'>τὸ</span> <span class='ocrx_word' id='word_1_647' title='bbox 1599 5451 1698 5522; x_wconf 80' lang='grc' dir='ltr'>τῆς</span> <span class='ocrx_word' id='word_1_648' title='bbox 1728 5468 1855 5523; x_wconf 75' lang='grc' dir='ltr'>χροο</span> 
     </span>
    </p>
   </div>
   <div class='ocr_carea' id='block_1_88' title="bbox 356 5607 797 5673">
    <p class='ocr_par' dir='ltr' id='par_1_88' title="bbox 356 5607 797 5673">
     <span class='ocr_line' id='line_1_88' title="bbox 356 5607 797 5673; baseline -0.007 -8"><span class='ocrx_word' id='word_1_649' title='bbox 356 5612 375 5643; x_wconf 82' lang='grc'>¹</span> <span class='ocrx_word' id='word_1_650' title='bbox 410 5610 578 5665; x_wconf 83' lang='lat' dir='ltr'><strong>llebr.</strong></span> <span class='ocrx_word' id='word_1_651' title='bbox 616 5624 669 5673; x_wconf 75' lang='grc' dir='ltr'>ι,</span> <span class='ocrx_word' id='word_1_652' title='bbox 707 5607 797 5663; x_wconf 74' lang='grc'><strong>51.</strong></span> 
     </span>
    </p>
   </div>
   <div class='ocr_carea' id='block_1_89' title="bbox 1952 3235 3518 3317">
    <p class='ocr_par' dir='ltr' id='par_1_89' title="bbox 1952 3235 3518 3317">
     <span class='ocr_line' id='line_1_89' title="bbox 1952 3235 3518 3317; baseline -0.015 -7"><span class='ocrx_word' id='word_1_653' title='bbox 1952 3255 2157 3316; x_wconf 85' lang='lat' dir='ltr'><strong>facere,</strong></span> <span class='ocrx_word' id='word_1_654' title='bbox 2188 3266 2383 3307; x_wconf 87' lang='lat' dir='ltr'><strong>vereor</strong></span> <span class='ocrx_word' id='word_1_655' title='bbox 2407 3266 2479 3305; x_wconf 87' lang='lat' dir='ltr'><strong>ne</strong></span> <span class='ocrx_word' id='word_1_656' title='bbox 2520 3264 2608 3309; x_wconf 87' lang='lat' dir='ltr'><strong>ea,</strong></span> <span class='ocrx_word' id='word_1_657' title='bbox 2659 3261 2782 3317; x_wconf 70' lang='lat' dir='ltr'><strong>qua:</strong></span> <span class='ocrx_word' id='word_1_658' title='bbox 2820 3242 3004 3298; x_wconf 87' lang='lat' dir='ltr'><strong>fu&#39;tura</strong></span> <span class='ocrx_word' id='word_1_659' title='bbox 3052 3249 3202 3303; x_wconf 89' lang='lat' dir='ltr'><strong>sunt,</strong></span> <span class='ocrx_word' id='word_1_660' title='bbox 3243 3235 3518 3292; x_wconf 81' lang='lat' dir='ltr'><strong>contraria</strong></span> 
     </span>
    </p>
   </div>
   <div class='ocr_carea' id='block_1_90' title="bbox 1954 3327 3521 3409">
    <p class='ocr_par' dir='ltr' id='par_1_90' title="bbox 1954 3327 3521 3409">
     <span class='ocr_line' id='line_1_90' title="bbox 1954 3327 3521 3409; baseline -0.012 -10"><span class='ocrx_word' id='word_1_661' title='bbox 1954 3345 2051 3401; x_wconf 91' lang='lat' dir='ltr'><strong>tibi</strong></span> <span class='ocrx_word' id='word_1_662' title='bbox 2085 3344 2340 3409; x_wconf 75' lang='lat' dir='ltr'><strong>accidant</strong></span> <span class='ocrx_word' id='word_1_663' title='bbox 2365 3352 2420 3397; x_wconf 87' lang='lat' dir='ltr'><strong>et</strong></span> <span class='ocrx_word' id='word_1_664' title='bbox 2454 3355 2622 3409; x_wconf 89' lang='lat' dir='ltr'><strong>scopo</strong></span> <span class='ocrx_word' id='word_1_665' title='bbox 2662 3348 2754 3393; x_wconf 89' lang='lat' dir='ltr'><strong>tuo</strong></span> <span class='ocrx_word' id='word_1_666' title='bbox 2786 3336 2947 3408; x_wconf 89' lang='lat' dir='ltr'><strong>plane</strong></span> <span class='ocrx_word' id='word_1_667' title='bbox 2983 3331 3256 3402; x_wconf 89' lang='lat' dir='ltr'><strong>opposita.</strong></span> <span class='ocrx_word' id='word_1_668' title='bbox 3307 3327 3521 3407; x_wconf 78' lang='lat' dir='ltr'><strong>Quippe</strong></span> 
     </span>
    </p>
   </div>
   <div class='ocr_carea' id='block_1_91' title="bbox 1954 3412 3521 3500">
    <p class='ocr_par' dir='ltr' id='par_1_91' title="bbox 1954 3412 3521 3500">
     <span class='ocr_line' id='line_1_91' title="bbox 1954 3412 3521 3500; baseline -0.012 -8"><span class='ocrx_word' id='word_1_669' title='bbox 1954 3437 2293 3492; x_wconf 84' lang='lat' dir='ltr'><strong>architectus</strong></span> <span class='ocrx_word' id='word_1_670' title='bbox 2324 3442 2379 3489; x_wconf 89' lang='lat' dir='ltr'><strong>et</strong></span> <span class='ocrx_word' id='word_1_671' title='bbox 2429 3433 2605 3495; x_wconf 86' lang='lat' dir='ltr'><strong>faber,</strong></span> <span class='ocrx_word' id='word_1_672' title='bbox 2645 3430 2750 3486; x_wconf 91' lang='lat' dir='ltr'><strong>nisi</strong></span> <span class='ocrx_word' id='word_1_673' title='bbox 2801 3412 3196 3500; x_wconf 80' lang='lat' dir='ltr'><strong>perpendiculo</strong></span> <span class='ocrx_word' id='word_1_674' title='bbox 3228 3429 3285 3477; x_wconf 90' lang='lat' dir='ltr'><strong>et</strong></span> <span class='ocrx_word' id='word_1_675' title='bbox 3316 3418 3521 3473; x_wconf 84' lang='lat' dir='ltr'><strong>amnssi</strong></span> 
     </span>
    </p>
   </div>
   <div class='ocr_carea' id='block_1_92' title="bbox 1951 3524 3523 3600">
    <p class='ocr_par' dir='ltr' id='par_1_92' title="bbox 1951 3524 3523 3600">
     <span class='ocr_line' id='line_1_92' title="bbox 1951 3524 3523 3600; baseline -0.013 -14"><span class='ocrx_word' id='word_1_676' title='bbox 1951 3530 2187 3600; x_wconf 88' lang='lat' dir='ltr'><strong>aliisque</strong></span> <span class='ocrx_word' id='word_1_677' title='bbox 2234 3526 2511 3583; x_wconf 89' lang='lat' dir='ltr'><strong>similibus</strong></span> <span class='ocrx_word' id='word_1_678' title='bbox 2560 3524 2764 3594; x_wconf 72' lang='lat' dir='ltr'><strong>regulis</strong></span> <span class='ocrx_word' id='word_1_679' title='bbox 2795 3529 3045 3584; x_wconf 88' lang='lat' dir='ltr'><strong>utantur,</strong></span> <span class='ocrx_word' id='word_1_680' title='bbox 3083 3530 3246 3571; x_wconf 88' lang='lat' dir='ltr'><strong>ruere</strong></span> <span class='ocrx_word' id='word_1_681' title='bbox 3290 3527 3374 3575; x_wconf 88' lang='lat' dir='ltr'><strong>ea,</strong></span> <span class='ocrx_word' id='word_1_682' title='bbox 3403 3525 3523 3581; x_wconf 63' lang='lat' dir='ltr'><strong>qum</strong></span> 
     </span>
    </p>
   </div>
   <div class='ocr_carea' id='block_1_93' title="bbox 1950 3602 3522 3687">
    <p class='ocr_par' dir='ltr' id='par_1_93' title="bbox 1950 3602 3522 3687">
     <span class='ocr_line' id='line_1_93' title="bbox 1950 3602 3522 3687; baseline -0.015 -9"><span class='ocrx_word' id='word_1_683' title='bbox 1950 3621 2203 3687; x_wconf 80' lang='lat' dir='ltr'><strong>fecerint,</strong></span> <span class='ocrx_word' id='word_1_684' title='bbox 2232 3620 2497 3675; x_wconf 82' lang='lat' dir='ltr'><strong>videbunt</strong></span> <span class='ocrx_word' id='word_1_685' title='bbox 2525 3632 2635 3672; x_wconf 88' lang='lat' dir='ltr'><strong>non</strong></span> <span class='ocrx_word' id='word_1_686' title='bbox 2667 3616 2829 3684; x_wconf 83' lang='lat' dir='ltr'><strong>longo</strong></span> <span class='ocrx_word' id='word_1_687' title='bbox 2865 3621 3009 3683; x_wconf 88' lang='lat' dir='ltr'><strong>post,</strong></span> <span class='ocrx_word' id='word_1_688' title='bbox 3052 3618 3341 3681; x_wconf 85' lang='lat' dir='ltr'><strong>prepterea</strong></span> <span class='ocrx_word' id='word_1_689' title='bbox 3374 3602 3522 3670; x_wconf 87' lang='lat' dir='ltr'><strong>quod</strong></span> 
     </span>
    </p>
   </div>
   <div class='ocr_carea' id='block_1_94' title="bbox 1950 3697 3525 3783">
    <p class='ocr_par' dir='ltr' id='par_1_94' title="bbox 1950 3697 3525 3783">
     <span class='ocr_line' id='line_1_94' title="bbox 1950 3697 3525 3783; baseline -0.012 -14"><span class='ocrx_word' id='word_1_690' title='bbox 1950 3729 2180 3783; x_wconf 83' lang='lat' dir='ltr'><strong>operum</strong></span> <span class='ocrx_word' id='word_1_691' title='bbox 2205 3721 2489 3767; x_wconf 82' lang='lat' dir='ltr'><strong>structura</strong></span> <span class='ocrx_word' id='word_1_692' title='bbox 2525 3709 2591 3765; x_wconf 87' lang='lat' dir='ltr'><strong>ad</strong></span> <span class='ocrx_word' id='word_1_693' title='bbox 2629 3708 2819 3773; x_wconf 78' lang='lat' dir='ltr'><strong>solidae</strong></span> <span class='ocrx_word' id='word_1_694' title='bbox 2849 3700 3340 3774; x_wconf 85' lang='lat' dir='ltr'><strong>coagmentationis</strong></span> <span class='ocrx_word' id='word_1_695' title='bbox 3374 3697 3525 3765; x_wconf 72' lang='lat' dir='ltr'><strong>leges</strong></span> 
     </span>
    </p>
   </div>
   <div class='ocr_carea' id='block_1_95' title="bbox 1952 3789 3524 3871">
    <p class='ocr_par' dir='ltr' id='par_1_95' title="bbox 1952 3789 3524 3871">
     <span class='ocr_line' id='line_1_95' title="bbox 1952 3789 3524 3871; baseline -0.012 -10"><span class='ocrx_word' id='word_1_696' title='bbox 1952 3821 2060 3861; x_wconf 87' lang='lat' dir='ltr'><strong>non</strong></span> <span class='ocrx_word' id='word_1_697' title='bbox 2089 3813 2279 3859; x_wconf 84' lang='lat' dir='ltr'><strong>exacta</strong></span> <span class='ocrx_word' id='word_1_698' title='bbox 2309 3803 2400 3859; x_wconf 90' lang='lat' dir='ltr'><strong>sit.</strong></span> <span class='ocrx_word' id='word_1_699' title='bbox 2429 3801 2702 3869; x_wconf 86' lang='lat' dir='ltr'><strong>Quoniam</strong></span> <span class='ocrx_word' id='word_1_700' title='bbox 2731 3799 2903 3871; x_wconf 80' lang='lat' dir='ltr'><strong>igitur</strong></span> <span class='ocrx_word' id='word_1_701' title='bbox 2934 3798 3050 3868; x_wconf 88' lang='lat' dir='ltr'><strong>ipse</strong></span> <span class='ocrx_word' id='word_1_702' title='bbox 3083 3808 3307 3864; x_wconf 82' lang='lat' dir='ltr'><strong>quoque</strong></span> <span class='ocrx_word' id='word_1_703' title='bbox 3352 3789 3524 3845; x_wconf 84' lang='lat' dir='ltr'><strong>eccle-</strong></span> 
     </span>
    </p>
   </div>
   <div class='ocr_carea' id='block_1_96' title="bbox 1949 3881 3527 3966">
    <p class='ocr_par' dir='ltr' id='par_1_96' title="bbox 1949 3881 3527 3966">
     <span class='ocr_line' id='line_1_96' title="bbox 1949 3881 3527 3966; baseline -0.012 -13"><span class='ocrx_word' id='word_1_704' title='bbox 1949 3896 2201 3953; x_wconf 78' lang='lat' dir='ltr'><strong>siasticas</strong></span> <span class='ocrx_word' id='word_1_705' title='bbox 2226 3896 2440 3966; x_wconf 88' lang='lat' dir='ltr'><strong>regulas</strong></span> <span class='ocrx_word' id='word_1_706' title='bbox 2473 3910 2580 3949; x_wconf 91' lang='lat' dir='ltr'><strong>non</strong></span> <span class='ocrx_word' id='word_1_707' title='bbox 2609 3892 2882 3963; x_wconf 84' lang='lat' dir='ltr'><strong>sequeris.</strong></span> <span class='ocrx_word' id='word_1_708' title='bbox 2915 3889 3061 3945; x_wconf 88' lang='lat' dir='ltr'><strong>scias</strong></span> <span class='ocrx_word' id='word_1_709' title='bbox 3085 3895 3137 3943; x_wconf 90' lang='lat' dir='ltr'><strong>te</strong></span> <span class='ocrx_word' id='word_1_710' title='bbox 3160 3886 3229 3940; x_wconf 90' lang='lat' dir='ltr'><strong>ab</strong></span> <span class='ocrx_word' id='word_1_711' title='bbox 3258 3881 3527 3945; x_wconf 87' lang='lat' dir='ltr'><strong>Ecclesia,</strong></span> 
     </span>
    </p>
   </div>
   <div class='ocr_carea' id='block_1_97' title="bbox 1949 3977 3526 4059">
    <p class='ocr_par' dir='ltr' id='par_1_97' title="bbox 1949 3977 3526 4059">
     <span class='ocr_line' id='line_1_97' title="bbox 1949 3977 3526 4059; baseline -0.009 -17"><span class='ocrx_word' id='word_1_712' title='bbox 1949 3990 2033 4044; x_wconf 89' lang='lat' dir='ltr'><strong>vel</strong></span> <span class='ocrx_word' id='word_1_713' title='bbox 2068 3989 2299 4059; x_wconf 86' lang='lat' dir='ltr'><strong>potinsa</strong></span> <span class='ocrx_word' id='word_1_714' title='bbox 2325 3989 2457 4052; x_wconf 90' lang='lat' dir='ltr'><strong>Deo,</strong></span> <span class='ocrx_word' id='word_1_715' title='bbox 2491 3986 2586 4057; x_wconf 85' lang='lat' dir='ltr'><strong>qui</strong></span> <span class='ocrx_word' id='word_1_716' title='bbox 2616 3984 2880 4040; x_wconf 66' lang='lat' dir='ltr'><strong>Ecclesiae</strong></span> <span class='ocrx_word' id='word_1_717' title='bbox 2935 3990 3154 4055; x_wconf 80' lang='lat' dir='ltr'><strong>praeest,</strong></span> <span class='ocrx_word' id='word_1_718' title='bbox 3195 3977 3526 4034; x_wconf 88' lang='lat' dir='ltr'><strong>subversum</strong></span> 
     </span>
    </p>
   </div>
   <div class='ocr_carea' id='block_1_98' title="bbox 1952 4071 3525 4146">
    <p class='ocr_par' dir='ltr' id='par_1_98' title="bbox 1952 4071 3525 4146">
     <span class='ocr_line' id='line_1_98' title="bbox 1952 4071 3525 4146; baseline -0.01 -10"><span class='ocrx_word' id='word_1_719' title='bbox 1952 4080 2041 4145; x_wconf 90' lang='lat' dir='ltr'><strong>iri,</strong></span> <span class='ocrx_word' id='word_1_720' title='bbox 2079 4080 2125 4134; x_wconf 87' lang='lat' dir='ltr'><strong>si</strong></span> <span class='ocrx_word' id='word_1_721' title='bbox 2159 4096 2267 4133; x_wconf 86' lang='lat' dir='ltr'><strong>non</strong></span> <span class='ocrx_word' id='word_1_722' title='bbox 2296 4079 2506 4143; x_wconf 83' lang='lat' dir='ltr'><strong>statim,</strong></span> <span class='ocrx_word' id='word_1_723' title='bbox 2548 4087 2604 4132; x_wconf 95' lang='lat' dir='ltr'><strong>at</strong></span> <span class='ocrx_word' id='word_1_724' title='bbox 2634 4091 2734 4132; x_wconf 92' lang='lat' dir='ltr'><strong>nec</strong></span> <span class='ocrx_word' id='word_1_725' title='bbox 2760 4084 2883 4146; x_wconf 90' lang='lat' dir='ltr'><strong>post</strong></span> <span class='ocrx_word' id='word_1_726' title='bbox 2938 4071 3289 4145; x_wconf 70' lang='lat' dir='ltr'><strong>longissimas</strong></span> <span class='ocrx_word' id='word_1_727' title='bbox 3318 4083 3525 4122; x_wconf 87' lang='lat' dir='ltr'><strong>moras.</strong></span> 
     </span>
    </p>
   </div>
   <div class='ocr_carea' id='block_1_99' title="bbox 1952 4161 3530 4240">
    <p class='ocr_par' dir='ltr' id='par_1_99' title="bbox 1952 4161 3530 4240">
     <span class='ocr_line' id='line_1_99' title="bbox 1952 4161 3530 4240; baseline -0.01 -13"><span class='ocrx_word' id='word_1_728' title='bbox 1952 4171 2168 4227; x_wconf 85' lang='lat' dir='ltr'><strong>Etenim</strong></span> <span class='ocrx_word' id='word_1_729' title='bbox 2203 4170 2287 4238; x_wconf 91' lang='lat' dir='ltr'><strong>(ut</strong></span> <span class='ocrx_word' id='word_1_730' title='bbox 2311 4171 2442 4236; x_wconf 84' lang='lat' dir='ltr'><strong>scis)</strong></span> <span class='ocrx_word' id='word_1_731' title='bbox 2467 4170 2679 4240; x_wconf 88' lang='lat' dir='ltr'><strong>primus</strong></span> <span class='ocrx_word' id='word_1_732' title='bbox 2707 4180 2787 4229; x_wconf 88' lang='lat' dir='ltr'><strong>tn,</strong></span> <span class='ocrx_word' id='word_1_733' title='bbox 2822 4177 2913 4221; x_wconf 87' lang='lat' dir='ltr'><strong>tua</strong></span> <span class='ocrx_word' id='word_1_734' title='bbox 2931 4180 3054 4221; x_wconf 89' lang='lat' dir='ltr'><strong>cum</strong></span> <span class='ocrx_word' id='word_1_735' title='bbox 3077 4171 3269 4225; x_wconf 88' lang='lat' dir='ltr'><strong>matre,</strong></span> <span class='ocrx_word' id='word_1_736' title='bbox 3297 4161 3530 4216; x_wconf 74' lang='lat' dir='ltr'><strong>Palamte</strong></span> 
     </span>
    </p>
   </div>
   <div class='ocr_carea' id='block_1_100' title="bbox 1952 4240 3526 4330">
    <p class='ocr_par' dir='ltr' id='par_1_100' title="bbox 1952 4240 3526 4330">
     <span class='ocr_line' id='line_1_100' title="bbox 1952 4240 3526 4330; baseline -0.009 -13"><span class='ocrx_word' id='word_1_737' title='bbox 1952 4260 2221 4330; x_wconf 88' lang='lat' dir='ltr'><strong>impietati</strong></span> <span class='ocrx_word' id='word_1_738' title='bbox 2253 4260 2651 4330; x_wconf 82' lang='lat' dir='ltr'><strong>patrocinatus,</strong></span> <span class='ocrx_word' id='word_1_739' title='bbox 2701 4259 2864 4329; x_wconf 79' lang='lat' dir='ltr'><strong>hujus</strong></span> <span class='ocrx_word' id='word_1_740' title='bbox 2896 4263 3077 4315; x_wconf 66' lang='lat' dir='ltr'><strong>tantm,</strong></span> <span class='ocrx_word' id='word_1_741' title='bbox 3142 4268 3250 4322; x_wconf 91' lang='lat' dir='ltr'><strong>qua</strong></span> <span class='ocrx_word' id='word_1_742' title='bbox 3279 4240 3526 4307; x_wconf 79' lang='lat' dir='ltr'><strong>Ecclesia</strong></span> 
     </span>
    </p>
   </div>
   <div class='ocr_carea' id='block_1_101' title="bbox 1955 4343 3530 4424">
    <p class='ocr_par' dir='ltr' id='par_1_101' title="bbox 1955 4343 3530 4424">
     <span class='ocr_line' id='line_1_101' title="bbox 1955 4343 3530 4424; baseline -0.01 -15"><span class='ocrx_word' id='word_1_743' title='bbox 1955 4354 2218 4424; x_wconf 80' lang='lat' dir='ltr'><strong>agitatur,</strong></span> <span class='ocrx_word' id='word_1_744' title='bbox 2279 4349 2723 4421; x_wconf 85' lang='lat' dir='ltr'><strong>perturbationis</strong></span> <span class='ocrx_word' id='word_1_745' title='bbox 2776 4362 2941 4402; x_wconf 79' lang='lat' dir='ltr'><strong>causa</strong></span> <span class='ocrx_word' id='word_1_746' title='bbox 2997 4343 3281 4400; x_wconf 81' lang='lat' dir='ltr'><strong>exstitisti.</strong></span> <span class='ocrx_word' id='word_1_747' title='bbox 3342 4343 3530 4410; x_wconf 83' lang='lat' dir='ltr'><strong>Itaque</strong></span> 
     </span>
    </p>
   </div>
   <div class='ocr_carea' id='block_1_102' title="bbox 1957 4432 3527 4509">
    <p class='ocr_par' dir='ltr' id='par_1_102' title="bbox 1957 4432 3527 4509">
     <span class='ocr_line' id='line_1_102' title="bbox 1957 4432 3527 4509; baseline -0.011 -8"><span class='ocrx_word' id='word_1_748' title='bbox 1957 4447 2069 4501; x_wconf 89' lang='lat' dir='ltr'><strong>Deo</strong></span> <span class='ocrx_word' id='word_1_749' title='bbox 2093 4448 2255 4509; x_wconf 90' lang='lat' dir='ltr'><strong>irato,</strong></span> <span class='ocrx_word' id='word_1_750' title='bbox 2283 4443 2526 4499; x_wconf 80' lang='lat' dir='ltr'><strong>fortunis</strong></span> <span class='ocrx_word' id='word_1_751' title='bbox 2559 4450 2617 4498; x_wconf 87' lang='lat' dir='ltr'><strong>et</strong></span> <span class='ocrx_word' id='word_1_752' title='bbox 2643 4439 2953 4495; x_wconf 89' lang='lat' dir='ltr'><strong>honoribus</strong></span> <span class='ocrx_word' id='word_1_753' title='bbox 3003 4437 3112 4490; x_wconf 91' lang='lat' dir='ltr'><strong>illis</strong></span> <span class='ocrx_word' id='word_1_754' title='bbox 3147 4434 3255 4490; x_wconf 89' lang='lat' dir='ltr'><strong>tuis</strong></span> <span class='ocrx_word' id='word_1_755' title='bbox 3287 4432 3527 4492; x_wconf 86' lang='lat' dir='ltr'><strong>amissis,</strong></span> 
     </span>
    </p>
   </div>
   <div class='ocr_carea' id='block_1_103' title="bbox 1885 4523 3532 4604">
    <p class='ocr_par' dir='ltr' id='par_1_103' title="bbox 1885 4523 3532 4604">
     <span class='ocr_line' id='line_1_103' title="bbox 1885 4523 3532 4604; baseline -0.009 -14"><span class='ocrx_word' id='word_1_756' title='bbox 1885 4523 1930 4578; x_wconf 79' lang='grc'><strong>1)</strong></span> <span class='ocrx_word' id='word_1_757' title='bbox 1960 4534 2142 4589; x_wconf 86' lang='lat' dir='ltr'><strong>nudus</strong></span> <span class='ocrx_word' id='word_1_758' title='bbox 2186 4542 2414 4604; x_wconf 87' lang='lat' dir='ltr'><strong>repente</strong></span> <span class='ocrx_word' id='word_1_759' title='bbox 2450 4533 2680 4588; x_wconf 82' lang='lat' dir='ltr'><strong>relictus</strong></span> <span class='ocrx_word' id='word_1_760' title='bbox 2731 4545 2830 4597; x_wconf 87' lang='lat' dir='ltr'><strong>es;</strong></span> <span class='ocrx_word' id='word_1_761' title='bbox 2893 4527 3191 4596; x_wconf 84' lang='lat' dir='ltr'><strong>statimque</strong></span> <span class='ocrx_word' id='word_1_762' title='bbox 3244 4524 3419 4594; x_wconf 80' lang='lat' dir='ltr'><strong>patria</strong></span> <span class='ocrx_word' id='word_1_763' title='bbox 3475 4531 3532 4576; x_wconf 90' lang='lat' dir='ltr'><strong>et</strong></span> 
     </span>
    </p>
   </div>
   <div class='ocr_carea' id='block_1_104' title="bbox 1946 4613 3529 4698">
    <p class='ocr_par' dir='ltr' id='par_1_104' title="bbox 1946 4613 3529 4698">
     <span class='ocr_line' id='line_1_104' title="bbox 1946 4613 3529 4698; baseline -0.01 -16"><span class='ocrx_word' id='word_1_764' title='bbox 1946 4626 2279 4698; x_wconf 89' lang='lat' dir='ltr'><strong>cognatione</strong></span> <span class='ocrx_word' id='word_1_765' title='bbox 2317 4625 2509 4695; x_wconf 87' lang='lat' dir='ltr'><strong>procul</strong></span> <span class='ocrx_word' id='word_1_766' title='bbox 2551 4623 2842 4678; x_wconf 82' lang='lat' dir='ltr'><strong>exsulasti.</strong></span> <span class='ocrx_word' id='word_1_767' title='bbox 2899 4619 2980 4675; x_wconf 82' lang='lat' dir='ltr'><strong>Ac</strong></span> <span class='ocrx_word' id='word_1_768' title='bbox 3038 4626 3216 4672; x_wconf 87' lang='lat' dir='ltr'><strong>mater</strong></span> <span class='ocrx_word' id='word_1_769' title='bbox 3281 4613 3529 4685; x_wconf 79' lang='lat' dir='ltr'><strong>quidem,</strong></span> 
     </span>
    </p>
   </div>
   <div class='ocr_carea' id='block_1_105' title="bbox 1945 4700 3521 4787">
    <p class='ocr_par' dir='ltr' id='par_1_105' title="bbox 1945 4700 3521 4787">
     <span class='ocr_line' id='line_1_105' title="bbox 1945 4700 3521 4787; baseline -0.011 -12"><span class='ocrx_word' id='word_1_770' title='bbox 1945 4719 2090 4775; x_wconf 85' lang='lat' dir='ltr'><strong>fame</strong></span> <span class='ocrx_word' id='word_1_771' title='bbox 2120 4725 2177 4774; x_wconf 92' lang='lat' dir='ltr'><strong>et</strong></span> <span class='ocrx_word' id='word_1_772' title='bbox 2209 4717 2410 4787; x_wconf 84' lang='lat' dir='ltr'><strong>frigore</strong></span> <span class='ocrx_word' id='word_1_773' title='bbox 2439 4715 2753 4786; x_wconf 88' lang='lat' dir='ltr'><strong>absumpta,</strong></span> <span class='ocrx_word' id='word_1_774' title='bbox 2783 4724 2841 4768; x_wconf 85' lang='lat' dir='ltr'><strong>et</strong></span> <span class='ocrx_word' id='word_1_775' title='bbox 2890 4700 3038 4768; x_wconf 72' lang='lat' dir='ltr'><strong>tuam</strong></span> <span class='ocrx_word' id='word_1_776' title='bbox 3074 4705 3383 4764; x_wconf 68' lang='lat' dir='ltr'><strong>cbaris&#39;simi</strong></span> <span class='ocrx_word' id='word_1_777' title='bbox 3426 4703 3521 4758; x_wconf 86' lang='lat' dir='ltr'><strong>lilii</strong></span> 
     </span>
    </p>
   </div>
   <div class='ocr_carea' id='block_1_106' title="bbox 1947 4798 3531 4881">
    <p class='ocr_par' dir='ltr' id='par_1_106' title="bbox 1947 4798 3531 4881">
     <span class='ocr_line' id='line_1_106' title="bbox 1947 4798 3531 4881; baseline -0.009 -14"><span class='ocrx_word' id='word_1_778' title='bbox 1947 4812 2256 4868; x_wconf 85' lang='lat' dir='ltr'><strong>absentiam</strong></span> <span class='ocrx_word' id='word_1_779' title='bbox 2292 4814 2635 4881; x_wconf 76' lang='lat' dir='ltr'><strong>passa,qu:e‘</strong></span> <span class='ocrx_word' id='word_1_780' title='bbox 2660 4798 2922 4862; x_wconf 86' lang='lat' dir='ltr'><strong>morienti</strong></span> <span class='ocrx_word' id='word_1_781' title='bbox 2954 4801 3250 4875; x_wconf 86' lang='lat' dir='ltr'><strong>peracerba</strong></span> <span class='ocrx_word' id='word_1_782' title='bbox 3278 4813 3400 4854; x_wconf 86' lang='lat' dir='ltr'><strong>esse</strong></span> <span class='ocrx_word' id='word_1_783' title='bbox 3436 4798 3531 4853; x_wconf 89' lang='lat' dir='ltr'><strong>de-</strong></span> 
     </span>
    </p>
   </div>
   <div class='ocr_carea' id='block_1_107' title="bbox 1948 4890 3531 4968">
    <p class='ocr_par' dir='ltr' id='par_1_107' title="bbox 1948 4890 3531 4968">
     <span class='ocr_line' id='line_1_107' title="bbox 1948 4890 3531 4968; baseline -0.011 -9"><span class='ocrx_word' id='word_1_784' title='bbox 1948 4902 2088 4968; x_wconf 86' lang='lat' dir='ltr'><strong>buit,</strong></span> <span class='ocrx_word' id='word_1_785' title='bbox 2116 4900 2420 4958; x_wconf 74' lang='lat' dir='ltr'><strong>fmdissimo</strong></span> <span class='ocrx_word' id='word_1_786' title='bbox 2449 4900 2574 4953; x_wconf 66' lang='lat' dir='ltr'><strong>vita:</strong></span> <span class='ocrx_word' id='word_1_787' title='bbox 2628 4900 2776 4952; x_wconf 74' lang='lat' dir='ltr'><strong>exitu</strong></span> <span class='ocrx_word' id='word_1_788' title='bbox 2810 4910 3003 4967; x_wconf 72' lang='lat' dir='ltr'><strong>punias</strong></span> <span class='ocrx_word' id='word_1_789' title='bbox 3041 4893 3213 4948; x_wconf 89' lang='lat' dir='ltr'><strong>dedit.</strong></span> <span class='ocrx_word' id='word_1_790' title='bbox 3265 4890 3348 4947; x_wconf 83' lang='lat' dir='ltr'><strong>Tu</strong></span> <span class='ocrx_word' id='word_1_791' title='bbox 3400 4904 3531 4943; x_wconf 84' lang='lat' dir='ltr'><strong>vero</strong></span> 
     </span>
    </p>
   </div>
   <div class='ocr_carea' id='block_1_108' title="bbox 1963 4981 3529 5055">
    <p class='ocr_par' dir='ltr' id='par_1_108' title="bbox 1963 4981 3529 5055">
     <span class='ocr_line' id='line_1_108' title="bbox 1963 4981 3529 5055; baseline -0.012 -4"><span class='ocrx_word' id='word_1_792' title='bbox 1963 4995 2166 5051; x_wconf 86' lang='lat' dir='ltr'><strong>multos</strong></span> <span class='ocrx_word' id='word_1_793' title='bbox 2201 5002 2259 5049; x_wconf 88' lang='lat' dir='ltr'><strong>et</strong></span> <span class='ocrx_word' id='word_1_794' title='bbox 2316 4991 2497 5048; x_wconf 83' lang='lat' dir='ltr'><strong>varios</strong></span> <span class='ocrx_word' id='word_1_795' title='bbox 2547 4989 2762 5044; x_wconf 85' lang='lat' dir='ltr'><strong>viarqu</strong></span> <span class='ocrx_word' id='word_1_796' title='bbox 2814 5000 3035 5042; x_wconf 85' lang='lat' dir='ltr'><strong>errores</strong></span> <span class='ocrx_word' id='word_1_797' title='bbox 3095 5001 3193 5055; x_wconf 89' lang='lat' dir='ltr'><strong>per</strong></span> <span class='ocrx_word' id='word_1_798' title='bbox 3218 4981 3529 5045; x_wconf 77' lang='lat' dir='ltr'><strong>Thraciam,</strong></span> 
     </span>
    </p>
   </div>
   <div class='ocr_carea' id='block_1_109' title="bbox 1962 5073 3530 5158">
    <p class='ocr_par' dir='ltr' id='par_1_109' title="bbox 1962 5073 3530 5158">
     <span class='ocr_line' id='line_1_109' title="bbox 1962 5073 3530 5158; baseline -0.012 -14"><span class='ocrx_word' id='word_1_799' title='bbox 1962 5104 2061 5158; x_wconf 90' lang='lat' dir='ltr'><strong>per</strong></span> <span class='ocrx_word' id='word_1_800' title='bbox 2091 5084 2487 5148; x_wconf 69' lang='lat' dir='ltr'><strong>Macedoniam,</strong></span> <span class='ocrx_word' id='word_1_801' title='bbox 2518 5099 2612 5153; x_wconf 89' lang='lat' dir='ltr'><strong>per</strong></span> <span class='ocrx_word' id='word_1_802' title='bbox 2630 5080 2904 5136; x_wconf 85' lang='lat' dir='ltr'><strong>Triballos</strong></span> <span class='ocrx_word' id='word_1_803' title='bbox 2921 5091 3207 5137; x_wconf 83' lang='lat' dir='ltr'><strong>emensus,</strong></span> <span class='ocrx_word' id='word_1_804' title='bbox 3240 5073 3530 5128; x_wconf 76' lang='lat' dir='ltr'><strong>Persarum</strong></span> 
     </span>
    </p>
   </div>
   <div class='ocr_carea' id='block_1_110' title="bbox 1962 5171 3534 5247">
    <p class='ocr_par' dir='ltr' id='par_1_110' title="bbox 1962 5171 3534 5247">
     <span class='ocr_line' id='line_1_110' title="bbox 1962 5171 3534 5247; baseline -0.011 -10"><span class='ocrx_word' id='word_1_805' title='bbox 1962 5180 2162 5237; x_wconf 84' lang='lat' dir='ltr'><strong>deinde</strong></span> <span class='ocrx_word' id='word_1_806' title='bbox 2194 5190 2648 5247; x_wconf 84' lang='lat' dir='ltr'><strong>satraparumque</strong></span> <span class='ocrx_word' id='word_1_807' title='bbox 2675 5175 2927 5229; x_wconf 80' lang='lat' dir='ltr'><strong>instituta</strong></span> <span class='ocrx_word' id='word_1_808' title='bbox 2962 5171 3286 5240; x_wconf 69' lang='lat' dir='ltr'><strong>etdOgmata</strong></span> <span class='ocrx_word' id='word_1_809' title='bbox 3313 5176 3534 5221; x_wconf 74' lang='lat' dir='ltr'><strong>cuat‘lus</strong></span> 
     </span>
    </p>
   </div>
   <div class='ocr_carea' id='block_1_111' title="bbox 1963 5257 3533 5344">
    <p class='ocr_par' dir='ltr' id='par_1_111' title="bbox 1963 5257 3533 5344">
     <span class='ocr_line' id='line_1_111' title="bbox 1963 5257 3533 5344; baseline -0.01 -17"><span class='ocrx_word' id='word_1_810' title='bbox 1963 5270 2319 5344; x_wconf 88' lang='lat' dir='ltr'><strong>participare,</strong></span> <span class='ocrx_word' id='word_1_811' title='bbox 2355 5270 2436 5324; x_wconf 88' lang='lat' dir='ltr'><strong>sic</strong></span> <span class='ocrx_word' id='word_1_812' title='bbox 2473 5267 2695 5340; x_wconf 71' lang='lat' dir='ltr'><strong>demum</strong></span> <span class='ocrx_word' id='word_1_813' title='bbox 2734 5265 2952 5337; x_wconf 84' lang='lat' dir='ltr'><strong>generis</strong></span> <span class='ocrx_word' id='word_1_814' title='bbox 2982 5264 3058 5317; x_wconf 89' lang='lat' dir='ltr'><strong>tui</strong></span> <span class='ocrx_word' id='word_1_815' title='bbox 3095 5263 3299 5317; x_wconf 86' lang='lat' dir='ltr'><strong>oblitus</strong></span> <span class='ocrx_word' id='word_1_816' title='bbox 3328 5274 3409 5317; x_wconf 80' lang='lat' dir='ltr'><strong>es.</strong></span> <span class='ocrx_word' id='word_1_817' title='bbox 3456 5257 3533 5311; x_wconf 74' lang='lat' dir='ltr'><strong>sic</strong></span> 
     </span>
    </p>
   </div>
   <div class='ocr_carea' id='block_1_112' title="bbox 1961 5345 3531 5428">
    <p class='ocr_par' dir='ltr' id='par_1_112' title="bbox 1961 5345 3531 5428">
     <span class='ocr_line' id='line_1_112' title="bbox 1961 5345 3531 5428; baseline -0.013 -11"><span class='ocrx_word' id='word_1_818' title='bbox 1961 5370 2036 5428; x_wconf 86' lang='lat' dir='ltr'><strong>te,</strong></span> <span class='ocrx_word' id='word_1_819' title='bbox 2065 5376 2191 5416; x_wconf 87' lang='lat' dir='ltr'><strong>cum</strong></span> <span class='ocrx_word' id='word_1_820' title='bbox 2221 5375 2374 5415; x_wconf 83' lang='lat' dir='ltr'><strong>esses</strong></span> <span class='ocrx_word' id='word_1_821' title='bbox 2397 5374 2428 5413; x_wconf 92' lang='lat' dir='ltr'><strong>a</strong></span> <span class='ocrx_word' id='word_1_822' title='bbox 2451 5359 2567 5413; x_wconf 89' lang='lat' dir='ltr'><strong>Deo</strong></span> <span class='ocrx_word' id='word_1_823' title='bbox 2593 5356 2916 5421; x_wconf 86' lang='lat' dir='ltr'><strong>derelictus,</strong></span> <span class='ocrx_word' id='word_1_824' title='bbox 2954 5359 3019 5408; x_wconf 89' lang='lat' dir='ltr'><strong>ah</strong></span> <span class='ocrx_word' id='word_1_825' title='bbox 3042 5351 3190 5408; x_wconf 88' lang='lat' dir='ltr'><strong>omni</strong></span> <span class='ocrx_word' id='word_1_826' title='bbox 3224 5348 3391 5420; x_wconf 76' lang='lat'><strong>887</strong></span> <span class='ocrx_word' id='word_1_827' title='bbox 3430 5345 3531 5398; x_wconf 84' lang='lat' dir='ltr'><strong>mi-</strong></span> 
     </span>
    </p>
   </div>
   <div class='ocr_carea' id='block_1_113' title="bbox 1964 5434 3527 5517">
    <p class='ocr_par' dir='ltr' id='par_1_113' title="bbox 1964 5434 3527 5517">
     <span class='ocr_line' id='line_1_113' title="bbox 1964 5434 3527 5517; baseline -0.013 -8"><span class='ocrx_word' id='word_1_828' title='bbox 1964 5453 2268 5510; x_wconf 84' lang='lat' dir='ltr'><strong>sericordia</strong></span> <span class='ocrx_word' id='word_1_829' title='bbox 2307 5434 2546 5513; x_wconf 72' lang='lat' dir='ltr'><strong>alienum</strong></span> <span class='ocrx_word' id='word_1_830' title='bbox 2576 5448 2901 5517; x_wconf 82' lang='lat' dir='ltr'><strong>exhibuisti,</strong></span> <span class='ocrx_word' id='word_1_831' title='bbox 2949 5454 3008 5501; x_wconf 90' lang='lat' dir='ltr'><strong>ut</strong></span> <span class='ocrx_word' id='word_1_832' title='bbox 3051 5453 3108 5501; x_wconf 90' lang='lat' dir='ltr'><strong>et</strong></span> <span class='ocrx_word' id='word_1_833' title='bbox 3153 5443 3527 5498; x_wconf 81' lang='lat' dir='ltr'><strong>Romanorum</strong></span> 
     </span>
    </p>
   </div>
   <div class='ocr_carea' id='block_1_114' title="bbox 1616 5668 2173 5729">
    <p class='ocr_par' dir='ltr' id='par_1_114' title="bbox 1616 5668 2173 5729">
     <span class='ocr_line' id='line_1_114' title="bbox 1616 5668 2173 5729; baseline 0.009 -5"><span class='ocrx_word' id='word_1_834' title='bbox 1616 5668 1951 5729; x_wconf 82' lang='lat' dir='ltr'><strong>Variorum</strong></span> <span class='ocrx_word' id='word_1_835' title='bbox 1988 5675 2173 5729; x_wconf 78' lang='lat' dir='ltr'><strong>nulm.</strong></span> 
     </span>
    </p>
   </div>
   <div class='ocr_carea' id='block_1_115' title="bbox 353 5763 3632 5853">
    <p class='ocr_par' dir='ltr' id='par_1_115' title="bbox 353 5763 3632 5853">
     <span class='ocr_line' id='line_1_115' title="bbox 353 5763 3632 5853; baseline -0.011 -13"><span class='ocrx_word' id='word_1_836' title='bbox 353 5786 469 5853; x_wconf 70' lang='grc'><strong>(26)</strong></span> <span class='ocrx_word' id='word_1_837' title='bbox 501 5784 708 5851; x_wconf 82' lang='lat' dir='ltr'><strong>Nempe</strong></span> <span class='ocrx_word' id='word_1_838' title='bbox 734 5781 1170 5853; x_wconf 75' lang='lat' dir='ltr'><strong>Cantaenzcnus,</strong></span> <span class='ocrx_word' id='word_1_839' title='bbox 1204 5776 1385 5835; x_wconf 81' lang='lat' dir='ltr'><strong>statim</strong></span> <span class='ocrx_word' id='word_1_840' title='bbox 1445 5773 1559 5830; x_wconf 79' lang='lat' dir='ltr'><strong>fere</strong></span> <span class='ocrx_word' id='word_1_841' title='bbox 1613 5784 1776 5846; x_wconf 80' lang='lat' dir='ltr'><strong>atque</strong></span> <span class='ocrx_word' id='word_1_842' title='bbox 1836 5771 2049 5844; x_wconf 84' lang='lat' dir='ltr'><strong>imperii</strong></span> <span class='ocrx_word' id='word_1_843' title='bbox 2092 5772 2219 5827; x_wconf 73' lang='lat' dir='ltr'><strong>sede</strong></span> <span class='ocrx_word' id='word_1_844' title='bbox 2246 5770 2451 5841; x_wconf 78' lang='lat' dir='ltr'><strong>potitus</strong></span> <span class='ocrx_word' id='word_1_845' title='bbox 2482 5775 2582 5831; x_wconf 87' lang='lat' dir='ltr'><strong>est,</strong></span> <span class='ocrx_word' id='word_1_846' title='bbox 2623 5763 2874 5836; x_wconf 76' lang='lat' dir='ltr'><strong>promisit</strong></span> <span class='ocrx_word' id='word_1_847' title='bbox 2945 5777 3003 5816; x_wconf 82' lang='lat' dir='ltr'><strong>sc</strong></span> <span class='ocrx_word' id='word_1_848' title='bbox 3063 5764 3375 5813; x_wconf 82' lang='lat' dir='ltr'><strong>coacturum</strong></span> <span class='ocrx_word' id='word_1_849' title='bbox 3413 5764 3532 5806; x_wconf 79' lang='lat' dir='ltr'><strong>csse</strong></span> <span class='ocrx_word' id='word_1_850' title='bbox 3626 5768 3632 5785; x_wconf 71' lang='lat'><strong>&#39;</strong></span> 
     </span>
    </p>
   </div>
   <div class='ocr_carea' id='block_1_116' title="bbox 283 5851 1119 5921">
    <p class='ocr_par' dir='ltr' id='par_1_116' title="bbox 283 5851 1119 5921">
     <span class='ocr_line' id='line_1_116' title="bbox 283 5851 1119 5921; baseline -0.01 -8"><span class='ocrx_word' id='word_1_851' title='bbox 283 5851 556 5921; x_wconf 77' lang='lat' dir='ltr'><strong>eiusmodi</strong></span> <span class='ocrx_word' id='word_1_852' title='bbox 586 5852 872 5917; x_wconf 80' lang='lat' dir='ltr'><strong>synodum.</strong></span> <span class='ocrx_word' id='word_1_853' title='bbox 908 5851 1119 5909; x_wconf 76' lang='lat' dir='ltr'><strong>llotvuv.</strong></span> 
     </span>
    </p>
   </div>
  </div>
