3856 6602
91 1217 94 1224 _
179 1157 461 1228 φιλότεκνον
501 1155 732 1227 πρᾶγμα
779 1155 972 1210 ποιῶν.
1011 1158 1076 1212 '0
1113 1158 1177 1226 δὴ
1221 1157 1362 1235 κάπὶ
1396 1158 1491 1212 σοῦ
1535 1158 1720 1225 ξυννε-

1623 281 1910 311 ματη...-
1926 302 1928 304 τ
1951 295 1959 301 -

185 401 302 466 ιιιο
578 391 650 466 [Α.
692 407 743 452 c-
785 358 944 467 1551]
1127 399 1569 462 ΒΥΖΑΝΤΙΝᾹΞ
1606 401 1730 463 ms

1836 401 1992 463 RL‘E
2034 402 2173 463 LIB.
2214 397 2432 468 Χγιιι.
2513 397 2648 473 [nun
2687 413 2730 456 ι.
2769 414 3059 457 omnem.
3099 399 3156 476 5]
3267 404 3402 473 1150

151 511 378 583 ¹θοίῑσθαι
413 507 682 573 δύνασθαι,
721 510 850 564 stre
888 512 986 566 καὶ
1037 511 1108 566 δι’
1143 513 1454 584 ἀμφότερα.
1498 512 1575 567 Οὐ
1613 512 1725 584 γὰρ

1836 511 2145 571 testimonia
2179 515 2250 571 ab
2283 513 2396 571 illis
2426 531 2647 587 quoque
2677 517 3055 588 proferuntur,
3091 533 3184 588 qm
3211 534 3400 575 sanam

183 607 320 670 ῐσμεν
348 600 411 653 τὰ
455 600 548 652 τοῦ
577 599 712 653 Θεοῦ
752 601 960 670 κρίνειν
1000 602 1412 674 ἀνεξερεύνητα
1447 604 1715 674 κρίματα.

1836 605 2132 662 ioctrlnam
2163 617 2522 678 oppugnant;
2591 609 2810 665 tametsi
2857 624 2966 663 non
3011 609 3204 664 eodem
3241 611 3402 666 niodo

183 691 266 758 Οἷς
305 695 347 748 δ’
375 692 610 764 εὐμενῶς
661 693 776 764 ἔχει
819 694 908 749 διὰ
953 695 1330 766 παλαιοτέρων
1371 697 1721 768 χρηστότητα

1836 698 1890 753 ib
1918 697 1988 754 iis
2013 698 2392 768 accipiuntur,
2454 711 2623 770 atque
2661 703 2730 758 ab
2762 703 3108 768 orthodoxis,
3164 717 3400 773 quorum

179 777 422 857 πράξεων,
470 782 504 854 ἢ
555 782 623 838 δι’
663 785 932 856 ἐτεράττα
979 788 1154 857 δπόσα
1197 791 1263 859 τῇ
1320 789 1532 843 ἐκείνου
1577 791 1716 862 σοφῇ

1836 789 2011 862 religio
2034 789 2188 845 ﬁrma
2217 799 2276 848 et
2305 791 2634 868 inconcussa
2667 794 2858 863 patria:
2901 795 3025 850 ﬁdei
3055 796 3390 851 fundamen-

179 877 381 948 προνοίᾳ
397 876 712 948 ἀνήρτηται,
735 878 959 943 τούτους
982 879 1028 933 δ’
1051 880 1332 950 ἐμποδίοις
1351 881 1718 946 παντοδαποῖς

1836 879 1896 938 tis
1919 880 2202 937 innititur.
2239 882 2454 938 idcirco
2483 884 2631 938 Deus
2650 887 2944 942 nonnullos
2970 903 3189 943 errores
3219 886 3404 959 impli-

179 971 257 1024 καὶ
287 966 533 1030 ποικίλοις
555 967 788 1040 ἁφιστᾷν
817 970 1119 1040 ἐπείγεται,
1142 969 1217 1036 ὡς
1250 972 1592 1045 εἰρήκειμεν.
1620 974 1721 1044 τῆς

1836 981 1974 1030 :atos
2000 975 2141 1030 mori
2167 976 2222 1030 in
2259 991 2449 1032 errore
2481 978 2746 1047 permittit
2777 996 2790 1044 ;
2819 995 2914 1036 seu
2941 989 3000 1036 ut
3021 981 3114 1035 alii
3138 981 3402 1037 erudian-

180 1059 520 1134 σφαλλομένης
559 1061 775 1134 ἐκείνης
815 1063 1013 1136 ὁρμῆς,
1050 1064 1230 1133 μεῖζον
1262 1065 1294 1136 ἦ
1329 1064 1469 1119 κατὰ
1505 1066 1721 1137 πατέρα

1836 1075 1936 1133 tur,
1971 1082 2068 1123 seu
2099 1069 2228 1138 quia
2255 1068 2334 1124 illi
2364 1084 2461 1124 cor
2488 1070 2696 1126 habent
2737 1071 3019 1128 intellectu
3051 1074 3400 1140 destitutum,

1823 1155 2074 1227 adeoque
2107 1157 2314 1230 corrigi
2344 1173 2455 1214 non
2512 1171 2745 1229 possunt
2773 1184 2785 1218 :
2813 1177 2912 1217 seu
2960 1163 3031 1218 ob
3081 1171 3398 1233 utrumque.

1821 1246 2040 1303 Etenim
2085 1247 2180 1304 Dei
2214 1248 2421 1317 judicia
2455 1249 2837 1305 inserutabilia
2865 1267 2975 1305 non
3035 1261 3286 1307 nostrum
3317 1262 3404 1308 est

1822 1339 2148 1412 dijudicare.
2176 1339 2392 1408 Quibus
2417 1351 2602 1396 autem
2632 1341 2777 1396 Deus
2809 1342 3084 1412 propitius
3111 1353 3195 1398 est
3218 1343 3290 1397 ob
3313 1355 3404 1397 ve-

1825 1441 1941 1488 tera
1965 1433 2210 1503 ipsorum
2239 1442 2387 1490 recte
2424 1434 2587 1501 facta,
2607 1435 2792 1490 autob
2824 1437 2964 1492 alias
2995 1451 3215 1497 causas,
3241 1448 3405 1508 prout

1822 1525 1944 1595 ejus
2002 1525 2239 1596 sapienti
2287 1527 2650 1597 providentia:
2698 1528 2877 1582 visum
2940 1527 3130 1592 fuerit,
3189 1544 3284 1584 eos
3324 1531 3407 1596 (ut

1823 1615 2086 1686 diximus)
2116 1619 2308 1673 multis
2338 1620 2617 1690 variisque
2651 1620 3021 1676 incommodis
3056 1621 3279 1683 oblatis.
3332 1623 3402 1678 ab

1824 1709 1920 1764 illo
1934 1724 2149 1775 errore,
2178 1726 2342 1780 quem
2375 1723 2708 1782 sequuntur,
2742 1714 2930 1768 studet
2969 1724 3220 1769 avertere
3252 1715 3402 1786 plus-

175 1247 320 1318 νόηκα
348 1244 549 1316 δρῶντα
578 1244 676 1315 μὲν
706 1246 934 1310 ἐκεῖνον,
956 1245 1015 1300 σὲ
1041 1245 1099 1300 δὲ
1129 1247 1381 1312 παιδείας
1410 1249 1626 1320 ἐκείνης
1656 1248 1722 1303 τδ

177 1337 411 1410 παράπαν
452 1336 550 1390 οὐκ
587 1335 1004 1408 αἰσθανόμενον.
1059 1340 1126 1394 '0
1167 1339 1231 1408 δὴ
1274 1341 1372 1394 καὶ
1421 1340 1594 1411 μέσην
1627 1357 1722 1412 μοι

176 1433 341 1496 τέμνει
370 1428 466 1499 τὴν
509 1428 760 1498 καρδίαν,
795 1429 1071 1499 ἀφόρητον
1109 1431 1212 1501 τὴν
1242 1429 1436 1500 ὀδύνην
1477 1431 1680 1498 ἐπάγον
1703 1470 1721 1496 ,

176 1522 341 1579 δεδιότι
367 1520 440 1590 μὴ
469 1520 746 1592 κρατῆρες
778 1520 951 1592 ὀργῆς
985 1522 1194 1576 ἐκεῖθεν
1221 1523 1549 1589 ἀκαθέκτου,
1581 1525 1722 1578 κατὰ

180 1615 259 1670 σοῦ
285 1614 372 1668 καὶ
393 1613 594 1666 παίδων
629 1613 734 1668 τῶν
768 1613 875 1667 σῶν
898 1615 1250 1680 κενωθέντες,
1280 1616 1502 1684 ὄλεθρον
1529 1617 1722 1682 ἐξαπί-

178 1725 260 1777 νης
283 1706 506 1777 δράσωσι
535 1706 797 1776 παντελῆ.
833 1707 926 1776 Μὴ
958 1707 1025 1778 δὴ
1063 1707 1191 1770 τοὺς
1218 1706 1338 1784 τῶν
1357 1706 1607 1762 κολάκων
1630 1710 1718 1763 λό-

177 1815 306 1868 γους,
332 1798 410 1851 ὅτι
440 1796 514 1867 τῷ
544 1797 641 1867 τῆς
670 1797 916 1867 γλώττης
959 1798 1053 1866 μέ)
1069 1816 1138 1851 ιτι
1167 1798 1631 1868 καταγοητεύουσι
1654 1799 1723 1853 τὰ

1836 1815 1988 1870 quam
2022 1810 2248 1873 paterna
2279 1801 2546 1858 bonitate.
2578 1804 2757 1874 Atque
2778 1805 2930 1860 illum
2957 1807 3181 1876 quidem
3217 1815 3398 1861 tecum

176 1891 258 1962 τῆς
288 1892 447 1961 ἀκοῆς
486 1892 757 1962 πρόθυρα,
796 1907 904 1945 των
934 1892 1084 1959 ἐμῶν
1117 1892 1386 1962 προτιμᾷν
1419 1889 1633 1962 βούλου.
1662 1892 1726 1944 Ui

1836 1893 1910 1950 sic
1937 1909 2124 1965 agere,
2159 1904 2211 1948 te
2247 1894 2424 1965 ipsum
2469 1911 2612 1975 ivero
2657 1898 2779 1965 ejus
2830 1898 3136 1968 disciplina:
3193 1899 3404 1954 nullum

178 1986 262 2057 μὲν
281 1986 379 2055 γὰρ
411 1984 660 2038 ὠδίνουσι
695 1983 855 2036 πόνον
875 1984 971 2036 καὶ
986 1982 1164 2046 λύπας
1193 1983 1406 2054 μακράς
1424 1999 1440 2014 ⁸
1460 1983 1509 2036 oi
1533 1981 1578 2035 δ’
1603 1983 1730 2052 ἐμοὶ

1836 2001 2050 2041 sensum
2083 1987 2338 2059 accipere
2374 1989 2764 2046 animadverti.
2813 1991 2946 2058 Qum
2976 2007 3065 2046 res
3115 1990 3250 2046 mihi
3293 2007 3408 2046 me-

177 2076 1189 2148 κύουσινιὰληθευούσης,εὺξρροσύνης
1243 2074 1508 2148 καρπούς.
1564 2076 1730 2144 Λόγοι

1836 2072 1985 2132 dium
2019 2093 2115 2134 cor
2145 2079 2313 2134 veluti
2346 2079 2573 2144 scindit,
2601 2081 2962 2151 doloremque
3011 2079 3172 2136 allert
3208 2080 3407 2136 iutole-
3471 2093 3473 2095 ‘

181 2173 264 2244 μὲν
297 2171 400 2243 γὰρ
437 2170 614 2240 σοφῶν
647 2169 723 2235 ῶς
768 2171 1096 2241 βούκεντρα,
1122 2171 1256 2237 φησί
1294 2187 1377 2232 τις
1401 2169 1511 2224 τῶν
1560 2169 1730 2224 πάλαι

1836 2171 2086 2237 rabilem,
2123 2174 2418 2240 metuenti,
2451 2189 2522 2230 ne
2549 2174 2678 2230 inde
2706 2174 2762 2230 in
2789 2183 2944 2229 tuum
2995 2184 3053 2229 et
3087 2174 3144 2228 in
3205 2173 3408 2228 libero-

181 2265 366 2336 σοφῶν·
410 2263 525 2318 ἀλλ’
556 2260 704 2320 οὗτοι
756 2264 942 2334 σαφῶς
980 2265 1138 2332 εἰσὶν,
1186 2262 1236 2317 οἳ
1268 2263 1367 2328 τὰς
1406 2263 1730 2334 εὐδαίμονας

1836 2278 1955 2318 rum
2011 2273 2232 2320 tuorum
2285 2276 2454 2338 caput
2491 2265 2680 2323 eﬂ‘usis
2713 2267 3108 2337 cxhaustisque
3144 2264 3406 2336 implaca-

179 2356 453 2428 γεωργοῦσι
492 2357 686 2430 τύχας.
722 2378 740 2411 ι

1836 2355 1962 2412 bilis
1987 2356 2082 2412 ira:
2103 2358 2394 2426 calicibus,
2423 2359 2671 2415 funditus
2703 2361 2892 2416 statim
2926 2374 3118 2414 omnes
3146 2361 3405 2428 pereatis,

179 2456 236 2512 At
269 2461 322 2507 tu
349 2467 414 2507 ne
444 2451 797 2508 adulatorum
851 2451 1018 2509 verba
1077 2452 1202 2508 ideo
1251 2451 1389 2508 meis
1444 2449 1724 2521 praeferas,
1787 2449 1934 2520 quod
1983 2449 2019 2506 ii
2054 2451 2257 2523 linguae
2325 2469 2440 2509 suae
2489 2453 2652 2508 melle
2706 2455 2923 2508 aurium
2966 2462 3186 2508 tuarum
3239 2451 3406 2506 limen

179 2545 441 2603 fascinant.
491 2546 589 2603 illa
639 2545 785 2602 enim
847 2533 1096 2602 laborem
1156 2553 1211 2600 et
1260 2545 1480 2601 dolores
1507 2544 1699 2613 longos
1745 2544 2253 2613 parturiunt:mea
2297 2555 2481 2600 autem
2511 2561 2654 2600 vera:
2711 2544 3095 2600 delectationis
3131 2543 3409 2600 fructibus

178 2643 472 2699 exuberant.
535 2641 765 2698 Scilicet
796 2641 1104 2709 sapientum
1135 2651 1419 2692 sermones
1469 2641 1553 2704 (ut
1577 2633 1776 2704 aliquis
1809 2642 2059 2688 veterum
2125 2635 2437 2704 sapientum
2487 2633 2647 2703 dixit)
2679 2635 2848 2706 890
2896 2634 3106 2689 similes
3148 2633 3407 2696 stimulis,

177 2739 354 2812 quibus
407 2736 580 2791 boves
631 2741 898 2804 urgentur
919 2734 962 2789 ι.
993 2733 1148 2804 (Nam
1176 2740 1234 2785 et
1264 2730 1341 2785 illi
1375 2735 1624 2799 pungunt
1653 2724 1873 2796 quidem
1900 2725 1941 2789 :)
1971 2734 2026 2780 at
2053 2741 2111 2781 re
2141 2726 2254 2794 ipsa
2284 2727 2458 2783 beatae
2488 2728 2612 2782 vitae
2639 2726 2870 2782 fundum
2921 2727 3202 2782 excolunt.
3235 2744 3255 2780 ι
3282 2782 3285 2784 ,

234 2832 301 2887 1".
353 2830 506 2899 Ἐμοὶ
557 2827 659 2898 μὲν
689 2824 784 2880 οῦν
826 2824 1002 2880 ⁴ταῦτα
1049 2823 1258 2878 εἰπόντι
1289 2823 1439 2894 ὑγιὲς
1485 2819 1637 2873 οὐδὲν
1667 2815 1725 2880 ἐξ

1903 2815 1988 2871 Ill.
2018 2814 2141 2872 Haec
2165 2833 2290 2873 cum
2319 2817 2612 2881 dixissem,
2647 2819 2860 2872 nullum
2897 2831 2965 2872 ex
2991 2831 3058 2872 eo
3083 2830 3408 2887 responsum

1829 2909 2015 2980 accepi
2045 2909 2163 2964 viro
2186 2912 2438 2981 sapiente
2464 2911 2716 2982 dignum,
2772 2919 2868 2965 aut
2897 2909 2963 2966 iis
2987 2926 3112 2980 qua:
3143 2909 3406 2965 dixissem

177 3019 349 3076 θεῖσιν.
381 3013 515 3068 ἀλλὰ
546 3013 743 3066 σκολιά
775 3000 1168 3082 τινίρήματα,
1196 3009 1436 3071 διανοίας
1465 3009 1720 3079 καθάπερ

1836 3013 2264 3056 consentaneum
2299 3020 2313 3057 :
2351 3002 2448 3058 sed
2479 3003 2766 3073 ambiguas
2785 3003 3046 3073 quasdam
3075 3018 3264 3067 voces,
3288 3003 3410 3074 ejus

177 3106 532 3178 ἀρνησαμένης
568 3100 810 3171 θεσμοὺς
852 3099 949 3155 καὶ
983 3100 1183 3169 νόμους
1232 3097 1586 3178 δικαιοσύνης
1631 3099 1729 3152 καὶ

1836 3094 2031 3150 mentis
2058 3094 2293 3160 indices,
2353 3110 2475 3166 quae
2504 3095 2737 3151 veritate
2769 3097 3056 3166 repudiata
3091 3097 3185 3165 jus
3217 3096 3410 3165 fasque

179 3169 433 3270 ἀληθείας.
470 3169 632 3250 Ἐπεὶ
661 3169 756 3249 οὖν
804 3195 886 3256 είς
935 3191 1046 3260 πῦρ
1095 3209 1154 3244 τε
1209 3191 1362 3256 ἔδοξα
1397 3169 1602 3254 ξαίνειν
1637 3193 1728 3244 καὶ

1836 3202 1996 3243 omne
2049 3187 2458 3259 quodammodo
2506 3190 2840 3248 abdicasset.
2907 3191 3180 3255 Quoniam
3238 3190 3410 3261 igitur

175 3289 353 3360 δικτύῳ
378 3280 635 3358 θηρεύειν
657 3283 913 3354 ἀνέμους,
941 3282 1172 3351 τάχιστα
1201 3282 1416 3336 ἐκεῖθεν
1443 3281 1727 3351 ἀπήλλαγ-

1836 3281 1970 3336 tnihi
2001 3282 2155 3338 visus
2189 3297 2308 3337 snm
2344 3281 2562 3338 inanem
2600 3299 2822 3353 cperam
2846 3299 3084 3350 sumere,
3117 3282 3411 3339 celerrime

179 3399 284 3452 μαι,
310 3382 466 3451 μηδὲν
520 3379 688 3432 πλέον
721 3375 951 3442 ἀνύσας,
997 3375 1030 3444 ἢ
1092 3375 1221 3438 τοὺς
1252 3373 1463 3428 ἐκείνου
1524 3373 1728 3442 θυμοὺς

177 3474 461 3546 παροξύνας
488 3471 631 3524 κατὰ
665 3467 761 3522 τοῦ
804 3468 871 3520 τὰ
905 3465 1220 3534 ὑγιαίνοντα
1249 3463 1423 3534 τούτῳ
1457 3463 1729 3536 φάρμακα

177 3570 524 3638 προσάγοντος
555 3563 712 3634 ἐμοῦ.
749 3561 881 3614 Ἰδοῦ
913 3558 1022 3628 γὰρ
1072 3557 1334 3626 ὼδίνησεν
1368 3557 1605 3619 ἀδικίαν,
1640 3573 1727 3607 συ-

177 3661 347 3715 νέλαὸε
391 3661 578 3723 πόνον,
619 3655 712 3708 καὶ
757 3652 912 3705 ἔτεκε
959 3651 1214 3719 διδύμους
1246 3653 1340 3704 καὶ⁸
1372 3650 1602 3719 τριπλᾶς
1631 3649 1730 3713 τὰς

177 3753 286 3807 κατ’
314 3750 444 3823 ἐμοῦ
478 3749 733 3820 μελέτας.
764 3740 901 3799 Εἶτα
925 3743 1135 3809 δεδιὼς,
1178 3742 1252 3814 μὴ
1283 3743 1382 3798 οὒκ
1413 3743 1551 3813 ἔχων
1581 3743 1731 3806 ὅπως

179 3848 260 3900 καὶ
294 3845 412 3898 ὅθεν
445 3840 754 3912 ἀρξάμενος
798 3835 1104 3907 ἀμύνεσθαί
1157 3853 1223 3906 με
1257 3835 1348 3888 τὸν
1383 3835 1550 3888 αὑτοῦ
1589 3835 1732 3904 Προ-

177 2926 362 2980 ικείνου
394 2921 664 2976 πυθέσθαι
695 2918 992 2990 γεγένηταί
1037 2935 1089 2970 τι
1140 2915 1441 2986 ξύνδρομον
1475 2917 1592 2977 τοῖς
1619 2917 1725 2986 ρη-

1832 3374 1957 3430 inde
1987 3375 2122 3439 abii,
2166 3375 2304 3430 nihil
2355 3375 2504 3430 aliud
2555 3385 2909 3440 consecutus,
2957 3376 3061 3430 nisi
3093 3375 3238 3447 quod
3286 3375 3409 3445 ejus

1831 3466 2075 3520 animum
2102 3468 2427 3523 cxacerbavi
2453 3468 2506 3522 in
2541 3484 2627 3524 me
2680 3470 2911 3539 ipsum,
2933 3469 3027 3539 qui
3081 3467 3324 3523 remedia
3355 3468 3407 3522 ei

1832 3557 2094 3612 salutaria
2121 3557 2466 3614 obtulissem.
2500 3559 2644 3615 Ecce
2691 3560 2839 3614 enim
2892 3559 3150 3630 partui-iit
3187 3558 3409 3630 injusti-

1835 3649 1986 3715 tiam,
2018 3651 2270 3719 concepit
2299 3650 2568 3720 laborem,
2597 3662 2653 3707 et
2678 3652 2906 3706 consilia
2947 3651 2999 3705 in
3053 3667 3229 3706 meam
3283 3667 3414 3721 per-

1833 3743 2032 3798 niciem
2068 3742 2177 3798 alia
2207 3752 2374 3814 atque
2425 3744 2528 3798 alia
2560 3743 2809 3814 peperit'
2841 3782 2855 3798 .
2915 3742 3122 3799 Deinde
3174 3743 3407 3806 veritus,

1835 3851 1904 3891 ne
1929 3835 2024 3890 ira:
2056 3851 2169 3890 sua:
2203 3835 2327 3892 ideo
2355 3845 2664 3905 temperare
2721 3835 3043 3899 videretur,
3103 3836 3231 3905 quia
3296 3851 3408 3890 non

1834 3925 2086 3992 haberet,
2119 3927 2265 3982 unde
2313 3937 2370 3983 et
2399 3927 2600 3997 quibus
2627 3927 2804 3982 modis
2830 3943 2990 3983 suum
3047 3942 3135 3982 me
3184 3927 3410 3981 Prome-

1837 4021 2051 4086 theum,
2082 4021 2136 4080 id
2164 4030 2250 4076 est
2273 4021 2562 4076 tutelarem
2598 4020 2856 4083 Genium,
2891 4019 3085 4074 ulcisci
3139 4019 3414 4090 inciperet

1839 4115 2063 4184 (quippe
2087 4129 2189 4184 ego
2219 4129 2505 4183 nunquam
2537 4112 2738 4168 adduci
2766 4113 2942 4184 potui,
3003 4121 3058 4165 ut
3113 4121 3211 4167 aut
3237 4112 3410 4181 agris,

1836 4219 1931 4262 aut
1961 4207 2162 4268 vincis,
2193 4217 2290 4260 aut
2328 4207 2498 4261 variis
2553 4221 2737 4260 rerum
2786 4205 3110 4276 generibus,
3168 4194 3410 4258 animum

1836 4302 2098 4356 haberem
2131 4300 2387 4366 allixum;
2446 4314 2628 4367 neque
2660 4314 2898 4366 unquam
2934 4294 3294 4364 dignitatibus
3319 4304 3414 4348 aut

177 4422 261 4456 του
300 4403 363 4474 δή
407 4416 554 4463 τινος
602 4398 703 4466 τὴν
750 4393 955 4465 ἀρετὴν
1006 4389 1346 4462 ἀμείψασθαι
1374 4389 1481 4441 τῶν
1514 4389 1688 4455 λόγων
1718 4402 1730 4414 ·

1836 4390 2139 4462 splendidis
2173 4389 2436 4452 fortunis,
2464 4403 2824 4459 quascunque
2856 4385 3134 4455 principes
3157 4381 3411 4474 largiun-

176 4472 474 4565 ταῦτα-γάρ
500 4494 607 4545 είσι
632 4490 701 4544 δι’
731 4483 805 4543 ὧν
841 4486 1144 4557 ἀμύνονται
1177 4483 1420 4554 βασιλεῖς
1457 4480 1567 4534 τῶν
1596 4480 1730 4546 ὑπη-

1839 4495 1950 4549 tur,
1981 4483 2296 4536 libertatem
2333 4495 2508 4534 meam
2545 4479 2806 4540 vendere,
2856 4477 3036 4532 ullove
3091 4474 3269 4544 pretio
3320 4472 3409 4527 in-

176 4589 306 4642 κόων
343 4582 420 4647 οἷς
473 4587 747 4656 ἔχθονται,
787 4578 1114 4649 ζημιοῦντες
1163 4580 1227 4629 ὲκ
1261 4575 1354 4628 τοῦ
1401 4576 1648 4647 ῥᾴστου),
1680 4573 1730 4635 ἐς

1840 4589 2078 4645 genuum
2111 4572 2332 4628 dicendi
2364 4585 2571 4626 morem
2600 4579 2912 4638 permutare
2937 4566 3180 4623 sustinui
3216 4584 3231 4621 :
3257 4565 3414 4636 atqui

175 4680 264 4749 τὴν
297 4679 442 4748 αύτῷ
475 4673 866 4748 μελετωμένην
891 4669 1076 4724 λοιπὸν
1104 4670 1378 4739 ἀνήρτησε
1406 4668 1473 4720 τὰ
1493 4666 1730 4736 ἡμέτερα

1843 4668 1926 4722 ba:
1958 4681 2046 4720 res
2075 4675 2226 4730 sunt,
2271 4664 2479 4733 quibus
2539 4661 2811 4730 ademptis
2857 4661 3115 4729 princeps
3177 4657 3427 4736 quisque;

179 4748 383 4824 σύνοδον
417 4767 749 4848 λῃστρικὴν.
1231 4803 1238 4814 .

1848 4755 2104 4813 facillime
2136 4756 2425 4811 ulciscitur
2453 4768 2571 4817 eos,
2604 4766 2742 4821 quos
2766 4749 2884 4805 odit
2923 4749 3176 4804 homines
3227 4748 3421 4816 priva»

178 4842 583 4938 tos),deinceps
612 4866 679 4920 ad
717 4849 1006 4920 arbitrium
1037 4862 1188 4918 illius
1248 4859 1468 4932 synodi,
1516 4873 1680 4929 quam
1751 4857 1985 4912 similem
2042 4853 2334 4910 latrocinio
2383 4849 2787 4913 meditabatur,
2844 4857 3030 4902 nostra
3095 4842 3280 4900 omnia
3324 4858 3422 4898 re.

175 4967 308 5022 l'crrc
333 4966 545 5050 statuit.

239 5059 309 5112 A'.
356 5048 807 5125 Καὶ-ἐπειδήπερ
856 5053 934 5118 είς
977 5051 1188 5106 τελείαν
1218 5049 1411 5120 ὁάνὴρ
1454 5048 1732 5119 ἐξερράγη

181 3939 339 4009 μηθέα
363 3933 488 4005 δόξῃ
522 3931 618 3985 τὸν
656 3925 852 3982 ἑαυτοῦ
884 3925 1209 3997 θεραπεύειν
1243 3924 1416 3993 θυμὸν
1449 3923 1592 3994 (οὔτε
1621 3924 1731 3995 γὰρ

178 4031 380 4103 χωρίοις
405 4031 498 4101 καὶ
523 4024 816 4095 ἀμπελῶσι
846 4020 934 4092 [Ρ.
966 4019 1095 4092 560]
1121 4019 1215 4073 καὶ
1238 4018 1393 4081 ὕλαις
1422 4016 1732 4071 πολυειδέσι

180 4117 926 4192 προσηλῶσθαιιβεϐούλημαι
970 4114 1213 4177 πώποτε,
1247 4110 1506 4174 οὔθ’ὃσας
1548 4128 1607 4165 τε
1640 4112 1733 4163 καὶ

177 4219 280 4282 οἵας
293 4217 531 4289 βασιλεῖς
547 4210 1029 4286 χορηγοῦσιτιμόις
1058 4225 1117 4260 τε
1147 4207 1243 4260 καὶ
1270 4207 1425 4270 δόξας
1452 4207 1549 4272 τῆς
1596 4205 1734 4274 ὲμῆς

177 4311 470 4380 ἐλευθερίας
499 4304 832 4370 ἀλλάξασθαι
862 4299 1260 4372 ἠνεσχόμην,ού
1289 4297 1396 4367 μὴν
1425 4295 1547 4348 οὐδὲ
1572 4294 1737 4348 πλού-

1912 5043 2001 5100 ιγ.
2029 5042 2166 5098 Cum
2195 5041 2380 5110 itaque
2417 5039 2482 5092 ad
2541 5049 2816 5092 summum
2871 5033 3053 5090 scelus
3100 5031 3248 5088 illius
3310 5027 3416 5084 \‘iri

177 5152 303 5215 τέως
339 5151 560 5216 κακίαν,
590 5151 686 5203 καὶ
722 5150 930 5220 μάταια
971 5146 1042 5200 τὰ
1073 5145 1184 5199 τῶν
1225 5143 1447 5211 ἀγαθῶν
1478 5144 1610 5211 ἡμῖν
1649 5142 1735 5193 ὲλσ

177 5243 332 5295 πίθων
366 5243 467 5312 ἤδη
518 5240 714 5302 ἐδόκει,
743 5237 1010 5306 ἀπράκτῳ
1063 5249 1156 5304 μοι
1197 5230 1386 5284 λοιπὸν
1416 5233 1470 5291 ὲς
1498 5231 1566 5280 τὰ
1596 5227 1737 5278 οίκοι

180 5334 549 5403 περιειστήκει
620 5329 926 5400 γίγνεσθαι,
980 5328 1091 5380 τῶν
1142 5325 1316 5392 λόγων
1372 5321 1738 5390 ἀπεγνωκότι.

180 5425 484 5494 Γενομένοις
508 5424 553 5477 δ’
577 5423 666 5475 ἐπ’
689 5418 932 5490 ἐμαυτοῦ
959 5420 1173 5490 συχνοῖς
1196 5417 1290 5470 καὶ
1312 5412 1736 5481 ἀλλεπαλλήλοις

183 5516 620 5588 περιαντλεῖσθαί
673 5532 739 5586 με
791 5515 1002 5584 κύμασι
1033 5512 1310 5582 λογισμῶν
1341 5507 1734 5580 ξυνερῤύηκεν,

181 5601 260 5658 οἷα
290 5607 430 5660 κατὰ
470 5607 577 5659 τῶν
607 5605 954 5675 θερμοτέρων
981 5603 1169 5672 ψυχῶν
1201 5601 1268 5655 τὰ
1294 5597 1737 5671 τῆςἘκκλησίας

182 5695 618 5764 τίκτειναυὰγια,
642 5696 736 5750 ἅτε
758 5696 1050 5765 φάρμακον
1073 5693 1131 5757 ἐξ
1163 5692 1492 5764 ἀνθρώπων,
1512 5691 1738 5760 ταχεῖαν

248 5855 263 5886 ¹
298 5857 480 5912 Eccle.
509 5870 610 5924 xu,
647 5855 734 5912 ll.
810 5856 829 5886 ²
862 5853 1003 5908 Psal.
1031 5867 1125 5919 vn,
1167 5849 1250 5906 15.

1842 5134 2165 5204 improbitas
2195 5139 2533 5200 erumperet,
2587 5137 2637 5183 et
2693 5126 2836 5196 quod
2890 5126 3047 5180 bona:
3100 5125 3216 5196 spei
3251 5125 3414 5180 nobis

1843 5229 2041 5288 fuerat,
2075 5225 2128 5280 id
2153 5226 2263 5294 jam
2296 5239 2458 5278 nnine
2483 5223 2644 5276 inane
2675 5235 2799 5275 esse
2825 5219 3129 5280 videretur,
3151 5217 3416 5278 restabat,

1845 5332 1904 5375 ut
1935 5318 2083 5374 domi
2118 5318 2400 5386 deinceps,
2443 5316 2656 5385 abjccm
2687 5312 3009 5383 disputandi
3040 5310 3244 5370 studio,
3270 5312 3385 5364 otin

1845 5429 1941 5468 sus
1975 5426 2282 5467 manerem.
2344 5409 2480 5464 Tum
2517 5419 2696 5462 autem
2735 5421 2820 5460 me
2883 5405 3062 5460 crebri
3105 5412 3159 5457 ct
3216 5393 3413 5457 alterni

1844 5504 2234 5574 cogitationum
2261 5502 2458 5556 ﬂuctus
2483 5502 2717 5555 obruere
2748 5506 3053 5568 coeperunt,
3081 5496 3274 5564 quales
3295 5494 3413 5548 aui-

1847 5598 1948 5651 mis
1977 5597 2093 5649 zelo
2119 5593 2462 5649 inﬂammatis
2489 5593 2647 5662 891
2681 5589 2955 5656 naufragia
3010 5586 3270 5642 Ecclesim
3318 5599 3409 5639 so.

1846 5689 1961 5744 lcnt
1997 5688 2278 5742 inducere.
2334 5686 2556 5742 Nullum
2612 5682 2814 5753 quippe
2871 5680 2938 5733 ab
2978 5677 3294 5732 hominibus
3332 5691 3413 5731 re-
