3920 6580
222 367 337 426 “53
568 356 645 421 [Α.
685 363 736 404 c.
781 349 944 419 1551]

1102 316 1109 321 ⁷
1174 349 1618 413 ΒΥΖΑΝἸἾΝᾹΞ
1644 340 2025 407 msrome
2051 339 2195 400 LIB.
2229 334 2449 398 xvm.

3287 320 3427 384 115i

2530 332 2658 400 liae.
2699 342 2744 382 ι.
2782 337 3076 381 cuneus.
3122 324 3174 391 5]

275 482 340 533 l".
366 473 465 530 Καὶ
494 474 606 542 ἅμα
633 472 840 542 παρῆν,
873 464 917 539 ᾧ
960 471 1030 526 τὰ
1059 474 1189 541 περὶ
1224 474 1284 524 τὸ
1316 470 1442 544 ὅρος
1480 470 1541 523 ἰδ
1574 468 1741 527 Γάνος

1918 457 2009 512 ιη.
2036 455 2239 510 Aderat
2262 452 2429 533 simul
2455 451 2519 514 is.
2554 449 2642 504 cui
2669 443 2972 529 spiritualis
3020 437 3425 495 administratio

216 573 366 644 χωρία
397 565 781 634 ἐπιτέτριπται
826 563 1037 617 διέπειν
1071 563 1463 632 πνευματικῶς
1511 558 1607 613 καὶ
1648 557 1741 610 τὸν

213 667 313 719 ἐκεῖ
339 660 636 729 ποιμαίνειν
674 656 1074 728 ἀρχιερατικῶς
1107 657 1310 725 κλῆρον
1354 655 1451 709 καὶ
1490 653 1618 707 λαδν
1644 649 1741 705 τοῦ

213 754 350 817 Θεοῦ,
378 749 560 805 πολιὰν
591 748 691 819 μὲν
719 748 1063 818 ἐπαγόμενος
1087 748 1272 819 τρίχα,
1305 744 1491 800 πολιὸν
1524 743 1581 796 δὲ
1606 741 1742 812 φρό-

212 864 340 917 νημα
361 862 375 876 ο
402 843 490 897 καὶ
517 842 639 895 ὅσον
673 841 765 894 τὸν
810 840 915 906 ἔξω
944 840 1268 911 φαινόμενον
1306 838 1595 907 ἄνθρωπον
1626 827 1741 902 εἷχε

212 935 558 1006 ξυντετηκότα,
585 932 839 987 τοσοῦτον
871 932 1136 987 ἀνθοῦντα
1163 933 1257 986 τὸν
1292 931 1366 1001 μὴ
1391 928 1737 999 φαινόμενον.

218 1026 510 1097 Ὑπερόριος
545 1025 653 1094 γὰρ
684 1025 784 1094 τῆς
809 1024 1142 1093 ἐπισκοπῆς,
1175 1021 1264 1075 διά
1289 1021 1350 1074 τὸ
1375 1020 1552 1090 μισεῖν
1579 1032 1745 1085 πονη-

212 1123 305 1192 ρῶν
327 1116 608 1187 ἐκκλησίας
662 1116 757 1170 καὶ
815 1115 1019 1186 λοιμῶν
1073 1114 1381 1181 ξυναυλίας,
1433 1114 1498 1165 ὲκ
1547 1109 1742 1192 πολλοῦ

209 1186 442 1280 γεγονὼς,
465 1186 613 1281 πάσῃ
640 1207 749 1261 τῶν
783 1206 1100 1274 ἀναγκαίων
1136 1204 1444 1275 αὐθαιρέτῳ
1480 1186 1743 1272 στενοχοο⁶

211 1303 291 1374 ρίᾳ
324 1299 569 1356 δαπανῶν
594 1298 826 1353 διετέλει
852 1299 949 1368 τὴν
983 1296 1175 1352 ἑαυτοῦ
1202 1298 1371 1368 ζωήν.

266 1485 331 1536 Δ’.
355 1480 470 1535 Τῶν
503 1494 566 1547 γε
600 1479 708 1548 μὴν
762 1475 966 1548 ἑτέρων
1019 1475 1341 1529 ἐπισκόπων
1370 1474 1484 1528 ὅσοι
1510 1473 1599 1528 τὸν
1630 1473 1745 1529 ἴσον

207 1548 538 1647 ᾔεσανθζῆλον
566 1572 661 1626 καὶ
688 1571 889 1642 τρόπον
921 1569 1010 1644 [Ρ.
1063 1568 1194 1643 56⁸2]
1222 1569 1398 1623 οὐδενί
1440 1586 1502 1635 γε
1540 1570 1595 1634 ές
1626 1569 1747 1623 τόδε

209 1666 586 1736 ξυμπέπτωκεν
600 1662 958 1733 ἐλλελεῖφθαι.
979 1663 1112 1726 Ταῖς
1125 1663 1233 1734 γὰρ
1263 1664 1412 1731 σφῶν
1428 1662 1748 1731 ἐκκλησίαις

206 1754 726 1826 παρεισφθαρέντων,
759 1741 946 1829 ἀπόσοι
985 1753 1221 1824 ἀγύρται
1251 1754 1346 1807 καὶ
1380 1753 1747 1824 βαναυσὼδεις

1849 551 2099 606 locorum
2134 547 2287 603 Cano
2330 530 2502 600 monti
2537 530 3041 610 circumjectorum,
3099 533 3344 601 clerique
3367 540 3426 586 et

1847 642 2037 714 populi
2076 639 2375 697 Christiani
2425 652 2556 692 cura
2612 632 2896 705 pastoralis
2953 643 3078 685 cum
3126 622 3425 697 pontificali

1848 734 2181 792 auctoritate
2214 730 2505 787 commissa
2540 727 2677 784 fuit:
2734 726 2840 792 vir,
2880 734 2941 779 ut
2994 720 3151 776 senili
3199 717 3423 777 canitie.

1848 826 1924 882 ita
1953 835 2006 881 et
2036 822 2194 879 senili
2227 820 2554 892 prudentia;
2579 818 2633 872 in
2661 831 2769 886 quo
2789 804 3052 884 quantum
3079 810 3246 863 homo
3274 814 3427 862 exteo

1849 917 1965 972 rior
1992 925 2049 972 et
2079 915 2255 971 oculis
2289 913 2572 983 subjectus
2601 924 2660 964 se
2687 910 2863 978 ipsum
2894 907 3284 961 maceravcrat,
3306 907 3427 952 tano

1853 1019 1965 1066 tum
1997 1009 2231 1065 interior
2258 1017 2314 1063 et
2340 1006 2517 1061 latens
2548 998 2885 1071 vigescebat.
2944 994 3157 1062 Quippe
3210 989 3429 1059 episco-

1850 1110 1984 1174 patu
2041 1099 2372 1175 jampridem
2425 1098 2635 1170 ejectus
2672 1091 2758 1167 _ob
2793 1104 2910 1145 cam
2970 1085 3134 1157 893
3183 1095 3426 1175 causam.

1851 1172 1979 1266 quia
2033 1172 2302 1249 malorum
2335 1188 2569 1246 concilia
2615 1194 2671 1241 et
2704 1180 3079 1254 pestilentium
3140 1172 3430 1230 cathedras

1850 1265 2077 1352 odisset,
2108 1284 2256 1343 omni
2302 1295 2487 1337 rerum
2540 1274 2993 1334 necessariarum.
3030 1268 3255 1341 penuria
3292 1265 3430 1321 aflli-

1851 1386 1976 1433 ctus
2005 1375 2172 1431 vitam
2205 1387 2361 1429 suam
2393 1370 2593 1427 sensim
2624 1358 3003 1425 consumebat.

1926 1468 2018 1523 ιν.
2053 1466 2208 1534 Quod
2240 1464 2307 1521 ad
2337 1476 2563 1519 caeteros
2600 1462 2887 1533 episcopos
2918 1456 3136 1520 attinet,
3160 1451 3253 1524 qui
3279 1465 3432 1506 eum-

1853 1561 1977 1616 dem
2017 1563 2196 1615 zelum
2249 1567 2305 1614 et
2335 1571 2545 1612 morem
2607 1553 2759 1625 sequi
2811 1552 3181 1612 instituerant,
3235 1558 3428 1601 eorum

1853 1652 2036 1708 nullus
2088 1660 2370 1721 superstes
2419 1647 2486 1702 ad
2547 1646 2653 1700 hoc
2708 1658 2880 1712 usque
2946 1651 3161 1710 tempus
3209 1633 3428 1689 mansit.

1851 1745 1989 1801 Nam
2027 1758 2153 1798 cum
2182 1743 2239 1797 in
2293 1755 2485 1796 eorum
2536 1734 2798 1793 ecclesias
2842 1728 3339 1811 circumforaneum
3373 1734 3430 1776 et.

207 1815 291 1903 καί
311 1815 785 1918 ἀνδυρεςάντικρυςὶ
801 1815 1074 1916 αἱμάτων,
1088 1815 1194 1913 έξω
1220 1815 1412 1917 στῆναι
1434 1815 1751 1918 πέπρακται

1860 1834 2125 1892 illiberale
2159 1833 2444 1889 hominum
2466 1844 2640 1902 genus
2664 1842 2727 1882 ac
2746 1824 2935 1895 reipsa
2970 1821 3071 1876 viri
3102 1815 3428 1889 sanguinum

208 1940 330 2008 σφᾶς
378 1938 716 2009 προμηθείας
751 1938 969 2012 ἀπάσης
1019 1937 1095 2001 ὡς
1144 1938 1504 2010 πορρωτάτω.
1551 1932 1653 1990 Ὧν
1684 1936 1748 2008 δή

205 2049 294 2083 που
339 2030 402 2084 τὰ
446 2027 698 2099 σώματα,
747 2028 825 2100 μὴ
875 2029 1288 2099 ἐγκαρτερῆσαι
1315 2030 1379 2099 τῇ
1412 2030 1608 2082 σπάνει
1640 2028 1751 2081 τῶν

203 2121 494 2190 ἀναγκαίων
526 2120 884 2191 δεδυνημένα,
913 2120 1012 2174 καὶ
1046 2120 1172 2174 ὅσαι
1203 2119 1378 2191 ταύτῃ
1411 2120 1750 2194 δυσπραγίαι

202 2212 435 2282 καθάπερ
461 2211 729 2281 ὁμοφυεῖς
768 2228 914 2276 τινες
958 2212 1121 2284 τύχαι
1165 2213 1262 2267 καὶ
1290 2214 1459 2284 κῆρες
1504 2212 1749 2280 ἕπονται,

202 2305 365 2372 πάσης
412 2303 785 2375 σκληρότητος
829 2305 1021 2373 ἐφόδια
1060 2304 1330 2376 λαμπρῶς
1365 2306 1749 2376 ἐφελκόμεναι,

200 2395 283 2448 καὶ
311 2395 420 2449 ἀλλ’
462 2395 551 2448 ἐπ’
582 2394 767 2460 ἀλλοις
798 2395 1090 2451 ἀντλοῦσαι
1137 2398 1337 2462 κακίας
1371 2398 1625 2470 πολυειδῆ
1657 2400 1752 2454 καὶ

203 2485 495 2557 πολύτροπα
532 2485 716 2557 ῥόθια,
767 2484 903 2556 πρὸς
957 2486 1058 2551 τὰς
1097 2474 1348 2550 αίιιινίους
1399 2489 1616 2553 ὲκείνας
1660 2489 1753 2543 καὶ

203 2578 460 2648 μακαρίας
492 2577 701 2648 σκηνὰς
727 2576 1169 2648 μετῳκίσθησαν.
1221 2578 1411 2647 Παρῆν
1441 2578 1488 2631 δ’
1510 2573 1602 2632 οὖν
1630 2578 1752 2633 ἀντὶ

202 2671 394 2724 πολλῶν
424 2673 534 2724 κάκ
564 2670 669 2740 τῆς
711 2670 1044 2741 Ἀντιοχείας
1076 2669 1342 2740 ἐπαρχίας
1366 2673 1392 2724 ὁ
1425 2670 1602 2743 Τύρου
1632 2672 1753 2725 ἐπί-

200 2779 423 2826 σκοπος·
455 2763 599 2835 ἀνὴρ
628 2763 848 2826 συνετὸς
878 2765 972 2817 καὶ
996 2763 1164 2817 πολὺν
1192 2767 1257 2817 ἐκ
1291 2764 1507 2831 φύσεως
1532 2766 1749 2835 τρέφων

198 2856 277 2908 τὸν
298 2842 351 2920 ἒς
378 2858 443 2910 τά
468 2857 658 2911 δίκαια
681 2854 864 2925 ζῆλον,
893 2856 1031 2911 κάπὶ
1054 2853 1163 2910 τῶν
1188 2856 1287 2926 τῆς
1308 2856 1588 2920 εὐσεϐείας
1619 2874 1754 2929 κρη-

199 2947 351 3001 πίδων
384 2949 529 3019 μάλα
561 2948 792 3020 ἀκλινὴς
836 2947 998 3011 αύτός
1022 2964 1082 3000 τε
1119 2947 1405 3018 ἱστάμενος
1436 2950 1530 3002 καὶ
1559 2949 1751 3013 ἄλλους

198 3036 570 3110 ἐπιρρωννύειν
618 3036 695 3092 ῶν
744 3039 950 3101 ἱκανός.
981 3031 1149 3099 Οὗτος
1195 3040 1253 3092 ὲν
1298 3040 1478 3108 χεροῖν
1502 3039 1640 3110 ἔχων
1683 3032 1751 3093 τὰ

200 3132 349 3185 πάλαι
391 3134 469 3203 τῷ
520 3132 622 3204 τὴν
662 3131 994 3202 Ἀντιόχειαν
1047 3133 1464 3203 πατριαρχικῶς
1513 3132 1749 3187 διέποντι
1773 3168 1821 3233 c

196 3223 437 3290 γεγονότα
466 3222 804 3294 ψηφίσματα
847 3225 945 3276 καὶ
991 3223 1297 3293 γράμματα
1341 3224 1482 3278 κατὰ
1528 3225 1624 3295 τῆς
1654 3223 1748 3277 τοῦ

199 3315 416 3386 Παλαμᾶ
444 3317 788 3385 δυσσεϐείας,
816 3318 909 3369 καὶ
941 3317 1057 3386 ἃμα
1090 3315 1198 3369 ἀπὸ
1223 3315 1489 3386 στόματος
1520 3316 1618 3386 ἤδη
1654 3316 1750 3388 τήν

195 3409 388 3463 ἐκείνου
436 3413 731 3480 κηρύττων
766 3409 996 3479 γνώμην
1029 3409 1123 3464 καὶ
1162 3409 1403 3480 θέλησιν,
1443 3408 1748 3482 αῢθαιρέτῳ

198 3502 284 3554 καὶ
311 3503 469 3566 αὐτὸς
493 3502 789 3573 ,ἠκολούθει
825 3502 1085 3575 προθέσει
1114 3502 1292 3574 ψυχῆς
1316 3504 1428 3567 τοῖς
1454 3502 1619 3566 θείοις
1660 3504 1753 3557 ἀν-

194 3591 392 3661 δράσιν,
433 3594 531 3659 οὓς
579 3595 640 3660 ἐξ
680 3594 910 3666 ἑωθινῆς
961 3595 1096 3665 πρὸς
1138 3596 1235 3666 τὴν
1269 3595 1543 3668 ἡμετέραν
1572 3595 1751 3651 οἰκίαν

96 3748 99 3751 γ
193 3682 422 3755 ἔφθημεν
452 3688 738 3758 εἰρηκότες
765 3687 1136 3756 ἀθροίζεσθαι.

256 3777 329 3834 E'.
389 3782 673 3853 Συνῄεσαν
700 3780 756 3835 δὲ
793 3781 892 3835 καὶ
929 3782 1036 3835 τῶν
1070 3778 1376 3849 ἐλλογίμων
1416 3778 1627 3853 ἁνδιρῖιν
1657 3780 1753 3833 καὶ

256 3794 329 3834 δ’.
389 3794 673 3853 Συνῄεσαν
700 3794 756 3835 οε
793 3794 892 3835 και
929 3799 1036 3835 των
1070 3794 1376 3849 ελλογιμων
1416 3794 1511 3833 avo
1599 3798 1627 3831 ν
1657 3794 1753 3833 και

196 3873 363 3941 σοφῶν
396 3875 497 3927 οὐκ
526 3872 728 3940 ὀλίγοι,
760 3873 1136 3944 πεφραγμένοι
1179 3871 1359 3936 καλῶς
1399 3794 1615 3940 suis;
1648 3874 1754 3927 τῶν

197 3960 347 4015 θείων
380 3965 577 4028 ὅπλοις
612 3964 650 4015 Γ
658 3963 849 4035 ραφῶν
904 3966 1012 4015 κάκ
1063 3962 1172 4014 τῶν
1213 3963 1561 4037 φαινομένων
1605 3953 1757 4034 ἠθῶν

196 4054 345 4118 εὐθὺς
378 4056 595 4127 οὐδαμῆ
630 4059 754 4118 τοὺς
785 4054 924 4126 ὑπὲρ
950 4053 1229 4117 εύσεὸείας
1254 4052 1622 4127 καπηλεύσειν
1649 4058 1756 4109 ἐοι-

199 4151 344 4213 κότες
367 4126 614 4219 ἀγῶνας
643 4149 826 4215 Δεξιός
855 4166 939 4217 τε,
960 4149 1019 4212 ὃς
1038 4149 1180 4219 λόγῳ
1208 4150 1303 4203 καὶ
1328 4150 1496 4220 ἀρετῇ
1523 4126 1614 4203 τὸν
1641 4151 1756 4221 βίον

195 4242 275 4293 ἀεὶ
301 4244 525 4314 κοσμῶν
565 4242 735 4309 ἔδειξε
771 4242 866 4295 καὶ
918 4240 1013 4294 νῦν
1061 4244 1120 4294 ὲν
1152 4244 1264 4304 τοῖς
1301 4242 1439 4310 ὑπὲρ
1477 4242 1755 4306 εὐσεϐείας

192 4335 387 4400 ἀγῶσιν
440 4335 660 4406 οὐδαμῆ
708 4328 1051 4405 ψευδομένην
1085 4332 1224 4403 ἔχων
1255 4333 1353 4405 τὴν
1408 4333 1627 4403 κλῆισιν,
1665 4336 1758 4386 καὶ

192 4424 303 4495 ἅμα
346 4429 691 4495 Ἀθανᾶσιος,
725 4427 1023 4491 ἀθανασίας
1072 4426 1302 4496 πλήρεις
1333 4424 1473 4497 ἔχων
1511 4428 1636 4489 τοὺς
1667 4425 1756 4479 λο-

192 4520 384 4588 γισμού
398 4539 441 4583 ;.

259 4712 349 4777 εἶ’.
382 4714 512 4767 Ἐπὶ
539 4711 746 4773 τούτοις
782 4712 876 4766 καὶ
906 4713 934 4764 ό
964 4711 1071 4766 τῶν
1100 4710 1248 4781 ὲμῶν
1274 4709 1448 4780 εἰσῄει
1473 4708 1632 4780 χορὸς
1660 4725 1763 4778 μα-

194 4801 389 4873 θητῶν,
419 4807 521 4858 καὶ
543 4804 743 4866 οῖτινες
774 4802 854 4857 ἔτι
889 4803 1073 4871 σφίσεν
1102 4801 1426 4871 ὲφοίτησαν,
1466 4800 1558 4853 τὸν
1591 4799 1761 4853 αὑτὸν

190 4897 586 4965 ἀγωιιοόμενοι
618 4894 694 4963 τῴ
723 4892 1028 4962 διδασκάλῳ
1082 4891 1306 4961 δρόμον.
1367 4882 1466 4942 Ὧν
1514 4890 1576 4943 τὸ
1627 4889 1762 4960 πρὸς

190 4990 309 5046 τοὺς
346 4986 491 5055 ὑπὲρ
515 4984 801 5046 εὐσεϐείας
833 4983 1114 5045 κινδύνους
1144 4982 1431 5051 πρόθυμνᾷν
1462 4998 1521 5035 τε
1555 4983 1649 5035 καὶ
1675 4984 1765 5034 εύ-

194 5081 344 5145 γενὲς
373 5081 470 5159 καὶ
511 5076 610 5148 τὴν
635 5077 953 5146 ἔμπρακτον
983 5076 1338 5145 εὐδοκίμησιν
1366 5074 1566 5137 ἱκανῶς
1602 5074 1767 5127 δεδει-

192 5177 343 5244 χέναι
378 5175 526 5227 δοκῶ
558 5188 649 5241 μοι
681 5172 803 5233 τοὺς
836 5173 893 5222 ἐν
943 5171 1136 5239 ἐκείνῳ
1168 5168 1246 5238 τῷ
1284 5168 1610 5239 μαρτυρικῷ
1637 5184 1765 5220 στα-

190 5269 285 5334 δίῳ
329 5267 657 5336 περιφανεῖς
686 5262 904 5330 ἀγῶνας
944 5262 1037 5314 καὶ
1087 5263 1157 5313 τὰ
1207 5260 1765 5330 ὲπιπαρρησιασμένα

192 5360 286 5425 τῆς
320 5358 574 5427 γλώττης
608 5357 781 5423 σεμνὰ
810 5354 1191 5420 παλαίσματα.

259 5538 335 5593 Z'.
382 5535 499 5590 Καὶ
532 5534 617 5587 ἵνα
648 5533 776 5596 τοὺς
815 5532 1007 5594 ἄλλους
1037 5530 1202 5597 ἐάσω,
1231 5528 1322 5593 οὓς
1352 5526 1503 5582 οὔπω
1543 5528 1637 5581 καὶ
1670 5530 1769 5596 τη-

1851 1929 2226 2001 irrepsissent,
2256 1925 2384 1982 hinc
2411 1922 2613 1978 factum
2658 1926 2763 1984 est,
2819 1924 2877 1971 ut
2908 1913 2984 1968 illi
3015 1907 3330 2001 longissime
3360 1903 3430 1959 ab

1850 1996 1999 2077 omni
2032 2020 2287 2074 humanae
2315 2011 2673 2087 providentia:
2701 2023 2806 2081 ope
2830 2007 3238 2075 ablegarentur.
3286 1996 3431 2064 Quo-

1852 2128 1972 2168 rum
2004 2099 2256 2181 corpora,
2286 2123 2411 2163 cum
2440 2105 2673 2161 tolerare
2697 2116 2802 2155 non
2842 2102 3063 2169 possent
3120 2106 3314 2146 rerum
3334 2103 3430 2143 ne-

1852 2205 2218 2259 cessariarum
2266 2182 2509 2272 inopiam
2571 2211 2635 2251 ac
2689 2201 2917 2248 caeteras
2977 2184 3250 2246 miserias,
3309 2195 3431 2252 quzc

1851 2309 1970 2350 eam
2012 2294 2167 2350 velut
2192 2301 2420 2362 cognata
2452 2288 2703 2360 quaedam
2756 2284 2866 2338 fata
2908 2293 2965 2338 et
2998 2274 3295 2334 infortunia
3337 2288 3432 2329 cos

1850 2387 2148 2452 mitantes,
2181 2398 2343 2439 omne
2369 2378 2707 2438 austeritatis
2759 2377 3185 2432 instrumentum
3243 2382 3429 2424 secum

1854 2478 2103 2543 trahunt,
2163 2485 2220 2531 et
2268 2475 2406 2529 alios
2469 2489 2537 2527 ex
2589 2470 2713 2526 aliis
2765 2466 3031 2523 malorum
3079 2461 3430 2532 omnigenum

1851 2571 2052 2628 ﬂuctus
2079 2570 2527 2641 superingeruut,
2572 2563 2641 2620 ad
2667 2562 3031 2632 sempiternas
3049 2556 3170 2612 illas
3224 2563 3281 2609 ct
3310 2554 3432 2609 bea-

1852 2674 1934 2720 tas
1971 2663 2132 2729 sedes
2159 2663 2486 2732 migravere.
2531 2657 2738 2713 Aderat
2769 2664 2949 2709 tamen
2984 2666 3125 2705 unus
3157 2662 3259 2718 pro
3295 2646 3433 2700 mul-

1852 2759 1923 2814 tis
1949 2773 2014 2814 ex
2038 2756 2378 2812 Antiocliena
2426 2750 2728 2823 provincia,
2786 2748 3078 2817 episcopus
3131 2738 3287 2810 Tyri,
3353 2738 3433 2790 vir

1850 2848 2178 2917 intelligens.
2199 2846 2292 2915 qui
2324 2845 2545 2899 insitum
2561 2850 2803 2907 anatura
2827 2849 3070 2892 amorem
3087 2831 3217 2902 justi
3237 2827 3435 2882 arden-

1854 2940 2119 2995 tissimum
2136 2938 2320 2991 animo
2346 2936 2539 3000 aleret,
2569 2947 2634 2987 ac
2666 2932 2720 2986 in
2753 2944 2893 2985 vera:
2910 2925 3034 2981 fidei
3065 2920 3435 2980 fundamentis

1853 3048 1979 3088 cum
2003 3033 2122 3103 ipse
2156 3032 2415 3085 immotus
2451 3034 2739 3098 perstaret,
2767 3034 2881 3080 tum
2908 3022 3048 3078 alios
3076 3029 3261 3091 posset
3296 3033 3434 3074 con-

1853 3126 2091 3187 firmare.
2138 3123 2237 3180 Hic
2264 3138 2375 3193 pra:
2402 3120 2657 3176 manibus
2711 3120 2918 3174 habens
2959 3125 3143 3171 vetera
3200 3122 3435 3183 patrar-

1852 3219 1968 3272 clla:
1990 3214 2321 3272 Antiocheni
2348 3213 2589 3278 decreta,
2619 3219 2672 3267 et
2701 3202 2916 3266 litteras
2970 3208 3041 3265 ab
3074 3222 3142 3263 eo
3167 3208 3435 3262 adversus

1850 3307 2083 3364 Palama:
2104 3309 2441 3379 impietatem
2472 3306 2725 3376 scriptas,
2750 3317 2984 3369 nemon
3012 3301 3259 3373 ejusdem
3302 3316 3431 3356 sen-

1853 3403 2076 3457 tentiam
2104 3416 2170 3456 ac
2190 3400 2525 3455 voluntatem
2564 3398 2690 3453 viva
2725 3411 2859 3451 voce
2912 3395 3268 3459 annuntians,
3315 3397 3432 3464 ipse

1851 3508 2070 3565 quoque
2103 3495 2250 3550 ultro
2307 3491 2643 3563 sequebatur
2694 3491 2842 3545 viros
2870 3487 2996 3544 illos
3033 3487 3430 3554 sanctissimos,

1853 3603 2009 3658 quos~
2044 3599 2204 3641 mane
2261 3585 2330 3641 ad
2394 3594 2634 3640 nostram
2691 3582 2918 3638 domum
2970 3579 3300 3639 conﬂuxisse
3347 3581 3433 3640 di-

1853 3676 2055 3732 ximus.

1931 3768 1995 3823 V.
2024 3767 2343 3823 Convenere
2379 3765 2543 3822 etiam
2577 3765 2834 3824 homines
2860 3765 3111 3823 doctrina
3154 3776 3212 3824 et
3250 3768 3432 3827 erudi-

1856 3860 2005 3917 tione
2036 3859 2281 3930 insignes
2314 3875 2425 3914 non
2471 3859 2654 3929 pauci,
2718 3859 2892 3914 sacris
2934 3859 3235 3929 Seripturis
3281 3862 3432 3916 velut

1854 3960 2136 4007 armatura
2170 3950 2408 4021 quadam
2438 3949 2654 4019 egregia
2687 3951 2969 4013 instructi,
2999 3950 3166 4023 895
3189 3950 3281 4021 qui
3312 3950 3432 4021 ipso

1856 4046 2040 4101 statim
2082 4043 2271 4097 habitu
2297 4043 2521 4097 minime
2550 4042 2879 4096 videbantur
2911 4043 2963 4096 in
2999 4043 3125 4098 fidei
3168 4042 3471 4106 orthodox

1857 4154 1937 4193 x2e
1993 4137 2309 4192 defensioue
2367 4136 2531 4188 ullam
2564 4133 2809 4189 fraudem
2847 4135 3186 4203 admissuri;
3237 4151 3432 4208 nempe

1856 4231 2079 4291 Dexius,
2145 4228 2240 4297 qui
2308 4227 2617 4282 litterarum
2667 4239 2724 4282 et
2787 4228 3006 4283 virtutis
3059 4230 3216 4285 laude
3272 4241 3430 4285 antea

1857 4322 2076 4390 quidem
2125 4333 2342 4387 semper
2396 4317 2623 4372 illustris
2668 4317 2810 4384 fuit;
2881 4327 2936 4372 at
2991 4318 3045 4373 in
3098 4318 3251 4376 hisce
3307 4321 3435 4375 reli-

1858 4413 2036 4482 gionis
2063 4409 2455 4465 certaminibus
2479 4423 2670 4463 verum
2700 4423 2823 4464 esse
2850 4424 3008 4464 suum
3033 4425 3233 4465 nomen
3251 4419 3435 4465 osten-

1788 4537 1833 4596 ο
1859 4502 1960 4556 dit.
1993 4500 2126 4555 item
2155 4500 2505 4562 Athanasius,
2537 4506 2681 4555 totus
2703 4513 2763 4555 re
2810 4499 2927 4570 ipsa
2970 4500 3024 4554 in
3078 4500 3432 4557 meditatione

1864 4591 2306 4648 immortalitatis.

1934 4698 2023 4755 Vl.
2053 4698 2280 4753 Subibat
2305 4696 2716 4754 deindecliorus
2735 4697 3132 4769 discipulorum
3162 4715 3432 4763 meorum.

1862 4798 1919 4846 et
1949 4800 2218 4859 quotquot
2239 4797 2500 4859 praeterea
2531 4788 2760 4844 istorum
2788 4790 3039 4861 discipuli
3077 4802 3255 4860 erant,
3288 4793 3435 4849 idem

1864 4896 1988 4936 cum
2020 4880 2282 4951 magistro
2316 4880 2553 4935 stadium
2586 4881 2892 4940 decursuri.
2924 4882 3170 4949 Quorum
3188 4886 3434 4943 animum

1867 4975 1922 5028 in
1949 4973 2253 5029 subeundis
2269 4987 2369 5044 pro
2401 4973 2663 5043 religione
2718 4975 2979 5044 periculis
3019 4987 3331 5048 promptum
3372 4993 3439 5035 ac

1866 5074 2223 5134 generosum,
2245 5072 2303 5118 et
2331 5063 2611 5120 efficacem
2667 5079 2797 5120 vere
2853 5065 3136 5141 virtutem,
3176 5070 3310 5126 satis
3352 5073 3437 5141 (ut

1864 5158 1996 5210 mihi
2018 5155 2257 5225 videtur)
2276 5155 2621 5211 declararunt
2644 5157 2916 5226 praeclarae
2964 5158 3065 5215 illa:
3087 5159 3435 5227 luctationes,

1866 5248 2066 5318 quibus
2097 5262 2156 5303 se
2186 5247 2241 5301 in
2258 5246 2501 5317 martyrii
2540 5247 2791 5318 palaastra
2822 5262 3211 5318 exercuerunt,
3238 5264 3294 5309 et
3340 5255 3437 5309 lio-

1868 5351 2022 5397 uesta
2069 5340 2267 5412 lingua:
2294 5341 2596 5396 certamina
2635 5340 2706 5395 ab
2737 5341 2806 5397 iis
2836 5324 3074 5414 ingenue
3096 5356 3153 5401 et
3175 5345 3437 5402 audacter

1867 5442 2139 5503 suscepta.

1940 5524 2054 5581 νη.
2089 5524 2295 5581 Omitto
2333 5526 2473 5582 alios
2532 5542 2695 5598 quam
2749 5529 3035 5599 plurimos,
3092 5543 3228 5599 quos
3265 5545 3438 5602 usque

193 5648 358 5707 μερον
389 5631 449 5693 ἐς
487 5627 611 5696 ὄψιν
650 5627 785 5680 ίέναι
827 5626 1206 5697 περιειστήκει
1250 5639 1363 5691 μοι,
1413 5619 1753 5689 παμπόλλους

1870 5616 1935 5670 ad
1961 5618 2100 5670 lianc
2138 5615 2283 5669 diem
2316 5631 2386 5671 ne
2410 5615 2594 5673 videre
2616 5619 2836 5688 quidem
2868 5619 3253 5689 miliicontigit
3279 5637 3293 5675 :
3318 5634 3438 5676 om-

193 5740 249 5774 τε
288 5723 455 5784 ὄντας
523 5722 611 5773 καὶ
665 5720 869 5778 πάντας
913 5715 1164 5784 ἀλλήλοις
1207 5714 1618 5784 ἁμιλλωμένους
1672 5712 1753 5779 rip

1871 5722 1970 5761 nes
1993 5706 2239 5776 ejusdem
2265 5705 2489 5763 virtutis
2512 5707 2869 5779 ejusdemque
2896 5709 3133 5767 instituti
3162 5712 3392 5766 aemulos
3421 5730 3437 5768 :

192 5818 396 5883 ἀρετὴν
430 5815 528 5867 καὶ
549 5817 639 5867 τ’,ν
676 5812 808 5882 βίον,
842 5804 934 5863 ¹κλιὶ
960 5810 1058 5878 τῆς
1087 5809 1237 5862 ἔνδον
1270 5810 1409 5861 κατά
1437 5806 1567 5858 Θεὸν
1604 5802 1753 5870 ἁγαλ·

1871 5814 2062 5857 omnes
2094 5798 2413 5868 imptessam
2447 5800 2629 5857 animo
2664 5802 2808 5871 piam
2836 5800 3163 5857 sententiam
3221 5817 3436 5859 morum
