3920 6658
432 381 599 444 ιιδεγ
718 377 797 447 Ia.
841 396 895 433 ιι.
930 378 1089 445 6859,
1134 394 1242 434 IND.
1281 378 1337 452 4]
1588 384 2003 446 NICEPHORI
2039 386 2424 449 GREGOR/E
2698 384 2830 457 [nm
2870 399 2914 439 ι.
2953 396 3239 439 omnem.
3273 380 3332 455 5]
3513 385 3638 451 1160

419 509 501 558 se,
532 504 821 564 antequam
856 508 956 548 nos
983 482 1419 559 iiitroducemur,
1445 495 1723 563 quomodo
1745 509 1834 558 ea,
1869 510 1993 562 quae

2102 514 2197 561 νοι,
2229 498 2361 567 πρὶν
2405 497 2557 568 ἡμᾶς’
2580 496 2833 557 εἰσιέναι,
2862 495 2930 549 τὰ
2960 496 3127 548 πάλαι
3154 493 3413 557 πολλάκις
3437 494 3644 566 μελετη-

418 587 741 659 jampridem
810 587 992 640 animo
1030 584 1426 641 meditarentur
1480 594 1536 641 et
1576 586 1870 641 adversmn
1900 582 1998 639 nos

2102 585 2260 639 θέντα
2289 602 2349 639 τε
2380 586 2475 640 καὶ
2497 584 2937 638 συσκευασθέντα
2966 584 3312 654 βουλεύματα
3333 583 3457 637 καθ’
3479 584 3643 656 ἡμῶν,

421 686 715 743 struerent,
738 676 919 731 oblata
950 677 1167 732 tandem
1193 680 1503 743 occasione,
1564 678 1724 733 facile
1776 678 1844 732 ad
1881 678 1999 731 exi-

420 783 536 827 tum
568 770 883 840 perducturi
906 779 1123 836 essent;
1157 770 1231 826 ita
1260 779 1319 825 ut
1376 788 1500 827 mox
1526 771 1745 827 aliuturi
1787 770 2001 825 audito-

421 879 510 919 res
536 879 644 917 non
686 863 1073 932 intelligerent,
1106 863 1292 917 dolum
1325 878 1451 918 eum
1481 878 1603 918 esse
1622 863 1810 918 multis
1836 860 1998 916 annis

420 954 746 1011 fabricatum
793 964 850 1009 et
895 954 1191 1011 artificiose
1233 955 1619 1025 compositum.
1668 955 1909 1010 Tandem
1943 962 2001 1009 et

420 1064 522 1103 nos
593 1063 832 1119 quoque.
886 1062 916 1102 a
959 1047 1287 1114 janitoribus
1346 1047 1542 1110 vocati,
1623 1046 1995 1101 introitimus.

421 1140 560 1194 Tum
594 1141 776 1194 statim
802 1140 1097 1208 imperator
1115 1140 1421 1208 appositum
1454 1136 1807 1208 Evangelium
1843 1136 2001 1192 brevi

421 1233 741 1288 aderatione
765 1239 1090 1301 prosecutus
1110 1239 1215 1293 est,
1256 1232 1416 1286 nobis
1446 1231 1706 1286 videlicet
1739 1244 1803 1284 ea
1832 1228 2005 1300 opera‘

421 1324 822 1379 satist-acturus.
848 1321 982 1377 Nam
1015 1332 1069 1377 ut
1094 1323 1425 1377 sacrosancti
1453 1323 1591 1378 sexti
1627 1322 1849 1377 concilii
1908 1335 2001 1391 ge-

422 1414 772 1470 neralis‘acta
799 1415 1217 1477 exhiberentur,
1247 1423 1410 1485 prout
1441 1423 1660 1468 cautum
1691 1420 1837 1467 esset
1865 1427 2001 1467 con-

422 1508 708 1562 stitutione
728 1506 991 1576 principis
1023 1505 1116 1560 illo
1150 1514 1397 1575 tempore
1446 1504 1787 1574 imperantis,
1845 1510 1899 1557 et
1938 1512 2000 1558 ut

423 1614 569 1654 nunc
590 1614 809 1669 quoque
830 1584 1199 1669 praesentibus
1247 1598 1410 1653 nobis
1470 1598 1774 1667 juraretur,
1830 1595 1996 1649 etiam

422 1702 585 1760 atque
614 1692 776 1745 etiam
812 1691 1172 1760 petieramus.
1230 1689 1441 1743 Deinde
1474 1698 1532 1744 et
1592 1689 1708 1758 ipse
1743 1687 1907 1774 sed‘it,
1943 1693 2000 1741 et

423 1773 528 1836 nns’
555 1784 718 1838 etiam
758 1782 920 1837 simul
956 1798 1082 1837 cum
1118 1780 1242 1836 aliis
1261 1780 1454 1835 sedere
1478 1780 1666 1851 jussit.
1701 1779 1726 1850 1

2099 678 2218 741 πῶς
2247 679 2313 730 ἂν
2350 679 2444 730 ἐπὶ
2473 675 2668 747 καιροῦ
2694 677 2789 730 νῦν
2827 679 2909 738 εἰς
2942 677 3116 746 πέρας
3146 676 3300 744 ᾇγειν
3353 676 3439 746 εἴη
3476 678 3648 741 αὐτοῖς

2098 771 2342 832 εὐπετῶς
2364 787 2420 823 τε
2447 773 2541 825 καὶ
2561 771 2637 834 ὡς
2661 772 2730 825 ἂν
2751 775 2862 834 τοῖς
2893 771 3159 841 παροῦσιν
3180 772 3482 840 ἀκροαταῖς
3504 772 3650 837 ἀγνο-

2098 862 2287 935 ηθείη,
2320 862 2552 917 λαθόντα
2594 866 2674 918 ὅτι
2707 865 2803 930 ξὺν
2834 866 2972 936 δόλῳ
3024 863 3338 935 πέπρακταί
3367 880 3428 917 τε
3457 864 3552 916 καὶ
3575 864 3651 917 δε-

2095 956 2581 1027 δραματούργηται
2610 956 2881 1013 πολυετεῖ.
2916 957 3209 1028 Είσῄειμεν
3235 956 3283 1009 δ’
3311 952 3405 1010 οὖν
3440 955 3539 1025 όψέ
3567 956 3653 1009 καὶ

2100 1051 2284 1119 ἡμεῖς.
2311 1049 2420 1102 τῶν
2454 1048 2720 1120 θυρωρῶν
2752 1050 3129 1105 καλεσάντων.
3183 1050 3291 1102 Καὶ
3335 1047 3365 1099 ὁ
3408 1045 3653 1118 βασιλεὺς

2098 1141 2260 1206 εὐθὺς
2279 1140 2357 1210 τῷ
2384 1140 2689 1212 εὐαγγελίῳ
2712 1142 3107 1212 παρακειμένῳ
3137 1139 3507 1212 προσκύνησιν
3529 1141 3654 1192 ἀποο

2098 1237 2293 1307 νείμας
2334 1236 2614 1309 βραχεῖαν,
2645 1237 2802 1307 ἡμῶν
2835 1253 2898 1304 γε
2933 1236 3139 1301 εἵνεκα,
3198 1233 3369 1287 πολλὰ
3404 1232 3656 1295 πολλάκις

2096 1330 2197 1389 τὰς
2224 1329 2322 1399 τῆς
2348 1328 2498 1394 θείας
2527 1331 2621 1384 καὶ
2666 1327 3050 1398 οἰκουμενικῆς
3092 1327 3258 1396 ἕκτης
3287 1324 3508 1379 συνόδου
3536 1342 3654 1395 προ-

2098 1422 2322 1492 τεθῆναι
2362 1423 2588 1492 πράξεις
2626 1420 3027 1483 ἀπαιτούντων,
3064 1421 3206 1472 κοιτά
3260 1420 3360 1486 τὴν
3407 1419 3521 1471 ἐκεῖ
3568 1416 3656 1469 τοῦ

2098 1511 2219 1564 τότε
2254 1510 2515 1581 βασιλέως
2537 1512 2890 1572 κατάστασιν,
2915 1510 3008 1562 καὶ
3032 1507 3159 1570 τοὺς
3189 1508 3387 1575 ὅρκους
3410 1504 3658 1573 γενέσθαι

2099 1603 2198 1656 καὶ
2227 1602 2326 1655 νῦν
2381 1602 2468 1671 ἐφ“
2516 1600 2710 1670 ἡμῶν
2747 1599 2939 1652 ἔπειτα
2992 1598 3155 1661 αὑτός
3185 1614 3245 1650 τε
3299 1596 3521 1649 ἐκάθισε
3571 1596 3660 1648 καὶ

2099 1693 2216 1763 ἅμα
2252 1692 2387 1762 ὀμοῦ
2417 1695 2530 1757 τοῖς
2562 1693 2745 1757 ἄλλοις
2774 1680 3114 1761 καθεσθῆναι
3150 1689 3532 1760 προύτρέψατο
3569 1689 3660 1741 καὶ

2101 1786 2268 1856 ἡμᾶς.

494 1874 578 1927 ιν.
612 1878 790 1943 Atque
819 1874 910 1928 ille
946 1873 1098 1943 loqui
1121 1886 1352 1927 exorsus
1396 1871 1632 1925 orationi
1664 1885 1776 1925 suae
1824 1868 1995 1924 inter-

2168 1878 2240 1929 Δ’.
2279 1873 2545 1943 Λέγεινδ*
2575 1872 2887 1944 ἀρξάμενος
2939 1872 3254 1943 παριμίγνυ
3287 1871 3400 1933 τοῖς
3429 1868 3658 1937 λεγομέ⁴

423 1968 639 2022 serebat
660 1968 971 2036 juramenta
995 1965 1241 2035 quaedam
1266 1954 1415 2034 'vaga
1446 1974 1503 2017 et
1561 1962 1842 2032 perplexa,
1892 1959 1998 2015 sibi

424 2058 603 2128 ipsiet
633 2056 825 2112 liberis
876 2056 991 2111 suis
1038 2057 1272 2112 exitium
1321 2053 1477 2125 quasi
1532 2051 1906 2123 iniprecando,
1938 2050 1996 2104 si

424 2147 620 2218 quovis
663 2146 827 2201 modo
877 2147 1037 2202 alteri
1093 2146 1239 2217 parti
1288 2147 1835 2211 faveret:erantque
1881 2142 2000 2212 ejus

421 2237 591 2310 899
616 2239 780 2301 dicta,
806 2245 867 2291 ut
899 2252 955 2291 re
992 2240 1106 2306 ipsa
1140 2235 1342 2307 patuit,
1391 2234 1729 2289 dilemmata.
1788 2229 1998 2301 Ecquid

425 2345 587 2398 porro
630 2328 852 2392 niirum,
886 2326 977 2381 ubi
1020 2327 1110 2382 ille
1152 2341 1237 2380 am
1264 2324 1392 2380 inde
1449 2324 1520 2378 ab
1551 2324 1710 2377 initio
1740 2338 1863 2377 cum
1894 2322 1999 2377 Pa-

424 2422 565 2476 lama
632 2422 793 2494 plane
846 2420 1222 2491 conspirabat,
1285 2430 1342 2475 et
1376 2418 1494 2488 ejus
1545 2413 1998 2471 consuetudinem

427 2511 563 2565 tanti
603 2510 863 2577 faciebat,
894 2521 955 2566 ut
983 2526 1102 2573 eam
1140 2509 1231 2564 diu
1262 2516 1539 2577 noctuque
1568 2505 1804 2577 publicis
1830 2517 1999 2573 nego-

426 2602 514 2656 tiis
538 2602 858 2673 urgentibus
886 2600 1260 2666 anteliaberet,
1279 2607 1480 2655 etcum
1508 2613 1572 2652 eo
1595 2596 1747 2659 dolos
1768 2608 2000 2650 consue-

425 2704 508 2748 ret
533 2709 597 2749 ac
644 2695 789 2749 retia
821 2693 1292 2760 nobistenderct;
1322 2691 1573 2759 idemque
1613 2699 1721 2742 tam
1774 2687 2000 2757 privatis

423 2802 587 2856 quam
624 2785 866 2857 publicis
890 2785 1239 2842 sermonibus
1270 2797 1485 2838 mecum
1525 2783 1604 2836 sic
1634 2780 1830 2836 solitus
1852 2785 1999 2834 esset

424 2894 690 2948 pugnare,
721 2888 781 2933 ut
802 2878 920 2948 ipso
951 2877 1121 2932 etiam
1144 2876 1366 2932 Palama
1392 2874 1686 2928 violentior
1707 2887 1829 2927 esse
1853 2869 2000 2924 vide-

424 2969 617 3024 retur?
643 2969 838 3040 Itaque
868 2969 980 3035 ille,
1003 2983 1127 3024 cum
1154 2966 1510 3039 promittebat
1546 2981 1604 3020 sc
1632 2963 1995 3035 ergaalteram

427 3069 638 3132 partem
678 3076 952 3132 propenso
981 3061 1167 3130 animo
1202 3060 1348 3115 haud
1377 3058 1514 3124 fore,
1542 3058 1585 3112 si
1610 3072 1711 3111 nos
1735 3055 1882 3110 solos
1914 3070 1999 3109 rc-

2100 1983 2208 2028 νοις
2240 1967 2334 2018 καὶ
2369 1966 2572 2035 ὅρκους
2606 1962 3039 2032 διεσπασμένους
3078 1959 3230 2021 τινὰς
3279 1961 3375 2012 καὶ
3408 1960 3661 2024 αἰνιγμα-

2098 2057 2309 2121 τώδεις,
2330 2054 2683 2126 ἐπαρώμενος
2714 2071 2831 2117 πως
2851 2052 3029 2122 ἐαυτῷ
3050 2052 3149 2106 καὶ
3175 2052 3389 2108 τέκνοις
3419 2049 3659 2120 ὄλεθρον,

2101 2148 2253 2217 εἰτῷ
2279 2148 2361 2200 ἐνὶ
2408 2147 2564 2217 μέρει
2606 2145 2901 2217 πρόσθοιτο
2943 2146 3045 2214 τὴν
3079 2143 3309 2215 γνώμην
3339 2142 3654 2197 ὁποσονοῦν.

2100 2240 2207 2292 Καὶ
2240 2236 2330 2311 ἦν,
2373 2238 2449 2303 ὡς
2482 2238 2684 2303 ἔδειξεν
2719 2241 2811 2292 ἐπὶ
2839 2238 2949 2292 τῶν
2998 2238 3198 2308 ἔργων,
3242 2236 3561 2306 διλήμματα
3590 2234 3654 2285 τὰ

2101 2328 2447 2398 φθεγγόμενα
2467 2344 2482 2359 ·
2515 2329 2611 2383 καὶ
2655 2328 2771 2391 πῶς
2821 2328 2921 2397 μὲν
2948 2326 3010 2380 ού
3034 2343 3050 2360 ο
3081 2326 3159 2398 τῷ
3212 2326 3450 2395 Παλαμᾷ
3476 2324 3543 2378 τὰ
3574 2323 3658 2376 fa:

2102 2422 2277 2475 πνέων
2300 2420 2357 2487 ἐξ
2378 2420 2571 2490 ἀρχῆς,
2594 2419 2689 2472 καὶ
2712 2418 2929 2489 νύκτωρ
2960 2419 3054 2471 καὶ
3082 2418 3202 2488 μεθ’
3225 2417 3438 2487 ἡμέραν
3459 2415 3660 2487 προύρ-

2100 2514 2384 2582 γιαιτέραν
2412 2513 2524 2564 τῶν
2555 2511 2659 2565 ἀνὰ
2693 2512 2882 2582 χεῖρας
2916 2509 3239 2580 ποιούμενος
3267 2507 3537 2580 δημοσίων
3559 2510 3658 2575 τὴν

2100 2601 2265 2657 αὐτοῦ
2320 2604 2560 2674 ὁμιλίαν,
2612 2594 2916 2656 καὶταῦτα
2970 2603 3304 2673 συῤῥάπτων
3349 2599 3473 2653 καθ’
3505 2600 3658 2670 ἡμῶν

2100 2696 2198 2749 καὶ
2235 2695 2588 2758 συσκευὰζων
2638 2694 2855 2761 δίκτυα,
2885 2695 3056 2763 κάμοὶ
3089 2692 3322 2761 λογικῶς
3359 2692 3655 2762 μαχόμενος

2103 2791 2209 2863 [δίᾳ
2242 2792 2335 2843 κῖιὶ
2362 2789 2595 2859 δημοσίᾳ
2620 2787 2922 2858 βιαιότερον
2950 2787 2982 2856 ἢ
3015 2783 3137 2838 κατ’
3162 2783 3326 2838 αὑτὸν
3350 2785 3521 2836 εἰπεῖν
3551 2784 3655 2836 Ue.

2102 2880 2165 2932 λα
2177 2882 2306 2950 μᾶν;
2336 2879 2398 2933 El
2430 2875 2525 2933 οὖν
2558 2879 2619 2932 τὸ
2642 2878 2915 2949 ἡμέτερον
2944 2876 3138 2946 ἔϐλεψε
3174 2875 3339 2945 μέρος
3372 2875 3593 2940 ἐκεῖνος,
3612 2867 3654 2940 ᾧ

2099 2970 2198 3041 τὴν
2231 2970 2459 3041 γνώμην
2491 2969 2676 3040 ἦκισθ⁹
2710 2969 3027 3039 ύπισχνοῖτο
3059 2967 3470 3038 προστίθεσθαι,
3491 2966 3652 3035 εὺώρ.

2101 3072 2235 3137 κησε
2268 3059 2369 3127 μέν
2403 3071 2417 3086 ⁶
2443 3056 2782 3112 ἀπολωλέναι
2815 3056 2863 3110 δ’
2890 3058 3040 3128 ὅμως
3092 3058 3349 3126 πέπραχε
3378 3056 3474 3128 τὴν
3532 3058 3652 3109 ἐαυ-

427 3152 625 3222 spexit,
654 3167 762 3206 non
795 3151 1075 3222 pejeravit‘
1106 3149 1352 3220 quidem,
1414 3156 1471 3202 at
1535 3148 1778 3200 animam
1839 3157 1995 3198 suam

2102 3146 2193 3201 τοῦ
2222 3148 2421 3219 ψυχὴν,
2454 3150 2533 3211 είς
2578 3147 2824 3220 Ἡρώδην
2854 3149 2944 3204 τὸν
2976 3148 3140 3201 πάλαι
3164 3149 3263 3217 τὴν
3292 3146 3523 3219 μίμησιν
3560 3146 3651 3200 ἄν.

426 3245 685 3316 perdidit,
715 3246 999 3315 antiquum
1019 3245 1171 3299 illum
1194 3241 1464 3297 Herodem
1493 3239 1997 3310 prorsusimitatus;

426 3340 543 3408 qui,
581 3340 902 3408 prophetam
935 3353 1056 3391 cuni
1084 3337 1384 3412 occideret,
1431 3332 1624 3388 sceleri
1686 3347 1786 3387 suo
1825 3329 1997 3401 jusju-

432 3430 658 3484 randum
712 3427 1069 3501 praetexebat.
1106 3426 1260 3494 Quod
1292 3428 1334 3480 si
1360 3434 1612 3480 neutram
1661 3432 1869 3492 partem
1909 3435 2001 3475 re-

430 3522 637 3591 spicere
666 3536 821 3576 meus
846 3519 1206 3590 jurisjurandi
1238 3519 1440 3589 potuit,
1503 3518 1595 3572 sed
1636 3529 1788 3584 arqua
1844 3513 2000 3567 lance

431 3628 722 3684 suspensus
744 3614 971 3668 etractus
1005 3627 1187 3683 parem
1243 3628 1303 3667 se
1335 3610 1586 3680 utrisque
1630 3606 1873 3677 praebere
1902 3603 1999 3658 de-

433 3715 690 3771 sreverat,
720 3711 881 3774 atque
933 3704 1023 3757 ille
1075 3700 1273 3756 deinde
1320 3700 1519 3773 juratis
1572 3713 1681 3752 non
1736 3694 1889 3751 stetit
1922 3692 1998 3761 (id

425 3790 573 3867 quod
605 3813 664 3850 re
700 3796 815 3866 ipsa
874 3795 1193 3859 declaravit,
1256 3791 1458 3848 cuniin
1521 3791 1733 3845 theatro
1766 3787 1861 3841 ille
1888 3785 1999 3839 fre-

427 3885 804 3955 quentissimo
832 3884 1077 3953 corrupit
1135 3884 1278 3954 juris
1330 3882 1666 3951 aequitatem)
1719 3890 1998 3945 nunquam

427 3988 573 4033 certe
602 3977 828 4046 perjurii
859 3976 1069 4031 crimen
1094 3973 1342 4042 ellugiet,
1376 3974 1471 4042 qui
1502 3978 1818 4045 sua_sponte
1848 3981 1999 4021 com-

429 4069 580 4122 misit
614 4076 673 4121 ut
694 4075 841 4121 esset
872 4066 1152 4135 perjurus.

503 4157 565 4212 ν.
598 4159 805 4228 Nempe
857 4158 1243 4221 ille,eamdcm
1309 4155 1544 4212 Palanitc
1601 4164 1656 4211 et
1701 4158 1784 4212 sui
1828 4158 2001 4229 ipsius

431 4254 646 4306 ruinam
714 4266 836 4307 esse
889 4261 1161 4313 statuens,
1192 4266 1314 4305 cum
1364 4266 1509 4305 nunc
1555 4250 1803 4317 vid'eret,‘
1841 4254 2001 4308 aliter

430 4360 591 4414 quam
621 4351 929 4413 putaverat,
978 4342 1183 4395 nostris
1239 4340 1704 4409 disputationibus
1754 4343 2000 4398 funditus

382 4457 395 4467 ι
434 4435 730 4506 proﬂigari,
763 4448 1002 4503 puppem
1068 4433 1123 4486 in
1162 4433 1344 4487 medio
1380 4447 1543 4486 cursu
1595 4436 1903 4499 contorsit;
1943 4445 1998 4490 et

2102 3255 2295 3308 τικρυς
2323 3239 2655 3309 ἀνενεγκὼν,
2680 3240 2739 3304 ὃς
2771 3240 3214 3311 προφητοκτόνου
3247 3240 3535 3310 πρόϐλημα
3559 3257 3651 3292 κα·-

2100 3332 2228 3396 κίας
2278 3331 2369 3384 τὸν
2402 3332 2565 3403 ὅρκον
2608 3332 2923 3401 πεποίηται.
2976 3332 3041 3384 Et
3094 3332 3152 3385 δέ
3203 3331 3342 3400 πρὸς
3386 3331 3652 3397 οὐδέτερον

2103 3423 2327 3495 βλέπειν
2362 3426 2492 3494 ἐνῆν
2540 3428 2655 3479 τοῖν
2692 3426 2884 3495 μεροῖν
2934 3424 3036 3496 τὴν
3063 3424 3157 3478 τοῦ
3198 3424 3366 3496 ὅρκου
3406 3425 3646 3489 διάνοιαν,

2100 3513 2219 3568 ἀλλ’
2252 3515 2522 3586 ξσόρῤοπα
2560 3514 2647 3569 ἐπ’
2680 3517 2888 3584 ἀμφοῖν
2915 3514 2985 3568 τὰ
3009 3515 3111 3584 τῆς
3133 3514 3362 3586 γνώμης
3392 3516 3649 3586 ἐκρέματο

2100 3606 2362 3671 τάλαντα,
2398 3608 2511 3671 τοῖς
2540 3605 2586 3660 δ’
2615 3606 2701 3679 [Ρ.
2729 3606 2854 3679 566]
2872 3608 3284 3679 ὀμωμοσμένοις
3302 3607 3481 3678 ἥκισθ’
3509 3605 3648 3660 ὓστε-

2105 3717 2195 3769 ρον
2225 3702 2524 3770 ἐνέμεινεν,
2555 3699 2629 3764 ώς
2677 3700 2859 3772 ἔργοις
2892 3700 3094 3767 ἔδειξεν
3137 3700 3342 3766 αὐτοῖς,
3380 3702 3646 3771 καπηλεύ-

2103 3810 2200 3855 σας
2240 3795 2335 3848 ἐπὶ
2364 3791 2593 3863 θεάτρου
2623 3794 2882 3847 τοσούτου
2910 3794 3008 3864 τὴν
3034 3794 3215 3865 δίκην,
3241 3796 3338 3856 τὰς
3358 3793 3456 3862 τῆς
3477 3796 3643 3862 ἐπιορ-

2101 3884 2221 3948 κίας
2243 3884 2344 3937 οὐκ
2374 3884 2438 3939 ἀν
2470 3900 2599 3937 ποτε
2622 3884 2893 3955 λοιδορίας
2915 3885 3165 3955 ἐκφύγοι,
3196 3885 3388 3940 ἑαυτὸν
3409 3887 3643 3954 ἐπίορκον

2099 3976 2428 4047 αὐθαίρετον
2458 3976 2776 4048 πεπραχώς.

2174 4150 2254 4206 Ε’.
2302 4124 2529 4205 Ἑαυτοῦ
2553 4152 2661 4221 γὰρ
2688 4152 2786 4223 τὴν
2805 4153 2897 4206 τοῦ
2917 4153 3151 4223 Παλαμᾶ
3185 4155 3530 4226 λογιζόμενος
3566 4152 3645 4230 ἦτ-

2102 4264 2221 4309 ταν,
2246 4245 2417 4297 ἔπειτ’
2444 4243 2590 4302 ἰδὼν,
2614 4246 2688 4307 ὼς
2709 4245 2809 4297 οὐκ
2828 4244 2986 4315 (paro,
3012 4245 3154 4297 κατά
3176 4250 3378 4313 κράτος
3403 4251 3506 4308 τοίς
3530 4249 3648 4317 ἡμεο

2098 4342 2276 4409 τέροις
2305 4339 2614 4408 ἡττώμενον
2646 4337 2848 4405 λόγοις,
2881 4337 3135 4408 πρύμναν
3161 4356 3219 4391 τε
3272 4342 3332 4393 ἐν
3383 4345 3521 4413 μέσῃ
3566 4358 3646 4391 πο⁸

2104 4433 2223 4501 ρείᾳ
2253 4433 2550 4501 ἐκρούσατο
2578 4431 2673 4483 καὶ⁸
2700 4430 2863 4501 ῥίψας
2893 4433 2992 4500 τὴν
3035 4432 3332 4501 ἀλωπεκῆν
3371 4437 3525 4497 εὐθυς
3560 4440 3646 4503 τὴν

432 4530 651 4596 vulpina
698 4526 905 4596 alijecta
952 4525 1135 4580 statim
1190 4527 1429 4579 ursinam
1464 4525 1657 4596 pellem
1690 4526 1886 4591 induit,
1917 4536 1997 4581 to-

2103 4522 2368 4592 ἀρκτικὴν
2398 4520 2674 4590 μετενέδυ,
2732 4528 2824 4575 καί
2860 4522 3018 4585 ἄλλος
3073 4522 3190 4587 ὅλος
3212 4526 3273 4589 ἐξ
3306 4520 3466 4593 ἄλλου
3511 4527 3647 4580 καθί-

434 4632 629 4690 tusque
666 4634 730 4672 ex
761 4618 869 4672 alio
903 4617 1044 4671 alius
1083 4618 1291 4680 evasit;
1329 4630 1431 4671 nec
1474 4632 1533 4671 se
1562 4617 1795 4687 amplius
1822 4618 2001 4687 potuit

431 4712 708 4773 cohibere,
741 4709 875 4778 quin
918 4718 974 4761 et
1025 4706 1442 4774 vociferaretur,
1474 4714 1531 4760 et
1579 4723 1698 4771 nos,
1723 4704 1825 4762 nisi
1859 4718 2002 4763 tace-

432 4818 635 4867 remus,
667 4802 830 4855 minis
874 4807 1110 4855 terreret
1141 4815 1156 4853 :
1183 4798 1384 4869 quippe
1421 4798 1563 4852 haud
1592 4798 1851 4855 ferendos
1878 4816 2000 4856 esse

430 4908 555 4956 nos,
599 4894 692 4962 qui
745 4892 797 4944 in
856 4892 978 4961 ejus
1027 4890 1191 4944 domo
1228 4899 1340 4943 tum
1388 4890 1534 4959 loqui
1566 4891 1847 4953 vellemus,
1873 4907 1997 4948 cum

434 4988 552 5054 ipse
613 4985 779 5037 nollet
806 4984 1035 5049 audire;
1079 4982 1244 5053 900
1276 4982 1667 5054 quasi‘nenipe
1700 4987 1785 5039 sui
1828 4986 2000 5055 ipsius

432 5091 485 5132 et
546 5072 913 5145 priestitor‘um
966 5075 1406 5144 juramentorum
1460 5075 1594 5130 foret
1650 5078 1870 5142 oblitus,
1897 5091 1999 5133 nec

437 5169 719 5221 hominum
738 5166 829 5234 qui
856 5166 986 5219 illuc
1012 5164 1161 5219 inulti
1185 5173 1570 5231 convenerant,
1588 5169 1997 5236 conscientiam,

439 5272 541 5312 nec
575 5257 733 5310 tacita
752 5254 952 5325 judicia
971 5265 1310 5309 revereretur
1336 5255 1574 5323 illorum,
1597 5274 1780 5312 coram
1798 5260 2001 5329 quibus

440 5350 492 5403 in
523 5348 809 5401 manifesto
825 5347 1027 5401 scelere
1046 5347 1417 5415 deprehensus
1436 5351 1701 5406 mendacii
1718 5362 1775 5407 et
1798 5353 2000 5423 iniqui-

437 5441 563 5494 tatis
589 5450 925 5509 argueretur.
947 5439 1079 5493 Nam
1108 5442 1194 5494 ille
1215 5442 1264 5494 id
1284 5442 1430 5510 quod
1453 5450 1591 5507 erat,
1613 5444 1834 5498 minime
1859 5457 1998 5512 erat;

436 5544 493 5587 et
525 5533 666 5602 quod
694 5547 801 5586 non
840 5542 981 5596 erat,
1014 5533 1066 5586 id
1097 5536 1272 5602 ipsum
1310 5548 1494 5588 revera
1526 5546 1661 5598 erat,
1697 5552 1795 5605 pro
1825 5538 1999 5607 impe-

437 5634 616 5678 ratore
649 5640 830 5679 inerus
857 5636 1138 5695 tyrannus,
1174 5639 1270 5694 pro
1297 5625 1482 5694 judice
1502 5634 1782 5680 accusator
1814 5636 1999 5682 noster

434 5728 489 5769 et
523 5716 905 5772 inexcusabilis
941 5731 1275 5787 perseeutor.
1305 5718 1454 5772 Adeo
1492 5718 1675 5771 infelix
1714 5719 1825 5785 ille,
1856 5720 1997 5773 divi-

434 5825 502 5862 na
541 5824 641 5878 ope
684 5810 996 5879 destitutus,
1029 5813 1095 5866 de
1128 5827 1227 5866 suo
1276 5820 1417 5867 statu
1445 5811 1581 5865 decli
1638 5795 1759 5880 χιιι,
1785 5823 1840 5866 et
1870 5830 1991 5882 spc~

2103 4631 2288 4679 στατο,
2317 4614 2513 4685 μηκέτι
2543 4615 2806 4679 καθεκτὸς
2839 4612 2976 4686 εἶναι
3011 4616 3329 4687 δυνάμενος,
3366 4620 3500 4674 ἀλλά
3526 4620 3648 4690 βοῶν

2102 4705 2196 4758 καὶ
2221 4704 2481 4769 ἀπειλῶν,
2505 4707 2553 4757 εἰ
2589 4705 2663 4775 μὴ
2699 4704 2981 4775 σιγῴημεν
3002 4719 3016 4733 ⁸
3054 4705 3190 4776 μηδέ
3239 4708 3351 4777 γὰρ
3380 4707 3646 4777 ἀνέχεσθαι

2101 4799 2212 4852 τῶν
2243 4797 2407 4851 οίκων
2435 4798 2582 4861 ἐντὸς
2604 4798 2712 4851 τῶν
2737 4798 2925 4859 αὑτοῦ,
2961 4799 3141 4867 λέγειν
3180 4799 3284 4869 μέν
3331 4799 3645 4870 βουλομένων

2102 4888 2282 4960 ἡμῶν,
2306 4888 2469 4940 αὑτοῦ
2502 4888 2548 4939 δ’
2583 4889 2804 4941 ἀκούειν
2831 4891 3034 4959 ἥκιστα
3059 4889 3351 4959 δεχομένου
3374 4908 3388 4922 ο
3417 4891 3644 4958 καθάπερ

2101 4979 2262 5042 αὐτὸς
2296 4980 2658 5048 ἐκλαθόμενος
2690 4980 2883 5033 ἐαυτοῦ
2903 4980 2996 5033 καὶ
3037 4982 3147 5033 τῶν
3190 4981 3370 5051 ὅρκων
3424 4984 3641 5044 ἐκείνων,

2102 5072 2198 5126 καὶ
2231 5072 2365 5142 μήτε
2398 5072 2490 5124 τοῦ
2518 5072 2764 5136 ξυνόντος
2792 5072 3110 5144 πλήθουςτὸ
3143 5076 3381 5137 συνειδὸς
3408 5076 3535 5144 μήτε
3560 5074 3643 5134 τὰς

2103 5165 2202 5235 τῆς
2223 5166 2447 5235 γνώμης
2471 5166 2680 5234 κρίσεις
2703 5166 2840 5227 ὅλως
2859 5166 3125 5227 αἰδεσθεὶς
3169 5168 3416 5232 ἐκείνων,
3458 5165 3537 5233 ἐφ’
3571 5156 3639 5218 οἷς

2103 5258 2357 5327 ἡλίσκετο
2388 5260 2531 5327 μάλα
2551 5259 2638 5312 ἐπ’
2662 5260 2967 5329 αὐτοφώρῳ
2990 5259 3225 5330 ψευδόμε
3237 5263 3320 5325 νός
3352 5278 3409 5313 τε
3437 5262 3524 5313 καὶ
3542 5259 3639 5313 ἀδιο

2109 5347 2237 5402 κῶν.
2261 5349 2326 5402 Ὃ
2362 5350 2461 5417 μὲν
2489 5349 2596 5420 γὰρ
2616 5344 2705 5419 ἦν,
2730 5351 2830 5402 οὐκ
2854 5346 2941 5420 ἦν’
2975 5351 3005 5403 ὃ
3030 5351 3174 5405 δὀὐκ
3208 5346 3399 5423 ἦν,ἦν·
3433 5352 3542 5405 ἀντὶ
3558 5352 3639 5420 μὲν

2106 5444 2660 5514 βασιλέως,τύραννος
2691 5446 3017 5516 ἀκραιφνής
3039 5447 3158 5499 ἀντὶ
3187 5448 3243 5500 δὲ
3268 5447 3529 5501 δικαστοῦ.
3550 5462 3636 5496 κα-

2104 5539 2330 5608 τήγορος
2360 5539 2454 5590 καὶ
2476 5537 2706 5608 διώκτης
2729 5540 2886 5608 ἡμῶν
2908 5539 3339 5608 ἀπροφάσιστος.
3368 5539 3539 5600 Οὕτως
3556 5539 3631 5602 ἐγ·

2106 5630 2483 5698 καταλειφθεὶς
2526 5632 2628 5683 απὸ
2657 5631 2755 5701 τῆς
2784 5631 2878 5686 τοῦ
2907 5633 3044 5686 Θεοῦ
3064 5614 3245 5698 δξξιᾶς
3266 5637 3297 5687 ό
3325 5635 3629 5698 ταλαίπωρης

2103 5721 2381 5791 ἐξέστητε
2444 5723 2641 5775 ἑαυτοῦ
2701 5727 2794 5778 καὶ
2866 5729 2976 5788 τοῖς
3007 5726 3205 5797 ὁρῶσιν
3252 5725 3466 5793 ἄθυρμα
3511 5722 3627 5788 λαμ-

2104 5816 2240 5883 πρὸν
2297 5816 2505 5883 ἐγίνετο
2557 5819 2689 5887 πρός
2748 5836 2807 5871 τε
2852 5821 2946 5874 τοῦ
3012 5820 3212 5887 τρόπου
3263 5822 3394 5884 πρός
3450 5834 3500 5871 τε
3542 5813 3629 5866 τῶν

3868 4912 3869 4979 l

3867 5218 3869 5309 Ν

3868 5314 3869 5361 ι

3868 5414 3869 5495 l
