3920 6574
216 396 337 484 “es
547 408 621 481 [ι.
657 422 711 463 c.
752 402 922 476 issi]

1138 396 1588 468 BYZANTINIE
1628 404 1741 466 Ηιε

1846 402 2019 465 )RI/E
2056 404 2204 466 LIB.
2243 403 2468 465 XVIII.
2540 395 2676 469 [tum
2715 414 2761 453 ιο
2798 410 3093 453 omnem.
3136 394 3192 467 5]
3269 398 3407 465 1166

212 527 511 599 ἐμπέπτωκε
539 519 727 589 τύχαις
747 519 843 571 xal
868 516 1086 587 πείραις
1107 531 1123 548 ο
1142 507 1203 569 οὗ
1249 514 1308 568 δὲ
1362 513 1496 576 Θεὸς
1535 512 1599 565 τὸ
1630 529 1741 565 κιν-

1850 529 1942 577 ne,
1993 522 2248 584 tanquam
2309 513 2365 567 in
2411 512 2572 578 retia,
2610 513 2664 567 in
2716 511 2934 568 illorum
3000 512 3171 567 risum
3226 523 3413 569 nostra

210 620 560 685 δυνευόμενον,
589 614 637 665 εἰ
668 606 1107 677 ἐγκαλύπτεσθαί
1133 623 1220 669 τις
1278 604 1567 659 όπώσποτε
1615 603 1740 673 βού-

209 714 354 776 λοιτο,
408 708 618 761 πάντων
670 701 827 772 οἶμαι
878 703 1000 764 ταῖς
1053 699 1323 768 γλώτταις
1362 697 1739 768 ὴκονημέναις

209 803 261 869 ἐξ
287 799 577 869 αὐτομάτου
605 797 738 866 πρὸς
763 795 863 857 τὰς
880 793 1046 847 αὑτοῦ
1070 791 1336 861 λοιδορίας
1359 788 1731 859 ἐντυγχάνειν·

209 897 295 950 καὶ
319 894 345 947 ὁ
373 891 538 944 πάντα
565 886 733 942 τᾶλλα
756 885 1188 948 ἐπιεικέστατος,
1231 884 1280 936 εἰ
1321 881 1397 952 μὴ
1448 881 1607 944 λάλος
1656 881 1743 932 ἐν-

207 986 360 1042 ταῦθα
391 982 624 1054 βούλοιτο
654 977 942 1047 γίγνεσθαι
965 976 1061 1030 καὶ
1106 973 1381 1043 γλώτταις
1427 973 1581 1036 ὅλαις
1615 972 1744 1027 τάν-

206 1080 283 1149 δρὶ
298 1094 349 1129 νε
357 1075 540 1145 μεσᾷν,
558 1069 693 1125 ἀλλὰ
721 1068 956 1138 φείδοιτο
972 1065 1241 1135 λοιδορίας
1254 1061 1591 1134 ἡστινοσοῦν,
1611 1060 1744 1116 θαυ-

210 1168 410 1241 μάζοιμ⁹
440 1164 505 1218 ἃν
531 1161 712 1226 αὐτὸς,
731 1162 779 1213 εἰ
809 1159 884 1230 μὴ
913 1160 970 1222 ἐς
1005 1156 1278 1220 ἀϐύσσους
1330 1153 1598 1223 αἰσχύνης
1650 1151 1747 1205 καὶ

206 1259 454 1330 πυθμένας
468 1256 664 1323 γίνοιτο
682 1250 1029 1322 ὑποϐρύχιος,
1048 1251 1195 1312 ὅστις
1215 1247 1343 1302 ποτέ
1357 1247 1424 1300 ἂν
1443 1241 1497 1317 ᾗ,
1514 1243 1599 1317 [Ρ.
1617 1241 1744 1314 569]

206 1350 414 1424 χαλεπὸν
428 1349 513 1403 ἀεὶ
535 1348 836 1416 γειτόνημα
860 1343 950 1396 τὸν
973 1340 1066 1396 τοῦ
1085 1341 1383 1401 συνειδότος
1405 1337 1747 1407 κτησάμενος

205 1444 433 1498 πέλεκυν.
465 1438 729 1493 Τοσούτου
757 1435 939 1489 τοίνυν
972 1433 1247 1502 Ὀλύμπου
1279 1429 1744 1484 δεινῶν’ἐπισειο-

206 1540 360 1607 μένων
408 1535 557 1604 ἡμῖν,
599 1533 650 1586 εἰ
689 1526 983 1599 ψεύδεσθαι
1036 1526 1449 1597 βουληθείημεν,
1512 1518 1747 1574 ἐνταῦθα

1846 614 2042 674 sponte
2092 605 2522 678 incurreremus.
2553 604 2787 667 Deinde_
2814 612 2871 659 et
2898 595 2978 659 ‘in
3006 603 3130 660 aliis
3159 605 3416 661 omnibus

1845 697 2036 762 rebus,
2062 695 2108 750 si
2139 695 2267 766 quis
2295 696 2472 750 amori
2504 694 2793 765 indulgens
2833 693 3128 765 aliquando
3157 703 3214 750 et
3246 680 3421 750 certis.

1844 787 2066 843 casibus
2093 786 2317 843 mentiri
2353 786 2623 852 videatur,
2661 794 2841 842 tamen
2875 787 2927 841 ei
2983 787 3223 857 (Opinor)
3257 787 3414 843 facile

1845 875 2139 945 ignoverit,
2163 874 2503 946 quisquis'in
2533 874 2740 935 similes
2766 887 2928 929 casus
2978 873 3232 929 inciderit
3252 882 3416 943 atque

1843 966 2245 1038 ejusdemmodi
2300 966 2740 1037 experimentum
2795 963 3009 1020 fecerit.
3057 964 3128 1019 At
3171 963 3265 1019 ubi
3303 981 3412 1027 res,

1845 1075 1968 1131 qua:
1999 1059 2054 1114 in
2114 1058 2361 1129 periculo
2416 1065 2692 1119 versatur,
2723 1055 2891 1109 Deus'
2927 1054 3046 1125 ipse
3089 1064 3194 1120 est,
3224 1054 3335 1110 illic
3367 1054 3414 1109 si
3500 1114 3505 1118 ,

1845 1152 1970 1221 quis
2032 1149 2424 1220 integumentis
2476 1150 2899 1219 quibuscunque
2955 1147 3034 1202 uti
3097 1146 3248 1213 velit,
3288 1163 3412 1201 eum

1845 1254 1980 1316 puto
2015 1244 2262 1299 omnium
2300 1242 2516 1313 linguas
2551 1242 2619 1297 ad
2659 1240 3080 1297 conviciandum
3115 1249 3333 1310 paratas
3360 1253 3416 1292 et

1845 1342 2038 1404 suapte
2069 1335 2225 1403 quasi
2278 1343 2525 1388 exsertas
2577 1330 2951 1396 otIensurum;
3015 1335 3175 1398 atque
3209 1329 3313 1382 et‘si
3360 1327 3435 1385 in-

1846 1426 2061 1483 caeteris
2089 1425 2347 1480 omnibus
2372 1424 2538 1478 rebus
2569 1422 2768 1491 aliquis
2820 1419 3289 1475 moderatissimus
3320 1420 3423 1482 sit,

1848 1527 2032 1573 tamen
2058 1516 2166 1571 nisi
2211 1516 2478 1571 adversus
2516 1515 2680 1570 istum
2707 1512 2961 1585 garrulus
2994 1512 3107 1576 fiat,
3142 1509 3248 1564 nisi
3285 1508 3417 1563 totis

207 1600 333 1700 μάλα
379 1600 576 1691 μάλλον
626 1622 867 1691 ἀνάγκη,
915 1617 1087 1673 τᾶλλα
1141 1615 1610 1685 παρατρέχοντας,
1652 1610 1741 1664 καὶ

1846 1609 2047 1678 lingua:
2073 1606 2240 1680 904
2273 1608 2481 1663 viribus
2509 1607 2787 1661 hominem
2817 1604 2991 1658 iratus
3020 1603 3339 1665 insectatur,
3368 1600 3415 1655 si

206 1692 326 1792 πρὸς
361 1718 489 1772 Θεὺν
547 1716 709 1786 μόνον
757 1711 1024 1783 ὁρῶντας,
1067 1708 1250 1762 λαλεῖν
1308 1707 1409 1776 τὴν
1460 1704 1741 1775 ἀλήθειαν.

1848 1703 1946 1759 ulli
1976 1699 2346 1773 objurgationi
2388 1706 2597 1769 parcat,
2637 1698 2808 1752 mirer
2844 1694 3097 1764 equidem
3138 1693 3275 1763 ipse,
3306 1692 3414 1747 nisi

205 1781 394 1866 ’Ίξπειτ⁹
424 1781 874 1878 οὐδὲτπαράδοξον
899 1803 1098 1865 ἄλλως,
1128 1802 1189 1852 ἐν
1224 1801 1337 1862 τοῖς
1364 1795 1542 1854 ἄλλοτ’
1571 1795 1741 1856 ἄλλως

1849 1795 1917 1859 is,
1943 1792 2193 1864 quisquis
2240 1791 2428 1856 fuerit,
2476 1804 2598 1845 sese
2647 1789 2701 1842 in
2729 1788 2864 1842 imas
2908 1785 3146 1840 latebras
3175 1792 3230 1838 et
3257 1781 3415 1853 peni-

203 1909 364 1977 ρέουσι
389 1903 480 1955 καὶ
512 1867 835 1970 φερομένοις
859 1894 1171 1962 πράγμασι,
1203 1892 1301 1945 καὶ
1320 1889 1574 1959 ἀόριστον
1607 1885 1741 1940 ἁνύ-

1847 1884 2089 1939 tissimos
2137 1896 2388 1938 recessus
2423 1895 2534 1952 prae
2584 1881 2794 1949 pudore
2830 1876 3119 1932 abditurus
3155 1875 3248 1940 sit,
3279 1872 3415 1928 vici-

199 2011 306 2049 ουσι
337 1991 520 2054 πλοῦν,
545 1990 638 2043 τὸν
667 1988 828 2043 αὐτδν
855 1986 950 2040 νῦν
989 1984 1090 2055 μὲν
1110 1985 1169 2034 τὸ
1195 1980 1452 2062 ἐπιτυχές
1500 1974 1741 2048 καρποῦε

1846 1988 1977 2027 num
2029 1987 2248 2041 semper
2312 1971 2685 2041 importunmn
2742 1968 3074 2035 habiturus,
3127 1966 3412 2029 stimulum

200 2088 326 2148 σθαι,
348 2084 436 2136 νῦν
451 2083 493 2136 δ’
522 2083 580 2134 ἐν
605 2080 683 2151 τῷ
730 2078 920 2149 κλήρῳ
961 2075 1072 2129 τῶν
1123 2057 1508 2140 ναυαγούντων
1534 2070 1741 2138 ἀπροσ-

1847 2064 2026 2134 ipsuin
2079 2063 2456 2136 conscientiae.
2514 2063 2651 2118 Cum
2686 2061 2856 2133 igitur
2885 2060 3066 2126 nobis,
3090 2059 3134 2113 si
3182 2057 3415 2113 mentia-

198 2180 414 2247 δοκὴτως
462 2173 791 2245 ῥιπτεῖσθαι.
820 2169 1023 2222 Τούτου
1069 2165 1116 2219 δ’
1140 2163 1315 2227 οὕτως
1362 2162 1606 2233 ἔχοντος,
1646 2160 1741 2212 οὐκ

1846 2172 1994 2222 mur,
2039 2166 2185 2211 tanta
2242 2155 2499 2227 supplicii
2550 2150 2726 2210 moles
2775 2154 3108 2224 impendeat,
3138 2167 3205 2208 eo
3243 2154 3413 2223 magis

197 2269 255 2322 ἂν
280 2242 492 2326 δικαίως
514 2261 696 2315 αἰτίαν
719 2257 1042 2329 φεροίμεθα,
1095 2256 1146 2307 εί
1194 2254 1296 2323 τῆς
1349 2249 1606 2320 ἀληθείας
1641 2248 1739 2302 καὶ

1846 2248 1947 2303 hac
1975 2247 2029 2303 in
2065 2256 2219 2318 parte
2246 2260 2469 2301 necesse
2494 2255 2581 2301 est
2619 2254 2814 2299 caetera
2841 2243 3131 2315 negligere,
3157 2251 3320 2312 atque
3354 2242 3411 2295 in

195 2357 339 2426 ἡμεῖς
360 2354 416 2405 ἐν
444 2352 572 2423 τῇδε
598 2351 665 2421 τῇ
718 2348 884 2420 βίδλῳ
939 2345 1041 2417 τὴν
1101 2343 1383 2414 βελτίστην
1423 2340 1739 2409 εἰσάγοντες

1847 2350 2020 2404 Deum
2053 2342 2232 2403 solum
2284 2345 2564 2400 intuentes
2593 2359 2721 2399 vera
2771 2343 2979 2398 dicere.
3007 2342 3088 2398 Ad
3125 2342 3239 2397 hazc
3272 2342 3409 2396 nihil

195 2447 430 2516 πρόνοιαν
454 2446 582 2508 τοὺς
615 2441 810 2504 αὐτοὺς
837 2439 935 2493 νῦν
960 2439 1059 2509 μὲν
1078 2438 1188 2499 τοῖς
1226 2436 1466 2496 ἐπαίνοις
1516 2433 1740 2500 ἐξαίρο-

1846 2433 2050 2503 alioqui
2084 2432 2309 2497 mirum,
2340 2447 2465 2487 cum
2496 2446 2584 2487 res
2609 2431 2861 2487 humana:
2887 2432 3021 2486 alias
3046 2432 3205 2486 aliter
3242 2434 3414 2486 (luant

197 2556 304 2610 μεν,
337 2539 442 2609 ὅπη
476 2538 553 2607 μὴ
613 2534 742 2597 τοὺς
792 2531 1103 2601 ἀκούοντας,
1145 2526 1476 2600 βλάπτεσθαι
1533 2523 1741 2594 περιγί-

1846 2532 1903 2578 et
1936 2530 2142 2577 temere
2176 2521 2484 2583 volvantur,
2534 2536 2637 2577 nec
2686 2521 3083 2578 determinatus
3123 2521 3194 2577 sit
3220 2536 3411 2577 earum

194 2647 322 2683 νοιτο
338 2647 350 2661 ·
372 2629 462 2683 νῦν
488 2629 546 2683 δέ
573 2624 986 2682 τάναντιώτατα
1011 2621 1248 2693 δρῶντες
1286 2616 1632 2690 φαινοίμεθα.

1848 2628 2061 2680 cursus,
2108 2613 2365 2670 eumdem
2416 2614 2694 2670 hominem
2735 2631 2883 2670 nunc
2910 2613 3052 2669 felici
3075 2615 3225 2668 exitu
3257 2613 3415 2668 labo-

192 2738 297 2776 rum
331 2721 567 2776 fructum
634 2719 944 2790 percipere,
1019 2729 1166 2770 nunc
1234 2713 1507 2782 insperata
1542 2706 1933 2777 naufragorum
2001 2706 2218 2762 fortuna
2248 2704 2569 2761 conflictari.
2599 2705 2755 2773 Quod
2783 2720 2906 2761 cum
2939 2706 3013 2761 ita
3057 2707 3150 2771 sit,
3174 2722 3275 2761 nec
3309 2703 3414 2774 ipsi

193 2815 392 2888 quidem
429 2816 551 2885 jure
606 2808 1115 2883 reprehendemur,
1169 2805 1215 2860 si
1280 2804 1337 2858 in
1398 2804 1505 2858 hoc
1553 2815 1741 2870 opere,
1779 2799 2057 2870 praecipua
2089 2799 2351 2854 'veritatis
2403 2799 2701 2856 retinenda:
2747 2814 2879 2854 cura
2946 2809 3221 2869 suscepta.
3290 2815 3414 2856 eos-

191 2915 298 2966 dem
333 2924 474 2991 nunc
506 2906 764 2962 laudibus
793 2903 1121 2966 extollimus,
1176 2898 1265 2954 ubi
1315 2900 1366 2953 id
1396 2895 1744 2953 auditoribus
1782 2894 1962 2950 fraudi
1986 2910 2110 2952 esse
2166 2910 2277 2949 non
2315 2905 2518 2965 potest,
2553 2910 2701 2952 nunc
2763 2895 3091 2952 contrariam
3127 2897 3286 2967 plane
3325 2910 3414 2950 ra-

194 3015 375 3064 tionem
399 3004 555 3076 sequi
590 3001 864 3057 videmur.
1150 3034 1158 3047 .

252 3102 319 3158 E'.
363 3070 612 3154 'Ert'xal
651 3098 808 3153 τοῦτο
850 3098 963 3161 τοῖς
1007 3091 1320 3163 εἰρημένοις
1363 3089 1722 3160 προσκεῖσθαι

1899 3088 1964 3144 ν.
1997 3083 2228 3157 Oportet
2255 3083 2421 3140 etiam
2452 3070 2583 3137 illud
2619 3082 2724 3138 hoc
2748 3081 2870 3137 loco
2897 3080 2966 3136 ad
2997 3096 3084 3146 ea,
3112 3098 3233 3151 quae
3261 3082 3410 3139 dicta

158 3192 348 3271 ⁸χρεὼν
382 3190 652 3245 ἐνταυθοῖ.
700 3185 869 3258 Οἶμαι
912 3185 1021 3257 γὰρ
1067 3184 1181 3238 τῶν
1230 3180 1486 3236 ἁπάντων
1542 3178 1732 3233 οὐδένα

189 3287 395 3347 δικαίως
434 3285 560 3355 ἐμοὶ
591 3282 863 3352 νεμεσᾷν,
913 3281 963 3334 εἰ
1012 3276 1146 3348 περὶ
1173 3273 1309 3329 Θεοῦ
1358 3277 1453 3348 καὶ
1482 3271 1591 3327 τῶν
1636 3288 1743 3324 πα-

190 3380 346 3451 τρίων
371 3379 468 3448 τῆς
499 3376 763 3446 ἀληθείας
787 3372 1074 3444 δογμάτων
1095 3368 1480 3424 κινδυευόντων
1513 3366 1622 3421 ἀπὸ
1650 3365 1744 3418 τοῦ

191 3467 295 3521 ίσου
321 3467 676 3537 διαλεγοίμην
706 3464 783 3534 τῷ
813 3461 1049 3533 βασιλεῖ,
1093 3455 1582 3535 πάνταςκαθάπαξ
1609 3456 1745 3508 ἁπο-

188 3561 542 3630 κρουσάμενος
599 3556 892 3618 κολακείας
946 3554 1160 3621 λόγους,
1208 3551 1305 3604 καὶ
1363 3549 1605 3620 μηδεμιᾷ
1653 3548 1744 3600 τὸν

186 3653 274 3721 τῆς
315 3651 553 3716 διανοίας
589 3649 835 3719 κάλαμον
886 3646 1115 3717 βάπτειν
1172 3639 1344 3711 δειλία
1389 3641 1483 3693 καὶ
1511 3637 1742 3709 συστολῇ

190 3744 477 3815 βουληθεὶς,
531 3741 659 3813 μηδ’
687 3741 905 3811 ὑφεῖναι
961 3734 1187 3808 μηδαμῆ
1238 3733 1333 3786 τοῦ
1391 3731 1544 3784 τόνου
1582 3730 1745 3801 μέχρι

189 3837 430 3907 τελευτῆς
459 3835 660 3904 αὐτῆς.
703 3830 1091 3899 Κακοδαίμονα
1113 3829 1222 3896 γὰρ
1242 3824 1354 3894 ἐγὼ
1384 3823 1477 3877 τὸν
1504 3820 1744 3876 τοιοῦτον

188 3929 357 3983 καλεῖν
401 3929 503 3983 οὐκ
533 3926 603 3981 ἄν
647 3923 766 3979 ποτ’
811 3923 1131 3992 ὀκνήσαιμι,
1160 3918 1217 3981 δς
1248 3919 1306 3969 ἐν
1353 3914 1590 3984 δευτέρῳ
1634 3913 1744 3966 τῶν

188 4020 445 4074 ἐνυπνίων
473 4019 575 4073 τοῦ
614 4015 730 4087 βίου
761 4016 830 4068 τὰ
862 4015 985 4069 θεῖα
1010 4011 1296 4080 τιθέμενος
1327 4006 1452 4060 οὔτε
1480 4011 1607 4066 τοὺς
1643 4002 1744 4080 τῆς

187 4112 330 4184 δίκης
359 4113 595 4177 αἰδεῖται
651 4108 922 4181 θρόνουςι
952 4103 1076 4158 οὔτε
1132 4103 1240 4172 μὴν
1282 4101 1410 4162 τοὺς
1470 4096 1745 4166 αἰθερίους

186 4204 310 4258 δέδιε
340 4203 474 4258 Θεοῦ
510 4201 863 4272 πρηστῆρας.
903 4196 994 4251 Ἐν
1025 4194 1135 4265 γὰρ
1162 4196 1279 4257 τοῖς
1316 4189 1445 4259 περὶ
1480 4188 1615 4243 θεοῦ
1648 4187 1745 4241 καὶ

187 4296 287 4349 τῶν
319 4296 478 4351 θείων
508 4294 802 4364 δογμάτων
856 4290 1068 4359 ἀγῶσιν
1101 4286 1265 4340 αὐτὸν
1300 4284 1461 4354 μόνον
1491 4280 1743 4351 ἡγεῖσθαι

1846 3186 1996 3240 sunt,
2020 3176 2304 3232 accedere.
2339 3174 2620 3229 Neminem
2665 3164 3071 3243 omniumputo
3089 3174 3233 3245 justa
3265 3176 3412 3230 indi-

1846 3270 2103 3340 gnatione
2143 3267 2277 3323 mihi
2334 3267 2406 3322 ob
2458 3266 2516 3321 id
2574 3281 2732 3335 posse
2787 3279 3133 3331 succensere,
3164 3265 3294 3336 quia
3343 3266 3414 3323 de

1845 3363 1958 3418 Deo
1981 3370 2037 3417 et
2067 3361 2135 3416 de
2161 3358 2353 3431 patriis
2374 3373 2518 3413 vene
2567 3357 2692 3412 lidei
2721 3357 2988 3428 dogmatis
3015 3356 3072 3411 in
3105 3357 3412 3425 periculurn

1843 3453 2096 3509 adductis
2119 3453 2197 3508 sic
2218 3466 2342 3514 eum
2367 3450 2695 3520 imperatore
2715 3447 3132 3518 disputaverim.
3154 3458 3414 3515 tanquam

1844 3543 2104 3613 aequalis;
2155 3543 2413 3612 idemque
2459 3541 2609 3596 omni
2642 3555 2869 3611 prorsus
2906 3538 3225 3594 adulatione
3254 3538 3417 3610 longe

1846 3651 1878 3691 a
1908 3636 2256 3691 sermonibus
2293 3635 2430 3689 meis
2474 3634 2734 3703 relegata,
2763 3645 3044 3701 nunquam
3089 3630 3289 3685 adduci
3320 3645 3417 3700 po-

1848 3728 2085 3793 tuerim,
2142 3737 2202 3780 ut
2248 3726 2644 3796 obsequentem
2697 3722 2916 3794 ingenio
2967 3723 3237 3780 calamum
3304 3722 3416 3777 ullo

1846 3828 2025 3882 metu,
2087 3817 2193 3871 ulla
2246 3816 2543 3872 formidine
2586 3815 2914 3877 iutbuerem,
2944 3821 3043 3868 aut
3074 3813 3143 3868 ab
3171 3811 3285 3868 acri
3324 3812 3416 3865 illa

1845 3911 2202 3966 contentione
2251 3910 2334 3964 vel
2387 3909 2674 3964 minimum
2713 3907 3070 3970 remitterem,
3105 3905 3208 3959 etsi
3268 3918 3417 3960 mors

1848 4012 1998 4058 esset
2032 4003 2149 4073 ipsa
2174 4002 2482 4057 subeunda.
2519 4000 2818 4055 Enimvero
2847 4014 2949 4067 ego
2986 3996 3258 4052 infelicem
3287 4010 3445 4059 eum,

1847 4106 2048 4148 vocare
2095 4092 2282 4146 nullus
2338 4090 2609 4156 dubitem,
2643 4088 2741 4159 qui
2791 4088 2956 4158 hujus
2978 4087 3102 4142 vita:
3131 4084 3419 4142 insomniis

1847 4184 1925 4239 ita
1955 4199 2045 4240 res
2070 4183 2283 4238 divinas
2331 4181 2680 4253 posthabeat,
2708 4188 2768 4234 ut
2797 4194 2902 4235 nec
2931 4178 3168 4234 vindicis
3190 4174 3422 4249 justitim

1843 4275 2010 4348 905
2041 4274 2280 4330 tribunal
2306 4282 2649 4334 revereatur,
2678 4284 2780 4326 nec
2799 4271 2971 4326 Deum
2999 4267 3175 4341 ipsum
3201 4268 3417 4325 aetherii

186 4387 284 4441 δεῖν
307 4389 416 4459 (35)
449 4359 700 4458 βασιλέα,
733 4383 861 4446 τοὺς
888 4380 936 4435 δ’
965 4379 1155 4443 ἄλλους
1190 4378 1383 4446 ἐπίσης
1420 4373 1741 4444 ὁμοδούλους

1847 4367 1994 4440 ignis
2048 4365 2364 4422 turbinibus
2410 4375 2681 4419 armatum
2719 4362 3061 4417 extimescat.
3091 4360 3304 4429 Quippe
3361 4359 3420 4412 in

190 4436 775 4547 ἅπαντας,Γπλουσίους
814 4472 1020 4543 ἀναμὶξ
1068 4472 1163 4525 καὶ
1197 4436 1458 4539 πένητας,
1511 4465 1741 4536 βασιλεῖς

1854 4436 1923 4516 iis
1964 4457 2382 4521 certaminibus,
2408 4471 2528 4525 quae
2576 4454 2644 4509 de
2671 4453 2781 4511 Deo
2803 4461 2861 4508 et
2889 4452 2957 4507 de
2980 4450 3180 4505 divinis
3200 4450 3434 4519 dogma--

186 4588 239 4623 τι
268 4573 361 4625 καὶ
390 4572 627 4638 ἰδιώτας,
651 4569 748 4624 καὶ
775 4569 921 4630 ὅσοις
945 4564 1038 4619 τοῦ
1065 4563 1253 4619 θιάσου
1284 4560 1378 4614 καὶ
1406 4560 1505 4629 τῆς
1528 4557 1749 4629 χορείας

1860 4559 1929 4611 tis
1957 4555 2347 4614 instituuntur,
2390 4551 2560 4605 Deum
2594 4550 2773 4619 ipsum
2798 4548 2976 4603 solum
3010 4551 3418 4615 imperatorem,

1855 4655 2084 4703 caeteros
2117 4659 2310 4699 omnes
2339 4643 2456 4713 pari
2487 4644 2608 4713 jure
2630 4654 2926 4696 conservos
2954 4638 3142 4694 haberi
3175 4645 3418 4706 Oportet,

184 4666 397 4736 ἐκείνης
432 4661 1005 4737 μετέχεινδόπὼσποτε
1043 4656 1366 4725 συμπίπτει.
1428 4708 1445 4715 κ

185 4727 385 4813 όίνίιεε
419 4727 734 4828 promiscue
774 4763 832 4808 et
881 4765 1171 4823 pauperes,
1207 4761 1365 4818 reges
1401 4754 1458 4799 et
1480 4743 1748 4814 privatos,
1781 4742 1919 4796 alios
1976 4738 2214 4808 denique
2264 4737 2511 4808 ejusdem
2564 4733 2710 4787 illius
2741 4729 2900 4786 thiasi
2959 4740 3017 4784 et
3080 4727 3441 4799 cltori.qua-.

184 4869 394 4923 cunque
426 4852 644 4907 ratione
666 4847 977 4920 participes.
1694 4881 1709 4887 -

320 4930 325 4933 ’
512 4979 543 5006 .
1588 4947 1741 5005 cm

1865 4946 2001 5001 Vlll.
2100 4960 2105 4963 '

2094 5081 2300 5118 summa
2352 5072 2426 5115 est
2454 5078 2472 5113 :
2500 5059 2870 5114 Idololatriam
2916 5065 2963 5109 et
2988 5056 3203 5109 liwreses
3229 5068 3261 5105 a
3304 5050 3423 5104 dia-

186 5082 483 5138 Convocata
516 5079 734 5152 synodo
747 5077 1152 5152 Cantacuaenus
1179 5072 1701 5152 orationemhhabet,
1749 5069 1899 5136 cujus
1941 5070 2051 5152 hac

2515 5141 2729 5182 ca-teros
2776 5128 2915 5181 idem
2962 5141 3075 5178 cum
3124 5122 3423 5175 Barlaami)

253 5137 369 5223 polo
400 5137 658 5223 intectas.
692 5148 768 5202 Eo
817 5145 1132 5223 impellente.
1166 5144 1429 5212 prodiisse
1478 5140 1855 5223 liarlaamum,
1913 5147 1961 5190 et
2010 5137 2359 5223 ACl3ldyllIUOll,
2412 5139 2460 5184 ct

252 5190 554 5277 ﬁnientes.
617 5190 994 5272 Futurumrse
1053 5190 1289 5281 deiurceps
1339 5213 1650 5265 severiorem
1696 5190 1854 5275 quani
1909 5218 2064 5281 antea
2092 5190 2289 5281 fuerit.“
2321 5190 2669 5281 [inperatoris
2717 5212 2906 5251 munus
2963 5205 3011 5276 et
3054 5204 3252 5281 partes.
3291 5190 3424 5270 _()ua

253 5295 507 5347 sententia
539 5291 864 5344 Barlaamus
894 5286 1176 5337 damnatus
1206 5260 1296 5344 δῗι,
1328 5283 1512 5334 cadent
1537 5281 1663 5334 istos
1697 5260 1901 5347 quoque
1933 5260 2198 5330 danmhri.
2246 5260 2480 5340 Deniq'ue
2530 5284 2736 5340 a'quum
2781 5283 2836 5321 se
2880 5260 3113 5335 utrisque
3146 5260 3257 5331 fore
3272 5260 3425 5328 jure-

249 5362 483 5433 jurando
517 5360 824 5429 interposito
862 5355 1140 5425 promittit.

256 5473 344 5546 [Ρ.
380 5469 512 5544 570]
547 5468 627 5525 A'.
676 5467 947 5537 Ἑϐδόμην
980 5464 1078 5535 μὲν
1109 5458 1202 5517 οὖν
1242 5458 1342 5533 ἦγε
1379 5462 1475 5514 καὶ
1496 5459 1741 5538 εἰκοστὴι

1929 5459 1972 5513 l.
2003 5458 2207 5514 Aderat
2259 5457 2446 5526 itaque
2494 5454 2614 5509 dies
2653 5452 2779 5509 Maii
2807 5450 3105 5507 vicesimus
3137 5444 3425 5514 septimus.

189 5569 216 5621 ό
240 5536 412 5629 huic;
455 5536 586 5635 plpl,
617 5564 675 5615 ἐν
706 5554 741 5633 ᾖ
786 5536 1079 5627 συγκαλεῖν
1116 5557 1262 5627 ἡμᾶς
1306 5536 1626 5623 δεδογμένον
1665 5554 1741 5621 γέ·

1859 5566 1969 5620 quo
2020 5566 2122 5606 nos
2172 5550 2468 5619 imperator
2515 5546 2584 5602 ad
2640 5561 2760 5603 cam
2806 5561 2970 5616 quam
3006 5545 3121 5612 ipse
3161 5536 3437 5610 synodum

1526 5687 1865 5751 Variorum
1900 5695 2086 5753 uotte.

260 5822 374 5895 (35)
405 5821 644 5897 Proﬁs'l.
679 5820 890 5877 Bomn.
1504 5776 1507 5781 ί
