3974 6586
554 404 685 470 1171
867 400 944 477 [Α.
984 421 1042 462 tt.
1083 402 1374 474 6859,1110.
1419 408 1476 484 4]

1735 419 1911 481 NlCE
1922 421 2151 482 PIIORI
2189 421 2569 484 ϐΠΕῦΟΗιΕ

2818 415 2949 490 [tum
2984 432 3029 471 ι.
3064 430 3356 473 cam-.tcuz.
3396 417 3456 492 5|

3617 421 3731 492 ιυε

552 525 877 582 bernatorcs
924 526 1179 587 videmus
1223 547 1333 589 non
1384 535 1436 590 id
1495 545 1705 593 tantum
1754 550 2025 610 spectare,
2054 550 2109 595 ut

2221 542 2381 596 τοῦτο
2422 541 2516 595 καὶ
2568 540 2912 613 κυϐερνήτας
2958 542 3020 594 ού
3054 541 3193 612 πρός
3243 557 3306 609 γε
3358 541 3420 595 τὺ
3467 539 3732 612 τοξεύεινῆ

548 615 637 670 vel
663 616 980 681 jaculentur
1017 620 1099 675 vel
1134 626 1414 695 navigent,
1440 642 1617 698 neque
1645 629 1698 684 id
1731 647 1897 685 unum
1929 633 2106 697 velle;

539 704 645 784 sed
698 704 862 761 linem
914 708 1116 764 habere
1159 712 1235 773 id,
1279 715 1435 786 cujus
1479 731 1641 773 causa
1686 727 1744 773 et
1791 719 2111 785 sagittarius

540 795 775 867 jaeulari
827 808 883 853 et
941 802 1275 870 gubernatur
1328 808 1584 879 navigare
1635 810 1913 875 instituit;
1963 811 2108 881 quod

542 888 750 959 absque
778 906 846 945 eo
883 893 1061 949 inanis
1096 898 1167 949 sit
1200 899 1491 967 utriusque
1536 902 1846 973 diligentia.
1881 904 2108 957 Temere

544 981 694 1035 enim
726 982 977 1041 laborare
1008 989 1138 1056 quid
1174 990 1444 1060 prodest?
1470 994 1601 1061 quid
1628 994 1928 1066 naufragiis
1943 1007 1995 1051 et
2026 997 2111 1050 hi-

544 1073 733 1129 bernis
780 1076 1039 1134 ﬂuctibus
1088 1081 1383 1138 identidem
1436 1085 1663 1155 jactari,
1713 1088 1816 1143 nisi
1866 1089 2106 1159 aliquam

546 1165 877 1232 utilitatem,
922 1170 1144 1241 aliquod
1192 1173 1429 1238 lucrum,
1482 1176 1949 1249 nobi§,tanquam
1983 1195 2107 1235 sco-

543 1270 677 1326 pum
713 1267 770 1311 et
800 1259 983 1325 linem,
1016 1265 1703 1333 proponamus?Cteterum
1747 1271 2004 1340 quoniam
2039 1286 2110 1327 ex

544 1348 794 1419 vestigiis
817 1353 1144 1421 quibusdam
1175 1357 1442 1413 orationis
1482 1369 1588 1414 tua:
1620 1360 2103 1430 deprehendimus.

544 1441 832 1505 pm‘suntis
856 1446 1060 1513 negotii
1089 1444 1253 1501 linem
1281 1464 1406 1503 eum
1432 1463 1573 1516 esse,
1608 1452 1941 1509 utEcclesiae
1973 1469 2109 1508 nan-

545 1526 717 1599 fragia
749 1530 1203 1595 submuveantur.
1238 1538 1440 1593 idcirco
1473 1555 1574 1597 nos
1600 1554 1815 1612 oportet
1844 1545 2109 1601 orationis

547 1630 752 1676 nostrae
788 1638 1014 1694 scopum
1059 1627 1206 1684 hunc
1236 1630 1401 1705 910
1445 1634 1647 1690 habere
1686 1646 1741 1691 ct
1770 1638 2013 1693 habenas
2044 1656 2109 1693 eo

546 1712 787 1770 flectere.
821 1717 1033 1788 Quippe
1077 1735 1202 1775 cum
1251 1724 1359 1780 huc
1404 1742 1512 1781 non
1558 1739 1754 1797 sponte
1796 1741 1980 1786 nostra
2020 1749 2111 1787 ve»

543 1808 784 1875 niamus,
819 1811 917 1867 sed
949 1814 1110 1887 acciti
1139 1824 1196 1870 et
1227 1818 1451 1874 minime
1473 1823 1744 1885 volentes,
1773 1839 1998 1881 necesse
2025 1837 2110 1882 est

2220 633 2378 689 πλεῖν
2412 634 2505 688 τὸν
2533 634 2734 687 σκοπὸν
2770 632 2993 703 ἔχοντας
3026 635 3209 701 μόνον,
3257 632 3377 687 οὐδὲ
3407 629 3559 686 τοῦτο
3586 633 3739 703 βουλο·

2220 725 2413 795 μένους
2445 724 2660 785 ἁπλῶςο
2695 724 2813 779 ἀλλ’
2840 719 2902 779 οὗ
2928 724 3091 777 ἕνεκα
3127 725 3188 778 τό
3223 738 3283 777 τε
3314 725 3550 790 τοξεύειν
3573 727 3597 777 ὁ
3620 726 3741 791 τοξὸ-

2217 834 2317 885 της
2344 818 2437 870 καὶ
2465 817 2527 870 τὸ
2553 817 2708 869 πλεῖν
2730 820 2758 870 δ
2791 818 3131 888 κυϐερνήτης
3156 817 3512 887 ἐνεστήσαντο
3529 831 3544 846 ο
3574 816 3640 879 ὡς
3664 818 3743 872 ἐὰν

2221 909 2296 976 μὴ
2331 907 2490 961 τοῦτό
2521 924 2584 976 γε
2613 905 2674 983 ᾗ,
2707 907 2935 979 μάταιος
2982 910 3182 978 ἀμφοῖν
3219 909 3252 978 ἡ
3286 908 3513 979 σπουδή.
3541 906 3630 972 Τίς
3654 917 3745 980 γάρ

2216 1000 2402 1071 ὄνησις
2431 1000 2651 1071 μοχθεῖν
2681 1002 2800 1070 εἰκῆ
2825 1002 2920 1056 καὶ
2941 1000 3217 1066 ναυαγίοις
3246 1002 3342 1054 καὶ
3368 1002 3574 1070 κύμασι
3591 1018 3747 1072 χειμε-

2221 1097 2354 1168 ρίοις
2382 1096 2458 1159 ὡς
2499 1097 2570 1149 τὰ
2615 1096 2785 1150 πολλὰ
2818 1095 3284 1167 παραϐάλλεσθαι,
3322 1098 3395 1165 μή
3446 1113 3588 1159 τινος
3628 1095 3748 1163 ὡφε-

2215 1188 2364 1251 λείας
2398 1188 2493 1242 καὶ
2526 1187 2749 1258 κέρδους
2801 1190 2878 1258 τῷ
2911 1187 3099 1255 σκοπῷ
3132 1189 3228 1242 καὶ
3277 1188 3534 1257 προθέσει
3581 1188 3751 1258 προϐε-

2218 1281 2315 1350 ϐλη
2327 1281 2489 1350 μένου
2509 1297 2525 1348 ;
2549 1283 2737 1351 Ὅμως
2767 1281 3065 1352 ἐπειδήπερ
3086 1281 3148 1334 ἐκ
3178 1298 3336 1335 τινων
3371 1279 3534 1350 ἰχνῶν
3553 1280 3644 1348 τῆς
3670 1280 3750 1348 σῆς

2217 1373 2527 1446 ξυνήκαμςν
2551 1373 2914 1447 δημηγορίας,
2961 1374 3203 1428 ἐκποδὼν
3235 1376 3302 1427 τὰ
3324 1374 3420 1444 τῆς
3456 1373 3751 1444 Ἑκκλησὶας

2215 1465 2468 1533 γενέσθαι
2522 1466 2758 1533 ναυάγια
2810 1470 2902 1520 τὶν
2929 1468 3131 1519 σκοπὸν
3164 1469 3266 1535 τῆς
3313 1466 3595 1538 παρούσης
3636 1463 3754 1517 εἶναι

2217 1557 2474 1626 σπουδῆς,
2496 1558 2631 1629 πρὸς
2652 1558 2799 1611 τοῦτ’
2824 1560 3035 1628 ἀνάγκη
3068 1560 3165 1614 καὶ
3196 1559 3288 1613 τοῦ
3320 1558 3591 1629 ἡμετέρου
3615 1558 3751 1622 λόγου

2215 1650 2306 1699 τδν
2345 1648 2547 1702 σκοπὸν
2579 1651 2668 1702 καὶ
2698 1650 2799 1712 τὰς
2841 1651 2995 1720 ἡνίας
3033 1649 3257 1706 ἰθύνειν.
3297 1650 3521 1718 Ἐπειδὴ
3550 1652 3651 1719 γὰρ
3675 1650 3754 1716 οὐχ

2215 1739 2424 1809 ἥκομεν
2446 1739 2745 1805 ἐθελονταὶ,
2782 1742 2899 1795 ἀλλ’
2924 1744 3062 1813 ἤχθη
3074 1760 3174 1814 μεν
3198 1742 3259 1796 οὐ
3295 1742 3444 1812 μάλα
3483 1741 3755 1798 ἐθελονταὶ.

2216 1832 2309 1885 καὶ
2338 1833 2489 1903 ἡμᾶς
2529 1834 2742 1905 ἀνάγκη
2775 1835 2864 1888 τὸν
2893 1835 2985 1888 τοῦ
3020 1835 3181 1903 λόγου
3208 1836 3408 1908 δρόμον
3463 1834 3674 1897 ἰθύνειν,
3705 1835 3756 1885 οὗ

543 1915 673 1965 nos,
708 1916 818 1957 non
862 1919 971 1973 quo
996 1907 1255 1963 voluntas
1303 1919 1487 1966 nostra
1525 1912 1795 1983 praecipit,
1843 1915 1940 1970 sed
1993 1932 2103 1986 quo

2213 1926 2348 1995 πρδς
2387 1923 2423 1980 ἃ
2456 1924 2516 1979 τδ
2552 1924 2873 1996 βουλόμενον
2918 1928 3049 1999 ἠμῖν
3101 1907 3416 1997 ὑφηγεῖται,
3452 1926 3589 1980 ἀλλὰ
3637 1925 3754 1993 προς

540 1991 833 2048 l'ortiurum
866 2010 1032 2051 manu
1058 2008 1113 2053 et
1131 1998 1313 2071 lingua
1333 2003 1736 2074 compellimur,
1760 2016 1962 2063 nostra:
1984 2022 2109 2062 ora-

545 2083 710 2140 tionis
740 2101 961 2142 cursum
996 2087 1274 2159 dirigere:
1323 2093 1455 2149 item
1487 2096 1802 2163 ostendere,
1834 2109 2107 2168 quatenus

544 2176 1216 2267 imperatoribus‘parere
1243 2184 1331 2239 vel
1356 2192 1609 2255 oporteat
1648 2187 1736 2242 vel
1799 2201 1905 2242 non
1947 2203 2108 2258 opor-

541 2277 674 2324 teat.
690 2268 984 2326 Enimvero
1004 2273 1221 2343 sapiens
1236 2274 1327 2331 ille
1344 2276 1623 2341 Salomon,
1643 2285 1931 2349 postquam
1952 2279 2103 2345 dixit,

541 2360 644 2415 tria
673 2376 816 2426 esse,
852 2380 976 2434 quas
1007 2381 1270 2439 prospere
1306 2369 1531 2433 vadant,
1565 2378 1622 2426 et
1647 2381 1930 2442 quartum,
1958 2375 2106 2444 quod

541 2453 685 2508 bene
726 2455 982 2524 incedat;
1012 2457 1117 2513 hoc
1146 2460 1396 2515 ultimum
1428 2461 1496 2517 de
1529 2478 1656 2533 rege
1684 2464 1826 2534 apud
1854 2464 2107 2521 subditos

542 2545 912 2602 concionantc
936 2550 1351 2621 interpretatur.
1370 2553 1503 2608 Nam
1532 2563 1665 2624 quot
1685 2564 1742 2611 et
1763 2556 1967 2627 qualia,
1999 2572 2109 2627 quo

548 2646 796 2708 tempore
838 2652 896 2696 et
930 2642 1076 2715 loco,
1109 2648 1253 2714 apud
1286 2654 1421 2716 quot
1453 2656 1508 2703 et
1534 2646 1748 2718 quales,
1774 2647 1827 2702 in
1857 2664 2107 2719 quocun.

544 2744 654 2799 que
697 2734 917 2804 negotio
947 2734 1133 2792 dicere
1161 2738 1423 2802 voluerit,
1460 2755 1525 2794 ea
1558 2741 1741 2795 omnia
1787 2757 1904 2803 rex,
1936 2759 2111 2812 quan-

544 2822 643 2877 diu
691 2833 746 2878 et
791 2835 957 2895 prout
1002 2827 1248 2895 libuerit,
1299 2831 1586 2887 commode
1634 2834 2108 2905 praemeditahitur

542 2926 672 2970 ante
721 2917 898 2986 ipsum
959 2922 1279 2992 negotium;
1330 2924 1624 2995 idemque,
1682 2927 1777 2982 ubi
1825 2930 2107 2999 negotium

542 3021 785 3076 praesens
830 3011 1075 3081 urgebit,
1123 3015 1215 3069 illa
1264 3015 1381 3086 ipsa
1428 3017 1679 3075 dicturus
1733 3029 1850 3084 est,
1894 3037 2014 3092 qua:
2052 3031 2109 3076 et

541 3099 943 3168 qualiacunque
976 3104 1143 3161 fuerit
1171 3108 1601 3177 pra-meditatus,
1645 3126 1824 3182 neque
1847 3128 1915 3168 ex
1952 3115 2109 3169 audi-

542 3193 758 3249 toribus
787 3196 1080 3267 quisquam
1120 3200 1245 3263 erit,
1273 3200 1367 3271 qui
1401 3202 1574 3272 possit
1596 3204 1845 3261 inhibere
1870 3221 1885 3259 :
1914 3222 2107 3262 omnes

541 3294 725 3337 autem
751 3263 989 3354 quodam
1014 3288 1167 3358 quasi
1196 3263 1421 3347 laudum
1445 3296 1717 3350 concentu
1746 3263 2175 3365 applaudent.,C

540 3382 597 3428 ct
627 3374 812 3430 studio
840 3376 983 3431 inter
1010 3393 1068 3433 se
1104 3380 1419 3447 certabunt,
1450 3384 1576 3453 quis
1606 3399 1885 3455 quemque
1914 3387 2101 3442 adula-

542 3463 694 3518 tione
726 3472 1214 3538 praztergressurus
1237 3472 1326 3526 sit.
1358 3473 1570 3544 Quippe
1605 3475 1697 3530 ille
1733 3484 1866 3531 tunc
1899 3493 1958 3533 se
1984 3478 2104 3547 ipso

542 3559 838 3613 torrentior
863 3560 1269 3629 quodammodo
1284 3566 1511 3621 exsistet
1536 3583 1551 3624 :
1574 3577 1631 3623 et
1665 3568 1710 3623 si
1755 3570 1849 3639 qtti
1882 3560 2100 3624 tandem

544 3648 715 3703 velint
761 3652 1161 3715 contradicere,
1196 3669 1293 3710 eos
1332 3665 1392 3711 ut
1422 3656 1708 3729 imperitos
1737 3661 2105 3729 praetervehe-

543 3752 674 3805 tur;
723 3757 787 3796 ac
829 3744 1045 3797 tametsi
1100 3744 1357 3802 Socrates
1413 3748 1486 3804 sit
1536 3748 1606 3813 is,
1645 3750 1738 3819 qui
1789 3760 2104 3821 consurget,

541 3835 628 3889 vel
666 3835 837 3896 Plato,
874 3836 959 3891 vel
1010 3837 1367 3909 Pythagoras,
1410 3849 1594 3895 tamen
1644 3841 2104 3912 nihilquidquam

541 3926 805 3992 obstabit,
850 3930 1145 3997 quominus
1193 3932 1359 3985 miser
1390 3932 1636 3987 vilissimi
1684 3934 1940 4005 mancipii
1988 3934 2107 3989 loco

542 4019 834 4095 habeatur.
867 4019 1022 4087 Quod
1050 4022 1093 4075 si
1126 4023 1254 4092 quis
1297 4039 1408 4080 non
1455 4027 1609 4097 prius
1654 4041 1768 4080 rem
1822 4027 2109 4097 aggredia-

544 4119 656 4169 tur.
703 4125 865 4174 quam
925 4108 1336 4182 pnrmeditatus
1383 4115 1489 4182 sit,
1549 4115 1751 4172 frustra
1796 4128 1947 4173 certe
2001 4117 2110 4173 erit

458 4202 464 4207 ‘
539 4200 992 4271 prremeditatns;
1021 4216 1312 4275 propterea
1357 4206 1505 4277 quod
1557 4208 1821 4264 orationis
1878 4226 2106 4265 cursum

504 4290 843 4368 imperator
887 4301 995 4357 alio
1041 4302 1338 4358 retrahet:
1391 4312 1558 4375 atque
1627 4306 1719 4361 ille
1771 4322 1966 4377 parum
2014 4317 2109 4361 aut

539 4392 679 4447 nihil
723 4393 1001 4449 videbitur
1047 4394 1209 4465 911
1259 4395 1465 4452 distare
1513 4398 1583 4453 ab
1610 4413 1699 4460 eo,
1732 4404 1826 4468 qui
1877 4400 1929 4454 in
1965 4415 2107 4460 aqua

540 4486 766 4555 scribat,
813 4487 902 4543 vel
930 4487 1025 4557 qui
1075 4477 1364 4543 ventorum
1414 4489 1583 4544 ﬂabra
1642 4493 1853 4546 retibus
1904 4501 2105 4563 captet.

2208 2017 2351 2086 ἅπερ
2387 2018 2420 2087 ἡ
2452 2019 2517 2071 τὸ
2542 2019 2742 2085 κράτος
2772 2018 2967 2089 ἔχουσα
2990 2019 3112 2089 χεὶρ
3134 2019 3231 2072 καὶ
3262 2017 3480 2088 γλῶττα
3508 2016 3755 2088 βιάζεται,

2206 2110 2299 2162 καὶ
2321 2109 2585 2163 δεικνύειν
2626 2111 2790 2180 μέχρι
2836 2110 2942 2164 πού
2985 2109 3297 2179 βασιλεῦσιν
3325 2109 3577 2161 ὑπείκειν
3600 2107 3756 2178 χρεὼν

2206 2204 2303 2257 καὶ
2338 2203 2499 2275 μέχρι
2531 2203 2635 2257 ποῦ
2681 2204 2755 2275 μὴ
2798 2202 2997 2274 χρεών.
3041 2200 3104 2256 Ὀ
3158 2202 3268 2269 γάρ
3296 2219 3379 2255 τοι
3416 2203 3583 2268 σοφὲις
3620 2202 3758 2253 207.0-

2210 2293 2327 2365 μῶν
2355 2293 2482 2365 τρία
2538 2296 2717 2364 φήσας
2748 2294 3038 2364 ὑπάρχειν,
3092 2287 3175 2356 οἷς
3203 2292 3399 2353 εύόδως
3444 2292 3626 2344 ἔνεστι
3670 2309 3758 2343 πο-

2210 2384 2487 2456 ρεύεσθαι,
2519 2389 2617 2440 καὶ
2639 2387 2700 2440 τὸ
2724 2386 3011 2456 τέταρτον,
3041 2386 3070 2439 ὃ
3095 2385 3276 2446 καλῶς
3316 2383 3609 2449 διαϐαίνει,
3636 2382 3761 2435 τοῦτ’

2207 2474 2345 2533 εἶναι
2380 2479 2603 2557 βασιλέα
2661 2478 2797 2550 πρὸς
2854 2479 3133 2551 ὑπηκόους
3181 2474 3603 2549 δημηγοροῦντα
3641 2478 3760 2529 άπε-

2208 2572 2438 2639 φήνατο.
2470 2571 2611 2624 Ὅσα
2636 2574 2745 2644 γὰρ
2780 2572 2848 2625 ἂν
2892 2569 3066 2624 ὲθέλοι
3095 2570 3280 2636 λέγειν
3320 2570 3415 2623 καὶ
3445 2563 3539 2622 οἷα
3569 2568 3660 2621 καὶ
3685 2568 3760 2620 ὅτε

2206 2664 2306 2717 καὶ
2331 2665 2467 2717 ὅπου
2501 2664 2598 2718 καὶ
2629 2663 2765 2733 πρὸς
2794 2664 2943 2725 οἵους
2974 2664 3069 2717 καὶ
3112 2662 3291 2724 ὅσους,
3330 2661 3529 2731 χρείας
3558 2665 3763 2727 ἐφεστη-

2209 2757 2371 2816 κυξας
2420 2757 2762 2827 ἡστινοσοῦν,
2813 2756 3012 2820 εὑόδως
3062 2754 3261 2810 ἅπαντ’
3296 2755 3524 2819 ἐξέσται
3573 2751 3762 2823 βασιλεῖ

2212 2851 2463 2921 μελετᾷν,
2491 2851 2576 2919 ἐφ’
2606 2851 2731 2905 ὅσον
2756 2868 2817 2905 τε
2854 2852 2949 2905 καὶ
2981 2852 3130 2913 ὅπως
3156 2849 3223 2904 ἂν
3262 2847 3459 2912 ἐθέλοι,
3494 2846 3628 2918 πρὶν
3656 2847 3764 2914 ἑφεο

2210 2943 2469 3013 στηκέναι
2528 2943 2628 3012 τὴν
2672 2942 2899 3015 χρείαν·
2948 2942 3187 2995 τοσαῦτα
3235 2940 3281 2994 δ’
3326 2939 3395 2995 αὖ
3445 2942 3552 3011 τῆς
3596 2940 3764 3011 χρείας

2209 3034 2476 3103 ἐνστάσης
2514 3034 2611 3089 καὶ
2635 3033 2860 3088 τοιαῦτα
2911 3032 3137 3100 λέξειεν,
3167 3034 3268 3088 ὅσα
3312 3032 3377 3103 δὴ
3414 3033 3763 3104 μεμελέτηκε,

2209 3125 2443 3181 κωλύειν
2472 3125 2575 3196 μὲν
2603 3125 2807 3209 ἥκιστα
2835 3126 3139 3198 δυναμένου
3173 3127 3284 3181 τῶν
3312 3126 3610 3195 ἀκροατῶν
3633 3124 3766 3178 οὐδε-

2208 3218 2321 3282 νὸς,
2378 3218 2813 3291 ἐπικροτούντων
2843 3218 2901 3272 δὲ
2942 3219 3202 3273 ἁπάντων
3248 3220 3359 3282 τοῖς
3409 3218 3605 3287 ὕμνοις
3644 3214 3763 3284 ὁμοῦ

2207 3312 2305 3366 καὶ
2343 3307 2454 3366 οἷον
2486 3311 2882 3381 ἁμιλλωμένων
2910 3310 3117 3381 σπουδῇ
3150 3310 3284 3380 πρὸς
3310 3309 3607 3381 ἀλλήλους,
3634 3309 3689 3372 ὃς
3709 3309 3766 3362 ἂν

2202 3402 2531 3473 παρελάσειε
2561 3404 2680 3466 ταῖς
2705 3399 3020 3465 κολακείαις
3050 3402 3180 3464 τοὺς
3210 3398 3429 3463 ἄλλους.
3462 3397 3763 3467 Τηνικαῦτα

2204 3496 2312 3566 γὰρ
2338 3497 2433 3548 καὶ
2465 3492 2801 3563 εὑροὼτερός
2843 3510 2930 3558 τις
2978 3493 3141 3558 αὐτὸς
3194 3492 3392 3546 ἑαυτοῦ
3431 3492 3646 3560 γίνεται
3685 3489 3767 3544 καὶ

2204 3586 2331 3649 τοὺς
2378 3583 2679 3651 ἀντιλέγειν
2728 3582 3031 3648 ἐθέλοντας,
3076 3583 3129 3636 εἰ
3171 3582 3319 3644 τινές
3368 3581 3491 3635 ποτ’
3523 3582 3612 3652 ἄρ’
3649 3575 3761 3642 εἷεν,

2205 3680 2281 3741 ὡς
2324 3676 2559 3747 ἀμαθεῖς
2615 3675 2991 3745 παρατρέχει·
3055 3673 3162 3728 κᾶν
3217 3673 3522 3744 Σωκράτης
3569 3670 3626 3746 ᾖ,
3677 3670 3764 3726 κᾶν

2207 3772 2454 3835 Πλάτων,
2485 3770 2589 3826 κᾶν
2628 3770 2979 3838 Πυθαγόρας,
3036 3766 3205 3837 μηδὲν
3249 3762 3392 3820 εἶναι
3421 3766 3534 3821 τῶν
3566 3766 3764 3819 πάντων

2206 3866 2379 3926 οὐδὲν.
2408 3865 2545 3935 ὅπερ
2576 3862 2641 3917 ἂν
2674 3865 2733 3915 ὲν
2784 3864 2970 3930 Καρδς
3019 3857 3157 3914 εἶναι
3205 3860 3428 3930 κωλύσῃ
3466 3860 3634 3931 μοίρᾳ
3663 3856 3761 3924 (59)

2207 3956 2469 4027 τετάχθαι
2524 3955 2616 4009 τὸν
2671 3954 2908 4024 δυστυχῆ
2933 3968 2948 3983 ·
2985 3951 3116 4005 ὥστ’
3148 3955 3198 4007 si
3231 3953 3479 4024 μελετῴη
3536 3969 3621 4015 τις
3669 3950 3764 4003 τῶν

2206 4049 2466 4102 τοιούτων
2493 4043 2599 4115 πρὸ
2632 4045 2731 4114 τῆς
2762 4044 2981 4111 πείρας.
3035 4043 3237 4112 μάταιά
3289 4059 3349 4095 τε
3402 4044 3499 4095 καὶ
3544 4036 3763 4112 dapem!

2206 4138 2274 4192 ἂν
2305 4136 2392 4208 εῐη
2422 4131 2835 4205 μεμελετηκὼς,
2869 4130 2965 4184 τοῦ
3001 4131 3268 4201 βασιλέως
3310 4131 3454 4200 πρὸς
3495 4131 3660 4200 ἔτερα
3681 4127 3760 4182 τοῦ

2207 4229 2365 4296 λόγου
2410 4228 2503 4281 τδν
2533 4227 2731 4295 δρόμον
2765 4225 3155 4285 ἀνθέλκοντος·
3209 4225 3307 4278 καὶ¹
3357 4223 3531 4295 μικρὰ
3565 4223 3599 4292 ἦ
3627 4221 3761 4274 σύέὲν

2208 4320 2523 4375 ἀπεοικέναι
2578 4319 2720 4384 δόξει
2754 4317 2833 4387 τῷ
2864 4318 2986 4372 καθ’
3039 4317 3246 4372 ὑδάτων
3299 4316 3537 4384 γράφειν
3580 4331 3767 4385 πειρον⁴

2213 4413 2381 4483 μένῳ,
2416 4411 2449 4481 ἢ
2482 4411 2685 4478 δικτύῳ
2718 4408 2975 4481 θηρεύειν
3004 4408 3227 4476 ἀνέμων
3276 4409 3469 4471 πνοάς.
3507 4405 3643 4461 οὕτε
3671 4403 3763 4473 γάρ

2210 4509 2238 4559 ὁ
2267 4503 2364 4558 τοῦ
2390 4503 2571 4571 λέγειν
2598 4502 2810 4571 καιρὸς.
2843 4497 2918 4555 ὧν
2949 4500 3346 4570 μεμελέτηκεν,
3383 4499 3531 4568 αὐτῷ
3559 4498 3763 4568 παρέξει

538 4579 676 4633 Nam
724 4595 902 4651 neque
932 4590 1147 4652 tempus
1173 4581 1388 4636 dicendi
1431 4585 1700 4653 ejusmodi
1732 4586 1859 4648 erit,
1894 4594 1953 4639 ut
1982 4602 2104 4656 qua!

2211 4597 2270 4651 τὸ
2310 4595 2545 4664 καίριον,
2584 4591 2667 4666 [Ρ.
2700 4590 2829 4664 574]
2861 4591 2975 4646 οὗθ’
3004 4592 3040 4646 ἃ
3088 4591 3432 4662 μεμελέτηκε
3461 4590 3640 4656 λέγειν
3661 4586 3765 4639 ἐθέ-

542 4673 795 4727 illeanle
826 4674 1133 4742 providerit
1160 4684 1470 4744 opportuna
1508 4675 1689 4731 futura
1738 4678 1887 4741 sint;
1919 4694 2021 4733 nec
2060 4678 2105 4733 si

538 4765 759 4835 provisa
789 4751 972 4834 eloqui
1004 4767 1157 4832 velit,
1179 4767 1340 4837 longe
1375 4768 1555 4822 aberit
1588 4786 1616 4822 a
1651 4770 1935 4840 naufragio
1962 4790 1976 4835 ;
2010 4770 2105 4826 sed

541 4864 823 4912 iuramento
853 4859 1118 4929 temporis
1144 4860 1326 4914 omnia
1356 4862 1743 4917 adversissima
1777 4872 2108 4934 cxpertnrns

474 4978 485 4990 -
539 4960 645 5006 (εει.
677 4951 771 5005 liis
821 4950 888 5006 de
930 4953 1137 5018 causis,
1181 4964 1238 5009 et
1272 4965 1561 5025 prepterea
1609 4956 1796 5022 etiam,
1826 4957 1972 5028 quod
2003 4972 2109 5011 or-

543 5042 913 5097 thodoxorum
967 5045 1210 5115 episcopi
1248 5062 1312 5102 ex
1354 5048 1614 5102 omnibus
1662 5048 1814 5103 orbis
1860 5038 2129 5118 pai'tihus.

506 5139 652 5186 'non
695 5134 975 5199 adessent,
1015 5136 1109 5190 ubi
1154 5139 1386 5206 qtnestio
1425 5149 1571 5194 esset
1619 5140 1688 5201 de
1735 5140 2005 5210 dogmatis
2053 5141 2105 5194 in

539 5222 790 5280 Ecclesia
833 5225 930 5283 Dei
967 5220 1129 5295 plane
1161 5228 1462 5292 inusitatis,
1496 5246 1841 5299 nequaquam
1871 5244 1968 5285 nos
2000 5230 2111 5284 huc

544 5314 792 5385 prodire,
824 5316 919 5371 sed
959 5326 1127 5372 totam
1154 5320 1318 5374 vitam
1351 5321 1647 5390 tranquille
1684 5322 1833 5375 domi
1865 5321 2111 5375 sedendo

544 5407 832 5477 traducere
854 5410 1195 5465 volebamus.
1222 5411 1523 5480 Oportebat
1550 5413 1754 5484 quippe
1790 5413 1843 5466 in
1872 5413 1957 5467 his
1982 5424 2111 5468 ante

543 5501 728 5555 omnia
796 5517 1005 5557 morem
1061 5504 1328 5575 majorum
1398 5514 1561 5575 atque
1619 5505 1901 5575 privilegia
1963 5506 2109 5560 salva

2213 4685 2322 4739 λων
2372 4684 2593 4754 μακρὰν
2636 4683 2850 4753 ἑστήξει
2881 4682 2972 4736 τοῦ
2998 4683 3259 4750 ναυαγίου
3283 4698 3299 4712 ’
3335 4680 3471 4734 ἀλλὰ
3502 4681 3680 4741 πάσας
3717 4679 3766 4728 ἐν

2211 4776 2413 4845 ἀκαρεί
2428 4775 2525 4837 τὰς
2548 4773 2949 4842 κακοδαίμονας
2981 4774 3080 4824 ἀνα
3088 4774 3354 4842 μετρήσει
3373 4771 3559 4840 τύχας.
3593 4768 3687 4822 Διὰ
3703 4767 3756 4834 δὴ

2211 4866 2406 4929 ταῦτα,
2439 4866 2535 4921 καὶ
2568 4867 2706 4934 πρός
2743 4882 2807 4933 γε
2826 4864 2933 4924 ,διὰ
2962 4865 3023 4917 τὸ
3054 4866 3130 4933 μὴ
3161 4866 3288 4926 τοὺς
3319 4863 3656 4932 πανταχόθεν
3678 4860 3761 4928 τῆς

2213 4955 2542 5025 οἰκουμένης
2596 4955 2933 5016 ἐπισκόπους
2982 4953 3092 5005 τῶν
3149 4952 3448 5023 ὀρθοδόξων
3500 4951 3759 5021 παρεῖναι,

2211 5049 2310 5118 τῆς
2332 5049 2613 5118 ζητήσεως
2640 5047 2806 5117 οὔσης
2840 5047 2968 5115 περὶ
3014 5046 3303 5114 δογμάτων
3342 5042 3550 5113 οὖδαμῆ
3584 5044 3649 5112 τῇ
3678 5037 3760 5092 τοῦ

2212 5141 2351 5194 Θεοῦ
2393 5140 2690 5210 Ἐκκλησία
2718 5138 2990 5208 συνήθων,
3020 5138 3238 5208 ,ἥκιστα
3289 5138 3425 5208 πρὸς
3472 5137 3761 5207 βουλήσεως

2214 5228 2356 5286 εἶναι
2387 5234 2692 5295 συνέϐαινε,
2720 5235 2979 5300 παριέναι
3008 5232 3154 5301 ἡμᾶς
3186 5229 3470 5284 ἐνταυοοῖ’
3500 5228 3615 5280 ἀλλ’
3640 5227 3763 5278 οἴκοι

2214 5323 2559 5394 καθημένους
2615 5328 2794 5395 ἡσυχῆ
2831 5327 2923 5377 τὸν
2972 5324 3193 5376 ἅπαντα
3243 5320 3574 5380 διαϐιϐάζειν
3622 5316 3758 5387 βῖον’

2213 5414 2390 5485 χρεὼν
2419 5415 2527 5485 γὰρ
2557 5410 2722 5475 εἶναι.
2757 5415 2862 5483 πρό
2908 5431 2971 5482 γε
3017 5413 3127 5466 τῶν
3172 5413 3347 5468 ἄλλων
3395 5411 3658 5469 ἁπάντων,
3706 5407 3759 5456 ἐν

2214 5506 2421 5569 τούτοις
2449 5510 2519 5559 t‘z
2549 5507 2752 5578 πάτρια
2781 5508 2877 5579 ἔθη
2914 5509 3008 5563 καὶ
3041 5506 3315 5578 προνόμια
3340 5507 3450 5559 σῶα
3469 5506 3557 5558 καὶ
3577 5500 3755 5565 ἀκλινῆ

1876 5640 2217 5702 Variorum
2250 5650 2433 5703 ηοιω.

615 5793 728 5861 (59)
772 5794 848 5846 De
900 5789 1217 5845 hominibus
1255 5793 1741 5858 eontcutptissimis
1785 5793 1893 5846 dici
1944 5794 2101 5847 solet.

544 5860 631 5924 lta'
656 5864 898 5920 Achilles
940 5862 1008 5915 de
1037 5860 1441 5931 Agamemnone
1469 5863 1611 5931 apud
1648 5863 1965 5927 llomerttm,

2229 5791 2445 5862 Ἐχθρὰ
2479 5792 2545 5846 δέ
2573 5814 2677 5866 μοι
2704 5798 2812 5852 τοῦ
2848 5797 3037 5864 δῶρα·
3094 5800 3194 5852 τίω
3234 5797 3301 5850 δέ
3321 5814 3426 5865 μιν
3468 5796 3532 5848 ἐν
3576 5800 3751 5863 Καρὸς

3275 5866 3462 5939 [αἴσῃ.
3491 5866 3689 5922 Boius.
