3974 6580
286 334 420 400 1185
659 330 734 403 [Α.
765 330 1004 402 (2.1551]

1248 334 1692 398 ΒΥΖΛΝἸῚΝλΈ
1732 334 2121 399 ΙΙΙΒἸὊΒΗΞ
2162 334 2311 396 LIB.
2345 334 2504 396 XIX.

2630 328 2766 402 [ιιιιδ.
2796 345 2817 383 ι
2880 344 3174 387 οικτιεετ.
3211 331 3267 405 ὃ]

3384 333 3517 404 1188

284 444 567 516 Ιιαρλαὰμ,
592 445 717 498 ὅσον
776 447 858 499 σοί
887 462 950 513 γε
1001 444 1206 518 χρεών·
1246 446 1304 511 ὃς
1346 447 1552 517 ἔπηλυν
1580 448 1709 503 ὄντα
1762 467 1839 501 το-

1959 448 2117 501 sitatc
2146 449 2442 502 adstrictos
2470 463 2569 503 nos
2595 458 2880 518 putamus;
2912 450 3079 520 idque
3125 453 3331 509 arctius
3355 471 3518 523 quam

283 537 486 603 σαύτην
513 537 592 599 είς
616 537 777 590 αὑτὸν
805 537 1057 602 ἐνεδείξω
1077 538 1278 603 ξενίαν,
1311 541 1406 592 καὶ
1423 538 1565 592 οὕτω
1589 528 1839 608 λδμπρὰι

1954 537 2105 591 ἱΙΙιιιιι
2176 538 2351 604 ipsum
2405 537 2716 595 Tantalum.
2756 554 2918 607 quem
2974 539 3027 591 in
3088 540 3266 593 media
3322 542 3519 610 palude

279 629 375 696 τὴν
403 626 685 693 δαψίλειαν
709 625 858 697 αὐτῷ
891 629 1035 680 κατά
1064 624 1222 683 πάντ⁸
1251 630 1513 699 ἐχαρίσω,
1550 630 1624 691 ὡς
1656 630 1846 697 ἐτέρου

281 721 356 787 μὴ
378 718 590 771 δεῖσθαί
617 736 675 770 σε
708 720 984 788 μάρτυρος
1013 721 1047 790 ἢ
1077 720 1298 774 σαυτοῦ.
1325 720 1479 774 Ὤατ⁹
1503 721 1601 774 οὐκ
1632 720 1755 791 ἐμοί
1788 737 1865 772 σε.

277 809 456 879 χρεὼν
482 808 737 877 ἐγκαλεῖν
767 808 836 861 δι’
864 812 1071 863 ἐκεῖνον
1098 810 1195 864 καὶ
1235 810 1335 882 τὴν
1364 810 1575 864 ἐκείνου
1611 812 1848 880 συνεχῶς

277 899 579 969 προφέρειν
611 899 789 952 αἰτίαν
818 897 1018 970 μᾶλλον
1050 900 1083 972 ἢ
1112 900 1314 971 σαυτῷ.
1350 903 1425 955 Οὐ
1452 901 1559 971 γὰρ
1587 901 1751 969 ἔγωγ’
1780 901 1848 953 ἂν

275 989 441 1052 αὐτὸς
464 990 494 1041 ὁ
525 991 643 1053 ταῖς
676 987 971 1060 ὑπεροχαῖς
1002 992 1117 1062 εἰμι
1143 993 1251 1045 τῶν
1276 993 1449 1063 τιμῶν
1472 992 1584 1063 (46)
1618 995 1697 1056 εἰς
1721 993 1850 1060 ἀγέ-

270 1098 454 1151 ρωχον
482 1081 688 1134 ἐκεῖνον
721 1081 940 1154 ἐγείρας
971 1082 1143 1154 ὀφρὺν
1176 1086 1270 1138 καὶ⁸
1329 1084 1604 1155 μετέωρον
1650 1087 1849 1156 φρόνη-

279 1188 399 1242 μα⁶
436 1174 548 1227 οὐδ’
593 1173 756 1243 ἔγωγ’
808 1176 969 1239 αὐτὸς
1018 1178 1046 1229 ὁ
1078 1177 1543 1249 μεγαλορρήμονά
1587 1188 1668 1231 σοι
1702 1176 1847 1231 διδά-

277 1260 501 1330 σκαλον,
528 1266 626 1320 καὶ
644 1267 730 1319 διὰ
759 1266 855 1321 σοῦ
881 1269 992 1329 τοῖς
1013 1266 1191 1330 ἄλλοις
1215 1267 1377 1320 αὑτὸν
1414 1267 1507 1321 τοῦ
1549 1267 1695 1321 θείου
1723 1270 1847 1320 Διο-

274 1358 464 1410 νυσίου
524 1360 930 1429 χειροτονήσας,
966 1360 1061 1412 καὶ
1088 1359 1205 1429 ἃμα
1249 1360 1568 1431 διαπρύσιον
1599 1358 1686 1431 ιΡ.
1716 1359 1845 1432 581]

274 1449 523 1518 ἑρμηνέα
559 1451 669 1504 τῶν
701 1451 983 1521 μυστικῶν
1014 1445 1122 1519 ’τῆς
1160 1452 1483 1521 Ἐκκλησίας
1536 1452 1843 1523 δογμάτων,

272 1543 372 1593 καὶ
397 1542 497 1595 ὅσα
522 1544 619 1613 τῆς
653 1542 776 1595 καθ’
808 1543 955 1613 ἡμᾶς
995 1542 1272 1613 θεολογίας
1304 1545 1411 1597 eiei.
1452 1549 1724 1612 μυστήρια
1752 1548 1847 1597 καὶ

270 1634 342 1686 δι’
384 1634 527 1687 αὐτά
550 1650 613 1702 γε
640 1626 813 1687 ταῦτα
838 1636 934 1688 καὶ
959 1634 1031 1688 τι
1071 1635 1316 1701 τοιαῦτα,
1358 1635 1456 1706 τὴν
1488 1637 1718 1705 πάτριον
1741 1638 1846 1707 γῆν

265 1725 332 1776 ἐν
388 1720 628 1795 δευτέρῳ
665 1723 840 1778 θεῖναι
893 1725 989 1796 τῆς
1037 1725 1346 1794 ἀλλοδαπῆς
1398 1728 1633 1795 ταυτησὶ
1682 1726 1845 1779 αὑτὸν

1951 640 2097 683 stare
2136 643 2191 683 et
2237 628 2569 698 sempiterna
2622 629 2711 685 siti
2768 630 2962 684 ardere
3018 641 3243 685 narrant
3299 632 3518 695 fabula'.

1952 716 2149 774 timere
2181 731 2366 774 autem
2397 734 2614 789 semper
2650 721 2764 773 saxi
2796 720 2945 787 illius
2988 720 3204 789 pondus
3240 720 3521 790 iniquissi-

1951 828 2123 872 ιιιιιιιι,
2152 825 2254 865 nec
2277 825 2401 865 cum
2436 826 2495 865 se
2527 809 2749 864 inclinat
2783 825 2944 880 posse
2980 810 3189 865 bibere.
3226 810 3294 866 At
3342 820 3396 865 tu
3438 814 3519 865 sic

1950 884 2173 969 agendo
2200 912 2307 953 nou
2351 899 2555 970 jmlicis
2603 913 2810 952 morem
2856 913 3080 963 servas,
3130 899 3226 952 sed
3276 898 3517 968 speciem

1947 1007 2061 1061 pne
2100 1004 2150 1045 te
2193 989 2308 1044 fers
2344 990 2466 1061 ejus
2505 990 2631 1051 viri,
2660 986 2753 1058 qtti
2797 989 3055 1041 atrociter
3103 988 3417 1053 insidietur,
3459 999 3516 1043 et

1952 1084 2166 1136 hostilis
2215 1082 2268 1135 in
2328 1098 2429 1136 nos
2477 1081 2644 1135 animi
2695 1080 3073 1150 gladiatoriam
3127 1081 3512 1135 crudelitatem

1948 1188 2129 1231 acuat.
2186 1176 2350 1245 Atqui
2404 1188 2512 1230 non
2568 1181 2718 1227 tanta
2767 1182 2853 1228 est
2902 1172 3067 1227 nobis
3117 1173 3183 1227 de
3230 1173 3515 1227 Barlaamo

1948 1282 2101 1333 cura,
2156 1279 2358 1338 quanta
2397 1282 2519 1323 esse
2568 1252 2664 1321 tibi
2701 1266 2803 1335 ipsi
2852 1265 3051 1329 debet;
3086 1266 3180 1336 qui
3225 1266 3336 1331 illi,
3388 1281 3514 1320 cum

1908 1369 2095 1431 'esset
2149 1359 2397 1421 advena,
2455 1357 2535 1411 sic
2584 1356 2880 1425 benignum
2935 1363 2989 1410 te
3040 1355 3312 1426 hospitem
3373 1370 3516 1425 pra:-

1951 1451 2227 1511 huisti.ita
2258 1449 2541 1519 splendide
2559 1458 2616 1502 et
2641 1448 2849 1517 prolixe
2880 1447 2934 1500 in
2966 1446 3225 1502 omnibus
3242 1448 3517 1517 gratiﬁca-

1947 1553 2036 1596 tus
2062 1541 2226 1612 923
2256 1557 2338 1608 es,
2374 1552 2433 1595 ut
2469 1541 2590 1610 ejus
2621 1540 2697 1594 rei
2742 1556 2853 1594 non
2897 1540 3006 1594 alio
3039 1548 3176 1594 teste
3209 1554 3370 1605 egeas
3403 1539 3512 1593 nisi

1944 1635 2145 1702 teipso.
2172 1633 2538 1699 Quamobrem
2577 1647 2685 1685 non
2732 1630 2865 1684 mihi
2904 1639 2957 1685 te
2987 1631 3107 1700 ejus
3149 1645 3311 1685 causa
3358 1631 3514 1685 litem

1948 1740 2168 1780 IIIOVCI'C
2202 1738 2419 1794 acquum
2465 1733 2569 1786 est,
2608 1720 2725 1777 nec'
2762 1723 2829 1777 de
2879 1736 2947 1776 eo
2991 1723 3200 1776 crimen
3249 1730 3515 1792 perpetuo

268 1814 593 1881 ἀναγκάσας
616 1826 632 1844 ⁸
661 1813 771 1867 οὐδ’
796 1812 965 1883 ἐγωγ’
990 1813 1156 1877 αὐτὸς
1186 1813 1215 1865 ὀ
1251 1814 1347 1867 καὶ
1374 1812 1516 1865 κατὰ
1545 1813 1726 1883 πάσης
1748 1812 1839 1866 ἂλ-

1946 1816 2110 1883 objici
2144 1815 2277 1869 mihi
2310 1815 2481 1884 magis
2503 1828 2665 1883 quam
2691 1813 2809 1867 tibi.
2834 1812 2953 1867 Non
2983 1811 3128 1866 enim
3162 1812 3208 1865 is
3236 1827 3337 1881 ego
3366 1826 3510 1874 sum,

262 1903 370 1971 λης
407 1902 695 1973 Ῥωμαίων
726 1902 920 1971 σοφίας
963 1900 1218 1954 ἐντεῦθεν
1244 1901 1409 1954 αὑτὸν
1466 1904 1701 1972 μανῆναι
1740 1917 1843 1954 πε-

269 1988 517 2054 πεικὼς·
551 1990 672 2043 ἀλλ’
705 1989 871 2065 ἔγωγ’
925 1989 1089 2053 αὐτὸς
1110 1992 1139 2044 ὁ
1166 1991 1268 2053 τὰς
1314 1990 1535 2061 κέδρους
1589 1976 1705 2061 eiul
1740 1990 1843 2061 τῆς

254 2083 474 2154 ὀφρύος
505 2082 715 2137 ἐκείνου
755 2081 1055 2154 συντρίψας
1090 2083 1431 2153 περιφανῶς,
1475 2083 1726 2153 καθάπερ
1752 2084 1842 2137 ὅτε

252 2174 408 2245 ιδρῦν
430 2175 525 2229 καὶ
549 2175 743 2245 κέδρον
771 2175 868 2229 καὶ
901 2174 1239 2245 κυπάριττον
1270 2176 1583 2246 ἀπογυμνοῖ
1621 2175 1723 2245 τῆς
1746 2176 1842 2228 κό-

269 2284 386 2335 μης
423 2266 686 2337 ὑλοτόμον
716 2266 981 2338 βρίθουσα
1017 2266 1243 2338 παλάμη
1265 2279 1280 2294 ⁸
1312 2267 1476 2337 ἔγωγ’
1510 2268 1671 2333 αὐτὸς
1702 2271 1844 2323 ἐκεῖ.

262 2360 359 2422 v6,-
392 2360 512 2429 είμι
540 2361 568 2412 6
606 2360 729 2411 τότε
760 2359 1043 2423 συστείλας
1091 2359 1187 2413 καὶ
1218 2360 1582 2429 ἀναχαιτίσας
1606 2362 1838 2426 ἐκεῖνον,

262 2448 327 2500 ἐν
354 2463 413 2499 τε
438 2447 648 2518 γαλήνῃ
674 2446 904 2517 καρδίας
926 2447 1021 2500 καὶ
1042 2446 1163 2516 ἅμα
1201 2450 1267 2519 τῇ
1292 2451 1393 2519 τῆς
1415 2447 1694 2517 ἀσφαλοῦς
1721 2451 1843 2503 ἐπι-

266 2541 489 2611 στήμης
519 2540 814 2610 ἐπιεικείᾳ,
844 2540 1096 2611 καθάπερ
1122 2542 1389 2611 παράλιος
1416 2542 1646 2613 ψάμμος
1674 2544 1837 2613 ἀγρι-

261 2633 512 2702 ουμένην
541 2632 819 2686 θάλασσαν
838 2648 854 2665 ο
885 2633 1009 2702 ἥτις
1050 2634 1252 2688 ὁπόταν
1293 2633 1558 2706 ὑϐριστὴς
1592 2638 1688 2690 κα)⁸
1716 2637 1844 2704 ἁγέ⁴

262 2739 444 2794 ρωχος
469 2724 693 2793 ἄνεμος,
717 2725 926 2779 ἄνωθέν
956 2727 1119 2778 ποθεν
1146 2726 1206 2792 ἐξ
1231 2727 1512 2796 άρκτικῶν
1537 2728 1844 2798 καταρρεό-

263 2828 373 2875 σας
408 2812 623 2880 πηγῶν,
664 2814 837 2884 αὐτῆς
867 2815 1234 2886 ἀναμοχλεύει
1277 2816 1346 2871 τὰ
1377 2816 1618 2887 κύματα,
1641 2818 1840 2885 διεγεί-

258 2903 426 2974 ρεταξ
473 2920 535 2955 τε
588 2904 724 2973 πρὸς
760 2905 1060 2975 ἀνήκεστον
1089 2904 1292 2976 θράσος
1322 2908 1418 2961 καὶ
1453 2906 1671 2961 ἀπειλεῖ
1699 2908 1843 2961 κατὰ

261 2995 368 3065 τῆς
392 2994 621 3068 ἠπείρου
645 2997 884 3067 πόλεμον
907 2997 1218 3068 περιφανῆο
1245 2996 1364 3051 ἀλλ’
1383 2999 1607 3054 ἐπειδὰν
1632 3000 1841 3071 ἀκούσῃ

258 3088 366 3157 τῆς
395 3089 577 3156 φωνῆς
608 3088 707 3158 τῆς
747 3089 1018 3160 παραλίου
1049 3090 1303 3160 ψάμμου,
1356 3090 1590 3161 χείλεσιν
1636 3090 1839 3160 ἀφθόγο

1938 1908 2101 1978 cujus
2145 1921 2230 1973 οιιι
2253 1922 2312 1960 ra
2363 1906 2455 1959 ille
2506 1904 2575 1959 ad
2627 1904 2866 1959 honores
2922 1903 3254 1967 immodicos.
3289 1913 3516 1960 evectus

1938 2000 2301 2066 Supercilium
2337 1998 2593 2052 attollere
2621 2005 2680 2052 et
2712 1995 2912 2051 ellerre
2942 2008 3001 2049 se
3035 1995 3361 2050 insolentius
3401 2010 3514 2050 cm-

1942 2093 2113 2160 perit;
2151 2104 2328 2160 neque
2358 2088 2406 2144 is
2441 2103 2584 2151 sum,
2629 2088 2725 2158 qui
2768 2102 2893 2142 eum
2926 2086 3026 2141 tibi
3054 2096 3111 2142 et
3156 2087 3280 2141 aliis
3322 2101 3419 2148 per
3457 2093 3509 2142 te

1938 2180 2115 2235 sancti
2141 2179 2384 2252 Dionysii
2419 2178 2685 2233 doctrina:
2722 2180 3038 2248 magistrum
3064 2177 3507 2247 grandiloquum,

1939 2286 2376 2341 arcanorumque
2399 2270 2652 2326 Ecclesiae
2677 2270 2991 2339 dogmatum
3017 2278 3074 2323 et
3101 2284 3270 2324 sacra:
3297 2269 3510 2324 theolo-

1941 2363 2043 2433 gia!
2071 2362 2456 2433 mysteriorum
2494 2354 2848 2431 interpretem
2884 2361 3202 2423 altisouum,
3232 2376 3353 2415 meo
3390 2359 3509 2415 suf-

1938 2450 2116 2521 fragio
2162 2449 2563 2514 constituerim,
2606 2466 2671 2504 ac
2701 2466 2798 2521 per
2833 2450 2947 2505 haec
2983 2451 3120 2519 ipsa,
3161 2452 3374 2521 aliaque
3424 2451 3510 2506 his

1939 2544 2164 2611 similia,
2210 2545 2391 2598 solum
2440 2543 2618 2598 natale
2667 2544 2957 2614 peregrino
3005 2545 3134 2599 huic
3162 2546 3514 2615 .posthabere

1940 2639 2247 2707 coegerim;
2281 2636 2520 2711 denique
2547 2635 2593 2691 is
2632 2652 2740 2689 non
2772 2652 2917 2699 sum.
2948 2638 3104 2707 cujus
3139 2638 3231 2692 ille
3262 2652 3428 2692 suasu
3456 2645 3515 2691 et

1927 2728 2210 2797 ,instinctu
2262 2728 2317 2783 in
2362 2728 2624 2797 reliquam
2654 2743 2872 2782 onmem
2910 2728 3283 2783 Romanorum
3326 2728 3515 2784 erudi-

1944 2819 2151 2875 tionem
2185 2820 2482 2875 hacchatus
2511 2821 2604 2875 sit.
2651 2819 2767 2874 luto
2798 2819 2889 2875 ille
2935 2821 3052 2890 ipse
3085 2836 3229 2887 sum,
3268 2821 3361 2886 qui
3398 2822 3515 2892 ejus
3602 2834 3607 2851 '

1940 2910 2213 2980 superbia:
2261 2910 2455 2965 cedros
2502 2910 2679 2980 palam
2731 2902 3010 2980 confregi;
3059 2911 3209 2965 velut
3256 2912 3513 2980 lignator.

1943 3001 2037 3071 qui
2062 3000 2243 3054 valida
2264 3014 2429 3053 manu
2459 3013 2744 3068 quercum,
2770 3008 2867 3052 aut
2887 2998 3138 3057 cedrum,
3169 3008 3265 3051 aut
3290 3012 3516 3066 cupres-

1943 3108 2064 3148 sum
2085 3102 2242 3148 coma
2266 3099 2469 3146 exuat:
2502 3089 2593 3143 ille
2616 3090 2731 3159 ipse
2753 3104 2896 3150 sum.
2920 3088 3015 3158 qui
3037 3104 3161 3141 eum
3192 3099 3322 3141 tunc
3342 3088 3514 3141 animi

259 3195 387 3246 γοις
434 3176 921 3253 ἀναγινωσκούσης
953 3182 1083 3244 τοὺς
1140 3184 1373 3245 κανόνας
1402 3182 1496 3236 τοῦ
1530 3182 1837 3249 κτίσαντος,

1945 3183 2341 3254 tranquillitate
2374 3190 2429 3237 et
2468 3181 2655 3237 solidat
2686 3179 2927 3235 scientiae
2962 3178 3227 3232 modestia
3263 3178 3510 3232 continui

259 3268 429 3331 εὐθὺς
456 3270 752 3341 ἀναχωρεῖ,
795 3271 1051 3343 προφανῆ
1089 3273 1343 3327 δειλιῶσα
1377 3272 1513 3326 Θεοῦ
1565 3275 1841 3346 προστάγ-

262 3377 416 3427 ματα
440 3362 534 3414 καὶ
550 3363 978 3434 ἀναχαιτίζουσα
1014 3365 1181 3417 παύει
1205 3358 1610 3434 θρασυνόμενον
1632 3366 1835 3437 ῥόθιον.

265 3454 391 3516 Πῶς
418 3450 513 3507 οὖν
543 3456 608 3509 ἀν
633 3472 718 3519 τις
743 3455 822 3527 τῷ
853 3456 1083 3529 τοιούτῳ
1119 3458 1415 3526 στέρξειεν,
1445 3459 1593 3523 ὅστις
1623 3459 1716 3512 τὸν
1739 3451 1839 3514 αὒ-

260 3544 357 3594 ·τὸν
384 3544 487 3617 ἐπὶ
534 3546 646 3608 τοῖς
678 3545 862 3609 αὐτοῖς
899 3546 995 3599 νῦν
1028 3547 1129 3617 μὲν
1159 3549 1391 3611 ἐπαινεῖ,
1418 3547 1515 3600 νῦν
1537 3548 1596 3602 δὲ
1635 3550 1834 3619 ψέγεις

265 3636 369 3687 Ὃν
399 3633 507 3706 γὰρ
532 3638 611 3699 εἰς
638 3631 837 3709 αἷξθέρα
866 3638 1031 3708 φάναι
1052 3639 1250 3708 ἀνῆγες
1282 3640 1441 3704 τέως,
1470 3641 1543 3702 ὡς
1563 3643 1622 3694 ἐν
1657 3642 1839 3695 θεολο-

258 3723 413 3789 γίαις
467 3723 778 3793 κράτιστον,
836 3725 1004 3796 μηδὲν
1074 3727 1253 3779 εἰδότα
1304 3726 1572 3792 δεικνύεις
1608 3729 1834 3799 ἀρτίως.

264 3815 393 3879 Πῶς
427 3814 473 3868 δ’
514 3816 580 3871 ἄν
608 3833 692 3880 τις
728 3817 852 3887 ἐμοὶ
889 3817 1165 3889 νεμεσῴη,
1207 3820 1413 3873 ἐκεῖνον
1454 3820 1547 3873 καὶ
1585 3821 1707 3873 τότε
1745 3824 1837 3875 καὶ

139 3936 152 3943 -
260 3906 362 3959 νῦν
392 3908 487 3959 ἐπὶ
540 3908 651 3970 τοῖς
679 3907 863 3971 αὐτοῖς
893 3907 1092 3979 ἐπίσης
1137 3908 1488 3989 λοιδοροῦντι,
1519 3909 1605 3980 ἐφ’
1633 3907 1714 3974 οἷς
1772 3913 1836 3982 ή-

267 4001 364 4069 μτν
392 3999 595 4071 δηλαδὴ
624 3999 1016 4072 πεπολέμηκες
1046 4002 1192 4070 λέγω
1228 4002 1292 4073 δὴ
1346 4003 1420 4073 τῷ
1447 4004 1580 4073 περὶ
1596 4003 1834 4077 Ἕλληνα

260 4095 422 4161 λόγον
445 4093 540 4145 καὶ
562 4091 660 4164 τὴν
696 4092 931 4163 θύραθεν
963 4094 1211 4147 παιδείαν
1238 4096 1498 4165 χωλεύειν
1543 4097 1636 4149 τὸν
1663 4098 1835 4167 ἄνδρα

259 4186 332 4237 τά
354 4185 644 4256 κράτιστα.
672 4186 780 4239 Καὶ
808 4186 891 4237 σοὶ
924 4185 1024 4256 μὲν
1046 4187 1235 4255 γέγονε
1258 4189 1283 4239 ὁ
1304 4186 1455 4255 φίλος
1486 4184 1618 4255 ζῶν,
1645 4189 1835 4260 ἐχθρὸς

261 4277 566 4349 τεθνηκὼς,
601 4278 693 4330 καὶ
748 4277 777 4331 ὁ
810 4276 1009 4341 τελέως
1038 4277 1157 4331 τότε
1204 4277 1441 4349 χρηστὸς
1465 4280 1573 4332 πᾶν
1603 4282 1835 4333 τούναν-

156 4442 164 4449 ο
261 4371 378 4424 τίον
404 4372 529 4441 ἄρτι
553 4369 655 4423 ῶν·
690 4372 812 4441 ἐμοὶ
840 4370 886 4423 δ’
904 4370 1094 4441 ὥσπερ
1124 4371 1244 4424 τιτε
1270 4371 1477 4441 ἐχθρὸς,
1514 4372 1685 4436 οὓτως
1710 4375 1834 4443 ιοῠκ

1941 3275 2321 3347 repressique,
2375 3274 2527 3329 velut
2583 3287 2746 3327 arena
2800 3271 3053 3326 littoralis
3109 3284 3260 3325 mare
3309 3271 3511 3323 iratum

1940 3371 2107 3433 sistit,
2153 3367 2298 3439 quod
2342 3372 2700 3437 protervoet
2745 3363 2919 3417 feroci
2967 3372 3130 3417 vento
3178 3360 3433 3418 alicunde
3478 3379 3512 3413 e

1937 3458 2462 3528 septentrionalibus
2504 3456 2771 3511 tractibus
2799 3455 2996 3520 etluso,
3038 3463 3095 3508 et
3128 3454 3267 3512 imos
3311 3452 3511 3507 ﬂuctus

1936 3551 2317 3613 subvertente,
2370 3549 2427 3603 in
2475 3548 2750 3602 etl‘ra'nem
2802 3546 3084 3603 audaciam
3136 3545 3401 3614 erumpit.
3452 3554 3510 3599 et

1936 3644 2241 3700 continenti
2289 3644 2409 3697 solo
2452 3641 2654 3695 bellum
2694 3648 2942 3709 apertum
2994 3637 3226 3692 indicit:
3266 3648 3320 3690 at
3362 3648 3506 3706 post-

1938 3754 2100 3807 quam
2137 3752 2318 3791 arente
2356 3751 2542 3791 vocem
2577 3733 2837 3797 audierit,
2867 3730 3143 3787 Creatoris
3189 3729 3507 3799 praescripta

1942 3831 2107 3883 mutis
2165 3828 2325 3883 labiis
2379 3827 2786 3899 prtelegentcm,
2840 3826 3154 3878 manifestas
3208 3823 3304 3876 Dei
3358 3822 3508 3890 lcgcs

1937 3902 2322 3992 expavescens,
2359 3920 2657 3975 retrocedit
2701 3918 2903 3981 statim,
2937 3926 2992 3971 et
3032 3925 3197 3969 aestus
3236 3915 3320 3968 sui
3356 3914 3509 3967 inso-

1936 4012 2162 4065 lentiam
2194 4010 2530 4080 comprimit.
2570 4009 2773 4078 Ecquis
2813 4008 2997 4077 itaque
3032 3995 3301 4076 ejusmodi
3337 4003 3509 4056 homi-

1938 4088 2060 4155 nem
2096 4101 2425 4171 probaverit,
2453 4098 2622 4171 924
2642 4100 2735 4169 qui
2765 4098 3018 4153 ettmdem
3044 4098 3099 4150 in
3129 4096 3319 4149 iisdem
3348 4094 3510 4146 rebus

1938 4210 2085 4247 nunc
2134 4194 2339 4257 laudet,
2380 4207 2525 4244 nunc
2577 4188 2880 4259 vituperet?
2915 4188 3047 4242 Nam
3102 4199 3179 4247 tu.
3230 4202 3391 4256 quem
3440 4200 3507 4237 co

1940 4293 2187 4354 tempore
2231 4284 2297 4335 ad
2344 4284 2542 4336 coelum
2580 4281 2693 4334 fere
2729 4279 2978 4340 tollebas,
3014 4287 3072 4331 ut
3116 4275 3506 4347 prtestautissi-

1937 4390 2085 4429 mum
2125 4373 2463 4444 theologum,
2494 4373 2752 4426 eumdem
2785 4386 2929 4423 nunc
2955 4369 3093 4422 nihil
3132 4371 3273 4422 scire
3302 4369 3506 4437 arguis.

262 4466 387 4535 ἄρτι
413 4463 489 4516 ὣν
517 4462 688 4531 φίλος.
718 4464 879 4516 Ὠιτε
904 4463 970 4515 σὺ
996 4462 1093 4530 μὲν
1122 4463 1326 4533 ἀρτίως
1353 4465 1558 4517 ἐκεῖνον
1582 4464 1835 4536 λοιδορῶν

1941 4467 2144 4535 Ecquis
2168 4477 2349 4518 autetu
2379 4464 2510 4518 mihi
2542 4471 2887 4524 succenseat,
2918 4460 3012 4530 qui
3048 4459 3223 4522 illum,
3256 4460 3508 4528 quemad-

262 4554 418 4624 φίλον
451 4553 708 4625 λοιδορεῖς
732 4570 747 4585 ·
780 4554 891 4623 ἐγὼ
916 4553 973 4607 δὲ
1003 4552 1100 4624 τῆς
1130 4552 1270 4623 ἐμῆς
1300 4554 1391 4607 καὶ
1419 4555 1512 4608 νῦν
1542 4556 1725 4621 φιλίας
1754 4574 1835 4610 τι-

263 4648 493 4716 θέμενος
552 4646 840 4717 ὑπερᾶριον
893 4646 1031 4714 πρὸς
1089 4647 1180 4699 τὸν
1234 4646 1445 4716 οὐδαμῆ
1496 4664 1629 4699 ποτε
1680 4648 1834 4717 φίλον

269 4740 424 4792 ι·δῦτο
467 4738 732 4808 φαίνομαι
785 4737 948 4809 δρῶν.
986 4739 1081 4802 Ὃς
1123 4738 1215 4792 οὖν
1271 4741 1329 4792 ἐν
1363 4741 1498 4793 πᾶσι
1551 4742 1679 4804 τοὺς
1735 4746 1833 4812 τῆς

262 4831 499 4902 θεωρίας
532 4833 627 4884 καὶ
663 4830 760 4901 τῆς
802 4830 909 4883 τῶν
942 4832 1284 4901 πραγμάτων
1315 4831 1510 4902 πείρας
1548 4832 1833 4902 θεμελίους

263 4921 603 4985 ἁσαλεύτους
633 4921 833 4992 ὁμοίως
863 4926 1039 4992 τηρεῖ,
1070 4924 1259 4975 τοῦτον
1289 4923 1396 4991 ἄρα
1430 4925 1534 4985 πᾶς
1572 4942 1654 4986 τις
1676 4922 1833 4995 οἶμαι

265 5012 507 5083 κρίνειεν
552 5010 618 5063 ἂν
665 5011 848 5078 λέγειν
894 5011 1092 5081 ὀρθῶς,
1134 5016 1240 5066 κάν
1293 5016 1405 5077 τοῖς
1457 5030 1519 5081 γε
1558 5012 1734 5078 ἄλλοις
1766 5015 1831 5070 ἆ-

269 5119 423 5167 πασι,
455 5102 552 5156 καὶ
589 5096 672 5165 οἷς
723 5102 1124 5173 συντέθραπται
1169 5105 1404 5185 δόγμασι
1442 5107 1541 5176 τῆς
1568 5109 1827 5172 πίστεως,

266 5195 563 5270 βεϐηκέναι
592 5194 790 5259 καλῶς.
819 5195 1052 5249 Ἔπειτα
1090 5196 1206 5259 πῶς
1228 5198 1326 5266 τῆς
1361 5197 1569 5250 ἐκείνου
1599 5197 1833 5269 κρίσεως

270 5293 538 5366 αὔταρκες
563 5293 736 5364 πέρας
763 5293 871 5345 τότ’
905 5292 1210 5362 εὶληφυίας,
1241 5288 1337 5344 νῦν
1376 5294 1687 5364 ἀνακρίνειν
1712 5294 1831 5365 βια-

270 5387 356 5458 ζῃ,
391 5386 633 5438 πλείοσιν
670 5383 856 5448 ἄλλαις
893 5386 1025 5454 ἡμίν
1069 5380 1441 5454 βλασφημίαις
1475 5385 1833 5456 ἁλισκομένου

1937 4560 2157 4614 modum
2191 4568 2339 4620 tunc.
2374 4556 2446 4611 ita
2485 4569 2632 4609 nunc
2676 4568 2895 4624 quoque
2930 4551 3092 4607 dictis
3135 4551 3401 4605 incessam
3437 4553 3507 4602 oh

1934 4651 2155 4705 easdem
2192 4664 2299 4712 res,
2333 4649 2387 4702 in
2425 4647 2628 4718 quibus
2658 4663 2756 4700 nos
2789 4646 2904 4714 ipse
2934 4642 3327 4713 oppugnabat?
3356 4639 3506 4694 Grae-

1935 4757 2027 4798 cas
2058 4742 2183 4797 dico
2236 4743 2472 4804 litteras,
2503 4752 2558 4795 et
2601 4740 2883 4809 profanam
2925 4736 3315 4794 eruditionem,
3351 4734 3504 4786 valde

1935 4836 1990 4891 iu
2025 4837 2119 4891 illo
2145 4836 2566 4891 claudicantem.
2602 4833 2669 4888 Et
2703 4832 2793 4885 ille
2826 4832 3050 4901 quidem
3092 4830 3270 4890 vivus,
3298 4827 3503 4881 atnicus

1937 4940 2065 4982 tuus
2091 4928 2224 4993 fuit;
2256 4937 2528 4988 mortuus,
2562 4927 2740 4979 evasit
2770 4924 3028 4977 inimicus
3058 4938 3073 4975 :
3112 4920 3201 4974 ille
3230 4929 3341 4974 tum
3377 4936 3503 4989 per-

1934 5021 2074 5074 fecte
2101 5022 2300 5082 bonus,
2323 5033 2470 5072 nunc
2499 5016 2744 5070 onmium
2773 5014 3045 5085 pessimus
3070 5031 3083 5066 :
3118 5013 3273 5074 mihi,
3294 5021 3352 5066 ut
3372 5012 3504 5065 olim

1936 5111 2042 5165 fuit
2071 5111 2348 5173 inimicus,
2380 5110 2453 5163 ita
2483 5124 2583 5163 nec
2606 5106 2769 5162 hodie
2794 5106 3001 5160 amicus
3033 5113 3139 5159 est.
3170 5103 3260 5159 Sic
3296 5110 3351 5157 tu
3379 5117 3505 5156 eum

1942 5212 2088 5258 nunc
2118 5202 2437 5259 insectando
2468 5202 2705 5256 amicum
2749 5200 3077 5255 insectaris:
3107 5211 3209 5267 ego
3250 5210 3402 5259 vero.
3436 5196 3505 5248 ab

1944 5297 2183 5350 amicitia
2217 5312 2335 5349 mea
2385 5294 2622 5348 alienum
2648 5294 2902 5348 eumdem
2933 5291 3159 5354 habens,
3207 5289 3358 5341 illum
3409 5288 3503 5355 qui

1943 5404 2222 5458 nunquam
2251 5386 2459 5443 amicus
2488 5388 2591 5442 fuit
2616 5387 2853 5442 alienum
2885 5385 3047 5441 duco.
3065 5382 3166 5449 Qui
3193 5383 3359 5453 igitur
3382 5396 3502 5434 scn-

1619 5505 1944 5569 Variorum
1978 5513 2169 5568 noue.

338 5604 450 5674 (i6)
484 5603 607 5658 Fuit
642 5599 1514 5674 Barlaamus_abbas_monasterii
1549 5601 1607 5658 S.
1635 5602 1824 5657 Salva-

272 5670 404 5730 tctris
434 5670 873 5753 'Constantmop.
932 5671 1079 5750 Idem
1131 5670 1198 5723 ad
1245 5686 1438 5793 papam
1487 5676 1695 5742 legatus
1726 5676 1823 5726 ivit

272 5764 353 5793 ιιι-
384 5745 515 5793 Chr.
552 5744 709 5793 1559.
742 5743 873 5793 Vide
898 5741 1193 5793 Odortcum
1228 5740 1248 5793 l
1278 5742 1563 5793 avnaldum
1596 5744 1661 5793 ad
1694 5760 1819 5793 eum

272 5764 353 5799 ut.
384 5745 515 5799 Chr.
552 5744 709 5798 1⁸559.
742 5740 873 5799 Vide
898 5741 1193 5796 Odoricum
1228 5740 1563 5809 liaynalduui
1596 5744 1661 5797 ad
1694 5760 1819 5798 eum

1932 5619 2159 5667 annum,
2208 5622 2358 5660 nttm.
2400 5607 2464 5662 l9
2502 5617 2557 5662 et
2590 5621 2704 5675 ειη.
2746 5603 2878 5661 Vide
2923 5616 2981 5663 ct
3010 5603 3376 5661 Cantacuzcn.
3407 5596 3500 5651 ιιι-

1929 5685 2060 5731 stor.
2090 5677 2185 5731 hb.
2218 5692 2279 5743 ιι,
2309 5693 2427 5747 cap.
2462 5679 2549 5733 50.
2587 5678 2795 5734 Botvm.
