3974 6576
550 338 623 411 [Α.
665 354 716 396 c.
763 340 921 413 153]]

224 349 345 412 1189

1170 346 1620 408 ΒΥΖΑΝΤιΝριι
1658 347 2047 409 msronma
2089 350 2230 411 ue.
2256 306 2440 413 \‘x1x.

2552 346 2687 420 [nm
2727 365 2771 405 ι.
2811 365 3101 412 ωιτηουτ.
3135 354 3193 422 51

3300 356 3438 425 1190

222 464 317 513 Καὶ
355 459 434 510 ἶνα
486 457 752 524 σιωπήσω
798 456 865 510 τὰ
917 457 1170 524 πλεῖστα,
1212 461 1312 528 τὴν
1358 460 1521 526 ἁγίαν
1570 461 1760 532 τεταρ-

1868 473 1926 516 υι
1957 464 2217 534 pleraquc
2244 466 2466 521 silentio
2501 480 2843 537 praeteream,
2874 484 3250 547 sacrosanctas
3274 492 3434 547 synoo

219 570 309 619 την
333 550 420 602 καὶ
446 550 836 619 οἰκουμενικὴν
870 551 1241 620 παραινοῦσαν
1267 552 1604 623 εὑρίσκομεν
1638 552 1762 604 σύν-

219 643 345 704 οδον,
403 643 496 694 καὶ
549 640 752 709 ὁμοίως
823 641 922 713 τὴν
963 642 1155 713 ἕκτην,
1188 643 1264 715 μὴ
1301 644 1461 699 πάνθ’
1503 646 1607 698 ὅσα
1657 646 1760 713 φά.-

223 751 359 787 σκειν
385 734 658 802 ἐγγίνεται
712 736 826 797 τοῖς
858 735 1158 805 αἱρετικοῖς
1189 737 1414 805 φεύγειν
1443 739 1588 808 ἡμᾶς
1621 733 1761 791 εἶναι

222 824 406 897 χρεών.
461 824 522 877 ΕΞ
579 825 688 897 γὰρ
728 825 825 878 ἕνα
883 826 1016 879 Θεὸν
1064 828 1472 897 ὁμολογούντων
1535 831 1761 882 ἐκείνων

219 921 432 988 ποιητὴν
491 919 748 972 ἁπάντων
787 918 947 997 ἡμεῖς
1002 919 1382 990 ἀποσχοίμεΰα
1408 961 1423 985 ,
1459 920 1667 989 τάχιστ’
1695 921 1760 973 ἂν

218 1013 308 1080 τὴν
365 1009 454 1062 τοῦ
507 1009 680 1080 πυρὸς
737 1010 821 1076 ἐφ’
883 1011 1110 1072 ἑαυτοὺς
1164 1012 1382 1074 ἑκόντες
1430 1012 1761 1080 ὲλκύσαιμεν

217 1104 444 1170 γέενναν.
476 1094 550 1153 Οὗ
595 1101 647 1154 τί
700 1100 809 1153 τῶν
868 1101 1124 1155 ἁπάντων
1171 1102 1478 1173 χείριστον;
1515 1103 1623 1154 Καὶ
1650 1102 1760 1157 τῶν

218 1192 442 1264 ἀργύρου
475 1192 531 1246 δὲ
562 1193 654 1246 καὶ
684 1193 776 1247 τοῦ
809 1192 1010 1265 χρυσοῦ
1040 1193 1415 1264 μεταλλευτῶν
1438 1194 1535 1264 οὐχ
1570 1195 1763 1265 ὁμιλη-

217 1285 311 1338 τῶν
336 1285 561 1355 ἡγεμόσι
608 1272 1041 1355 καθισταμένων,
1064 1286 1150 1340 διὰ
1178 1285 1240 1340 τὸ
1270 1286 1410 1340 πάνυ
1453 1305 1537 1341 τοι
1567 1289 1761 1359 ἀγροι-

216 1375 469 1443 κίζεσθαι,
507 1375 740 1446 τοῦργον
792 1380 925 1448 περὶ
960 1378 1214 1431 πλείστου
1256 1377 1467 1442 τούτοις
1502 1381 1763 1432 καθίστα-

215 1484 313 1522 ται.
356 1466 458 1522 Καὶ
512 1467 829 1539 ἁλουργίδες
857 1469 903 1521 δ’
929 1468 1011 1522 ἐτι
1056 1472 1148 1522 καί
1168 1470 1460 1541 πορφύραι
1498 1472 1759 1541 χρήσιμοι

218 1563 317 1621 τοῖς
350 1559 663 1630 βασιλεῦσίν
717 1562 877 1615 εἰσινο
913 1561 1032 1616 ἀλλ’
1061 1562 1180 1615 οὐδὲ
1219 1564 1424 1632 μικρᾶς
1452 1564 1586 1630 γοῦν
1614 1580 1760 1625 τινος

214 1653 256 1703 οἱ
303 1651 532 1721 δρῶντες
563 1650 695 1715 Θέας
744 1653 974 1706 ἐκείνων
1035 1653 1164 1717 ἴσως
1193 1654 1554 1724 τυγχάνουσιν
1584 1647 1757 1722 οῦτοι,

214 1742 317 1796 ἀλλ’
341 1744 509 1796 ἐνίοτε
540 1745 633 1796 καὶ
669 1743 954 1813 μισοῦνται
985 1745 1075 1799 διὰ
1098 1746 1161 1799 τὸ
1188 1746 1288 1817 τῆς
1321 1746 1535 1800 ὲκείοεν
1561 1746 1758 1817 ἀηδίας

213 1818 439 1898 ἀπδζειν.
491 1835 704 1891 Οὔκουν
756 1835 870 1891 οὒτ’
931 1839 1140 1894 ἐκεῖνον
1197 1840 1305 1910 ἄρα
1354 1840 1457 1908 τῆς
1518 1839 1757 1909 ἀληθοῦς

217 1927 402 1994 ἀπάγει
464 1929 802 1998 κατηγορίας
850 1930 920 1982 τὰ
963 1930 1062 2001 τῆς
1118 1929 1438 2004 Θρησκείας,
1492 1931 1618 1986 οὔτε
1681 1931 1756 2002 τῷ

215 2014 430 2090 Παλαμ”ᾷ
455 2018 662 2091 βοηθεῖ,
695 2019 790 2092 οὐχ
839 2021 944 2086 ἕως
983 2023 1048 2074 ἂν
1075 2020 1350 2075 ἁλίσκοιτο
1380 2022 1591 2085 τούτοις
1624 2040 1759 2092 προ-

220 2110 382 2180 φανῶς
423 2113 534 2175 τοῖς
587 2112 952 2183 ἐγκλήμασιν.
998 2113 1206 2167 Ἐκείνό
1257 2130 1320 2183 γε
1381 2115 1487 2184 μὴν
1527 2116 1758 2186 ἐροίμην

212 2202 268 2256 ἂν
295 2204 459 2273 ἡδέως
496 2220 582 2269 σε,
618 2205 734 2268 πῶς
761 2205 869 2257 τῶν
909 2205 1131 2276 Ἰωάννῃ
1163 2204 1243 2276 τῷ
1278 2208 1596 2276 πατριάρχῃ
1620 2224 1760 2276 γρα-

204 2296 419 2363 ᾮέντων,
454 2299 579 2367 περί
632 2314 692 2350 τε
746 2297 855 2351 τῶν
907 2298 1001 2351 τοῦ
1054 2299 1289 2368 Παλαμᾶ
1343 2301 1438 2351 καὶ
1493 2298 1759 2370 Βαρλαάμ

212 2390 295 2441 καὶ
335 2389 429 2458 τῆς
477 2388 804 2459 Ἐκκλησίας
850 2389 1114 2459 θορύϐων,
1150 2393 1219 2444 τὰ
1271 2392 1369 2461 μὲν
1421 2394 1628 2462 ὀρεστά
1678 2409 1759 2445 σοι

213 2481 421 2549 γίνεται,
459 2484 526 2537 τὰ
556 2481 605 2536 δ’
636 2480 719 2547 οὒ,
755 2485 893 2553 πρός
924 2499 988 2550 γε
1032 2483 1090 2535 τὸ
1115 2481 1194 2553 τῷ
1229 2482 1463 2553 Παλαμᾷ
1501 2483 1761 2553 βουλόμε-

213 2592 290 2627 νον
320 2573 630 2628 ἀνθέλκοντί
655 2592 714 2627 τε
749 2577 844 2627 καὶ
881 2574 1204 2645 μεθέλκοντι
1239 2576 1377 2644 μετά
1415 2573 1618 2644 πολλῆς
1661 2574 1761 2643 τῆς

214 2667 427 2737 ἀρχικῆς
459 2666 711 2735 ἐξουσίας
732 2667 829 2731 τὰς
855 2667 1092 2738 ψήφους.
1130 2667 1203 2720 Ἦ
1252 2667 1364 2735 γὰρ
1398 2666 1572 2719 ἅπασι
1601 2667 1761 2737 στέρ-

214 2776 317 2827 γειν
368 2758 542 2829 χρεὼν
581 2761 699 2822 τοῖς
749 2760 946 2829 ἐκείνῳ
1001 2760 1468 2829 πατριαρχεύοντι
1506 2772 1760 2827 πεπραγ-

217 2851 380 2921 μένοις
426 2850 568 2904 κατά
624 2867 689 2919 γε
744 2851 872 2914 τοὺς
914 2851 1014 2918 τῆς
1057 2849 1384 2920 Ἐκκλησιας
1436 2848 1760 2921 θεσμοὺς,ἠ

217 2947 364 3015 μηδὲν
401 2946 506 2999 τῶν
540 2945 818 2999 ἁπάντων.
855 2942 1017 2997 Ἀλλὰ
1034 2943 1128 2996 τοῦ
1162 2943 1380 3011 πρώτου
1401 2940 1757 3012 κρατοῦντος,

214 3036 378 3108 χώραν
396 3038 492 3091 οὐκ
517 3036 635 3107 ἔχει
656 3037 717 3089 τὸ
744 3035 1018 3106 δεύτερον.
1046 3034 1131 3106 [Ρ.
1161 3034 1288 3106 583]
1313 3034 1375 3088 Ei
1402 3034 1460 3087 δὲ
1492 3034 1574 3085 δεῖ
1604 3034 1762 3103 μερί-

1864 556 1965 610 dos
2003 558 2390 624 weumenicas,
2425 570 2675 630 quartam
2707 574 2763 618 et
2805 577 3036 630 sextam,
3069 537 3276 625 scim}:
3323 587 3439 625 mo-

1863 662 2016 709 nere,
2055 647 2197 717 haud
2227 649 2482 718 fugienda
2517 668 2640 706 esse
2672 670 3013 725 quaecunque
3047 658 3116 712 ab
3161 658 3437 716 haereticis

1863 737 2136 792 dicantur.
2170 739 2304 792 Nam
2331 740 2377 795 si
2405 741 2471 794 ab
2503 741 2570 797 iis
2594 744 3024 810 discederemus,
3052 749 3218 821 926
3246 764 3457 806 rerom‘

1821 848 1827 853 ·
1862 830 2109 883 omnium
2143 843 2422 886 auctorem
2462 831 2630 888 Deum
2673 849 2840 890 unum
2879 839 3294 907 conﬁtentibus,
3319 854 3435 907 stas

1865 920 1959 974 tim
1990 922 2042 975 in
2074 938 2175 976 nos
2207 923 2512 992 gehennam
2549 926 2691 994 ignis
2730 927 2872 983 ultro
2904 931 3005 999 ipsi
3043 933 3429 990 traheremus:

1863 1028 1973 1082 quo
2029 1014 2161 1084 quid
2215 1017 2369 1086 pejus
2440 1034 2679 1088 unquam
2731 1019 2930 1074 fttcrit?
2975 1022 3065 1078 Sic
3116 1040 3428 1096 quanquam

1863 1105 1978 1158 auri
2009 1115 2064 1161 et
2105 1111 2314 1178 argenti
2346 1109 2608 1173 fossores,
2641 1127 2710 1168 eo
2752 1114 2899 1184 quod
2931 1118 3158 1173 omnino
3188 1132 3432 1190 agrestes

1863 1204 2011 1262 sunt,
2061 1198 2400 1269 principibus
2444 1202 2740 1261 familiares
2792 1223 2902 1263 non
2946 1210 3100 1275 ﬁant,
3138 1221 3319 1268 tamen
3361 1217 3432 1269 ab

1864 1287 1951 1357 his
1980 1289 2197 1346 illorum
2227 1294 2506 1362 opiﬁcium
2535 1296 2757 1365 plurimi
2787 1301 3109 1357 :estimatur.
3146 1304 3238 1359 Sic
3264 1307 3431 1362 etiam

1863 1383 2221 1454 conchyliatae
2251 1394 2433 1440 vestes
2453 1396 2510 1441 et
2536 1404 2796 1459 purpura:
2822 1394 2986 1449 utiles
3008 1396 3229 1464 regibus
3259 1409 3386 1454 sunt
3413 1418 3428 1455 :

1861 1482 2052 1523 earum
2092 1487 2223 1526 vero
2258 1476 2499 1530 artiﬁces
2530 1476 2632 1546 ipsi
2667 1479 2886 1536 illorum
2923 1484 3183 1555 adspectu
3224 1504 3294 1544 ne
3323 1491 3429 1545 mi-

1861 1560 2014 1613 nimo
2056 1565 2280 1631 quidem
2326 1567 2433 1620 frui
2474 1569 2674 1636 solent,
2725 1572 2836 1624 iam
2881 1573 2989 1630 illis
3030 1591 3427 1650 nonnunquam

1861 1652 1989 1706 odio
2019 1664 2168 1718 sunt,
2189 1670 2256 1711 eo
2281 1658 2425 1726 quod
2459 1659 2731 1730 ingratum
2755 1664 2981 1721 odorem
3017 1667 3142 1724 inde
3168 1671 3426 1730 referant.

1862 1742 2050 1813 Itaque
2095 1745 2360 1801 Barlaami
2413 1763 2559 1805 secta
2608 1767 2712 1807 nec
2753 1770 2783 1809 a
2814 1771 2946 1812 vero
2988 1758 3221 1817 dicendo
3251 1766 3428 1834 ipsum

1861 1835 2137 1902 excludit;
2167 1853 2268 1893 nec
2295 1836 2599 1909 Palamam,
2638 1847 2879 1914 quandiu
2909 1848 3104 1905 horum
3135 1856 3426 1913 criminum

1862 1928 2151 1983 manifeste
2180 1932 2561 2000 convincetur,
2596 1949 2841 1993 excusat.
2870 1941 3140 1999 Cazterum
3184 1949 3318 2005 illud
3356 1967 3424 2009 ex

1864 2027 1915 2070 te
1941 2017 2140 2073 lubens
2168 2023 2502 2091 quaesierim,
2537 2031 2814 2097 quomodo
2844 2049 2930 2098 ea,
2956 2052 3078 2106 quae
3118 2041 3188 2094 ab
3218 2043 3429 2101 Joanne

1864 2110 2167 2176 patriarcha
2205 2113 2272 2167 de
2298 2114 2516 2170 Palaina
2546 2128 2602 2173 et
2625 2118 2909 2179 Barlaamo
2936 2126 3114 2198 deque
3141 2134 3427 2193 ecclesias-

1866 2201 1988 2296 ticis
2020 2205 2348 2261 tumultibus
2392 2209 2596 2278 scripta
2637 2225 2784 2279 sunt,
2822 2219 3017 2285 partim
3048 2226 3267 2291 probes,
3302 2243 3428 2296 par-

1865 2291 1958 2345 tim
1978 2294 2543 2368 improbes,suﬁragia
2569 2301 2777 2358 scilicet
2797 2307 2865 2360 ad
2890 2307 3115 2367 Palamae
3133 2291 3424 2374 arbitrium

1862 2399 2075 2477 summa
2130 2404 2358 2458 prorsus
2406 2396 2732 2452 auctoritate
2792 2398 2899 2455 huc
2957 2401 3088 2459 illuc
3145 2416 3425 2477 torquens.

1862 2472 2215 2549 Quaecunque
2260 2482 2407 2538 enim
2457 2485 2524 2541 ab
2575 2486 2687 2552 illo,
2725 2491 2853 2544 dum
2905 2495 3211 2563 patriarcha
3250 2472 3430 2571 esset,

1863 2579 1984 2626 acta
2014 2583 2144 2629 sunt
2174 2576 2475 2631 secundum
2528 2580 2773 2637 instituta
2816 2584 3092 2653 Ecdesize,
3127 2576 3208 2646 rel
3247 2596 3430 2651 omnia

1860 2681 1950 2733 ea,
1982 2666 2066 2722 vel
2094 2684 2282 2760 eorum
2323 2670 2460 2725 nihil
2489 2675 2923 2760 approbando").
2955 2682 3121 2751 Atqui
3158 2688 3320 2755 (apud
3355 2694 3432 2760 tr)

1863 2760 2039 2827 prima
2071 2759 2151 2815 sic
2184 2761 2383 2826 valent.
2422 2773 2480 2819 ut
2507 2758 2778 2833 pos‘tréma
2814 2770 2994 2826 locum
3029 2789 3138 2829 non
3173 2758 3432 2838 habeant.

1864 2851 2020 2917 Quod
2054 2853 2100 2907 si
2147 2869 2249 2909 nos
2278 2870 2362 2915 ea.
2401 2872 2523 2925 qua:
2563 2859 2708 2913 idem
2748 2863 3057 2930 patriarcha
3104 2868 3158 2921 in
3192 2869 3427 2927 duorum

1867 2942 2099 2999 istorum
2133 2946 2417 3001 hominum
2459 2963 2619 3003 causa
2649 2955 2959 3019 constituit,
2998 2956 3246 3015 bifariam
3283 2964 3441 3021 divi-.

1866 3033 1995 3088 dere
2024 3046 2265 3105 oportet,
2298 3048 2352 3092 et
2394 3048 2626 3109 utraque
2671 3042 2886 3112 utrique
2930 3047 3257 3117 attribuere,
3296 3053 3427 3109 huic

218 3147 396 3192 σαντας
432 3132 582 3200 ἡμᾶς
637 3128 717 3191 εἰς
770 3128 866 3182 δύο
915 3128 1150 3199 τάκείνῳ
1196 3121 1508 3200 πραχθέντα
1535 3129 1673 3197 περὶ,
1696 3141 1760 3194 γε

1871 3130 2077 3200 priora,
2123 3131 2204 3186 illi
2243 3134 2565 3202 posteriora,
2621 3135 2915 3192 videndum
2959 3140 3070 3210 jam
3125 3150 3248 3198 utra
3293 3147 3431 3201 utris

216 3224 314 3274 τοῖν
343 3221 480 3275 δυοῖν
510 3219 730 3273 τούτοιν
753 3220 969 3292 ἀνδροῖν
1005 3219 1255 3293 ἑκατέρῳ
1283 3221 1519 3288 ἑκάτερα
1553 3218 1759 3283 δοῦναι,

215 3316 282 3387 τῷ
309 3317 404 3387 μὲν
444 3317 511 3370 τὰ
544 3316 746 3386 πρῶτα
773 3354 789 3379 ,
845 3315 925 3385 τῷ
974 3315 1032 3368 δὲ
1066 3316 1135 3368 τὰ
1186 3314 1413 3386 δεύτερα
1442 3354 1457 3380 ,
1500 3312 1762 3366 σκεπτέον

218 3412 444 3479 ποτέροις
484 3410 586 3478 τῆς
639 3408 873 3476 κρίσεως
914 3407 971 3460 at
1006 3405 1255 3478 βελτίους
1305 3406 1527 3477 ἕψονται
1570 3403 1758 3471 ψῆιξοι.

227 3500 450 3573 ’Δεὶεγὰρ
475 3499 542 3575 ἦν
573 3501 919 3572 πατριάρχης
950 3501 1176 3562 ἐκεῖνος,
1211 3498 1339 3569 ἄχρι
1361 3493 1429 3571 ἦς
1458 3499 1671 3568 ἡμέρας
1705 3497 1762 3548 ai

219 3596 360 3662 μέσαι
393 3594 633 3663 φυλακαὶ
662 3594 760 3663 τῆς
789 3593 983 3656 νυκτὸς
1013 3591 1260 3663 ἐγκρατῆ
1305 3590 1604 3655 Βυζαντίου
1634 3604 1766 3641 κατ’

215 3686 430 3754 ἔστησάν
468 3703 549 3752 σε,
622 3685 805 3754 ἱερέας
835 3701 896 3737 τε
935 3681 1259 3754 χειροτονῶν
1300 3680 1396 3734 καὶ
1430 3678 1762 3740 ἐπισκόπους

214 3779 298 3830 καὶ
343 3779 435 3843 τὰς
490 3780 603 3832 τῶν
652 3778 1022 3848 δικαστηρίων
1055 3776 1270 3844 ψήφους
1322 3771 1758 3843 ὲπισφραγίζων.

225 3868 364 3939 Ἐμοὶ
391 3872 537 3925 δοκεῖ
573 3872 688 3934 τοῖς
723 3870 1019 3940 δευτέροις.
1055 3869 1118 3921 Ei
1150 3869 1262 3938 γὰρ
1301 3865 1399 3919 καὶ
1430 3865 1600 3920 πάλαι
1646 3862 1762 3917 κεί-

217 3980 348 4030 μενοι
396 3969 554 4034 νόμοι
616 3963 906 4016 πολιτειῶν
968 3960 1206 4013 λυόντων
1272 3956 1535 4020 πολλάκις
1566 3995 1583 4020 ,
1617 3954 1762 4008 δυοῖν

215 4054 442 4126 θάτερον,
487 4057 521 4128 ἢ
559 4053 733 4109 κακοῦ
771 4070 916 4117 τινος
968 4051 1380 4121 ἀπαντήσαντος
1428 4047 1495 4101 δι’
1542 4047 1758 4109 αὐτοὺς,

213 4146 543 4216 ἣβελτιὸνων
575 4147 846 4217 δευτέρων
883 4147 1164 4214 φανέντων
1200 4142 1264 4195 ὲκ
1295 4140 1396 4209 τῆς
1425 4138 1532 4192 τῶν
1580 4152 1763 4208 πραγ-

216 4242 383 4307 μάτων
429 4238 901 4308 δεδοκιμασμὲνης
954 4235 1153 4306 πείρας
1200 4233 1295 4285 καὶ
1337 4230 1563 4301 τριϐῆς,
1599 4228 1760 4297 σχολῇ

212 4312 343 4396 γ’ἄν
371 4333 636 4387 κωλύσειε
688 4348 771 4392 τις
820 4330 906 4398 ἐφ’
962 4328 1079 4391 ἑνὸς
1112 4324 1305 4395 ἀνδρὸς
1352 4321 1612 4381 λελῦσοαι
1650 4323 1763 4382 τοῖς

213 4423 464 4495 δευτέροις
502 4423 672 4479 αὑτοῦ
726 4427 795 4475 τὰ
854 4420 1072 4491 πρῶτα,
1112 4417 1295 4473 κακοῦ
1336 4432 1481 4477 τινος
1519 4417 1764 4484 ἀπαντή-

1866 3224 2109 3305 praeferri
2140 3226 2391 3280 debeant.
2420 3227 2631 3297 Quippe
2657 3229 2722 3283 ad
2746 3246 2872 3283 eum
2895 3230 3064 3295 diem,
3090 3250 3202 3302 quo
3225 3237 3433 3308 Byzan-

1869 3316 2004 3369 tium
2029 3317 2082 3370 in
2114 3326 2259 3370 tuam
2285 3328 2608 3391 potestatem
2639 3321 2829 3375 mediae
2852 3324 3028 3379 noctis
3050 3324 3248 3396 vigilia:
3276 3330 3433 3387 rede—

1864 3416 2083 3476 gerunt,
2129 3408 2438 3477 patriarcha
2495 3426 2668 3479 usque
2715 3412 2806 3467 ille
2855 3428 2977 3469 esse
3028 3400 3289 3485 perstitn,
3333 3423 3430 3493 qui

1862 3496 2025 3568 927
2053 3501 2362 3555 sacerdotes
2388 3512 2444 3556 et
2468 3502 2755 3572 episcopos
2779 3506 3079 3572 ordinaret,
3106 3522 3159 3566 et
3183 3512 3431 3583 judicum

1863 3592 2082 3645 decreta
2111 3591 2477 3664 consignarct.
2512 3595 2781 3665 Equidem
2814 3603 3114 3669 posteriora
3138 3615 3272 3675 puto
3297 3622 3435 3673 pra:-

1862 3678 2111 3736 Ierenda.
2144 3681 2277 3737 Nam
2313 3685 2359 3738 si
2390 3700 2571 3740 rerum
2598 3687 2942 3757 publicarum
2970 3694 3160 3762 positae
3187 3697 3431 3767 antiqui-

1869 3783 1957 3828 tus
1989 3775 2137 3844 leges
2165 3785 2395 3845 propter
2436 3776 2673 3832 duorum
2706 3780 2940 3835 alterum
2975 3798 3115 3854 sa-pe
3156 3786 3431 3857 abrogan-

1868 3868 2151 3937 tnr,.quia
2199 3869 2410 3925 scilicet
2457 3872 2542 3926 vel
2578 3873 2789 3941 priores
2834 3876 2960 3929 mali
3006 3877 3239 3949 alicujus
3272 3896 3436 3934 occa-

1867 3961 2075 4016 sionem
2116 3963 2495 4035 rpra-buerint,
2553 3964 2639 4019 Vel
2697 3968 3032 4034 posteriores
3094 3971 3434 4039 experientia

1863 4054 2161 4124 exploratae
2210 4065 2265 4110 et
2323 4071 2504 4111 rerum
2559 4073 2660 4112 usu
2712 4060 2956 4129 probata:
2999 4063 3252 4118 meliores
3304 4065 3434 4119 visa:

1865 4149 2009 4212 sint;
2044 4131 2235 4216 ecquis
2264 4148 2358 4201 uni
2391 4149 2599 4203 homini
2646 4151 2957 4215 interdicat.
2993 4168 3061 4207 ne
3092 4152 3274 4222 priora
3313 4155 3433 4226 ejus

1867 4240 2086 4293 decreta
2139 4254 2239 4308 per
2280 4240 2583 4308 posteriora
2642 4241 3041 4309 rescindantur,
3089 4244 3136 4298 si
3185 4246 3330 4313 quod
3364 4262 3431 4300 ex

1865 4329 2143 4401 prioribus
2179 4331 2381 4385 malum
2413 4334 2722 4397 etuerserit,
2770 4342 2825 4388 et
2875 4334 2963 4388 ille
3012 4351 3109 4404 per
3152 4336 3435 4407 obreptioo

1869 4438 2016 4489 nem,
2048 4432 2109 4475 ut
2138 4421 2215 4485 ﬁt,
2252 4423 2515 4492 deceptus
2553 4423 2786 4477 fortasse
2819 4424 3018 4478 fuerit?
3047 4424 3144 4479 Sin
3175 4426 3295 4495 ejus
3333 4428 3435 4481 viri

214 4534 384 4582 σαντος
433 4525 502 4575 ὲκ
539 4520 650 4572 τῶν
697 4516 952 4589 πρώτων,
999 4518 1109 4569 κάκ
1159 4512 1521 4583 συναρπαγῆς
1550 4511 1760 4578 συμϐὰν

1868 4514 2170 4584 posteriora
2198 4513 2416 4568 decreta
2448 4515 2690 4584 priorum
2734 4514 3143 4585 abrogationeni
3174 4517 3436 4570 videntur

211 4609 392 4663 οὑτωσί
422 4628 539 4674 πως
573 4611 704 4672 ἴσως
730 4606 1125 4678 ἀπατηθέντος.
1152 4604 1214 4656 Ei.
1239 4603 1295 4655 δὲ
1320 4603 1416 4679 καὶ
1435 4602 1587 4663 λύσις
1615 4600 1762 4651 δοκεῖ

213 4703 302 4768 μὲν
333 4700 466 4756 εἶναι
492 4704 603 4756 τῶν
645 4702 874 4771 πρώτων
912 4700 980 4752 τά
1017 4697 1246 4767 δεύτερα
1277 4694 1502 4765 τάνδρὸς
1530 4694 1760 4753 ἐκείνου,

213 4795 301 4846 οὐκ
329 4796 441 4848 ἐστι
466 4796 544 4860 δὲ,
577 4793 690 4847 ἀλλ’
723 4792 838 4860 ἔχει
863 4791 964 4861 τὴν
996 4790 1387 4860 προσήκουσαν
1404 4784 1761 4852 ἀκολούθησιν

212 4887 384 4955 ἄμφω,
416 4888 468 4941 εί
512 4903 598 4949 τις
639 4885 778 4953 μετὰ
810 4882 1041 4952 γνώμης
1077 4880 1329 4951 βούλοιτο
1370 4877 1579 4948 κρίνειν
1618 4882 1761 4929 arca-

213 4977 408 5050 θοῦς,,ἧ
434 4996 537 5033 που
568 4980 748 5046 σαφὴς
787 4976 995 5036 ἀδικία,
1035 4972 1131 5039 ξὺν
1183 4969 1443 5040 αὐθαδείᾳ
1486 4968 1634 5019 λύειν
1669 4967 1762 5018 καὶ

212 5072 437 5140 κυροῦν,
486 5072 614 5133 τοὺς
654 5072 750 5139 μὲν
788 5068 1003 5120 ἐκείνου
1056 5065 1212 5129 ταδὶ,
1264 5064 1418 5125 τοὺςο
1436 5061 1492 5113 δὲ
1547 5061 1759 5112 ἐκείνου

213 5163 342 5216 ταδί.
369 5157 470 5215 Ὧν
523 5164 998 5233 συγχωρουμένων
1037 5159 1149 5220 τοῖς
1196 5156 1459 5226 ἄρχουσιν
1486 5192 1501 5217 ,
1532 5154 1632 5206 οὐκ
1664 5148 1759 5203 οἷδ’

214 5254 312 5325 ὅπη
340 5258 594 5325 στήσεται
640 5255 737 5308 καὶ
766 5255 860 5306 ποῖ
884 5254 1259 5322 περιχωρήσει
1289 5250 1358 5300 τὰ
1385 5247 1486 5315 τῆς
1534 5245 1763 5311 Ἐκκλη-

217 5346 326 5408 σίις
352 5348 596 5416 δόγματα
642 5348 740 5399 καὶ
776 5346 913 5417 πρός
944 5361 1008 5412 γε
1036 5345 1107 5395 τὰ
1136 5343 1233 5415 cf};
1258 5338 1536 5399 πολιτείας
1583 5339 1762 5405 πραγ-

223 5454 375 5505 ματα,
423 5445 531 5509 πρὸ
578 5439 752 5492 ποδῶν
800 5436 1047 5506 ἐναργῶς
1079 5433 1178 5503 τῆς
1228 5431 1338 5484 τῶν
1384 5429 1522 5484 ὅλων
1554 5427 1763 5498 φθορᾶς

218 5531 518 5602 ἱσταμένης.
569 5534 645 5586 οὐ
698 5533 809 5602 γὰρ
849 5533 929 5593 είς
977 5530 1076 5581 ἕνα
1133 5528 1254 5579 τινὰ
1308 5524 1419 5599 καὶ.
1446 5522 1539 5575 δύο
1564 5521 1631 5575 τὰ
1662 5521 1759 5587 τῆς

225 5623 538 5696 Ἑκκλησίας
576 5623 829 5679 ἵστασθαι
867 5623 1134 5690 πέφυκεν,
1175 5617 1312 5672 ἀλλὰ
1336 5614 1494 5670 πάνθ’
1537 5613 1663 5683 ἑξῆς
1692 5612 1761 5664 τὰ

218 5717 384 5781 πρόσω
417 5717 687 5790 λαμπρῶς
722 5714 1099 5770 ἐπισόσκεταιο
1150 5713 1243 5762 καὶ
1294 5709 1455 5777 νόμος
1483 5699 1640 5765 οὗτος
1672 5704 1758 5756 διὰ

217 5813 381 5878 πάσης
414 5810 681 5878 γράφεται
730 5811 853 5881 γῆς,
886 5805 1073 5862 κακῶν
1131 5802 1374 5875 ἀρχηγὸς
1430 5800 1542 5857 τῶν
1598 5800 1758 5870 μεγῖ-

1869 4608 2092 4678 quidem
2138 4607 2440 4671 continere;
2485 4608 2662 4676 reipsa
2712 4617 2895 4663 autem
2946 4624 3057 4663 non
3108 4608 3429 4674 continent,

1867 4698 1964 4754 sed
1994 4710 2248 4769 utraque,
2279 4698 2323 4753 si
2351 4698 2475 4768 quis
2504 4700 2628 4753 sine
2661 4699 2855 4753 all'ectu
2880 4700 3112 4770 judicet,
3151 4709 3277 4770 apta
3301 4716 3436 4755 con-

1867 4794 2154 4847 secutione
2185 4800 2518 4858 congruunt,
2546 4802 2697 4848 certe
2725 4791 2840 4846 haec
2870 4792 2950 4846 vel
2984 4792 3073 4845 ilia
3103 4784 3199 4861 per
3227 4795 3326 4846 hos
3349 4795 3429 4848 vel

1867 4901 1964 4955 per
2001 4885 2123 4940 illos
2154 4884 2388 4939 rescindi
2421 4892 2625 4937 temere
2662 4894 2719 4937 ιι
2747 4881 3058 4957 conﬁrmari
3089 4883 3317 4939 evidens
3350 4892 3434 4939 est

1867 4975 2149 5043 iniquitas.
2186 4975 2299 5031 lloc
2339 4976 2383 5029 si
2417 4972 2761 5044 principibus
2804 4973 2985 5036 liceat,
3017 4974 3143 5042 quis
3172 4973 3437 5029 doctrina:

1865 5067 2251 5123 ecclesiastica:
2276 5077 2334 5123 et
2362 5065 2679 5135 reipublicae
2714 5064 2888 5134 ipsius
2926 5073 3121 5131 status,
3157 5067 3436 5120 communi

1866 5160 2110 5215 omnium
2161 5159 2320 5214 ruina
2368 5159 2519 5212 ιιι-ιω
2568 5158 2802 5228 pedibus
2845 5157 3198 5225 obversante,
3243 5160 3436 5229 quisve
3498 5176 3505 5184 '

1864 5253 2042 5307 exitus
2072 5252 2287 5307 tandem
2316 5249 2537 5305 futurus
2561 5250 2633 5304 sit
2663 5265 2771 5302 non
2800 5250 2978 5304 video.
3007 5250 3222 5305 Etenim
3252 5250 3439 5305 Eccle-

1865 5344 1961 5398 siae
1989 5343 2129 5396 mala
2160 5341 2427 5411 ejusmodi
2477 5355 2585 5394 non
2614 5342 2764 5405 s‘nnt,
2799 5350 2857 5393 ut
2893 5340 2946 5393 in
2992 5355 3102 5394 uno
3146 5350 3240 5394 aut
3267 5341 3436 5394 altero

1866 5432 2198 5495 subsistant;
2251 5428 2345 5483 sed
2395 5427 2660 5498 quidquid
2706 5429 2978 5498 reliquum
3010 5441 3116 5493 est,
3166 5428 3221 5482 id
3273 5445 3436 5482 onme

1865 5519 2267 5591 progrediendo
2305 5518 2411 5573 late
2448 5517 2767 5574 absumunt.
2800 5519 2858 5572 In
2897 5534 3117 5574 omnem
3164 5528 3435 5573 terrarum

1866 5617 2053 5667 orbem
2083 5612 2170 5667 lex
2198 5612 2304 5666 ista
2335 5612 2606 5678 sancitur,
2640 5610 3007 5667 maximorum
3038 5611 3311 5665 maiorum
3341 5628 3435 5664 ca-

1866 5715 1967 5776 put
1992 5704 2198 5759 futura.
2222 5704 2338 5759 Jam
2372 5720 2474 5775 nec
2498 5720 2618 5760 mos
2646 5705 2937 5775 majorum,
2970 5686 3071 5758 nec
3094 5703 3275 5773 legum
3306 5718 3440 5771 prac-

1874 5796 2100 5867 scripta,
2121 5796 2466 5869 principibus
2488 5808 2543 5855 et
2565 5797 2796 5867 privatis
2817 5795 3221 5859 convenientia,
3250 5811 3431 5867 serva-
