3856 6624
211 526 321 599 uti
556 526 630 598 [λι
672 541 722 583 ο.
765 527 928 604 135.1]

1140 537 1581 606 BYZANTINIE
1618 547 2004 612 ΗΙΞΤΟΒΗΕ
2043 555 2186 615 LIB.
2228 557 2389 618 XIX.

2509 549 2642 622 itur.
2684 567 2727 606 ι.
2768 565 3063 605 cuncuz.
3105 550 3160 621 5]
3279 553 3411 616 Β,υὲ

261 625 441 704 1⁷,”Ως
471 639 582 710 an;
619 631 904 712 συμφωνία
925 643 1175 721 διηνεκὴς
1216 650 1330 724 (52)
1369 651 1464 707 τοῦ
1523 655 1738 726 πρώτου

1913 663 2002 720 ΙΙΙ.
2040 664 2335 721 Enimvero
2377 677 2437 722 ut
2477 666 2784 737 argumenti
2833 665 3098 736 propositi
3158 668 3413 720 tractatio

201 736 378 791 σκοποῦ
405 736 506 798 τοῖς
531 734 705 788 ἄλλοτ’
755 736 927 801 ἄλλως
973 741 1177 809 μεταξὺ
1231 746 1742 818 παραπλεκομένοις

201 830 486 899 πράγμασιν
520 828 714 896 ἐπίσης
765 829 1040 902 ἀκήρατος
1075 834 1234 908 μένῃ,
1268 830 1336 908 ἦν
1382 837 1621 907 ὠθισμός
1660 858 1744 904 τις

197 921 277 972 καὶ
304 917 384 986 βία
417 915 539 987 παρ’
567 917 846 988 ἑκατέροις
875 923 1026 992 ἡμίν,
1057 925 1214 979 ὁποία
1261 928 1364 980 κάν
1418 930 1528 992 τοῖς
1581 931 1742 983 ὁπλο-

195 1013 367 1082 μάχοις
398 1008 568 1075 ἀγῶσι
597 1008 672 1073 ὡς
723 1011 791 1063 τὰ
822 1013 989 1068 πολλὰ
1024 1016 1364 1079 καθίσταται,
1408 1019 1743 1091 βιαζομένων

193 1103 442 1171 ἑκατέρων
474 1099 579 1152 τῶν
613 1103 1008 1172 στρατοπέδων,
1055 1109 1186 1177 πρὶν
1244 1111 1587 1182 συρραγῆναι
1646 1114 1743 1178 τὰς

192 1195 376 1255 τάξεις,
411 1193 645 1264 περὶτοῦ
668 1197 917 1267 ποτέροις
947 1196 1012 1250 ἂν
1047 1202 1500 1275 προκατειλῆφθαι
1537 1207 1744 1274 γένοιτο

187 1290 266 1340 τὸν
298 1284 625 1355 ὑπερέχοντα
650 1286 834 1352 τόπον,
872 1287 947 1351 ὡς
978 1289 1208 1344 ἐνταῦθα
1246 1293 1340 1347 τοῦ
1369 1295 1570 1361 παντὸς
1596 1298 1744 1366 ἀγῶ-

185 1381 381 1445 νοςτὰς
407 1379 507 1449 τῆς
531 1378 688 1450 νίκης
745 1381 1064 1453 στρέφοντος
1121 1385 1360 1454 ἐλπίδας,
1406 1390 1508 1442 κάν
1568 1391 1744 1465 τούτῳ

183 1474 271 1534 τὰς
302 1471 527 1540 ἀδήλους
553 1471 649 1524 τοῦ
707 1473 947 1545 πολέμου
1003 1478 1539 1550 προκατατιθεμένου
1573 1482 1744 1554 τύχας

181 1566 246 1628 ὡς
275 1565 336 1617 τά
378 1563 504 1616 πολλ
511 1563 565 1617 ἀ.

240 1654 310 1711 Δ’.
342 1655 401 1708 Ὀ
428 1656 528 1724 μὲν
568 1655 674 1726 γὰρ
723 1658 938 1726 πρῶτον
961 1657 1088 1716 τοὺς
1137 1661 1234 1730 τῆς
1273 1661 1474 1730 σηπίας
1508 1682 1574 1735 με
1622 1667 1745 1739 τρό-

179 1766 298 1810 πους
322 1748 468 1816 ἔλεγε
500 1749 816 1818 μιμεῖσθαι·
853 1750 1108 1822 καθάπερ
1146 1753 1255 1823 γὰρ
1290 1755 1525 1826 ἐκείνην,
1567 1775 1745 1830 μηχα-

175 1839 404 1907 νωμένην
440 1838 706 1909 δρασμὸν,
732 1839 794 1893 τὸ
846 1841 1013 1910 μέλαν
1072 1845 1226 1913 ἐμεῖν
1280 1847 1421 1899 καιά
1477 1849 1575 1917 τῆς
1635 1852 1744 1904 τῶν

174 1928 354 1983 ἀλιέων
384 1929 647 2000 σαγήνης,
694 1927 865 1992 οὕτως
899 1931 1105 2001 ἔφασκε
1168 1935 1333 2002 κάμὲ,
1388 1938 1526 2010 πρὸς
1577 1941 1743 2016 ἕτερα

175 2020 529 2090 μεθαρμόζειν
559 2021 700 2075 κατὰ
721 2023 783 2075 τὸ
833 2021 1057 2093 λεληθὸς
1079 2025 1168 2078 τὸν
1225 2026 1346 2083 ὅλον
1400 2034 1600 2088 σκοπὸν
1643 2037 1739 2091 τοῦ

173 2111 368 2180 ἀγῶνος
398 2111 485 2164 ἀεὶ
527 2112 889 2184 πειρώμενον,
947 2116 1068 2170 κατ’
1118 2119 1332 2174 ἐκείνου
1395 2127 1740 2197 μηχανᾶσθαι

170 2203 476 2274 ξενηλασίαν
517 2205 682 2273 φάναι
735 2206 882 2271 τινὰ,
939 2209 1034 2263 καὶ
1071 2210 1164 2264 τοῦ
1220 2213 1502 2287 Θαϐωρίου
1565 2221 1742 2289 φωτὸς

170 2294 482 2350 ἀπελαύνειν
534 2296 883 2368 πανούργως,
937 2299 1186 2372 αὐτάρκη
1247 2306 1521 2376 πρόφασιν
1540 2309 1597 2373 ἐς
1639 2311 1741 2382 τὴν

171 2387 522 2459 προκειμένην
541 2389 804 2444 ὑπόθεσιν
837 2391 981 2462 ἔχειν
1006 2394 1256 2464 οἰομένου
1285 2399 1455 2454 τουτί.
1478 2401 1741 2474 Δεύτερον

167 2480 396 2534 ἐνεκάλει
435 2499 549 2550 μοι.
582 2483 770 2547 κακῶς
797 2484 1040 2554 εἰσάγειν
1069 2489 1132 2540 τὸ
1178 2489 1310 2561 περὶ
1366 2492 1459 2546 τοῦ
1503 2495 1579 2564 μὴ
1630 2496 1743 2553 δεῖν

164 2570 416 2640 θεολόγεῐν
445 2573 767 2642 κεφάλαιον,
797 2579 907 2631 τῶν
934 2577 1106 2647 ἀγίων
1141 2579 1253 2635 ἀνω
1280 2583 1375 2638 καὶ
1413 2586 1564 2640 κάτω
1587 2587 1743 2661 διαρο

121 2719 128 2724 _
165 2664 324 2735 ρήδην
351 2665 756 2735 θεολογούντων
775 2684 794 2702 ⁶
821 2664 902 2734 οἷς
934 2672 1031 2726 καὶ
1061 2672 1152 2727 τὸν
1183 2675 1455 2748 Παλαμᾶν
1482 2679 1739 2752 ὑποδείγο

164 2774 287 2827 μασι
310 2759 598 2830 χρώμενον
631 2761 730 2826 τὰς
777 2763 905 2827 νέας
953 2763 1105 2834 ἔλεγε
1160 2767 1394 2840 γράφειν
1444 2769 1741 2841 θεολογίας.

162 2851 292 2919 ὑπὲρ
320 2844 395 2906 ὧν
423 2853 486 2907 τὸ
516 2856 721 2912 οἰκεῖον
749 2852 888 2926 αἷμα
919 2858 1117 2913 διδόναι
1145 2862 1239 2915 καὶ
1264 2863 1407 2932 μάλα
1449 2864 1743 2937 προθύμως

159 2944 186 2996 ό
207 2943 451 3016 ἀῤῥεπὴς
487 2948 688 3018 κριτὴς
712 2948 1000 3006 διετείνετο
1011 2968 1035 3018 ;
1059 2953 1127 3018 ἀς
1148 2953 1241 3007 καὶ
1271 2955 1746 3030 καυθῆναι-λέγον-

61 3111 66 3115 1
158 3049 242 3098 τος
274 3035 478 3106 μᾶλλον
534 3039 697 3108 ἐμοῦ,
756 3042 1102 3112 καθήπτοντο
1164 3046 1309 3112 μάλα
1362 3049 1606 3117 σφοδρῶς
1647 3048 1744 3105 καὶ

156 3128 432 3200 παρρησίᾳ
461 3130 736 3200 Παλαμὲίς
755 3134 858 3186 καὶ
891 3133 1270 3205 Ἡρακλείους,
1307 3155 1404 3192 συν
1434 3156 1498 3209 γε
1521 3140 1600 3212 τῷ
1634 3159 1743 3196 πα-

158 3220 406 3294 τριάρχῃ,
429 3223 557 3277 τότε
581 3224 831 3292 λέγοντες
872 3227 1250 3301 καυθήσεσθαι
1279 3233 1440 3300 σφᾶς,
1491 3235 1582 3288 ὅτε
1647 3237 1743 3290 καὶ

154 3311 210 3363 τὸ
233 3312 324 3365 τοῦ
363 3313 617 3384 Χριστοῦ
655 3317 1012 3388 Εὐαγγέλιον,
1065 3323 1145 3386 είς
1205 3325 1533 3395 ταυτότητος
1587 3326 1745 3398 λόγον
1769 3356 1816 3418 c

156 3405 250 3472 φεῦ
270 3407 283 3460 ι
307 3408 409 3481 τὴν
441 3411 780 3483 ἀμφοτέρων
806 3412 1050 3478 τιθέντες
1071 3416 1360 3488 ἁρμονίαν.
1398 3420 1506 3473 Καὶ
1537 3419 1617 3474 ἔτι
1649 3425 1743 3477 καὶ
1772 3405 1801 3469 ’ἶ

149 3497 322 3570 τρίτον
343 3500 612 3575 ἔγκλημα
631 3506 784 3559 τουτὶ
813 3509 1090 3577 προσῆγεν
1115 3508 1258 3578 ἐμοὶ,
1285 3508 1513 3582 λέγωδὴ
1541 3511 1604 3565 τὸ
1639 3515 1742 3582 τῆς

149 3591 281 3663 ἐμῆς
316 3593 545 3662 ὁμιλίας
574 3595 712 3666 πρὸς
745 3597 971 3668 βασιλέα
1011 3599 1247 3672 σκληρὸν
1276 3602 1372 3656 καὶ
1421 3605 1522 3658 οὐκ
1552 3605 1745 3659 ἐνδιδό-

149 3701 304 3756 μενον
331 3689 598 3760 οὐδαμῆο
645 3690 785 3764 μηδὲ
844 3693 954 3764 γάρ
1008 3689 1150 3748 εῖναι
1204 3695 1387 3766 σοφῶν
1433 3696 1743 3769 βασιλεῦσιν

147 3779 352 3849 ὁμιλεῖν
384 3781 621 3838 οὑτωσί.
1545 3833 1559 3843 .

211 3869 285 3926 E'.
327 3873 471 3943 Περὶ
505 3865 572 3927 οὗ
608 3865 703 3930 καὶ
742 3873 951 3946 βραχέα
1010 3877 1180 3931 είπὼν
1239 3877 1619 3952 ἀπήλλαγμαι,
1679 3881 1741 3936 ού

149 3963 302 4032 μόνον
335 3966 470 4030 τοὺς
499 3965 615 4019 τῶν
645 3967 818 4036 ἁγίων
847 3969 1016 4023 πάλαι
1046 3970 1184 4040 πρὸς
1231 3970 1491 4041 βασιλέας
1517 3973 1599 4036 είς
1645 3974 1743 4044 μὲ-

145 4071 234 4110 σον
265 4058 504 4128 ἀγαγὼν
553 4059 860 4129 διαλόγους,
899 4062 1036 4117 ἀλλά
1092 4064 1189 4117 καὶ
1241 4065 1354 4117 τῶν
1407 4064 1514 4132 ἔξω
1562 4067 1740 4137 σοφῶν

144 4150 338 4218 ἐνίους,
379 4154 632 4217 Σόλωνος
660 4154 794 4225 πρὸς
829 4155 1066 4225 Κροῖσόν
1095 4173 1238 4226 φημι
1266 4156 1372 4210 τῶν
1406 4156 1594 4211 Λυδῶν
1644 4159 1741 4230 βα-

143 4241 314 4308 σιλέα,
343 4245 446 4297 καὶ
483 4245 775 4308 Πλάτωνος
825 4246 961 4317 πρὸς
995 4247 1296 4312 Διονύσιον,
1326 4247 1417 4300 τὸν
1453 4249 1553 4319 τῆς
1582 4249 1739 4302 Σικε-

141 4333 278 4398 λίας,
324 4338 428 4389 καὶ⁵
489 4336 713 4400 πλείους
755 4337 972 4405 ἄλλους,
1008 4333 1083 4393 ὧν
1115 4339 1176 4393 οὐ
1204 4341 1364 4409 χρεία
1427 4340 1738 4411 μεμνῆσθαι

137 4427 324 4482 τανῦν.
360 4428 499 4494 Πῶς
537 4428 649 4499 γάρ
677 4429 744 4483 ἂν
775 4429 962 4499 μιγείη
995 4431 1064 4483 τά
1113 4430 1342 4499 ἄμικτα,
1397 4431 1557 4500 σοφία
1595 4432 1740 4500 λέγω

136 4521 232 4576 καὶ
259 4523 574 4590 uolunta;
605 4523 666 4575 El
692 4522 801 4593 γάρ
819 4522 1002 4590 σοφὸς,
1026 4523 1086 4575 ού
1107 4523 1272 4590 κόλαξ
1291 4523 1449 4585 ’,είδὲ
1474 4523 1660 4592 κόλαξ,
1675 4524 1735 4579 οὗ

137 4613 519 4681 σοφός.⁶’οταν
553 4612 610 4666 δὲ
646 4612 741 4666 καὶ
773 4612 900 4682 περὶ
930 4613 1024 4666 τοῦ
1051 4613 1186 4667 Θεοῦ
1215 4614 1281 4666 τὰ
1319 4617 1418 4683 τῆς
1446 4615 1732 4681 διαλέξεως

1845 763 2104 824 perpetua
2142 756 2284 810 serie
2315 764 2371 811 et
2409 758 2765 812 consonantia
2811 758 3152 826 procederet,
3200 772 3300 813 nec
3330 756 3415 809 in-

1847 845 2095 900 tertextis
2154 846 2289 900 alias
2321 847 2448 902 aliis
2493 849 2889 918 quaestionibus
2943 855 3412 917 corrumperetur,

1847 950 2038 1004 magna
2069 937 2424 991 contentione
2473 947 2527 991 et
2561 948 2749 1007 aperta
2782 938 2831 992 vi
2886 939 3143 1008 utrinque
3176 935 3412 990 laborari

1844 1040 2080 1098 emptum
2118 1047 2132 1083 :
2169 1039 2226 1082 ut
2257 1030 2308 1084 in
2341 1030 2554 1092 bellicis
2580 1032 2784 1102 przeliis
2835 1033 3154 1102 plerumque
3185 1029 3264 1093 iit,
3289 1043 3413 1083 cum

1845 1129 2078 1191 uterque
2112 1123 2390 1178 exercitus
2414 1163 2428 1187 ,
2469 1131 2760 1194 antequam
2814 1124 3034 1178 ordines
3072 1121 3366 1194 conﬂigant
3395 1161 3412 1185 ,

1845 1209 2006 1264 enixe
2057 1221 2251 1276 certat,
2283 1223 2402 1268 uter
2431 1214 2581 1284 prior
2611 1223 2979 1284 occupaturus
3009 1213 3079 1269 sit
3107 1214 3284 1268 locum
3315 1227 3411 1268 su-

1843 1301 2119 1371 periorem
2144 1319 2160 1370 ;
2188 1319 2253 1360 eo
2282 1305 2427 1373 quod
2458 1306 2492 1360 ii
2522 1345 2536 1368 ,
2566 1306 2660 1376 qui
2710 1316 2955 1376 pugnant
2981 1349 2996 1369 ,
3049 1321 3270 1360 omnem
3298 1307 3424 1381 vic-_

1845 1393 2002 1448 toria:
2039 1410 2189 1464 spem
2238 1396 2288 1449 in
2314 1411 2380 1451 eo
2411 1397 2547 1451 verti
2599 1397 2934 1461 existiment,
2967 1407 3021 1451 et
3059 1397 3162 1451 hoc
3191 1397 3413 1450 incertre

1843 1483 1971 1539 belli
2003 1485 2231 1542 fortuna:
2259 1486 2674 1551 fundamentum
2705 1499 2762 1543 ut
2783 1489 3078 1559 plurimum
3104 1497 3332 1560 ponant.

1911 1663 2001 1722 IV.
2034 1665 2113 1721 Ac
2167 1666 2405 1738 primum
2458 1668 2548 1724 ille
2589 1669 2768 1724 aiebat
2819 1686 2905 1724 me
2961 1670 3164 1726 imitari
3206 1686 3414 1727 morem

1842 1757 2042 1827 smpim,
2075 1773 2196 1826 quae
2231 1759 2414 1830 fugam
2446 1760 2678 1816 moliens
2725 1771 2900 1816 atrum
2932 1762 3086 1817 virus
3133 1763 3187 1817 in
3240 1764 3418 1832 pisca-

1843 1855 2021 1904 torum
2055 1864 2310 1921 sagenam
2355 1861 2633 1906 evomeret
2670 1854 2894 1910 :_conari
2939 1853 3148 1910 scilicet
3196 1870 3416 1925 semper

1841 1956 2060 1998 omnem
2097 1943 2485 2016 disputationis
2510 1961 2736 2017 scopum
2769 1948 2834 2003 ad
2869 1948 2971 2002 alia
2995 1949 3200 2003 sensim
3236 1955 3414 2004 trans-

1841 2032 1987 2088 ferre
2029 2043 2086 2089 et
2140 2035 2304 2108 longe
2365 2038 2646 2109 relegare,
2715 2040 2877 2111 eique
2923 2041 3073 2096 velut
3129 2041 3409 2111 quoddam

1842 2125 2094 2180 exsilium
2155 2127 2479 2194 machinari,
2531 2140 2696 2200 atque
2767 2147 2796 2186 a
2867 2131 3143 2187 Tltaborio
3202 2133 3412 2189 lumine

1843 2233 1945 2288 per
1975 2217 2222 2272 fraudem
2269 2231 2554 2285 avertere,
2599 2222 2745 2292 quod
2773 2235 3155 2291 argumentum
3195 2225 3312 2294 ipse
3355 2226 3411 2282 in

1841 2310 2101 2379 praesenti
2153 2309 2408 2366 instituto
2461 2312 2711 2368 sufﬁcere
2767 2315 3151 2371 arbitraretur.
3208 2317 3416 2372 Deinde

1843 2400 1990 2470 quod
2024 2416 2281 2470 negarem
2320 2402 2388 2458 de
2421 2403 2587 2459 rebus
2612 2405 2811 2459 divinis
2843 2407 3109 2476 disputari
3133 2419 3412 2478 eportcre,

1843 2490 1978 2546 illud
2003 2493 2137 2547 mihi
2180 2501 2239 2549 ut
2267 2494 2408 2550 male
2451 2496 2711 2550 statuenti
2741 2494 3056 2566 objiciebat,
3089 2513 3212 2552 eum
3239 2498 3412 2553 sancti

1845 2577 1948 2648 ipsi
1977 2581 2182 2651 passim
2233 2581 2303 2637 de
2340 2581 2452 2638 Deo
2477 2582 2820 2653 disputarem
2855 2600 2871 2638 :
2899 2600 3130 2653 quorum
3161 2587 3414 2656 exemplo

1843 2670 2117 2726 Palamam
2139 2680 2358 2744 quoque
2375 2673 2594 2730 dicebat
2614 2690 2752 2730 nova
2777 2675 2844 2730 de
2871 2676 2981 2732 Deo
3003 2676 3204 2746 scripta
3224 2677 3412 2744 edere,

1829 2777 1946 2833 pro
1975 2763 2179 2833 quibus
2198 2765 2285 2819 vel
2312 2765 2596 2836 proprium
2623 2767 2942 2838 sanguinem
2967 2766 3327 2823 libentissime
3355 2783 3416 2825 se

1842 2853 2151 2910 eﬂ'usurnm
2209 2871 2403 2927 aequus
2459 2859 2670 2914 scilicet
2720 2859 2887 2931 judex
2927 2858 3253 2926 affirmabat;
3295 2875 3416 2930 qua!

1843 2961 1970 3001 cum
2015 2962 2116 3019 ego
2143 2949 2393 3004 comburi
2423 2952 2606 3020 potius
2642 2950 2915 3021 juberem,
2945 2951 3112 3022 938
3135 2951 3283 3006 illico
3315 2950 3418 3007 Pa-

1845 3037 2016 3094 lamas
2047 3048 2102 3094 et
2124 3039 2398 3096 Heraclea:
2425 3041 2716 3111 episc0pus
2739 3056 2862 3096 cum
2898 3040 3207 3111 patriarcha
3234 3040 3417 3096 acrius

1845 3146 1932 3186 me
1979 3141 2036 3186 et
2090 3131 2322 3189 liberius
2354 3133 2762 3204 reprehendere
2808 3141 3133 3203 cmperunt,
3182 3139 3296 3187 tum
3348 3147 3415 3188 ea

1844 3222 2188 3279 combustum
2252 3224 2320 3281 iri
2371 3224 2639 3290 dicentes,
2684 3241 2808 3281 cum
2858 3233 2914 3281 et
2979 3224 3157 3294 ipsum
3207 3223 3415 3279 Christi

1847 3312 2203 3384 Evangelium
2227 3357 2242 3382 ,
2291 3317 2580 3387 utriusque
2611 3317 2795 3387 operis
2825 3317 3072 3373 eamdem
3105 3315 3264 3388 (prob
3296 3331 3417 3372 sce-

1844 3403 1933 3458 lus
1949 3405 1990 3474 ι)
2011 3408 2276 3462 rationem
2306 3401 2589 3464 habentes.
2611 3406 2693 3463 Ad
2719 3408 2833 3464 haec
2859 3406 3079 3462 tertium
3110 3407 3166 3461 in
3189 3422 3274 3460 me
3298 3405 3418 3463 cul-

1847 3495 2032 3565 pabat,
2057 3513 2307 3567 asperam
2337 3499 2482 3554 illam
2507 3506 2563 3553 et
2587 3499 2827 3555 nesciam
2855 3498 3000 3556 ﬂecti
3032 3501 3412 3569 pertinaciam,

1846 3602 1954 3658 qua
2003 3603 2126 3644 cum
2177 3589 2511 3660 imperatore
2568 3591 2876 3648 collocutus
2922 3591 3170 3648 fuissem.
3223 3593 3415 3662 Neque

1844 3681 1992 3738 enim
2020 3683 2352 3754 sapientium
2377 3700 2521 3750 esse,
2547 3686 2620 3740 ita
2654 3685 2797 3756 apud
2817 3685 3179 3757 imperatores
3202 3685 3377 3756 loqui.

1914 3871 1980 3928 γ.
2029 3871 2146 3940 Qua
2176 3873 2396 3944 quidem
2450 3873 2519 3929 de
2570 3891 2628 3930 re
2655 3889 2829 3945 pauca
2861 3873 2997 3941 dixi,
3027 3883 3196 3932 etme
3230 3875 3415 3947 ipsum
3484 3861 3489 3894 λ

1841 3969 2028 4024 statim
2060 3967 2334 4038 expedivi,
2366 3968 2594 4038 prolatis
2624 3968 2678 4023 in
2709 3968 2947 4023 medium
2983 3985 3090 4023 non
3121 3967 3192 4024 iis
3236 3968 3415 4024 solum

1842 4061 2211 4128 sermonibus,
2237 4074 2376 4131 quos
2406 4060 2536 4115 olim
2578 4061 2680 4115 viri
2716 4059 2892 4116 sancti
2921 4075 3045 4138 eum
3075 4061 3419 4132 imperatori-

1840 4152 1946 4208 bus
1969 4151 2317 4216 habuissent,
2347 4150 2443 4206 sed
2471 4159 2527 4206 et
2562 4151 2888 4221 quibusdam
2943 4151 3296 4221 profanorum
3328 4165 3418 4206 sa-

1839 4244 2111 4316 pientium
2138 4243 2324 4309 dictis,
2354 4241 2574 4297 Solonis
2608 4259 2806 4312 nempe
2835 4242 2902 4297 ad
2934 4242 3211 4310 Croesum,
3237 4242 3417 4316 Lydo-

1840 4352 1961 4392 rum
1988 4349 2196 4403 regem,
2222 4333 2466 4388 Platonis
2489 4331 2554 4386 ad
2603 4332 2944 4405 Dionysium,
2996 4333 3199 4390 Siciliae
3236 4343 3420 4407 tyran-

1839 4442 1992 4492 num,
2024 4425 2256 4495 aliisque
2277 4422 2553 4495 plurimis,
2577 4439 2811 4493 quorum
2841 4424 3155 4479 meminisse
3192 4425 3247 4480 in
3277 4442 3418 4497 praa-
3447 4449 3454 4456 -

1839 4519 1977 4576 senti
1995 4517 2132 4574 nihil
2158 4531 2380 4574 necesse
2404 4526 2508 4572 est.
2525 4515 2880 4586 Ecquomodo
2899 4517 3043 4572 enim
3073 4532 3159 4572 res
3183 4517 3418 4574 insocia-

1837 4613 1998 4680 biles,
2019 4612 2290 4684 sapientia
2309 4621 2364 4668 et
2383 4611 2648 4678 adulatio,
2675 4610 2874 4667 sociari
2900 4625 3139 4681 unquam
3169 4610 3420 4681 possint?

131 4701 188 4777 ᾖ,
223 4704 342 4758 τότ’
368 4703 459 4778 [Ρ.
492 4703 627 4776 590]
652 4704 760 4757 οὐδ’
800 4705 1030 4776 εὐσεὸὴς
1063 4706 1092 4757 ὁ
1132 4706 1540 4772 κόλαξ.Ἀλλως
1566 4727 1624 4763 τε
1647 4711 1740 4766 καὶ

1845 4705 1901 4762 Si
1942 4704 2068 4777 quis
2090 4705 2340 4777 'sapiens,
2391 4720 2497 4760 non
2557 4704 2699 4760 idem
2745 4713 2832 4760 est
2859 4703 3110 4759 adulator
3147 4719 3163 4759 :
3214 4703 3262 4758 si
3292 4704 3420 4774 quis

133 4799 231 4868 τῆς
262 4801 496 4868 σοφίας,
519 4799 570 4850 εί
606 4800 742 4868 πρὸς
772 4798 1118 4868 ἀνθρωπίνην
1146 4799 1359 4852 ἃπασαν
1387 4803 1731 4872 συγκρίνοιτο

133 4891 451 4957 εὐγένειαν,
471 4889 702 4943 τοσοῦτο
720 4889 1080 4962 διαφερούσης
1097 4892 1220 4944 ὅσον
1240 4893 1428 4947 όὸολοῦ
1457 4893 1730 4966 λυχνίτης,

131 4985 363 5041 τοσοῦτο
388 4985 688 5056 διαφέρειν
710 4983 887 5055 χρεὼν
913 4987 1008 5038 καὶ
1029 4986 1129 5057 τὴν
1150 4987 1260 5039 τῶν
1284 4987 1462 5056 σοφῶν
1493 4989 1730 5058 ὁμιλίαν,

131 5077 594 5147 συγκρινομένην
625 5075 759 5146 πρὸς
789 5076 1172 5148 ἀνδραποδώδη
1207 5081 1297 5131 καὶ
1332 5079 1534 5148 ἀγεννῆ
1577 5079 1734 5132 κολα-

129 5169 308 5224 κείαν.
341 5163 430 5222 Ἷί
461 5167 642 5238 πολλὴ
676 5169 878 5236 μεντᾶν
910 5168 1105 5238 ἀλογία
1133 5186 1197 5238 γε
1258 5171 1367 5240 εῐη,
1427 5173 1522 5226 καὶ
1559 5187 1743 5240 παρα-

128 5261 393 5333 πλήσιον,
425 5261 713 5333 ὥσπερᾶν
743 5266 790 5318 εί
824 5264 1068 5319 ἐνεκάλει
1118 5281 1200 5326 τις
1238 5261 1471 5333 Ἀχιλλεί
1511 5263 1585 5333 μὴ
1616 5261 1745 5333 βου-

128 5353 355 5427 λομένῳ
383 5355 668 5426 Θερσίτην
695 5352 855 5419 εἶναι,
883 5356 1018 5426 ῆτῷ
1051 5355 1224 5409 λέοντι
1256 5355 1331 5427 μὴ
1376 5342 1474 5426 τὴν
1535 5355 1744 5411 ἀλωπε-

129 5451 235 5519 κῆν
263 5448 676 5520 ἀλλαττομένῳ
721 5449 819 5519 τῆς
871 5449 1112 5520 λεοντῆς.

1837 4797 2111 4865 adulator,
2156 4814 2267 4853 non
2302 4797 2445 4853 idem
2476 4795 2846 4866 est-sapiens.
2893 4794 3048 4862 Quod
3099 4795 3146 4850 si
3201 4795 3268 4850 de
3303 4797 3419 4853 Deo

1840 4890 1959 4962 ipso
1993 4891 2329 4962 disputetur,
2380 4905 2451 4946 ne
2495 4890 2620 4961 pius
2667 4887 2888 4959 quidem
2937 4887 2986 4944 is
3027 4894 3148 4954 est,
3191 4888 3285 4958 qui
3342 4890 3420 4945 sit

1839 4982 2113 5038 adulator.
2165 4982 2468 5045 Praeterea,
2525 4980 2784 5051 quoniam
2829 4979 3135 5049 sapientia,
3186 4980 3232 5035 si
3292 4994 3418 5039 cum

1841 5075 1992 5132 omni
2027 5074 2270 5130 humana
2324 5073 2613 5128 nobilitate
2668 5083 3040 5142 comparetur,
3090 5080 3246 5128 tanto
3296 5088 3421 5132 eam
3461 5071 3473 5078 ’

1841 5166 2144 5231 antecellit,
2175 5173 2383 5236 quanto
2415 5163 2638 5218 obolum
2671 5162 2944 5234 lychnites
2972 5202 2988 5230 ,
3047 5172 3201 5219 tanto
3251 5165 3420 5222 etiam

1840 5267 2063 5330 Oportet
2119 5256 2448 5327 sapientium
2484 5254 2654 5319 dicta,
2686 5253 2732 5308 si
2767 5269 2888 5309 cum
2918 5253 3106 5310 servili
3135 5264 3191 5310 et
3224 5254 3419 5309 humili
3503 5267 3505 5269 ‘

1841 5349 2211 5406 assentatione
2229 5349 2603 5411 conferantur,
2617 5345 2685 5400 ab
2705 5345 2937 5416 hacipsa
2961 5346 3188 5402 distare.
3205 5345 3420 5408 Absur-

1841 5443 2132 5499 dissimum
2169 5448 2320 5496 certe
2369 5439 2473 5493 hoc
2505 5446 2561 5493 et
2613 5436 2758 5493 idem
2813 5435 2928 5492 fere
2960 5437 3051 5505 sit,
3100 5452 3166 5492 ac
3209 5437 3255 5492 si
3287 5436 3414 5508 quis

127 5543 419 5598 Achillem
460 5541 596 5597 ideo
626 5542 924 5613 vituperet,
958 5541 1104 5614 quod
1146 5557 1268 5599 esse
1302 5540 1587 5598 Thersites
1653 5539 1812 5608 nolit;
1852 5545 1946 5594 aut
1973 5536 2229 5599 leonem,
2285 5531 2432 5604 quod
2468 5530 2663 5587 uellem
2703 5528 2998 5586 .Ileoninam
3045 5529 3270 5600 vulpina
3305 5544 3414 5585 non

127 5649 336 5698 mutet.

1499 5772 1834 5834 Variornm
1866 5775 2053 5833 nota}.

199 5919 326 5988 (σε)
385 5919 478 5974 Ita
528 5933 747 5989 quoque
798 5916 1075 5987 exemplar
1110 5916 1474 5981 Vaticanum,
1524 5913 1579 5969 in
1635 5928 1743 5984 quo
1781 5913 2042 5968 omissum
2116 5908 2322 5980 aliquid
2377 5907 2651 5980 suspicor.
2703 5905 2864 5960 Certe
2907 5903 3022 5958 haec
3068 5900 3205 5958 male
3233 5896 3418 5956 colite-

131 6001 279 6043 rmtl.
336 5992 576 6045 Bonna.
