3974 6628
817 423 823 454 l

290 496 415 562 1209
657 492 728 561 Ιδι
771 505 822 545 (³·
865 490 1024 561 ’⁵⁵η
1263 493 1711 555 ΒΥΖΑΝΤΙΝᾸΞ
1748 491 2134 555 HlSl‘URUE
2173 496 2322 559 LIB.
2365 497 2525 558 XIX.
2612 491 2745 563 l'UP-
2785 505 2826 544 ³ο
2867 503 3163 544 ελκτλευῑ·
3207 483 3260 556 ⁵1
3391 487 3526 561 1210

291 633 386 684 ρον.
424 613 607 678 Ἥμως
641 609 772 679 πρὸς
797 612 861 663 τὰ
895 609 1193 681 δεδογμένα
1231 610 1383 681 αὐτῷ
1411 613 1469 664 ὲν
1512 611 1591 681 τῷ
1647 609 1849 679 παρόν-

1954 629 2019 669 ea
2051 631 2174 684 qum
2221 615 2340 684 ipse
2378 613 2433 670 in
2469 612 2757 684 praesentia
2799 611 2990 665 statuit
3028 607 3394 666 attendentes,
3438 603 3523 657 di-

287 726 330 757 τι
363 709 444 756 τον
471 704 624 770 λόγον
653 705 812 770 ἡμεῖς
850 703 1218 770 ἐξετάσωμεν.
1277 699 1453 758 Τίοὺν
1505 706 1689 767 ὲστινς
1738 697 1848 772 ἆρα

2074 724 2098 761 n
2131 707 2266 763 illud
2313 706 2705 777 expendamus.
2746 704 2886 770 Quid
2919 712 3002 757 est
3034 700 3245 771 igitur?
3287 700 3365 751 An
3401 695 3531 750 sub—
3637 707 3643 715 '

288 799 430 850 οὐσία
460 813 536 856 τις
574 796 667 846 καὶ
702 794 1062 846 ἐνυπόστατον
1118 794 1247 848 καθ’
1270 795 1402 849 αὑτὺ
1464 794 1720 864 ὑφεστὼς·
1757 792 1850 846 καὶ

2019 802 2148 855 mtia
2187 801 2367 871 aliqua
2399 810 2455 856 et
2484 815 2573 855 res
2599 814 2695 868 per
2723 813 2782 852 se
2831 796 3158 857 subsistens,
3190 807 3312 862 quae
3347 799 3406 843 ut
3432 804 3529 843 ex-
3584 833 3588 854 τ

294 890 360 958 μὴ
389 887 470 939 δτό
497 902 634 936 evo-1
665 886 850 948 ἐτέρου
895 886 1033 956 προς
1072 886 1309 956 ὓπαρξιν
1335 905 1348 950 ;
1377 887 1410 958 ἢ
1456 888 1679 953 ποιότης
1705 883 1848 938 ἀσώ-

1960 895 2106 950 sistat
2141 894 2249 948 alio
2311 909 2416 946 nun
2454 891 2650 961 egeat?
2689 891 2769 947 An
2823 888 3055 955 qualitas
3107 885 3428 952 incorporea
3471 888 3529 934 et

293 996 443 1046 ματος
463 977 553 1030 καὶ
575 978 659 1046 ΙΡ.
695 977 822 1046 592‘I
849 979 1119 1043 άνούσιος,
1143 981 1200 1031 ὲν
1222 979 1365 1048 ἄλλῳ
1385 981 1443 1032 τὸ
1465 975 1626 1042 εἶναι,
1657 980 1758 1031 οὐκ
1791 979 1848 1030 ὲν

1959 987 2272 1043 substantiae
2299 999 2520 1053 expers,
2549 999 2670 1052 qua:
2699 997 2820 1035 esse
2851 983 2902 1033 in
2931 979 3057 1044 alio,
3097 993 3205 1030 non
3243 976 3295 1029 in
3326 989 3383 1028 se
3413 973 3528 1042 ipsa

292 1072 444 1138 ἑαυτῇ
481 1070 851 1139 θεωρούμενον
875 1071 1268 1141 ἔχουσαζἈλλ’
1303 1073 1351 1125 εί
1377 1071 1476 1141 μὲν
1498 1071 1654 1124 οὐσία
1708 1070 1846 1132 ἐστὶ,

1960 1081 2358 1135 consideratum
2397 1077 2630 1132 habeat?
2656 1078 2723 1130 At
2759 1077 2803 1130 si
2835 1072 3141 1128 sub~tantia
3171 1068 3391 1140 quidem
3423 1075 3529 1127 est,

294 1163 513 1231 πότερον
541 1162 809 1232 ἀγγελική
838 1165 999 1230 ﬁnal
1025 1167 1121 1220 καὶ
1153 1164 1385 1233 ἄγγελος
1449 1165 1564 1232 φῶς
1622 1164 1718 1215 καὶ
1751 1159 1846 1214 τοῦ

1962 1183 2210 1229 utrumne
2274 1171 2574 1243 angelica?
2607 1170 2740 1224 Nam
2777 1167 3004 1236 angelus
3048 1177 3268 1232 quoque
3321 1167 3407 1214 est
3445 1157 3531 1210 lu-

296 1257 497 1325 πρώτου
520 1258 610 1307 καὶ
635 1257 895 1310 ἀνωτάτω
921 1258 1097 1326 φωτὸς
1125 1256 1464 1327 μαρμαρυγὴ
1487 1258 1578 1310 καὶ
1601 1255 1852 1323 ἀπόλαμ-

1967 1283 2101 1329 uen,
2127 1275 2183 1319 et
2216 1264 2378 1335 primi
2411 1257 3008 1333 supremiqueluminis
3035 1251 3340 1307 coruscatio
3372 1247 3536 1302 emis-

221 1338 258 1428 γ’
293 1345 394 1414 ᾴις.
425 1345 546 1398 MT
572 1346 672 1399 οὐκ
724 1345 790 1400 ἂν
819 1345 979 1400 τοῦτο
1037 1349 1203 1402 είποι.
1253 1367 1271 1400 ι
1337 1348 1443 1402 Καὶ
1481 1346 1600 1415 μετ’
1629 1346 1790 1412 ὀλίγοι

1958 1377 2156 1429 susqtte
2197 1376 2263 1413 ex
2295 1374 2363 1413 eo
2417 1357 2614 1427 fulgor.
2659 1352 2763 1409 Sed
2798 1353 2903 1404 hoc
2955 1349 3046 1404 ille
3095 1361 3203 1399 non
3242 1341 3460 1396 dixerit.
3508 1357 3527 1390 ι

218 1433 232 1484 ὀ
302 1453 320 1488 t
344 1437 398 1490 Εἰ
424 1436 541 1489 θεία
575 1438 754 1500 οὐσία,
784 1438 902 1501 πῶς
935 1440 1012 1502 είς
1044 1440 1204 1492 τοῦτο
1235 1438 1510 1509 μετῴχετο
1533 1454 1549 1504 ;
1576 1439 1636 1490 El
1674 1437 1778 1506 μὲν,

1966 1455 2094 1509 Γιιιη
2122 1453 2284 1521 paulo
2311 1461 2435 1518 post
2468 1469 2483 1505 :
2523 1469 2541 1500 ι
2591 1447 2647 1501 Si
2695 1441 3005 1499 substantia
3050 1438 3236 1494 divina
3263 1444 3370 1521 est,
3397 1445 3535 1500 quo-

296 1530 393 1602 ίδίᾳ
429 1530 720 1584 ὑποστάσει
745 1531 868 1585 καθ’
890 1533 1092 1600 ἑαυτὴν
1116 1533 1469 1602 θεωρουμένη
1494 1530 1852 1602 μετελθοῦσα,

1969 1517 2200 1600 modovea
2227 1545 2278 1598 in
2305 1517 2436 1598 illud
2461 1542 2642 1595 lumen
2671 1535 2921 1593 transiit?
2945 1533 3002 1587 Si
3033 1531 3087 1585 iu
3117 1517 3538 1597 propria’subsi-

292 1625 376 1676 καὶ
399 1619 506 1675 οἷον
540 1622 668 1676 ἄλλο
695 1625 792 1676 καὶ
835 1625 1036 1679 εἰδικόν
1082 1627 1474 1698 ἀποτεμομένη
1538 1629 1852 1697 πρόσωπον,

1968 1637 2158 1692 stentia
2197 1643 2253 1690 et
2281 1650 2382 1706 per
2416 1649 2473 1689 se
2504 1632 2676 1702 ipsam
2713 1627 3067 1683 considerata
3105 1619 3342 1684 transiit,
3376 1626 3434 1672 et
3463 1616 3537 1668 ita

291 1717 364 1779 είς
391 1715 486 1786 τὴν
518 1716 612 1770 τοῦ
641 1717 816 1784 Λόγου
885 1719 1188 1786 διαπρέπον
1234 1721 1557 1790 ἐμφέρειαν,
1617 1720 1857 1790 μηδεμιᾷ

1972 1729 2154 1790 livisa,
2187 1737 2244 1781 ut
2289 1726 2449 1780 aliam
2487 1734 2541 1778 et
2570 1721 2865 1792 specialem
2906 1728 2963 1774 et
2992 1713 3156 1772 Verbi
3192 1711 3428 1782 imagine
3455 1708 3541 1762 in-

290 1809 390 1862 τῶν
424 1810 482 1862 ὲν
511 1813 578 1880 τῇ
603 1811 796 1881 Τριάδι
826 1813 1132 1878 νοουμένων
1197 1813 1713 1882 συμπαρυποστᾶσα
1760 1814 1856 1864 καὶ

1970 1819 2166 1888 signem
2204 1815 2632 1883 distinctumque
2673 1823 2964 1881 personatn
3015 1804 3355 1863 constituat,
3409 1813 3539 1854 cum

294 1905 611 1974 συμφυεῖσα,
640 1906 836 1977 τετράς
872 1908 1058 1973 σαφῶς
1079 1907 1226 1977 αὐτῷ
1257 1909 1289 1977 ἡ
1325 1907 1496 1978 Τρεάς
1529 1905 1853 1960 ἀποτετέλε-

1974 1911 2106 1966 tulla
2144 1909 2447 1980 bypostasi,
2477 1921 2673 1978 earum
2699 1918 2822 1972 quae
2856 1901 2909 1955 in
2932 1899 3203 1954 Trinitate
3229 1893 3543 1963 intelligun-

293 2013 426 2051 σται.
450 1996 554 2051 Kal
572 1998 761 2066 ὁρᾶτε,
787 1999 863 2060 ὡς
897 1998 1180 2068 φιλότιμος
1222 2001 1352 2066 περὶ
1412 1999 1513 2068 τὴν
1561 1998 1714 2051 θείαν
1753 1998 1842 2051 οὐ·

1972 2019 2072 2065 mr,
2111 2004 2272 2057 simul
2302 2002 2611 2054 subsistens
2645 2008 2701 2053 et
2723 1996 3062 2052 coalescens,
3093 1990 3272 2060 palam
3302 1994 3386 2041 est
3413 1998 3541 2038 eum

291 2091 405 2142 σίαν
433 2089 708 2156 Εὐσέϐιος,
736 2091 970 2162 ἀφθονίᾳ
999 2091 1356 2146 ὐποστάσεων
1418 2091 1710 2162 πληθύνων
1755 2092 1851 2143 καὶ

1972 2113 2020 2150 ex
2068 2095 2336 2148 'l‘riuitate
2379 2090 2806 2158 quadriuitatcm
2849 2085 3065 2140 fecisse.
3115 2082 3289 2137 Porro
3333 2076 3541 2138 videte,

291 2179 460 2246 αὔξων
499 2181 568 2234 τά
589 2181 913 2252 ἀπλήουντα
943 2161 1036 2236 καὶ
1068 2183 1317 2252 ἀμείωτα
1373 2183 1468 2236 καὶ
1519 2161 1699 2252 πάσης
1752 2183 1853 2253 τῆς

1977 2205 2082 2259 :rga
2106 2188 2347 2242 divinam
2388 2183 2754 2240 substantiam
2792 2195 2954 2250 qttam
2987 2175 3274 2231 ambitiose
3301 2161 3546 2226 liberalis

291 2272 524 2327 ὁπωσοῦν
541 2274 786 2340 ὐφέσεως
814 2277 909 2328 καὶ⁸
942 2276 1291 2346 πλεονασμοῦ
1317 2277 1666 2330 παντάπασιν
1726 2278 1847 2328 ἀνε-

1976 2282 2034 2337 sit
2056 2279 2352 2341 Eusebius,
2379 2278 2474 2347 qui
2501 2273 2886 2347 liypostasibus
2920 2266 3301 2336 multiplicatis
3319 2279 3381 2318 ea
3401 2261 3545 2315 mul-

291 2364 529 2421 πίύενιτα.
555 2366 617 2420 El
640 2365 688 2420 δ’
710 2368 790 2430 είς
815 2366 914 2438 τὴν
947 2369 1042 2421 τοῦ
1064 2369 1239 2436 Λόγου
1267 2370 1597 2440 συγχυθεῖσα
1630 2368 1722 2421 καὶ
1747 2367 1857 2421 ὦσ-

1972 2375 2168 2445 .iplieet
2199 2382 2255 2428 et
2294 2381 2492 2443 augeat
2516 2413 2530 2431 ,
2567 2380 2689 2438 quae
2719 2381 2819 2421 nec
2846 2361 3200 2433 multiplicari
3232 2373 3336 2412 nec
3367 2353 3541 2410 minui

291 2474 389 2529 περ
410 2457 830 2513 συνουσιωθεϊσα
850 2459 1130 2531 παρῆλθεν
1156 2461 1478 2524 ὑπόστασιν,
1505 2463 1650 2531 μετᾶ
1677 2463 1855 2516 πλείο-

1980 2475 2214 2532 possunt,
2252 2479 2355 2519 uec
2383 2463 2554 2518 ullum
2606 2473 2855 2529 prorsus,
2878 2472 2973 2512 seu
3017 2453 3295 2509 defectum
3328 2465 3425 2504 seu
3455 2463 3549 2502 ex-

289 2567 370 2614 νος
393 2551 488 2619 τῆς
518 2553 944 2624 εὐγνωμοσύνης
984 2553 1312 2626 προσθήκην
1344 2557 1439 2608 καὶ
1497 2553 1734 2626 αὔξησιν
1785 2557 1853 2626 τῇ

1980 2574 2175 2614 ’85811111
2213 2557 2324 2611 ullo
2369 2554 2532 2610 modo
2560 2553 2723 2624 942
2754 2548 3082 2605 admittunt.
3105 2546 3201 2601 Sin
3232 2543 3384 2598 velut
3416 2555 3549 2595 con-

289 2642 377 2697 τού
399 2643 572 2713 Λόγου
603 2644 742 2714 αὐτῇ
778 2645 994 2700 δίδωσιν
1045 2646 1379 2702 ὑποστάσει·
1413 2648 1538 2718 ἥτις
1564 2650 1665 2702 οὐκ
1722 2649 1857 2720 άλλη

1982 2668 2077 2706 usa
2109 2661 2166 2705 et
2210 2649 2370 2721 quasi
2406 2642 2903 2704 consubstantialis
2934 2640 3073 2694 facta
3102 2639 3156 2692 in
3187 2635 3350 2690 Verbi
3378 2633 3551 2705 bypo-

293 2735 432 2805 παρὰ
459 2737 558 2808 τὴν
585 2736 685 2792 τοῦ
721 2738 936 2808 Πατρος
957 2738 1148 2793 οὐσίαν
1171 2740 1238 2810 τῇ
1258 2739 1420 2808 φύσει
1445 2741 1582 2805 ἐστὶ,
1637 2739 1715 2813 τῷ
1761 2759 1858 2812 χα-

1981 2743 2136 2797 =tasin
2200 2739 2419 2796 transiit
2448 2780 2464 2805 ,
2498 2739 2673 2809 major
2702 2744 2789 2791 est
2828 2730 3055 2790 Eusebii
3088 2727 3422 2798 benignitas,
3455 2721 3550 2793 qui

295 2826 695 2897 ρακτηριστικῷ
710 2828 765 2882 δὲ
787 2827 888 2898 τῆς
921 2827 1189 2899 ἰδιότητος
1233 2829 1398 2900 μόνον
1427 2831 1572 2884 κατὰ
1605 2833 1706 2904 τὴν
1737 2832 1860 2900 γέν-

1980 2835 2330 2892 ιςερεείοιιεηι
2384 2842 2441 2889 et
2503 2839 2857 2901 augmentum
2896 2826 3001 2898 ipsi
3054 2822 3217 2878 Verbi
3268 2817 3549 2892 hypostasi

293 2931 438 2986 νησιν
463 2916 819 2989 διαφέρουσα.
844 2917 1004 2974 Οὑτω
1039 2921 1179 2990 πρὸς
1207 2920 1329 2993 τὴν
1386 2922 1720 2994 ὐπερπλήρη
1763 2927 1860 2978 καὶ

1983 2929 2214 2998 argitur,
2257 2943 2378 2996 qua:
2406 2934 2602 2980 natura
2635 2938 2733 2977 sua
2770 2937 2878 2976 non
2909 2919 3014 2974 alia
3042 2925 3128 2971 est
3156 2914 3226 2969 ab
3247 2911 3549 2967 substantia

296 3007 556 3078 ἀπροσδεᾶ
583 3009 1154 3084 καταδαψιλευόμενος
1178 3012 1343 3084 φύσιν
1370 3015 1471 3086 τὴν
1506 3016 1704 3069 ἑαυτοῦ
1761 3033 1860 3070 ca—

1984 3023 2162 3084 ‘atris,
2207 3021 2319 3074 sola
2355 3029 2536 3073 autem
2591 3015 2928 3086 proprietate
2975 3006 3427 3066 characteristiea
3455 3018 3553 3072 per

293 3100 398 3166 φῶς
447 3103 791 3172 ὲκπομπεύει
849 3105 1070 3175 μανίαν,
1128 3105 1269 3160 ὥστε
1307 3108 1558 3161 σύνθεσιν
1619 3109 1712 3161 ἐπὶ
1759 3107 1862 3178 τῆς

1981 3112 2379 3184 generationem
2407 3107 2613 3162 diﬂ'ert.
2673 3105 2764 3160 Sic
2796 3101 3182 3173 superplenam
3212 3107 3268 3153 et
3299 3097 3368 3150 ab
3401 3092 3550 3148 onmi

295 3187 758 3266 ὑπερηπλωμένης
789 3198 881 3251 καὶ
932 3198 1116 3268 πάσης
1165 3199 1472 3269 ἁπλότητος
1529 3200 1860 3270 ὑπερέκεινα

1995 3203 2276 3271 indigentia
2326 3201 2562 3255 alienam
2591 3205 2846 3252 naturam
2873 3189 3258 3263 ampliﬁcando
3287 3202 3440 3243 suam
3471 3187 3556 3240 in-

294 3285 467 3350 οὐσίας
501 3288 766 3355 ἐπινοεῖν,
795 3291 852 3357 ἐξ
884 3286 950 3360 ἧς
980 3293 1076 3344 καὶ
1109 3291 1286 3354 πάθος
1340 3291 1399 3359 ἐξ
1434 3288 1705 3360 ’ἀνάγκης
1736 3291 1863 3361 ἓψε’

1983 3298 2178 3352 ιτιιιὶιιιιι
2251 3295 2428 3364 palam
2495 3291 2774 3356 declarat;
2835 3287 2974 3342 adeo
3026 3285 3172 3340 utin
3203 3279 3552 3342 substantia,

295 3394 377 3430 ται
397 3381 485 3434 ἐπὶ
509 3383 607 3452 τῆς
630 3383 908 3453 μακαρίας
961 3385 1058 3438 καὶ
1087 3383 1334 3447 ἀπαθοῦς
1389 3384 1660 3454 θεότητος.
1696 3405 1725 3432 ι
1755 3384 1864 3449 Καὶ

1986 3403 2092 3456 tua;
2126 3383 2527 3455 supersimplex
2555 3397 2650 3436 seu
2687 3377 2835 3433 omni
2869 3376 3218 3446 simplicitate
3253 3369 3555 3440 simplicior

299 3471 408 3540 μετ’
455 3473 672 3542 ὀλίγον·
719 3492 739 3526 r
813 3475 1116 3528 Υπόλοιπον
1139 3475 1185 3528 δ’
1233 3471 1328 3530 οὖν
1373 3477 1488 3530 ἐστι
1546 3477 1752 3548 ζητεῖν,
1811 3478 1862 3530 εί

1982 3487 2073 3542 εει,
2114 3476 2574 3544 compositionem
2606 3469 2922 3539 excogitet;
2952 3483 3016 3520 ex
3049 3480 3156 3536 qua
3205 3461 3337 3518 illud
3385 3459 3551 3514 etiam

296 3563 542 3634 ποιότητα
573 3563 740 3620 τοῦτο
763 3565 1056 3636 ἀσώματον
1095 3568 1128 3637 ἢ
1162 3567 1417 3622 ἀνούσιον
1449 3564 1597 3634 εἰπε,
1638 3569 1692 3622 τί
1717 3585 1861 3637 συμ-

1986 3577 2365 3638 :Ouseqttetttr,
2400 3565 2713 3634 passionem
2748 3562 2926 3617 locum
2963 3557 3166 3612 italu-re
3210 3557 3262 3608 in
3298 3553 3457 3605 beata
3497 3556 3555 3604 et

296 3653 458 3709 ϐαίνει
479 3673 494 3688 ·
524 3653 636 3712 οἷον
667 3657 978 3730 άπόρῤοιάν
998 3658 1123 3712 τινά
1151 3675 1298 3723 τινος
1328 3660 1518 3722 οὐσίας
1551 3661 1645 3713 καὶ
1687 3658 1865 3712 ἀπαύ-

1992 3659 2293 3732 mpassibili
2349 3657 2659 3712 divinitate.
2704 3672 2723 3707 ι
2764 3655 2839 3708 Ac
2873 3651 3033 3722 paulo
3069 3656 3191 3718 Post
3231 3665 3244 3702 :
3291 3665 3306 3696 ι
3345 3644 3557 3711 Super-

295 3763 490 3816 γασμα,
522 3754 601 3815 είς
632 3753 700 3823 ἢν
728 3753 762 3822 η
799 3752 983 3822 μορφὴ
1024 3741 1209 3824 εκείνη
1241 3752 1684 3824 μεταὸἐόληται;
1725 3751 1864 3806 Ἀλλ’

1985 3764 2054 3810 :st
2087 3754 2274 3822 itaque
2307 3760 2364 3804 ut
2394 3763 2726 3819 quaeramus,
2763 3747 2808 3801 si
2855 3744 3176 3816 qualitatem
3203 3740 3335 3794 illud
3365 3739 3554 3803 lumen

297 3841 436 3896 οὐδὲν
458 3839 620 3916 ἦττον
649 3846 684 3916 ἡ
718 3844 908 3898 πασῶν
936 3846 1140 3918 ἐσχάτη
1198 3846 1355 3916 ὕϐρις
1381 3846 1475 3900 καὶ
1536 3845 1736 3899 ἀτοπία
1786 3844 1866 3917 τῷ

1984 3849 2361 3914 iucorpoream
2411 3843 2495 3897 vel
2554 3840 2862 3896 substantia
2917 3847 3193 3893 carentem
3225 3849 3346 3889 esse
3378 3831 3553 3896 dixit,

299 3931 418 4004 θείῳ
440 3935 830 4007 προστρίψεται
859 3936 1094 4008 σώματι.
1143 3938 1471 4009 Λωϐήσαιτο
1519 3939 1627 4010 γὰρ
1652 3938 1718 3992 ἂν
1773 3939 1867 3993 τὸν

1987 3937 2102 4009 [uid
2145 3937 2361 3992 accidat
2399 3955 2414 3992 :
2453 3934 2657 4006 aliquid
2706 3931 2918 3988 scilicet
2966 3946 3088 3987 esse
3115 3929 3261 3982 velut
3290 3939 3556 3980 emanaus

296 4023 382 4076 τοῦ
407 4021 544 4081 εἶναι
570 4028 753 4098 λόγον,
785 4029 1093 4102 καὶταύτῃ
1121 4031 1183 4084 τὸ
1215 4030 1575 4100 ἀνύπαρκτον
1609 4030 1865 4102 είσαχθήα

1988 4041 2027 4087 :t
2051 4031 2326 4100 eﬂ'ulgens
2356 4046 2422 4084 ex
2478 4027 2810 4089 substantia,
2843 4025 2896 4080 in
2924 4022 3070 4096 quod
3103 4022 3276 4076 forma
3305 4018 3396 4073 illa
3434 4031 3557 4071 mu-

301 4128 462 4170 σεται.
498 4118 712 4182 ’Δλλως
733 4135 798 4172 τε
833 4118 946 4174 οὐδ’
971 4118 1150 4174 ἔνεστι
1200 4121 1463 4190 ποιότητα
1499 4121 1867 4190 ὑποκειμένου

1996 4134 2084 4179 ata
2117 4124 2210 4179 sit.
2265 4125 2335 4178 At.
2381 4122 2558 4177 nihilo
2610 4120 2795 4174 minus
2823 4119 3076 4186 ultimum
3109 4113 3351 4170 omnium
3379 4119 3436 4166 et
3467 4109 3560 4166 ab-

298 4203 411 4279 δίχα
433 4210 552 4264 καθ’
607 4212 814 4284 ἑαυτὴν
857 4213 886 4266 ὅ
914 4230 966 4266 τι
992 4213 1123 4266 ποτέ
1151 4214 1268 4267 ἐστι
1315 4212 1708 4283 διαδειχθῆναι,
1767 4213 1867 4268 κᾶν

1986 4217 2357 4273 ίιιιᾱίεείηιιιιη
2389 4215 2635 4271 dedecus
2685 4213 2873 4268 divino
2912 4209 3129 4278 corpori
3187 4207 3555 4278 imprimetur.

297 4299 398 4355 τῶν
423 4303 697 4360 οὐσιωδῶν
752 4305 924 4377 αὐτὴν
954 4305 1100 4360 εἴποι
1127 4322 1212 4370 τις
1230 4321 1246 4337 ’
1274 4306 1308 4377 ἢ
1334 4307 1429 4361 καὶ
1452 4307 1533 4370 είς
1555 4306 1744 4370 οὐσίας
1772 4307 1866 4376 μέ⁸

1992 4310 2211 4366 latione
2259 4308 2465 4378 quippe
2517 4323 2640 4364 esse
2679 4308 2764 4362 sui
2800 4304 3176 4367 mulctabitur,
3213 4311 3269 4356 et
3303 4303 3376 4355 ita
3411 4298 3561 4354 futu-

305 4407 388 4460 ρος
419 4395 703 4466 ἀνάγεται.
738 4397 829 4462 Ὧς
859 4399 904 4452 δ’
935 4400 1030 4452 ἐπὶ
1052 4398 1510 4472 παραδείγματος
1540 4400 1740 4464 εἰπεῖν,
1764 4400 1869 4454 οὐκ

1990 4420 2095 4459 :um
2130 4401 2372 4474 estquid
2397 4417 2505 4456 non
2529 4401 2825 4458 exsistens.
2859 4399 2969 4454 Nec
3001 4412 3132 4452 vero
3166 4395 3402 4464 qualitas
3439 4393 3559 4447 sine

298 4479 359 4534 ἂν
389 4485 447 4537 τὸ
465 4486 685 4558 λογικόν
701 4505 808 4542 που
841 4491 1076 4560 συσταίη
1111 4491 1476 4560 ὑποκειμένου
1518 4490 1668 4557 ἄνευ,
1690 4491 1718 4544 ὃ
1753 4491 1867 4544 ἐστι

1987 4496 2226 4568 subjecto
2272 4511 2371 4565 per
2415 4510 2474 4550 se
2509 4495 2682 4564 ipsam
2729 4491 2862 4563 quid
2912 4490 2986 4545 sit
3031 4487 3302 4544 declarari
3336 4493 3556 4555 petest,

296 4575 352 4626 τδ
378 4574 530 4646 ζῶον,
565 4583 618 4636 εί
655 4579 732 4652 μὴ
765 4581 1034 4654 πρότερόν
1061 4597 1149 4648 τις
1183 4583 1446 4637 ὑπόθοιτο
1471 4583 1660 4638 οὐσίαν
1685 4583 1864 4654 ἐμψυ-

1988 4588 2194 4646 ειίοηιεί
2231 4576 2356 4658 quis
2389 4603 2512 4644 eam
2567 4584 2984 4641 substantialem
3035 4581 3214 4638 dicat:
3249 4577 3557 4649 cuiusmodi

296 4682 382 4736 χον
404 4673 744 4746 αἰσθητικήν.
787 4673 1067 4739 Ὡσαύτως
1086 4675 1184 4729 καὶ
1231 4677 1281 4729 εί
1320 4677 1382 4730 τὸ
1429 4675 1644 4747 θνητὸν,
1682 4675 1865 4748 ἢάθά-

1991 4683 2219 4754 qualitas
2250 4699 2374 4754 pars
2413 4681 2735 4738 substantiae
2781 4695 2904 4735 esse
2945 4686 3221 4733 censetur.
3259 4677 3460 4744 Atque,
3499 4681 3560 4726 ut

298 4775 464 4825 νατον,
484 4765 518 4836 ἢ
540 4782 592 4820 τι
617 4766 725 4819 τῶν
751 4767 1030 4820 τοιούτων.
1072 4766 1160 4820 Ἐν
1185 4767 1294 4821 τίνι
1351 4768 1463 4838 γὰρ
1497 4769 1565 4822 ἂν
1594 4770 1747 4841 σχοίη
1769 4769 1867 4840 τὴν

1989 4775 2232 4845 exemplo
2255 4785 2495 4839 utamur,
2521 4773 2865 4828 rationalitas
2887 4771 3095 4840 absque
3117 4770 3388 4840 subjecto,
3409 4765 3558 4836 quod

299 4846 556 4924 ὑπαρξινς
591 4876 612 4911 ι
651 4859 762 4912 Kal.
789 4857 1024 4930 ἀλλαχοῦ
1043 4875 1060 4892 ·
1095 4860 1256 4914 «Ὅτι
1284 4861 1382 4930 μὲν
1404 4862 1513 4931 γάρ
1533 4861 1592 4916 τὸ
1627 4861 1868 4933 φθαρτόν

1988 4877 2061 4923 εει
2093 4865 2320 4931 animal,
2348 4880 2619 4935 nusquam
2655 4864 2942 4926 consistat,
2983 4862 3110 4927 (hoc
3149 4861 3252 4928 est)
3286 4859 3393 4914 nisi
3431 4859 3557 4928 quis

297 4940 447 4996 τοῦτο
473 4947 798 5004 ἐνδύσασθαι
835 4951 918 5004 δεῖ
939 4950 1253 5024 ἀφθαρσίαν
1281 4953 1378 5007 καὶ
1414 4954 1474 5007 τὸ
1498 4952 1700 5024 θνητὴν
1726 4955 1864 5008 ἀθα-

2063 4976 2127 5016 us
2150 4968 2426 5029 supponat
2475 4957 2844 5013 substantiam
2875 4956 3172 5010 animatum
3210 4953 3556 5007 scnsitivant.
3629 4988 3632 4993 ι

299 5034 502 5129 νοτίαν,
525 5040 551 5091 6
575 5039 750 5110 μέγας
773 5044 1130 5122 μυσταγωγεῖ
1158 5042 1505 5108 ’Δπόστολος.
1531 5045 1605 5098 Τὸ
1624 5045 1681 5099 δὲ
1703 5045 1864 5115 σῶμα

1986 5048 2120 5104 idem
2151 5058 2238 5104 est
2281 5049 2326 5103 si
2363 5048 2448 5102 vel
2494 5046 2806 5100 mortalitas
2831 5087 2846 5112 ,
2891 5046 2978 5100 vel
3037 5045 3439 5109 immortalitas,
3473 5045 3555 5098 vel

301 5129 577 5194 ασωματότ
588 5149 692 5204 ητα
707 5133 1097 5206 ὲνδύσασθαι,ἢ
1119 5134 1179 5187 τὸ
1197 5134 1416 5188 κτιστδν
1442 5137 1696 5204 γενέσθαι
1715 5138 1870 5191 άκτι-

1990 5141 2178 5211 tliquid
2214 5140 2484 5212 ejusu'odi
2521 5149 2876 5208 proponatur.
2909 5138 2967 5192 lu
2999 5154 3108 5208 quo
3149 5137 3295 5193 enim
3333 5137 3559 5191 habebit

304 5227 390 5265 στο
405 5218 482 5288 ull
502 5223 558 5273 τὸ
579 5219 797 5294 [Ρ.595]
817 5239 880 5276 πε
893 5223 1194 5294 ρίγραπτον
1232 5224 1750 5296 είςςάπεριγραψίαν
1775 5241 1871 5295 με-

1991 5234 2337 5289 :xsisteutiam
2369 5233 2392 5286 ?
2433 5233 2497 5287 Et
2525 5232 2632 5286 alio
2664 5232 2782 5287 loco
2809 5248 2826 5288 :
2865 5249 2882 5283 ι
2914 5232 3048 5286 Nam
3076 5231 3219 5302 quod
3243 5229 3406 5301 95.3
3434 5245 3560 5284 cor-

302 5310 603 5406 τατεθὴναι,
626 5315 688 5367 οὐ
701 5332 782 5368 πω
806 5315 968 5388 μέχρι
999 5317 1095 5370 καὶ
1113 5317 1353 5391 τήμερον
1379 5319 1668 5390 ἧκουσται.
1705 5338 1724 5372 ι
1756 5321 1865 5374 Καὶ

1986 5325 2236 5392 ruptibile
2264 5325 2368 5378 hoc
2405 5324 2638 5380 induere
2669 5331 2922 5394 oporteat
2951 5323 3555 5393 incorruptibilitatem.

303 5397 408 5448 ἀλλ.
428 5402 520 5470 χοῦ
541 5420 554 5435 ⁸
593 5425 610 5458 ι
659 5406 734 5460 Τὸ
758 5406 918 5478 φύσει
962 5408 1169 5462 ἁπλοῦν
1195 5409 1320 5463 οὐτε
1344 5411 1597 5479 ὁρᾶσθαι,
1624 5409 1748 5464 οὐτε
1787 5411 1867 5465 εί·

1987 5423 2028 5468 at
2058 5413 2290 5467 mortale
2319 5410 2815 5476 immortalitatem,
2847 5412 3168 5483 mysterium
3194 5421 3277 5465 est
3303 5427 3332 5464 ιι
3365 5425 3556 5480 magno

303 5485 642 5562 δοποιείσθαι,
666 5497 792 5553 οὐτε
837 5499 1074 5570 πάσχειν
1103 5518 1156 5554 τι
1179 5501 1304 5554 καθ’
1331 5501 1614 5556 ὁντιναοῦν
1665 5503 1868 5570 τρόπον

1985 5503 2234 5573 Apostolo
2283 5503 2542 5558 traditum
2594 5505 2634 5558 ⁸.
2679 5504 2750 5559 At
2805 5519 3009 5574 corpus
3069 5502 3554 5571 iucorporeitatem

305 5581 555 5678 πέφυκεν.
602 5589 839 5654 ’Ᾱπαθὲς
885 5592 996 5664 γὰρ
1052 5593 1149 5647 καὶ
1198 5592 1476 5664 ἄφθαρτον
1526 5595 1624 5649 καὶ
1683 5597 1864 5670 πάντη

1984 5585 2248 5661 induisse,
2284 5604 2379 5650 aut
2411 5605 2656 5651 creatum
2687 5589 2924 5651 evasisse
2957 5596 3283 5654 increatum,
3314 5602 3408 5647 aut
3445 5593 3553 5647 cir-

305 5676 672 5748 ακιτάληπτον
712 5682 808 5736 καὶ
850 5683 1271 5754 άπερίγρειπτον
1298 5701 1314 5715 ·
1369 5687 1530 5740 τοῦτο
1593 5687 1652 5740 δὲ
1697 5687 1750 5740 τί
1799 5687 1864 5740 ἂν

1984 5689 2376 5760 cuntscriptum
2436 5689 2492 5744 in
2532 5690 2871 5756 iucircumps
2907 5689 3110 5757 riptutu
3151 5685 3475 5749 transiisse,‘
3502 5686 3553 5741 id

307 5761 383 5831 εἴη
403 5765 524 5824 ἀλλο
556 5772 588 5843 ἢ
615 5771 789 5840 Θεός;
828 5793 847 5827 ι
884 5775 992 5830 Καὶ
1023 5778 1142 5848 μετ’
1173 5776 1388 5850 ὀλίγον’
1431 5797 1450 5834 ι
1489 5780 1550 5835 Εί
1579 5779 1688 5851 γὰρ
1739 5778 1868 5836 ταύο

1980 5780 2201 5852 quidem
2233 5780 2479 5838 nondum
2506 5781 2574 5836 ad
2603 5781 2744 5838 banc
2773 5780 2917 5836 diem
2943 5793 3116 5848 usque
3133 5775 3379 5831 auditqu
3409 5787 3549 5836 (ιδιά

376 5943 386 5975 ⁸
424 5943 591 6009 Hier.
626 5969 712 6014 xv.
750 5955 837 6015 53.
