3856 6580
195 522 212 582 1
230 521 330 580 ὲἩ

578 512 657 583 [Α.
698 529 747 565 c.
793 511 952 583 1351]

1211 509 1655 572 ΒΥΖᾹΝΤΙΝΕ
1698 505 2083 568 llIS'l'ORlJi
2119 504 2263 564 LIB.
2298 502 2426 562 XX.

3306 488 3325 550 1
3337 481 3449 548 2M

2540 494 2677 568 [ιιιιι.
2714 509 2757 548 .t.
2797 506 3095 547 omnem.
3138 486 3194 559 5]

188 650 304 699 τοις
339 633 456 697 ἄμα
492 633 588 685 καὶ
625 611 985 700 πράγμασιν)
1033 627 1285 681 ἐϐούλετο
1314 628 1359 681 δ’
1390 625 1456 679 αὖ
1496 628 1590 681 καὶ
1614 624 1765 694 φιλο-

1892 631 2045 673 οιιιιιι
2077 616 2213 672 illud
2248 623 2525 670 certamen
2567 619 2777 682 ageret.
2809 604 3039 662 Volebat
3099 602 3295 654 rursus
3330 611 3448 650 am-

186 725 373 792 τιμίας
406 724 664 786 ἐπίδειξίν
708 739 829 774 τινα
877 721 956 793 τῷ
985 720 1233 789 συλλόγῳ
1282 718 1545 788 παρέχειν
1582 716 1767 769 ποικί-

1876 712 2075 767 biliosa
2105 716 2161 763 et
2189 705 2478 774 multiplici
2521 701 2892 759 ostentatione
2919 712 2979 753 se
3017 696 3195 765 ipsum
3227 692 3280 745 in
3313 704 3449 743 con-

187 819 301 879 λον,
341 818 686 887 μνημόσυνον
716 815 894 882 ἐαυτῷ
938 812 1336 884 μηχανώμενος
1365 811 1528 882 δῆθεν
1551 808 1768 864 αίώνιον

1891 805 1999 860 :ilio
2035 802 2345 866 venditare,
2378 806 2556 868 atque.
2585 796 2675 851 ita.
2700 792 3023 848 memoriam
3056 782 3446 855 sempiternam

187 912 283 961 καὶ
314 911 485 978 γέμον
517 908 875 977 καυχήματος
911 904 1235 976 ἐμϐριθοῦς.
1263 905 1499 958 Ἔπειτα
1533 901 1636 972 τὴν
1670 899 1766 956 τοῦ

188 988 402 1063 ἀγῶνος
437 999 682 1053 διάθεσιν
728 998 944 1069 βλέπων
990 997 1050 1050 οὑ
1097 997 1241 1051 κατά
1280 997 1508 1067 γνώμην
1536 994 1769 1061 ἐκϐεϐη-

189 1097 353 1147 κυῖαν
377 1092 527 1162 αὑτῷ
570 1092 651 1161 (οὑ
682 1093 791 1162 γὰρ
822 1086 968 1161 εῖχεν
999 1091 1063 1144 ὲκ
1106 1089 1299 1160 πείρας
1343 1089 1497 1159 ίσχὺν
1521 1088 1772 1159 ἁπαντᾷν

188 1191 270 1251 εἰς
299 1188 400 1250 τὰς
454 1186 814 1256 προτεθείσας
843 1185 952 1238 τῶν
981 1184 1144 1239 θείων
1192 1184 1453 1256 Πατέρων
1502 1182 1732 1252 χρήσεις
1754 1197 1769 1212 ·

188 1278 305 1331 οὔτ’
335 1275 402 1333 αὖ
436 1270 714 1349 λογισμῶν
756 1277 1104 1346 αὐτοχθόνων
1146 1276 1357 1346 καρπός
1393 1293 1478 1336 τις
1523 1275 1773 1345 ὑπῆρχεν

192 1366 367 1442 αὐτῷ,
400 1371 467 1424 ἶν’
500 1372 630 1441 ὅλην
653 1371 721 1423 ὲκ
759 1369 1084 1437 περιουσίας
1116 1368 1295 1439 ἑαυτῷ
1326 1370 1441 1439 τῆν’
1462 1367 1558 1421 τοῦ
1595 1384 1772 1422 συνει-

189 1462 341 1524 δότος
378 1465 650 1516 πιστεύων
677 1463 981 1531 ἠγεμονίαν
1014 1460 1088 1532 μὴ
1124 1462 1448 1532 ῥᾷσταταῖς
1489 1460 1618 1513 dior
1637 1458 1776 1535 €500;

193 1552 289 1604 θεν
321 1553 607 1621 αἰφνιδίως
659 1554 1058 1625 ἐπεισρεόντων
1092 1554 1521 1624 ἀπροσδοκήτων
1555 1552 1772 1623 παρέχῃ

192 1643 387 1698 παθῶν
444 1645 705 1712 ἐμϐολαῖς
749 1645 812 1701 τὸ
856 1647 968 1700 τῶν
1021 1645 1299 1716 λογισμῶν
1348 1645 1774 1717 περιτρέπεσθαι

194 1735 607 1808 βουλευτήριον)
635 1737 728 1791 ἐπὶ
762 1739 898 1792 πόδα
943 1756 1003 1792 τε
1052 1739 1318 1809 ἀνεχώρει
1363 1738 1461 1793 καὶ
1492 1737 1777 1793 συνεστέλ-

1870 907 1927 953 et
1964 894 2270 965 magniﬁcae
2316 890 2594 964 iactantiae
2623 887 2842 958 plenam
2893 880 3183 951 aucupari.
3243 872 3451 929 Deinde

1871 987 1965 1042 ubi
1992 986 2128 1042 vidit
2158 994 2436 1040 certamen
2497 994 2564 1036 eo
2597 978 2895 1036 deductum
2952 988 3097 1037 esse,
3151 978 3212 1024 ut
3260 967 3361 1022 sibi
3385 980 3450 1017 ex

1874 1079 2149 1137 sententia
2180 1092 2290 1132 non
2328 1072 2653 1129 succederet
2683 1071 2702 1133 (
2732 1083 2858 1124 nam
2905 1079 3084 1134 neque
3121 1063 3210 1116 ille
3243 1076 3340 1114 nsu
3371 1060 3453 1111 sic

1874 1170 2115 1233 valebat,
2168 1177 2229 1222 ut
2276 1166 2343 1222 ad
2372 1164 2623 1236 Opposita
2678 1170 2996 1216 sanctorum
3029 1157 3255 1211 Patrum
3296 1150 3455 1206 testi-

1877 1262 2061 1319 monia
2099 1267 2289 1331 posset
2312 1255 2686 1328 respondere;
2711 1267 2813 1314 nec
2837 1265 2898 1303 ra
2921 1246 3211 1318 prudentia
3237 1243 3457 1311 propr'a

1876 1365 1931 1412 et
1951 1353 2252 1410 domestica
2299 1351 2608 1412 fruebatur,
2640 1356 2703 1402 ut
2730 1338 2899 1415 965.
2927 1339 3078 1395 omni
3137 1332 3303 1389 animi
3357 1333 3460 1387 im-

1878 1445 2032 1514 perio
2069 1443 2228 1513 plene
2252 1457 2348 1512 per
2371 1440 2630 1509 seipsum
2656 1435 2901 1507 potitus.
2938 1426 3243 1503 repentinis
3293 1424 3489 1492 atqne'

1878 1534 2192 1607 improvisis
2228 1529 2742 1602 supervenientium
2771 1525 3123 1583 extrinsecus
3152 1519 3453 1574 affectuum

1881 1626 2341 1699 impressionibus
2371 1623 2642 1695 judicium
2675 1635 2839 1676 suum
2882 1614 3131 1675 subverti
3195 1609 3340 1669 haud
3375 1608 3458 1662 t‘a-

1877 1722 1981 1777 cile
2009 1717 2337 1791 pateretur),
2358 1714 2528 1785 erepit
2551 1713 2736 1771 statim
2770 1711 2965 1780 pedem
3000 1706 3208 1761 referre
3234 1712 3289 1754 ct
3323 1713 3423 1757 ron
3443 1724 3459 1737 -

193 1827 323 1880 λετο
374 1790 747 1898 παραχρῆμα.
780 1830 1002 1885 Πολλῶν
1049 1790 1778 1900 οὑνῆἀνελίξ-αςήέννεβραχεῖ

1891 1790 2097 1868 .raltere
2121 1826 2200 1865 se.
2238 1809 2424 1863 Multis
2481 1807 2673 1875 itaque
2736 1802 2891 1858 brevi
2951 1797 3214 1866 temporis
3277 1790 3459 1860 spatio

193 1919 481 1990 λογισμῶν
510 1920 890 1992 λαϐυρίνθους,
923 1923 1019 1976 καὶ
1049 1922 1260 1976 πολλῶν
1294 1922 1444 1994 ἠθῶν
1470 1921 1777 1991 ὲπιπλανη-

1880 1904 2031 1962 velut
2055 1902 2385 1977 labyrinthis
2416 1898 2809 1970 cogitationum
2856 1891 3115 1954 evolutis,
3159 1885 3458 1944 multorum

194 2013 360 2082 θῆναι
387 1972 674 2085 χρώματαΓ
703 2015 827 2078 δοὺς
846 1972 947 2086 ’τῷ
987 2015 1264 2088 προσώπῳ
1298 1972 1441 2071 κατα
1468 1972 1774 2085 coronatis.-

1891 1997 2176 2060 iil‘eetuum
2238 1992 2521 2049 coloribus
2581 1986 2811 2043 incertis
2866 1992 2920 2038 et
2983 1990 3189 2035 temere
3249 1972 3481 2031 obortis.

190 2105 392 2172 ϐηχὸς,
442 2106 540 2161 καὶ
598 2106 875 2177 μικράττα
926 2108 1329 2177 φθεγξάμενος,
1390 2109 1492 2162 ὅσα
1526 2111 1639 2172 τοῖς
1680 2107 1773 2161 τοῦ

188 2196 358 2264 λόγου
404 2199 718 2268 προοιμίοις
765 2199 1026 2270 ἀρκέσειν
1068 2200 1150 2264 είς
1178 2200 1422 2271 κεφαλὴν
1453 2199 1653 2263 ἐδόκει.
1693 2199 1775 2272 τῷ

190 2289 435 2361 Παλαμᾷ
462 2290 647 2346 λοιπὸν
678 2289 778 2367 τὴν
813 2291 922 2345 τῶν
964 2292 1088 2362 ἐμοὶ
1121 2293 1498 2365 προτεθέντων
1527 2294 1777 2363 ἀπάντη-

191 2399 287 2437 σιν
322 2382 656 2455 παρεχώρει.

264 2566 345 2621 ιν.
387 2567 478 2637 Τῷ
507 2567 564 2621 δὲ
614 2565 711 2621 καὶ
742 2566 897 2638 αὑτῷ
932 2566 1059 2638 (89)
1102 2566 1258 2636 παρά
1295 2567 1631 2638 προσδοκίαν
1665 2570 1780 2633 τοῖς

186 2660 463 2723 τοιούτοις
492 2660 885 2730 ἐμπεπτωκότι
918 2662 999 2732 (οὑ
1046 2659 1155 2731 γὰρ
1188 2656 1257 2731 ῆν
1282 2662 1339 2714 ἐν
1373 2660 1627 2729 μελέταις
1652 2662 1778 2732 δεή-

189 2753 394 2807 σεσθαι
412 2748 591 2819 λόγων
628 2753 749 2809 οὑδὲ
784 2754 1000 2825 μικρῶν
1029 2753 1109 2815 είς
1132 2752 1444 2820 ἀπάντησιν
1464 2767 1478 2781 ·
1504 2750 1782 2822 κατορθώ-

190 2860 318 2897 σειν
346 2845 458 2918 γάρ
484 2843 625 2916 ᾤετο
658 2844 818 2899 πάντ’
868 2844 925 2897 ὲν
958 2845 1152 2915 βραχεῖ
1206 2841 1496 2914 βασιλικῆς
1548 2842 1779 2911 δυνάμει

186 2937 384 3012 χειρὸς
436 2938 534 2993 καὶ
589 2932 827 3009 χείλεσιν
877 2935 1199 3005 ἀφθόγγοις,
1251 2934 1327 2999 ὡς
1376 2935 1542 3006 μηδὲν
1572 2938 1652 2997 είς
1682 2936 1783 3006 τὴν

188 3032 500 3102 ὑστεραίαν
526 3029 928 3099 ὑπολειφθῆναι
964 3029 1245 3098 φροντίδος
1279 3027 1534 3097 λείψανον
1575 3027 1782 3096 ἡμετέ-

191 3124 326 3195 ρας)
359 3124 674 3193 διηπορεῖτο
718 3119 841 3173 καθ’
878 3120 1094 3183 ἑαυτὸν,
1138 3119 1529 3188 αἰσχυνόμενος
1556 3118 1782 3190 γλώσσῃ

190 3216 364 3285 κωφῇ
394 3212 740 3283 παραθέσθαι
764 3212 826 3266 τὸ
862 3214 1117 3283 πρᾶγμα,
1149 3213 1242 3264 καὶ
1275 3209 1604 3281 φωραθῆναι
1639 3226 1785 3280 γυμ-

188 3307 290 3371 νὸς
310 3307 422 3361 τῶν
447 3304 525 3377 τῷ
555 3305 733 3376 καιρῷ
758 3304 1054 3375 προσφυῶν
1081 3302 1394 3374 νοημάτων.

275 3493 353 3548 Γ⁹.
401 3490 768 3562 Ὀλιγομαθὴς
822 3490 932 3561 γάρ
982 3480 1137 3552 οὗτος
1187 3487 1478 3554 ὣν,κόταν
1530 3486 1637 3558 ἰδίᾳ
1671 3489 1785 3550 τοῖς

190 3584 294 3658 [Ρ.
324 3582 451 3655 606]
484 3581 883 3654 προστυχοῦσιν
911 3581 1098 3650 ὁμιλῇ,
1135 3579 1167 3651 ἢ
1213 3578 1282 3633 δι’
1319 3579 1565 3650 ἀμαθίαν
1595 3580 1697 3632 οὑκ
1732 3577 1789 3631 ἔ-

190 3694 397 3748 χουσιν
443 3674 924 3745 ἀντιφθέγγεσθαι,
980 3673 1012 3743 ἢ
1064 3671 1155 3726 διὰ
1184 3671 1365 3740 φιλίαν
1415 3672 1659 3741 ἐλέγχειν
1688 3688 1787 3724 συ-

88 3820 100 3828 x
192 3767 609 3838 στελλομένοις,
641 3766 673 3836 ἢ
719 3765 780 3819 τό
813 3781 875 3830 γε
912 3764 1097 3835 μεῖζον
1128 3763 1326 3818 δεδιόσι
1374 3762 1448 3837 μὴ
1476 3766 1576 3834 τῆς
1616 3761 1786 3817 αὑτοῦ

192 3859 344 3928 πρὸς
381 3856 605 3925 βασιλέα
639 3854 895 3926 διαϐολῆς
942 3854 1234 3925 ἀγώνισμα
1272 3854 1516 3922 γένοιντο
1564 3853 1787 3922 (ταυτὸν

192 3951 320 4021 γάρ
355 3951 472 4004 ἐστι
505 3948 741 4018 Ιιαλαμᾷ
774 3963 834 4000 τε
872 3947 1147 4000 ἀντειπεῖν
1197 3946 1308 4000 κάκ
1338 3943 1431 3999 τοῦ
1466 3945 1789 4016 προφανοῦς

191 4039 663 4111 διαλοιδορεῖσθαι
729 4040 823 4091 καὶ
882 4036 1151 4107 βασιλεῖ),
1199 4038 1557 4095 ἐπαινεῖσθαι,
1605 4038 1788 4104 ἔδοξεν

191 4132 376 4195 ἐνίοις
407 4130 646 4201 ἐνιαχοῦ.
684 4132 773 4191 Ἐς
805 4131 852 4184 δ’
885 4130 1186 4201 ὑπαίθρους
1217 4131 1530 4195 ἀντιλογίας
1567 4132 1662 4184 καὶ
1693 4132 1789 4184 ἀν-

192 4227 470 4289 τιθέσεις,
525 4223 646 4278 κατ’
692 4225 944 4278 ἔνστασιν
1002 4224 1481 4295 ἀντιπαράστασιν
1535 4225 1790 4295 ἐχούσας,

194 4317 576 4385 εῖσαγόμενον
624 4316 942 4384 πρόσωπον,
976 4314 1397 4385 ἀθαρσέστατός
1436 4301 1791 4369 ἐστιν’ὲπιει-

196 4412 324 4472 κῶς
362 4409 392 4460 ό
420 4409 559 4478 ἀνὴρ
604 4409 699 4461 καὶ
749 4407 946 4479 κομιδῇ
1001 4406 1272 4477 ψοφοδεὴς
1295 4423 1310 4438 ·
1345 4408 1442 4461 καὶ
1478 4408 1539 4460 τὸ
1569 4407 1792 4476 συνεχὲς

196 4505 297 4557 ἀεὶ
330 4503 445 4555 τῶν
474 4500 625 4571 αὑτῷ
658 4500 967 4570 λεγομένων
1013 4501 1109 4553 καὶ
1147 4499 1511 4569 γραφομένων
1545 4500 1793 4569 συγχέων

199 4597 309 4648 καὶ
337 4592 581 4663 φθείρων
616 4591 675 4660 ἐξ
706 4591 948 4661 ἀμαθίας
982 4591 1214 4661 ἡμιτελῆ
1259 4606 1383 4644 τινα
1415 4592 1513 4645 καὶ
1547 4592 1792 4661 ἡμίεργα

1879 2092 2035 2145 vultu
2067 2086 2299 2148 suil'uso,
2334 2097 2509 2156 pauca
2541 2080 2764 2137 demum
2796 2076 3043 2134 locutus,
3079 2078 3347 2140 quantum
3374 2081 3398 2117 s
3420 2093 3460 2107 ι-

1880 2185 1951 2240 tis
1979 2197 2098 2240 esse
2126 2143 2417 2237 videbatur
2439 2176 2507 2230 ad
2569 2168 2999 2244 proludendnm,
3060 2174 3129 2219 et
3166 2162 3231 2216 ad
3287 2159 3461 2229 quod;
3500 2143 3519 2160 ’

1879 2276 2004 2332 dam
2062 2274 2234 2329 veluti
2298 2279 2463 2340 caput
2516 2264 2751 2322 orationi
2810 2256 3229 2329 imponendum.
3277 2252 3459 2310 adea.

1878 2384 1999 2440 quae
2026 2381 2444 2439 proposueram,
2467 2354 2834 2431 respondendi
2856 2368 3056 2408 munus
3074 2350 3310 2406 Palamze
3331 2361 3462 2400 con-

1880 2463 2062 2518 cessit.

1953 2554 2019 2609 ll.
2056 2551 2156 2607 Hic
2183 2564 2313 2605 vero
2339 2548 2395 2602 in
2418 2561 2538 2601 eam
2567 2542 2956 2599 necessitatem
2986 2544 3183 2604 praeter
3245 2527 3464 2599 Opinio-

1883 2659 2008 2700 nem
2039 2643 2156 2714 ipse
2186 2654 2407 2711 quoque
2431 2623 2727 2696 adductus,
2758 2616 2855 2703 qui
2888 2628 2995 2685 sibi
3024 2626 3088 2680 ad
3119 2621 3462 2691 responden-

1882 2737 2015 2793 dum
2049 2751 2121 2790 ne
2153 2734 2380 2789 minima
2417 2730 2640 2802 quidem
2668 2725 2924 2782 oratione
2953 2735 3090 2791 opus
3123 2717 3239 2771 l‘orc
3269 2712 3467 2785 pl‘zPVi-

1883 2833 2055 2886 disset
2087 2827 2289 2901 (omnia
2323 2826 2527 2896 quippe
2558 2837 2638 2885 se,
2669 2814 3026 2889 imperatoris
3052 2826 3215 2865 manu
3279 2817 3335 2862 et
3362 2822 3465 2875 po-

1887 2932 2107 2987 testate,
2138 2919 2358 2977 silentio
2421 2918 2541 2987 ipso
2568 2915 2803 2971 feliciter
2840 2909 3024 2964 statim
3081 2904 3464 2983 confecturum

1886 3024 2125 3087 putarat,
2159 3013 2239 3068 sic
2278 3018 2338 3065 ut
2369 3009 2574 3065 nullam
2637 2995 2905 3076 postridie
2936 3037 2942 3043 -
2975 2999 3242 3066 reliquam
3292 2991 3466 3046 nostri

1885 3123 2074 3164 curam
2114 3104 2438 3160 habiturum
2477 3116 2535 3156 sc
2567 3098 2864 3168 spcraret‘v,
2897 3088 3296 3147 secum'anxie
3329 3086 3468 3138 ιιι-ιῖ-

1887 3199 2139 3255 berabat.
2167 3195 2414 3250 Pudebat
2442 3206 2637 3261 nempe
2654 3204 2778 3244 eum
2812 3181 3173 3241 taciturnitati
3205 3192 3317 3234 rem
3346 3195 3433 3233 om
3452 3207 3468 3218 -

1888 3309 2014 3348 nem
2045 3289 2388 3361 permittere,
2424 3300 2485 3339 ac
2512 3282 2789 3337 rationum
2832 3293 2932 3350 pro
2967 3286 3213 3343 tempore
3240 3269 3465 3341 excogi-

1892 3384 2178 3440 tandarum
2209 3384 2430 3451 inopem
2460 3393 2579 3433 sese
2603 3372 2969 3446 deprehendi.

1961 3475 2046 3531 111.
2085 3475 2305 3529 Etenim
2337 3485 2529 3541 parum
2595 3468 2687 3522 ille
2734 3465 3019 3527 eruditus,
3089 3462 3182 3517 ubi
3215 3460 3272 3523 ii,
3342 3474 3467 3512 cum

1888 3569 2092 3640 quibus
2118 3566 2374 3637 privatim
2409 3565 2549 3617 forte
2583 3559 2894 3616 collocutus
2917 3564 3024 3619 cst,
3062 3555 3144 3610 vel
3173 3567 3284 3623 prae
3319 3552 3471 3623 igno-

1890 3659 2067 3715 rantia
2099 3658 2239 3713 nihil
2267 3652 2676 3719 contradixere,
2730 3650 2817 3705 vel
2866 3648 2937 3702 ob
2974 3645 3275 3701 amicitiam
3308 3641 3470 3696 τοίοι-

1892 3755 2005 3809 lere
2035 3752 2198 3809 veriti
2233 3758 2386 3813 sunt,
2419 3748 2506 3802 vel
2539 3744 2686 3817 quod
2718 3743 2939 3815 gravius
2999 3752 3105 3805 (νει,
3169 3740 3475 3795 timuerunt

1881 3863 1961 3902 ne
1994 3845 2115 3915 ejus
2145 3841 2440 3900 calumniis
2470 3838 2616 3910 apud
2650 3838 3045 3907 imperatorem
3078 3845 3472 3902 oppugnaren-

1894 3940 2241 4012 tur(scilicet
2272 3934 2510 3990 Paiamae
2556 3927 2965 3989 contradicere,
3026 3935 3082 3979 et
3119 3920 3471 3990 ~iumeratori

1894 4034 2070 4106 palam
2098 4029 2419 4091 conviciari,
2449 4041 2558 4081 una
2585 4032 2640 4078 et
2678 4020 2871 4077 eadem
2903 4034 2990 4075 res
3014 4026 3144 4081 cst‘,
3177 4013 3380 4069 alicubi
3418 4024 3475 4067 et

1893 4141 1922 4181 a
1946 4122 2277 4195 quibusdam
2309 4119 2457 4175 visus
2488 4126 2574 4172 est
2608 4113 2846 4169 laudari.
2890 4112 2959 4165 At
3014 4112 3069 4165 iu
3121 4108 3330 4178 apertis
3392 4107 3475 4158 di-

1894 4215 2055 4272 cendi
2089 4212 2512 4276 certaminibus,
2547 4207 2711 4279 965
2760 4205 2853 4259 ubi
2882 4205 2992 4259 acri
3022 4202 3381 4256 contentione
3419 4208 3473 4253 et

1894 4322 2081 4365 coram
2115 4305 2450 4375 disputatur,
2488 4302 2542 4355 in
2575 4299 2857 4370 publicum
2893 4307 2948 4350 ct
2972 4296 3132 4366 quasi
3169 4295 3220 4348 in
3254 4310 3474 4348 scenam

1895 4399 2220 4471 productus,
2245 4395 2472 4450 minimc
2496 4393 2590 4447 hic
2619 4392 2787 4446 homo
2818 4389 2997 4443 audax
3031 4397 3139 4450 est,
3200 4386 3295 4441 scd
3332 4395 3478 4441 stre-

1896 4494 2013 4566 pitu
2047 4492 2135 4549 vel
2195 4490 2424 4546 minimo
2476 4486 2635 4542 facile
2681 4494 2940 4541 terretur.
2996 4482 3202 4537 Eorum
3250 4490 3476 4542 autem,

1897 4599 2020 4657 quae
2050 4584 2167 4639 sive
2205 4580 2343 4637 dicit
2371 4579 2487 4636 sive
2525 4577 2749 4641 scribit,
2808 4575 3060 4631 ordinem
3125 4573 3206 4627 sic
3259 4586 3477 4637 semper

198 4687 467 4754 φαίνεται
500 4684 648 4738 κῶλα
693 4685 789 4737 καὶ
828 4683 1090 4753 κόμματα
1126 4675 1638 4750 συνυφαίνειν“ταῖς
1683 4681 1781 4735 τῶι

1902 4693 1966 4732 ex
2001 4674 2222 4731 inscitia
2248 4671 2544 4729 confundit
2572 4679 2627 4725 et
2658 4669 2949 4739 pervertit,
3006 4674 3066 4720 ut
3094 4664 3396 4720 seruit‘actis
3421 4673 3478 4715 et

196 4782 394 4849 λόγων
427 4779 658 4839 ἐννοίαις
682 4794 696 4810 ·
730 4777 805 4840 ὡς
847 4775 1272 4846 αἰνιγματώδεις
1302 4770 1445 4828 εἶναι
1488 4775 1670 4829 δοκεῖν
1701 4774 1799 4827 αὑ-

196 4875 342 4934 τοὺς
395 4872 489 4924 καὶ
547 4868 844 4939 ἀμφιϐίους
883 4869 979 4921 καὶ
1020 4868 1417 4939 ἀμφιρρεπεῖς,
1465 4869 1566 4921 καὶ
1608 4862 1695 4920 οἶα
1730 4866 1798 4919 τὰ

198 4962 452 5035 βουγενῆ
492 4961 851 5031 ἀνδρόπρωρα
881 4960 993 5023 τοῖς
1037 4957 1277 5029 θύραθεν
1299 4958 1550 5012 λέλεκται
1581 4957 1798 5028 φιλοσό-

198 5074 364 5127 φοις.
397 5055 470 5107 Οὐ
510 5054 669 5124 μόνον
715 5053 760 5106 δ’
801 5056 864 5105 ὲκ
907 5051 1002 5105 τοῦ
1038 5068 1101 5121 γε
1132 5054 1232 5122 τὴν
1276 5051 1383 5105 τῶν
1417 5051 1591 5118 λόγων
1634 5051 1799 5120 ἀλλη-

196 5149 442 5219 λουχίαν
477 5147 639 5199 αὑτὸν
671 5146 906 5217 διασπᾷν
938 5144 1122 5214 ἀσαφῆ
1173 5146 1269 5196 καὶ
1318 5144 1642 5210 ἀδιανόητον
1683 5146 1797 5205 τοῖς

197 5241 482 5296 ἀκούουσι
516 5240 699 5308 τίθησι
725 5238 822 5309 τὴν
847 5239 1108 5302 διάνοιαν,
1142 5237 1363 5302 ἀλλἰώς
1406 5237 1502 5293 ἐπὶ
1543 5236 1605 5288 τὸ
1635 5236 1793 5288 πλεῖ-

197 5350 350 5386 στον
374 5332 470 5383 κα)⁸
493 5330 638 5383 τοῦθ’
669 5330 951 5382 ἁλίσκεται
987 5328 1129 5399 δρῶν
1160 5327 1495 5399 ἐξεπίτηδες,
1540 5329 1661 5390 ταῖς
1689 5327 1795 5380 τῶν

194 5424 422 5489 λέξεων
457 5422 769 5493 ὁμωνύμοις
806 5423 903 5475 καὶ
942 5421 1291 5491 διλήμματον
1327 5420 1455 5474 νοῦν
1482 5420 1794 5473 καλυπτού-

196 5532 283 5568 σα
314 5531 345 5577 ς
381 5517 662 5583 χρώμενος
683 5530 698 5545 ο
732 5515 817 5567 ἵνα
845 5514 1086 5583 κλέπτης
1108 5511 1183 5565 ὢν
1214 5513 1454 5581 ἀνασοϐῇ
1487 5512 1585 5581 τὴν
1624 5514 1798 5581 σαγή,

194 5623 316 5676 νην
340 5607 440 5675 τῆς
464 5604 743 5676 ἀληθείας,
773 5605 1025 5657 ἐντεῦθεν
1048 5605 1225 5657 ἐκεῖσε
1254 5603 1507 5674 μετάγων
1533 5605 1623 5657 τὸν
1647 5604 1797 5670 νοῦν,

1899 4766 2206 4823 dimidiatis
2239 4764 2351 4820 fere
2376 4762 2737 4834 periodorum
2779 4757 3043 4814 membris
3100 4761 3156 4809 et
3190 4752 3478 4809 eommatis

1898 4863 2167 4920 orationis
2189 4878 2302 4920 suae
2326 4858 2631 4916 sententias
2655 4865 2948 4913 contexere
2968 4852 3245 4909 videatur.
3264 4846 3477 4924 idcirco

1899 4959 2022 5027 ejus
2060 4957 2205 5012 dicta
2235 4955 2595 5025 zenigmatum
2625 4948 2829 5005 similia
2858 4955 2990 5003 sunt
3019 4954 3075 5001 et
3109 4942 3388 5012 ambigua,
3423 4952 3481 4995 et

1898 5066 2063 5107 sensu
2091 5049 2302 5103 incerto
2327 5058 2616 5115 suspensa,
2666 5039 2852 5110 qualia
2901 5037 3015 5101 illa,
3051 5040 3173 5106 qua}
3231 5032 3480 5103 profanis

1898 5140 2242 5212 philosophis
2270 5139 2500 5209 βουγενῆ
2531 5143 2586 5189 et
2608 5132 2974 5204 ἀνδρόπρωρα
3007 5127 3278 5200 appellata
3327 5135 3477 5180 sunt.

1903 5237 2090 5305 Atque
2108 5233 2199 5288 ille
2230 5246 2338 5286 non
2376 5230 2542 5284 modo
2598 5225 2920 5282 continuam
2975 5220 3246 5278 orationis
3280 5218 3477 5275 seriem

1902 5324 2358 5396 interrumpendo
2397 5323 2695 5377 obscurum
2725 5328 2778 5375 et
2811 5318 2883 5373 iis
2906 5317 2999 5388 qui
3050 5304 3481 5371 andiuntintel-

1903 5422 2051 5475 lectu
2091 5417 2365 5473 diﬂicilem
2397 5415 2587 5469 reddit
2614 5408 2914 5468 verborum
2951 5424 3172 5464 sensum
3200 5424 3215 5471 ;
3243 5406 3336 5459 sed
3360 5404 3479 5473 ple-

1908 5526 2141 5583 rumque
2170 5509 2224 5564 id
2261 5508 2330 5563 dc
2366 5506 2633 5562 industria
2663 5505 2842 5560 facere
2891 5498 3347 5573 deprehenditur.
3380 5497 3482 5549 lto-

1909 5613 2195 5673 tuonymas
2223 5606 2280 5655 et
2330 5596 2621 5669 ancipitem
2656 5607 2878 5650 sensum
2914 5592 3157 5647 celantes
3205 5587 3478 5641 dictiones

1538 5747 1872 5811 Variorum
1916 5752 2107 5809 notm.

286 5890 411 5974 (89)
447 5889 1033 5976 Yitiosa_constructio,
1052 5903 1161 5976 ,ιιι-ο
1185 5889 1212 5942 ὁ
1235 5889 1292 5945 δὲ
1336 5889 1432 5975 καὶ
1454 5888 1788 5976 αὑτδςλταρᾶ

198 5960 552 6033 προσδοκίαν
591 5964 703 6024 τοῖς
733 5961 993 6023 τοιούτοις
1049 5960 1447 6030 ἐμπεπτωκὼς,
1478 5972 1583 6014 etc.
1620 5960 1777 6030 Ejus-

1900 5889 2047 5943 modi
2078 5887 2383 6013 aptiénoses
2407 5902 2514 5943 non
2550 5898 2751 5955 paucas
2776 5880 2920 5953 apud
2959 5878 3260 5951 Gregoram
3282 5877 3481 5935 obsera

1900 5976 2015 6013 rare
2048 5976 2106 6013 CS
2138 5998 2151 6012 .
2224 5973 2387 6013 OlVIN.
3356 5996 3359 6002 .

1891 5976 2015 6015 \‘ill'c
2048 5973 2151 6016 081..
2180 5973 2387 6014 ΰΟΙἨΝ-
