3974 6656
457 508 592 573 1⁶247
736 507 814 579 [Α.
856 522 911 561 ιι.
952 506 1113 570 6839,
1156 523 1263 563 tuo.
1307 507 1362 581 4]

1704 514 1882 574 NICE
1894 512 2127 572 PllOliI
2165 510 2547 572 GREGORIE

2813 502 2946 575 [nm
2987 517 3031 557 ι.
3061 515 3354 557 ωιτηουτ.
3396 498 3454 571 5|
3568 503 3591 566 I
3641 503 3706 563 48

447 627 743 685 Calabrum
790 627 858 681 de
901 626 1088 680 divino
1136 625 1344 681 lmuinc
1390 625 1610 705 decreta
1654 627 1892 681 fuerant.
1928 624 2025 679 llic

2145 624 2219 678 τοῦ
2252 624 2523 695 Βαρλαάμ
2564 621 2777 677 ἐκείνου
2801 619 2897 674 τοῦ
2922 616 3216 681 Καλαϐροῢ
3248 618 3380 677 περὶ
3409 613 3506 666 τοῦ
3556 616 3703 667 θείου

450 719 663 774 scilicet
711 717 820 773 illis
872 728 1170 787 perpetuus
1219 732 1336 772 mos
1379 727 1484 771 est.
1520 717 1738 772 Nullum
1792 730 2021 786 usquam

2145 722 2311 788 ρωτδς
2363 718 2660 788 ἐψήφισται
2716 715 2887 769 πάλαι
2918 713 3089 767 πολύν
3122 730 3245 766 τινα
3300 713 3518 782 χρόνον,
3562 710 3707 764 uti

453 809 600 863 aliud
628 808 1040 873 diverticulum,
1070 794 1282 863 nullum
1312 810 1418 863 nisi
1464 810 1567 864 hoc
1594 807 1733 863 cladi
1781 823 1893 863 sua:
1924 807 2022 862 ob-

2127 816 2227 884 τὴν
2254 813 2528 882 σφετέραν
2575 808 2668 864 ἀεὶ
2694 808 3006 877 συνήθειαν.
3038 804 3190 875 Μηδὲ
3222 805 3329 872 γάρ
3362 801 3534 873 ἀλλην
3559 803 3711 873 ἕχον-

455 900 788 955 tendendum
845 900 1025 954 velum
1093 900 1325 965 habent;
1375 900 1622 969 adeoque
1676 900 1822 954 circa
1869 899 2024 953 illum

2145 924 2220 969 τις
2248 902 2601 973 ἀποστροφὴν
2620 900 2856 971 οὐδαμῆ,
2882 898 3019 969 μηδὲ
3055 896 3434 967 προκάλυμμα
3454 898 3556 965 τῆς
3582 913 3711 963 σφε-

454 1002 693 1045 umntem
725 1000 1001 1060 coguntur
1025 1006 1243 1059 semper
1274 991 1502 1053 versari,
1531 999 1586 1045 et
1619 990 1859 1045 subinde
1895 990 2027 1044 illuc

2132 998 2297 1066 τέρας
2322 995 2495 1067 ἣττης
2524 991 2699 1058 οιίδὶν,
2732 990 2859 1062 περὶ
2905 989 2967 1045 τδ
2994 989 3121 1060 ὅρος
3153 989 3331 1041 ἐκεῖνο
3360 989 3630 1057 διηνεκῶς
3659 987 3714 1052 ἑξ

453 1096 550 1147 per
580 1079 830 1134 fraudem
862 1094 983 1135 sese
1027 1079 1293 1149 recipere,
1324 1094 1390 1133 ne
1430 1078 1572 1134 forte
1610 1096 1672 1135 ea
1704 1095 1824 1149 qua:
1861 1079 2026 1134 iidem

2145 1088 2382 1157 ὶνάγκης
2407 1084 2697 1151 είλοῢνται,
2731 1087 2830 1139 καὶ
2850 1081 3056 1153 συχνὴν
3100 1081 3231 1153 παρ’
3259 1083 3440 1134 ἐκεῖνο
3472 1078 3718 1146 κακούρ-

443 1172 629 1238 Iusque
696 1170 752 1223 in
804 1169 929 1224 sinu
978 1170 1166 1224 fovent
1215 1179 1272 1225 et
1323 1169 1578 1225 nutriunt
1633 1170 2027 1225 iconomachite

445 1260 627 1329 «orgia,
669 1261 820 1315 velut
868 1261 923 1315 in
972 1262 1141 1319 maris
1190 1261 1389 1316 ﬂuctus
1423 1261 1625 1329 delata,
1670 1260 1888 1318 silentio
1920 1263 2032 1318 alto

448 1351 656 1406 sensim
687 1362 1020 1437 mergantur.

527 1536 617 1590 Ill.
659 1536 795 1591 Cum
827 1536 1012 1606 itaque
1040 1551 1143 1591 nos
1169 1534 1412 1591 damnati
1437 1535 1658 1591 silentio
1685 1550 1952 1603 essemus,
1975 1544 2035 1590 et

455 1646 645 1685 eorum
677 1641 799 1693 qua:
828 1630 941 1686 illic
973 1630 1118 1684 dicta
1152 1629 1371 1684 fuerant
1410 1629 1670 1699 pleraque
1698 1628 1753 1683 hi
1794 1644 1892 1698 pro
1932 1644 2032 1684 sua

461 1723 741 1777 voluntate
787 1721 1318 1791 interpretarentur;
1366 1729 1421 1775 et
1449 1736 1613 1790 quam
1658 1719 1900 1775 Joannes
1935 1721 2037 1775 Da-

460 1828 751 1867 mascenus
798 1811 1075 1882 ὑπερτελῆ
1125 1820 1182 1868 et
1222 1812 1538 1881 προτέλειον
1577 1811 1806 1883 gloriam
1856 1827 2036 1879 vocat,

458 1906 551 1962 isti
608 1907 952 1962 divinitatem
1004 1907 1345 1970 inferiorem,
1399 1908 1561 1963 aliam
1617 1908 1686 1963 ab
1732 1908 2034 1963 substantia

396 2016 401 2023 ·
459 1998 666 2062 divina,
685 2013 749 2053 ac
769 2013 866 2069 per
891 2014 951 2054 se
971 1999 1195 2069 quidem
1218 1999 1541 2065 increatam,
1568 1998 1831 2053 inlluities
1851 2008 2031 2054 autem

459 2091 669 2148 inﬁnite
685 2094 752 2148 ab
774 2092 863 2148 illa
888 2092 1163 2148 diversam
1188 2102 1242 2148 et
1258 2096 1488 2148 omnino
1506 2094 1768 2154 alienam.
1793 2091 2031 2162 denique

454 2182 778 2238 substantiae
796 2195 1077 2253 expertem
1104 2197 1225 2239 esse
1247 2183 1597 2249 dictitarent;
1621 2183 1784 2253 977
1812 2183 2035 2253 quidam

458 2284 527 2324 ex
578 2269 804 2336 nostris,
849 2271 1034 2326 animo
1086 2272 1469 2328 vehementius
1513 2280 1809 2338 commoto;
1856 2271 2041 2328 excla-

467 2377 616 2417 mare
638 2377 813 2417 ausus
845 2371 930 2419 est
957 2381 971 2419 :
1020 2382 1039 2416 4
1071 2362 1116 2419 Ο
1143 2365 1373 2419 emluml
1414 2363 1613 2434 ecquid
1646 2362 1811 2433 igitur
1842 2362 1911 2418 de
1955 2361 2041 2417 in,

457 2464 690 2515 caritate
725 2452 905 2507 Verbo
950 2454 1059 2508 Deo
1089 2454 1383 2509 dicendum
1426 2454 1572 2509 erit?
1620 2453 1851 2520 Quando
1887 2453 2036 2509 cnim

366 2554 370 2559 ‘
458 2542 583 2614 Quae
611 2543 749 2597 nihil
784 2553 960 2612 potest
985 2559 1149 2615 supra
1182 2561 1241 2600 se
1282 2545 1486 2600 habere
1527 2547 1827 2616 (quomodo
1849 2557 2038 2601 autem

462 2634 663 2716 possit,
697 2649 821 2704 qua:
859 2651 1028 2706 super
1053 2636 1235 2691 omnia
1279 2645 1337 2691 et
1368 2653 1477 2705 prae
1506 2638 1767 2692 omnibus
1795 2640 2041 2708 perlecta

458 2724 590 2789 ,est?
632 2740 757 2779 nam
806 2741 930 2796 qua:
977 2735 1062 2782 est
1108 2742 1323 2783 summa
1370 2728 1633 2797 perfecta,
1671 2744 1736 2784 ea
1772 2729 1909 2783 nihil
1958 2739 2043 2785 est

464 2815 816 2899 perfectius),
839 2828 1065 2889 apparet
1087 2834 1211 2874 eum
1243 2820 1434 2889 majori
1457 2820 1704 2885 subesse,
1735 2821 2044 2876 inferioris-

460 2921 577 2975 ,quc
613 2900 738 2963 esse
772 2907 1096 2975 divinitatis,
1123 2920 1181 2966 et
1220 2920 1526 2967 creaturam
1558 2927 1724 2968 unam
1756 2913 1824 2970 de
1859 2916 2044 2971 multis

464 3002 759 3068 exsistere.
786 3004 966 3072 Atque
998 3002 1073 3057 ita
1109 3004 1292 3060 statim
1326 3004 1537 3060 tollitur
1571 3020 1827 3076 magnum
1861 2989 2044 3062 incar-

473 3086 710 3142 nationis
757 3092 1109 3161 mysterium;
1141 3093 1407 3149 tolluntur
1437 3094 1642 3159 omnia,
1677 3096 1841 3151 simul
1886 3096 2044 3166 quasi

466 3179 721 3247 collecta,
743 3178 996 3236 Ecclesia:
1021 3181 1308 3254 dogmata;
1342 3201 1445 3242 nec
1471 3187 1580 3257 jam
1606 3186 1834 3258 hujusce
1860 3202 2044 3242 rerum

2132 1198 2244 1250 γως
2274 1178 2555 1233 ποιοῦνται
2601 1177 2701 1248 τὴν
2751 1176 3127 1246 ἀναχώρηαιν,
3182 1173 3258 1245 μὴ
3318 1172 3462 1242 λάθῃ
3508 1171 3713 1241 ῥοθίοις

2138 1275 2266 1337 ῐσως
2304 1269 2711 1343 παρενεχθέντα
2758 1268 2918 1339 σιγῆς
2978 1266 3049 1322 τά
3099 1266 3287 1335 σφίσιν
3317 1264 3405 1318 ἀεὶ
3457 1262 3716 1331 τιθηνούσ

2138 1367 2278 1437 μενά
2331 1382 2393 1420 τε
2447 1366 2545 1418 καὶ
2590 1359 3148 1434 γαλακτοφορούμενα
3192 1359 3295 1429 τῆς
3324 1355 3717 1427 είκονομαχίας

2136 1460 2325 1526 ὄργια.
2493 1480 2496 1497 ·
2523 1525 2528 1526 ί
3052 1460 3075 1485 ⁸

2170 1477 2495 1621 (Titium;
2518 1525 2641 1603 ὀῦν
2690 1546 2851 1615 ἡμῶν
2902 1541 3439 1613 καταψηφισθείσης,
3489 1539 3718 1593 καὶτῶν

2136 1643 2256 1695 ἐκεῖ
2283 1640 2560 1712 ῥηθέντων
2586 1636 2697 1708 (97)
2729 1636 2801 1690 τά
2847 1635 3021 1690 πλείω
3050 1634 3193 1686 κατά
3229 1631 3290 1685 τδ
3341 1630 3495 1699 σφίσι
3532 1627 3715 1698 βουλό-

2142 1752 2302 1805 μενον
2350 1732 2736 1800 ἐξηγουμένων
2790 1726 2993 1793 αὐτῶν,
3030 1725 3127 1780 καὶ
3156 1723 3281 1795 ﬁve
3325 1724 3388 1775 bc
3419 1722 3716 1790 Δαμὰσκου

2140 1826 2275 1895 φησὶ
2315 1824 2570 1893 Ἰωάννης
2602 1819 2870 1890 ὑπερτελῆ
2893 1819 2987 1872 καὶ
3013 1816 3327 1888 προτέλειον
3360 1812 3543 1877 δόξαν,
3580 1811 3719 1863 ὲκεί-

2141 1924 2247 1968 νων
2306 1913 2611 1985 ὑφειμένην
2653 1909 3091 1966 ἀποδεικνύντων
3147 1902 3290 1960 εἶναι
3322 1904 3581 1974 θεότητα.
3623 1904 3718 1972 τῆς

2137 2004 2288 2071 θείας
2315 2006 2514 2074 ἑτέραν
2537 2003 2747 2065 ούσίας.
2780 2000 2876 2054 καὶ
2915 2001 3171 2054 ἀκτιστον
3204 1996 3304 2065 μὲν
3331 1992 3458 2047 καθ’
3496 1991 3716 2062 ἑαυτὴν,

2135 2094 2499 2165 διαφέρουσαν
2526 2092 2573 2147 δ’
2605 2091 2902 2158 ἀπειράκις
2964 2088 3234 2159 ἀπείρως,
3293 2087 3388 2140 καὶ
3423 2086 3717 2157 ἠλλοτριω-

2141 2186 2311 2257 μένην
2360 2184 2579 2256 ἐκείνης
2608 2183 2955 2245 παντάπασι,
3007 2180 3101 2234 καὶ
3130 2180 3382 2233 ἀνούσιον
3401 2220 3417 2244 ,
3452 2177 3715 2247 ἐτόλμησέ

2135 2297 2220 2343 τις
2243 2277 2352 2332 τῶν
2373 2278 2678 2349 ἡμετέρων,
2709 2295 2729 2328 ι
2751 2272 2825 2327 Ὦ
2850 2274 2989 2344 ἡλιε,
3018 2292 3037 2326 ι
3075 2264 3397 2342 περιπαθῶς
3419 2269 3716 2339 ἀναϐοῆσαι

2141 2373 2255 2438 καὶ,
2296 2389 2316 2422 ι
2340 2370 2406 2422 Τί
2432 2367 2501 2422 ἄν
2531 2382 2615 2430 τις
2644 2365 2858 2436 (φάναι)
2888 2364 3025 2433 φαίη
3052 2362 3184 2431 περὶ
3216 2359 3311 2415 τοῦ
3349 2359 3715 2429 σαρκωθέντος

2137 2465 2313 2531 Λόγου
2336 2458 2511 2527 Θεοῦ;
2558 2459 2681 2515 ἐπεὶ
2730 2458 2841 2527 γὰρ
2886 2456 3029 2524 ὑπὲρ
3070 2454 3283 2523 ταύτην
3311 2452 3375 2505 οὑ
3410 2451 3639 2504 δύναταί
3665 2467 3713 2504 τι

2142 2552 2410 2622 ὑπάρχειν
2439 2549 2581 2619 (πῶς
2606 2547 2734 2618 γάρ,
2760 2544 3033 2615 ὑπερτελῆ
3058 2544 3155 2598 καὶ
3186 2544 3503 2611 προτέλειον
3520 2537 3710 2606 οὖσανς

2139 2644 2238 2713 τῆς
2254 2644 2361 2713 γάρ
2381 2638 2714 2711 ὑπερτελοῦς
2742 2637 2900 2690 οὐδὲν
2938 2634 3318 2701 τελεώτερον),
3348 2632 3529 2686 ἔοικεν
3562 2633 3711 2687 αὑτὸν

2142 2733 2524 2803 ὑποϐεϐηκότα
2571 2732 2666 2785 καλ⁴
2705 2729 2807 2798 τῆς
2838 2726 3142 2797 ὑφειμένης
3187 2725 3396 2794 ταύτης
3451 2718 3595 2778 εῖναι
3625 2724 3709 2778 καὶ

2142 2826 2253 2882 τῶν
2289 2822 2609 2894 κτισμάτων
2663 2820 2897 2875 πολλῶνζ
2933 2810 3042 2871 Καὶ
3083 2817 3274 2872 λύεται
3328 2816 3428 2887 μὲν
3476 2815 3632 2880 εὐθὺς
3656 2817 3710 2871 τὸ

2147 2920 2287 2990 μέγα
2314 2918 2416 2987 τῆς
2464 2916 2731 2986 ὲνσάρκου
2763 2911 3076 2983 οἰκονομίας
3119 2913 3445 2983 μυστήριον,
3490 2914 3586 2966 καὶ
3605 2910 3709 2982 ἅμα

2145 3010 2322 3063 πάντα
2374 3007 2676 3078 συλλήϐδην
2722 3006 2899 3059 εἰπεῖν
2931 3003 3261 3075 Ἑκκλησίας
3292 3004 3576 3074 δόγματα·
3626 3007 3709 3058 καὶ

2144 3100 2265 3154 οὐδὲ
2317 3098 2547 3169 ποιητὴν
2594 3095 2687 3151 τοῦ
2734 3097 2939 3161 παντὸς
2982 3097 3099 3167 ἔχει
3147 3115 3231 3161 τις
3261 3090 3450 3151 ἂνέτι
3479 3096 3706 3163 δοξάζειν

2145 3192 2353 3263 ἕτερον,
2385 3189 2522 3260 πλὴν
2548 3186 2650 3259 τῆς
2682 3189 2883 3242 νεωστὶ
2913 3187 3284 3258 ψηφισθείσης
3322 3189 3420 3244 καὶ
3456 3189 3704 3260 δογματι-

475 3269 851 3327 universitatis
874 3272 1220 3329 conditorem
1247 3276 1414 3331 alium
1439 3292 1736 3348 agnoscere
1766 3286 1870 3341 est,
1898 3294 2036 3348 prte-

2146 3282 2371 3346 σθείττις
2422 3280 2631 3352 ταύτης
2682 3278 2934 3334 ἀνουσίου
2968 3280 3066 3332 καὶ
3111 3280 3412 3352 ὑφειμένης
3447 3280 3701 3351 θεότητος.

472 3369 557 3415 ter
580 3360 760 3426 istam,
782 3365 941 3420 novis
960 3366 1194 3422 decretis
1217 3382 1358 3422 nova
1387 3368 1637 3423 dot-trina
1662 3371 2038 3436 constitutam,

472 3453 798 3510 substantiae
830 3468 1135 3528 expertem,
1172 3469 1227 3515 et
1255 3461 1415 3517 alteri
1449 3462 1749 3532 subjectum
1783 3462 2044 3518 divinita-

477 3553 606 3601 tem.
639 3548 874 3605 Proinde
925 3549 1104 3607 inanis
1141 3560 1226 3608 est
1261 3566 1348 3616 ea,
1383 3568 1505 3623 qua:
1538 3553 1807 3609 hactenus
1852 3553 2043 3625 viguit,

2143 3370 2251 3430 Kal
2284 3372 2492 3445 ματαία
2510 3371 2699 3425 λοιπὸν
2742 3373 2775 3443 ὴ
2810 3370 2971 3441 μέχρι
3002 3372 3101 3427 νῦν
3141 3370 3232 3444 [Ρ.
3279 3371 3704 3444 614]όρθοδόεων

2141 3466 2418 3528 εὐσέϐεια,
2439 3467 2536 3519 καὶ
2563 3464 2734 3534 δῆμος
2752 3464 2925 3532 ἁγίων
2947 3464 3220 3536 ἔφθαρται
3248 3482 3385 3530 πως,
3424 3465 3500 3537 μὴ
3532 3465 3700 3519 συνέν-

2140 3577 2250 3613 των
2278 3556 2314 3612 ἀ
2338 3559 2595 3629 κηρύττει
2627 3557 2915 3627 Παλαμᾶς.
2944 3556 3058 3628 Τῆς
3090 3557 3288 3626 ἀνοχῆς
3305 3573 3422 3623 σου,
3452 3556 3641 3627 Χριστέ
3659 3556 3696 3609 lt

474 3646 908 3701 orthodoxorum
960 3648 1151 3719 religio
1179 3666 1191 3703 :
1224 3648 1440 3705 deletur
1474 3651 1590 3721 ipse
1635 3648 2039 3719 quodammodo

2146 3649 2317 3705 Ταῦτ’
2360 3643 2520 3703 εἶπε·
2555 3648 2653 3701 καὶ
2680 3649 2827 3703 πάνυ
2862 3648 3110 3719 σφοδρῶς
3143 3648 3493 3719 ἐπιτιμηθεὶς
3520 3647 3700 3716 ἔπτηξέ

474 3737 750 3793 exercitus
779 3748 1120 3806 sanctorum,
1152 3742 1247 3811 qui
1274 3757 1337 3796 ea
1364 3755 1485 3811 quae
1512 3742 1757 3797 Palamas
1790 3742 2046 3812 praedicat

2146 3758 2208 3795 τε
2246 3743 2342 3795 καὶ
2390 3739 2762 3810 σεσιώπηκεν.
2812 3741 3056 3792 ’Ἤκουσε
3109 3739 3241 3808 γὰρ,
3284 3740 3361 3810 μὴ
3420 3739 3630 3808 θεμιτὸν
3653 3738 3701 3789 ἐν

479 3844 589 3881 non
611 3829 1175 3915 i‘utellexerunt.‘Prolt
1199 3831 1617 3909 tuam,C’hriste.
1642 3832 1986 3901 patientiam!
2019 3849 2039 3885 ι

2154 3833 2445 3906 βασιλείοις
2474 3827 2632 3895 εἶναι,
2660 3830 2959 3901 βασιλικοῖς
2991 3831 3298 3902 βουλήμασί
3314 3847 3374 3883 τε
3403 3832 3498 3911 καὶ
3523 3830 3700 3899 δόγμα·

481 3917 576 3971 ll‘s
604 3919 786 3985 dictis,
821 3910 1141 3990 gravissime
1173 3932 1465 3992 correptus
1500 3933 1605 3984 est.
1638 3923 2046 3993 exterritusque

2156 3942 2239 3979 σιν
2264 3922 2590 3991 ἀντιλέγειν,
2624 3921 2683 3985 ὃς
2722 3922 2812 3976 τὸν
2842 3921 2899 3983 ἐς
2925 3921 3025 3992 τὴν
3071 3921 3370 3992 ὑστεραίαν
3398 3910 3547 3992 ἥλιον
3577 3921 3700 3974 ἀπαο

481 4011 778 4066 obmutuit.
801 4012 1068 4067 Nimirum
1100 4014 1214 4069 haec
1237 4015 1312 4068 illi
1340 4029 1446 4069 vox
1470 4013 1680 4069 reddita
1706 4032 1720 4069 :
1749 4028 1860 4069 non
1889 4013 2047 4069 licere

2154 4017 2253 4087 θὴς
2280 4015 2583 4071 θεάσασθαι
2613 4013 2879 4084 βούλοιτο.
2932 4015 3043 4068 Καὶ
3098 4014 3309 4068 πολλῶν
3333 4014 3381 4067 δ’
3406 4014 3577 4070 ἄλλων
3621 4011 3702 4065 ἐπὶ

481 4101 557 4158 (ἰ.
576 4101 682 4170 qui
714 4103 882 4157 solem
915 4111 1132 4173 postera
1159 4105 1566 4161 die-incolumis
1592 4099 1752 4162 vellet
1776 4105 2047 4177 aspicere,

2151 4095 2364 4170 τούτοις
2409 4106 2527 4159 ἐκεῖ
2579 4102 2927 4175 λαληθέντων
2959 4103 3193 4166 ἐκείνοις
3229 4102 3351 4155 κατ’
3381 4103 3566 4171 ἔφεσιν
3590 4103 3702 4171 ἡγεο

483 4193 793 4263 principum
827 4195 1090 4251 voluntati
1122 4197 1469 4269 decretisque
1504 4199 1558 4254 in
1592 4200 1787 4256 mediis
1831 4198 2047 4271 palatiis

2155 4196 2404 4269 μονικὴν,
2426 4197 2453 4249 ὁ
2490 4193 2746 4263 σύλλογος
2792 4192 3055 4260 διελύετο,
3086 4193 3369 4263 τριταίους
3397 4193 3556 4256 αὖθις
3587 4208 3704 4262 προ-

483 4284 769 4353 refragari.
794 4285 929 4342 Cum
960 4295 1143 4343 autem
1174 4299 1229 4345 et
1252 4291 1357 4345 alia
1387 4292 1557 4347 multa
1584 4292 1787 4350 ibidem
1819 4295 1887 4350 ab
1915 4293 2045 4360 illis,

2153 4287 2383 4359 σταχθὲν
2411 4289 2468 4351 ἐς
2495 4284 2619 4372 τὴν,
2647 4283 2840 4356 ὁμοίαν
2889 4286 3186 4355 ἐκκλησίαν
3216 4286 3326 4341 δεῖν
3375 4284 3706 4355 ἀθροισθῆναι

484 4383 645 4443 prout
679 4378 911 4447 principi
946 4379 1351 4463 libebatndicta
1397 4392 1602 4451 essent,
1633 4385 1932 4441 concilium
1964 4385 2046 4440 di-

2150 4382 2323 4452 ὴμὶς.
2374 4379 2518 4434 ’Λλλ’
2550 4376 2729 4432 ἐκεῖνο
2766 4374 2966 4449 μικροῦ
3003 4393 3071 4446 με
3104 4375 3452 4446 παρέδραμε.

485 4465 710 4531 missum
738 4477 825 4523 est
850 4484 913 4527 ea
942 4471 1079 4542 lege,
1103 4482 1164 4527 ut
1192 4472 1375 4529 triduo
1405 4485 1528 4545 post
1555 4475 1622 4531 ad
1652 4476 1888 4533 similem
1915 4473 2237 4531 concionem
2260 4483 2452 4525 rursus
2512 4467 2797 4525 convocati
2849 4465 3190 4521 adessemus.
3250 4464 3359 4519 Sed
3427 4462 3556 4519 illud
3587 4474 3706 4533 pene

484 4578 572 4625 me
605 4568 886 4635 praeteriit.
1370 4564 1377 4577 ί

559 4659 645 4715 IV.
684 4662 825 4716 Ante
859 4663 991 4720 solis
1019 4679 1273 4721 occasum
1317 4667 1522 4722 sensim
1556 4679 1611 4724 et
1640 4670 1902 4739 paulatim
1930 4667 2047 4739 ple-

2222 4662 2295 4719 A'.
2330 4662 2469 4731 Πρὶν
2499 4661 2606 4731 γάρ
2626 4659 2906 4714 δεδυκὲναι
2931 4657 3023 4712 τὸν
3053 4657 3225 4729 ἥλιον,
3253 4657 3442 4729 ἡρέμα
3486 4658 3578 4711 ttat
3604 4653 3706 4711 κατ’

486 4750 617 4823 peii,
654 4759 770 4807 tum
815 4763 936 4823 post
970 4771 1065 4810 eos
1114 4765 1170 4811 et
1210 4757 1374 4812 simul
1413 4774 1538 4813 cum
1576 4759 1709 4829 ipsis
1751 4761 1854 4816 viri
1887 4759 2047 4816 totius

2161 4757 2377 4825 ὀλίγους
2420 4755 2448 4809 ὁ
2475 4752 2645 4824 δῆμός
2676 4770 2736 4806 τε
2772 4751 3082 4821 ὑπεξῄεσαν
3112 4750 3204 4804 καὶ
3253 4750 3372 4820 ἅμα
3400 4751 3495 4802 ἐπὶ
3522 4752 3709 4810 τούτοις

485 4845 725 4914 pit-italis
763 4847 1169 4916 spectatissimi,
1213 4848 1330 4904 bini
1382 4850 1632 4920 ternique
1676 4852 1814 4905 clam
1857 4850 2047 4923 elapsi,

2163 4852 2260 4906 καὶ
2284 4850 2381 4903 σὺν
2404 4846 2637 4912 τούτοις,
2667 4845 2792 4899 ὅσον
2816 4845 2917 4914 τῆς
2952 4844 3163 4907 πόλεως
3197 4842 3324 4915 ὄψις
3352 4842 3582 4913 ὑπῆρχε,
3604 4840 3708 4894 σύν·

485 4933 712 4996 domum
746 4950 804 4990 se
854 4948 1204 5008 receperunt.
1236 4939 1297 4994 Ili
1332 4942 1667 4996 transeundo
1709 4958 1774 4998 ac
1817 4944 2058 5000 circum-

482 5025 691 5094 eundo,
722 5026 890 5098 978
917 5045 1038 5099 qua:
1069 5031 1319 5086 viderant
1349 5041 1401 5087 et
1429 5048 1551 5102 qua:
1577 5033 1884 5100 audierant,
1908 5035 2058 5090 ela'ra

494 5129 624 5177 voce
652 5118 1000 5174 nuntiabant.
1043 5119 1134 5175 Sic
1174 5120 1345 5178 brevi
1381 5133 1628 5194 tempore
1676 5140 1838 5180 aures
1887 5125 2059 5180 totius

494 5206 650 5269 prbis
679 5209 937 5276 pervasit,
973 5220 1027 5264 et
1058 5214 1430 5281 spectaculum
1458 5213 1738 5285 publicum
1770 5215 1892 5279 luit,
1921 5216 2077 5275 victi.

496 5294 726 5365 Palmum
763 5305 818 5353 et
865 5308 1197 5355 sectatorum
1244 5303 1364 5373 ejus
1396 5304 1734 5375 ignominia:
1771 5313 1884 5359 tum
1921 5321 2056 5375 quas

491 5388 565 5453 pb
595 5403 787 5445 causas
814 5390 991 5446 victus
1016 5406 1079 5446 ac
1111 5392 1318 5463 pudore
1347 5396 1608 5451 confusus
1641 5396 1855 5462 fuisset,
1886 5397 2085 5455 divul-.

494 5489 677 5555 gutum
707 5492 809 5539 est.
842 5480 1028 5553 Itaque
1053 5483 1305 5540 domibus
1325 5486 1664 5550 exsilientes,
1696 5496 1754 5542 ut
1774 5487 1888 5543 fors
1913 5489 2058 5556 tulit,

2163 4944 2258 4998 δυο
2286 4941 2380 4995 καὶ
2404 4938 2655 5009 σύντρεις
2693 4937 2999 5009 λεληθότως
3050 4935 3389 5000 ὑπεξιόντες,
3425 4932 3709 5005 ἀνεχώρουν

2164 5035 2346 5091 οἴκαδε
2368 5049 2383 5066 ⁶
2413 5032 2463 5088 οἳ
2495 5033 2561 5105 δὴ
2593 5030 2686 5085 καὶ
2717 5033 2885 5102 τρανῇ
2934 5032 3000 5101 τῇ
3057 5030 3234 5099 φωνῇ,
3278 5027 3505 5088 διιόντες
3550 5043 3603 5078 τε
3627 5020 3708 5076 καὶ

2165 5126 2488 5196 περιιόντες,
2540 5122 2841 5193 ἐκήρυττον
2883 5120 2919 5176 ἆ
2947 5120 2996 5172 τ’
3025 5114 3164 5172 εἶδον
3195 5118 3230 5173 ἆ
3256 5119 3303 5172 τ’
3333 5119 3597 5189 ἥκουσαν·
3643 5112 3708 5172 ὡς

2165 5214 2438 5287 ἀκουστὴν
2473 5216 2531 5267 ὲν
2582 5213 2774 5284 βραχεῖ
2810 5212 2904 5266 καὶ
2949 5210 3247 5281 θεατρικὴν
3293 5208 3545 5278 γενέσθαι
3576 5205 3707 5273 πάσῃ

2165 5309 2229 5378 τῇ
2263 5304 2545 5378 πόλει-τὴν
2590 5305 2711 5374 μετ’
2741 5301 3004 5373 αἰσχύνης
3032 5292 3203 5368 ἧτταν
3232 5299 3325 5353 τοῦ
3357 5297 3599 5367 Παλαμῶ
3624 5293 3707 5349 καὶ

2168 5374 2363 5461 οξῖινες
2398 5374 2510 5450 εἶεν
2529 5395 2775 5466 ὁμόδοξοι
2796 5394 3014 5457 τουτωῒ,
3041 5394 3137 5447 καὶ
3164 5390 3284 5461 ἅμα
3310 5390 3409 5454 τὰς
3439 5389 3624 5451 alii“!
3647 5380 3706 5437 δι’

2169 5484 2235 5548 ἃς
2262 5486 2467 5559 ἡττήθη
2496 5498 2556 5539 τε
2583 5486 2679 5539 καὶ
2701 5482 2969 5557 ᾐσχύνθη.
2999 5482 3163 5536 Ὅθεν
3178 5480 3288 5535 τῶν
3315 5480 3496 5534 οίκιῶν
3512 5476 3703 5539 ἐκθέον-

494 5576 693 5647 singuli
726 5578 954 5633 confuso
983 5578 1201 5646 ordine,
1231 5580 1354 5645 viri,
1388 5582 1667 5647 mulieres,
1699 5582 1877 5653 pueri,
1910 5583 2047 5639 vico!

2171 5597 2286 5644 τες,
2322 5578 2396 5642 ὡς
2433 5578 2625 5648 ἔτυχον
2672 5576 2918 5640 ἕκαστοι,
2950 5560 3158 5644 φύρδην
3180 5572 3378 5637 εἰπεῖν,
3409 5570 3704 5657 ἀνδρες,τυ-

498 5677 553 5721 et
601 5671 834 5741 compita
883 5671 1223 5743 Irequentes,
1273 5673 1406 5739 rari,
1457 5674 1778 5743 promiscui,
1818 5675 1962 5729 inter
2004 5690 2047 5731 St

2174 5673 2384 5737 ναῖκες,
2424 5667 2562 5740 ὁμοῦ
2601 5667 2696 5722 καὶ
2728 5666 2911 5736 παισὶ,
2969 5665 3068 5730 τάς
3105 5681 3166 5720 τε
3204 5658 3471 5741 παρόδους
3500 5659 3586 5715 καὶ
3619 5655 3702 5741 τὰς

1835 5790 2166 5854 Vat-iurum
2198 5794 2384 5850 notae.

574 5916 691 5986 (97)
724 5917 781 5980 In
815 5919 1050 5978 concilio
1098 5930 1290 5978 contra
1319 5919 1671 5979 Barlaamum
1704 5922 1913 5979 habito.
1960 5919 2176 5979 Doms.
