3974 6574
194 298 325 364 m9
524 330 531 334 μ
576 296 649 367 ιλ.
687 311 739 351 c.
781 291 942 366 l35l]
986 280 989 285 ’

1197 300 1640 362 ΒΥΖΛΝΤΝἘ
1681 299 2067 362 HISTORIA?
2112 301 2261 361 LIB.
2305 300 2433 364 XX.

2562 292 2696 365 [ινιτ.
2738 307 2781 346 t.
2810 306 3106 349 CANTACUZ.
3146 251 3201 368 5]
3315 297 3453 362 12:0

188 415 436 485 τριόδους
470 415 660 485 συχνοὶ
688 415 785 469 καὶ
823 415 1103 488 σποράδην
1134 415 1232 469 καὶ
1262 414 1464 485 ἀναμὶξ
1485 416 1771 484 διελάγχα-

1877 417 2279 487 partiehantur,
2303 426 2360 474 et
2390 418 2481 472 alii
2506 418 2629 473 aliis
2658 417 2903 472 vicorum
2925 416 3179 487 partibus
3202 416 3452 480 insessis,

183 522 294 572 νον,
325 505 480 559 ἄλλοι
515 505 637 560 κατ’
663 505 803 560 ἄλλα
847 507 991 578 μέρη
1030 506 1143 560 τῶν
1169 507 1305 561 ὁδῶν
1355 510 1765 579 συνιστάμενοι,

184 600 278 653 καὶ
313 596 715 663 ἐποπτεύοντες
740 602 835 656 καὶ
868 599 1269 671 άνερευνῶντες
1296 580 1446 664 δίης
1476 602 1562 672 εἴη
1597 605 1623 655 ό
1654 602 1770 656 Πα-

182 690 402 761 λαμᾶς,’
427 692 707 761 ἐφιέμενοι
756 693 884 757 τοὺς
912 692 1136 756 ὀδόντας
1179 692 1425 761 ἐμπῆεαι
1459 693 1538 764 τῷ
1576 695 1768 747 ταλαι-

184 784 355 855 πώρῳ
373 784 511 854 (98),
537 787 621 843 ὅτι
651 786 720 839 τά
754 785 961 857 πάτρια
986 786 1087 857 τῆς
1134 785 1230 839 τοῦ
1265 786 1403 840 Θεοῦ
1430 785 1771 859 Ἐκκλησίας

183 877 480 931 καταλύειν
513 876 734 948 τολμῴη
775 879 1061 946 δόγματα’
1101 877 1195 931 καὶ
1232 878 1347 949 ἅμα
1378 883 1594 949 συχνοῖς
1639 881 1771 934 ἀνα-

182 967 384 1036 θέμασι
409 968 845 1035 καθυπὲϐαλλον,
874 969 1196 1040 ῶσπερκάπὸ
1218 970 1560 1040 συνθήματος
1592 972 1769 1025 ᾶπαν-

180 1078 272 1124 τες
297 1079 314 1096 σ
345 1062 422 1125 ὡς
449 1063 680 1130 ἐκεῖνον,
710 1063 968 1118 δείσαντα
1016 1065 1092 1136 μὴ
1120 1065 1506 1137 διασπαραχθῇ
1536 1084 1771 1135 περιφα-

181 1153 288 1215 νῶς
324 1154 547 1221 οὑτωσὶ,
578 1154 917 1223 συσταλῆναί
967 1172 1028 1209 τε
1078 1157 1177 1226 τὴν
1206 1158 1468 1228 ταχίστην
1502 1160 1598 1212 καὶ
1634 1162 1772 1213 άπο-

181 1245 521 1315 κρύψασθαι.
574 1246 697 1300 Τῶν
731 1247 776 1301 δ’
816 1248 1015 1313 ἄλλων,
1079 1250 1226 1311 ὅστις
1270 1249 1544 1317 ἔγνωσται
1582 1252 1771 1320 σαφῶς

178 1340 279 1403 τῆς
311 1340 526 1393 ἐκείνου
558 1339 791 1410 φατρίας
823 1339 919 1407 ὢν,
948 1340 1119 1411 χωρὶς
1148 1340 1372 1410 πληγῶν
1399 1343 1573 1406 οὐδεὶς
1597 1343 1774 1414 άπηλ-

176 1429 429 1499 λάττετο,
488 1430 631 1503 πλὴν
681 1432 828 1495 ὅστις
882 1433 1173 1503 ὑπόκρισιν
1229 1433 1420 1504 ἑτέρου
1472 1428 1769 1504 προσώπου

176 1521 477 1593 λαμϐάνων
522 1524 725 1592 ὁμοίως
764 1527 875 1588 τοῖς
906 1527 1087 1589 ἄλλοις
1145 1526 1455 1596 άναθέματι
1484 1530 1580 1583 καὶ
1609 1530 1772 1600 ἀραῖς

178 1617 453 1686 Παλαμάν
497 1619 591 1671 καὶ
629 1618 790 1682 αὐτὸς
820 1618 1224 1685 καθυπέόαλλε.
1262 1621 1371 1673 Καὶ
1400 1620 1501 1690 μὲν
1530 1622 1594 1689 δὴ
1632 1639 1769 1675 κατ-

1872 510 2125 580 quisnam
2168 518 2317 565 esset
2363 510 2453 566 ille
2486 511 2735 566 Palamas
2764 509 3123 579 explorabant
3151 518 3207 562 et
3234 511 3454 563 curiose

1873 599 2295 672 investigabant,
2329 611 2495 672 atque
2542 602 2620 657 illi
2671 601 2900 665 infelici,
2938 600 3084 671 quod
3121 610 3323 654 sanctae
3354 601 3446 653 Dei

1872 692 2131 749 Ecclesiae
2174 695 2351 764 patria
2398 693 2653 763 dogmata
2696 691 3010 748 rescindere
3041 692 3286 757 auderet,
3314 692 3453 745 den-

1875 795 1982 840 tem
2040 786 2305 843 infestum
2366 787 2594 856 infigere
2654 785 2954 860 cupiebant
3007 802 3022 840 :
3083 785 3452 853 eumdemque

1873 893 2085 944 omnes,
2114 878 2264 935 velut
2310 879 2378 934 de
2423 886 2730 949 compacto.
2772 878 3222 941 exsecrabantur,
3253 876 3452 930 multo-

1873 987 1981 1041 que
2011 980 2068 1028 et
2097 972 2296 1028 crebro
2327 972 2675 1028 anathemate
2719 970 3114 1043 percellebant.
3146 968 3302 1024 Unde
3334 969 3449 1030 ille,

1873 1064 2087 1119 veritus
2139 1079 2208 1119 ne
2252 1065 2333 1119 sic
2381 1064 2557 1135 palam
2591 1063 3024 1132 discerperetur,
3057 1060 3343 1116 celerrime
3391 1075 3452 1114 se

1873 1152 2139 1207 subduxit
2181 1163 2236 1208 et
2282 1153 2547 1209 occuluit.
2602 1152 2965 1218 Creterorum,
3017 1166 3158 1221 quos
3216 1151 3285 1205 de
3331 1151 3455 1219 ejus

1875 1246 2133 1302 sodalitio
2180 1262 2302 1301 esse
2351 1245 2624 1313 constitit,
2676 1245 2959 1316 plagarum
3014 1258 3211 1312 eXpers
3269 1242 3473 1309 nullus.

1873 1338 2086 1410 effugit,
2134 1340 2240 1395 nisi
2282 1340 2401 1411 qui,
2438 1354 2685 1410 persona
2739 1339 2845 1393 alia
2899 1353 2998 1408 per
3044 1336 3452 1392 simulationem

1874 1431 2092 1500 induta,
2142 1433 2414 1488 Palamatn
2469 1435 2585 1503 ipse
2635 1446 2854 1502 quoque
2903 1430 3141 1485 aliorum
3204 1426 3456 1496 exemplo

1873 1523 2188 1581 devovisset
2218 1535 2275 1580 et
2313 1524 2605 1580 anathema
2648 1540 2771 1579 esse
2797 1524 3076 1594 jussisset.
3104 1522 3174 1576 At
3206 1535 3326 1582 nos,
3359 1519 3454 1588 qui

1876 1630 2021 1686 pone
2049 1615 2444 1685 sequebamur,
2479 1625 2737 1686 tanquam
2781 1614 2946 1685 patrii
2980 1615 3256 1686 dogmatis
3301 1613 3457 1668 fidei-

174 1708 301 1760 6:-.tv
364 1709 511 1778 ἡμᾶς
538 1709 792 1772 ἐπιόντας
846 1712 959 1775 τοῖς
991 1710 1182 1780 ὕμνοις
1235 1710 1526 1782 ὲγέραιρόν
1568 1729 1628 1765 τε
1677 1712 1771 1766 κιὶ

1877 1723 1984 1778 que
2012 1707 2251 1762 athletas
2282 1722 2347 1763 ac
2372 1702 2835 1777 propugnatores,
2866 1715 3032 1775 atque
3069 1714 3129 1760 ut
3153 1708 3320 1760 vitam
3353 1722 3458 1774 pro

174 1799 535 1870 ἐστεφάνουν,
591 1801 666 1866 ὡς
716 1805 816 1873 τῆς
845 1804 1077 1873 πατρίου
1138 1803 1294 1873 δόξης
1356 1807 1445 1858 καὶ
1489 1806 1769 1870 εὐσεϐείας

173 1893 425 1965 ἀθλητάς
446 1896 541 1949 καὶ
566 1895 863 1965 προὸόλους
895 1897 987 1950 καὶ
1012 1898 1186 1967 ῥᾷστα
1212 1896 1277 1968 δὴ
1306 1898 1365 1950 τὸ
1386 1898 1489 1968 ζῇν
1519 1897 1770 1967 ἑτοίμους

172 1985 471 2077 προΐεσθαι
503 1987 776 2058 λαμπρῶς
824 1988 965 2057 ὑπὲρ
1001 1988 1113 2041 τῶν
1147 1990 1417 2060 κειμένων
1440 1989 1647 2045 ἄνωθεν
1672 1991 1770 2060 τῆς

169 2075 272 2131 τοῦ
300 2075 439 2129 Θεοῦ
474 2076 804 2146 Ἐκκλησίας
835 2077 1145 2148 δογμάτων.

251 2165 464 2221 Ε’.Καὶ
507 2169 535 2219 ό
587 2166 690 2238 μὲν
718 2167 818 2237 τῆς
861 2168 1088 2239 πρώτης
1120 2170 1252 2239 ἡμῖν
1287 2171 1503 2241 ἡμέρας
1551 2172 1769 2247 gnem;

169 2258 349 2325 πλοῦς
384 2259 529 2313 οὕτω
561 2260 745 2325 καλῶς
778 2261 872 2315 aut
900 2261 999 2315 σὺν
1021 2262 1299 2336 ἀσφαλείᾳ
1327 2264 1636 2336 διήνυσται.
1670 2267 1769 2338 τῆς

169 2353 266 2406 τοῦ
294 2351 437 2406 Θεοῦ
468 2352 649 2418 δεξιᾶς
678 2354 1029 2426 οἰακιξούσης
1044 2356 1143 2427 τὴν
1175 2357 1286 2411 τῶν
1308 2359 1600 2428 ἡμετέρων
1628 2360 1773 2429 άγὼ-

170 2460 283 2498 νων
324 2444 528 2498 ὁλκάδα
552 2446 650 2499 καὶ
683 2446 835 2520 κῦμα
873 2447 981 2500 πᾶν
1034 2446 1347 2503 άντισαῖνον
1377 2450 1614 2520 ἰσχυρῶς
1637 2451 1775 2505 ἀπο-ι

64 2576 69 2581 -
171 2539 549 2609 τρεπομένης.
585 2538 815 2602 Πολλαζς
852 2540 961 2611 γάρ
984 2540 1274 2612 χειμώνων
1299 2543 1640 2607 ἀντιπνοίαις
1670 2561 1772 2597 πε-

175 2632 525 2705 ριτυχόντες,
556 2634 895 2704 άρχοντικῶν
921 2651 984 2688 τε
1004 2634 1099 2689 καὶ
1131 2636 1496 2706 ἡγεμονικῶν,
1545 2637 1770 2702 πολλαῖς

171 2726 213 2779 δ’
277 2726 713 2796 ἐμπεπτωκότες
767 2727 1043 2798 πειρατῶν
1105 2726 1192 2800 [Ρ.
1248 2726 1379 2800 615]
1410 2729 1587 2784 εἰπεῖν
1639 2733 1769 2799 ἑφε-

168 2819 412 2890 δρείαις,
438 2819 850 2891 πρεσόυτέρων,
871 2819 1189 2877 ἐπισκόπων
1238 2837 1298 2875 τε
1330 2822 1422 2875 καὶ
1451 2821 1560 2875 τῶν
1593 2823 1771 2876 τοιού-ε

168 2929 282 2967 των
344 2911 445 2983 (ὲῶ
475 2913 585 2984 γάρ
622 2913 730 2966 τῶν
758 2930 822 2982 γε
877 2913 1381 2985 παραϐομὸούντων
1427 2914 1677 2969 κολάκων
1709 2914 1767 2967 τὸ

168 3004 408 3077 πλῆθος)
440 3005 812 3077 ὑπερέσχομεν
857 3004 955 3072 ξύν
1001 3023 1064 3074 γε
1091 3006 1233 3078 Θεῷ,
1266 3005 1513 3061 κινδύνου
1569 3008 1767 3072 παντὸς

1877 1800 2104 1872 anliqua
2137 1800 2393 1856 Ecclesiae.
2434 1800 2532 1855 Dei
2565 1800 2818 1855 doctrina
2858 1798 3144 1855 effundere
3172 1800 3457 1869 paratissio

1878 1910 2017 1962 mos,
2057 1893 2319 1951 laudibus
2347 1893 2845 1950 remunerabantur
2869 1903 2926 1949 et
2953 1891 3312 1948 coronabant.

1947 2188 2014 2244 ν.
2047 2186 2127 2243 Ita
2151 2185 2314 2257 primi
2347 2185 2499 2241 illius
2519 2185 2629 2241 diei
2652 2197 2878 2240 cursum
2897 2195 3225 2253 prosperum
3247 2178 3462 2235 etinof-

1880 2280 2093 2337 fensum
2152 2280 2486 2350 peregimus,
2535 2290 2781 2333 nostram
2831 2276 2886 2330 in
2942 2274 3011 2329 iis
3058 2274 3457 2328 certaminibus

1879 2373 2061 2428 navim
2105 2373 2196 2427 Dei
2238 2386 2402 2426 manu
2433 2371 2797 2443 gubernante,
2843 2378 2901 2423 et
2946 2368 3147 2423 fluctus
3181 2382 3461 2437 quoscun-

1877 2480 1986 2535 que
2028 2463 2198 2535 979
2245 2464 2531 2536 oppositos
2575 2462 2795 2518 fortiter
2838 2461 3174 2531 depellente.
3215 2459 3465 2514 Tametsi

1877 2557 2024 2612 enim
2067 2559 2250 2612 multa:
2298 2556 2458 2612 nobis
2506 2556 2762 2627 procellxe
2807 2570 2837 2609 a
2885 2554 3231 2625 principibus
3279 2564 3335 2608 et
3386 2554 3470 2608 ab-

1879 2650 2234 2720 imperatore,
2267 2648 2445 2705 ventis
2476 2647 2639 2718 quasi
2667 2647 3011 2711 reﬂantibus,
3040 2646 3272 2717 objecue
3300 2657 3497 2707 sunt,~

1876 2747 2044 2809 atque
2070 2740 2124 2792 in
2157 2738 2377 2803 multas,
2416 2747 2475 2794 ut
2510 2738 2586 2793 ita
2627 2738 2830 2802 dicant,
2870 2737 3191 2807 pratdonum
3230 2736 3471 2799 insidias

1878 2831 2233 2897 incurrimus,
2263 2831 2716 2903 presbyterorum
2763 2832 2909 2893 dico,
2955 2843 3013 2887 et
3049 2833 3469 2903 episcoporum,

1876 2926 2221 2995 aliorumque
2245 2924 2515 2996 ejusmodi
2548 2924 2766 2991 (omitto
2788 2924 3185 2993 astrepentium
3211 2925 3463 2979 adulato-

1878 3033 2004 3072 rum
2054 3016 2326 3087 turbam);
2381 3026 2585 3082 tamen,
2633 3017 2745 3071 Deo
2790 3016 3042 3086 iuvante,
3091 3031 3157 3069 ex
3200 3017 3472 3071 omnibus

165 3095 687 3158 καταπεπλευκότες
714 3095 1021 3166 ὑπέρτεροι.
1051 3096 1115 3149 Ei
1139 3096 1198 3149 δὲ
1234 3094 1310 3167 μὴ
1342 3097 1436 3152 καὶ
1461 3096 1587 3159 τοὺς
1615 3096 1767 3150 ἀνθι-

1878 3110 2140 3181 perieulis
2180 3109 2532 3175 cmersimus,
2575 3118 2633 3167 et
2678 3108 2908 3182 appulsa
2954 3107 3022 3162 ad
3065 3120 3282 3179 portum
3332 3109 3463 3163 nati

166 3187 486 3259 παμὲνους
519 3186 803 3245 αἰσθέσθαι
832 3188 1200 3259 πεπείκαμεν,
1235 3187 1331 3241 καὶ
1348 3186 1647 3259 ἀνανῆψαι,
1674 3206 1773 3242 κα-

166 3280 354 3351 θάπερ
383 3280 453 3333 ὲκ
481 3280 651 3351 μέθης
685 3280 949 3350 μεγάλης,
970 3283 1069 3351 τῆς
1109 3279 1339 3352 πλάνης,
1385 3281 1566 3335 καινὸν
1597 3281 1770 3337 οὐδέν.

163 3374 377 3445 Κύριοι
425 3374 537 3444 γάρ
586 3376 749 3444 ἡμεῖς
784 3373 898 3446 (99)
929 3374 990 3427 οὐ
1019 3375 1116 3443 τῆς
1155 3374 1264 3427 τῶν
1291 3372 1593 3443 ἀλλοτρίων
1626 3372 1771 3443 γνὼ-

168 3485 307 3538 μης,
344 3464 491 3521 ἀλλὰ
513 3466 612 3535 τῆς
640 3469 776 3538 πρὸς
807 3467 870 3519 τὸ
896 3465 990 3520 τοῦ
1043 3466 1210 3538 ξὴλου
1256 3466 1421 3521 καλὸν
1456 3468 1632 3537 ὁρμῆς
1678 3468 1773 3521 καὶ

161 3562 278 3616 τῶν
309 3562 458 3632 ὑπὲρ
478 3562 576 3631 τῆς
605 3560 865 3633 ἀληθείας
902 3559 1078 3629 λόγων
1096 3576 1114 3594 ο
1147 3560 1256 3614 τῶν
1278 3560 1323 3614 δ’
1357 3560 1612 3613 ἐντεῦθεν
1635 3560 1773 3614 άπο·

163 3652 524 3717 ϐαινόντων,
587 3652 726 3722 μόνη
778 3650 1036 3717 καθάπαξ
1082 3652 1117 3722 ἡ
1162 3650 1563 3705 δυναστεύουσα
1592 3651 1773 3720 κρίσις

160 3745 289 3818 ἅμα
338 3746 437 3799 καὶ
458 3743 602 3816 χείρ.
627 3743 847 3815 Ταύτην
875 3744 921 3798 δ’
943 3747 1023 3809 εἰς
1057 3743 1352 3798 ἀντίπαλον
1381 3744 1481 3815 τῆς
1512 3745 1772 3815 ἀληθείας

165 3840 381 3909 μοῖραν
409 3835 825 3908 ἀπορραγεῖσαν
870 3835 1199 3907 ὁλοσχερῶς,
1232 3837 1328 3890 καὶ
1356 3835 1436 3907 τῷ
1471 3835 1648 3907 χρόνῳ
1678 3836 1767 3905 βεο

163 3930 530 3993 ὕαιωθεῖσαν,
586 3928 815 3998 σιδηρᾶν
868 3944 992 3984 τινα
1022 3931 1365 4000 καταστῆναι
1399 3929 1771 4001 ξυμπέπςωκε

161 4022 260 4075 καὶ
295 4018 703 4090 ἀνεπίστροφον
724 4020 861 4083 ὅλως
895 4021 975 4083 είς
996 4020 1096 4088 τὴν
1122 4021 1217 4074 τοῦ
1248 4014 1555 4091 κρείτὲονος
1585 4023 1768 4091 φύσιν.

160 4116 242 4169 Οὐ
289 4115 412 4185 γάρ
439 4112 790 4183 δικαιοσύνης
821 4114 1077 4187 ἄσκησις,
1131 4114 1249 4187 οὐδ’,
1270 4117 1582 4187 ἐπιστήμης
1613 4116 1775 4169 κανό-

156 4224 282 4272 νες,
349 4205 764 4275 άνεχάλκευσάν
811 4223 870 4259 τε
926 4208 1022 4259 καὶ
1063 4205 1238 4271 οὕτως
1289 4209 1770 4279 ὲσφυρηλάῖησαν,

157 4300 282 4355 ἀλλ’
339 4297 584 4368 ὲριννύες
615 4299 1010 4369 κακοδαίμονες
1054 4300 1149 4354 καὶ
1202 4301 1454 4371 πονηρῶν
1501 4301 1771 4371 Taxith

158 4391 388 4452 θίασος.
424 4387 503 4444 Τά
534 4390 635 4460 μὲν
658 4390 769 4462 γάρ
799 4391 911 4447 άπὸ
941 4392 1157 4455 δικαίας
1178 4392 1460 4463 ἀρχόμενα
1494 4393 1649 4465 ῥίζης
1676 4396 1771 4448 καὶ

1878 3203 2190 3273 superiores
2220 3202 2520 3258 evasimus.
2552 3201 2709 3268 Quod
2740 3202 2785 3257 si
2821 3200 3154 3257 adversariis
3180 3217 3289 3257 non
3331 3217 3461 3271 per-

1876 3295 2170 3361 suasimus,
2205 3293 2286 3349 sic
2316 3302 2375 3347 ut
2413 3308 2636 3350 sensum
2667 3293 3003 3363 acciperent,
3041 3303 3098 3348 et
3131 3307 3196 3347 ex
3246 3308 3458 3352 errore.

1879 3395 2137 3456 tanquam
2168 3400 2235 3440 ex
2263 3398 2459 3453 magna
2482 3384 2772 3449 ebrietate,
2811 3384 2878 3437 ad
2915 3383 3115 3437 bonam
3153 3383 3366 3455 frugem
3401 3399 3467 3438 se

1874 3476 2208 3546 reciperent,
2237 3476 2372 3530 nihil
2400 3474 2624 3533 mirum.
2659 3474 2874 3545 Quippe
2907 3490 3079 3545 penes
3108 3489 3212 3530 nos
3236 3484 3319 3529 est
3348 3491 3456 3528 non

1874 3570 2129 3624 voluntas
2159 3569 2447 3623 hominum
2475 3568 2885 3634 dissidentium,
2915 3568 3010 3622 sed
3039 3570 3160 3638 ejus
3185 3584 3306 3639 qua:
3338 3570 3460 3622 zt-lo

1877 3661 2022 3717 inest
2046 3661 2224 3719 laudis
2256 3662 2500 3718 studium
2527 3671 2581 3716 ct
2604 3662 2894 3716 veritatem
2920 3660 3212 3717 defensura
3242 3665 3459 3719 oratio:

1875 3764 2113 3809 eventus
2152 3765 2336 3810 autem
2372 3770 2436 3808 ex
2481 3753 2691 3824 judicio
2720 3763 2776 3808 et
2806 3769 2970 3809 manu
3024 3753 3293 3825 principis
3328 3770 3466 3824 prae.

1876 3854 2104 3916 potente
2125 3846 2351 3901 omnino
2382 3846 2646 3916 pendent.
2675 3846 2846 3900 Porro
2870 3861 2902 3900 a
2931 3844 3180 3900 veritatis
3207 3845 3476 3914 partibus

1876 3940 2104 3994 avulsus
2136 3938 2250 4003 ille,
2284 3948 2341 3995 ct
2362 3940 2607 3995 adversae
2639 3938 2864 3994 factioni
2906 3937 3181 4005 addictus,
3206 3939 3286 3993 sic
3328 3949 3466 3993 teme

1875 4044 2009 4099 pore
2039 4030 2369 4085 oblirmatus
2407 4039 2514 4096 est,
2541 4040 2600 4085 ut
2630 4029 2844 4084 ferreus
2884 4029 3292 4100 quodammodo
3339 4046 3466 4085 eva-

1874 4123 2033 4188 serit,
2063 4131 2115 4175 ct
2146 4122 2214 4175 ad
2250 4122 2449 4175 melius
2482 4122 2792 4175 institutum
2838 4130 3161 4176 convertere
3200 4137 3258 4176 se
3291 4121 3470 4175 hand,-

1876 4230 2151 4285 quaquam
2184 4223 2361 4269 curet.
2402 4214 2592 4283 Neque
2638 4215 2784 4267 enim
2825 4228 2952 4269 eum
2997 4213 3271 4282 tequitatis
3323 4215 3464 4267 ratio

1875 4308 2180 4378 explorata,
2225 4316 2323 4360 aut
2365 4306 2550 4375 aliqua
2593 4305 2843 4360 scientia:
2891 4307 3101 4376 regula,
3141 4307 3237 4361 sed
3285 4307 3466 4361 Furia:

1876 4400 2147 4463 infelices,
2181 4406 2238 4452 et
2265 4398 2534 4452 malorum
2570 4399 2858 4468 geniorum
2899 4398 3135 4461 thiasus,
3181 4400 3343 4451 talem
3376 4416 3464 4451 re-

157 4484 463 4554 εὐπαγοῦς
513 4486 891 4558 μονιμώτερον
921 4489 1016 4553 καὶ
1062 4487 1124 4540 τὸ
1153 4488 1315 4552 άνθος
1348 4486 1634 4557 φυλάττει,
1682 4490 1771 4544 καὶ

1880 4490 2209 4556 conﬂarunt,
2256 4499 2312 4544 et
2358 4488 2509 4543 velut
2559 4488 2874 4542 malleatum
2926 4488 3277 4543 indttrarunt.
3332 4492 3463 4554 Qme

155 4580 223 4633 οὐ
260 4580 453 4652 ῥᾷστα
482 4577 885 4650 θορυϐούμενον
914 4579 1005 4650 ὑφ’
1026 4578 1256 4650 ἡλιακοῦ
1293 4596 1436 4643 τινος
1467 4582 1732 4645 καύσονος
1758 4595 1773 4612 ο

158 4675 233 4728 τὰ
264 4673 318 4725 δ’
358 4671 564 4743 ἀσθενῆ
594 4674 691 4726 καὶ
720 4674 983 4744 ἀδόκιμον
1011 4673 1202 4743 ἔχοντα
1222 4672 1316 4726 τοῦ
1346 4673 1511 4729 κιλοῦ
1546 4674 1645 4745 τὴν
1674 4676 1780 4746 ἀρ-

157 4770 271 4837 χὴν
304 4769 380 4820 tv
404 4765 549 4836 μέσῃ
567 4768 633 4837 τῇ
667 4766 947 4838 άναδρομῇ
981 4767 1390 4839 μαραινομένην
1412 4770 1487 4832 ὼς
1513 4786 1542 4820 τ
1558 4788 1581 4819 λ
1607 4768 1776 4821 πολλά

157 4862 268 4929 τὴν
300 4857 414 4926 τῆς
457 4859 658 4927 ἀρετῆς
703 4859 891 4929 ἀκμὴν
926 4859 1267 4912 καταλείπει.
1315 4858 1464 4911 Διότι
1517 4862 1635 4913 ἐκεῖ
1675 4858 1774 4927 μὲν

156 4951 474 5021 αὐτοφυεῖς
502 4967 647 5012 τινες
682 4951 776 5006 καὶ
801 4951 1125 5022 αὐτόχθονες
1149 4950 1245 5005 τοῦ
1278 4950 1442 5005 καλοῦ
1467 4951 1779 5005 συνοικοῦν-

156 5059 258 5105 τες
290 5041 497 5112 τρόποι
530 5042 840 5112 πρόδρομον
869 5045 1091 5115 κήρυκα
1109 5044 1207 5115 τὴν
1235 5045 1330 5097 τοῦ
1356 5045 1551 5108 άνθους
1569 5045 1774 5115 αὐτάρ-

156 5152 237 5206 κη
276 5134 620 5204 παρέχονται
654 5136 895 5208 βλάστην
920 5175 936 5202 ,
988 5138 1052 5193 ἐκ
1105 5139 1203 5208 τῆς
1236 5137 1553 5209 προφανοῦς
1608 5138 1774 5190 οἱονεὶ

163 5227 459 5298 μαντικῆς
511 5230 787 5298 τάφανοῦς
838 5230 936 5301 τὴν
1006 5231 1289 5299 εὐγένειαν
1348 5231 1767 5301 ἐμφανίζοντες.

176 5317 463 5371 Ἐνταῦθα
490 5318 535 5371 δ’
566 5325 907 5389 ἀχορήγητον
950 5320 1171 5390 ἔχουσαι
1205 5324 1362 5392 ῥίζαν
1394 5323 1619 5387 eum.
1646 5339 1769 5392 πη-

159 5412 289 5479 γῶν
334 5410 624 5480 ἀφθονίας,
656 5414 712 5465 ai
755 5410 849 5466 τοῦ
880 5412 1111 5481 ψεύδους
1158 5412 1413 5479 αὖλακες,
1449 5414 1625 5484 βραχὺ
1664 5432 1768 5483 φα-

1304 5512 1332 5539 ὁ

1884 4583 2145 4640 videlicet
2172 4598 2239 4637 ex
2270 4582 2456 4637 radice
2483 4581 2742 4637 oriuntur
2770 4581 2911 4635 bona
2936 4590 2993 4635 et
3036 4580 3230 4645 solida,
3266 4596 3461 4635 eorum

1882 4677 1984 4731 ﬂos
2017 4675 2356 4740 diuturnior,
2389 4676 2566 4730 aestivi
2605 4675 2736 4729 solis
2767 4674 2964 4727 ardore
2996 4674 3142 4727 haud
3176 4673 3337 4726 fat-ile
3383 4677 3463 4726 af-

1880 4770 2106 4840 ﬂigitur.
2140 4766 2272 4834 Qua:
2315 4783 2500 4823 autem
2536 4769 2809 4822 intirmam
2835 4776 2892 4821 et
2922 4767 3107 4820 minus
3137 4782 3459 4836 generosam

1882 4862 2086 4916 habent
2112 4860 2329 4931 pulchri
2360 4861 2603 4931 bonique
2631 4861 2923 4928 originem,
2953 4874 3017 4912 ea
3048 4858 3376 4929 plerumque
3405 4878 3458 4913 att

1881 4951 2064 5006 medio
2098 4966 2389 5022 progressu
2426 4959 2858 5005 tnarcescentetn
2890 4949 3112 5004 virtutis
3145 4951 3336 5005 florent
3369 4954 3463 5005 dr-

1880 5053 2091 5098 serunt.
2134 5042 2321 5112 Itaque
2370 5041 2457 5095 ista
2510 5041 2732 5111 quidem
2785 5039 3054 5109 ingenuas
3100 5052 3153 5095 et
3199 5042 3464 5113 indigetes

1880 5136 2038 5207 quasi
2073 5135 2303 5190 virtutes
2326 5135 2506 5189 socias
2540 5133 2764 5197 habent,
2792 5142 2916 5203 qua:
2947 5133 3296 5190 evidentibus
3329 5152 3466 5206 pra:-

1862 5220 2047 5300 ~sagiis
2093 5228 2354 5283 latentem
2406 5225 2830 5296 generositatem
2878 5225 3244 5289 declarantcs,
3296 5227 3464 5295 930

1877 5321 2070 5378 florem
2089 5321 2508 5383 exuberantem,
2535 5319 2685 5374 velut
2710 5327 3137 5389 prtecurrentem
3179 5320 3376 5371 nuntiu
3405 5340 3459 5380 ιι,

1879 5416 2225 5486 praemittunt
2254 5433 2268 5469 :
2299 5416 2415 5469 haec
2449 5428 2601 5477 vero,
2634 5413 2762 5483 quia
2792 5411 2998 5466 fundus
3027 5410 3258 5466 mendax
3291 5412 3461 5462 bunu-

1556 5556 1884 5618 Yariorum
1921 5568 2109 5617 no‘m.

162 5690 167 5695 ’
244 5695 370 5765 (98)
404 5693 540 5768 Vide
600 5693 872 5768 Philothei
922 5696 1245 5768 patriarchae
1273 5697 1682 5752 Antirrltetirum
1721 5717 1758 5766 t,
1800 5700 1922 5757 cod.
1952 5699 2080 5768 lteg.
2124 5694 2291 5761 l996,-
2307 5694 2401 5749 fol.
2437 5694 2499 5748 l4
2526 5708 2577 5748 ν.
2618 5703 2672 5749 et
2708 5707 2823 5761 scq.
2854 5689 3059 5744 Bon'ttt.

254 5774 386 5832 om.)
416 5767 505 5820 Sic
540 5782 707 5833 supra
736 5766 833 5821 lib.
869 5764 957 5833 xv,
999 5782 1119 5831 cap.
1148 5764 1209 5831 74
1245 5781 1379 5823 scrt.
1416 5772 1465 5823 7.
1501 5770 1709 5825 BotVlN.
