3974 6620
265 363 394 427 ῖῖὸῗί

612 362 694 436 [Α.
735 367 805 417 c.’
831 360 986 433 1531]

1234 367 1680 430 BYZANTIN/E
1718 367 2103 429 ΠΙΞΤΟΒΙιεΕ
2138 367 2282 429 LIB.
2324 367 2455 428 XX.

3356 359 3488 423 l2L8

2574 360 2706 434 [ωτι.
2750 377 2791 414 ι.
2834 375 3123 417 οισι-καλε.
3167 356 3222 429 5]

258 478 414 532 τοῦτο
446 476 641 534 παθεῖν
664 496 682 513 ο
728 480 796 534 ἵν’
838 481 886 533 εί
920 481 993 553 μή
1026 499 1078 535 τι
1110 482 1198 536 τδν
1255 485 1472 539 ἅπαντα
1506 485 1620 556 βίον
1651 456 1727 538 οῦς
1744 484 1820 555 μὴ

1931 491 2094 539 totam
2126 483 2291 549 vitam
2320 484 2388 539 ad
2425 482 2682 537 virtutem
2712 489 2855 536 recte
2901 478 3211 535 institutum
3243 475 3486 541 vidisset,

254 571 504 625 τεθέαται
553 568 699 635 οἶκος
746 572 880 639 πρὸς
928 573 1128 645 ἀρετὴν
1177 575 1519 647 διακείμενον
1564 573 1646 641 εὖ,
1703 575 1819 630 ἀλλ’

255 660 344 715 οῦν
375 664 485 725 τοῖς
518 660 1037 735 ἐμοῖςτελευταίοις
1064 665 1406 736 βαπτόμενος
1446 667 1676 737 αῖμασιν
1720 665 1818 736 όψέ

254 753 384 822 γοῦν
418 755 558 824 μίαν
586 756 791 828 ταύτην
814 757 968 829 γνοίη
1001 775 1068 829 με
1100 759 1435 829 κεκτημένον
1462 758 1663 831 ἀρετὴν
1687 758 1817 812 πολ-

252 845 524 964 λοῦ›τινος
569 848 748 916 ἀξίαν,
792 848 853 903 τδ
889 849 964 923 μή
1000 847 1197 904 πολλοῦ
1227 867 1372 915 τινος
1396 849 1548 916 ἀξιον
1573 849 1818 921 νομίζειν

252 937 307 964 ,ι
370 941 437 964 ει..

251 937 311 993 τδ
334 937 457 1011 ζῇν.

319 1033 399 1086 B'.
429 1031 522 1085 Διὸ
550 1014 661 1097 τοῖς
693 1031 875 1096 ἄλλοις
927 1032 1175 1104 ἀνάγκην
1205 1033 1486 1104 προσῆγον
1512 1033 1588 1106 μὴ
1620 1033 1819 1107 βραδύ-

249 1140 382 1189 νειν,
416 1123 553 1178 ἀλλά
579 1127 692 1188 τοῖς
717 1126 870 1195 ἐμοῖς
899 1124 1229 1196 βοηθοῦντας
1263 1126 1564 1197 νοσήμασιν
1594 1125 1817 1180 ἀπιέναι

251 1215 566 1285 προθύμως,
596 1216 695 1270 οὐκ
738 1218 816 1279 είς
851 1216 1106 1287 ἐλέγχους
1134 1217 1228 1269 καὶ
1261 1216 1526 1280 διαλέξεις
1556 1216 1817 1286 ἀληθείας

248 1300 624 1374 ζητουμένης’
658 1304 1020 1376 ἀπειρηκέναι
1059 1305 1167 1377 γὰρ
1223 1306 1319 1360 καὶ
1367 1305 1538 1375 αὐτὴν
1588 1307 1691 1378 ήδη
1724 1307 1818 1361 καὶ

248 1393 389 1464 πρὸς
440 1396 713 1465 αίθερίους
747 1397 1060 1467 ἀποπτῆναι
1110 1397 1411 1468 θαλάμους,
1446 1400 1681 1470 ἀφανείᾳ
1726 1378 1817 1453 κε-

245 1484 607 1558 καλυμμένην
636 1489 828 1559 μακρᾷ
851 1505 865 1520 ·
894 1489 1010 1542 ἀλλ’
1033 1492 1113 1553 εἰς
1139 1490 1353 1561 σφαγὴν
1376 1490 1472 1544 καὶ
1497 1484 1816 1562 μαρτυρικὰ

245 1577 603 1647 παλαίσματα
637 1581 732 1635 καὶ
766 1580 994 1635 θανάτου
1044 1581 1256 1653 μακροῦ
1291 1580 1569 1652 δεινότερα
1600 1582 1816 1653 δεσμω-

242 1671 432 1739 τήρια.
495 1671 763 1742 Τοιαῦτην
792 1673 902 1743 γὰρ
936 1673 1059 1726 καθ’
1100 1673 1256 1746 ήμῶν
1311 1673 1655 1744 ἐξενηνέχθαι
1688 1671 1817 1743 χθὲῖ

245 1762 339 1816 καὶ
369 1762 659 1833 πρότριτα,
689 1762 907 1832 δεσμοῖς
940 1762 1319 1832 ἀδαμαντίνοις
1364 1767 1475 1817 τισὶ
1514 1760 1620 1816 καὶ
1647 1765 1817 1835 ἀρρή-

1921 576 2113 631 saltem
2146 590 2344 631 cruore
2375 590 2498 630 meo
2528 574 2596 629 ad
2634 583 2939 629 extremum
2974 571 3164 630 tincta.
3199 578 3493 640 quantum-

1919 669 2156 725 νίσσετο
2207 675 2529 740 agnosceret
2581 666 2910 721 instructum
2966 679 3029 719 ea
3079 663 3306 727 virtute,
3340 676 3486 731 quae,

1919 776 2043 817 cum
2074 762 2242 817 vitam
2286 758 2430 816 haud
2470 758 2652 830 magni
2697 757 2920 824 faceret,
2965 755 3149 827 magni
3196 755 3314 825 ipsa
3367 752 3486 810 ﬁeri

1918 853 2165 911 deberet.

2565 955 2591 965 ι.

1985 1031 2052 1089 11.
2092 992 2453 1102 Qua'mobrem
2502 1031 2571 1089 ab
2611 1029 2736 1088 aliis
2776 1004 3136 1085 vehementer
3166 1029 3307 1100 cmpi
3348 1044 3484 1086 con-

1918 1125 2164 1190 tendere,
2194 1139 2264 1181 ne
2302 1131 2716 1186 cunctarentur,
2746 1121 2842 1179 sed
2891 1130 2952 1176 ut
2995 1120 3129 1176 mihi
3177 1136 3323 1192 aegro
3354 1137 3484 1178 suc-

1916 1227 2203 1273 currentes
2244 1217 2463 1273 abirent
2487 1215 2764 1279 alacriter,
2809 1229 2919 1269 non
2960 1212 3028 1268 ad
3070 1213 3352 1269 veritatem
3387 1228 3488 1283 per

1917 1318 2238 1381 argumenta
2285 1318 2339 1364 et
2397 1307 2798 1379 disputationes
2852 1306 3323 1379 investigandam;
3369 1305 3481 1376 jam

1918 1383 2122 1470 quippe
2151 1409 2208 1456 et
2246 1399 2416 1469 ipsam
2452 1398 2704 1466 cessisse,
2737 1405 2794 1452 et
2834 1397 3002 1454 densa
3046 1396 3277 1466 caligine
3317 1396 3482 1450 invo~

1917 1490 2089 1547 lutam
2130 1492 2187 1546 in
2223 1491 2420 1547 caelum
2450 1490 2731 1555 avolasse;
2756 1488 2849 1545 sed
2880 1489 2949 1544 ad
2976 1488 3200 1554 caedem,
3234 1488 3301 1544 ad
3335 1505 3483 1544 mar-

1918 1582 2044 1653 tyrii
2079 1581 2397 1645 luctamina,
2447 1580 2512 1636 ad
2561 1581 2778 1635 vincula
2821 1581 3058 1652 denique
3105 1583 3254 1636 omni
3308 1592 3483 1635 morte

1917 1675 2191 1745 graviora.
2221 1673 2429 1744 Nempe
2458 1687 2577 1728 eam
2611 1672 2667 1728 in
2708 1688 2810 1729 nos
2841 1674 2908 1728 ab
2939 1675 3290 1739 adversariis,
3333 1682 3388 1730 et
3417 1674 3486 1727 ab

1921 1764 2007 1826 iis,
2048 1778 2215 1836 pencs
2252 1780 2391 1835 quos
2434 1774 2677 1835 potestas
2712 1774 2875 1828 esset,
2914 1764 3030 1820 heri
3068 1775 3124 1820 et
3172 1766 3488 1821 nudiuster-

243 1874 398 1921 κτοις
415 1827 847 1930 *κεκυρωμένη-ν,
871 1827 1060 1929 ψῆιρον-
1083 1858 1219 1930 πρὸς
1248 1827 1357 1911 τιῦν
1391 1827 1699 1913 ἀντιπᾶλων
1723 1827 1816 1912 Ξιοὶι

1931 1857 2033 1912 tius
2082 1856 2245 1912 latam
2289 1870 2411 1912 esse
2460 1855 2811 1937 sententiam,
2849 1855 3212 1912 adarnantinis
3258 1858 3491 1928 quibus-

240 1949 344 2018 τῆς
402 1948 657 2014 ἐξουσίας
690 1950 989 2022 ἀρχόντων.
1040 1950 1162 2003 Τῶν
1195 1951 1302 2021 γὰρ
1349 1936 1750 2021 μεῖριωτέρων,
1779 1947 1816 2003 ἃ

242 2039 357 2101 τοῖς
385 2037 733 2108 ἐξωτερικοῖς
769 2037 852 2110 (4)
887 2040 984 2092 καὶ
1012 2038 1073 2092 τὸ
1105 2038 1352 2096 πλεῖστον
1384 2040 1695 2110 δημοτικοῖς
1718 2055 1817 2093 κα-

243 2130 601 2201 τεψήφισται,
631 2134 700 2184 τὰ
742 2132 842 2202 μὲν
874 2130 975 2202 ήδη
1011 2131 1346 2201 πέπρακται,
1375 2131 1443 2184 τὰ
1467 2129 1512 2183 δ’
1535 2131 1615 2184 έτι
1640 2129 1816 2198 πράτ-

243 2223 530 2300 τεται.δτά
581 2223 635 2276 δὲ
672 2223 770 2276 καὶ
803 2222 1200 2294 πραχθήσεται.
1253 2222 1365 2276 Καὶ
1413 2221 1621 2275 τούτων
1666 2221 1820 2274 οὐδὲν

241 2300 439 2367 οῖῖδὲνα
473 2315 688 2368 πάντων
717 2315 747 2367 ὕ
754 2314 873 2384 μῶν
892 2317 1108 2383 ἀγνοεῖν
1125 2315 1334 2385 οἴομαι,
1360 2312 1577 2386 [Ρ.620]
1595 2313 1823 2386 θορύϐου

243 2405 509 2458 τοσούτου
551 2407 651 2477 τὴν
684 2407 843 2460 πόλιν
876 2407 1317 2479 περιηχήσαντος
1348 2405 1589 2462 ἃπασαν.
1632 2403 1825 2476 Χρεὼν

243 2499 361 2566 οῦν,
389 2500 466 2570 μὴ
488 2497 938 2569 φιλοψυχοῦντας,
961 2499 1075 2553 ἀλλ’
1097 2491 1467 2570 ἐρρωμένους,
1490 2496 1656 2568 ὁμόσε
1678 2496 1817 2567 πρὸς

196 2580 205 2583 ”
245 2587 376 2651 τοὺς
407 2586 684 2651 τοιούτους
715 2591 915 2660 χωρεῖν
946 2586 1428 2659 ἀγῶναςρθνητῆς
1458 2586 1568 2658 γὰρ
1589 2586 1817 2658 λαχοῦσι

245 2678 469 2748 φύσεως
496 2679 563 2751 ἢν
593 2679 669 2750 μὴ
693 2679 789 2733 νῦν
818 2678 1003 2733 θανεῖν
1039 2679 1156 2749 ἐξῇ,
1181 2679 1269 2733 διὰ
1320 2679 1450 2748 γοῦν
1474 2677 1534 2732 τὸ
1570 2678 1667 2749 τῆς
1715 2677 1820 2762 <36-

253 2788 398 2833 σεως
434 2773 654 2842 ὄφλημα
693 2771 1045 2843 τεθνήξεσθαι
1073 2774 1287 2834 πάντως
1323 2771 1513 2841 ἕψεται
1544 2770 1815 2841 προϊοῦσι·

248 2862 349 2916 καὶ
380 2864 462 2916 δεῖ
501 2866 576 2935 μὴ
612 2863 701 2917 τὸν
742 2863 919 2917 ἀκλεᾶ
953 2864 1059 2935 πρὸ
1085 2863 1180 2917 τοῦ
1216 2860 1332 2935 μετ’
1376 2861 1629 2926 εὐκλείας
1661 2877 1818 2931 περι-

249 2958 438 3024 μεῖναι
474 2952 721 3009 θάνατον.

1922 1949 2046 2004 dam
2107 1957 2165 2004 et
2214 1948 2442 2020 irruptis
2491 1948 2652 2003 nodis
2704 1948 2990 2003 munitam.
3041 1948 3177 2004 Nam
3243 1944 3491 2006 mitiores

1920 2038 2089 2111 986
2115 2026 2310 2110 prima,
2340 2054 2460 2108 quae
2492 2039 2547 2093 in
2586 2037 2776 2103 laicos,
2807 2053 3010 2108 eosque
3038 2040 3326 2093 maximam
3361 2055 3491 2110 par-

1925 2141 2034 2187 tem
2070 2124 2337 2202 plebeios',
2368 2132 2603 2186 decretae
2638 2129 2880 2195 luerunt,
2908 2146 2984 2184 ea:
3022 2130 3217 2202 partim
3261 2131 3346 2185 vel
3373 2131 3484 2204 jam

1923 2233 2156 2303 sumptae
2205 2230 2354 2289 sunt,
2406 2222 2491 2278 vel
2546 2238 2696 2279 nunc
2757 2237 2976 2293 quoque
3028 2233 3342 2291 sumuntur,
3398 2224 3485 2278 vel

1925 2327 2113 2390 postea
2153 2317 2458 2389 exigentur.
2509 2316 2793 2375 Neminem
2827 2325 3008 2372 autem
3051 2328 3121 2371 ex
3162 2316 3319 2371 vobis
3355 2326 3488 2387 puto

1925 2406 2231 2481 quidquam
2259 2410 2452 2464 horum
2486 2410 2757 2480 ignorare,
2790 2416 2973 2465 tantus
3013 2410 3283 2464 tumultus
3320 2419 3488 2464 totam

1926 2500 2115 2556 urbem
2154 2498 2459 2570 personuit.
2489 2497 2716 2573 Oportet
2745 2499 2928 2569 itaque
2969 2513 3087 2563 vos.
3129 2513 3237 2553 non
3267 2512 3491 2553 conser-

1925 2593 2114 2649 vandae
2155 2593 2279 2647 vitae
2312 2591 2561 2661 cupidos,
2614 2591 2711 2648 sed
2763 2593 2947 2647 animo
2999 2593 3127 2648 forti
3167 2593 3487 2654 instructos,

1927 2686 2048 2743 istis
2077 2685 2468 2741 certaminibus
2495 2692 2704 2742 vosmet
2733 2684 2995 2757 objicere.
3020 2683 3301 2740 Mortalem
3333 2692 3494 2738 natu-

1902 2792 2047 2841 ,ram
2098 2775 2278 2830 sortiti
2325 2774 2480 2830 estis.
2529 2774 2769 2831 Proinde
2821 2775 3102 2847 etsilicet
3146 2789 3296 2831 nunc
3332 2774 3491 2829 vobis

1928 2873 2160 2921 mortem
2191 2866 2451 2935 ell'ugere,
2485 2873 2664 2922 tamen
2690 2875 2898 2922 natura:
2939 2866 3183 2923 debitum
3216 2865 3491 2938 ejusmodi

1926 2967 2034 3025 est,
2072 2968 2134 3014 ut
2169 2967 2327 3014 aetate
2372 2959 2588 3029 longius
2625 2960 2898 3030 provectis
2941 2959 3166 3015 omnino
3216 2961 3355 3015 mori
3392 2974 3492 3013 ne-

254 3067 413 3109 cesse
450 3052 695 3109 futurum
739 3056 832 3109 sit.
878 3050 990 3109 Nec
1053 3065 1151 3108 vos
1192 3049 1372 3119 decet,
1439 3050 1676 3124 gloriosa
1724 3060 1902 3109 morte
1940 3052 2272 3122 posthabita,
2322 3067 2443 3109 eam
2489 3061 2824 3123 exspectare,
2873 3067 2995 3123 qua:
3042 3051 3205 3135 laude
3253 3054 3495 3108 caritura

248 3156 355 3203 est.

322 3243 401 3298 l".
425 3246 543 3316 Μιᾷ
580 3243 626 3298 δ’
663 3244 1046 3318 ἀπειρηκότων
1080 3246 1255 3316 φωνῇ,
1285 3245 1361 3317 μὴ
1393 3244 1595 3299 ἐθέλειν
1630 3246 1823 3316 χωρεῖν

2000 3246 2092 3302 111.
2134 3245 2218 3301 llli
2247 3260 2379 3301 vero
2407 3259 2517 3300 una
2560 3258 2694 3300 voce
2727 3244 3069 3309 renuntiant,
3100 3244 3244 3301 nolle
3283 3260 3343 3302 se
3389 3245 3495 3301 im-

250 3338 309 3399 ἐς
347 3335 650 3405 βασιλείους
678 3334 1007 3407 προκλήσεις
1046 3336 1139 3388 καὶ
1184 3335 1327 3389 οὕτω
1374 3334 1688 3406 βαρϐαρικά
1737 3351 1831 3388 συ-

253 3429 443 3499 νέδρια
487 3430 629 3497 πλὴν
665 3428 824 3499 ἐμοῦ,
865 3427 1047 3488 δείσας
1080 3426 1190 3496 ἐγὼ
1237 3428 1312 3498 μή
1365 3429 1639 3498 πρόφασιν
1682 3426 1822 3480 τοῦτ’

254 3521 537 3591 εἰληφόσιν
566 3518 815 3585 ἐκείνοις,
846 3513 925 3583 οἷς
953 3520 1130 3572 πάντα
1163 3517 1312 3571 λίθον
1334 3519 1505 3571 κινεῖν
1529 3516 1653 3571 καθ’
1673 3518 1829 3588 ἡμῶν

254 3614 565 3682 περίεστιν,
597 3612 810 3683 ἐρήμην
851 3611 975 3664 καθ’
1010 3609 1169 3681 ἡμῶν
1210 3610 1450 3680 εὐχερῶς
1473 3610 1830 3681 καταδιαιτᾷν

254 3706 598 3776 ἐπιγένηται,
624 3704 766 3775 μάλα
790 3703 943 3776 μόλις
970 3704 1065 3772 τῆς
1097 3704 1361 3774 καθέδρας
1385 3704 1682 3770 ἐξαναστὰς
1714 3702 1830 3773 ἅμα

255 3800 430 3852 πᾶσιν
459 3798 687 3861 ἐκείνοις
720 3797 918 3868 ἀπῄειν
949 3800 1125 3852 ἐκεῖσε
1149 3795 1607 3865 ἀποθανούμενος,
1636 3799 1730 3847 καὶ
1760 3796 1828 3865 τῇ

256 3887 374 3940 ἐκεῖ
421 3887 642 3957 τελευτῇ
691 3887 1192 3956 συμπαραπέμψων
1226 3886 1297 3939 τὰ
1329 3884 1566 3953 πολυετῆ
1610 3898 1712 3953 μου
1730 3887 1830 3955 τῆς

258 3979 503 4048 κεφαλῆς
536 3979 840 4048 νοσήματα.
1614 4008 1635 4027 ι

332 4073 408 4125 Αν,
442 4071 600 4140 Ἀρτι
630 4069 687 4121 δέ
722 4069 852 4139 περί
908 4083 1039 4147 ’που⁵
1067 4069 1136 4121 τὰ
1197 4080 1337 4139 μεσα
1391 4069 1705 4139 γενομένοις
1731 4070 1829 4139 τῆς

259 4162 537 4234 βασιλείου
597 4161 766 4232 αὐλῆς
830 4160 1110 4231 ἀπήντησέ
1148 4177 1231 4223 τις
1263 4162 1394 4245 ἡμῖν
1438 4163 1545 4214 τῶν
1579 4163 1719 4216 πάνυ
1750 4161 1828 4232 τῷ

258 4257 477 4328 βασιλεῖ
502 4253 1031 4327 προσῳκειωμένων,
1055 4255 1146 4305 καὶ
1181 4252 1344 4322 μόνον
1372 4254 1631 4307 ἁπάντων
1662 4255 1828 4323 ἔμεγε

258 4347 582 4417 ἀπειληφὼς
630 4348 872 4417 προσῆγε
914 4347 992 4419 τῷ
1041 4348 1275 4419 βασιλεῖ.
1321 4349 1828 4421 Κοινολογὴσασθαι

259 4443 374 4513 γὰρ
407 4441 559 4508 ἔλεγε
608 4441 892 4510 βούλεσθαί
947 4459 1039 4511 μοι
1090 4442 1199 4495 τῶν
1237 4442 1385 4512 αὐτῷ
1410 4459 1471 4510 γε
1500 4442 1829 4513 ἀπορρήτων

261 4535 418 4587 ἔστιν
448 4533 504 4586 ἆ.
537 4533 972 4605 Προσεληλυθότι
993 4549 1095 4603 ιμοι
1118 4534 1263 4601 ,γοῦν
1316 4528 1832 4609 τυχεῖνηπροσγεγέ-

264 4644 428 4696 νηται
470 4626 589 4694 μὲν,
623 4628 771 4695 παρὰ
803 4616 1093 4695 δόξανμέν
1126 4625 1269 4694 ἐμοὶ,
1295 4626 1444 4695 σφίσι
1473 4625 1529 4701 ῥ’
1578 4627 1828 4696 ἐξεπίτη-

261 4721 352 4781 δες
388 4718 613 4788 σῃὸδρα,
640 4718 781 4778 τινὸς
815 4719 924 4778 τῶν
957 4716 1099 4771 πάνυ
1136 4734 1226 4787 μοι
1263 4718 1434 4787 φίλων
1474 4719 1540 4771 ἐκ
1569 4719 1826 4784 παλαιοῦ,

258 4807 348 4860 διὰ
367 4806 655 4876 βασιλικῆς
671 4805 926 4865 κάκείνου
950 4805 1305 4874 προκλήσεως
1326 4809 1503 4859 ἐκεῖσε
1524 4807 1828 4877 τηνικαῦτα

261 4899 532 4969 παρόντος
574 4894 707 4966 ἐμοῦ
756 4911 819 4963 γε
875 4896 1080 4948 εἵνεκα.
1122 4890 1227 4947 Ὧν
1262 4895 1469 4965 μεταξῦ
1508 4896 1828 4949 καθεσθέντι

262 5009 354 5061 μοι
382 4991 562 5058 λέγειν
591 4989 822 5059 ἤρξαντο
857 4989 996 5042 κατὰ
1031 4988 1355 5058 συνεκδοχὴν
1387 4990 1481 5041 καὶ
1510 4988 1826 5058 ἁμοιΰαδὸν,

262 5082 417 5152 παρὰ
464 5080 691 5150 θατέρου
733 5079 922 5149 ἅτερος
953 5079 1051 5142 τάς
1102 5078 1212 5131 τῶν
1246 5078 1414 5148 λόγων
1445 5080 1701 5152 ἀφορμὰς
1728 5097 1829 5132 πο-

260 5178 503 5248 ρίζυντὲς
539 5193 598 5227 τε
632 5175 727 5227 καὶ
785 5174 1162 5243 ποριζόμενοι,
1213 5176 1309 5225 καὶ
1351 5174 1561 5226 πείθειν
1621 5177 1827 5245 ἐπιχει-

265 5268 506 5336 ροῦντες,
553 5267 766 5334 πρῶτον
801 5267 901 5336 μὲν
935 5266 1229 5336 χρημάτων
1267 5264 1621 5332 ἐπαγγελίαις
1660 5265 1831 5331 ἀφθό-

266 5379 399 5423 νοις,
424 5361 520 5413 καὶ
549 5360 577 5412 ὃ
608 5377 698 5429 μοι
724 5359 858 5429 πρὸς
889 5359 1196 5428 βουλήσεως
1226 5359 1312 5420 εἴη
1346 5358 1411 5412 ἂν
1443 5358 1631 5426 ἕτερον
1662 5356 1830 5413 ἅπαν.

278 5454 433 5507 Ἐπεὶ
463 5453 506 5505 δ’
532 5453 783 5506 ἐντεῦθεν
802 5453 911 5505 τῶν
938 5452 1325 5522 σκοπουμένων
1345 5450 1663 5523 ἠλαύνοντο,
1698 5452 1834 5519 μηδέ

1932 3337 2204 3410 peratoris
2227 3344 2426 3392 vocatu
2453 3345 2561 3392 tam
2593 3335 2825 3391 barbara
2860 3336 3091 3393 concilia
3119 3337 3238 3393 sine
3269 3354 3355 3395 me
3378 3339 3497 3395 adi-

1933 3447 2015 3488 re.
2054 3429 2418 3499 Quamobrem
2444 3429 2673 3494 veritus,
2702 3445 2772 3484 ne
2808 3428 2885 3483 illi
2916 3429 3008 3500 qui
3039 3444 3257 3484 omnem
3297 3430 3351 3486 ln
3397 3449 3499 3490 nos

1932 3521 2173 3592 lapidem
2194 3532 2437 3588 movent,
2467 3521 2570 3576 hac
2593 3521 2877 3576 occasione
2902 3531 3138 3592 arrepta,
3168 3525 3496 3580 sententiam

1935 3612 1990 3668 in
2020 3628 2141 3680 nos,
2171 3612 2323 3668 velut.
2342 3612 2540 3668 deserti
2566 3611 2858 3667 vadimonii
2888 3626 3031 3678 reos,
3064 3612 3221 3669 facile
3256 3631 3501 3684 pronun-

1937 3705 2158 3770 tiarent,
2214 3719 2354 3775 aegre
2405 3703 2625 3759 tandem
2660 3718 2692 3759 e
2741 3704 2868 3760 sede
2911 3705 3201 3770 excitatus,
3251 3721 3375 3762 cum
3430 3709 3498 3764 iis

1936 3795 2195 3851 omnibus
2225 3795 2548 3859 moriturus,
2577 3804 2633 3851 et
2668 3796 3004 3852 inveteratos
3034 3797 3231 3867 capitis
3275 3798 3498 3855 nmrbos

1935 3887 2098 3943 simul
2126 3902 2250 3943 cum
2278 3887 2391 3944 vita
2426 3887 2774 3952 dimissurus,
2804 3887 2932 3944 illuc
2962 3904 3049 3945 me
3083 3891 3325 3957 contulla

2005 4069 2098 4124 IV.
2136 4068 2254 4124 Jam
2285 4081 2387 4122 nos
2416 4066 2530 4122 fere
2570 4066 2625 4121 in
2668 4067 2847 4124 media
2880 4069 3063 4139 palatii
3094 4073 3214 4127 aula
3248 4076 3503 4130 versaba-

1935 4177 2082 4226 mur,
2112 4175 2236 4215 cum
2268 4172 2335 4214 ex
2366 4158 2579 4212 intimis
2606 4160 2951 4229 imperatoris
2987 4164 3206 4232 quidam
3238 4168 3499 4235 accurrit.

1934 4255 1987 4310 ls
2008 4269 2178 4309 unum
2210 4266 2297 4306 me
2334 4266 2403 4306 ex
2443 4250 2698 4303 omnibus
2741 4263 3079 4323 assumptum
3111 4255 3177 4307 ad
3208 4255 3500 4327 imperato-

1935 4364 2050 4403 rem
2086 4345 2327 4402 deducit.
2374 4343 2512 4397 Eum
2556 4342 2762 4396 scilicet
2800 4343 3060 4397 nonnulla
3109 4359 3318 4399 mecum
3361 4350 3500 4404 velle

1936 4437 2344 4497 communicare
2375 4436 2576 4498 aiebat,
2609 4448 2729 4503 qua:
2772 4448 2971 4487 arcana
3004 4433 3107 4489 sibi
3148 4448 3351 4492 essent.
3394 4440 3498 4496 Ubi

1936 4531 2165 4604 propius
2225 4527 2453 4590 accessi,
2509 4525 2801 4595 quemdam
2860 4523 3031 4578 veteri
3066 4526 3301 4581 amicitia
3365 4532 3502 4585 mihi

1937 4620 2445 4693 coniunctissimum
2482 4616 2721 4682 oﬂeudo,
2761 4615 2854 4686 qui
2895 4626 2953 4671 et
2991 4616 3107 4686 ipse
3150 4618 3501 4688 imperatoris

1938 4721 2136 4769 vocatu
2164 4712 2276 4767 illic
2308 4719 2421 4764 tum
2452 4709 2641 4764 aderat
2665 4708 2772 4761 mei
2812 4710 3005 4778 gratia.
3040 4707 3096 4761 Id
3130 4717 3188 4762 ut
3221 4710 3353 4764 mihi
3395 4727 3498 4768 nec

1939 4807 2209 4880 opinanti,
2240 4806 2313 4860 ita
2344 4804 2452 4858 illis
2492 4802 2715 4856 omnino
2739 4797 2904 4869 987
2934 4800 3322 4867 prmmeditatis
3361 4807 3504 4861 acci-

1943 4901 2043 4954 dit.
2070 4899 2184 4969 Ego
2206 4911 2333 4951 vero
2362 4895 2503 4948 inter
2531 4892 2651 4946 illos
2678 4891 2920 4945 consedi.
2946 4890 3079 4943 Tum
3105 4902 3284 4946 autem
3316 4896 3351 4948 ii
3389 4911 3503 4951 cm-

1935 4998 2133 5063 perunt
2157 4987 2396 5042 vicissim
2432 4994 2487 5038 et
2519 4984 2744 5037 alternis
2784 4996 2873 5035 me
2921 4982 3143 5053 alloqui,
3171 4984 3310 5038 alter
3334 4986 3497 5041 οιιετί

1938 5090 2126 5137 mutua
2165 5078 2575 5149 suppeditantcs
2606 5072 2821 5128 dicendi
2861 5085 3198 5143 argumenta.
3253 5075 3328 5131 Ac
3379 5092 3498 5131 ma-

1936 5191 2039 5247 gna
2080 5174 2314 5244 primum
2351 5167 2593 5239 pecunia:
2636 5167 2700 5221 vi,
2739 5174 2792 5220 et
2840 5167 2989 5227 omni
3043 5165 3147 5221 alia
3189 5184 3268 5233 re,
3307 5186 3500 5238 quam-

1944 5280 2160 5335 cunque
2222 5261 2576 5332 optavissem,
2629 5257 2918 5328 promissa,
2979 5259 3257 5314 inﬂectere
3313 5264 3498 5317 conati

1947 5364 2092 5411 sunt.
2129 5353 2356 5415 Deinde,
2386 5351 2512 5420 quia
2551 5350 2654 5405 hac
2695 5363 2803 5402 non
2838 5349 3183 5415 succedebat,
3214 5362 3504 5419 prepterea

1945 5447 2092 5519 quod
2144 5461 2246 5501 nec
2282 5445 2455 5514 prima
2494 5442 2714 5515 quidem
2748 5442 2892 5496 dicta
2941 5441 3169 5496 auribus
3216 5441 3300 5494 vel
3340 5442 3503 5496 mini-

1633 5546 1954 5606 Variorum
1988 5548 2172 5604 notzn.

341 5649 416 5711 ii)
446 5647 652 5716 Nempe
701 5646 948 5699 Palamas
980 5657 1172 5700 auctor
1219 5647 1597 5702 Cantacuzeno
1630 5645 1831 5710 fuerat,

269 5728 329 5786 ut
365 5731 614 5784 qualquot
652 5722 715 5768 de
775 5716 957 5783 inﬁma
1006 5720 1072 5783 μία
1091 5717 1150 5772 be
1205 5734 1306 5771 non
1340 5726 1641 5770 vereremur
1673 5727 1835 5784 caput

267 5805 359 5841 suo
393 5792 587 5842 altiora
636 5790 914 5855 aﬁ'ecmre,
962 5789 999 5839 ii
1044 5789 1265 5840 vestibus
1317 5789 1644 5857 exulivirgis
1675 5788 1838 5840 Cit-de-

586 5906 590 5910 ·
645 5882 915 5941 ΡΑΉιοι..
942 5882 1057 5943 (in.
1100 5880 1403 5941 CXLVIII

1933 5652 2138 5706 rentur,
2185 5653 2234 5696 et
2264 5643 2317 5695 in
2346 5655 2609 5697 carcerem
2647 5638 3068 5702 detruderentur,
3111 5650 3235 5706 pag.
3279 5632 3404 5700 617,
3432 5632 3499 5688 D.

1937 5729 2125 5785 supra.
2164 5714 2377 5768 Doms.

3047 5868 3123 5929 bl)
