3974 6626
518 401 655 467 1259
825 399 904 473 [λ.
947 416 1003 455 u.
1039 400 1198 468 6859,
1245 418 1353 459 1ND.
1382 402 1436 474 ιι]

1688 407 2107 471 NICEPIIORI
2147 410 2347 481 GREG
2358 410 2526 472 0R5!

3632 406 3737 473 120

2798 407 2931 481 [una
2972 424 3012 461 ι.
3053 422 3334 464 caxncuz.
3376 407 3434 479 5]

514 544 665 599 nium
694 525 1062 590 admitterem,
1090 527 1262 583 altero
1287 526 1505 581 demum
1542 537 1597 581 et
1639 528 1785 581 velut
1815 528 2086 583 subsidia-

2192 527 2290 601 τὴν
2318 529 2543 601 πρώτην
2572 527 2739 601 ἀκοὴν
2770 530 2903 599 ἐμοῦ
2932 549 2993 598 γε
3023 532 3381 602 προσιεμένου
3410 530 3545 601 μηδὲ
3568 532 3737 600 μικρὸθ

516 622 601 675 rio
632 629 855 687 coxiatu,
890 619 955 674 ad
981 618 1374 690 disputandum
1411 634 1625 674 mecum
1664 621 1902 691 aggressi
1936 624 2086 676 sunt.

591 795 652 853 V.
694 792 1130 866 Dispuiationem'
1179 792 1312 848 hinc
1343 790 1513 846 ordiri
1554 792 1733 847 visum
1778 799 1885 857 est,
1940 789 2089 861 quod

515 905 716 946 nomen
763 888 1015 959 θεότητος
1072 887 1302 942 inferius
1347 895 1493 941 esset
1536 883 1836 939 substantia
1880 882 2087 947 divina,

514 994 570 1040 et
608 982 781 1055 magis
812 981 1032 1051 proprie
1064 979 1480 1050 operationibus
1522 976 1780 1031 increatis
1828 975 2092 1029 conveni-

513 1080 602 1129 ret
631 1092 644 1127 :
689 1074 817 1127 item
850 1068 995 1141 quod
1029 1064 1376 1141 operationcs
1409 1068 1490 1121 hac
1518 1067 1776 1119 inereatze
1807 1076 2003 1134 magno
2034 1071 2090 1118 et

513 1166 731 1243 infinito
780 1164 1100 1221 discriminc
1145 1179 1173 1216 a
1210 1158 1395 1217 divina
1440 1156 1744 1213 substantia
1777 1157 2087 1222 distarent;

515 1259 777 1333 quodque
814 1273 882 1313 ex
929 1256 1341 1326 operationibus
1389 1252 1560 1307 Deum
1608 1250 2089 1321 cegnoseeremus,

516 1346 735 1410 dicente
765 1363 963 1420 magno
1008 1346 1248 1401 Basilio:
1290 1363 1308 1395 ι
1357 1343 1529 1400 Deum
1575 1360 1641 1397 ex
1678 1341 2090 1413 operationibds

515 1440 737 1511 quidem
768 1448 1101 1509 cognoscere
1136 1451 1235 1491 nos
1281 1436 1545 1500 dicimus;
1593 1442 1648 1487 at
1688 1432 2092 1502 appmpinqua-

514 1548 671 1589 turos
694 1547 816 1588 esse
847 1532 911 1585 ad
956 1530 1076 1600 ejus
1125 1528 1486 1585 substantiam
1525 1540 1631 1579 non
1669 1522 2041 1594 promittimus
2073 1540 2086 1578 :

515 1623 776 1696 quoniam
806 1622 927 1693 ejus
954 1619 1300 1690 operationes
1334 1618 1400 1671 ad
1432 1630 1532 1671 nos
1563 1616 1932 1682 descendunt;
1961 1621 2092 1671 sub-

513 1715 715 1773 stantia
761 1729 894 1769 vero
935 1710 1184 1784 ejusdem
1234 1709 1631 1765 inaeccssibitis
1664 1717 1865 1763 manet.
1906 1727 1925 1760 ι
1963 1706 2090 1763 Ηιιτο

513 1820 571 1864 et
599 1806 800 1865 similia
832 1822 956 1863 cum
987 1805 1058 1860 dii
1082 1807 1323 1867 litarent,
1360 1816 1650 1873 pet-versas
1688 1803 1755 1854 de
1784 1813 1887 1855 suo
1914 1798 2087 1853 inter-

514 1900 871 1970 pretationes,
905 1896 1516 1969 argumentationesque
1548 1893 1835 1956 absurdus,
1869 1884 2085 1961 impias,

514 2000 569 2044 et
597 1991 820 2045 insanas
866 1987 1317 2058 subjuttgebant:
1353 1984 1613 2055 quoniam
1649 1992 1847 2052 nempe
1887 1994 2086 2052 cpera-

516 2083 694 2136 tiones
720 2080 787 2135 ad
821 2094 921 2135 nos
952 2078 1369 2138 descenderent,
1399 2084 1562 2144 atque
1583 2089 1647 2128 ex
1680 2074 1745 2127 iis
1774 2087 1876 2126 nos
1916 2071 2085 2124 Deum

514 2186 996 2247 cognosceremus,
1032 2178 1285 2242 oportere
1314 2182 1408 2222 eas
1431 2166 1704 2221 increatas
1737 2176 1858 2219 esse
1888 2160 2088 2219 divini-

515 2281 690 2334 tatcs;
720 2275 775 2321 ct
798 2281 1033 2336 quorum
1065 2263 1206 2318 dicta
1238 2276 1363 2317 cum
1403 2261 1519 2315 suis
1547 2274 1655 2313 non
1688 2255 2086 2321 consentirent,

512 2376 609 2416 eos
642 2361 820 2431 palam
858 2355 1214 2429 blasphemia:
1244 2358 1367 2409 reos
1396 2364 1514 2408 sese
1548 2352 1907 2408 constituere.

584 2472 671 2528 Vl.
714 2472 826 2542 Ego
856 2483 1008 2535 vero,
1036 2468 1129 2536 qui
1171 2475 1219 2521 ct
1263 2463 1614 2534 :egrotabam,
1645 2472 1700 2517 et
1734 2461 1950 2517 caneris
1999 2470 2089 2516 so-

514 2567 621 2621 ciis.
648 2564 1065 2637 ext-insignitus
1099 2567 1298 2629 praeter
1346 2570 1499 2627 spem
1555 2553 1832 2609 insidiosis
1876 2551 2086 2607 retibus

515 2658 859 2723 interceptus
1092 2634 1381 2712 haerebam,
1415 2645 1544 2714 quid
1590 2643 1739 2698 aliud
1776 2642 1951 2697 facere
1995 2643 2091 2697 de-

514 2747 632 2811 bui,
677 2745 783 2801 nisi
828 2754 887 2800 ut
920 2757 1027 2808 me,
1063 2741 1107 2796 si
1141 2744 1381 2810 pessem,
1418 2736 1573 2792 brevi
1603 2736 1851 2791 oratione
1893 2749 2087 2805 quam-

516 2840 754 2910 primum
778 2834 913 2897 inde
942 2831 1259 2904 expedirent
1282 2829 1304 2883 ‘2
1331 2830 1568 2898 Pugnam
1601 2836 1750 2883 certe
1781 2826 2088 2881 detrectare

513 2930 698 2991 statim
744 2924 892 2984 haud
932 2923 1199 2996 Oportuit,
1259 2922 1471 2976 tametsi
1525 2917 1839 2973 declinandi
1890 2916 2087 2972 idonea

513 3024 657 3099 ratio
692 3029 811 3076 erat
841 3019 1064 3074 morbus
1098 3017 1215 3088 ipse
1246 3031 1370 3071 cum
1411 3011 1706 3068 solitudine
1736 3011 2083 3081 conjunctus.

514 3117 596 3171 illi
628 3114 776 3170 enim
806 3128 836 3169 a
867 3122 1018 3180 tergo
1053 3112 1318 3164 instantes
1358 3107 1567 3162 crimen
1611 3105 1743 3159 mihi
1777 3104 2088 3158 timiditatis

514 3207 805 3283 olijecturi,
837 3203 1061 3274 etquod
1097 3203 1276 3257 locum
1306 3198 1697 3259 deseruisscm,
1731 3210 1884 3250 reum
1910 3194 2087 3250 acturi

511 3301 768 3357 fuissent.
816 3296 896 3352 Ad
950 3303 1333 3365 argumentum
1392 3289 1556 3362 igitur
1600 3305 1666 3345 ex
1721 3305 1787 3343 eo
1833 3288 2082 3352 ductum,

512 3393 660 3465 quod
693 3406 895 3448 nomen
924 3390 1174 3460 θεότητος
1206 3387 1424 3457 proprie
1453 3393 1506 3440 et
1539 3383 1800 3456 primario
1836 3399 1945 3436 non
1972 3395 2087 3436 ma-

513 3490 594 3558 gis
625 3483 941 3541 substantia:
966 3496 1127 3552 quant
1158 3474 1571 3549 operationibus
1604 3473 1944 3539 conveniret,
1973 3473 2086 3543 pri-

513 3593 665 3635 mum
718 3575 1015 3647 reSpondi;
1068 3574 1227 3643 eique
1278 3569 1584 3625 refellendo
1632 3567 1853 3623 suﬂ'ccit
1903 3566 2083 3621 statim

432 3737 438 3744 _
514 3673 650 3727 illud
690 3656 803 3724 divi
851 3667 1115 3731 doctoris,
1148 3662 1296 3736 Quod
1346 3671 1459 3716 tum
1496 3660 1627 3714 mihi
1664 3668 1864 3731 priesto
1896 3660 1950 3713 in
1993 3672 2088 3712 ore

515 3764 772 3821 exstitit:
812 3778 833 3813 ι
869 3758 1008 3819 Cum
1052 3757 1147 3819 Dei
1191 3757 1338 3822 dico,
1372 3753 1553 3811 Patris
1599 3753 1723 3809 dico
1768 3748 1824 3807 et
1870 3748 1997 3808 Filii
2032 3762 2088 3806 et

515 3856 760 3928 Spiritus
788 3852 985 3910 sancti.
1041 3849 1311 3906 Divinitas
1354 3863 1456 3904 nec
1504 3848 1644 3903 ultra
1676 3842 1795 3902 haec
1824 3844 2087 3901 diﬂ‘undi-

515 3962 628 4016 tur,
663 3963 732 4004 nc
763 3946 992 4001 deorum
1027 3942 1242 4001 turbam
1283 3941 1651 4007 inducamus;
1688 3955 1789 3995 nec
1818 3939 1955 3993 citra
1987 3934 2088 3992 hos

516 4043 659 4098 ﬁnes
691 4039 970 4102 consistit,
1022 4052 1091 4092 ne
1145 4035 1215 4090 de
1265 4034 1448 4104 inopia
1495 4032 1802 4089 divinitatis
1852 4031 2083 4085 damne-

518 4151 663 4189 mur.
709 4152 729 4186 ι
767 4132 835 4186 Et
866 4145 1062 4188 rursus
1091 4148 1106 4184 :
1141 4147 1159 4182 ι
1194 4128 1289 4184 Dei
1320 4136 1501 4183 autent
1526 4141 1649 4183 cum
1677 4126 1821 4191 dico,
1855 4140 1964 4179 uno
1994 4124 2079 4178 lu-

517 4225 669 4281 mine
714 4233 769 4280 et
801 4222 974 4278 tribus
1016 4217 1335 4276 circumfusi
1386 4217 1725 4273 irradiemiui
1759 4234 1772 4270 :
1814 4230 1922 4269 uno
1967 4215 2093 4284 qui-

517 4322 666 4383 dem,
703 4315 1006 4374 secundum
1039 4312 1308 4368 rationem
1340 4309 1665 4367 substantiae
1694 4324 1792 4364 seu
1827 4306 2090 4363 divinita-

517 4413 620 4477 tis;
697 4410 872 4467 tribus
939 4415 1145 4471 autem,
1213 4403 1515 4460 secundum
1573 4402 1937 4473 preprietatcs
1994 4413 2087 4453 seu

517 4509 844 4577 bypostases
872 4499 939 4571 (si
968 4500 1094 4570 quis
1128 4497 1284 4553 malit
1314 4495 1387 4550 ita
1414 4502 1634 4561 vocare)
1671 4509 1767 4550 seu
1800 4506 2084 4563 personas.

515 4689 763 4763 quandiu
823 4688 1045 4761 syllaba:
1104 4684 1173 4740 ad
1235 4682 1488 4739 eamdem
1549 4680 1832 4737 n0tioncm
1888 4679 2094 4733 ferent.

517 4787 730 4856 Quippe
756 4792 814 4839 et
842 4778 1122 4855 indivisim
1156 4776 1442 4842 dividitur,
1477 4782 1537 4830 ut
1572 4775 1644 4829 ita
1682 4772 1883 4839 dicam,
1914 4782 1969 4827 et
2004 4771 2090 4827 di-

518 4879 677 4932 visim
713 4874 1055 4931 connectitur
1088 4891 1102 4927 :
1146 4870 1408 4943 quoniam
1434 4867 1694 4923 divinitas
1723 4881 1891 4920 unum
1924 4874 2007 4919 est
2037 4864 2093 4919 in

522 4971 733 5037 tribus,
780 4976 838 5023 et
886 4970 990 5024 tria
1040 4966 1157 5032 illa,
1204 4967 1261 5019 in
1308 4962 1511 5033 quibus
1548 4968 1635 5016 est
1679 4959 1959 5023 divinitas,
1995 4972 2093 5011 seu

519 5079 664 5133 qum,
719 5058 1140 5121 utaccuratius
1190 5057 1407 5125 loquar,
1460 5052 1722 5107 divinitas
1767 5060 1875 5112 est,
1922 5060 2089 5104 unum

517 5165 667 5215 sunt.
722 5155 993 5210 Excessus
1041 5160 1225 5206 autem
1279 5163 1343 5205 ac
1390 5146 1638 5203 defectus
1682 5144 2022 5201 omittamus.
2067 5159 2087 5193 ι

520 5238 732 5305 Pariter
772 5256 831 5302 et
874 5244 1168 5321 Gregorius
1217 5242 1497 5313 Nysscnus
1541 5237 1663 5293 ait:
1703 5255 1722 5290 ι
1759 5235 1815 5291 Si
1853 5236 1959 5291 hoc
1990 5250 2092 5291 no-

517 5358 670 5409 men,
723 5340 881 5407 Dcus,
926 5337 1290 5394 substantiam
1345 5333 1638 5404 signiﬁcat,
1668 5344 1853 5385 tunam
1894 5327 2095 5384 divinae

518 5435 810 5492 Trinitatis
870 5432 1239 5491 substantiam
1290 5427 1460 5498 989
1511 5422 1850 5488 conﬁtendo,
1922 5436 2095 5477 unum

519 5532 692 5588 Deum
738 5538 985 5586 statuere
1023 5540 1126 5581 nos
1156 5529 1416 5593 apparet,
1463 5519 1721 5590 quoniam
1758 5516 1923 5572 unius
1961 5512 2096 5571 sub—

2190 621 2346 692 γοῦν,
2401 620 2493 674 τὸν
2544 621 2798 692 δεύτερον
2855 621 3022 675 πλοῦν
3070 621 3415 690 διαλέγεσθαι
3480 622 3741 694 ἐπεχείρη-

2194 729 2314 768 σαν.

2262 805 2336 861 Ε’,
2376 805 2483 859 Καὶ
2515 800 2584 878 ἦν
2614 809 2647 877 ἡ
2675 807 2772 878 τῆς
2803 806 3092 873 διαλέξεως
3127 807 3406 878 εἰσαγωγὴ
3429 823 3443 838 ’
3468 800 3555 861 ἰτι
3574 771 3644 859 ’τε
3664 806 3740 877 τῆς

2193 890 2445 971 θεότητος
2484 898 2656 968 ὄνομα
2685 899 2940 971 δεύτερέν
2985 896 3101 952 ἐστι
3143 899 3241 968 τῆς
3272 896 3425 961 θείας
3450 898 3640 961 οὐσίας
3666 886 3742 953 καί

2191 992 2310 1054 ταῖς
2338 993 2614 1056 ἀκτίστοις
2650 993 2958 1066 ἐνεργείαις
2983 992 3193 1061 κυρίως
3226 992 3426 1062 μᾶλλον
3458 990 3739 1062 ἁρμόττει’

2192 1083 2286 1135 καὶ
2316 1085 2397 1136 ὅτι
2437 1085 2546 1138 τῶν
2604 1087 2861 1175 τοιούτων
2912 1084 3185 1139 ἁκτίστων
3236 1082 3528 1153 ἐνεργειῶν
3595 1082 3743 1155 πολλὴ

2193 1171 2287 1224 καὶ
2319 1172 2546 1245 ἄπειρος
2588 1177 2654 1230 ἐκ
2703 1170 2801 1246 τ’ἧς
2835 1176 2985 1238 θείας
3029 1175 3217 1237 οὐσίας
3253 1175 3403 1227 ἐστὶν
3442 1175 3474 1246 ή
3508 1170 3743 1243 διαφορὶ,

2192 1260 2302 1320 κάκ
2342 1267 2447 1320 τῶν
2475 1269 2768 1338 ἐνεργειῶν
2796 1270 3141 1339 γινώσκομεν
3175 1271 3264 1323 τὸν
3282 1268 3416 1342 Θεόν
3442 1284 3455 1299 ·
3502 1268 3597 1321 καί¹
3627 1268 3738 1328 ὠςὸ

2196 1358 2370 1427 μέγας
2407 1361 2539 1430 φησί
2561 1360 2841 1425 Βασίλειος
2867 1362 3007 1433 (51),
3042 1381 3060 1413 ι
3085 1363 3178 1416 Ἐκ
3214 1362 3312 1431 μὲν
3337 1362 3443 1414 τῶν
3477 1359 3746 1428 ἐνεργειῶν

2190 1452 2483 1524 γνωρίζειν
2513 1451 2745 1522 λέγομεν
2770 1453 2862 1506 τὸν
2892 1455 3029 1508 Θεὸν
3056 1454 3237 1531 ἡμῶν,
3270 1456 3335 1524 τῇ
3374 1452 3419 1506 δ’
3466 1451 3625 1524 οὐσίᾳ
3667 1453 3746 1505 αὐ-

2191 1542 2284 1597 τοῦ
2330 1544 2721 1616 πρῖσεγγίζειν
2769 1547 2869 1618 οὐχ
2898 1546 3334 1618 ὑπισχνούμεθα.
3385 1546 3453 1600 Αἰ
3506 1545 3608 1615 μὲν
3653 1549 3746 1615 γὰρ

2192 1638 2468 1707 ἐνέργειαι
2512 1638 2677 1692 αὐτοῦ
2729 1640 2865 1712 πρὸς
2914 1641 3062 1710 ἡμᾶς
3113 1636 3575 1693 καταϐαίνουσιν·
3710 1634 3749 1690 δ’

2189 1726 2347 1781 οὐσία
2380 1728 2730 1800 αὑτοῦομένει
2781 1731 3102 1802 ἀπρόσιτος.
3131 1749 3169 1786 ,ι
3201 1729 3389 1784 Ταῦτα
3426 1731 3522 1782 κοιλ⁵
3553 1729 3621 1782 τὰ
3658 1745 3748 1782 παι

2195 1820 2469 1892 ραπλήσια
2492 1822 2745 1890 λέγοντες
2773 1825 2977 1893 ἐπῆγον
3001 1823 3206 1886 οἰκείας
3233 1841 3309 1875 πα
3320 1823 3645 1894 ρεξηγήσεις
3666 1826 3749 1875 καὶ

2193 1912 2589 1985 συλλογισμοὺς
2623 1916 2889 1978 ἐκτύπους
2937 1916 3031 1969 καὶ
3078 1915 3329 1981 ἀνοσίοπ
3374 1918 3467 1969 καὶ
3506 1916 3747 1985 μαινομέοη

2190 2025 2348 2071 νουςν·
2383 2008 2459 2073 ώς
2508 2008 2698 2080 ἐπειδὴ
2750 2006 2886 2079 πρὸς
2919 2009 3067 2080 ἡμᾶς
3102 2009 3157 2064 αἰ
3189 2008 3465 2079 ἐνέργειαι
3502 2007 3751 2062 καταδαί-

2191 2119 2363 2162 νουσι.
2415 2104 2525 2155 κάκ
2578 2100 2783 2156 τούτων
2828 2102 3171 2173 γνωρίζομεν
3204 2102 3297 2156 τὸν
3328 2102 3483 2169 Θεὸν,
3521 2102 3749 2156 άκτιστοι

2190 2196 2298 2264 ἄρα
2328 2192 2438 2246 εἰσὶ
2478 2192 2733 2261 θεότητες
2756 2208 2772 2224 ο
2800 2192 2895 2246 καὶ
2925 2193 3039 2248 ὅσοι
3076 2195 3153 2263 μὴ
3180 2192 3571 2263 συμιξωνούσιν
3610 2192 3747 2263 ἡμῖν,

2191 2283 2551 2355 βλασφήμους
2584 2283 2814 2347 ἑαυτοὺς
2867 2282 2954 2356 [Ρ.
3005 2281 3130 2355 οτι]
3185 2282 3490 2337 καθιστῶσι
3529 2299 3747 2352 περιφαο

2193 2392 2325 2439 νως.

2264 2469 2357 2538 q’.
2404 2469 2560 2540 Ἐμοὶ
2589 2470 2647 2525 δὲ
2706 2472 2799 2526 καὶ
2848 2469 3088 2535 ἀσθενῶς
3121 2471 3322 2541 ἔχοντι,
3347 2472 3445 2524 καὶ
3474 2471 3625 2542 μόνῳ
3653 2471 3747 2525 τῶν

2191 2562 2369 2618 ἄλλων
2406 2556 2810 2637 ἀπειλημμέναι)
2842 2564 3149 2636 συμμάχων
3177 2550 3608 2634 άπροσῗοκήτως
3645 2560 3749 2618 ἑνε-

2190 2646 2498 2723 δρευόντων
2527 2642 2760 2707 δικτύων
2812 2655 2985 2721 ἐντὸς,
3013 2656 3066 2707 τί
3114 2654 3220 2707 ἔδει
3278 2654 3455 2708 ποιεῖν
3488 2654 3686 2724 ἕτερον,
3717 2652 3745 2724 ἢ

2193 2744 2531 2818 βραχυλογίᾳ
2550 2748 2901 2816 χρησαμένῳ,
2926 2748 2973 2798 εἰ
2995 2745 3290 2817 δυναίμην,
3317 2745 3746 2799 ἀπαλλάττεσθαι

2189 2840 2289 2910 τὴν
2320 2839 2621 2910 texier-qv;
2649 2840 2721 2891 Οὐ
2746 2837 2854 2908 γὰρ
2884 2842 3226 2910 φυγομαχεῖν
3256 2838 3421 2900 εὐθὺς
3449 2838 3636 2908 ἐχρῆν,
3666 2836 3748 2891 καὶ

2195 2930 2376 2984 ταῦτα
2404 2932 2678 3003 πρόφασιν
2718 2932 2911 2999 ἱκανὴν
2947 2931 3318 3007 κεκτημένους
3348 2930 3640 3001 άποφυγῆς
3658 2931 3745 3001 τήν

2189 3042 2249 3080 τε
2285 3023 2441 3079 νόσον
2475 3023 2570 3078 καί
2632 3023 2749 3093 ἅμα
2780 3023 2878 3095 τὴν
2921 3024 3179 3094 μόνωσιν.
3236 3020 3310 3077 Ἥ
3343 3023 3451 3096 γὰρ
3508 3021 3591 3078 ἄν’
3622 3020 3744 3076 κατά

2191 3119 2367 3173 νώτου
2405 3119 2686 3172 κείσεσθαι
2728 3118 2979 3189 ἔμελλον,
3031 3117 3230 3181 δειλίας
3280 3117 3619 3188 γραφόμενοι
3664 3115 3744 3168 καὶ

2112 3251 2157 3316 C
2192 3211 2538 3277 λειποταξίου
2571 3210 2729 3282 δίκην
2761 3212 3086 3279 ἐπάγοντες.
3131 3209 3276 3280 Πρὸς
3316 3207 3416 3279 μὲν
3441 3204 3538 3261 οὖν
3565 3205 3742 3274 τὸτῆς

2197 3302 2451 3367 θεότητος
2496 3302 2691 3372 ὖνομα,
2726 3301 2802 3373 μὴ
2847 3303 2913 3372 τῇ
2954 3301 3113 3371 οὐσίᾳ
3152 3299 3353 3371 μᾶλλον
3382 3299 3414 3370 ἢ
3445 3301 3564 3362 ταῖς
3613 3300 3742 3364 ὲνερο

2195 3397 2374 3467 γείαις
2396 3396 2689 3467 ἁρμόττειν
2712 3396 2916 3466 κυρίως
2941 3397 3036 3449 καὶ
3056 3392 3308 3465 πρώτοις,
3337 3391 3561 3462 πρώτην
3585 3407 3743 3443 ποιου-

2192 3494 2344 3564 μένῳ
2371 3495 2467 3549 καὶ
2495 3493 2594 3562 τὴν
2622 3492 2954 3560 ἀπάντησιν,
2988 3491 3191 3562 ἤρκεσε
3242 3489 3585 3559 παραχρῆμα
3620 3486 3742 3555 πρὸς

2192 3584 2348 3637 λύσιν
2372 3584 2430 3636 τὸ
2451 3582 2543 3637 τοῦ
2571 3581 2717 3635 θείου
2746 3582 2955 3650 Πατρὸς
2974 3582 3151 3635 ἐκεῖνο
3172 3577 3390 3648 γεγονὸς
3421 3579 3527 3631 ἁνὰ
3554 3575 3707 3643 στόμα
3724 3588 3738 3603 ⁸

2190 3693 2216 3725 ι
2254 3670 2387 3725 Θεοῦ
2417 3670 2471 3725 δὲ
2505 3672 2633 3723 ὅταν
2666 3668 2829 3735 εἴπω,
2860 3669 3005 3735 λέγω
3031 3667 3264 3738 Πατρὸς,
3292 3663 3446 3732 Υἰοῦ,
3482 3662 3574 3717 καὶ
3603 3661 3739 3731 ἁγίου

2190 3765 2530 3836 Πνεύματος,
2563 3762 2686 3817 οὐτε
2718 3761 2859 3834 ὑπὲρ
2887 3761 3055 3815 ταῦτα
3078 3760 3173 3829 τῆς
3203 3760 3455 3830 θεότητος
3477 3757 3740 3829 χεομένης,

2193 3860 2282 3915 ἵνα
2310 3860 2383 3931 μὴ
2414 3858 2584 3930 δῆμον
2620 3856 2758 3912 θεῶν
2791 3856 3199 3927 εἰσαγάγωμεν,
3231 3852 3355 3907 οὐτε
3384 3851 3535 3914 ὲντὸς
3560 3849 3742 3903 τούτων

2191 3951 2541 4024 ὁριζομένης,
2573 3950 2660 4003 ἵνα
2699 3955 2774 4020 μὴ
2796 3949 2985 4002 πενίαν
3010 3947 3263 4017 θεότητος
3283 3944 3738 4015 κατακριθῶμεν.»

2190 4048 2304 4103 Καὶ
2353 4045 2512 4099 πάλιν
2537 4059 2550 4074 ·
2586 4064 2605 4095 ι
2650 4042 2783 4097 Θεοῦ
2825 4042 2883 4096 δὲ
2918 4042 3046 4097 ὅταν
3097 4041 3257 4105 εἴπω,
3290 4039 3370 4093 ἑνὶ
3403 4040 3542 4109 φωτὶ
3573 4052 3743 4109 περια-

2194 4137 2507 4210 στράφθητε
2540 4140 2633 4190 καὶ
2660 4134 2860 4207 τρισίν·
2895 4134 2976 4189 ἐνὶ
3026 4134 3126 4204 μὲν
3155 4137 3298 4188 κατὰ
3339 4132 3431 4186 τὸν
3459 4132 3555 4202 τῆς
3579 4129 3743 4192 οὐσίας

2193 4234 2376 4303 λόγον,
2406 4231 2505 4287 εἴτ’
2535 4230 2625 4285 οὖν
2658 4231 2914 4302 θεότητος
2938 4244 2955 4260 ·
2980 4227 3131 4299 τρισὶ
3175 4226 3318 4282 κατὰ
3346 4215 3444 4287 τὰς
3475 4224 3742 4294 ἰδιότητας,

2194 4324 2294 4377 εἴτ’
2343 4321 2436 4377 οὐν
2485 4316 2835 4386 ὑποστάσεις,
2884 4319 2937 4373 εί
2967 4333 3072 4370 τινι
3097 4315 3250 4385 φίλον
3287 4316 3497 4381 καλεῖν,
3525 4311 3742 4385 ﬂagitis-

2196 4432 2342 4469 ωπα.
2378 4412 2547 4467 Οὐδὲν
2597 4412 2708 4482 γὰρ
2774 4410 2905 4481 περὶ
2931 4407 3039 4462 τῶν
3067 4408 3351 4478 ὀνομάτων
3388 4407 3746 4476 ζυγομαχήσο-

2202 4522 2324 4576 μεν,
2367 4504 2472 4567 ἕως
2503 4502 2568 4557 ἂν
2607 4501 2746 4569 πρὸς
2803 4501 2904 4571 τὴν
2944 4499 3116 4568 αὐτὴν
3155 4497 3370 4551 ἔννοιαν
3417 4498 3477 4551 αί
3508 4492 3744 4550 συλλαϐαὶ

424 4600 427 4601 ⁷
513 4599 651 4656 Nam
692 4597 763 4652 de
807 4594 1128 4653 nominibus
1180 4590 1328 4646 nulla
1374 4589 1536 4645 nobis
1585 4587 1702 4641 rixa
1755 4586 1937 4640 futura
1985 4593 2088 4649 est,

2200 4600 2429 4671 φέρωσι.
2459 4597 2761 4666 Διαιρεῖται
2790 4594 2898 4665 γὰρ
2922 4591 3270 4663 ἁδέαιρέτως,
3302 4588 3584 4652 ἴναόῦτως
3605 4589 3742 4669 εἰπωο

2191 4694 2286 4749 καὶ
2318 4692 2652 4746 συνάπτεται
2700 4684 3069 4759 διῃρημένώς.
3129 4684 3226 4738 Ἓν
3272 4683 3384 4756 γὰρ
3434 4686 3492 4736 ὲν
3523 4680 3744 4753 τρισὶνή

2193 4782 2405 4852 θεότης,
2441 4779 2533 4833 καὶ
2568 4780 2637 4831 τὰ
2666 4776 2790 4848 τρία
2818 4774 2898 4840 ἓν,
2934 4774 3003 4829 τὰ
3050 4778 3108 4827 ὲν
3137 4764 3217 4836 οἷς
3247 4775 3282 4845 ἡ
3310 4773 3523 4843 θεότης,
3555 4772 3587 4842 ἢ
3614 4772 3669 4822 τό
3696 4782 3747 4836 γε

2192 4873 2592 4946 ἀκριϐέστερον
2626 4872 2825 4938 εἰπεῖν,
2875 4868 2911 4924 ἃ
2946 4872 2979 4951 η
3018 4869 3209 4939 θεότης
3230 4883 3263 4944 ⁸.
3284 4867 3382 4931 τὰς
3437 4868 3492 4921 δὲ
3536 4863 3747 4951 ὑπερίοι
3838 4938 3849 4945 _

2193 4964 2292 5028 λὰς
2329 4963 2426 5016 καὶ
2466 4958 2734 5029 ἐλλείψεις
2764 4958 3125 5029 ὲλλείψωμεν.
3166 4976 3185 5008 ι
3232 4958 3345 5010 Καὶ
3398 4959 3427 5009 ό
3474 4953 3749 5009 Νυσσαέων

2200 5058 2242 5110 δ’
2274 5056 2471 5128 ὁμοίως
2521 5055 2720 5124 φάσκει
2759 5053 3059 5123 Γρηγόριος
3086 5067 3100 5081 ο
3144 5072 3162 5104 ι
3202 5050 3264 5105 Ei
3327 5053 3389 5104 τὸ
3434 5051 3574 5116 Θεὸς
3597 5049 3749 5113 ὄνομα

2202 5149 2393 5211 οὐσίας
2427 5147 2764 5217 σημαντικόν
2809 5146 2946 5210 ὲστι,
2986 5146 3118 5220 μίαν
3169 5144 3358 5197 οὐσίαν
3389 5141 3749 5213 ὁμολογοῦντες

2201 5241 2300 5313 τῆς
2335 5239 2501 5309 ἁγίας
2530 5239 2760 5308 Ἰριάδος
2794 5238 2890 5291 ἕνα
2932 5238 3068 5291 Θεὸν
3098 5237 3325 5301 εἰκότως
3354 5232 3748 5306 δογματίζομενο

2201 5332 2392 5402 ἐπειδὴ
2434 5330 2564 5402 μιᾶς
2594 5329 2782 5393 οὐσίας
2810 5327 2869 5381 ἓν
2896 5328 3069 5401 ὄνομα
3092 5328 3152 5380 τὸ
3180 5325 3313 5390 Θεός
3334 5328 3501 5381 ἐστι.»
3538 5323 3639 5376 Καὶ
3658 5318 3750 5372 πά·

2201 5425 2285 5478 λιν
2313 5440 2327 5456 ’
2360 5443 2378 5476 ι
2401 5423 2558 5477 Ἐστι
2588 5423 2983 5494 τοίνυνζίδίωμα
3006 5424 3106 5491 τῆς
3137 5422 3310 5475 ἀϊδίου
3335 5422 3537 5483 οὐσίας,
3564 5410 3625 5488 ἧς
3647 5416 3749 5467 ἐστι

2207 5516 2394 5588 Πατὴρ
2423 5520 2518 5572 καὶ
2558 5516 2689 5581 Υίδς
2722 5520 2818 5570 καὶ
2850 5516 3004 5587 ἅγιον
3046 5514 3296 5587 Πνεῦμα,
3358 5517 3417 5570 τὸ
3448 5515 3610 5571 πάντα
3639 5511 3751 5561 ἐπε-

1917 5659 2250 5723 Variorum
2299 5668 2484 5727 notae.

594 5824 670 5892 (5)
702 5822 914 5877 Citatur
939 5821 1003 5875 ἰ).
1037 5813 1219 5870 Basilii
1246 5810 1514 5892 ﬁpistola,
1547 5826 1666 5892 qua:
1695 5810 1751 5892 in
1786 5824 1851 5891 eo_
1879 5810 2090 5892 codice,

524 5880 631 5969 quo
657 5880 927 5966 Crvgoras
944 5904 1076 5946 usus
1105 5896 1206 5952 est,
1231 5885 1357 5937 ⁸251·
1388 5881 1810 5950 numerabatur;
1841 5881 1894 5935 in
1928 5880 2087 5937 libris

2196 5811 2491 5934 fediltisuaut
2518 5810 2746 5867 omnino
2780 5811 2955 5880 deest,
2999 5822 3093 5866 aut
3118 5809 3288 5865 alium
3314 5814 3587 5863 numerum
3614 5809 3747 5867 pra:-

2220 5897 2277 5934 ρι’
2309 5921 2321 5934 .
2406 5897 2572 5934 υιιίιν.

2220 5897 2321 5936 Ci‘l.
2365 5897 2572 5936 υυίγίίῖ.
