3974 6650
373 5607 401 5658 ἑ

465 3995 480 4008 ”
531 4007 732 4074 quendi

551 436 684 498 1163

852 433 926 504 [ι.
971 446 1028 486 tt.
1065 433 1221 498 6859,
1263 448 1370 486 rso.
1410 432 1465 502 ὦ]

1676 432 2085 494 ΝῘ(.ΕΡΙΙΟΒΙ
2141 433 2516 492 GREGURE

2767 422 2895 500 [tum
2936 445 2975 483 ι.
3016 441 3304 482 caa'rscuz.
3342 425 3426 508 5],
3598 434 3702 496 126'.

545 559 603 599 ut
663 563 766 602 nos
821 527 1218 617 quamprimum
1278 549 1614 610 amoliretur,
1670 548 1871 601 nullam
1930 547 2077 616 planc

2190 548 2380 614 τρόπον
2407 546 2611 609 οὐδένα,
2653 545 2750 614 τὴν
2789 547 3048 615 ταχίστην
3083 544 3557 615 ἀποσκευάσασθαι
3592 549 3703 599 πάνυ

549 638 708 690 aliain
745 639 1004 691 rationem
1039 638 1238 705 reperit
1267 637 1560 690 faciliorem
1591 651 1676 698 ea,
1709 651 1867 704 quam
1899 645 1954 688 et
1984 636 2084 688 Pa-

541 727 711 782 lamas
761 720 1039 796 praeceptis
1087 727 1201 780 suis
1233 726 1565 792 designatam
1601 725 1651 778 ei
1691 724 2082 794 preposuisset,

465 874 470 879 ,
525 828 597 888 ,ει
629 819 743 887 ipse
779 819 886 888 jam
922 833 1018 872 usu
1060 817 1344 886 probatam
1377 817 1593 886 penitus
1621 815 1984 884 cognovisset.
2028 814 2083 868 ld

540 919 720 962 autem
752 917 888 971 erat,
921 908 1143 960 omnino
1173 907 1282 975 jam
1311 906 1670 974 abrogandam
1699 918 1819 958 esse
1844 905 2084 972 ejusmo—

540 1000 593 1052 di
649 998 1093 1066 disputationem,
1141 1010 1260 1064 qua:
1308 1011 1373 1049 ex
1428 994 1726 1061 Scripturis
1764 1001 2079 1060 argumenta

544 1098 816 1156 repeteret
863 1106 876 1143 :
919 1089 1047 1143 inde
1093 1087 1302 1141 scilicet
1335 1084 1590 1153 consequi
1623 1097 1716 1137 eos
1755 1082 1955 1144 exitus,
1989 1081 2082 1150 qui

541 1181 956 1256 haudquaquam
979 1177 1083 1232 sibi
1105 1177 1421 1246 expedirent
1446 1195 1458 1228 :
1486 1190 1605 1243 qum
1626 1173 1770 1228 enim
1803 1173 1880 1226 illi
1907 1173 1962 1226 in
1985 1187 2085 1227 nos

537 1273 760 1343 exsequi
795 1275 1211 1337 meditarentur,
1258 1284 1319 1323 ea
1372 1269 1516 1337 ipsos
1560 1282 1588 1320 a
1635 1266 1792 1320 nobis
1819 1267 2082 1336 passuros

535 1361 718 1423 citius.
748 1375 911 1429 quam
940 1367 1293 1415 exsecuturos
1327 1372 1412 1417 ea,
1457 1370 1577 1425 qua:
1605 1370 1704 1408 nos
1735 1354 1846 1424 pati
1879 1354 2083 1410 voluis-

536 1459 678 1503 sent.
717 1449 882 1503 lidem
923 1449 1158 1504 concilio
1190 1447 1462 1518 expellere
1491 1445 1832 1500 constituunt
1870 1447 2081 1513 episeo—

533 1553 663 1608 pum
695 1538 842 1609 Tyri,
872 1539 963 1608 qui
998 1538 1320 1608 patriarcha:
1359 1533 1684 1609 Antiocbeni
1728 1535 1850 1604 jura
1891 1535 2081 1590 tueba-

535 1639 665 1683 tur:
702 1630 844 1698 quod
886 1631 930 1684 si
976 1629 1024 1684 is
1068 1630 1380 1698 persisteret
1413 1634 1464 1680 et
1507 1625 1756 1688 instaret,
1794 1625 1939 1680 illius
1979 1640 2076 1694 pa-

535 1721 787 1776 triarchae
813 1721 1139 1776 sententiam
1176 1719 1482 1788 allegando,
1513 1731 1616 1785 qua
1645 1715 1888 1771 Palamas
1911 1715 2081 1786 depo-

2185 652 2280 697 τας
2313 638 2477 705 ἡμᾶς,
2501 635 2531 702 ἢ
2564 635 2680 688 καθ’
2700 637 2764 696 6.;
2791 640 2817 687 ὁ
2845 638 3104 704 "alapa;
3133 653 3192 688 τε
3224 636 3371 706 αὐτῷ
3393 636 3704 706 προεζωγρὰ-

2188 743 2356 794 φησεν
2408 727 2683 796 ὑποθήκας
2724 727 2817 779 καὶ
2859 727 3019 788 αὐτὸς
3065 727 3162 796 ἠδη
3211 726 3376 796 πείρα
3425 728 3709 796 μεμάθηκεν

2187 817 2448 886 ἀκριϐῶς.
2483 820 2543 870 Al
2577 819 2630 870 δὲ
2657 815 2795 886 ἦσαν
2825 818 3260 886 ἀποψηφίζεσθαι
3289 818 3483 886 κομιδῆ
3518 818 3607 883 τὴν
3640 820 3712 870 διὰ

2191 909 2473 978 γραφικῶν
2505 909 2827 974 ἀποδείξεων
2853 911 2952 980 ήδη
2977 909 3208 973 διάλεξιν
3230 925 3246 940 ο
3279 909 3362 980 [Ρ.
3391 907 3518 979 623]
3548 911 3714 978 ἥκιστα

2193 999 2300 1070 γὰρ
2333 997 2470 1052 εῐναί
2499 1017 2679 1068 σφισιν
2708 1001 2954 1054 ἐντεῦθεν
2980 1000 3078 1062 τὰς
3110 1000 3404 1063 ἀποϐάσεις
3434 999 3716 1052 λυσιτελού-

2195 1107 2292 1152 σας
2309 1096 2323 1109 ⁸
2356 1090 2546 1143 θᾶττον
2573 1092 2678 1158 γὰρ
2711 1092 2776 1144 ἂν
2807 1092 2998 1144 παθεῖν
3022 1091 3112 1160 ὑφ’
3133 1092 3288 1160 ήμῶν
3315 1092 3533 1154 αὐτοὺς,
3559 1093 3590 1146 ἀ
3608 1091 3719 1161 δρᾷν

2193 1181 2313 1234 καθ’
2345 1183 2499 1251 ήμῶν
2528 1183 2895 1251 ὲμελέτησανί,
2931 1185 2961 1248 ἢ
2991 1184 3122 1254 δρᾷν
3148 1184 3182 1237 δι
3214 1184 3402 1238 παθεῖν
3430 1186 3578 1254 ἡμᾶς
3613 1186 3719 1254 ἐμε·

2193 1273 2446 1342 λέτησαν.
2482 1276 2768 1328 Συνίθεντο
2796 1273 2840 1329 δ’
2863 1277 3062 1340 ἐξῶσαι
3100 1275 3192 1330 τοῦ
3226 1278 3501 1345 συνεδρίου
3536 1277 3721 1329 καὶτὸν

2191 1365 2235 1416 Τ
2240 1363 2370 1432 ύρου
2400 1365 2694 1418 ἐπίσκοπον
2711 1367 2808 1434 (6),
2836 1366 2930 1418 τοῦ
2963 1366 3070 1418 τῶν
3108 1366 3425 1435 ’Δντιοχέων
3463 1365 3716 1434 πατριάρ-
3750 1355 3753 1372 ¹

2181 1470 2276 1523 χου
2318 1453 2385 1506 τὰ
2418 1455 2599 1507 δίκαια
2650 1457 2913 1525 φέροντα·
2956 1457 3003 1508 sl
3048 1455 3093 1509 δ’
3125 1444 3395 1520 ἐπιμένων
3435 1455 3717 1516 ἐνίσταιτο,

2181 1541 2742 1615 προϐαλλόμενος“τὴν
2764 1547 2969 1600 ἐκείνου
2995 1548 3134 1600 κατά
3161 1547 3251 1599 τοῦ
3278 1546 3514 1615 Παλαμᾶ
3545 1545 3719 1597 καθαίο

2183 1629 2330 1700 ρεσίν
2355 1647 2412 1684 τε
2439 1634 2532 1685 καὶ
2550 1625 2906 1704 ἀποκήρυξιν,
2936 1636 3183 1690 κάκεῖνον
3205 1636 3352 1704 αὑτῴ
3386 1634 3724 1703 συγκαθελεῖν

2179 1720 2339 1785 εὐθὺς
2369 1724 2459 1776 καὶ
2489 1725 2586 1793 τῆς
2619 1726 2772 1794 ήμῶν
2804 1728 3052 1796 ἐκτεμεῖν
3083 1727 3422 1798 Ἐκκλησίας.

531 1814 670 1869 situs
699 1813 1090 1884 damnatusque
1139 1825 1304 1880 esset,
1355 1827 1468 1872 tum
1505 1820 1680 1890 ipsum
1751 1837 1969 1894 quoque
2037 1824 2223 1881 statim
2273 1841 2399 1882 cum
2455 1831 2766 1899 patriarcha
2832 1841 3215 1897 exauctorare,
3270 1840 3324 1886 et
3367 1831 3434 1884 ab
3484 1825 3728 1882 Ecclesia:

532 1917 728 1965 nostrae
757 1906 1142 1961 communione
1183 1908 1528 1964 abscindere.

599 1998 668 2054 Χ.
698 1999 854 2053 Prius
883 1999 1062 2068 itaque
1117 2013 1235 2063 nos,
1291 2002 1636 2057 contumeliis
1683 2013 1737 2058 et
1784 2005 2072 2061 calumniis

2251 2007 2308 2062 l'.
2343 2008 2505 2062 Ὅθεν
2546 2008 2744 2072 ἔδοξεν,
2783 2007 2969 2076 ὕϐρεσι
3002 2007 3095 2061 καὶ
3121 2006 3396 2069 διαϐολαῖς
3423 2007 3726 2059 ἀποσκευα-

532 2090 892 2144 atrocioribus
921 2088 1218 2158 perculsos,
1251 2104 1502 2145 amovere
1531 2101 1815 2163 statuunt;
1845 2113 1954 2166 quo
1981 2097 2076 2152 de-

534 2184 660 2238 inde
693 2183 780 2237 illa
811 2185 990 2238 omnia
1044 2185 1109 2236 ad
1160 2183 1373 2237 libitum
1411 2188 1701 2256 tranquille
1759 2189 2076 2257 decernant,

529 2285 586 2331 et
615 2289 714 2344 pro
748 2276 1014 2345 dogmatis
1037 2276 1219 2332 haberi
1245 2277 1490 2348 jubeant,
1537 2280 1629 2335 ubi
1665 2281 1773 2351 jam
1809 2295 1967 2335 nemo
1998 2281 2082 2336 l'u-

530 2375 686 2420 turus
721 2369 791 2428 sit
820 2366 911 2436 qui
943 2366 1285 2422 adversetur.
1309 2369 1636 2440 Plerumque
1692 2371 1837 2426 enim
1892 2380 1948 2426 et
1980 2388 2080 2428 sa:-

527 2459 652 2526 pius
704 2457 1004 2513 ellicaciora
1065 2474 1184 2514 esse
1244 2459 1460 2515 aiebant
1513 2477 1576 2517 ea
1639 2453 1760 2531 quae
1794 2463 2077 2528 audacius,

527 2564 690 2617 quam
730 2565 850 2617 qua:
875 2549 1095 2619 segnius
1123 2562 1433 2619 agerentur.
1464 2553 1520 2606 ld
1559 2553 1939 2622 episcoporum
1963 2539 2080 2608 ani-

527 2640 633 2694 mis
671 2655 919 2707 magnam
980 2642 1262 2696 instillavit
1305 2642 1590 2697 libidinem
1642 2645 1949 2700 incessendi
1979 2659 2078 2699 nos

528 2732 779 2787 convitiis
817 2732 992 2801 palam
1027 2747 1089 2786 ac
1120 2733 1445 2800 petulanter,
1480 2733 1629 2788 velut
1689 2734 1757 2789 de
1815 2736 2077 2804 plaustro.

526 2823 738 2892 Ecquid
771 2839 935 2894 porro
966 2825 1328 2879 deterioribus
1359 2825 1617 2894 ingeniis,
1647 2827 1702 2880 in
1734 2827 1932 2897 quibus
1958 2841 2079 2882 coa-

526 2917 622 2973 lita
656 2919 794 2972 inest
847 2916 972 2971 boni
1029 2916 1206 2970 omnis
1238 2916 1561 2986 ignorantia,
1614 2918 1784 2987 magis
1818 2917 2076 2987 proclive,

528 3023 690 3076 quam
726 3008 792 3062 ad
828 3008 1046 3062 insanos
1078 3007 1307 3062 allectus
1335 3008 1444 3062 labi
1495 3016 1550 3062 et
1576 3009 1821 3077 impelli?
1874 3008 2079 3079 Nempe

525 3101 562 3153 ii
591 3098 771 3162 veriti,
804 3113 870 3152 ne
892 3115 956 3152 ex
988 3099 1157 3152 sacris
1196 3098 1492 3167 Seripturis
1519 3099 1668 3167 impii
1696 3111 2073 3167 arguerentur,

525 3206 718 3259 magna
749 3206 964 3260 pompa,
1000 3204 1195 3259 magno
1251 3199 1516 3259 apparatu
1551 3189 1700 3247 velut
1752 3189 1808 3243 in
1861 3190 2079 3245 theatro

525 3281 823 3350 expositam
863 3279 1024 3350 992
1055 3266 1389 3350 impietatem
1440 3295 1594 3334 suam
1646 3295 1705 3334 re
1756 3279 2075 3335 declarant:

2182 2099 2436 2168 σαμένοις
2481 2101 2744 2170 πρότερον
2785 2102 2931 2170 ἡμᾶς
2974 2098 3481 2168 ὲκπληκτικώτερον
3513 2099 3725 2166 τρόπον,

2180 2189 2302 2244 καθ’
2349 2191 2579 2259 ἡσυχίαν
2631 2191 2962 2262 ψηφίζεσθαι
3018 2207 3076 2243 τε
3131 2190 3224 2242 καὶ
3275 2188 3621 2258 δογματίζειν
3667 2192 3726 2240 τὰ

2178 2280 2381 2334 τοιαῦθ’
2415 2283 2630 2335 ἅπαντα
2662 2283 2800 2335 κατὰ
2834 2282 3083 2352 βούλησιν
3103 2321 3120 2347 ,
3157 2282 3344 2350 μηκέτ’
3376 2281 3528 2342 ὄντος
3560 2282 3616 2344 ὃς
3643 2282 3727 2334 ἀνα

2177 2373 2491 2442 τιστήσεται
2525 2374 2783 2442 μηδενός*
2817 2369 2958 2426 εἶναι
2993 2375 3100 2442 γὰρ
3137 2375 3214 2436 ὼς
3242 2373 3310 2424 τὰ
3343 2373 3510 2426 πολλὰ
3542 2373 3726 2426 πολλά.-

2181 2480 2265 2526 κις
2290 2463 2526 2532 ἔφασκον
2550 2467 2618 2518 τὰ
2644 2465 2751 2517 τῶν
2775 2464 3065 2534 δρωμένων
3091 2465 3398 2533 θρασύτερα
3423 2465 3600 2534 πολλῷ
3629 2464 3728 2517 τῶν

2179 2558 2500 2627 πραοτέρων
2545 2556 2947 2627 ἀνυσιμώτερα.
2998 2556 3180 2610 Ταῦτα
3231 2556 3402 2610 πολὺν
3454 2557 3727 2621 ἑνέσταξιν

2181 2643 2371 2712 ῖμερον
2401 2645 2518 2706 ταῖς
2543 2643 2654 2696 τῶν
2681 2645 2997 2696 ἐπισκόπων
3021 2642 3239 2712 ψυχαῖς,
3267 2643 3326 2707 ἐξ
3350 2642 3566 2712 ἁμάξης
3589 2642 3730 2697 ἀναίο

2181 2735 2276 2804 δην
2305 2734 2772 2806 παρρησιάζεσθαι
2807 2735 2929 2788 καθ’
2964 2723 3140 2804 ἡμῶν.
3174 2736 3280 2789 Καὶ
3308 2735 3360 2787 τί
3393 2735 3504 2804 γὰρ
3535 2735 3727 2805 μοχθη-

2182 2822 2430 2894 ροτέραις
2475 2826 2708 2893 ψυχαῖς,
2749 2825 2956 2894 ἀμαθίᾳ
2989 2825 3494 2895 συντεθραμμέναις
3539 2825 3730 2894 παντὸς

2180 2912 2383 2978 ἀγαθοῦ
2403 2951 2418 2976 ,
2450 2913 2578 2983 ῥᾷον
2607 2912 2734 2964 ἄλλο
2767 2913 2877 2964 τῶν
2925 2911 3099 2966 ἄλλων
3128 2911 3335 2982 ἕτερον,
3365 2911 3398 2981 ἢ
3436 2912 3570 2981 πρὸς
3613 2910 3730 2974 ἀτό-

2183 3022 2316 3066 πους
2344 3005 2519 3073 ὁρμὰς
2547 3004 2832 3075 προτροπή
2861 3020 2877 3070 ;
2909 3003 3190 3067 Δείσαντες
3219 3004 3346 3074 γὰρ,
3376 3004 3452 3074 μὴ
3471 3003 3603 3073 πρὸς
3626 3002 3728 3057 τῶν

2181 3097 2337 3149 θείων
2365 3097 2592 3166 Γραφῶν
2618 3096 2831 3154 ἀσεϐεῖς
2852 3094 3272 3166 eammeam,
3295 3095 3548 3149 ἀσέϐειαν
3568 3095 3727 3164 δρῶσι

2181 3187 2319 3240 πάνυ
2351 3188 2732 3258 πανηγυρικὴν
2755 3189 2888 3256 ὁμοῦ
2922 3195 3013 3239 καὶ
3042 3188 3338 3257 θεατρικήν
3363 3201 3377 3216 °
3415 3184 3727 3255 ὃμοιον,ὦσο

2182 3296 2286 3349 περ
2320 3280 2384 3334 ἂν
2435 3281 2486 3333 εῖ
2520 3296 2604 3342 τις
2635 3281 2693 3332 ὲν
2726 3280 2950 3346 πελάγει
2986 3282 3304 3350 νηχόμενος,
3335 3278 3456 3335 εἶτα
3498 3283 3723 3351 ψεκάδες

527 3372 754 3441 perinde
792 3372 867 3425 illi
902 3371 1182 3435 facientes,
1225 3385 1288 3425 ac
1317 3371 1361 3424 si
1409 3371 1532 3440 quis
1566 3370 1620 3424 in
1669 3372 1807 3425 mari
1861 3381 2073 3438 natans,

2183 3372 2306 3424 ίδὼν
2331 3374 2422 3425 καὶ
2444 3372 2643 3442 βροχῆς
2674 3370 2890 3441 ἀμυδρὰ
2916 3372 3196 3451 προοίμια,
3216 3369 3418 3440 ὕφαλος
3447 3370 3725 3450 κατεδύετο

529 3461 693 3515 stillis
720 3460 938 3514 demum
967 3470 1020 3514 et
1047 3459 1261 3514 levibus
1305 3460 1504 3529 pluvia:
1536 3460 1816 3530 prmludiis
1846 3476 2078 3530 conspe-

529 3553 653 3616 ctis,
683 3551 956 3621 profundo
998 3553 1134 3616 mari
1165 3561 1286 3606 sese
1318 3551 1621 3621 immergat,
1678 3566 1746 3606 ne
1779 3551 1940 3606 aeriis
1972 3551 2080 3607 illis

537 3644 752 3699 roribus
783 3643 1160 3713 perfundatur.

600 3736 694 3791 XI.
737 3737 948 3792 Etenim
983 3737 1249 3802 Palamas,
1291 3737 1550 3808 paulatim
1603 3736 1730 3792 inde
1757 3735 2075 3802 abscedens,

530 3827 825 3882 auxiliares
857 3830 1042 3897 copias
1065 3829 1300 3883 accitum
1331 3828 1450 3892 ivit,
1488 3839 1543 3883 et
1585 3843 1937 3898 quoscunque
1964 3828 2068 3882 cir-

530 3920 956 3988 cumstrependi,
1016 3919 1385 3988 obstrependi,
1444 3927 1502 3974 et
1553 3921 1862 3986 importune
1917 3918 2075 3973 oblo-

808 4006 1060 4060 facultate
1114 4008 1378 4076 pollentes
1445 4008 1685 4076 reperit,
1740 4023 1835 4062 eos
1887 4022 2077 4064 omnes

532 4099 892 4168 congregavit.
926 4097 989 4151 lli
1018 4108 1200 4152 autem
1252 4098 1548 4154 insolentes
1611 4097 1822 4168 linguas
1872 4098 1928 4152 in
1976 4113 2078 4153 nos

532 4188 817 4242 acuebant.

2183 3465 2317 3532 πρὸς
2348 3463 2407 3517 τὸ
2435 3464 2693 3532 πέλαγος,
2725 3463 2800 3535 μὴ
2836 3463 3116 3535 διάϐροχος
3148 3464 3250 3517 ὑπὸ
3277 3462 3387 3518 τῶν
3417 3464 3608 3536 ἀερίων
3632 3463 3722 3532 ψε-

2182 3555 2358 3611 κάδων
2392 3557 2613 3612 ἐκείνων
2645 3560 2890 3626 γένηται.

2251 3733 2353 3789 lA'.
2397 3734 2456 3790 '0
2501 3735 2599 3806 μὲν
2628 3733 2732 3807 γὰρ
2764 3735 3000 3804 Παλαμᾶ
3012 3755 3063 3801 ;,
3101 3737 3465 3808 παρεγκλίνας
3503 3739 3714 3809 μικρὸν,

2179 3826 2476 3894 ἐξενολόγει
2504 3827 2599 3880 καὶ
2625 3826 2943 3893 συνήθροιζε
2975 3827 3082 3880 τῶν
3116 3828 3472 3897 περιϐομϐεῖν
3507 3828 3593 3881 καὶ
3619 3844 3716 3879 πα.

2183 3920 2473 3991 ραϐομϐεἰν
2520 3920 2613 3994 καὶ
2651 3921 3139 3990 παραφθέγγεσθαι
3183 3921 3494 3988 δυναμένων
3531 3916 3601 3980 οἷς
3634 3922 3713 3970 ὲν-

2179 4015 2505 4080 ετύγχανεν’
2551 4011 2603 4063 οἱ
2647 4010 2688 4063 δ’
2719 4011 2946 4081 ἠκόνουν
2989 4014 3085 4075 τὰς
3125 4011 3363 4077 ἀτόπους
3401 4012 3518 4066 καθ’
3565 4011 3708 4082 ἡμῶν

2180 4121 2442 4173 γλωττας.

1946 4299 2170 4358 CAPUT
2210 4299 2322 4355 γη.

528 4395 783 4468 Gregoras
819 4395 1013 4465 aliique
1046 4396 1319 4468 orthodoxi
1344 4395 2450 4468 innoeocontur,Cantacuzenusmingtur
2489 4394 2818 4468 grauissima.
2874 4390 3009 4461 Ejus
3040 4407 3155 4444 cum
3197 4389 3404 4468 Xerxe,
3453 4389 3702 4468 Pericli-uin

601 4452 738 4535 rcge,
770 4452 1113 4534 comparatio.
1154 4464 1531 4535 Episwporum
1567 4465 1959 4535 Palamitarum
1989 4465 2274 4535 imperitia.
2313 4452 2597 4535 Orthodoxi
2632 4463 2828 4535 [rustra
2873 4452 3132 4535 conentur
3162 4460 3536 4535 contradicere.
3581 4454 3702 4507 Can-

602 4529 834 4614 ιαξιιεεηὶ
861 4529 1031 4587 uultus
1060 4543 1107 4586 et
1158 4529 1655 4614 uerbaIGregoram
1691 4534 1930 4614 discipuli
1967 4529 2256 4612 timidiores
2292 4534 2574 4614 deserunt;
2619 4529 2714 4614 alii
2757 4530 2933 4614 silent.
2971 4531 3212 4614 Gregorii:
3255 4538 3301 4581 et
3328 4529 3698 4614 orthodoxorum

597 4607 956 4674 episcoporum
1002 4605 1257 4674 secessio;
1305 4598 1753 4674 quasimperator
1795 4598 2033 4674 primum
2075 4603 2218 4674 exire
2261 4611 2450 4674 uetat;
2476 4603 2682 4674 deinde,
2711 4601 2962 4674 suadente
3012 4598 3262 4663 Palama,
3313 4601 3456 4651 abire
3506 4598 3696 4666 patitur.

596 4670 905 4738 Palaniitw,
937 4673 1153 4742 egressis
1185 4673 1503 4736 orthodoxis,
1544 4670 1922 4742 imperatorem
1968 4671 2277 4725 adulantur.
2313 4670 2578 4740 Quidquid
2621 4670 2771 4722 libuit
2796 4671 3094 4722 decernunt.

520 4883 656 4938 lenti
685 4895 906 4951 prorsus
956 4887 1009 4932 et
1043 4877 1108 4931 ad
1138 4891 1299 4931 omne
1354 4877 1533 4931 scelus
1582 4877 1820 4947 prompti
1872 4878 1926 4931 in
1972 4891 2073 4933 nos

524 4979 860 5043 consurgunt
881 4988 896 5037 ;
921 4986 985 5024 ac
1017 4969 1272 5024 Ecclesiae
1301 4970 1394 5024 Dei
1448 4970 1740 5036 antistites,
1773 4969 1810 5023 ii
1840 4969 2068 5033 scilicet,

523 5066 723 5134 quibus
749 5074 1029 5133 pastorum
1063 5077 1263 5116 munus
1289 5062 1502 5132 obtigit,
1553 5063 1768 5115 vineam
1829 5063 1920 5114 Dei
1979 5076 2072 5114 va-

523 5162 686 5208 stant.
711 5152 912 5207 Omitto
945 5163 1159 5216 caetera,
1191 5166 1310 5221 quae
1339 5152 1599 5206 adversus
1651 5151 1918 5220 ejusmodi
1969 5150 2070 5203 bo-

524 5246 698 5298 mines
730 5257 882 5297 sacra
913 5239 1194 5311 Scriptura
1227 5241 1428 5310 tragice
1464 5243 1594 5295 olim
1627 5242 1971 5296 declamavit.

595 5335 657 5388 ll.
691 5337 765 5388 Ac
793 5333 1024 5402 primum
1051 5332 1270 5401 quidem
1301 5333 1618 5401 imperator,
1654 5333 1745 5386 illo
1772 5342 1920 5385 metu
1954 5332 2069 5402 agi-

523 5436 691 5492 tatus,
720 5441 882 5494 quem
921 5425 1100 5478 triduo
1130 5431 1252 5476 ante
1280 5423 1524 5476 Palamas
1559 5425 1739 5476 animo
1767 5425 1883 5492 ejus
1909 5424 2070 5477 altius

518 5522 890 5589 impresserat,
921 5515 1266 5573 contumeliis
1296 5524 1352 5568 et
1377 5515 1540 5568 minis
1563 5514 1873 5580 ditissimis,
1926 5515 2070 5569 velut

515 4821 520 4824 -
592 4791 635 4844 ι.
672 4789 911 4842 Tandem
935 4796 991 4842 ct
1022 4787 1182 4841 nobis
1235 4785 1496 4841 iracunde
1543 4786 1919 4849 introvocatis,
1961 4786 2075 4840 vio-

2253 4785 2336 4856 [‘P.
2365 4785 2493 4857 624]
2513 4785 2590 4839 A'.
2621 4783 3046 4852 Είσκεκληκότες
3067 4782 3170 4852 γὰρ
3193 4779 3287 4834 καὶ
3306 4781 3452 4852 ἡμᾶς
3476 4777 3567 4847 ὀψὲ
3594 4773 3697 4844 μετ’

2180 4879 2368 4948 ὀργῆς,
2400 4879 2562 4947 βίαιοι
2593 4875 2849 4939 καθάπαξ
2895 4875 2987 4928 καὶ
3025 4875 3248 4925 τάνόσια
3281 4873 3459 4923 πάντα
3495 4868 3697 4934 γίνονται

2180 4969 2444 5038 τολμηροὶ
2496 4967 2615 5020 καθ’
2646 4969 2830 5037 ἡμῶν·
2863 4968 2957 5018 καὶ
3011 4966 3103 5034 τῆς
3135 4963 3227 5015 τοῦ
3259 4961 3394 5014 Θεοῦ
3438 4955 3695 5023 ἐκκλησίας

2184 5060 2484 5123 προστάται
2514 5059 2606 5111 καὶ
2637 5061 2685 5110 οἱ
2716 5057 3026 5126 ποιμαίνειν
3058 5056 3309 5125 λαχόντες
3339 5053 3432 5105 τὸν
3471 5049 3556 5101 τοῦ
3583 5041 3695 5096 Θεοῦ

2177 5151 2572 5218 διαφθείρουσιν
2608 5149 2933 5218 ἀμπελῶνα·
2974 5149 3064 5200 καὶ
3095 5149 3194 5198 ὅσα
3236 5145 3377 5197 κατὰ
3415 5142 3518 5193 τῶν
3545 5133 3694 5189 τοιού·

2177 5259 2286 5293 των
2313 5243 2345 5311 ἡ
2373 5240 2490 5293 θεία
2523 5239 2866 5310 ὲτραγῴδησε
2893 5239 3062 5292 πάλαι
3097 5237 3303 5307 Γραφή.

2249 5333 2323 5384 Β.
2347 5334 2451 5385 Καὶ
2482 5335 2694 5398 πρῶτον
2724 5331 2822 5399 μὲν
2849 5334 2875 5382 ὁ
2898 5329 3171 5398 βασιλεὺς,
3209 5328 3312 5379 ὑπὸ
3341 5323 3534 5383 δειλίας
3561 5318 3696 5370 ἐλαυν

2174 5425 2395 5494 νόμενος
2435 5425 2667 5494 ἐκείνης,
2711 5423 2776 5493 ἣν
2817 5425 2844 5475 ὁ
2891 5422 3153 5488 Παλαμᾶς
3189 5419 3453 5496 πρότριτα
3478 5413 3586 5472 ταῖς
3615 5407 3694 5472 τῆς

2173 5515 2367 5568 ἑαυτοῦ
2402 5517 2578 5585 ψυχῆς
2608 5516 2922 5583 ὲνέσπειρεν
2951 5512 3162 5576 abuit,
3194 5511 3291 5572 τὰς
3321 5496 3692 5575 παλαμναιοτά-

1864 5625 2185 5688 Variorum
2217 5633 2398 5689 notae.
2524 5655 2533 5689 l

590 5756 663 5824 (6)
699 5753 835 5807 llinc
856 5752 1405 5824 apparetepiscopum
1433 5749 1639 5824 Tyriin
1659 5747 1831 5824 prima
1861 5757 2066 5800 tantum
2107 5751 2318 5806 actione
2350 5760 2670 5821 praesentem
2710 5749 2941 5812 concilio
3000 5745 3337 5804 interfuisse.
3382 5741 3503 5798 Vide
3542 5728 3693 5791 atmo-

517 5819 622 5880 tata
651 5824 715 5877 ad
739 5825 830 5877 lib.
869 5819 978 5890 x'x't,
1003 5819 1140 5890 cap.‘
1170 5823 1219 5882 4,
1254 5835 1402 5872 num.
1435 5821 1522 5882 15,
1557 5819 1720 5870 infra.
1765 5819 1970 5870 Bnivm.
