3856 6606
160 396 272 505 1365
493 426 565 498 [Δ.
608 440 659 481 c.
706 394 864 498 ὕδει]
1119 433 1558 496 ΒΥΖΑΝΤΙΝΑΞ
1597 438 1692 498 Hi:

1818 442 1999 501 »Βυῐῦ
2020 443 2165 503 ΜΒ,
2196 445 2319 505 XX,
2438 439 2572 507 fma.
2613 458 2653 497 ι.
2691 454 2983 495 cattracuz.
3027 440 3081 507 Sil
3201 444 3336 507 1'0;

161 571 242 616 τας
274 549 440 619 ὕϐρεις
469 544 558 598 καὶ
590 544 818 610 ἀπειλὰς
849 547 973 601 καθ’
1012 547 1173 620 ἡμῶν
1213 551 1548 620 ἐξετόξευεν,
1583 552 1684 606 οὐκ

1818 554 1913 609 elis
1936 555 2285 625 quibusdam.
2310 574 2412 615 nos
2432 559 2691 626 incessit;
2729 576 2837 615 non
2871 561 2962 617 ille
2998 561 3353 617 illCOlClldUlll

168 635 473 700 Ἀτλαντικοῦ
527 635 601 706 (7)
668 638 998 711 κληρουχίας
1058 641 1363 712 πελάγους,
1425 645 1518 698 καὶ
1576 646 1681 714 γῆς

1818 647 2118 703 ιῑιοιιιίοιιιιι
2154 665 2324 713 mare,
2365 666 2466 706 nec
2513 664 2668 707 extra
2732 662 2930 708 terram
3001 654 3356 711 habitabilem

159 739 373 807 ποιήσειν
389 732 485 816 ἐξω
515 730 614 800 τῆς
642 732 971 803 οἰκουμένης
994 733 1218 805 (Ξέρξου
1242 736 1350 807 γὰρ
1381 737 1554 791 ταῦτα
1589 739 1683 792 καὶ

1818 741 2081 805 ,uaerenda
2114 743 2305 797 exsilia
2331 745 2697 799 comminatus
2722 747 2946 817 (quippe
2979 747 3092 804 hare
3121 749 3358 803 Xerxem

152 830 239 895 τῆς
279 824 473 878 ἐκείνου
522 820 864 895 βαρδαρικῆς
906 826 1166 891 ἀπονοίας
1188 827 1283 912 καὶ
1316 819 1531 900 τρυφῆς
1568 825 1681 900 ἦν),

1826 842 1845 888 ι
1878 834 2368 905 barbaricam-ejus
2403 836 2732 890 dementiam
2763 853 2829 892 ac
2868 838 3149 894 lasciviam
3200 839 3363 895 det-e-

156 921 270 978 ᾰλλα
296 917 337 972 δ’
362 914 578 969 ἐκείνων
610 917 781 986 μείζω
814 919 908 981 καὶ
944 919 1152 990 σφόδρα
1178 921 1477 992 ἀπᾴδοντα,
1505 924 1580 987 ὡς
1610 924 1688 977 εἰ·

1818 926 1968 991 ιοιιι),
1992 927 2087 981 sed
2116 926 2221 981 alia
2249 924 2335 981 liis
2353 927 2601 998 graviora
2634 938 2685 981 et
2720 930 2953 985 multum
2985 931 3361 994 abhorrentia.

2438 439 2572 513 [ιιιιδ.
2613 458 2653 497 t.
2691 454 2983 495 cattracuz.
3027 440 3081 511 Si]

155 1013 351 1085 ρήσεται
393 1007 666 1077 προϊόντος
701 1007 1022 1078 τοῦῗλόγου.
1056 1012 1177 1080 Τῶν
1210 1013 1318 1082 γὰρ
1353 1016 1552 1069 ἀνίσων
1592 1018 1689 1070 καὶ

152 1102 388 1170 ἀνομοίων
420 1098 599 1169 ἀρχῶν
632 1117 692 1153 τε
741 1103 835 1154 καὶ
866 1103 1237 1173 προαιρέσεων
1279 1105 1440 1160 ἄνισά
1480 1124 1540 1159 τε
1593 1109 1688 1161 καὶ

150 1196 351 1270 ἀνόμοια
378 1193 589 1255 πάντως
612 1187 752 1247 εἶναι
779 1194 929 1258 εἰκὸς
958 1195 1054 1249 καὶ
1067 1196 1137 1250 τά
1162 1196 1272 1250 τῶν
1300 1200 1690 1270 πραττομένων
1712 1231 1720 1236 -

150 1284 457 1356 ἑκατέρωθεν
524 1284 781 1356 λήγοντα.
834 1286 967 1340 Οὖδέ
1027 1286 1137 1358 γάρ
1196 1288 1425 1360 πάτριον
1484 1291 1691 1353 ἐκεῖνος

146 1381 392 1449 ἐξώμνυτο
431 1377 630 1442 σέϐας,
661 1378 781 1432 ούδέ
829 1378 1127 1451 θρησκείαν
1163 1380 1462 1451 θρησκείας
1493 1382 1690 1451 ἠλλατ-

146 1489 270 1536 τετο,
320 1468 422 1523 οὐδ’
478 1468 617 1524 ἐθῶν
661 1471 756 1524 καὶ
804 1472 1094 1542 δογμάτων
1130 1473 1226 1546 ἔθη
1278 1476 1375 1528 καὶ
1424 1475 1692 1546 δόγματα,

145 1560 366 1616 παλαιῶν
396 1559 683 1630 καινότερα
717 1562 810 1613 καὶ
840 1564 1103 1616 νεότακτα
1130 1579 1144 1592 ·
1177 1565 1287 1618 οὐδ’
1320 1565 1519 1635 ὅρκους
1562 1566 1697 1621 ἐπά-

143 1671 214 1706 τει
241 1651 669 1720 θρησκευομένου
689 1652 847 1707 Θεοῦ.
1406 1638 1413 1645 ι

203 1740 266 1796 l".
301 1743 357 1795 Ei
384 1742 437 1795 δέ
467 1759 554 1806 τις
581 1743 869 1809 ἐνίσταιτο,
897 1745 1106 1817 Ξέρξην
1137 1746 1432 1820 θαυμάζων
1463 1752 1695 1818 ἐκείνον,

141 1839 210 1891 ὅτι
242 1838 339 1906 γῆς
371 1837 464 1890 καὶ
498 1836 777 1907 θαλάσσης
808 1833 945 1911 ἦρχε
978 1840 1120 1894 πάνυ
1152 1860 1232 1896 τοι
1268 1842 1529 1913 πλείστης
1549 1885 1563 1907 ,
1603 1846 1697 1898 καὶ

143 1929 353 2000 στρατὸν
371 1929 613 2001 ἐπήγετο
641 1931 905 2002 μυριάριθ
915 1950 1035 2003 μον,
1064 1928 1137 1987 ὧν
1162 1935 1322 2007 ἡμεῖς
1346 1938 1699 1991 παντάπασιν

141 2023 471 2093 ἐστερήμεθα
497 2040 511 2054 ·
559 2023 697 2077 ἀλλὰ
735 2023 1002 2095 θεοτήτων
1048 2026 1143 2079 καὶ
1168 2026 1319 2080 Θεῶν
1361 2027 1606 2100 ἀπείρων
1639 2046 1700 2082 τε

140 2119 222 2168 καί
249 2116 515 2168 ἀκτίστων
553 2112 754 2185 ἥκιστα
805 2110 919 2186 εἷχε
946 2117 1291 2188 στρατόπεδα
1313 2134 1328 2151 ⁸
1367 2119 1502 2172 ἀλλά
1545 2114 1703 2175 πάντ’

137 2204 264 2278 ἦσαν
302 2207 447 2278 αὑτῷ
479 2209 675 2261 κτιστά
712 2208 804 2262 καὶ
832 2207 1001 2279 θνητά
1029 2211 1152 2263 κατ’
1182 2210 1370 2265 αὐτόν.
1407 2212 1472 2265 ’0
1498 2212 1564 2282 δὴ
1608 2213 1704 2267 καὶ

139 2299 287 2363 αὐτὸς
316 2298 494 2370 ἐαυτῷ
527 2300 940 2369 μεμαρτύρηκε,
960 2298 1055 2354 νῦν
1077 2298 1178 2371 μὲν
1205 2301 1401 2371 γελῶν,
1422 2301 1517 2356 νῦν
1546 2303 1601 2356 δέ
1623 2303 1708 2358 δα-

137 2393 326 2463 κρύων·
349 2391 410 2444 τὸ
431 2389 531 2460 μὲν
560 2391 640 2444 ὅτι
671 2391 927 2459 πλείστης
942 2392 1177 2463 ἠπείρου
1193 2394 1288 2447 καὶ
1312 2391 1584 2467 θαλάττης
1612 2396 1707 2450 καί⁸

140 2481 504 2553 στρατοπέδων
567 2481 729 2552 ἄρχει
781 2482 1115 2552 παμπόλλων
1137 2498 1151 2514 ο
1184 2481 1246 2537 τὸ
1273 2483 1329 2537 δέ
1356 2483 1461 2548 ὅτι,
1494 2483 1706 2553 θνητῶν

138 2575 224 2628 atad.
251 2572 611 2646 προσκαίρων
637 2574 1016 2645 ὑπαρχόντων,
1038 2574 1215 2639 οὐδεὶς
1245 2575 1385 2647 ὑπὲρ
1422 2576 1491 2630 τά
1516 2576 1707 2630 ἑκατὸν

139 2666 276 2721 ἔσται
304 2668 636 2738 φαινόμενος
665 2667 784 2733 ἐτη,
813 2668 923 2722 οὒτ’
947 2668 1135 2734 αὐτὸς,
1162 2667 1274 2724 οὒτ’
1299 2663 1475 2735 οὐδεὶς
1496 2669 1708 2740 οὐδαμῆ

134 2762 231 2814 τῶν
267 2759 415 2830 αὐτῷ
460 2760 768 2830 ἑπομένων.
799 2759 883 2834 [Ρ.
912 2759 1040 2834 625]
1087 2762 1162 2816 Οὐ
1205 2764 1313 2832 γὰρ
1354 2756 1422 2832 ἦν
1457 2779 1542 2815 πω
1586 2763 1708 2817 τότε

1795 1036 1852 1079 ιιι
1887 1023 2027 1079 infra
2051 1025 2285 1080 dicetur.
2321 1026 2546 1082 Scilicet
2579 1026 2673 1081 ubi
2707 1028 2978 1099 principia
3010 1040 3065 1085 et
3116 1032 3365 1086 instituta

1797 1117 2089 1187 inatqualia
2118 1128 2177 1173 et
2207 1120 2497 1175 dissimilia
2553 1130 2704 1185 sunt,
2739 1120 2814 1175 ibi
2865 1122 3030 1176 etiam
3070 1124 3369 1193 inaequales

1794 1218 1848 1264 et
1877 1208 2176 1265 dissimiles
2209 1212 2467 1281 utrinque
2494 1228 2615 1267 esse
2666 1213 2947 1267 actionum
2993 1215 3174 1268 exitus
3209 1215 3370 1285 plane

1793 1313 2222 1358 consentaneum
2249 1312 2354 1357 est.
2391 1304 2563 1358 Porro
2587 1304 2678 1359 ille
2731 1319 2836 1361 nec
2894 1304 3214 1374 religionem
3280 1321 3373 1374 pa.

1796 1394 1961 1451 triam
1994 1395 2371 1465 abiuraverat,
2407 1413 2509 1453 nec
2544 1413 2758 1453 morem
2823 1388 3247 1468 doctrinamque
3284 1413 3376 1452 ve-

1796 1497 1969 1545 terem
2000 1503 2144 1555 novo
2203 1504 2502 1561 recensque
2546 1492 2846 1546 constituto
2897 1507 3050 1547 more
3097 1491 3378 1547 doctrina-

1798 1596 1907 1652 que
1936 1590 2268 1645 mutaverat,
2325 1600 2426 1639 nec
2465 1585 2650 1644 (idem.
2692 1580 2759 1639 ei
2797 1601 2960 1654 quem
3010 1584 3227 1642 colebat
3264 1585 3379 1641 Deo

1794 1672 1960 1744 993
1983 1676 2251 1745 juratam,
2284 1674 2518 1744 pedibus
2546 1676 2880 1747 subjecerat.

1874 1764 1963 1821 lll.
1998 1765 2153 1832 Quod
2192 1766 2237 1820 si
2266 1765 2393 1836 quis
2416 1766 2655 1823 Xerxem
2713 1767 2868 1823 illum
2930 1768 3163 1825 miratus
3214 1771 3382 1826 instet

1733 1897 1773 1952 Β
1802 1873 1867 1915 ac
1909 1858 2077 1915 dicat.
2110 1874 2235 1913 eum
2273 1868 2436 1914 terrae
2466 1869 2522 1915 et
2555 1860 2722 1916 maris
2771 1860 3041 1917 tractibus
3069 1877 3236 1932 quam
3263 1861 3383 1916 lou-

1802 1949 2042 2021 gissimis
2073 1949 2394 2019 imperasse,
2444 1959 2500 2005 et
2550 1949 2983 2007 innumerabiles
3009 1966 3197 2008 secum
3224 1968 3383 2007 exer-

1802 2042 1947 2098 citus
1976 2041 2256 2108 ductasse,
2284 2041 2487 2112 quibus
2518 2057 2620 2097 nos
2676 2043 2843 2099 rebus
2878 2045 3104 2099 omnino
3161 2043 3384 2100 deﬁcia-

1803 2150 1928 2189 mur
1969 2150 1983 2187 :
2022 2141 2081 2188 at
2144 2134 2190 2188 is
2248 2133 2719 2208 (respondebitur)
2780 2135 3096 2190 divinitates
3141 2136 3384 2207 deosque

1805 2226 2054 2282 inﬁnitos
2085 2237 2141 2283 et
2196 2227 2471 2282 increatos
2532 2229 2584 2281 lu
2621 2229 2816 2283 castris
2849 2227 3076 2282 minime
3108 2227 3381 2293 habebat;

1804 2318 1902 2375 sed
1941 2328 2102 2374 erant
2136 2318 2215 2374 illi
2246 2317 2432 2373 omnia
2462 2329 2643 2374 creata
2675 2328 2731 2374 et
2764 2318 3044 2385 mortalia,
3095 2317 3259 2388 eique
3314 2319 3388 2373 si-

1806 2411 1976 2467 milia.
1998 2409 2171 2481 Cujns
2198 2410 2275 2468 rei
2309 2421 2365 2466 et
2430 2411 2546 2481 ipse
2605 2410 2712 2466 sibi
2742 2412 2897 2466 testis
2931 2409 3054 2476 fuit,
3111 2426 3260 2466 nunc
3311 2410 3389 2464 ri—

1805 2502 2008 2571 dendo,
2038 2519 2189 2559 nunc
2217 2503 2422 2560 ﬂendo.
2478 2503 2715 2558 Ridebat
2770 2512 2955 2558 autem
2985 2543 2998 2567 ,
3041 2503 3187 2573 quod
3218 2505 3390 2572 impe-

1805 2596 1951 2650 rium
1982 2603 2128 2651 terra
2155 2605 2211 2652 et
2259 2595 2395 2650 mari
2435 2595 2704 2650 latissime
2751 2604 2945 2664 patens
2992 2603 3048 2649 et
3110 2596 3389 2650 exercitus

1806 2686 2294 2742 numerosissimos
2318 2683 2579 2751 babe‘ret;
2632 2685 2776 2740 idem
2811 2683 2997 2746 (lebat,
3060 2664 3213 2755 quod
3259 2699 3384 2738 eum

1808 2778 1867 2834 lii
1900 2778 2162 2834 mortales
2192 2787 2249 2835 et
2273 2779 2466 2834 caduci
2508 2779 2576 2834 ad
2627 2785 2837 2833 certum
2872 2786 3091 2850 tempus
3135 2775 3387 2832 duratnri

136 2852 414 2920 Παλαμᾶς,
451 2852 581 2905 οὐδὲ
609 2852 686 2921 τῷ
715 2852 895 2923 πολλῷ
927 2856 1092 2925 συνῆν
1128 2853 1326 2924 ἐκείνῳ
1361 2855 1571 2925 βασιλεῖ
1605 2873 1692 2909 πα·

1818 2878 2012 2934 essent,
2070 2884 2239 2926 nemo
2296 2879 2417 2940 post
2474 2868 2837 2925 centesimum
2887 2883 3092 2923 annum
3147 2882 3382 2936 usquam

130 2943 425 3015 ραπλήσιος
457 2945 519 2997 ἐν
536 2943 815 3008 τοσούτοις
837 2945 1245 3017 στρατεύμασιν
1270 2947 1446 3012 οὐδεὶς
1477 2947 1692 3019 Παλαμῤ

1818 2960 2218 3031 compariturus
2241 2960 2408 3024 foret,
2432 2977 2545 3016 non
2584 2961 2728 3030 ipse,
2793 2974 2901 3015 non
2958 2960 3103 3014 ullus
3154 2959 3295 3013 alius
3322 2975 3391 3014 ex

128 3037 335 3108 τουτῳῒ,
388 3037 669 3110 τεχνητὴν
714 3038 918 3104 κτίζων
949 3039 1252 3095 ἀθανασίαν
1296 3041 1393 3095 καὶ
1428 3041 1681 3097 ἀκτισίαν

1818 3052 1901 3117 iis,
1930 3052 2026 3124 qui
2056 3068 2116 3109 se
2143 3061 2533 3124 sequerentur.
2576 3052 2847 3107 Nimirum
2882 3066 2949 3107 eo
3007 3060 3255 3121 tempore
3283 3050 3388 3105 Pa-

125 3128 369 3199 καθάπερ
407 3129 550 3190 τοὺς
594 3131 893 3200 κεραυνοὺς
926 3130 1021 3184 καὶ
1065 3130 1395 3202 πρηστῆρας
1421 3132 1486 3186 ἐκ
1521 3134 1625 3205 γῆς
1660 3153 1687 3189 ο

1818 3143 1988 3200 lamas
2036 3144 2280 3200 nondum
2310 3153 2455 3208 erat,
2518 3159 2623 3199 nec
2678 3144 2735 3198 in
2772 3150 2926 3199 tanto
2974 3144 3221 3198 exercitu
3261 3156 3389 3196 cum

132 3221 431 3286 Κύκλωπες
464 3223 645 3278 πάλαι
670 3222 815 3277 κατά
840 3224 965 3286 τοὺς
994 3218 1201 3295 μύθὸυς
1226 3225 1303 3295 τῷ
1327 3225 1412 3279 Διῒ
1430 3241 1445 3255 ο
1474 3227 1692 3283 ἐνταῦθα

1818 3252 1946 3309 rege
1974 3236 2359 3308 potentissimo
2385 3238 2713 3293 versabatur
2773 3236 3065 3306 quisquam
3117 3233 3249 3288 huic
3284 3233 3390 3288 Pa-

127 3312 178 3366 δέ
203 3315 326 3378 τοὺς
349 3315 636 3379 τοιούτους
660 3315 857 3384 φόϐους
886 3314 1208 3386 ὑπερορίους
1231 3312 1393 3383 εῖναι,
1417 3319 1513 3371 καὶ
1541 3318 1692 3389 λήθης

1818 3328 1975 3383 lamze
2003 3329 2223 3393 similis,
2253 3329 2348 3399 qui
2379 3329 2849 3384 immortalitatem
2879 3334 2936 3381 et
2962 3327 3262 3381 increatam
3298 3339 3395 3379 na-

129 3403 511 3459 καλύπτεσθαι
535 3406 685 3476 μάλα
717 3406 993 3473 πυθμέσιν
1037 3407 1408 3489 ὑποϐρυχίοις,
1448 3408 1531 3463 ἆτ’
1559 3410 1692 3465 ἀκτίς

1820 3425 1996 3472 turam
2029 3431 2127 3487 per
2151 3425 2328 3471 artem
2357 3424 2598 3481 crearet,
2629 3414 3098 3484 quemadmodum
3140 3413 3211 3468 de
3249 3423 3394 3467 terra

125 3514 262 3551 στων
305 3497 430 3567 ἅμα
488 3501 590 3551 καὶ
636 3497 925 3553 ἀθανάτων
954 3498 1067 3553 τῶν
1105 3498 1152 3552 τ’
1197 3499 1426 3570 ἐχόντων
1467 3499 1585 3573 ἅμα
1619 3508 1692 3557 κα¹

1820 3511 1953 3565 olim
1984 3508 2217 3565 fulmina
2251 3510 2440 3565 ettela
2475 3510 2633 3578 ignea
2658 3508 2785 3563 δονὶ
2811 3507 3046 3563 fabulosi
3076 3506 3155 3561 illi
3195 3505 3393 3576 Cyclo-

126 3592 227 3645 τῶν
260 3595 323 3647 ἐκ
352 3593 468 3646 τῶν
503 3592 858 3664 ὑπαρχόντων
892 3593 989 3665 (8).
1024 3589 1172 3649 Είεν.

1818 3615 1938 3672 pes.
1978 3600 2118 3656 Hinc
2141 3617 2275 3657 vero
2305 3603 2463 3673 longe
2496 3602 2696 3656 absunt
2756 3601 2795 3656 ii
2859 3609 3062 3661 metus,
3124 3597 3395 3654 altissima

122 3686 405 3742 oblivione
442 3685 600 3742 velut
634 3687 895 3755 demersi,
915 3697 1211 3761 propterea
1229 3690 1375 3761 quod
1405 3689 1632 3748 increati
1654 3701 1712 3750 et
1750 3694 2093 3752 immortales
2121 3696 2234 3752 sint
2294 3706 2408 3751 tum
2469 3695 2769 3776 principes,
2800 3703 2916 3749 tum
2967 3693 3006 3749 ii
3066 3692 3161 3763 qui
3193 3691 3398 3762 princi-

123 3783 284 3853 pibus
311 3794 545 3854 parent.
2970 3800 2979 3805 1

188 3877 264 3932 A'.
309 3879 685 3949 ’ᾼρξαμέγων
707 3880 752 3933 δ’
783 3878 912 3948 ἐξῆς
933 3881 1151 3935 καὶτῶν
1179 3883 1498 3938 ἐπισκόπων
1512 3883 1724 3951 λαλεῖν,

119 3966 184 4037 ἦν
212 3971 449 4023 ἀκούειν
479 3969 579 4022 νῦν
608 3970 707 4039 μὲν
733 3969 967 4024 δικτύων
991 3973 1086 4025 καὶ
1111 3971 1388 4041 θαλάσσης
1420 3973 1692 4038 ἀπόζοντα

1824 3975 2016 4031 audire
2037 3984 2158 4032 erat
2186 3991 2284 4032 eos
2314 3990 2619 4041 sermones,
2647 3974 2742 4043 qui
2777 3987 2925 4041 nunc
2948 3972 3090 4027 retia
3147 3982 3205 4027 et
3250 3986 3401 4025 mare

117 4062 345 4129 λόγους·
383 4061 491 4114 νῦν
525 4061 586 4115 δὲ
620 4063 904 4132 σκαπάνης
929 4064 1073 4127 τινὸς
1104 4067 1199 4120 καὶ
1222 4064 1471 4134 δικέλλης
1502 4064 1685 4129 ἀξίους

1821 4049 2157 4131 redolerent,
2192 4082 2341 4121 nunc
2388 4066 2667 4121 sarculum
2719 4065 3052 4134 etligouem
3117 4073 3399 4133 saperent.

117 4154 212 4207 νῦν
253 4155 306 4207 δ’
361 4154 535 4209 οὐδὲν
590 4155 913 4224 καμινιαίας
965 4155 1196 4227 αίθάλης
1247 4157 1597 4223 ἀπεοικότας,
1645 4159 1692 4210 τί

1828 4173 1976 4213 nunc
2017 4158 2255 4213 fornacis
2284 4158 2515 4228 fuligine
2543 4158 2710 4212 tincti-
2737 4157 3083 4211 viderentur.
3115 4154 3269 4209 Adeo
3305 4153 3404 4208 ob-

112 4246 361 4319 ἀμαυρῷ
417 4264 487 4315 τε
549 4254 643 4301 καὶ
673 4247 890 4318 δυσήχῳ
922 4248 1018 4302 καὶ
1067 4249 1322 4320 ἀνάρθρῳ
1373 4249 1472 4318 τῆς
1521 4248 1692 4310 λαλιᾶς

1828 4264 2012 4310 scura.
2048 4258 2101 4303 et
2132 4263 2267 4303 sono
2294 4247 2412 4318 ipso
2437 4248 2574 4302 dura
2599 4285 2615 4311 ,
2672 4264 2779 4302 nec
2829 4247 2970 4301 bene
3009 4245 3260 4300 articulis
3316 4245 3405 4300 dio

115 4340 228 4392 Καὶ
251 4340 561 4393 συνελόντι
588 4338 774 4408 φάναι,
801 4338 940 4407 πλὴν
963 4338 1071 4393 τῶν
1099 4339 1485 4394 ἐπισκοπικῶν
1503 4339 1692 4409 ἐνδυμέ

1827 4343 2050 4405 stincta,
2084 4341 2302 4396 illorum
2330 4341 2507 4395 oratio
2543 4349 2682 4394 erat.
2716 4339 2784 4394 Ut
2815 4337 3006 4408 paucis
3038 4338 3238 4400 dicam,
3266 4338 3403 4391 nihil

109 4447 223 4484 των
250 4430 426 4485 οὐδὲν
470 4429 628 4500 ὑγιὲς
657 4430 790 4502 ὁρᾷν
820 4431 915 4485 καί
951 4429 1171 4485 ἀκούειν
1202 4431 1339 4496 τέως
1374 4426 1444 4502 ἦν
1480 4431 1616 4486 ἐκεῖ.

1894 3885 1985 3942 IV.
2024 3885 2292 3956 Deinceps
2327 3900 2452 3941 cum
2482 3892 2539 3940 et
2589 3884 2837 3955 episcopi
2892 3882 3045 3952 loqui
3076 3883 3398 3952 erupissent.

1835 4448 1950 4493 tum
1977 4437 2144 4508 frugi,
2177 4433 2345 4506 994
2369 4430 2957 4519 praeter/episcopalem
2985 4429 3256 4493 habitum,
3288 4428 3405 4484 illic

1658 4560 1661 4565 ~
1833 4531 1919 4586 vel
1951 4530 2175 4585 videres
2200 4529 2286 4583 vel
2310 4528 2555 4582 audires;

178 4611 268 4669 E'.
317 4610 730 4682 Βουληθέντων
764 4612 821 4666 δέ
850 4610 948 4665 καί¹
981 4611 1138 4684 ημῶν
1168 4609 1635 4680 ἀντιφθέγξασθαι
1672 4627 1692 4664 1

1906 4625 1967 4679 ν.
2011 4623 2339 4680 Vulentibus
2372 4630 2557 4677 autem
2586 4619 2741 4674 nobis
2770 4617 3049 4687 paululum
3078 4624 3272 4672 contra
3323 4615 3409 4669 hi-

110 4709 348 4778 μικρδν,
383 4709 675 4777 κραυγαῖς
698 4707 933 4775 ἀσήμοις
955 4722 1013 4759 τε
1042 4707 1139 4760 καὶ
1160 4704 1452 4776 ἀνάρθροις
1480 4706 1575 4758 καὶ
1605 4721 1692 4760 συὶ

1834 4732 2010 4782 scere,
2068 4716 2145 4771 illi
2198 4715 2268 4769 de
2321 4713 2594 4768 industria
2659 4709 2999 4766 indistinctis
3054 4709 3409 4778 confusisque

102 4803 230 4872 εχεί
274 4802 539 4871 πατάγῳ
571 4799 772 4869 χειρῶν
810 4798 1125 4869 ἐξεπίτηδες
1153 4799 1302 4870 ἡμᾶς
1339 4815 1401 4852 τε
1438 4797 1692 4867 ὑπερεφὼ

1834 4808 2172 4865 clamoribus
2197 4805 2382 4871 editis,
2436 4814 2494 4860 et
2545 4803 2843 4873 complosis
2894 4816 3068 4870 usque
3131 4801 3406 4863 manibus,

107 4913 240 4950 νουν
294 4897 530 4950 ἐκεῖνοι
574 4893 669 4947 καὶ
719 4893 933 4964 σιωπᾷν
983 4891 1425 4963 κατηνάγκαζον,
1479 4891 1691 4944 καθάπε

1840 4910 2059 4957 nostras
2086 4915 2252 4956 voces
2281 4899 2608 4964 vincebant,
2655 4905 2711 4952 et
2756 4910 2879 4955 nos.
2931 4894 3082 4947 velut
3118 4891 3409 4946 saevientis

1840 4994 2015 5064 pelagi
2049 4993 2294 5048 furentes
2330 4990 2491 5045 unda:
2519 5003 2637 5051 eos,
2697 4987 2791 5057 qui
2846 4988 2902 5040 in
2960 4986 3146 5040 littore
3194 4983 3410 5054 placide

1841 5086 2252 5155 colloquuntur,
2314 5082 2687 5138 conticescere
2722 5078 3013 5149 cogebant.
3067 5078 3201 5133 Nam
3262 5076 3407 5147 quod

1840 5178 1977 5233 nihil
2016 5177 2273 5240 abfuerit,
2326 5175 2458 5245 quin
2510 5188 2612 5228 nos
2649 5171 2749 5235 illi,
2805 5181 2866 5226 ut
2915 5171 3049 5224 olim
3103 5169 3409 5223 Pentheum

1842 5268 2067 5324 Bacchae
2089 5268 2291 5323 fabulis
2326 5264 2524 5321 Atticis
2549 5262 2860 5325 celebratae,
2920 5262 3265 5316 membratim
3296 5258 3409 5313 dis-

1842 5370 2152 5430 cerperent,
2184 5358 2238 5413 id
2261 5358 2483 5428 quidem
2513 5371 2613 5426 ego
2638 5355 2797 5411 silco.
2856 5353 2935 5408 Ac
2964 5365 3287 5431 quanquam
3313 5348 3410 5402 ad-

1841 5449 1949 5502 huc
1984 5455 2366 5516 exspectantes
2398 5460 2766 5505 maneremus,
2806 5451 2862 5497 et
2902 5450 2962 5495 ut
2992 5439 3152 5495 nobis
3174 5437 3407 5506 exiguus

1839 5539 2032 5593 saltem
2052 5537 2271 5592 dicendi
2306 5538 2463 5591 locus
2497 5544 2646 5591 esset
2672 5533 3100 5605 postularemus,
3117 5545 3279 5585 nemo
3304 5541 3408 5583 nec

1840 5630 2050 5685 audivit
2082 5645 2183 5684 nec
2209 5629 2450 5682 animum
2483 5627 2741 5682 advertit.
2790 5662 2799 5667 -

1537 5724 1862 5786 Variorum
1909 5731 2099 5787 ηοιω.

101 4989 535 5060 ἀγριουμένης
579 4986 849 5056 θαλάττης
883 4985 1166 5056 μεμηνότα
1203 4985 1423 5055 κύματα
1467 4987 1591 5047 τοὺς
1630 4983 1735 5037 ἀνὰ

100 5086 201 5137 τὸν
237 5081 533 5151 αἰγιαλὸν
552 5079 883 5150 ὁμιλοῦντας
910 5080 1115 5150 ἠρέμα.
1152 5078 1255 5132 Ἐὦ
1291 5078 1400 5149 γὰρ
1429 5076 1735 5145 λέγειν,ὂτι

102 5177 251 5245 παρ’
293 5174 482 5228 οὐδὲν
521 5172 853 5243 ἐληλύθεσαν
877 5173 1028 5243 ἡμᾶς
1054 5171 1365 5242 διαρρῆξαι,
1397 5170 1647 5240 καθάπερ
1676 5171 1732 5224 αἱ

98 5268 339 5337 Βάκχαι
395 5265 590 5321 πάλαι
644 5266 873 5330 Πενθέα,
919 5267 1084 5336 φασὶν
1130 5263 1499 5327 ἀττικίζοντες
1551 5262 1733 5333 μῦθοι.

111 5361 271 5415 ’Δλλ⁸
320 5358 520 5431 ἡμῶν
556 5374 619 5426 γε
669 5352 1037 5427 ἐπιμενόντων
1084 5357 1186 5424 ἔτι,
1237 5356 1329 5409 καὶ
1373 5354 1577 5425 μικράν
1613 5371 1736 5408 τινα

92 5453 277 5519 λόγου
309 5451 660 5523 ζητούντων
679 5432 861 5521 χώραν
884 5452 1015 5522 ημῖν
1044 5449 1384 5519 ἐγγενέσθαι,
1407 5447 1520 5503 οὒτ’
1542 5451 1741 5520 ἤκουεν

92 5545 237 5602 οὔτε
273 5546 613 5619 προσεῖχεν
633 5545 830 5608 οὐδείς,
1587 5535 1592 5539 “

179 5828 271 5881 (7t
309 5822 579 5879 Aristid.
608 5810 660 5877 in
694 5824 988 5877 Prmathcn.
1025 5823 1229 5878 liorvm.
1273 5850 1279 5855 ~
1505 5889 1521 5892 Α
2639 5880 2650 5892 .

170 5880 271 5967 {8)
310 5896 412 5950 Ita
476 5909 705 5965 quoque
759 5894 1080 5949 Vaticanum
1138 5892 1459 5959 cxennpiar,
1498 5889 1730 5945 Sensum
1770 5895 1901 5959 puto
1930 5899 2052 5940 eum
2078 5899 2196 5939 esse
2223 5898 2384 5953 quem
2408 5880 2674 5951 expressi.
2709 5880 2920 5935 BOlVIN.

430 6160 457 6189 Ι
