3974 6580
273 328 403 395 1231
662 324 737 394 [Α.
776 341 807 381 c
870 324 1027 382 1351‘

1284 327 1728 391 ΒΥΖΜΨΙἹΝἎΙίΙ
1774 326 2157 388 HISTORle
2190 329 2327 394 LIB.
2366 329 2521 391 XXI.

2633 327 2770 400 line.
2808 343 2853 382 ι.
2898 342 3166 384 οικτιιευι
3220 326 3276 400 5]
3390 331 3523 396 1:82

264 461 381 516 pcta
410 442 531 505 ταῖς
569 442 1090 514 παρανομουμέναις
1116 441 1418 513 έξηγήσεσι
1445 442 1583 514 πρὸς
1606 443 1667 496 τὸ
1711 443 1839 514 βου-

1968 442 2070 497 ιῑηιι
2113 452 2172 497 et
2215 453 2484 513 quaterna
2535 446 2715 503 acutis
2758 446 2953 502 cultris
2983 446 3339 514 desecantes,
3371 456 3425 503 et
3450 462 3523 504 ex

262 535 494 604 λόμενον
531 531 789 588 δύνανται
820 534 918 604 τῆς
959 532 1159 603 ψυχῆς.
1197 531 1282 606 [Ρ.
1310 531 1438 605 654]
1488 533 1716 604 ἰσχυρὰν
1749 528 1843 587 καὶ

263 629 658 681 δυσεκϐίαστον
686 628 786 698 τὴν
804 625 1096 703 ἀντίπαλον
1141 627 1297 697 ἰσχὺν
1350 628 1683 695 κεκτημένα.
1704 628 1843 703 ίΓοῖς

266 720 370 792 μὲν
394 720 507 791 γὰρ
534 718 777 791 κεφαλὰς
806 719 1108 789 ἀνθρώπων
1148 720 1405 789 ἀφαιρεῖν
1433 718 1495 769 οὐ
1524 718 1844 789 φρίττουσιν

260 813 385 868 οὐδὲ
432 816 590 884 μόγις
626 813 768 881 μέγα
805 813 870 868 άν
901 829 1032 866 ποτε
1063 812 1261 881 φανείη
1311 811 1543 883 γραφῶν
1594 810 1845 881 κεφαλὰς

263 907 525 978 ἀφαιρεῖν
551 904 811 960 εὺσεὸῶν.

343 1091 425 1143 Θ’.
474 1090 616 1144 Ἀλλ’
664 1092 843 1145 ἐκεῖσε
905 1090 1187 1161 ἐπάνειμι,
1217 1090 1325 1144 τῶν
1385 1090 1698 1162 αὐθημερὸν
1730 1093 1849 1146 έκεῖ

272 1184 788 1253 παρανομηθέντων
845 1185 965 1246 ένός
1002 1201 1103 1237 που
1138 1186 1232 1236 καὶ
1289 1182 1437 1236 δυοῖν
1491 1186 1570 1246 είς
1622 1184 1848 1249 ἔνδειξιν

278 1274 759 1343 μνησθησόμενος,
797 1275 857 1339 ἐξ
904 1276 1112 1346 ὀνύχων
1141 1277 1307 1344 φάναι
1334 1275 1429 1328 τὸν
1473 1276 1684 1340 λέοντα,
1740 1278 1850 1331 κάκ

272 1364 371 1418 τοῦ
405 1367 718 1435 κρασπέδου
744 1367 805 1420 τὸ
856 1366 1105 1437 ὕφασμα.
1153 1367 1371 1437 Ἐπειδὴ
1423 1367 1530 1437 γὰρ
1579 1368 1710 1439 ἡμῖν
1751 1369 1849 1438 μὲν

271 1454 336 1507 τὸ
363 1454 552 1521 λέγειν
581 1457 681 1509 οὐκ
712 1457 792 1510 ἔτι
827 1459 978 1525 ἐνῆν,
1010 1459 1071 1511 τὸ
1098 1458 1156 1511 δὲ
1185 1459 1396 1527 σιωπᾷν
1425 1459 1573 1527 ἑνῆν,
1603 1459 1852 1530 καταψη-

274 1547 477 1612 φισθὲν
501 1549 706 1601 οὑτωσί
726 1565 738 1579 ·
774 1550 1010 1613 ἐκείνοις
1039 1551 1100 1604 τὸ
1127 1551 1226 1618 μὲν
1268 1552 1427 1621 σιγᾷν
1455 1552 1556 1605 οὐκ
1610 1551 1760 1621 ένῆν,
1788 1552 1849 1606 τὸ

270 1639 332 1693 δὲ
367 1639 560 1693 λαλεῖν
598 1641 797 1711 ἀνέδην
829 1642 923 1696 καὶ
956 1643 1102 1713 μάλα
1130 1642 1259 1712 ὲνῆν
1313 1645 1378 1696 έκ
1425 1642 1722 1713 διαμέτρου
1781 1642 1852 1696 τὰ

270 1730 420 1784 κατὰ
460 1729 715 1799 βούλησιν
746 1731 966 1786 ἅπαντα
994 1744 1008 1760 ⁰
1042 1732 1211 1796 πολὺς
1237 1732 1562 1803 κατέσχετο
1592 1735 1742 1804 βῆμα
1756 1733 1854 1788 σά-

268 1819 366 1883 λος
393 1796 573 1874 έκεῖνο
605 1796 701 1874 καὶ
762 1820 1012 1890 θόρυὸος,
1069 1822 1165 1876 καὶ
1217 1814 1327 1884 οἷος
1384 1796 1692 1889 γένοιτο
1739 1819 1849 1891 νηῒ,
1879 1796 1928 1855 Β

274 1914 613 1981 πνευμάτων
649 1911 861 1983 ἀγρίων
886 1913 947 1966 τὺ
980 1912 1217 1981 πέλαγος
1276 1917 1699 1982 συγκυκιῦντων,
1757 1914 1855 1969 καὶ
1890 1910 1897 1915 ’

268 2002 525 2077 βροντῶν
574 2004 835 2073 αίθερίων
862 2004 952 2059 τὸν
985 2004 1148 2075 πέριξ
1175 2005 1312 2079 ἀέρα
1339 2006 1714 2076 κρατούντων,
1758 2005 1855 2059 καὶ

273 2094 470 2148 πᾶσαν
495 2094 898 2160 έπικλυζόντων
930 2097 1103 2167 ἀκοὴν
1153 2098 1250 2151 καὶ
1290 2098 1507 2151 σύνεσιν
1534 2098 1748 2162 λαλιᾶς.
1779 2098 1854 2152 Ού

275 2185 392 2252 γὰρ
420 2186 588 2255 μόνον
633 2189 696 2240 ὲκ
737 2190 839 2259 τῆς
889 2188 1276 2258 πολυγλώσσου
1333 2189 1585 2262 κραυγῆς
1642 2189 1859 2260 έκείνης

272 2278 380 2330 καὶ
423 2278 725 2347 τρικυμίας
747 2280 969 2350 καὶτῆς
1005 2279 1116 2334 τῶν
1177 2281 1493 2351 λεγομένων
1536 2281 1812 2351 ἀκοσμίας
1840 2296 1855 2312 ο

270 2365 418 2419 ἀλλά
443 2369 536 2420 καὶ
561 2368 589 2418 ό
620 2367 728 2422 τῶν
757 2371 958 2440 χειρῶν
1004 2370 1253 2439 πάταγος
1307 2370 1528 2425 πλείονα
1563 2369 1656 2425 τὸν
1700 2370 1863 2442 θόρυ-

273 2457 376 2511 ϐον
411 2460 646 2514 ἐνεποίει
676 2460 752 2530 τῷ
779 2462 1059 2533 συνεδρίῳ,
1085 2463 1147 2516 οὐ
1184 2463 1465 2534 παροδικῶ
1477 2481 1496 2526 ς
1545 2480 1660 2526 πως
1701 2479 1861 2516 συνε-

275 2548 522 2619 νεχθεὶς,
551 2551 693 2604 κατὰ
738 2554 857 2625 τὰς,
891 2554 1334 2623 ἀπροσδοκήτους
1373 2555 1634 2617 ἐπιούσας
1679 2556 1862 2625 όπώσο

278 2657 422 2693 ποτε
475 2640 667 2712 τύχας,
701 2624 961 2699 άλλάκαί
1016 2645 1162 2714 μάλα
1187 2645 1253 2713 γέ
1286 2661 1371 2698 τοι
1414 2624 1864 2716 ἐξεπίτηδεςιίνα

286 2732 467 2803 μηδὲν
491 2733 601 2787 τῶν
628 2736 964 2806 παρανόμοις
995 2736 1115 2790 ἐκεῖ
1179 2736 1684 2806 δογματιζομένων,
1719 2739 1861 2793 κατὰ

279 2826 346 2879 τὸ
373 2827 691 2897 πρόσφατόν
717 2845 778 2881 τε
804 2830 898 2882 καὶ
921 2828 1088 2899 ἄηθες
1121 2832 1191 2899 τῇ
1224 2828 1320 2882 τοῦ
1354 2828 1490 2884 Θεοῦ
1537 2830 1861 2901 Ἐκκλησία,

279 2922 423 2991 ἡμῖν
447 2922 789 2992 ἡκουσμένον
808 2922 1043 2987 γένοιτο,
1073 2922 1210 2994 μηδὲ
1249 2922 1422 2993 μικρά
1445 2938 1529 2986 τις
1549 2923 1864 2992 ἀντιλογίας

280 3012 409 3065 ἐκεῖ
437 3014 571 3082 πρὸς
594 3014 753 3082 ἡμῶν
785 3012 1080 3085 τολμηθείη
1104 3016 1267 3085 ῥοπή.
1300 3014 1493 3083 Ὅμως
1552 3016 1602 3068 εί
1634 3016 1731 3069 καὶ
1790 3013 1866 3085 μὴ

1894 578 1904 585 .
1944 534 2117 591 sacris
2153 535 2331 593 Libris
2356 552 2423 594 ea
2468 539 2786 603 avellentes.
2815 554 2937 610 qua:
2974 540 3214 595 validum
3250 549 3305 595 et
3348 555 3522 611 expu-

1944 639 2113 699 gnatu
2150 629 2374 686 diﬂieile
2405 631 2577 687 robur
2607 638 2967 703 opponentia,
3001 634 3068 689 ad
3098 649 3262 690 suum
3292 650 3517 689 sensum

1945 731 2002 776 et
2045 722 2263 778 libitum
2315 723 2524 793 iniquis
2582 725 3138 796 interpretationibus
3186 728 3514 798 detorquere

1947 829 2058 868 non
2109 826 2361 885 possunt.
2403 815 2673 871 Nimirum
2706 819 2801 888 qui
2852 819 3170 875 hominibus
3200 822 3379 890 capita
3422 834 3494 874 au

1949 906 2095 962 ferre
2157 921 2265 961 non
2322 906 2743 970 exhorrescunt.
2781 910 2849 966 iis
2893 910 2982 964 vix
3027 926 3282 982 magnum
3343 911 3503 966 vider

1949 1012 2190 1065 unquam
2221 1006 2405 1067 potest
2433 1000 2612 1068 capita
2645 1016 2712 1054 ex
2745 1000 2903 1055 libris
2928 1003 3251 1057 ortltodoxis
3277 1002 3498 1058 auferre

2023 1088 2113 1144 IX.
2163 1089 2364 1144 Verum
2395 1107 2498 1162 ego
2530 1094 2660 1148 illuc
2691 1093 2876 1147 redeo.
2921 1094 2997 1147 Et
3029 1094 3098 1148 iis
3125 1110 3247 1163 qua:
3273 1094 3364 1149 illa
3397 1096 3513 1164 ipsa

1951 1176 2040 1231 die
2074 1188 2270 1247 praeter
2297 1180 2388 1250 jus
2421 1193 2731 1251 perpetrata
2772 1193 2919 1247 sunt,
2954 1200 3124 1239 unum
3168 1186 3518 1255 alterumtu

1950 1271 2164 1326 facinus
2193 1274 2426 1343 exempli
2478 1290 2640 1330 causa
2677 1278 3142 1332 commemorabo.
3192 1278 3269 1332 lta
3310 1280 3522 1332 leOnem

1951 1378 2018 1417 ex
2065 1378 2276 1433 ungue.
2308 1376 2364 1418 et
2412 1382 2477 1419 ex
2515 1365 2731 1421 ﬁmbria
2770 1377 2975 1423 textum
3009 1384 3169 1424 Omne
3219 1369 3406 1425 lioebit
3431 1386 3527 1427 co-

1952 1470 2241 1526 gnoscere.
2276 1457 2413 1512 Cum
2456 1474 2519 1513 ea
2565 1461 2616 1513 in
2651 1476 2752 1515 nos
2780 1463 3055 1516 sententia
3106 1464 3215 1517 lata
3261 1474 3430 1528 esset,
3465 1475 3528 1520 ut

1952 1547 2116 1603 nobis
2142 1549 2367 1617 quidem
2420 1551 2556 1603 nihil
2603 1552 2753 1621 loqui
2809 1554 3087 1622 amplius,
3147 1554 3241 1609 sed
3296 1563 3525 1619 tacere;

1954 1646 2149 1693 contra
2185 1639 2292 1693 illis
2324 1655 2431 1694 non
2471 1648 2677 1704 tacere,
2720 1642 2817 1697 sed
2852 1643 3083 1698 licenter
3108 1653 3162 1698 et
3200 1646 3525 1701 immodeste

1955 1730 2221 1801 quidquid
2273 1732 2528 1788 libuisset
2598 1734 2752 1803 loqui
2814 1737 3269 1805 permitteretur;
3331 1753 3526 1810 magna

1957 1823 2183 1893 agitatio
2223 1834 2280 1879 et
2311 1824 2775 1885 turbulentissimi
2808 1836 2992 1883 motus
3020 1829 3090 1897 [in
3129 1828 3224 1883 illo
3263 1829 3527 1886 tribunali

1956 1916 2312 1979 exstiterunt,
2342 1918 2533 1987 quales
2578 1918 2735 1974 navis
2782 1921 3024 1990 experiri
3074 1921 3273 1991 possit,
3305 1937 3528 1992 aequore

1956 2006 2311 2063 saevientibus
2365 2011 2543 2065 ventis
2583 2010 2825 2076 turbato,
2874 2012 3015 2068 coelo
3059 2023 3242 2067 autem
3287 2013 3529 2069 aetheriis

1958 2098 2292 2170 fragoribus,
2327 2115 2549 2157 omnem
2581 2102 2844 2158 audiendi
2889 2118 3112 2159 sensum
3148 2113 3205 2161 et
3228 2106 3528 2176 cujuscun-

1959 2204 2068 2259 que
2096 2190 2247 2246 vocis
2293 2190 2632 2248 intcllectum
2665 2192 3109 2260 absorbentibus,
3135 2194 3379 2265 undique
3420 2194 3530 2250 cir-

1960 2283 2597 2354 cumtonante.'1009
2623 2282 2837 2355 Quippe
2876 2301 2987 2340 non
3035 2286 3214 2341 solum
3261 2288 3353 2343 ille
3385 2289 3533 2342 mul-

1965 2384 2145 2429 torum
2175 2375 2439 2429 dissonus
2466 2375 2693 2442 clamor,
2724 2376 3207 2448 procellosumque
3254 2394 3528 2444 murmur,

1960 2474 2017 2519 et
2061 2464 2354 2520 inconditae
2406 2465 2751 2536 loquentium
2792 2460 2993 2534 voces,
3044 2469 3142 2549 sed
3193 2479 3250 2525 et
3287 2469 3535 2541 crepitus

1963 2572 2225 2612 manuum
2261 2560 2695 2629 complosarum,
2731 2561 2911 2631 major
2945 2570 3005 2615 ut
3055 2564 3329 2617 tumultus
3381 2564 3435 2617 in
3467 2578 3532 2618 ea

1964 2647 2235 2704 concione
2283 2649 2581 2704 exsisteret
2623 2647 2969 2717 efﬁciebant;
3004 2665 3111 2705 non
3158 2652 3247 2707 ille
3275 2652 3454 2708 obiter
3479 2664 3537 2709 et

1967 2749 2171 2805 temere
2203 2739 2498 2804 excitatus,
2542 2750 2603 2796 ut
2628 2741 2696 2797 'in
2748 2742 3091 2808 list-asibus,
3114 2744 3207 2813 qui
3235 2743 3447 2799 fortuiti
3479 2755 3537 2800 et

1966 2830 2252 2899 improvisi
2286 2845 2619 2901 quocunque
2649 2831 2814 2886 modo
2840 2832 3125 2898 accidunt,
3157 2834 3253 2888 sed
3283 2835 3537 2890 consulto

1966 2933 2022 2976 et
2048 2922 2170 2976 data
2203 2924 2362 2993 plane
2393 2937 2601 2993 opera:
2634 2939 2702 2979 ne
2737 2924 2949 2980 scilicet
2975 2940 3166 2980 eorum
3195 2926 3532 2996 dogmatnm.

1969 3027 2090 3081 quae
2121 3012 2447 3066 illitcontra
2485 3011 2569 3067 fas
2607 3013 2998 3067 statuebantur
3026 3028 3091 3067 ac
3130 3014 3187 3067 in
3233 3012 3535 3070 Ecclesium

285 3102 516 3154 πάντων
545 3103 605 3155 ὲν
635 3101 895 3171 ἀκηράτῳ
924 3096 1233 3172 γήόναμεν
1264 3103 1424 3172 ἀκοῇ,
1458 3100 1574 3155 ἀλλ’
1617 3100 1710 3155 οῦν
1731 3102 1865 3156 ἀπέ-

1974 3103 2069 3158 Dei
2104 3117 2246 3157 nova
2272 3112 2330 3157 et
2364 3103 2608 3159 inaudita
2642 3105 3253 3168 invehebantur,ullum
3279 3106 3345 3159 ad
3375 3122 3538 3162 aures

283 3207 493 3265 χρησε,
516 3194 625 3246 τῶν
657 3161 1022 3260 γε’πλείόνων
1050 3161 1478 3263 ἀκτίικοόσιν,“ιίις
1511 3194 1657 3263 ιχειν
1715 3193 1865 3246 εἰκά-

1970 3205 2187 3250 nostras
2215 3196 2551 3264 perveniret,
2593 3204 2761 3265 atque
2802 3210 2863 3252 ut.
2892 3212 2961 3252 ne
3008 3196 3214 3251 ibidem
3247 3198 3336 3253 vel
3375 3197 3541 3252 mini-

287 3286 411 3350 ζειν
443 3286 695 3341 ἐντεῦθεν
727 3287 824 3340 καὶ
855 3285 964 3339 τῶν
991 3285 1064 3355 μὴ
1124 3284 1312 3353 σαφῶς
1363 3284 1720 3354 ὴκουσμένων
1770 3282 1868 3353 τὴν

284 3377 482 3445 φύσιν.
548 3376 681 3429 Οὐδὲ
736 3376 844 3446 γὰρ
896 3376 1009 3430 οὐδ’
1079 3376 1305 3430 ἐκείνων
1357 3377 1557 3439 τελέως
1599 3375 1866 3444 ἀνηκόους

287 3470 447 3538 ἡμᾶς
480 3468 732 3536 γενέσθαι
785 3468 1206 3539 ξυμπέπτωκεν.
1236 3468 1320 3523 Td
1370 3468 1481 3536 γὰρ
1513 3467 1868 3537 ύστερόφωνα

285 3559 395 3629 τῆς
430 3562 690 3630 συνεχοῦς
716 3560 985 3619 ἑκάστων,
1019 3560 1242 3614 έκείνων
1298 3558 1487 3629 ἠχοῦς,
1544 3558 1654 3611 τῶν
1705 3556 1867 3628 πέριξ

287 3651 397 3721 τῆς
422 3651 711 3722 βασιλικῆς
749 3652 965 3723 ἐκείνης
1009 3652 1188 3716 οίκίας
1231 3650 1559 3722 ἒκπηδῶντα
1614 3649 1865 3721 σφαιρῶν

288 3742 396 3796 καὶ⁸
436 3741 838 3814 ἡμισφαιρίων,
858 3743 950 3796 καί
1002 3760 1165 3797 τινων
1198 3742 1365 3827 ἰχνῶν
1396 3744 1607 3797 ἐκεῖθεν
1655 3744 1867 3796 ἀποσυ-

286 3834 475 3888 λῶντα
491 3838 775 3906 μιμήσεις,
792 3834 1190 3904 φιλανθρώπως
1222 3837 1398 3889 είπείν
1418 3835 1567 3905 ἡμᾶς
1598 3831 1867 3898 ἐδεξιοῦτό

288 3946 357 3983 τε
385 3930 484 3982 καὶ
500 3928 730 3993 ἐξένιζε,
761 3927 824 3981 τὸ
852 3926 1193 3998 λυπούμενον
1222 3927 1321 3999 τῆς
1361 3926 1542 3999 ψυχῆς
1576 3925 1733 3998 ἡμῶν
1773 3924 1867 3979 ού·-

289 4021 435 4077 τωσὶ
476 4018 863 4074 κολακεύοντα.

1971 3302 2121 3340 nium
2160 3285 2579 3340 contradicendi
2632 3286 2813 3341 locum
2856 3287 3122 3341 audatius
3162 3297 3537 3357 captaremus.

1966 3374 2235 3432 Ceterum
2287 3374 2391 3429 etsi
2436 3389 2546 3429 non
2602 3376 2787 3430 omnia
2835 3374 3098 3431 distincte
3139 3383 3196 3430 et
3252 3376 3443 3441 clare,
3485 3385 3540 3431 at

1969 3462 2234 3535 pleraque
2262 3480 2293 3520 a
2323 3464 2485 3519 nobis
2535 3475 2766 3521 eatenus
2793 3465 2978 3557 audita
3018 3474 3167 3531 sunt,
3192 3474 3254 3520 ut
3282 3481 3402 3535 quae
3432 3480 3540 3520 non

1966 3556 2177 3625 liquido
2232 3556 2620 3625 audissemus,
2654 3572 2847 3612 eorum
2872 3556 3056 3612 etiam
3105 3572 3327 3613 sensum
3381 3558 3543 3612 facile

1968 3648 2096 3703 inde
2124 3649 2583 3720 conjectaremus.
2643 3650 2779 3704 Nam
2811 3650 2866 3703 in
2901 3650 2991 3704 illa
3017 3650 3275 3704 continua
3295 3650 3544 3720 singulo-

1926 3800 1933 3803 μ
1968 3753 2094 3793 rum
2146 3740 2547 3796 vociferatione
2591 3756 2759 3796 voces
2813 3741 3023 3796 ultimae
3077 3743 3404 3811 superstites
3430 3783 3444 3807 ,
3476 3757 3545 3797 ex

1971 3831 2386 3903 circumpositis
2420 3834 2761 3906 imperatorii
2807 3834 2955 3890 illius
3001 3833 3263 3889 domicilii
3310 3835 3545 3904 Spltaeris

1977 3934 2034 3981 et
2070 3924 2472 3995 bemispbmriis
2511 3926 2864 4005 resultantes,
2893 3935 2950 3982 et
2985 3926 3349 3996 quorumdam
3389 3927 3546 3996 quasi

1976 4017 2336 4089 vestigiorum
2383 4020 2672 4090 imaginem
2720 4020 2883 4097 illinc
2920 4019 3245 4086 referentes,
3274 4020 3452 4074 amice
3485 4027 3548 4073 ut

293 4115 378 4172 ita
418 4115 598 4172 dicam
628 4130 728 4171 nos
757 4114 826 4170 ad
888 4100 1345 4171 se'admittebant
1402 4123 1458 4170 et
1525 4112 1677 4170 velut
1740 4110 2197 4180 introducebant,
2224 4128 2399 4184 eaque
2456 4114 2667 4170 ratione
2712 4114 3096 4185 aegritudinem
3146 4114 3317 4169 animi
3363 4114 3543 4171 nostri

294 4212 507 4267 blande
536 4209 877 4266 solabamur.

373 4305 433 4361 ι’.
466 4307 558 4369 El;
582 4306 854 4373 τοσαύτην
890 4321 955 4374 γε
989 4303 1098 4377 μὴν
1132 4305 1193 4358 τδ
1215 4303 1450 4375 πρᾶγμα
1478 4301 1679 4357 κακίαν
1695 4301 1870 4372 ήλασε

296 4396 448 4461 τότε,
476 4397 572 4448 καὶ
620 4396 890 4465 τοσαύτην
924 4390 1081 4466 εὖρον
1139 4393 1238 4464 τὴν
1285 4391 1875 4464 εὐκαιρίαν,βλασφη-

2053 4300 2124 4356 X.
2174 4299 2283 4357 Res
2328 4315 2495 4371 porro
2528 4300 2639 4372 ipsa
2694 4301 2750 4357 in
2794 4307 3000 4356 tantum
3032 4299 3212 4355 scelus
3239 4298 3442 4368 erupit,
3476 4298 3550 4352 ita

1981 4395 2129 4466 apud
2162 4395 2307 4450 illam
2334 4393 2581 4448 insanam
2613 4402 2669 4447 ct
2698 4392 2892 4448 rudem
2926 4390 3246 4463 pontiﬁcum
3271 4402 3547 4445 catervam

303 4489 432 4560 μίαι
467 4488 670 4558 μεταξὺ
701 4488 799 4557 τῆς
831 4487 1035 4542 ἀτόπου
1079 4488 1174 4542 καὶ
1203 4486 1449 4556 ἀμαθοῦς
1485 4486 1597 4540 τῶν
1643 4486 1865 4540 επισκό-

1982 4499 2329 4558 opportunus
2376 4485 2738 4555 blasphemiis
2767 4486 2922 4539 locus
2953 4482 3175 4552 obtigit,
3208 4489 3268 4537 ut
3295 4494 3345 4537 et
3378 4483 3555 4551 impe-

304 4600 428 4636 πων
460 4580 676 4651 ἐκείνης
705 4580 1007 4649 φάλαγγος,
1066 4579 1140 4643 ὡς
1174 4583 1269 4634 καὶ
1298 4579 1464 4651 ψήφῳ
1510 4580 1664 4650 κοινῇ
1716 4578 1875 4648 βασι-

302 4673 444 4735 λέως
477 4671 595 4743 ἅμα
622 4674 719 4726 καὶ
767 4670 1133 4743 πατριάρχου,
1160 4670 1256 4737 ξύν
1318 4687 1383 4739 γε
1442 4671 1611 4731 πᾶσιν
1662 4669 1873 4733 αὐτοῖς,

283 4758 505 4818 ’δεδιόσι
552 4763 650 4834 τὴν
714 4765 1044 4833 άρχοντικὴν
1105 4761 1355 4829 ἐξουσίαν
1403 4765 1515 4826 τοῖς
1579 4761 1877 4825 πλείστοις,

307 4853 624 4926 κυρωθῆναι
650 4853 774 4921 μὲν,
804 4851 1033 4922 θεότητα
1060 4850 1313 4919 λέγεσθαί
1343 4869 1457 4914 πως
1505 4852 1600 4905 καὶ
1650 4851 1751 4922 τὴν
1783 4850 1879 4903 ού-

311 4951 435 5003 σίαν
465 4963 479 4977 ⁸
517 4946 722 5017 κυρίως
743 4945 800 4998 δὲ
828 4945 1060 5017 θεότητα
1090 4944 1348 5000 άκτιστον
1376 4945 1472 4998 καὶ
1531 4944 1737 5015 σφόδρα
1763 4942 1881 4998 διὰ·

309 5058 483 5111 φορον,
512 5042 614 5106 τῆς
656 5038 809 5102 θείας
862 5037 1073 5104 οὐσίας,
1129 5036 1230 5108 τὴν
1273 5035 1572 5106 ἐνέργειαν,
1633 5035 1882 5090 ἀνούσιόν

310 5152 434 5188 τινα
461 5134 582 5186 καθ’
605 5132 775 5203 αὐτὴν
831 5126 1042 5184 οὖσαν·
1088 5128 1458 5199 μεριζομένην
1505 5126 1549 5180 δ’
1599 5127 1748 5196 ὅμως
1801 5128 1883 5189 είς

311 5229 608 5296 διαφόρους
643 5224 739 5277 καὶ
800 5220 1178 5293 μερικωτέρας
1242 5220 1532 5279 ἁκτίστους
1577 5219 1879 5287 ἐνεργείας,

312 5319 546 5388 δύναμιν
566 5316 766 5386 δηλαδὴ
797 5316 895 5367 καὶ
922 5314 1119 5396 σοφίας]
1171 5314 1263 5365 καὶ
1296 5310 1442 5375 ζωὴν
1475 5311 1569 5364 καὶ
1621 5310 1881 5379 ἀλήθειαν

314 5412 410 5464 καὶ
432 5410 546 5478 φῶς
577 5409 672 5461 καὶ
692 5406 869 5477 κρίσιν
892 5403 976 5476 [Ρ.
1000 5399 1128 5475 635]
1145 5403 1251 5455 καὶ.
1265 5402 1437 5472 μέθην
1471 5402 1565 5453 καὶ
1589 5399 1754 5452 ῦπνον
1786 5400 1879 5453 καὶ

315 5504 415 5555 ὅσα
437 5503 557 5563 ταις
574 5500 681 5553 τῶν
705 5498 1008 5568 ἀνθρώπων
1026 5495 1321 5566 ἐφεύρηταί
1346 5511 1461 5560 πως
1489 5495 1745 5563 ἀπορίαις
1764 5494 1882 5548 ὀνό-

320 5609 492 5661 ματα.
529 5592 639 5644 Καὶ
667 5590 784 5660 ἅμα
808 5590 1040 5643 κατόπιν
1074 5587 1407 5657 κεκύρωται,
1444 5585 1519 5655 μὴ
1558 5586 1658 5655 τὴν
1694 5586 1883 5639 οὐσίαν

320 5679 481 5752 εἶναι,
514 5683 612 5753 τὴν
641 5686 734 5735 τὸν
774 5683 903 5752 ἡμῖν
948 5680 1508 5750 μεταλαμϐανόμενον
1549 5678 1884 5746 άγιάζουσαν

320 5777 507 5844 ἄατον,
539 5777 600 5832 οῦ
634 5776 740 5848 μὴν
768 5774 877 5829 οὐδ’
908 5775 935 5829 ὃ
971 5772 1343 5845 βαπτιζόμεθα
1383 5771 1524 5825 θεῖον
1568 5770 1881 5842 βάπτισμα,

1989 4587 2075 4633 tor
2103 4587 2160 4632 et
2190 4577 2522 4647 patriarcha,
2550 4584 2607 4631 et
2631 4575 2708 4630 illi
2738 4589 2931 4630 omnes
2964 4574 3234 4644 episcopi,
3282 4586 3555 4643 supremae

1985 4671 2330 4745 auctoritatis
2352 4680 2520 4755 ’metu
2553 4668 2821 4740 plerique,
2858 4667 3140 4723 c‘ommuni
3173 4668 3397 4721 decreto
3426 4679 3554 4736 pro-

1986 4763 2389 4826 nuntiaverint,
2422 4763 2597 4832 ipsam
2626 4775 2849 4832 quoque
2893 4758 3257 4814 substantiam
3289 4757 3555 4812 divinita-

1989 4861 2099 4907 tem
2134 4852 2243 4907 dici
2293 4851 2677 4922 aliquatenus:
2713 4859 2769 4905 at
2802 4849 3024 4921 proprie
3070 4848 3417 4904 divinitatem
3469 4847 3557 4902 in-

1966 4922 2250 5009 Acreatam,
2285 4952 2343 4997 et
2383 4957 2413 4996 a
2443 4940 2749 4997 substantia
2801 4939 2986 4994 divina
3043 4939 3203 5010 longe
3256 4939 3553 5003 diversam,

1989 5028 2225 5105 [vocari]
2263 5029 2639 5100 operationem
2667 5043 2684 5094 ;
2718 5042 2842 5097 quae
2869 5027 3089 5097 quidem
3122 5042 3221 5097 per
3250 5042 3310 5083 se
3346 5026 3559 5096 1010

1988 5123 2307 5181 substantia:
2335 5138 2532 5193 expers
2562 5120 2724 5186 foret,
2762 5134 2817 5175 et
2845 5129 3025 5176 tamen
3067 5121 3120 5175 in
3154 5121 3398 5176 diversas
3428 5135 3558 5191 ειπε-

1988 5216 2262 5285 cialesqne
2289 5215 2635 5285 operationes
2660 5214 2934 5269 increatas
2966 5214 3333 5275 divideretur.
3361 5223 3557 5283 polen-

1992 5309 2122 5363 tiam
2154 5322 2372 5378 nempe,
2405 5307 2757 5376 sapientiam,
2789 5309 2980 5370 vitam,
3008 5309 3319 5367 veritatem,
3347 5304 3553 5372 lumen,

1984 5401 2276 5473 judicium,
2302 5400 2649 5465 ebrietatem,
2686 5415 2963 5465 somnum,
2996 5409 3053 5455 et
3080 5412 3424 5470 quaecunque
3451 5412 3558 5453 no-

1993 5497 2162 5559 mina,
2190 5503 2354 5564 prout
2375 5493 2491 5549 fere
2521 5509 2653 5549 usus
2682 5494 2936 5565 indiguit,
2959 5494 3027 5549 ab
3054 5493 3372 5548 hominibus
3392 5505 3560 5547 exco-

1990 5587 2158 5657 gitata
2191 5594 2340 5639 sunt.
2369 5585 2507 5639 Tum
2532 5572 2751 5640 ctxillud
2790 5586 2973 5641 statim
3009 5587 3231 5641 decreto
3258 5584 3558 5639 confirma-

1994 5692 2108 5735 tum
2138 5689 2244 5745 est,
2277 5681 2641 5735 substantiam
2696 5696 2803 5735 non
2854 5695 2997 5741 esse,
3027 5693 3150 5745 qua:
3188 5679 3557 5734 sanctificata

1993 5788 2116 5826 eunt
2175 5788 2393 5841 panem,
2432 5788 2596 5843 quem
2647 5774 2702 5826 in
2747 5770 3133 5826 communione
3168 5785 3553 5847 (sumeremus.
3640 5804 3649 5817 ι
