3856 6644
457 435 591 504 1291
787 435 866 509 [Α.
895 451 951 493 ιι.
985 435 1144 507 6859,
1178 453 1287 495 ιιιο.
1331 439 1388 513 4]

1675 446 2095 551 NICEPHO‘RI
2137 452 2521 517 GREGORE

2833 452 2965 527 [um
2991 469 3035 510 ι.
3062 470 3350 515 cannam.
3390 452 3445 534 5]
3546 466 3657 534 1213

455 559 733 608 serarunt.
769 550 1114 609 Mendacium
1140 552 1261 609 sine
1294 555 1491 610 timore
1515 554 1792 624 ell‘utitur,
1819 561 2006 615 verita:

2135 566 2233 639 μὲν
2264 569 2732 641 κατηγορούμενον,
2768 571 3223 655 καταδικάζοντα
3254 577 3519 645 ἀκρίτως·
3552 585 3595 635 οἱ
3614 588 3660 639 δὲ

453 644 803 697 obscuratur.
841 642 909 696 Et
961 644 996 697 ii
1042 643 1301 713 quidem,
1354 646 1449 715 qui
1498 658 1851 717 accusantur,
1892 666 2015 704 mox

452 734 574 787 sine
628 733 834 801 judicio
880 733 1351 801 condemnamur;
1414 738 1507 806 qui
1560 754 1693 793 vero
1733 751 2014 808 accusant,

454 822 563 876 illis
614 823 823 892 absque
873 824 983 878 ulla
1036 827 1442 882 examinatione
1515 828 1654 883 lich
1695 831 2014 884 adhibetur.

449 914 606 970 Unde
653 926 709 970 et
757 932 880 987 ego,
914 919 1005 972 ubi
1051 921 1368 991 complures
1415 923 1638 991 percepi
1689 934 1880 979 contra
1929 941 2015 979 me

448 1010 714 1079 epistolas
767 1011 1156 1076 circumferri,
1209 1016 1411 1083 quibus
1472 1016 1909 1087 perstringamur
1952 1032 2016 1071 ac

448 1112 728 1169 notemur,
761 1113 1102 1175 propterque
1147 1107 1350 1175 scripta
1380 1107 1628 1175 qurcdam
1669 1123 2012 1174 accusemur,

448 1211 683 1265 quorum
743 1198 1026 1250 tutelarcm
1091 1196 1462 1251 defensionem
1525 1199 1787 1255 habemus
1831 1216 2014 1257 coram

445 1289 697 1342 veritatis
730 1290 987 1344 tribunali
1015 1299 1257 1359 paratam
1288 1306 1300 1341 :
1331 1291 1564 1361 cogitavi
1598 1293 1820 1362 quidem
1852 1293 2015 1347 silen-

445 1380 576 1434 dum
617 1396 772 1445 esse;
808 1380 951 1450 quod
981 1390 1036 1434 et
1075 1380 1199 1435 feci.
1240 1362 1375 1436 Na’m
1434 1384 1628 1437 tertius
1668 1384 1775 1453 jam
1836 1401 2013 1439 annus

2127 662 2566 727 κατηγοροῦντες
2639 661 2987 715 πιστεύονται
3070 664 3465 730 ἀνεξετάστως.
3524 671 3666 726 Ὅθεν

2122 750 2383 816 ἀκούσας,
2421 752 2504 806 ὅτι
2532 753 2726 806 πολλαὶ
2773 753 2897 806 κατ’
2934 754 3072 823 ἐμοῦ
3124 759 3511 828 περιφέρονται
3557 763 3668 816 ἑπι-

2123 844 2329 909 στολαὶ,
2360 846 2642 910 στίζουσαι
2669 848 2817 916 ἡμᾶς
2841 848 2936 900 καὶ
2965 848 3381 917 στηλιτεύουσαι
3408 854 3500 905 καὶ
3520 872 3675 926 κατη-

2121 934 2380 1003 γοροῦσαι
2411 936 2502 988 ἐπὶ
2547 936 2861 1004 πράγμασι,
2886 930 2963 989 ὧν
2995 938 3093 1005 τὴν
3139 939 3437 1007 ἀπολογίαν
3471 944 3675 1012 ἑτοίμην

2121 1019 2316 1091 ἔχομεν
2348 1023 2441 1074 ἐπὶ
2469 1022 2562 1074 τοῦ
2596 1022 2952 1092 δικαστηρίου
2998 1028 3093 1094 τῆς
3136 1025 3419 1095 ἀληθείας,
3458 1027 3673 1099 ὥρμησα

2124 1114 2224 1183 μὲν
2280 1117 2577 1185 σιωπῆσαι.
2636 1115 2665 1168 ὂ
2723 1118 2817 1169 καὶ
2871 1117 3124 1189 ἐποίησα.
3178 1118 3374 1189 Τρίτον
3428 1122 3528 1190 γὰρ
3576 1123 3671 1191 ἢδη

2119 1205 2276 1259 τοῦτο
2313 1206 2433 1271 ἔτος
2482 1209 2647 1269 ἐστίν.
2680 1211 2738 1263 ὲν
2767 1202 2810 1276 ᾧ
2845 1210 3190 1280 τυπτόμενος
3225 1212 3331 1265 ὑπὸ
3380 1215 3484 1266 τῶν
3512 1214 3676 1266 διαϐο-

2118 1299 2226 1351 λῶν
2254 1301 2404 1367 φέρω
2432 1300 2530 1362 τὰς
2544 1301 2645 1371 τῆς
2672 1301 3004 1371 κατηγορίας
3032 1303 3328 1371 μάστιγας,
3356 1306 3677 1373 ἀρκούμενος

2118 1394 2196 1444 ὅτι
2229 1394 2332 1460 ἔχω
2355 1392 2576 1462 Κύριον,
2614 1395 2703 1445 τὸν
2735 1395 2845 1446 τῶν
2885 1395 3141 1462 κρυπτῶν
3184 1394 3437 1463 γνώστην
3466 1398 3556 1449 καὶ
3596 1396 3677 1469 ιι).

447 1471 539 1525 hic
558 1482 662 1535 est,
691 1488 755 1525 ex
777 1487 885 1541 quo
904 1487 931 1525 a
953 1472 1443 1528 calumniatoribus
1462 1485 1681 1529 notatus
1714 1476 2006 1530 accusatio-

2118 1482 2244 1554 Gitl]
2311 1486 2568 1553 μάρτυρα
2597 1489 2693 1554 τῆς
2726 1489 3128 1553 συκοφαντίαςθ
3167 1487 3292 1556 ἐπεὶ
3332 1487 3389 1540 δὲ
3421 1487 3549 1558 δρῶ,
3608 1490 3680 1540 ὅτι

445 1564 532 1615 nis
572 1562 781 1629 ﬂagella
822 1562 1103 1621 sustinere
1151 1565 1327 1632 cmpi.
1384 1565 1481 1619 hoc
1526 1581 1636 1619 uno
1686 1575 2010 1629 contentus,

451 1656 670 1725 1018
700 1656 843 1724 quod
871 1656 1162 1710 Dominum
1196 1658 1373 1711 habeo
1400 1668 1739 1713 secretorum
1770 1659 2011 1730 cognito-

447 1765 560 1803 rem
612 1766 674 1802 ac
727 1747 1019 1801 calumnia:
1076 1748 1235 1803 istius
1291 1760 1508 1804 testem.
1559 1750 1826 1817 Quoniam
1876 1767 2011 1806 vero

442 1841 648 1894 multos
678 1840 785 1909 jam
819 1839 1099 1893 silentium
1145 1852 1397 1895 nostrum
1429 1857 1496 1895 eo
1529 1844 1779 1912 rapuisse
1821 1843 2007 1909 video,

2120 1575 2300 1632 πολλοὶ
2339 1576 2437 1645 τὴν
2489 1578 2699 1645 σιωπὴν
2732 1578 2891 1644 ἡμῶν
2917 1580 2996 1639 εἰς
3047 1576 3343 1645 βεϐαίωσιν
3370 1579 3476 1631 τῶν
3517 1579 3685 1632 διαδο-

2117 1664 2225 1716 λεῖιν
2258 1666 2641 1736 παρεδέξαντο,
2669 1667 2762 1720 καὶ
2788 1668 2848 1720 οὐ
2881 1667 2968 1721 διὰ
3005 1669 3394 1738 μακροθυμίαν
3424 1672 3681 1739 ἐνόμισαν

2117 1759 2264 1828 ἡμᾶς
2308 1760 2545 1827 σιωπᾷν,
2578 1759 2714 1813 ἀλλὰ
2763 1760 2851 1812 διὰ
2881 1762 2940 1812 τὸ
2982 1760 3056 1831 μὴ
3105 1760 3255 1829 ἔχειν
3292 1763 3467 1829 στόμα
3505 1763 3682 1829 διᾶραι

2119 1850 2254 1918 πρὸς
2287 1849 2385 1918 τὴν
2431 1849 2712 1917 ἀλήθειαν,
2747 1850 2941 1903 τούτου
2995 1852 3158 1904 ἕνεκα
3213 1852 3512 1920 ἐπειράθην
3560 1855 3681 1904 ἑπι-

444 1943 501 1987 ιιι
532 1951 594 1987 cx
628 1933 724 1988 illo
766 1934 1061 1987 intentatas
1097 1934 1398 1988 calumnias
1429 1936 1848 1989 conﬁrmarint:
1884 1951 2006 1989 nos-

2113 1942 2314 1994 στεῑλαι
2355 1943 2504 2011 ὑμῖν,
2562 1942 2899 2010 παρακαλῶν
2950 1941 3047 2011 τὴν
3096 1943 3155 1994 ὲν
3195 1942 3423 2011 Χριστῷ
3473 1943 3688 2009 ἀγάπην

442 2042 551 2098 que
595 2042 702 2081 non
743 2027 986 2081 lenitatis
1034 2041 1099 2081 ac
1170 2028 1447 2097 patientia:
1495 2029 1692 2097 gratia,
1730 2028 1823 2084 sed
1865 2031 2010 2098 quod

440 2121 509 2175 ad
550 2118 976 2189 expromendam
1015 2120 1301 2173 veritatem
1343 2135 1408 2174 os
1441 2121 1653 2190 aperire
1688 2122 2012 2190 neutiquam

441 2214 763 2274 audeamus,
799 2214 924 2282 ideQ
957 2213 1121 2268 silere
1151 2213 1522 2279 arbitrentur;
1550 2218 1617 2267 ob
1645 2229 1764 2269 eam
1790 2230 2011 2269 causam

440 2306 688 2361 scribere
712 2305 869 2360 vobis
904 2315 1138 2360 conatus
1178 2321 1321 2370 sum,
1351 2307 1651 2361 obsecrans
1682 2317 1922 2360 vestram
1956 2308 2010 2361 in

442 2396 664 2451 Christo
697 2394 1079 2461 dilectionem,
1115 2405 1174 2450 ut
1208 2396 1539 2461 calumnias,
1564 2412 1703 2466 quas
1747 2412 1853 2450 una
1889 2412 2014 2465 pars

441 2490 655 2561 objicit,
712 2503 819 2543 non
875 2502 1000 2542 mox
1065 2496 1126 2542 ut
1173 2503 1402 2558 prorsus
1453 2503 1614 2543 veras
1659 2488 2009 2542 admittatis:

438 2591 734 2653 propterea
765 2580 936 2651 quod,
973 2589 1035 2636 ut
1073 2580 1343 2649 scriptum
1369 2589 1474 2660 est,
1498 2582 1775 2636 neminem
1804 2582 2014 2653 judicat

440 2675 552 2741 lex,
584 2674 689 2727 nisi
724 2673 880 2745 prius
906 2672 1106 2729 audiat
1145 2681 1530 2757 et‘cognoscat
1576 2672 1709 2742 quid
1760 2672 1944 2727 faciat.
1986 2691 2006 2724 ο

442 2764 511 2819 Et
557 2763 725 2818 alibi:
765 2780 783 2814 ι
818 2761 973 2817 Licet
1017 2762 1166 2817 enim
1221 2763 1435 2832 reliqua
1466 2763 1577 2817 vita
1623 2771 1809 2816 nostra
1848 2761 2012 2831 digna

443 2857 535 2918 sit,
571 2854 731 2925 cujus
790 2853 966 2924 gratia
1020 2852 1494 2926 ingemiscamus:
1543 2853 1613 2908 de
1673 2854 1777 2907 hoc
1830 2862 2011 2906 tamen

441 2962 557 3004 uno
610 2948 667 3002 in
718 2947 953 3002 Domino
1004 2946 1231 3018 gloriari
1286 2947 1487 3012 ausim,
1538 2947 1684 3017 quod
1732 2960 2011 3015 nunquam

439 3022 607 3094 falsas
646 3039 941 3109 Opiniones
987 3036 1273 3092 habuerim
1318 3035 1388 3092 de
1437 3037 1584 3091 Deo:
1630 3049 1809 3105 neque
1850 3034 2012 3089 aliter

439 3131 734 3187 sentiendo
774 3130 950 3185 animi
998 3138 1187 3200 postea
1210 3129 1484 3200 judicium
1518 3130 1880 3185 mutaverim:
1913 3129 2009 3183 sed

439 3222 611 3297 quam
642 3241 672 3281 a
711 3239 885 3294 puero
922 3222 1255 3279 sententiam
1291 3222 1358 3277 de
1391 3221 1504 3276 Deo
1544 3234 1575 3275 a
1622 3221 1781 3276 beata
1813 3233 2005 3283 matre,

440 3278 649 3375 deinde
686 3278 744 3374 εἰ
793 3318 913 3372 avia
964 3332 1083 3370 mea
1121 3314 1362 3370 Macrina
1411 3313 1632 3385 recepi,
1666 3314 1813 3369 illam
1845 3314 2011 3384 justi;
2034 3278 2076 3339 Ω

437 3411 799 3468 incrementis
830 3418 1044 3464 auctam
1077 3416 1134 3462 et
1163 3406 1402 3462 adultam
1432 3406 1486 3460 in
1522 3421 1609 3460 me
1634 3408 1755 3476 ipso
1790 3423 2010 3462 conser-

434 3500 704 3556 vaverint.
726 3518 744 3551 ι
776 3499 839 3552 Et
870 3512 1067 3552 rursus
1095 3506 1111 3549 :
1153 3515 1173 3548 ι
1208 3495 1320 3564 Ego
1352 3510 1482 3551 sane
1505 3496 1570 3551 ad
1596 3499 1818 3551 crebros
1843 3507 2009 3550 etva-

435 3596 551 3650 rios
568 3592 807 3647 hostium
830 3601 1145 3646 nostrorum
1168 3588 1458 3642 adversum
1479 3603 1576 3642 nos
1588 3598 1820 3642 conatus
1838 3587 2010 3656 respi-

435 3685 612 3751 ciens,
630 3682 897 3740 silendum
919 3694 1062 3745 esse,
1080 3687 1135 3733 et
1160 3692 1282 3749 qua:
1302 3677 1604 3731 inferentur
1617 3675 1801 3730 animo
1818 3674 2006 3743 quieto

436 3773 720 3829 toleranda
760 3769 967 3841 putavi,
1006 3783 1109 3823 nec
1131 3765 1499 3823 resistendum
1520 3765 1625 3820 illis
1656 3766 1747 3834 qui
1785 3763 2010 3819 menda-

435 3863 524 3916 cio
562 3859 759 3914 muniti
815 3867 966 3921 sunt,
1012 3858 1252 3927 pessima
1311 3856 1527 3912 scilicet
1562 3862 1864 3910 armatura.
1912 3854 2004 3909 Vi-

436 3954 639 4007 dentur
677 3950 1026 4024 enim'mihi
1081 3950 1175 4018 qui
1214 3948 1400 4002 odium
1466 3947 1573 4002 hoc
1635 3946 2005 4002 inexcusabile

436 4055 629 4099 contra
660 4057 761 4097 nos
800 4041 1122 4105 induerunt,
1150 4040 1298 4094 haud
1330 4039 1600 4095 dissimile
1636 4041 1705 4093 ab
1734 4054 1801 4093 eo
1824 4038 2006 4094 facere

434 4135 582 4206 quod
628 4134 793 4189 habet
816 4132 1069 4203 [Esopica
1100 4132 1306 4188 fabula.
1338 4130 1809 4198 Quemadmodum
1856 4129 2003 4183 enim

433 4229 527 4284 illa
558 4230 740 4298 lttpum
770 4226 961 4294 culpas
984 4225 1253 4295 quasdam
1283 4225 1550 4279 adversus
1575 4238 1775 4293 agnum
1804 4222 2008 4292 produ-

432 4335 558 4374 cere
586 4318 737 4380 iacit,
775 4317 936 4387 quasi
967 4317 1014 4371 is
1038 4325 1196 4386 turpe
1227 4316 1330 4372 sibi
1363 4330 1428 4371 ac
1460 4314 1856 4370 dedecorosum
1886 4315 2004 4369 fore

437 4411 653 4483 1019
678 4418 855 4481 putet,
886 4410 936 4464 si
970 4420 1170 4487 praeter
1189 4408 1393 4478 justam
1422 4407 1694 4460 rationem
1726 4407 2006 4462 interimat

432 4519 657 4575 agnum,
691 4516 724 4556 a
750 4516 863 4571 quo
897 4501 1034 4556 nihil
1071 4501 1142 4553 sit
1175 4500 1357 4564 laesus,
1387 4509 1443 4553 et
1482 4509 1689 4562 tamen,
1724 4498 1854 4554 licet
1880 4514 2002 4554 om.

2115 2032 2289 2100 ὑμῶν,
2326 2031 2467 2084 ὥστε
2501 2032 2599 2094 τάς
2634 2030 2694 2096 ἐξ
2723 2033 2842 2093 ἑνὸς
2880 2033 3084 2102 μέρους
3114 2032 3406 2100 γινομένας
3440 2032 3691 2095 διαϐολάς

2119 2122 2194 2192 μὴ
2248 2122 2430 2187 πάντη
2468 2121 2867 2190 παραδέχεσθαι
2899 2121 2976 2181 ὡς
3014 2122 3272 2190 ἀληθείς·
3303 2122 3463 2184 διότι,
3507 2120 3694 2184 καθὼς

2114 2218 2446 2284 γέγραπται,
2481 2213 2669 2266 οὐδένα
2719 2213 2900 2283 κρίνει
2929 2216 2957 2267 δ
2984 2213 3169 2283 νόμος,
3213 2215 3309 2267 ἐὰν
3356 2215 3434 2284 μὴ
3470 2214 3694 2282 πρῶτον

2113 2303 2323 2374 ἀκούσῃ
2347 2302 2442 2354 καὶ
2466 2300 2580 2371 γνῷ
2608 2301 2662 2353 τί
2699 2303 2865 2355 ποιεῖ.
2910 2319 2930 2353 ο
2962 2303 3072 2355 Καὶ
3101 2302 3339 2371 ἀλλαχοῦ
3377 2302 3494 2372 (24)
3514 2317 3531 2332 ’
3580 2320 3605 2353 ε
3639 2302 3697 2354 Εἰ

2118 2398 2227 2466 γὰρ
2252 2398 2347 2448 καὶ
2375 2382 2446 2447 τά
2486 2394 2622 2449 ἄλλα
2652 2396 2810 2464 ἡμῶν
2843 2394 3167 2463 στεναγμῶν
3196 2394 3343 2461 ἀξια,
3368 2394 3486 2449 ἀλλ’
3512 2394 3701 2462 ἔγωγε

2111 2490 2272 2543 τοῦτο
2307 2488 2494 2557 τολμῶ
2548 2487 2859 2557 καυχᾶσθαι
2913 2488 2974 2541 ιν
3014 2489 3243 2559 Κυρίῳ,
3295 2488 3378 2541 ὅτι
3431 2487 3697 2539 οὐδέποτε

2114 2577 2542 2645 πεπλανημένας
2590 2575 2753 2645 ἔσχον
2774 2575 2875 2638 τὰς
2913 2576 3044 2645 περί
3072 2574 3166 2628 τοῦ
3194 2573 3335 2628 Θεοῦ
3367 2573 3698 2643 ὑπολήψεις,

2112 2668 2146 2740 ἦ
2184 2669 2387 2738 ἑτέρως
2428 2666 2642 2736 φρονῶν
2677 2665 2984 2738 μετέμαθον
3036 2667 3299 2738 ὕστερον·
3332 2665 3456 2719 ἀλλ’
3503 2665 3583 2737 ἦν
3637 2665 3700 2718 εκ

2113 2760 2304 2824 παιδὸς
2353 2759 2546 2812 ἔλαϐον
2577 2759 2786 2812 ἔννοιαν
2825 2758 2959 2829 περὶ
3000 2757 3138 2812 Θεοῦ
3190 2757 3346 2829 παρά
3380 2759 3483 2830 τῆς
3514 2775 3702 2829 μακα-

2115 2855 2237 2924 ρίας
2298 2851 2507 2923 μητρός
2561 2866 2666 2919 μου
2721 2849 2816 2904 καὶ
2870 2851 2972 2918 τῆς
3027 2851 3265 2922 μάμμης
3320 2865 3423 2918 μου
3472 2848 3707 2918 Μακρί-

2113 2959 2214 3013 νης
2252 2943 2388 3015 (Ξῦ),
2429 2942 2637 3011 ταύτην
2692 2942 3028 3013 αὖξηθείοαν
3074 2942 3230 3011 ἔσχον
3277 2941 3338 2993 ἑν
3391 2940 3697 3009 ιμαυτῷ.»

2112 3037 2223 3090 Καὶ
2260 3036 2425 3090 πάλιν
2446 3052 2461 3068 ’
2503 3053 2522 3088 ι
2572 3034 2717 3104 Ἐγὼ
2765 3035 2904 3104 πρὸς
2928 3037 3029 3105 τὴν
3077 3033 3385 3103 ἐπάλληλον
3436 3033 3556 3087 τῶν
3606 3033 3697 3101 ἑχ-

2113 3123 2260 3194 θρῶν
2307 3123 2468 3193 ἡμῶν
2518 3124 2614 3177 καὶ
2662 3123 2920 3194 ποικίλην
2965 3123 3086 3176 καθ’
3134 3121 3290 3193 ἡμῶν
3345 3120 3701 3191 ἐπιχείρησιν

2112 3215 2440 3269 ἀποϐλέπων
2474 3216 2688 3286 σιωπᾷν
2711 3215 2760 3268 θ’
2783 3213 2943 3285 ζυμην
2973 3213 3106 3278 δεῖν,
3142 3212 3240 3265 καί⁵
3272 3211 3535 3283 δέχεσθαι
3578 3208 3700 3263 καθ’

2111 3307 2341 3377 ἡσυχίαν
2364 3308 2431 3361 τὰ
2453 3306 2790 3376 ὲπαγόμενα,
2815 3305 2937 3376 μηδ’
2956 3304 3231 3375 ἀνταίρειν
3248 3307 3361 3366 τοῖς
3396 3302 3694 3357 καθωπλι-

2111 3399 2327 3466 σμένοις
2359 3395 2436 3467 τῷ
2462 3396 2671 3466 ψεύδει,
2704 3396 2781 3467 τῷ
2806 3395 3227 3467 πονηρῷκτούτῳ
3250 3396 3421 3466 ὅπλῳ.
3456 3396 3707 3461 Ἐδοξαν

2107 3490 2226 3557 γάρ.
2241 3504 2331 3557 μοι
2350 3486 2730 3558 παραπλήσιόν
2764 3503 2816 3538 τι
2842 3490 3014 3539 ποιεῖν
3036 3487 3115 3555 τῷ
3134 3486 3423 3555 Αἰσωπείῳ
3453 3485 3630 3556 μύθῳ
3646 3487 3694 3538 οἱ

2106 3584 2168 3635 τὸ
2194 3582 2606 3653 ἀπροφάσιστον
2633 3579 2760 3634 καθ’
2788 3579 2948 3650 ἡμῶν
2979 3580 3338 3642 ἀναλαϐόντες
3365 3581 3555 3647 μῖσος.
3610 3575 3699 3640 '0.“

2107 3675 2214 3741 γὰρ
2246 3676 2454 3736 ἐκεῖνος
2506 3672 2833 3743 ἐγκλήματά
2864 3689 2988 3725 τινα
3033 3672 3113 3742 τῷ
3160 3673 3331 3742 ἀρνίῳ
3380 3671 3474 3724 τὸν
3531 3671 3704 3726 λύκον

2106 3765 2440 3833 προσφέρειν
2484 3761 2757 3833 εποίησεν,
2778 3762 3164 3835 αἰσχυνόμενον
3192 3761 3351 3832 δῆθεν
3393 3763 3456 3815 τὸ
3487 3762 3681 3817 δοκεῖν

2108 3859 2236 3912 ἄνευ
2267 3857 2479 3916 δικαίας
2503 3857 2831 3926 προφάσεως
2879 3858 3122 3926 ἀναιρεῖν
3167 3857 3257 3911 τὸν
3284 3856 3450 3927 μηδὲν
3485 3857 3701 3925 προλυ-

2108 3954 2359 4019 πησαντα
2383 3966 2397 3981 ·
2423 3948 2516 4001 τοῦ
2565 3949 2608 4000 δ’
2640 3948 2804 4018 ἀρνὸς
2845 3951 3026 4019 πᾶσειν
3063 3951 3163 4019 τὴν
3213 3951 3277 4001 ἐκ
3316 3950 3702 4018 συκοφαντίας

2113 4040 2464 4111 ἐπαγομένην
2493 4039 2677 4094 αἰτίαν
2702 4040 2943 4110 εὐχερῶς
2971 4038 3297 4101 διαλύοντος,
3327 4040 3508 4110 μηδὲν
3556 4040 3717 4110 μελε

2106 4132 2199 4187 λον
2228 4134 2483 4202 ὑφίεσθαι
2510 4135 2611 4204 τῆς
2654 4135 2829 4202 ὁρμῆς
2863 4132 2955 4185 τὸν
2997 4131 3196 4185 λύκον·
3233 4131 3371 4185 ἀλλὰ
3415 4134 3545 4195 τοῖς
3600 4132 3710 4202 μιν

2107 4224 2333 4287 δικαίοις
2357 4223 2645 4293 ⁴ίγιττᾶσθοιι,
2693 4226 2807 4287 τοῖς
2835 4223 2881 4276 δ’
2927 4221 3107 4276 ὀδοῦσι
3158 4224 3351 4293 νικᾷν·
3396 4222 3592 4288 οὕτως
3622 4221 3705 4285 οἷς

2108 4320 2171 4373 τὸ
2199 4319 2325 4372 καθ’
2354 4318 2515 4388 ἡμῶν
2544 4324 2703 4389 μῖσος
2732 4317 2808 4381 ὥς
2833 4335 2887 4369 τι
2920 4316 3031 4370 τῶν
3057 4317 3279 4385 ἀγαθῶν
3294 4317 3703 4387 ἐσπουδάσθη,

2106 4411 2469 4482 ὲρυθριιίντες
2513 4412 2655 4480 τάχα
2714 4410 2792 4479 τῷ
2846 4408 3025 4464 δοκεῖν
3075 4410 3202 4462 ἀνευ
3249 4409 3427 4471 αἰτίας
3482 4412 3701 4479 μισεῖν,

2109 4506 2287 4566 αἰτίας
2317 4490 2623 4557 πλάσσουσι
2674 4502 2797 4556 καθ’
2830 4501 2992 4573 ήμῶν
3040 4506 3136 4557 καὶ
3184 4501 3550 4572 ἐγκλήματα,
3603 4502 3706 4555 καὶ

431 4611 557 4650 nem
593 4608 717 4665 qua:
744 4608 808 4647 cx
838 4592 1101 4647 adornata
1137 4590 1409 4644 calumnia
1440 4590 1745 4645 intenditur
1778 4605 2003 4645 accusa-

2112 4597 2285 4649 οὐδενί
2310 4581 2778 4666 τῶίλεγομένωῖρ
2833 4599 2997 4665 μέχρι
3046 4594 3248 4657 παντὸς
3296 4595 3698 4664 ἐπιμένουσιν.

434 4687 638 4742 tionem
687 4700 862 4755 agnus
898 4681 1113 4752 placide
1152 4681 1347 4744 diluat,
1381 4682 1556 4738 nihilo
1589 4686 1760 4751 magis
1812 4685 1999 4752 lupum

430 4780 501 4835 ab
542 4780 754 4847 impetu
776 4775 881 4833 sibi
916 4786 1248 4844 temperare,
1273 4774 1365 4827 sed
1393 4775 1609 4828 etiamsi
1641 4775 1810 4845 justis
1837 4776 2002 4830 ratio-

433 4872 598 4927 nibus
624 4871 898 4934 viueatur,
932 4868 1195 4925 dentibus
1236 4878 1420 4923 tamen
1472 4869 1741 4924 victorem
1775 4869 2002 4939 pervin-

320 4958 344 4977 ‘
432 4980 599 5019 cere:
631 4964 704 5019 ita
734 4973 790 5019 et
819 4963 912 5033 qui
958 4963 1091 5018 odio
1136 4962 1312 5018 nostri
1356 4977 1464 5016 non
1505 4977 1665 5018 secus
1708 4974 1872 5031 atque
1921 4962 2001 5016 rei

432 5060 676 5111 honesta:
704 5055 949 5120 student,
979 5064 1139 5125 turpe
1174 5053 1355 5110 forsan
1392 5065 1673 5125 putantes,
1716 5056 1762 5110 si
1794 5057 2002 5125 absque

430 5147 646 5205 ratione
694 5160 796 5201 nos
844 5145 974 5200 odio
1005 5146 1261 5216 persequi
1284 5166 1289 5175 ι
1314 5146 1625 5210 videantur,
1660 5160 1856 5201 causas
1888 5145 2003 5200 odii

429 5247 620 5294 contra
650 5252 752 5293 nos
785 5246 845 5292 et.
870 5238 1105 5292 crimina
1135 5237 1368 5309 lingunt.
1398 5237 1545 5292 Nihil
1581 5248 1761 5292 autem
1803 5253 1998 5292 eorum

429 5346 552 5401 quae
583 5339 772 5386 contra
810 5343 910 5384 nos
941 5328 1214 5393 feruntur,
1249 5338 1570 5385 constanter
1605 5337 1864 5394 tuentur;
1901 5329 1996 5384 sed

427 5438 576 5478 nunc
628 5423 789 5484 banc,
836 5420 1001 5490 paulo
1036 5428 1162 5490 post
1195 5420 1380 5486 aliam,
1427 5430 1484 5475 et
1531 5436 1726 5476 rursus
1776 5437 1996 5492 quoque

427 5514 589 5569 aliam
637 5511 940 5569 inimicitiae
984 5525 1206 5565 causam
1248 5512 1548 5582 assignant.
1589 5530 1608 5563 ι
1644 5512 1711 5567 Et.
1756 5528 1991 5568 rursus:

433 5622 454 5658 ι
495 5606 684 5677 itaque
707 5614 765 5660 et
797 5604 902 5660 hoc
931 5604 1011 5660 illi
1040 5604 1203 5660 nobis
1233 5606 1453 5660 crimini
1481 5604 1633 5672 dant,
1662 5606 1808 5676 quod
1847 5621 1999 5661 com-

876 5694 881 5713 '
1504 5708 1524 5751 ι

498 5823 610 5894 (st)
647 5823 795 5878 idem
830 5824 1120 5879 Eustathio
1153 5824 1398 5894 episcop.
1430 5825 1713 5883 Sehastire.
1750 5828 1957 5886 Botvm.

2113 4688 2398 4741 ’Λλλάινῡν
2440 4688 2539 4757 μὲν
2567 4686 2746 4749 τοῦτο,
2773 4685 2893 4755 μετ’
2921 4687 3097 4754 ὀλίγον
3127 4687 3172 4740 δ’
3197 4686 3345 4751 ἀλλο,
3394 4687 3505 4740 καὶ
3539 4684 3701 4751 αὖθις

2099 4781 2288 4850 ἕτερον
2311 4780 2412 4849 τῆς
2455 4777 2577 4831 καθ’
2619 4779 2778 4849 ἡμῶν
2805 4779 3126 4848 δυσμενείας
3165 4779 3226 4832 τὺ
3270 4781 3445 4832 αἰτίον
3504 4779 3699 4846 λέγοισ-

2100 4889 2174 4927 σι.
2210 4891 2229 4924 ι
2291 4873 2400 4925 Καὶ
2436 4869 2635 4924 πάλιν·
2692 4889 2711 4923 ι
2767 4871 2976 4925 Οὐκοῦν
3005 4873 3100 4924 καὶ
3141 4871 3298 4924 τοῦτο
3347 4872 3491 4940 ἡμῖν
3523 4873 3697 4940 {Tna-

2099 4966 2274 5031 λοῦσι,
2309 4964 2489 5019 tonuit
2528 4964 2899 5035 ἐπιλεγόμενα
2953 4968 3019 5035 τῇ
3073 4965 3193 5034 θείᾳ
3225 4964 3384 5033 φύσει
3436 4964 3699 5035 ὀνόματα

2119 5057 2423 5128 μοναδικῶς
2462 5056 2832 5125 ἐξαγγέλλειν.
2896 5056 3037 5109 Ἀλλ’
3091 5056 3310 5126 ἕτοιμος
3359 5056 3508 5125 ἡμῖν
3561 5058 3703 5126 15'»;

2107 5148 2269 5201 τοῦτο
2293 5149 2382 5202 καῖ.
2414 5149 2590 5219 σαφὴς
2613 5149 2645 5201 ὁ
2667 5148 2845 5217 λόγος.
2883 5148 2945 5201 ’0
2971 5150 3079 5219 γάρ
3120 5148 3568 5217 καταγινώσκων
3588 5149 3703 5200 τῶν

2108 5242 2241 5311 μίαν
2268 5232 2537 5309 λεγόντων
2568 5241 2815 5313 θεὸτῃταρ
2839 5242 2899 5307 ἐξ
2940 5244 3188 5313 ἀνάγκης
3233 5240 3312 5312 τῷ
3343 5240 3559 5303 πολλὰς
3605 5240 3705 5292 1:-

2102 5308 2291 5397 γοντι,
2434 5331 2505 5402 τῷ
2556 5308 2848 5402 μηδεμίαν,
2905 5308 3373 5399 συνθησεταιίυύ
3398 5331 3523 5399 γάρ
3573 5332 3706 5382 ἐστι

2103 5423 2351 5489 δυνατὸν,
2401 5423 2588 5493 ἕτερόν
2631 5440 2686 5476 τι
2732 5421 2885 5494 παρὰ
2920 5424 2979 5474 τὸ
3023 5424 3313 5492 εἰρημένον
3365 5422 3702 5493 ἐπινοῆσαι.

2107 5516 2169 5567 Ei
2200 5511 2295 5569 οὖν
2318 5514 2377 5567 τὸ
2406 5517 2487 5579 είς
2519 5515 2722 5585 πλῆθος
2757 5515 3017 5567 ἐκτείνειν
3041 5514 3131 5567 τὸν
3154 5513 3389 5583 ἀριθμὸν
3416 5514 3539 5567 τῶν
3570 5518 3701 5567 θεο-

2105 5610 2285 5679 τὴτων
2317 5608 2494 5678 μόνων
2552 5610 2664 5664 τῶν
2710 5607 2811 5680 τὴν
2857 5608 3120 5663 πολύθεον
3153 5608 3363 5680 πλάνην
3390 5608 3701 5680 νενοσηκό-

1790 5721 2114 5792 Variorum
2153 5733 2343 5787 notes.

495 5893 609 5965 (‘25)
639 5894 714 5950 De
770 5910 876 5965 qua
909 5897 1028 5950 vide
1059 5905 1114 5952 et
1160 5895 1449 5965 epistolam
1486 5901 1598 5961 τοῖς
1644 5894 1979 5970 Νεοκαισαρ.

2112 5914 2241 5955 IVIN.
