3974 6664
247 596 374 664 3297

626 595 707 662 ιλ.
747 609 797 649 c.
840 594 999 666 l55l]

1214 599 1660 662 ΒΥΖΑΝΤΙΝιΕ
1699 602 2086 663 HISTORLE
2119 600 2265 664 LIB.
2296 602 2460 665 XXI.

2574 596 2714 669 [ων.
2749 612 2791 652 ι.
2832 612 3129 653 cmucuz.
3170 596 3226 668 5]
3342 598 3489 661 1'198’

241 712 625 785 καθῃρέθησαν
654 712 743 770 διὰ
764 716 863 787 τὴν
892 716 1148 772 ἀσέϐειαν
1177 717 1286 771 τῶν
1306 718 1815 789 καινοτομηθέντων

1930 728 2063 776 mate
2085 717 2311 786 feriunt,
2340 734 2437 791 per
2466 731 2606 788 quos
2637 716 2762 788 ipsi,
2788 725 2848 772 ut
2869 732 3138 772 novorum
3166 713 3489 786 impiorum-

242 805 550 874 δογμάτων,
581 803 786 862 οὕτωσὶ
819 809 946 872 τοὺς
974 809 1072 879 τῆς
1109 807 1367 874 ἀσεϐείας
1411 809 1670 880 ἐλέγχους
1699 810 1815 863 δια-

240 898 430 967 δρᾶναι
464 899 807 969 νομίσαντες,
847 902 921 972 μὴ
952 896 1087 972 προς
1132 903 1447 975 ἐπισκόπων
1478 902 1660 973 δῆθεν,
1695 902 1812 956 ἀλλ’

241 989 342 1042 ὑπὸ
362 990 769 1064 καθῃρημένων
793 993 1215 1064 καθαιρεθέντες
1234 1009 1252 1026 ο
1288 993 1384 1048 καὶ
1411 993 1585 1049 ταῦτα
1609 994 1719 1048 τῶν
1748 1011 1814 1062 γε

241 1081 501 1143 πλειόνων
531 1083 886 1153 ὑπαρχόντων
924 1086 1126 1150 αὐτῶν,
1166 1086 1214 1140 οἳ
1251 1087 1348 1139 σὺν
1385 1086 1463 1158 τῷ
1498 1085 1812 1158 πατριάρχῃ

241 1174 361 1227 τότε
392 1176 492 1229 καὶ
529 1180 639 1240 τοῖς
677 1179 1002 1243 ἐπισκόποις
1035 1177 1264 1242 ἐκείνοις
1292 1174 1435 1251 ἦσαν
1466 1180 1515 1232 οἱ
1549 1178 1814 1247 [Ιαλαμᾶν

239 1281 296 1317 τε
321 1265 489 1317 αὐτὸν
513 1266 892 1338 καθῃρηκότες
915 1269 1011 1324 καὶ
1039 1269 1540 1340 ἀναθεματίσαντες
1571 1271 1667 1324 καὶ
1697 1269 1815 1340 ἅμα.

239 1358 367 1420 τοὺς
393 1358 534 1428 ἀμφ’
557 1361 720 1412 αὐτόν
742 1377 756 1392 ο
812 1361 879 1415 δι’
916 1360 953 1416 ἀ
988 1362 1227 1432 σήμερον
1275 1362 1502 1426 ἑαυτοὺς
1536 1361 1816 1430 ἀναθεμα-

238 1445 504 1513 τίζουσιν,
539 1451 984 1523 ὑπερμαχοῦντες
1012 1454 1108 1507 τοῦ
1139 1455 1394 1525 Παλαμᾶ.
1427 1453 1685 1525 Ἐζήτουν
1707 1453 1814 1521 γάρ

241 1540 450 1606 μᾶλλον
499 1540 838 1611 ἁμαρτάνειν
890 1540 1230 1614 ἀνέγκλητα,
1278 1544 1310 1614 ἢ
1358 1546 1470 1608 τοῖς
1514 1543 1816 1613 ἐπιτιμίοις

240 1631 577 1696 ὑπείκοντας
613 1635 881 1702 εὐσεϐεῖν,
914 1637 1008 1690 καὶ
1052 1637 1119 1689 δι’
1153 1635 1430 1691 ἀπώλειαν
1476 1636 1678 1707 μᾶλλον
1715 1635 1818 1705 ψυ-

238 1726 341 1796 χῆς
379 1727 710 1795 σωματικῶς
737 1728 1056 1798 εὐπραγεῖν.
1427 1779 1431 1781 _

308 1818 390 1871 Δ’.
435 1817 626 1887 Ὅμως
670 1819 779 1873 οὐδ’
833 1812 1108 1873 ἀπώλειαν
1141 1820 1294 1892 ᾤοντ’
1340 1818 1481 1876 εἶναι
1526 1812 1704 1891 ψυχῆς
1748 1821 1820 1876 τὰ

237 1909 518 1980 δρώμενα.
559 1902 703 1974 ’Πῶς
751 1912 882 1982 γὰρ,
917 1912 967 1966 οἳ
1004 1913 1472 1984 τυραννικώτερον
1520 1914 1721 1985 τρόπον
1757 1913 1817 1966 τὸ

237 2000 596 2066 αὐτεξούσιον
621 2020 681 2055 τε
717 2007 810 2057 καὶ
841 1996 1164 2075 βουλόμενον
1186 1998 1281 2059 τοῦ
1315 1996 1450 2059 Θεοῦ
1488 2006 1817 2075 σφετερισὰ-

241 2115 421 2167 μενοι,
459 2099 519 2151 τό
541 2098 593 2166 γ’
624 2101 704 2162 είς
732 2100 927 2163 αὐτοὺς
960 2086 1118 2171 ἧκον,
1152 2100 1313 2153 αὑτὸν
1356 2090 1455 2170 μὲν
1496 2100 1553 2154 ἐν
1595 2100 1816 2173 κόλποις

236 2188 415 2258 δήπου
451 2190 561 2242 τῶν
588 2192 854 2260 οὐρανίων
895 2185 1154 2260 θαλάμων
1184 2194 1622 2263 περιγράψαντες
1660 2210 1818 2246 συνε-

237 2279 520 2349 κάλυψαν,
551 2283 924 2336 ἀνυπόστατον
975 2283 1031 2337 δέ
1077 2302 1200 2337 τινα
1230 2285 1325 2337 καὶ
1371 2283 1625 2339 ἀνούσιον
1665 2283 1819 2338 ἔθεο-

239 2373 484 2441 ποῑησαν
508 2375 814 2444 ἐνέργειαν,
844 2376 1041 2429 ταυτὸν
1071 2378 1247 2430 εἰπεῖν
1278 2377 1468 2430 ἁθεῖαν
1491 2394 1506 2409 ο
1538 2368 1607 2430 ἶν’
1633 2379 1818 2447 ἀμαρ-

237 2466 485 2516 τάνωσιν
530 2466 860 2536 ἀνέγκλητα,
890 2464 985 2519 καὶ
1004 2466 1199 2537 ἄφεσιν
1218 2467 1469 2537 ἀλλήλοις
1491 2467 1823 2539 ἁμαρτημά-

239 2567 356 2604 των
380 2551 584 2605 διδόναι
601 2570 658 2607 τε
684 2560 776 2607 καὶ
801 2546 1220 2625 ἀντιλαμϐάνειν
1244 2553 1606 2623 αὐτεξουσίως
1635 2557 1820 2627 ἔχωσι,

240 2645 507 2717 καθάπερ
539 2649 586 2700 oi
618 2647 685 2701 τά
712 2649 768 2701 ἐν
802 2649 1027 2720 ἀγοραῖς
1057 2651 1161 2720 ὄψα
1196 2652 1599 2722 πιπράσκοντές
1628 2669 1689 2705 τε
1725 2653 1823 2706 καὶ

240 2736 572 2806 ὠνούμενοι.
596 2741 694 2804 Εἰς
708 2741 868 2794 τοῦτο
884 2742 993 2812 γὰρ
1012 2732 1167 2813 οἴμαι
1182 2743 1378 2797 τείνειν
1398 2744 1490 2796 καὶ
1506 2743 1533 2796 ὃ
1560 2744 1694 2814 πρὸς
1712 2736 1825 2806 τοῖς

234 2830 427 2896 ἄλλοις
442 2833 547 2886 ὑπὸ
568 2832 658 2886 τοῦ
678 2824 913 2900 Παλαμᾶ
925 2835 1182 2891 καὶτοῦτο
1198 2835 1654 2905 δογματιζόμένον
1671 2830 1828 2904 βλασ-

245 2912 573 2992 φημεῖται·’
603 2925 876 2996 ἀνάρχους
896 2925 1095 2996 δηλαδὴ
1143 2926 1269 2991 τοὺς
1308 2916 1625 2997 ἀνθρώπους
1674 2926 1828 2980 καθί-

224 3012 480 3066 στασθαι
503 3014 596 3066 καὶ
616 3015 924 3078 ἀκτίστουςο
947 3014 1137 3068 ταυτδν
1164 3006 1209 3068 δ⁶
1239 3008 1412 3069 εἰπεῖν
1433 3017 1828 3077 ἐνυποστάτους
1861 3052 1865 3056 ι

236 3101 337 3153 καὶ
361 3101 643 3166 ἐνουσίους
659 3102 833 3166 θεοὺς,
852 3105 1147 3173 ἀπειράκις
1166 3104 1450 3173 ἀπείρους,
1475 3105 1581 3158 τῶν
1598 3101 1830 3175 ἀπειρά-

238 3210 331 3255 κις
360 3193 608 3263 ἀπείρων
663 3195 789 3265 (χρὴ
846 3195 955 3265 γὰρ
984 3193 1104 3247 κατ’
1135 3188 1339 3248 ἐκεῖνον
1370 3192 1603 3250 ἐνταῦθα
1622 3196 1829 3267 καλεῖν)

238 3286 554 3357 ἐνεργειῶν
595 3289 690 3341 κα)⁸
740 3288 1032 3356 θεοτήτων,
1084 3288 1355 3341 ἁκτίστων
1411 3291 1506 3343 καὶ
1567 3291 1832 3344 ἀνουσίων

1913 826 2021 881 que
2049 811 2366 881 dogmatum
2402 815 2676 872 auctores,
2700 804 2896 879 dejecti
2928 806 3176 869 fuerant,
3216 821 3393 876 coque
3426 819 3487 860 se

1915 901 2213 974 impietatis
2263 913 2451 958 notam
2505 901 2833 973 eﬂ‘ugituros
2886 894 3247 961 arbitrantur.
3278 898 3423 970 quod
3457 914 3486 952 a

1914 994 2127 1065 quibus.
2158 994 2356 1066 dejecti
2387 994 2520 1059 sint,
2555 994 2591 1048 ii
2652 982 2906 1047 videlicet
2954 1007 3063 1046 non
3093 991 3358 1062 episcopi,
3391 989 3485 1044 sed

1914 1078 2109 1158 deiecti
2144 1088 2246 1157 ipsi
2286 1087 2355 1143 de
2404 1087 2575 1158 gradu
2600 1087 2829 1144 fuerint.
2860 1085 2927 1141 Et
2956 1087 3076 1142 haec
3108 1086 3203 1155 qui
3262 1084 3488 1149 faciunt,

1913 1195 2106 1236 eorum
2128 1179 2378 1249 plerique
2408 1180 2577 1236 iidem
2621 1188 2770 1245 sunt,
2802 1179 2897 1250 qui
2935 1194 3063 1233 cum
3095 1177 3408 1249 patriarcha
3435 1187 3491 1234 et

1913 1272 2187 1342 episcopis
2224 1272 2333 1327 illis
2388 1281 2503 1327 tum
2542 1272 2826 1342 conjuncti
2854 1270 3128 1324 Palamam
3169 1279 3226 1323 et
3255 1270 3376 1340 ejus
3408 1283 3494 1323 as-

1913 1361 2088 1418 seclas
2113 1363 2451 1418 anathemati
2487 1362 2864 1433 subiecerunt.
2894 1361 3084 1432 Itaque
3112 1360 3277 1415 iidem
3303 1359 3490 1425 hodie,

1915 1468 2019 1524 pro
2050 1453 2268 1509 Palama
2309 1467 2639 1525 pugnantes,
2680 1469 2739 1509 se
2767 1444 2916 1525 ipsos
2953 1452 3289 1509 anathemati
3316 1451 3494 1521 subji-

1915 1547 2089 1603 ciunt.
2118 1547 2326 1617 Nempe
2350 1546 2427 1602 illi
2456 1548 2679 1619 impune
2709 1563 2939 1618 peccare
2967 1547 3302 1611 maluerunt,
3327 1560 3490 1615 quam

1917 1655 2108 1711 poenas
2138 1640 2321 1715 dando
2369 1641 2548 1696 c'olcre
2598 1641 2855 1715 pietatem
2883 1682 2897 1705 ,
2934 1649 2991 1695 et
3022 1648 3081 1694 ut
3110 1638 3329 1709 corpori
3355 1638 3493 1693 bene

1917 1742 2086 1798 esset,
2119 1733 2358 1789 animam
2390 1734 2535 1788 ultro
2572 1733 2954 1804 perdiderunt.
3105 1728 3113 1734 ’

1991 1826 2288 1898 lV..Atqui
2319 1826 2393 1879 illi
2428 1841 2532 1881 nec
2562 1841 2625 1881 ea
2660 1843 2781 1896 qua:
2810 1826 3003 1881 tierent
3030 1824 3339 1897 perniciosa
3369 1825 3491 1879 ani-

1919 1934 2021 1974 mae
2072 1933 2195 1974 esse
2248 1918 2549 1974 credidere.
2588 1918 2942 1989 Eequomodo
2990 1927 3173 1973 autem
3225 1917 3493 1973 credidis-

1919 2021 2063 2078 sent,
2088 2012 2182 2081 qui
2204 2010 2529 2066 auctoritate
2569 2019 2624 2065 et
2663 2009 2943 2065 voluntate
2992 2011 3177 2065 divina
3211 2010 3491 2083 tyrannica
3568 2076 3585 2083 νη

1920 2105 2024 2159 sibi
2081 2102 2217 2174 ipsis
2272 2104 2543 2173 subjecta,
2571 2113 2838 2171 quantum
2882 2101 3106 2171 quidem
3166 2101 3221 2155 in
3274 2116 3333 2155 se
3363 2100 3490 2166 fuit,

1920 2196 2097 2267 ipsum
2134 2196 2305 2251 Deum
2341 2196 2394 2249 in
2444 2194 2751 2249 recessibus
2784 2193 3090 2249 caelestium
3127 2193 3490 2247 thalamorum

1920 2288 2394 2357 circumscriptum
2429 2284 2808 2350 occultarunt,
2861 2286 3154 2357 quamdam
3187 2296 3369 2339 autem
3406 2285 3496 2339 in-

1921 2377 2311 2432 subsistentem
2395 2376 2820 2446 substantireque
2884 2385 3163 2446 expertem
3224 2376 3503 2446 operatio-

1923 2479 2072 2532 nem,
2099 2480 2218 2525 seu.
2250 2463 2397 2534 quod
2450 2462 2593 2517 idem
2632 2474 2736 2527 est,
2763 2465 3088 2520 atheismum
3139 2467 3315 2535 ipsum
3348 2466 3499 2521 deiti-

1923 2566 2119 2614 carunt
2142 2598 2158 2624 ,
2179 2556 2441 2611 nimirum
2462 2564 2526 2611 ut
2556 2565 2783 2627 peccent
2815 2556 3036 2626 iirpune
3060 2566 3115 2610 ct
3142 2564 3498 2625 peccatorum

1925 2649 2165 2716 veniam,
2210 2647 2443 2719 perinde
2509 2656 2569 2703 ut
2635 2647 2867 2703 obsonia
2922 2647 2977 2701 in
3028 2646 3148 2702 foro
3195 2646 3501 2701 vendentes

1925 2753 2303 2814 ementesque,
2334 2742 2568 2798 invicem
2608 2741 2739 2796 dare
2779 2752 2834 2796 et
2867 2741 3119 2810 accipere
3145 2740 3358 2810 privata
3398 2755 3501 2793 an-

1926 2838 2183 2892 ctoritate
2242 2836 2473 2905 possint.
2514 2835 2592 2889 Eo
2654 2834 2804 2889 enim
2855 2843 3104 2903 spectare
3168 2831 3300 2886 illud
3345 2842 3501 2903 puto,

1927 2924 2073 3000 quod
2108 2929 2356 2983 Palamas
2412 2935 2614 2998 praeter
2636 2936 2833 2981 caetera
2887 2925 3053 2992 impie
3096 2926 3257 2980 docet
3288 2933 3344 2979 et
3380 2940 3508 2994 pro-

1931 3019 2183 3075 nuntiat:
2217 3019 2472 3073 homines
2501 3016 2639 3072 eliici
2679 3015 2933 3086 principii
2974 3027 3228 3085 expertes
3290 3014 3508 3086 1025,

1929 3125 1988 3169 et
2018 3115 2331 3178 increatos;
2364 3126 2483 3173 seu,
2510 3109 2656 3180 quod
2688 3110 2829 3163 idem
2860 3116 2962 3168 est.
2997 3108 3136 3161 Deos
3166 3124 3263 3177 per
3284 3124 3341 3162 se
3372 3107 3504 3162 sub-

1933 3207 2214 3267 sistentes,
2245 3215 2300 3259 et
2332 3203 2636 3259 substantia
2664 3202 2921 3271 pru’dilos
2952 3200 3214 3255 inlinities
3241 3199 3504 3263 inﬁnitos,

1937 3296 2202 3352 inlinitics
2255 3295 2590 3349 inlinitarum
2654 3294 2893 3363 (oportet
2925 3291 3073 3345 enim
3105 3292 3206 3345 hoc
3260 3292 3381 3345 luco
3426 3290 3507 3345 sic

241 3379 413 3443 θεῶν,
452 3376 652 3433 ταυτὸν
677 3380 723 3433 δ’
762 3381 937 3434 εἰπεῖν
982 3372 1248 3451 μηδένων.
1299 3382 1389 3452 Τῷ
1433 3385 1543 3453 γὰρ
1592 3382 1826 3453 ἀκτίστῳ

1938 3403 2137 3444 vocare
2171 3398 2227 3442 ut
2256 3387 2324 3441 ab
2346 3401 2411 3441 eo
2441 3384 2726 3453 vocantur)
2750 3388 3099 3453 energiarum
3163 3392 3222 3438 et
3250 3382 3510 3437 divinita-

238 3473 343 3526 καὶ
379 3472 745 3543 ἀνυποστάτῳ
793 3472 854 3525 τὸ
905 3472 1073 3541 μηδὲν
1109 3472 1237 3542 μήτ’
1267 3468 1404 3526 εἶναι
1438 3473 1574 3545 μήτε
1607 3474 1830 3527 πιστεύ-

239 3565 414 3618 εσθαι
443 3567 612 3619 πᾶσιν
651 3566 958 3635 ἀνθρώποις
1009 3565 1156 3617 δοκεῖ
1198 3567 1295 3631 καὶ
1341 3566 1682 3631 πιστεύεται,
1732 3567 1829 3621 καὶ

239 3652 441 3718 αὐτοῖς
470 3674 536 3724 γε
566 3660 678 3721 τοῖς
709 3658 988 3727 βρέφεσιν.
1020 3656 1161 3723 εἶναι
1194 3660 1409 3712 ταυτὸν.
1436 3658 1521 3731 [Ρ.
1565 3659 1693 3731 644]
1727 3660 1836 3713 0ύέ

239 3749 417 3821 δεμία
445 3749 555 3821 γὰρ
590 3750 766 3821 (φησὶ)
806 3749 989 3819 φύσις,
1030 3752 1113 3805 ὃτι
1152 3751 1227 3822 μὴ
1259 3752 1377 3805 τόδε
1407 3752 1576 3817 ἐστὶν,
1600 3752 1719 3806 ἀλλ⁹
1744 3753 1828 3806 ὅτι

238 3842 396 3897 τόδε.
412 3842 479 3895 Ἠ
494 3841 588 3895 τοῦ
606 3842 757 3905 ὄντος
787 3842 932 3905 θέσις
949 3843 1046 3913 οὐχ
1077 3845 1109 3914 ἡ
1128 3843 1218 3897 τοῦ
1253 3843 1326 3914 μὴ
1344 3843 1496 3908 ὄντος
1522 3844 1826 3916 ἀναίρεσις.

1938 3491 2075 3550 tum,
2100 3495 2219 3550 qua:
2245 3481 2356 3532 sint
2396 3476 2625 3532 increati
2681 3487 2737 3531 et
2785 3481 3089 3531 substantia
3116 3486 3365 3531 carentes
3388 3475 3464 3529 dii
3489 3490 3504 3539 ;

1936 3586 2059 3635 seu,
2087 3568 2235 3640 quod
2287 3569 2435 3624 idem
2487 3578 2594 3634 est,
2629 3567 2786 3622 nulli.
2816 3567 2951 3637 Nam
2984 3566 3129 3636 quod
3171 3577 3255 3620 est
3294 3565 3534 3624 increa-,

1935 3674 2053 3720 tum
2084 3660 2250 3717 simul
2279 3670 2336 3715 et
2360 3660 2680 3715 substantiae
2707 3674 2926 3729 expers,
2954 3659 3005 3713 id
3039 3658 3298 3713 omnibus
3326 3657 3508 3712 homi-

1934 3756 2121 3815 nibus,
2150 3763 2205 3808 et
2231 3753 2365 3823 ipsis
2391 3766 2612 3822 quoque
2637 3751 2963 3816 infantibus,
2991 3750 3209 3804 videtur
3239 3750 3510 3805 creditur-

1935 3863 2043 3918 que
2073 3846 2216 3901 idem
2245 3860 2369 3901 esse
2414 3856 2582 3915 atque
2616 3844 2773 3910 illud,
2801 3844 2947 3915 quod
2981 3843 3117 3897 nihil
3140 3852 3227 3897 est
3255 3841 3510 3911 nihilque

240 3949 374 3991 esse
432 3934 695 3990 creditur.
746 3926 903 3990 Nulla
952 3936 1122 4003 enim,
1173 3938 1373 4006 inquit,
1428 3948 1624 3992 natura
1660 3938 1718 3993 in
1766 3954 1832 3995 eo
1872 3940 2145 4006 consistit,
2180 3938 2329 4010 quod
2377 3954 2489 3994 non
2536 3938 2610 3993 sit
2672 3938 2797 4003 hoc,
2852 3937 2947 3992 sed
2999 3937 3053 3991 in
3119 3951 3207 4002 eo,
3235 3935 3381 4007 quod
3406 3935 3512 3989 hoc

238 4031 345 4087 sit.
368 4029 492 4087 Non
543 4031 770 4100 ponitur
821 4031 874 4083 id
904 4031 1051 4101 quod
1092 4042 1196 4098 est,
1229 4033 1333 4088 hoc
1366 4033 1485 4104 ipso
1516 4035 1665 4105 quod
1690 4036 1902 4092 tollitur
1937 4037 1992 4093 id
2018 4035 2164 4107 quod
2197 4052 2308 4091 non
2342 4044 2448 4091 est.

316 4122 404 4178 E'.
439 4122 596 4175 Οὕτω
650 4122 1036 4193 μειρακιωδῶς
1090 4123 1498 4177 ἐνεανιεύσαντο
1543 4125 1686 4179 κατὰ
1730 4127 1831 4196 τῆς

238 4215 574 4281 εὐσεϐείας,
628 4215 725 4269 καὶ
754 4208 949 4279 οὕτως
986 4215 1225 4271 ἀσύνετα
1277 4217 1396 4270 καθ’
1442 4217 1600 4286 ἡμῶν
1643 4219 1831 4287 εἰργά-

241 4308 421 4363 σαντό
449 4324 508 4360 τε
539 4309 635 4362 καὶ
664 4307 1083 4374 ἐϐουλεύσαντο,
1124 4310 1246 4372 ταῖς
1278 4308 1578 4380 ἡμετέραις
1621 4325 1834 4378 συμφο-

241 4403 378 4471 ραῖς
405 4399 505 4470 τὴν
534 4398 749 4453 ἑαυτῶν
786 4398 1073 4461 ἑστιῶντες
1106 4400 1424 4470 θηριωδίαν,
1466 4401 1562 4454 καὶ
1595 4400 1703 4454 πᾶν
1732 4415 1832 4453 πο-

238 4493 422 4564 νηρὸν
452 4492 607 4563 ῥῆμα
637 4491 763 4545 καθ’
797 4492 956 4562 ἡμῶν
997 4491 1320 4561 ψευδόμενοι
1364 4493 1666 4559 συνέθεντο,
1709 4493 1832 4547 καθ’

237 4589 352 4640 ὅσα
396 4587 495 4638 κα¹ι
538 4580 628 4638 οἷά
656 4601 843 4654 σφισιν
890 4584 1202 4655 ὑπηγόρευε
1252 4584 1314 4637 τὸ
1365 4584 1707 4656 θυμούμενον
1734 4588 1834 4655 τῆς

236 4677 432 4747 ψυχῆς
452 4692 467 4707 ο
508 4676 609 4730 καὶ
650 4676 858 4749 ἀγορὰς
893 4678 989 4731 καὶ
1020 4676 1224 4745 θέατρα
1255 4675 1416 4730 πάντ’
1444 4675 1835 4749 ἐμπεπλήκασί

236 4769 319 4822 δι’
368 4767 659 4839 ἐμμίσθων
707 4767 990 4840 κηρύκων,
1040 4767 1293 4837 λαμπρὸν
1338 4769 1419 4832 είς
1466 4768 1835 4837 ἀνανταγώνι-

241 4878 380 4915 στον
412 4861 683 4913 πίστωσιν
732 4861 844 4913 τῶν
894 4862 1205 4915 ἀκουόντων
1242 4861 1697 4930 ἐπιτηδεύσαντες
1739 4852 1832 4917 τδν

235 4956 527 5025 ἡμέτερον
551 4954 882 5026 συγλεισμόν
903 4971 918 4986 ⁸
952 4957 1040 5010 ἵνα
1076 4956 1201 5009 καθ’
1227 4956 1384 5027 ἡμῶν
1414 4974 1474 5011 τε
1508 4957 1831 5020 πλάττοντες

237 5046 665 5117 ἐπιψηφίζωσιν
711 5049 871 5102 ὁποῖα
930 5050 1022 5101 καὶ
1078 5049 1182 5102 ὅσα
1236 5047 1663 5119 βούλοιντο-καὶ
1713 5049 1834 5119 ἅμα

238 5140 475 5201 πλείους
513 5139 624 5192 τῶν
646 5141 925 5202 ἀσυνέτως
967 5140 1198 5211 ἐχόντων
1235 5140 1526 5211 μαθήσεως
1566 5139 1704 5211 πρὸς
1733 5139 1832 5212 τὴν

241 5231 533 5303 σφετέραν
587 5232 768 5287 αὐτῶν
818 5233 1072 5287 ἀσέϐειαν
1116 5232 1687 5304 προσεταιρίζωνται,
1739 5233 1835 5287 τεῦ

239 5325 410 5395 παρά
455 5316 624 5386 πόδας
679 5324 906 5395 ἐλέγχου
961 5328 1108 5379 κατὰ
1165 5325 1460 5397 διάμετρον
1513 5321 1830 5396 ἱσταμένου,

246 5417 398 5484 μήτε
427 5416 561 5470 Θεὸν
590 5415 938 5486 φοϐούμενοι,
986 5417 1110 5487 μήτ’
1144 5416 1468 5486 ἀνθρώπους
1498 5417 1833 5487 αἰδούμενοι,

252 5506 394 5576 μήτ’
426 5508 509 5569 είς
541 5507 601 5560 τὸ
639 5500 833 5577 μέλλον
862 5504 1004 5561 εῐναι
1035 5507 1385 5571 πιστεύοντες
1418 5526 1539 5562 τινα
1589 5510 1700 5563 τῶν
1749 5512 1836 5562 ὲν-

241 5601 431 5655 ταῦθα
454 5601 753 5671 δρωμένων
781 5601 985 5672 κρίσιν,
1010 5603 1169 5673 ⁷μήτε
1217 5600 1556 5656 κατάστασιν
1601 5602 1836 5673 ἀμοιϐῆς

242 5694 482 5762 ἀγαθῶν
527 5695 625 5748 καὶ
675 5694 883 5762 κακῶν,
914 5694 989 5762 ὡς
1018 5695 1089 5750 τὰ
1134 5694 1258 5765 ιερὰ
1311 5695 1621 5749 διδάσκουσι
1655 5695 1833 5764 λόγια.

332 6037 349 6068 ⁸
388 6039 579 6096 Matth.
612 6055 669 6105 1,
712 6039 799 6094 Η.

2000 4128 2066 4184 ν.
2098 4128 2176 4182 lta
2220 4126 2426 4182 saniori
2471 4123 2738 4179 doctrinae
2775 4124 3099 4194 juveniliter
3146 4122 3224 4179 illi
3281 4123 3513 4179 insulta-

1931 4229 2081 4284 runt,
2109 4220 2185 4273 ita
2238 4233 2341 4272 nos
2385 4217 2546 4272 factis
2574 4216 2932 4285 consiliisque
2959 4215 3310 4270 dementibus
3339 4232 3514 4286 oppu-

1930 4320 2188 4382 gnarunt,
2214 4309 2617 4366 calamitatibus
2672 4311 2875 4363 nostris
2925 4308 3326 4363 immanitatem
3353 4322 3513 4364 suam

1931 4405 2179 4461 cibantes
2201 4444 2217 4469 ,
2244 4403 2519 4473 iidemque
2551 4417 2713 4455 omne
2739 4401 2943 4455 malum
2967 4401 3195 4456 verbum
3219 4399 3511 4456 adversum

1933 4511 2036 4552 nos
2074 4496 2408 4551 mentientes
2436 4509 2502 4549 ex
2528 4492 2832 4563 composito
2863 4493 3033 4548 locuti
3066 4500 3214 4557 sunt,
3243 4493 3510 4564 quidquid

1936 4590 2015 4643 ira
2049 4596 2389 4657 suggereret,
2440 4586 2844 4656 qualiacunque
2889 4586 3110 4640 animus
3142 4585 3415 4641 dictaret:
3444 4587 3514 4640 iis

1938 4679 2055 4734 fora
2086 4680 2407 4749 theatraque
2441 4678 2626 4734 omnia
2672 4694 2775 4748 per
2828 4678 3204 4733 conductitios
3229 4692 3513 4748 praecones

1938 4773 2333 4843 impleverunt.
2379 4771 2561 4842 Atque
2604 4779 2665 4826 ut
2690 4786 2755 4826 ea
2788 4787 2911 4841 quae
2942 4770 3228 4835 dicebant,
3263 4770 3513 4827 audienti

1936 4864 2166 4919 cuilubet
2217 4864 2422 4918 invicto
2477 4873 2804 4935 argumento
2853 4866 3266 4930 conﬁrmarent,
3315 4879 3514 4932 magno

1935 4963 2196 5025 apparatu
2250 4969 2353 5010 nos
2415 4954 2798 5019 incluserunt,
2857 4968 2967 5024 quo
3022 4954 3232 5009 scilicet
3280 4954 3339 5008 in
3389 4970 3512 5020 nos,

1935 5057 2070 5117 quot
2094 5056 2149 5103 et
2205 5047 2388 5117 qualia
2436 5046 2709 5108 libuisset,
2762 5047 3138 5116 contingerent
3161 5060 3226 5101 ac
3257 5044 3516 5102 decerne-

1936 5148 2093 5203 rent,
2125 5140 2400 5209 simulque
2419 5147 2477 5192 ut
2499 5154 2563 5192 ex
2598 5137 2667 5192 iis
2688 5137 2781 5207 qui
2810 5138 2965 5193 tardo
2994 5150 3181 5193 essent
3204 5139 3272 5193 ad
3304 5138 3516 5194 discen-

1940 5230 2071 5283 dum
2129 5228 2370 5298 ingenio,
2428 5229 2611 5282 socios
2656 5227 2763 5281 sibi
2801 5227 2988 5296 plures
3018 5229 3401 5298 adjungerent,
3430 5244 3516 5280 re-

1941 5322 2104 5376 motis
2148 5334 2312 5390 quam
2373 5318 2690 5389 longissime
2737 5320 2867 5384 illis,
2891 5319 3094 5389 quibus
3146 5320 3514 5389 prwscntibns

1939 5414 2101 5469 facile
2132 5423 2387 5483 poterant
2411 5411 2693 5481 redargui,
2726 5427 2837 5467 non
2870 5414 2966 5468 Dei
3001 5421 3175 5478 metu,
3208 5428 3316 5466 non
3344 5413 3517 5465 humi-

1938 5516 2070 5562 nttm
2106 5504 2411 5561 reverentia
2445 5504 2738 5570 deterriti,
2775 5518 2886 5560 non
2926 5494 3020 5560 de‘
3042 5506 3207 5576 hujus
3237 5506 3361 5559 \it:e
3386 5505 3516 5558 faci-

1940 5600 2166 5654 noribus
2188 5597 2457 5665 judicium
2486 5596 2616 5651 olim
2645 5596 2890 5653 futurum
2911 5610 3032 5653 esSe
3074 5597 3386 5661 credentes,
3414 5614 3516 5652 nec

1938 5689 2249 5744 mercedem
2288 5688 2449 5743 bonis
2493 5697 2550 5742 et
2597 5690 2776 5755 malis,
2811 5690 3266 5760 quemadmodum
3312 5689 3514 5745 docent

1936 5794 2088 5836 sacra
2146 5779 2367 5834 oracula
2402 5779 2443 5847 ³,
2512 5780 2872 5838 constitutam
2933 5776 3318 5852 loaj'vesse
3364 5783 3512 5840 arbi-

1938 5882 2163 5931 trames.
