3856 6570
187 419 316 488 1301

186 535 368 611 ῥηκὼς
392 539 421 591 δ
453 538 594 611 ἀνὴρ
628 540 687 605 ἐξ
708 543 885 614 ἀρχῆς
918 543 1095 621 ταύτῃ
1141 550 1269 614 τοὺς
1314 551 1741 623 ἐντυγχάνοντας

180 628 264 681 διά
296 627 414 699 βῖου
439 631 762 697 κατέκλυζε,
795 635 892 719 καὶ
923 641 1129 709 τροφῆς
1170 642 1340 711 αὐτῆς
1390 643 1743 719 ἐπιλανθανό-

105 783 111 789 1
187 733 373 787 μενος.
414 719 634 775 Διδηκαὶ
662 714 878 787 πάντας
910 727 1103 795 σοφίας
1149 728 1206 792 ἐς
1226 729 1387 784 τοῦτο
1413 714 1742 801 συγκλείσας

181 806 309 869 τοὺς
340 809 570 877 ἔρωτας,
622 813 718 865 καὶ
747 812 910 869 τοῦτο
941 817 1105 887 μόνον
1138 821 1327 875 ίκανδν
1366 823 1737 896 ἡγησάμενος,

179 899 240 951 τὸ
284 899 530 968 χρυσοῦν
561 902 796 973 ἀπονητὶ
850 908 1208 980 συγκομίζειν
1242 912 1399 982 θέρος
1452 915 1601 987 αὐτῷ
1633 918 1742 972 τῶν

180 989 426 1054 ἐπαίνων
451 991 690 1057 πάντων,
726 994 926 1065 ἥκιστα
973 998 1060 1054 διὰ
1108 1003 1391 1070 φροντίδος
1448 1005 1742 1076 πεποίηται

179 1082 346 1149 egeat;
386 1083 482 1135 καὶ
511 1082 781 1151 δόγμασιν
812 1086 979 1159 ἱεροῖς
1008 1090 1101 1143 τὸν
1124 1092 1227 1161 τῆς
1254 1092 1499 1166 γλώττης
1527 1101 1742 1168 κοσμῆ-

176 1185 268 1221 σαι
322 1169 542 1241 δρόμον.
571 1170 649 1227 Ἢ
677 1175 788 1247 γὰρ
817 1176 883 1230 ἂν
909 1178 1020 1231 τῶν
1049 1181 1197 1235 δυοῖν
1231 1184 1452 1250 οὐδενὸς
1476 1187 1740 1253 ἐξέπιπτε

176 1261 391 1327 χρόνων
418 1277 432 1290 ·
464 1263 582 1317 ἀλλ’
612 1267 700 1345 ἀεὶ
733 1268 835 1337 μὲν
862 1270 924 1321 τὺ
946 1271 1047 1339 τῆς
1106 1272 1454 1345 πολυλογίας,
1516 1279 1591 1343 ὡς
1647 1282 1741 1336 ἐπὶ

176 1351 428 1405 πλεῖστον
454 1357 773 1428 ἁμαρτάνον
809 1361 946 1433 (52).
980 1364 1264 1434 διέφευγεν
1316 1368 1382 1424 ἄν
1403 1386 1417 1401 ·
1470 1371 1566 1429 νῦν
1593 1374 1637 1428 δ’
1659 1377 1741 1441 εἰς

173 1444 235 1494 τὸ
267 1445 364 1514 τῆς
397 1447 791 1515 ἀσεόιὶαξούκ
818 1452 885 1507 ἂν
914 1455 1173 1512 ἐνέπιπτε
1207 1459 1505 1535 βάραθρον.

564 419 640 492 [Α.
681 435 730 478 c.
774 423 936 498 εδει]

243 1721 329 1777 ιιν.
364 1725 635 1821 τοιούτοις
654 1727 807 1801 οἴμαι
842 1736 937 1787 καὶ
967 1738 995 1789 ὁ
1025 1737 1202 1807 μέγας
1241 1743 1299 1796 ἐν
1323 1743 1571 1821 θεολογίᾳ
1597 1750 1739 1821 Γρη-

170 1813 358 1882 γὸρεος
384 1819 609 1885 ἀνδράσι
640 1825 970 1895 περιτυχὼν,
1006 1830 1065 1883 ἐν
1084 1833 1149 1901 τῇ
1201 1834 1308 1888 τῶν
1347 1813 1741 1913 Πνευμάτομά-

1146 431 1585 497 BYZANTINA!
1621 402 2186 506 IIISTORthtlB.
2223 448 2386 510 xxr.

2502 442 2638 517 [tum
2678 428 2721 503 ά.
2761 458 3057 502 omnem.
3098 444 3156 518 5]

3273 448 3413 515 1302

1765 559 1816 648 ρ
1844 556 2076 627 quadam
2103 569 2159 615 et
2186 561 2490 620 voluntario
2516 564 2685 622 animi
2715 577 2866 621 motu
2890 565 3116 636 caligine
3142 564 3409 633 turbidas,

1846 650 2083 721 repellit.
2148 653 2372 724 Ingenio
2415 656 2619 728 quippe
2655 667 2712 713 et
2765 657 2988 714 dicendi
3020 654 3178 728 copia
3212 659 3413 712 riril‘le
3478 641 3492 667 ⁵

1837 744 1946 816 jam
1978 746 2105 804 inde
2156 750 2224 805 ab
2289 750 2448 806 initio
2509 752 2771 817 confisus,
2805 767 2871 808 eo
2905 761 3166 821 tanquam
3206 750 3414 805 diluvio

1842 836 2034 893 obvios
2052 853 2303 911 quosque
2327 849 2595 911 perpetuo
2616 842 2940 909 inundabat.
2967 843 3134 898 etiam
3161 842 3411 910 capiendi

1843 926 1950 982 cibi
1989 929 2300 988 immemor.
2330 931 2598 990 Omnibus
2629 934 2812 1004 itaque
2839 936 3100 990 doctrina:
3134 935 3413 989 amoribus

1842 1018 1950 1076 hoc
1981 1021 2090 1078 [ine
2124 1024 2580 1096 circumscriptis,
2611 1042 2737 1083 cum
2779 1044 2948 1082 unum
2992 1029 3097 1082 hoc
3123 1030 3256 1084 satis
3288 1044 3411 1083 esse

1842 1113 2203 1177 arbitraretur
2236 1116 2304 1171 ad
2363 1118 2726 1188 colligendam
2775 1118 2879 1173 sibi
2907 1119 3127 1173 laudum
3161 1119 3409 1174 omnium

1841 1219 2074 1261 messem
2129 1223 2374 1274 auream,
2428 1209 2715 1265 minimum
2774 1211 2988 1266 curavit
3039 1213 3184 1266 illam
3215 1213 3411 1281 lingua:

1844 1297 2249 1355 volubilitatem
2288 1301 2649 1356 scientiarum
2709 1311 2765 1356 ct
2787 1318 3068 1358 sacrorum
3096 1303 3406 1370 dogtttatnttt

1842 1402 1947 1444 usu
1974 1405 2200 1447 ornare.
2232 1391 2448 1462 Alioqui
2483 1394 2634 1448 ttullo
2672 1403 2916 1463 tempore
2942 1393 3081 1447 male
3121 1395 3169 1448 ei
3210 1395 3407 1447 cessis-

1841 1487 1955 1534 set:
1991 1480 2085 1535 sed
2126 1493 2182 1536 et
2225 1482 2518 1538 verborum
2564 1483 2979 1547 abundantiam,
3019 1499 3139 1552 qum
3171 1485 3410 1552 plerum-

1842 1586 1949 1641 que
1980 1582 2189 1642 peccat,
2235 1588 2450 1639 semper
2483 1575 2786 1645 eifugisset.
2825 1590 2925 1629 nec
2977 1575 3032 1630 in
3088 1574 3404 1628 barathrum

1842 1661 2146 1732 impietatis
2177 1665 2390 1736 1027
2420 1681 2667 1737 praeceps
2693 1684 2841 1722 nunc
2874 1669 3195 1723 corruisset.

1912 1752 2048 1809 Vill.
2081 1754 2238 1812 Tales
2275 1757 2442 1812 credo
2466 1761 2724 1829 ‘magnus
2775 1760 2864 1815 ille
2891 1761 3172 1831 theologus
3199 1760 3407 1832 Grego-

1843 1844 1959 1899 rius
1996 1846 2248 1902 homines
2277 1858 2490 1914 nactus,
2531 1849 2589 1904 in
2614 1851 3235 1907 Pneumatomachorutn
3298 1856 3408 1906 bu:-

167 1925 278 1974 χων
318 1914 703 1980 περιπεσοῦσιν
740 1919 971 1987 αἱρέσει,
1013 1923 1309 1981 «Τοσοῦτον
1336 1931 1510 2001 ὑμῶν,
1533 1953 1553 1987 ι
1581 1939 1734 2007 φησὶ,

1843 1937 1988 1992 resin
2042 1940 2193 2009 prola
2202 1902 2371 2009 psos,
2389 1902 2398 1904 ἡ
2414 1959 2434 1993 ι
2448 1902 2462 1904 ἡ
2475 1902 2489 1914 1
2701 1902 3070 2015 “(inquiti—vos
3085 1902 3406 2013 amplector

172 2016 189 2048 ι
229 2003 566 2072 περιέχομαι
613 2011 705 2061 καὶ
734 2011 987 2068 τοσοῦτον
1016 2015 1170 2082 ὑμῶν
1219 2020 1475 2093 αίδοῦμαι
1527 2003 1739 2097 τὴνεΰὲ

166 2108 379 2189 κοσμον
406 2096 611 2189 ταύτην
646 2100 844 2172 στολὴν
880 2107 972 2158 καὶ
1023 2108 1085 2161 τὸ
1140 2111 1339 2182 χρῶμα
1395 2117 1495 2184 τῆς
1532 2119 1739 2189 ἐγκρα-

163 2185 323 2284 τείας
346 2187 442 2284 καὶ
474 2189 541 2241 τὰ
565 2190 684 2260 ἱερὰ
716 2196 889 2249 ταῦτα
919 2201 1236 2270 συστήματα
1278 2192 1508 2284 κάλ’τὴν
1535 2185 1738 2284 σεμνὴν

166 2278 474 2376 παρθενίαν
500 2284 593 2335 καὶ
621 2284 890 2356 κάθαρσιν
917 2293 1012 2346 καὶ
1051 2291 1149 2365 τὴν
1187 2281 1455 2369 πάννυχον
1510 2278 1739 2376 ψαλμιρ-

164 2367 291 2465 δίαν
321 2373 506 2426 καὶτὸ
541 2376 884 2449 φιλόπτωχον
911 2385 1007 2436 καὶ
1060 2367 1392 2458 φιλάδελφον.
1425 2367 1536 2448 καὶ.
1582 2367 1738 2465 φὶλὲς-

165 2458 346 2525 ξενον,
395 2462 534 2518 ὥστε
577 2470 673 2523 καλ⁸
726 2471 973 2543 ἀνάθεμα
1011 2470 1149 2530 εἶναι
1203 2479 1310 2532 ἀπὸ
1364 2458 1607 2552 Χριστοῦ.
1643 2489 1738 2543 καὶ

164 2551 366 2648 παθεῖν
392 2571 445 2607 τι
473 2557 548 2620 ὡς
578 2561 910 2632 κατάκριτος
936 2566 1198 2636 δέχομαι·
1233 2571 1392 2639 μόνον
1420 2551 1474 2626 εί
1512 2576 1735 2648 σταίη-τε

165 2643 629 2739 μεθ’ήμῶν,-κα“ι
660 2657 810 2739 κοινῇ
846 2658 946 2725 τὴν
977 2659 1181 2727 Τριάδα
1224 2662 1569 2735 δυξάσαιμεν.
1603 2643 1738 2739 Περὶ

160 2730 277 2799 γάρ
305 2733 416 2823 τῶν
442 2734 618 2790 ἄλλων
641 2737 694 2791 τί
724 2740 836 2815 ⁵χρὴ
870 2744 960 2795 καὶ
999 2743 1200 2812 λέγειν,
1252 2730 1460 2818 σαφῶς⁷
1484 2730 1739 2823 τεθνηκύ-

158 2838 275 2874 των
298 2841 314 2888 ;
341 2822 434 2887 οὓς
458 2826 697 2897 Χριστοῦ
725 2831 888 2900 μόνου
925 2834 1156 2904 ἐγεῖραι,
1194 2837 1290 2890 τοῦ
1344 2822 1736 2908 ζωοποιοῦντος

159 2916 297 2979 τοὺς
329 2923 555 2990 νεκροὺς
585 2924 728 2976 κατὰ
753 2924 851 2993 τὴν
894 2927 1091 2980 ἑαυτοῦ
1151 2928 1414 2999 δύναμιν*
1445 2933 1497 2987 οἳ
1551 2936 1737 2999 κακῶς

158 3005 255 3076 τῷν
273 3009 430 3080 τόπῳ
476 3013 824 3084 χωρίζονται,
882 3017 959 3088 τῷ
1012 3019 1155 3087 λόγῳ
1205 3020 1597 3093 συνδεδεμένοι,
1641 3029 1737 3079 καὶ

156 3100 423 3155 τοσοῦτον
454 3104 590 3175 πρὸς
623 3106 886 3178 ἀλλήλους
918 3108 1343 3183 ζυγομαχοῦσιν.
1390 3115 1515 3168 ὅσον
1539 3116 1741 3184 ὀφθαλ-

1837 2038 2000 2099 atque
2035 2031 2345 2097 exosculor,
2369 2033 2509 2088 adeo
2540 2034 2867 2089 concinnam
2895 2035 3037 2090 hanc
3063 2047 3299 2090 vestram
3349 2042 3406 2089 et

1837 2121 2200 2190 compesitam
2255 2135 2464 2179 vestem
2520 2139 2799 2193 TCVEI'COI',
2833 2136 2889 2181 ει
2940 2136 3282 2181 contractum
3335 2141 3406 2181 ex

1837 2212 2174 2266 continentia
2205 2214 2468 2282 colorem,
2490 2224 2546 2269 et
2568 2231 2756 2271 sacros
2780 2217 2880 2273 hos
2925 2227 3122 2284 cretus,
3152 2226 3208 2272 et
3239 2233 3406 2272 vene-

1838 2301 2065 2356 randam
2124 2304 2498 2374 virginitatem
2558 2320 2620 2362 ac
2676 2296 3398 2378 purgationem,etnoctes,

1836 2409 1971 2463 quas
1995 2397 2048 2448 in
2077 2396 2409 2464 psalmorum
2462 2400 2717 2453 cautione
2777 2399 3398 2469 insomnestransigitis,

1835 2493 1889 2537 ct
1927 2499 2262 2554 propensum
2322 2487 2379 2541 itt
2429 2486 2701 2557 pauperes
2750 2498 2807 2544 et
2836 2486 3035 2542 fratres
3066 2499 3122 2543 et
3152 2488 3402 2559 hospites

1836 2575 2078 2630 studium
2138 2588 2302 2647 atque
2372 2593 2639 2643 amorem,
2699 2587 2762 2633 ut
2813 2580 3104 2634 anathema
3164 2582 3329 2635 etiam
3370 2596 3402 2635 a

1835 2664 2056 2741 Christo
2116 2682 2260 2733 esse,
2301 2683 2367 2724 ac
2423 2657 2696 2733 nonnihil,
2730 2679 2790 2723 ut
2838 2672 3153 2735 damnatus,
3186 2671 3400 2741 perpeti

1837 2740 1949 2810 noxi
1982 2773 2233 2813 recusem
2266 2778 2279 2815 :
2308 2762 2473 2816 modo
2506 2761 2796 2817 nobiscum
2832 2763 3227 2835 adjungamini,
3251 2778 3403 2818 com-

1838 2850 2207 2919 munibusque
2271 2852 2470 2907 animis
2499 2853 2825 2908 Trinitatem
2874 2855 3234 2909 celebremus.
3266 2852 3401 2908 Nam

1836 2938 1967 3007 quid
1997 2939 2066 2994 de
2096 2940 2219 2994 aliis
2268 2940 2471 3006 dicant,
2505 2932 2797 3019 perspicue
2847 2944 3079 2997 mortuis
3142 2944 3304 3013 (quos
3333 2943 3403 2999 ad

1836 3030 2001 3084 vitam
2036 3046 2296 3088 revocare
2321 3031 2525 3089 Christi
2559 3034 2733 3090 solius
2755 3045 2863 3100 est,
2895 3036 2989 3105 qui
3024 3050 3121 3090 sua
3154 3035 3403 3104 potentia

1838 3130 2087 3178 mortuos
2145 3123 2430 3197 vivificat),
2471 3126 2566 3198 qui
2617 3127 2741 3182 loco
2768 3127 2910 3183 male
2958 3136 3122 3197 atque
3154 3125 3405 3196 improbe

162 3193 261 3261 μοὶ
309 3194 625 3267 διάστροφοι
673 3200 733 3254 τὸ
780 3201 839 3254 ἓν
872 3203 1180 3273 βλέποντες,
1233 3208 1324 3261 καὶ
1382 3209 1443 3261 οὐ
1497 3213 1563 3280 τῇ
1596 3211 1736 3281 ὄψει,

1843 3216 2248 3283 distrahuntur,
2276 3193 2402 3275 cum
2429 3220 2692 3277 doctrina:
2711 3220 2934 3277 vinculo
2963 3220 3403 3284 constrictisint,

155 3286 226 3353 τῇ
258 3285 415 3340 θέσει
436 3288 493 3341 δὲ
518 3291 901 3358 στασιάζοντες
923 3311 937 3324 ·
962 3296 1015 3349 εἴ
1042 3314 1106 3364 γε
1156 3300 1252 3352 καὶ
1278 3301 1616 3374 διαστροφὴν
1631 3306 1733 3358 αύ-

153 3382 279 3443 τοῖς
317 3382 631 3455 έγκλητέον,
663 3388 799 3442 ἀλλὰ
821 3389 897 3461 μὴ
923 3391 1215 3462 τύφλωσιν.
1250 3411 1270 3446 ι

1843 3317 2166 3380 tantumque
2214 3312 2357 3367 inter
2403 3314 2849 3380 secontendunt,
2878 3324 3142 3384 quantum
3188 3310 3405 3367 distorti

1842 3403 2008 3467 oculi,
2071 3418 2234 3458 unam
2287 3404 2644 3476 eamdemque
2680 3414 2812 3460 rem
2859 3414 3167 3469 cernentes,
3192 3416 3256 3458 ac
3293 3416 3407 3457 non

152 3473 374 3571 obtitu,
407 3477 503 3532 sed
559 3479 668 3535 situ
723 3480 981 3553 duntaxat
1019 3486 1164 3540 inter
1188 3478 1248 3542 se
1286 3485 1652 3557 dissidentes;
1686 3491 1730 3547 si
1772 3502 1952 3551 tamen
1986 3495 2121 3571 Jillis
2152 3496 2427 3561 distortio
2456 3510 2513 3557 et
2551 3473 2907 3571 perversitas,
2938 3514 3046 3555 non
3092 3502 3276 3556 autem
3306 3513 3408 3555 cae—

151 3566 310 3622 citas
340 3568 644 3638 obiicienda
678 3582 781 3636 est.
838 3592 859 3626 ι

229 3663 328 3736 [Ρ.
358 3664 482 3737 646]
523 3666 603 3721 Θ¹.
629 3667 775 3737 Ἐγὼ
808 3668 865 3723 δὲ
895 3670 990 3725 καὶ
1020 3671 1200 3727 ταῦτα
1230 3674 1410 3739 καλῶς
1437 3692 1497 3730 τε
1527 3678 1615 3731 καλ
1646 3678 1735 3730 εὖ·

152 3758 324 3826 φυῶς
347 3746 480 3827 πρὸς
502 3758 600 3829 τὴν
626 3760 906 3831 παροῦσαν
924 3763 1196 3834 εὑρίσκων
1218 3766 1475 3819 ὑπόθεσιν
1501 3767 1740 3839 άρμοζόυ

154 3866 315 3920 μενοι
342 3850 436 3904 καὶ
470 3852 632 3905 πλέον
658 3853 765 3922 ἔχω
794 3871 849 3907 τι
870 3854 1050 3923 λέγειν
1076 3857 1261 3921 αὐτός.
1315 3858 1609 3930 Ἀνῄρηται
1628 3863 1739 3933 γάρ

153 3943 366 4013 ἀγάπη
395 3945 544 3997 πᾶσα
579 3946 671 3999 καὶ
713 3948 1037 4016 παραμυθία
1062 3950 1157 4002 καὶ
1182 3949 1337 4017 λόγος
1364 3950 1532 4019 φίλων
1555 3954 1737 4022 παρή-

152 4053 354 4106 γορος.
384 4036 636 4107 Οὐδαμοῦ
665 4039 971 4109 σπλάγχνον
999 4042 1287 4111 ἀδελφικὸν
1333 4045 1470 4112 (55),
1502 4046 1738 4115 οὐδαμοῦ

150 4129 408 4198 δάκρυον
440 4131 745 4198 συμπαθές.
782 4132 948 4186 Ὅθεν
1006 4136 1101 4188 καὶ
1133 4134 1484 4207 ἀνεμνήσθην
1516 4138 1740 4191 ἐκείνων

152 4220 260 4274 τοῦ
296 4221 640 4289 Σολομῶντος
668 4238 681 4253 ο
707 4223 1013 4295 Ἀπέϐλεψα
1042 4226 1172 4294 γὰρ,
1205 4229 1407 4292 ἐκεῖνός
1438 4247 1590 4299 φησι,
1647 4231 1753 4284 καὶ

150 4311 316 4367 εἶδον
342 4313 446 4366 ὑπὸ
474 4313 564 4367 τὸν
586 4315 761 4385 ἦλιονε
802 4315 885 4368 ὅτι
915 4318 975 4369 οὐ
1010 4318 1122 4381 τοίς
1177 4318 1403 4387 κούφοις
1460 4322 1486 4372 ὁ
1515 4321 1737 4390 δρόμος,

150 4407 291 4460 οὐδὲ
322 4409 435 4470 τοῖς
474 4408 726 4472 δυνατοῖς
754 4408 783 4462 ὁ
813 4408 1050 4479 πόλεμος
1080 4428 1096 4443 ο
1124 4412 1217 4464 καί
1244 4429 1307 4481 γε
1336 4413 1396 4466 οὑ
1426 4415 1538 4476 τοῖς
1557 4417 1740 4480 σοφοῖς

149 4500 187 4570 ή
221 4498 534 4569 φρόνησις*
556 4499 653 4553 καί
677 4516 744 4567 γε
780 4500 842 4553 οὐ
872 4503 984 4563 τοῖς
1029 4500 1200 4569 φίλοις
1229 4502 1289 4555 τὸ
1321 4500 1512 4556 εὔελπι
1536 4520 1549 4533 ⁸
1604 4504 1741 4557 ἀλλὰ

151 4588 369 4658 καιρὸς
421 4580 513 4642 κάι
561 4589 862 4658 άπάντημα
918 4590 1261 4658 συμϐήσεται
1338 4592 1504 4645 πᾶσιν
1554 4592 1739 4655 αὐτοῖς

147 4679 579 4749 ἀπροσδόκητον
609 4673 675 4732 ὲκ
708 4679 868 4747 Θεοῦ,
934 4682 1115 4736 πᾶσαν
1165 4682 1494 4754 ὕπερόαἴνον
1546 4684 1737 4752 σοφίαν

147 4771 262 4824 καὶ
294 4756 529 4841 δύναμιν
579 4770 949 4842 ἀνθρωπίνην,
984 4772 1078 4825 καὶ
1107 4773 1289 4827 πάντα
1344 4774 1606 4841 φαυλέζον
1638 4776 1735 4828 άν-

144 4859 443 4931 θρὼπινον
470 4861 632 4930 δγκον
670 4864 765 4915 καὶ⁸
815 4859 1026 4933 τῦφονί
1060 4864 1152 4917 Διὸ
1182 4864 1275 4918 καὶ
1334 4866 1492 4935 σιγᾷν
1545 4864 1737 4936 ἔκρινα.

142 4954 304 5018 δεῖν,
340 4953 589 5007 καὶτῶν
632 4953 726 5007 τοῦ
785 4953 902 5022 βίου
959 4955 1228 5025 παιγνίων
1279 4955 1582 5025 θαυμάζειν
1639 4958 1738 5019 τὰς

41 5028 47 5055 ⁸
142 5044 573 5113 ἀγχιστρόφους
625 5044 952 5114 μεταϐολὰς,
992 5047 1087 5097 καὶ
1138 5045 1343 5115 μηδένα
1380 5045 1486 5115 πρὸ
1547 5046 1736 5099 τελευ-

143 5134 267 5203 τῆς
331 5133 683 5215 μακαρίζειν.
744 5134 852 5189 Καὶ
881 5137 908 5186 ὁ
948 5135 1047 5205 μὲν
1095 5137 1320 5206 Δαρεῖος
1377 5137 1583 5199 ἐκεῖνος
1629 5136 1733 5190 ὑπὸ

142 5223 396 5293 πληγῶν
447 5228 540 5278 καὶ
603 5218 938 5297 τραυμάτων
1008 5228 1313 5281 ἐπιϐούλων
1362 5229 1444 5290 εἰς
1504 5227 1735 5282 θάνατον

139 5317 543 5387 ἐλαυνόμενος,
603 5318 790 5387 ἐπειδὴ
860 5317 1096 5388 διψήσας
1142 5317 1351 5388 ,ᾔτησεν
1417 5316 1579 5386 ὕδωρ,
1641 5319 1737 5373 καὶ

140 5406 354 5479 παρῆν
377 5408 553 5471 οὐδεὶς
589 5408 649 5461 ὲν
682 5409 874 5481 ἐρήμῳ
923 5410 1020 5464 καὶ
1056 5410 1243 5480 ἀϐάτῳ
1278 5410 1597 5482 διω>.ομένῳ
1640 5415 1736 5482 γῇ,

233 5548 256 5581 ³
304 5547 486 5606 Eccle.
526 5565 603 5617 tx,
646 5552 731 5608 ll.
839 5572 855 5585 ·

1916 3678 2008 3736 ΙΧ.
2045 3679 2177 3751 Ego'
2206 3696 2358 3750 vero,
2420 3682 2526 3738 etsi
2566 3683 2681 3739 haec
2704 3682 2772 3737 ad
2816 3698 3059 3751 praesens
3093 3682 3404 3738 institutum

1840 3774 2067 3842 pulchre
2110 3782 2167 3829 et
2211 3783 2335 3845 apte
2366 3775 2775 3830 accommodata
2807 3774 3042 3845 reperio,
3077 3784 3255 3830 tamen
3289 3775 3406 3846 ipse

1842 3866 1963 3928 plus
1996 3867 2137 3922 dico.
2165 3867 2391 3923 Sublata
2420 3869 2828 3923 scilicetomnis
2851 3869 3093 3924 rharitas
3116 3879 3173 3925 et
3202 3884 3405 3925 conso-

1839 3959 1989 4021 latio,
2027 3967 2082 4013 et
2107 3960 2406 4014 amicorum
2434 3960 2633 4014 blanda
2687 3960 2968 4015 allocutio.
2995 3959 3272 4031 Nusquam
3299 3960 3408 4015 fra-

1841 4059 1995 4104 terna
2046 4051 2255 4105 viscera
2313 4067 2327 4103 :
2374 4066 2645 4121 nusquam
2708 4051 2960 4123 lacrymte
3027 4052 3404 4107 condolentcs.

1838 4143 1992 4198 Unde
2016 4153 2071 4196 et
2107 4143 2197 4195 illa
2235 4144 2543 4197 Salomonis
2600 4145 2924 4199 recordatus
2973 4159 3093 4199 sum
3129 4145 3405 4215 :Respexi
3496 4130 3510 4154 ’

1839 4230 2219 4302 οιιὶιιιῗ(ῐη‹ιυὶι
2274 4234 2385 4300 ille)
2436 4242 2499 4287 et
2530 4233 2640 4287 vidi
2691 4235 2794 4288 sub
2838 4235 2974 4298 sole,
3006 4236 3265 4303 quoniam
3296 4250 3406 4290 non

1835 4334 1918 4379 est
1949 4327 2225 4381 velocibus
2248 4342 2461 4391 cursus,
2512 4342 2615 4381 nec
2666 4326 2980 4396 potentibus
3005 4327 3277 4395 praelium.
3304 4344 3407 4385 nec

1836 4415 2057 4486 quidem
2106 4417 2447 4486 sapientibus
2485 4418 2801 4487 prudentia,
2833 4431 2935 4472 nec
2959 4418 3181 4486 quidem
3215 4418 3407 4473 amicis

1840 4507 2054 4576 1023
2081 4523 2208 4576 spes
2235 4507 2374 4561 bona
2401 4525 2415 4574 ;
2472 4508 2568 4562 sed
2625 4517 2838 4579 tempus
2861 4518 2917 4563 et
2945 4517 3176 4562 eventus
3207 4521 3404 4562 occur-

1840 4610 1923 4652 ret
1950 4598 2208 4653 omnibus
2228 4598 2335 4652 illis
2364 4598 2677 4668 inopinatus
2719 4613 2747 4653 a
2795 4594 3170 4664 Deo,.onmem
3209 4612 3405 4667 super-

1838 4688 2088 4757 grediens
2121 4687 2441 4757 sapientiam
2466 4695 2520 4742 et
2552 4688 2812 4742 virtutem
2846 4686 3160 4752 humanam,
3185 4701 3405 4741 omnem

1834 4778 2149 4848 deprimens
2185 4762 2482 4833 humanum
2519 4789 2787 4834 tumorem
2843 4787 2899 4832 et
2953 4778 3407 4844 fastum.Quant-

1833 4868 2020 4922 obrem
2046 4874 2103 4922 et
2130 4868 2315 4933 silere,
2340 4880 2397 4923 et
2423 4883 2616 4923 eorum
2648 4868 2739 4936 qui
2767 4868 2931 4921 vitam
2976 4869 3117 4922 hanc
3148 4877 3407 4923 exercent

1835 4956 2089 5010 ludorum
2118 4956 2339 5011 crebras
2362 4956 2769 5011 vicissitudines
2800 4957 3010 5021 mirari,
3037 4969 3095 5012 et
3127 4959 3402 5013 neminem

1835 5058 1962 5103 ante
2019 5048 2233 5103 obitum
2284 5048 2392 5104 dici
2436 5048 2649 5104 felicem
2696 5049 3220 5121 oporterejudieavi
3256 5052 3296 5104 ¹.
3330 5052 3406 5107 Ac

1839 5140 2031 5195 Darius
2053 5141 2274 5210 quidem
2325 5141 2436 5201 ille.
2464 5141 2640 5213 plagis
2690 5151 2746 5196 et
2782 5142 3100 5196 vulneribus
3153 5143 3409 5211 perinsi-

1840 5231 1958 5285 dias
1988 5234 2249 5302 acceptis,
2278 5234 2524 5302 adeoque
2555 5243 2729 5287 morte
2768 5234 3028 5294 instante.
3056 5249 3180 5288 cum
3205 5248 3405 5302 aquam

1840 5321 2034 5376 sitiens
2092 5322 2363 5391 petiisset,
2423 5333 2480 5377 et
2526 5323 2577 5379 ei
2638 5338 2734 5393 per
2780 5323 2996 5379 deserta
3023 5326 3077 5378 et
3114 5325 3254 5377 invia
3287 5323 3431 5392 loca~

1841 5413 2072 5485 fugienti
2108 5430 2271 5471 nemo
2302 5414 2544 5484 adesset,
2576 5432 2687 5472 uno
2722 5427 2974 5488 excepto,
2998 5432 3173 5486 coque
3207 5414 3408 5469 iulium:

1483 5672 1819 5739 Variorum
1867 5684 2057 5740 notat.

139 5788 363 5919 Baga
397 5788 665 5863 Gregoras
713 5807 875 5851 suum
910 5793 1086 5866 ipsius
1116 5792 1307 5853 vitium
1339 5797 1499 5855 alteri
1526 5799 1739 5872 objicit.

1921 5802 2034 5871 ('53)
2065 5799 2158 5856 Sic
2179 5817 2350 5881 supra
2379 5804 2435 5860 in
2464 5804 2741 5876 excerptis
2769 5819 2837 5863 ex
2860 5805 2924 5865 Β.
2955 5805 3160 5863 Basilio
3185 5807 3253 5866 de
3284 5808 3409 5881 δρία

1849 5871 1956 5927 ritu
1984 5881 2194 5929 sancto.
2228 5871 2442 5932 Bonna.
