3974 6590
258 431 397 494 1‘05
645 430 719 500 [ι.
762 444 815 486 c.
855 428 1015 502 1331]

1254 434 1697 499 ΒΥΖΑΝΤΙΝᾹΞ
1736 436 2118 499 HlSI‘ORLE
2157 442 2304 502 LIB.
2348 441 2485 502 XXI

2093 245 2207 260 -ιστια

2593 437 2723 508 Line.
2763 451 2805 491 ι.
2845 452 3140 492 οικτλουτ.

3363 442 3490 505 13οί
3520 434 3529 447 ί

252 541 407 618 εῖχεν
440 545 600 617 ἡμῶν
633 548 726 601 καὶ
751 547 853 619 τῆς
881 547 1163 613 εὐσεϐείας
1184 565 1198 581 ⁸
1229 553 1297 621 τῇ
1337 550 1384 604 δ’
1419 551 1649 623 ἀληθείᾳ
1680 548 1820 619 γνώ-

1933 568 2031 622 que
2072 553 2337 609 doctrina:
2376 554 2604 633 :lreipsa
2653 565 2834 609 autem
2887 553 3066 608 inerat
3112 555 3333 624 scriptis
3390 556 3490 610 illis

256 656 368 710 μης
398 639 625 694 ἐκείνων
663 636 809 711 εῖχεν
841 641 1026 695 είκόνα
1057 643 1154 696 καὶ
1204 643 1409 719 στήλην
1436 644 1696 707 ἀσεϐείας
1751 643 1822 696 τὰ

250 730 584 801 γράμματα.
628 733 785 787 Ἐπεὶ
810 733 920 806 γὰρ
947 733 999 787 oi
1031 734 1183 803 λόγοι
1218 733 1316 789 νῦν
1348 734 1447 805 μὲν
1475 735 1684 799 είκόνες
1709 735 1820 789 εἰσὶ

248 821 364 874 τῶν
391 822 760 893 πραγμάτων,
792 824 883 877 ὅτε
934 827 1043 896 πρὸ
1074 826 1184 879 τῶν
1218 825 1470 895 πράξεων
1498 828 1557 880 έν
1587 828 1696 889 τοῖς
1724 827 1826 895 τῆς

246 909 493 975 διανοίας
544 912 625 967 ἑτι
686 913 954 985 θαλάμοις
1006 917 1400 986 γυμνάζονται,
1436 919 1531 972 καὶ
1577 918 1648 971 τὰ
1694 917 1822 985 τέλη

246 1003 642 1075 ζωγραφοῦσιν
667 1009 782 1060 ἐκεῖ
815 1025 934 1071 πως
963 1009 1147 1062 αὐτῶν
1170 1023 1184 1040 ⁸
1215 1009 1312 1062 νῦν
1332 1009 1378 1062 δ’
1406 1010 1595 1076 ἕτερον
1623 1008 1823 1076 τρόπον

245 1098 349 1150 καὶ
381 1099 589 1162 είκόνες
640 1099 997 1155 καθίστανται
1022 1102 1120 1171 τῆς
1144 1096 1344 1172 ψυχῆς,
1378 1102 1466 1155 ὅτε
1530 1111 1669 1172 μετα
1725 1102 1825 1169 τὴν

245 1187 408 1242 ἔνδον
465 1191 750 1262 διάσκεψιν
803 1193 942 1264 ἔργα
996 1196 1239 1262 γίνονται
1290 1195 1388 1248 καὶ
1428 1195 1604 1257 αὐτοὶ,
1649 1194 1825 1263 ψυχῆς

246 1282 535 1348 ἀπόζοντα
561 1270 637 1347 ὡς
677 1286 874 1350 εἰπεῖν,
902 1286 997 1340 καὶ
1025 1288 1173 1350 ὅπως
1204 1287 1372 1354 ἕξεως
1405 1286 1519 1357 ἔχει
1555 1287 1651 1341 καὶ
1679 1285 1825 1355 γνὼ-

248 1392 371 1445 μης
401 1375 544 1445 αὐτὴ
575 1379 689 1440 τοῖς
720 1376 826 1444 ἔξω
866 1378 1234 1434 διατυποῦντα
1256 1394 1273 1411 ο
1303 1381 1404 1443 τὰς
1433 1379 1532 1447 τῆς
1560 1378 1706 1433 ἔνδον
1724 1394 1826 1432 κα-

245 1467 505 1535 κοδοξίας
525 1486 585 1522 τε
614 1472 709 1523 καὶ
738 1470 1032 1541 θηριωδίας
1062 1473 1280 1537 ἐίκόνας
1307 1475 1423 1536 τοῖς
1474 1472 1607 1539 ἔξω,
1640 1472 1827 1525 λοιπὸν
1862 1484 1882 1489 ‘

243 1560 349 1612 καὶ
406 1561 536 1614 τάδε
614 1562 887 1631 πομπεύει
946 1563 1014 1616 τὰ
1071 1564 1394 1633 γράμματα,
1450 1563 1828 1634 μεσημῦρινῆς

242 1651 483 1715 ἀκτῖνος
528 1652 997 1724 περιφανέστερον
1028 1655 1090 1707 τὸ
1134 1654 1407 1725 βδέλυγμα
1455 1654 1559 1724 τῆς
1590 1655 1830 1724 ἐσχάτης

247 1740 531 1812 ὑπάρχειν
572 1741 908 1812 ἐρημώσεως
965 1743 1291 1815 αὐτόχρημα
1328 1744 1463 1817 (37).
1528 1744 1687 1798 Ἀλλὰ
1733 1745 1827 1799 τοῦ

245 1847 317 1900 γε
373 1832 662 1902 θεομισοῦς
720 1833 1071 1904 ἀναθήματος
1128 1835 1339 1888 ἐκείνου
1397 1838 1463 1906 τῇ
1522 1836 1643 1907 ίερᾷ
1696 1852 1828 1906 τρα-

245 1922 401 1990 πέζῃ
435 1923 777 1988 ἐπιτεθέντος
808 1923 896 1996 [Ρ.
929 1924 1057 1997 648]
1113 1927 1141 1997 ἠ
1174 1924 1296 1980 θεία
1348 1926 1446 1996 μὲν
1508 1927 1608 1996 οὐχ
1650 1927 1829 1998 ἥψατο

243 2014 464 2085 ψῆφος,
491 2015 653 2080 εὐθὺς
679 2016 779 2087 τὴν
834 2018 1098 2089 ἁνᾴλογον
1149 2020 1488 2091 ἐπιφέρουσα
1539 2022 1607 2092 τῇ
1657 2021 1827 2093 τόλμῃ

243 2107 502 2163 κόλασιν.

323 2201 404 2254 Γ¹.
461 2201 601 2255 Ἀλλ’
635 2203 687 2256 ot
724 2199 912 2270 κύκλῳ
961 2205 1382 2273 περιιστάμενοι
1424 2205 1562 2267 τέως
1601 2201 1826 2257 ἐπίσκο-

247 2309 350 2345 ποι
383 2293 481 2347 καὶ
530 2293 897 2365 πρεσϐύτεροι
955 2295 1466 2366 πάντεςβϐόησαν,
1497 2296 1595 2366 οὐχ
1654 2294 1830 2366 ἤνπερ

247 2385 431 2455 ιχρῆν
482 2386 837 2457 ὲπιτίμησινο
872 2386 956 2440 ὃτι
1008 2388 1152 2451 Πῶς,
1221 2387 1497 2458 ἄνθρωπε,
1552 2387 1630 2458 τῷ
1685 2388 1830 2457 μόνῳ

247 2478 481 2529 πάντων
517 2480 719 2547 ποιητῇ
751 2478 873 2549 Θεῷ
905 2479 1179 2549 θεοτήτων
1208 2479 1530 2546 ἐπενεγκεῖν
1552 2480 1827 2548 διαφόρων

246 2567 605 2637 τετόλμηκας
625 2568 850 2638 πλῆθος,
878 2571 971 2623 καὶ
997 2571 1202 2641 ἥκιστα
1247 2572 1430 2633 δέδιας
1453 2571 1598 2625 κατὰ
1626 2571 1826 2626 σαυτοῦ

247 2678 313 2714 τε
357 2662 456 2715 καὟ.
477 2660 759 2730 ἡμῶνκαὶ
793 2661 1084 2734 Ῥωμαίων
1133 2664 1392 2719 ἁπάντων
1443 2665 1829 2735 προκαλούμε-

249 2770 350 2817 νος
382 2755 484 2824 τὴν
535 2754 748 2824 ἄμαχον
785 2750 1001 2825 ἐκείνην
1085 2758 1363 2828 ῥομφαίαν
1420 2760 1514 2812 καὶ
1565 2760 1690 2824 τούς
1721 2760 1830 2812 τῶν

248 2846 454 2899 κακῶν
511 2846 811 2910 παιδευτὰς
862 2845 1138 2917 αἰθερίους
1217 2848 1556 2920 κεραυνούς;
1614 2846 1830 2904 Τούτων

254 2938 365 3006 μὲν
392 2933 486 2991 οῦν
521 2937 676 2991 οὐδὲν
716 2938 825 2992 τῶν
869 2939 1122 2993 ἁπάντων
1149 2938 1264 2993 οὐτ’
1316 2935 1490 3005 εἷπον,
1528 2938 1645 2992 οὐθ’
1694 2936 1829 3014 ἧκεν

250 3031 451 3092 αὐτοῖς
469 3028 737 3083 οὐδέν’ἑπὶ
764 3027 907 3093 νοῦν,
933 3030 969 3083 ἃ
996 3031 1091 3084 καλ⁸
1131 3030 1232 3099 τῆς
1276 3029 1534 3096 ἀληθείας
1560 3033 1830 3103 ὲγγύτερα

249 3118 331 3193 ἦν
360 3138 376 3152 °
409 3121 551 3175 ἀλλὰ
604 3119 841 3185 κόλακας
877 3121 1102 3176 ἕκαστοι
1148 3121 1340 3190 λόγους
1390 3124 1832 3194 προμελετῆσαν-

250 3230 351 3277 τες
377 3212 736 3283 ὑπισχνοῦντο
786 3214 879 3266 καὶ
913 3211 1247 3285 προύφερον,
1277 3213 1312 3267 ὃ.
1352 3213 1511 3282 φύσις
1547 3212 1700 3284 δίκης
1731 3230 1897 3305 πε-’θ

253 3307 477 3378 ραίνειν
522 3304 622 3359 οὐκ
646 3301 818 3359 οἶδεν·
869 3306 953 3359 ὅτι
1004 3307 1121 3368 τοῖς
1171 3305 1270 3373 μὲν
1328 3306 1497 3359 πάλαι
1545 3305 1827 3375 βασιλεῦσι

201 3380 213 3389 ί
251 3400 441 3453 κοινόν
474 3415 527 3451 τι
550 3400 644 3453 καὶ
681 3399 909 3467 πάτριον
934 3398 1258 3469 σπούδασμα
1317 3394 1404 3470 ἦν,
1444 3399 1693 3468 κομίζειν
1746 3401 1830 3452 έν-

249 3490 439 3544 ταῦθα
478 3491 664 3560 χρυσῷ
685 3490 780 3543 καὶ
813 3489 1039 3560 ἀργύρῳ
1070 3491 1164 3543 καὶ
1190 3489 1360 3553 λίθοις
1390 3491 1709 3560 πολυτίμοις
1735 3508 1830 3544 κε-

251 3581 590 3650 κοσμημένα
621 3580 791 3649 σκεύη
849 3579 946 3632 καὶ
997 3578 1223 3645 ἔπιπλα,
1270 3579 1364 3632 καὶ
1420 3578 1647 3633 τοιαῦτα
1695 3579 1830 3632 ἄττα

250 3674 547 3744 κειμήλια.
578 3673 653 3725 Σὺ
679 3672 736 3725 δὲ
765 3673 1147 3742 προσήνεγκας
1172 3670 1344 3740 δῶρον
1391 3669 1588 3741 ἔπηλυ,
1624 3672 1719 3724 καὶ
1741 3672 1831 3724 οὐ·

253 3768 409 3834 δοιμῆ
442 3757 563 3817 ποτ’
594 3762 863 3834 ἐγχώριον
888 3765 955 3835 τῇ
1012 3764 1105 3816 τοῦ
1156 3763 1291 3816 Θεοῦ
1334 3763 1637 3836 Ἐκκλησία
1661 3778 1676 3794 ο
1715 3763 1833 3818 ἀλλ’

253 3854 375 3912 οἷον
398 3856 510 3909 τῶν
538 3855 596 3920 ἐξ
627 3856 822 3918 αἰῶνος
854 3856 1151 3925 κεκόμικεν
1204 3855 1380 3917 οὐδεὶς
1412 3856 1622 3910 οὐδέπω
1673 3856 1832 3926 βασι-

252 3950 409 4013 λεύς.
450 3950 560 4003 Καὶ
591 3950 672 4001 σοὶ
702 3949 1021 4018 πλατυσμὸν
1064 3948 1476 4019 ὑπισχνούμεθα
1525 3949 1626 4019 τῆς
1681 3950 1835 4014 ἐξου-

256 4043 383 4103 σίας
412 4041 555 4093 κατά
582 4039 628 4092 τ’
670 4037 942 4110 Εὐρώπην
972 4039 1069 4091 καὶ
1104 4038 1314 4101 Ἀσίαν,
1346 4033 1459 4092 οἷον
1516 4038 1669 4092 οὐπω
1726 4039 1834 4092 τῶν

255 4133 434 4186 πάλαι
471 4129 732 4201 βασιλέων
777 4124 934 4200 εὗρεν
985 4128 1181 4196 οὐδεὶς,
1236 4128 1356 4184 οὐδὲ
1412 4131 1654 4200 μείζονος
1689 4133 1838 4184 ἀντι-

255 4226 467 4286 δόσεως
496 4223 768 4293 τετύχηκε
800 4224 936 4292 πρὸς
974 4222 1134 4290 Θεοῦ,
1161 4222 1254 4277 τοῦ
1312 4223 1374 4276 τὸ
1425 4224 1686 4290 ἀνάλογον
1737 4224 1837 4290 τῆς

258 4313 638 4385 προσαγωγῆς
688 4313 1046 4377 ἀντιδιδόντος
1075 4315 1331 4377 κατόπιν,
1380 4314 1476 4367 καὶ
1525 4315 1611 4367 διὰ
1639 4316 1701 4368 τὸ
1740 4315 1837 4385 τῆς

257 4405 585 4466 ἀντιδόσεως
615 4405 883 4475 πρόδηλον
923 4406 1313 4474 ἐμφανίζοντος
1341 4408 1475 4459 πᾶσι
1494 4407 1594 4476 τὴν
1618 4406 1693 4476 μὴ
1712 4424 1838 4475 φαι-

256 4495 501 4564 νομένην
534 4494 794 4566 ποιότητά
842 4513 901 4549 τε
933 4496 1028 4549 καὶ
1087 4496 1318 4567 δύναμιν
1359 4496 1550 4564 αὐτῆς,
1597 4497 1732 4567 πρός
1777 4514 1836 4548 τε

256 4588 323 4638 τὸ
355 4585 633 4657 βέλτιστον
670 4588 764 4640 καὶ
796 4588 858 4641 τὸ
879 4589 1175 4659 χείριστον.

241 4741 253 4761 “
337 4744 420 4825 Δι’.
451 4772 518 4824 ’Δ
545 4770 608 4840 δὴ
634 4768 726 4822 και
780 4768 1129 4844 ,ἀκουσθέντα
1186 4769 1286 4840 μὲν
1326 4770 1667 4838 Βυζαντίοις,
1701 4772 1841 4844 ὑπὲρ

259 4858 341 4915 ὧν
398 4861 498 4931 τὴν
553 4839 898 4932 πρόρρησινι
929 4839 1383 4930 προεθέσπιζον,“
1409 4862 1747 4916 ἀκουσθέντα
1783 4839 1840 4917 δὲ

260 4955 405 5025 Θεῷ.
447 4952 582 5024 πρὸς
613 4952 729 5023 δνή
773 4950 1109 5023 προσαγωγὴ
1158 4954 1316 5023 καὶὴ
1368 4953 1473 5005 τῶν
1533 4954 1838 5024 μελλόντων

262 5048 449 5118 κρίσις
493 5044 800 5109 ἀνετίθετο,
844 5048 1071 5115 ταχεῖαν
1136 5046 1350 5115 εἰλήφει
1400 5046 1500 5112 τὴν
1561 5047 1788 5102 ἔκϐασιν
1819 5065 1833 5078 ο

263 5141 362 5209 οὐχ
381 5138 502 5192 οἵαν
520 5138 675 5191 αὐτοὶ
690 5137 947 5209 κατὰιτὴν
966 5138 1232 5210 σφετέραν
1250 5139 1641 5208 προεθέσπιζον
1654 5140 1846 5213 βούλη-

264 5250 354 5284 σιν
380 5271 395 5295 ,
418 5227 669 5283 ἁλλόἴαν
691 5230 747 5281 αί
763 5226 859 5298 τῆς
884 5229 1034 5292 θείας
1046 5229 1201 5298 δίκης
1226 5230 1486 5302 ἁρῤεπεῖς
1506 5231 1842 5301 ἐπεψήφιζον

264 5324 627 5388 πλάστιγγες,
698 5323 802 5374 ὐπὸ
865 5307 1102 5390 μάρτυσι
1154 5325 1266 5382 τοῖς
1337 5323 1522 5377 εἰδόσι.
1578 5322 1840 5391 Βραχεῖαι

272 5420 378 5485 γὰρ
408 5400 613 5466 ὲκὲἶθεν
638 5412 863 5482 ἡμέραι,
895 5412 988 5465 καὶ
1012 5412 1143 5484 πυρὶ
1166 5411 1613 5480 κατανηλωκότες
1641 5415 1825 5477 πάσας

1924 645 2103 714 imago
2135 660 2326 700 eorum
2358 645 2546 707 animi,
2582 655 2638 701 et
2665 645 2910 716 quaedam
2946 647 3113 702 veluti
3182 655 3362 702 statua
3396 665 3482 701 im-

1922 737 2160 809 pietatis.
2214 738 2427 792 Etenim
2476 745 2536 791 ut
2589 737 2754 792 verba
2808 752 2956 792 nunc
3007 754 3186 793 rerum
3235 739 3492 807 imagines

1924 838 2073 893 sunt,
2111 841 2221 883 tum
2248 830 2461 885 scilicet
2491 845 2613 883 cum
2633 840 2760 883 ante
2782 824 3186 884 exsecutionem
3213 829 3265 882 in
3292 830 3493 884 intimis

1927 919 2092 974 animi
2130 920 2502 989 penetralibus
2529 919 2710 973 adhuc
2756 919 3070 989 proludunt,
3104 930 3160 974 et
3202 919 3315 973 illic
3367 935 3494 973 suos

1923 1015 2101 1068 exitus
2130 1013 2481 1068 adumbratos
2539 1012 2943 1082 quodammodo
2975 1012 3277 1067 informant
3308 1030 3320 1066 :
3351 1027 3495 1066 nunc

1924 1105 2135 1166 eadem.
2169 1105 2262 1159 sed
2307 1105 2485 1169 aliter,
2516 1114 2644 1157 sunt
2669 1105 2964 1158 simulacra
3018 1103 3208 1170 animi,
3262 1120 3385 1159 cum
3442 1112 3494 1157 et

1926 1194 2042 1264 ipsa
2071 1205 2191 1263 post
2236 1209 2486 1248 arcanam
2522 1194 2671 1247 illam
2704 1193 3163 1248 consultationem
3196 1208 3284 1246 res
3328 1202 3383 1246 et
3413 1192 3490 1246 l‘u-

1926 1295 2010 1340 cta
2034 1300 2153 1340 esse
2186 1285 2480 1353 incipiunt.
2513 1280 2757 1337 animum
2789 1287 2874 1353 (ut
2906 1282 2979 1336 ita
3007 1283 3208 1352 dicam)
3240 1282 3497 1336 redolen-

1927 1377 2022 1437 tia,
2058 1390 2121 1430 ac
2171 1375 2289 1443 ejus
2345 1375 2587 1430 habitum
2623 1385 2679 1428 et
2731 1375 2988 1428 allectum
3055 1373 3196 1443 apud
3260 1387 3354 1428 eos
3404 1374 3497 1441 qui

1928 1467 2062 1521 foris
2088 1467 2198 1520 sint
2231 1466 2590 1535 exprimentia
2621 1466 2656 1518 ἐ.
2680 1467 2755 1519 ita
2783 1465 2949 1520 etiam
3006 1465 3125 1519 hac
3143 1465 3349 1533 scripta
3376 1478 3500 1517 sen-

1929 1572 2023 1613 sus
2049 1558 2200 1626 pravi
2240 1567 2293 1610 et
2324 1559 2490 1611 moris
2530 1556 2755 1611 belluini
2798 1557 2945 1610 intus
2980 1556 3202 1610 latentis
3233 1555 3501 1625 imagines

1934 1651 2146 1722 1030
2174 1651 2499 1719 spectandas
2553 1652 2769 1721 publice
2801 1651 3064 1707 exhibent
3118 1651 3186 1705 iis
3211 1650 3303 1720 qui
3368 1648 3502 1703 foris

1930 1754 2075 1808 Sunt,
2109 1743 2489 1798 utmeriiliano
2522 1743 2636 1797 sole
2698 1743 2901 1797 clarius
2935 1751 3139 1812 pateat,
3194 1756 3317 1796 eam
3378 1754 3503 1794 esse

1931 1851 2119 1891 revera
2142 1836 2603 1891 abominationem
2634 1836 2842 1891 ultimae
2874 1834 3258 1889 desolationis.
3314 1833 3503 1888 Enim-

1930 1944 2060 1984 vero
2099 1930 2240 1984 Deus
2268 1918 2502 1984 invisum
2530 1928 2633 1982 sibi
2663 1927 2892 1992 donum,
2921 1937 3114 1983 sancto
3147 1926 3304 1981 altari
3327 1927 3503 1994 impo-

1931 2020 2118 2084 situm,
2153 2016 2413 2092 sull‘ragio
2450 2036 2552 2075 suo
2576 2020 2721 2075 haud
2760 2021 3015 2091 dignatus
3044 2031 3162 2085 eet;
3193 2018 3289 2073 sed
3313 2033 3505 2089 parem

1929 2113 2111 2168 statim
2142 2112 2383 2167 audaciae
2406 2126 2625 2181 pinnam
2659 2111 2934 2181 rependit.

1998 2201 2085 2256 ΙΙΙ.
2115 2202 2184 2257 At
2209 2204 2450 2273 episcopi
2484 2213 2539 2259 et
2568 2203 2874 2273 presbyteri
2906 2210 3020 2256 tum
3082 2201 3507 2256 circumstantes

1930 2296 2168 2350 uaiversi
2205 2296 2616 2350 acclamabant:
2658 2310 2765 2349 non
2788 2294 2883 2362 {illi
2915 2295 3135 2364 quidem
3185 2294 3270 2348 his
3298 2292 3503 2355 verbis,

1928 2388 2071 2442 sicut
2121 2387 2366 2452 decebat,
2420 2378 3141 2457 eum‘objurgantesﬂleus
3204 2397 3284 2452 tu,
3315 2384 3502 2443 homo,

1928 2480 2201 2548 quomodo
2225 2493 2389 2533 ausus
2418 2493 2478 2532 es
2509 2477 2672 2531 unico
2709 2477 2954 2531 omnium
3008 2477 3221 2531 auctori
3256 2477 3368 2531 Deo
3427 2477 3509 2530 olv

1928 2572 2072 2625 ferre
2118 2570 2457 2625 diversarum
2516 2568 2869 2623 divinitatum
2914 2568 3347 2632 multitudinem,
3403 2581 3507 2621 nec

1931 2665 2138 2718 veritus
2172 2678 2232 2717 es
2261 2662 2315 2717 in
2346 2671 2397 2716 te
2427 2661 2711 2731 ipsum,~iu
2740 2677 2862 2727 nos,
2897 2661 2951 2715 in
2981 2677 3174 2716 omnes
3209 2663 3506 2723 llomanos,

1928 2756 2073 2811 ciere
2092 2755 2332 2825 gladium
2364 2755 2514 2807 illum
2551 2753 2986 2814 intolerabilem,
3025 2761 3082 2808 et
3119 2753 3366 2807 coelestia
3399 2753 3505 2805 lul-

1928 2849 2096 2913 mina,
2136 2863 2232 2917 per
2263 2864 2383 2917 quae
2414 2846 2643 2916 improbi
2672 2845 3050 2917 castigantur?
3099 2844 3304 2898 llornm
3368 2844 3507 2897 nihil

1928 2941 1996 2993 ab
2034 2939 2101 2992 iis
2126 2939 2355 3002 dictum,
2390 2938 2501 2991 imo
2527 2954 2596 2993 ne
2621 2938 2917 3008 cogitatum
2946 2938 3169 3007 quidem
3203 2956 3216 2992 :
3248 2953 3369 3007 quae
3427 2947 3511 2989 ta-

1930 3047 2054 3085 men
2075 3031 2220 3085 veris
2250 3030 2507 3101 propiora
2535 3039 2714 3087 erant.
2751 3030 2859 3086 Sed
2894 3032 3061 3086 verba
3120 3032 3507 3099 unusquisque

1930 3123 2204 3177 adulantia
2232 3122 2617 3193 praemeditati,
2678 3122 3086 3192 pollicebantur
3147 3132 3201 3176 et
3236 3139 3509 3193 propone-

1934 3219 2147 3270 bantca
2178 3230 2319 3285 quae,
2380 3222 2442 3269 ut
2488 3222 2572 3269 est
2631 3224 2827 3269 natura
2854 3214 3104 3285 justiti.e,
3145 3215 3333 3284 perlici
3394 3231 3507 3269 non
3602 3268 3607 3275 ,

1932 3306 2221 3361 debebant.
2254 3322 2274 3359 ι
2302 3305 2567 3361 Veterum
2604 3305 2998 3376 imperatorum
3049 3321 3344 3360 commune
3372 3306 3511 3358 illud

1929 3408 1985 3453 et
2015 3398 2251 3468 patrium
2289 3397 2599 3452 institutum
2633 3396 2736 3452 fuit
2792 3397 3083 3469 (aiebant),
3148 3406 3208 3451 ut
3263 3413 3388 3452 vasa
3451 3410 3512 3452 et

1937 3489 2320 3558 supellectilis,
2372 3504 2531 3555 auro,
2564 3497 2815 3559 argento,
2845 3499 2900 3545 et
2939 3490 3202 3560 pretiosis
3232 3491 3513 3560 lapidibus

1931 3566 2143 3641 ornata,
2181 3590 2236 3634 et
2260 3580 2394 3651 alias
2420 3581 2687 3652 ejusmodi
2736 3597 2898 3654 gazas
2926 3581 3125 3636 all‘erre
3169 3581 3278 3635 huc
3319 3583 3512 3636 stude-

1933 3680 2078 3727 rent.
2113 3670 2194 3726 Tu
2220 3686 2355 3726 vero
2389 3671 2633 3726 obtulisti
2666 3672 2870 3727 donum
2906 3673 3290 3738 adventitium,
3315 3681 3368 3726 et
3391 3689 3508 3727 rem

1934 3767 2171 3825 minimc
2218 3770 2526 3837 indigenam
2563 3770 2819 3827 Ecclesiae
2854 3771 2988 3837 Dei;
3038 3772 3133 3825 s‘ed
3187 3771 3402 3840 qualem
3441 3771 3511 3824 ab

1934 3862 2083 3915 omni
2106 3876 2219 3915 aevo
2246 3861 2428 3915 nullus
2456 3876 2694 3930 unquam
2750 3861 3009 3931 princeps
3058 3860 3338 3915 intulerat.
3398 3860 3515 3915 Nos

1936 3966 2117 4009 autem
2146 3954 2241 4009 tibi
2274 3954 2463 4008 ﬁniunt
2501 3937 2718 4024 imperii
2752 3962 2808 4008 et
2842 3954 3072 4009 ditionis
3111 3969 3208 4024 per
3237 3955 3511 4023 EurOpnm

1935 4053 1989 4100 et
2018 4062 2115 4116 per
2139 4045 2321 4100 Asiam
2379 4047 2827 4116 propagationem
2887 4046 3246 4117 pollicemur;
3317 4045 3397 4100 sic
3453 4056 3519 4100 ut

1937 4150 2181 4191 veterum
2219 4137 2529 4207 principum
2560 4137 2771 4192 nemini
2807 4154 3048 4208 unquam
3085 4138 3207 4192 talis
3230 4137 3513 4206 obtigerit,

1936 4244 2037 4282 nec
2068 4230 2242 4299 major
2275 4229 2529 4298 cuiquam
2565 4244 2778 4283 merces
2802 4229 2927 4283 data
2959 4246 2989 4283 α
3022 4230 3132 4283 Deo
3163 4231 3332 4284 fuerit
3363 4249 3375 4283 :
3410 4231 3505 4297 qui

1936 4318 2179 4388 quidem,
2215 4333 2311 4387 pro
2343 4318 2510 4371 oblati
2542 4320 2788 4373 muneris
2834 4322 3067 4384 ratione,
3110 4321 3317 4390 1031
3367 4322 3529 4384 solet,

1938 4410 2155 4479 dignam
2196 4408 2397 4461 deinde
2428 4408 2735 4462 mercedem
2778 4410 3115 4478 persolvere,
3151 4420 3207 4464 et
3272 4427 3369 4478 per
3397 4413 3516 4465 eri.

1939 4502 2075 4554 dens
2108 4501 2389 4570 praemium
2435 4500 2692 4554 latentem
2722 4499 2851 4554 doni
2893 4501 3101 4569 accepti
3139 4500 3510 4554 conditionem

1872 4594 1916 4649 ι)
1943 4602 1998 4647 et
2023 4603 2295 4657 naturam,
2338 4601 2612 4661 quatenus
2644 4609 2707 4648 ea
2742 4593 2826 4647 vel
2873 4594 3077 4662 optima
3129 4592 3216 4647 vcl
3273 4594 3511 4662 pessima

1942 4687 2032 4750 sit,
2058 4685 2291 4754 prodere
2321 4696 2375 4739 et
2407 4685 2709 4740 declarare.
2752 4704 2770 4736 ι

2012 4776 2096 4831 IV.
2128 4776 2253 4831 llaec
2274 4778 2463 4831 audita
2502 4793 2530 4830 a
2563 4776 2856 4847 Byzantiis,
2915 4792 3147 4846 quorum
3179 4776 3351 4846 gratia
3384 4784 3515 4830 ora“

1938 4870 2121 4923 ClllUlll
2152 4869 2283 4923 illud
2316 4870 2653 4937 cauebatur;
2698 4871 2878 4924 audita
2912 4869 3040 4923 item
3075 4885 3105 4924 a
3136 4870 3268 4932 Deo,
3315 4869 3405 4925 cui
3460 4879 3518 4924 et

1936 4962 2273 5015 ollercbalur
2320 4961 2549 5025 donum;
2601 4961 3000 5025 etluturnrum
3051 4962 3324 5029 judicium
3393 4977 3520 5032 per-

1940 5054 2275 5115 mittebatur,
2306 5053 2542 5107 celercm
2571 5054 2778 5106 exitum
2814 5055 3164 5121 habuerunt;
3223 5070 3333 5109 non
3373 5071 3514 5123 qua-

1938 5143 2043 5197 lein
2067 5144 2141 5197 illi
2193 5162 2289 5214 pro
2321 5160 2417 5199 sua
2479 5144 2764 5199 voluntate
2835 5146 3121 5199 vaticinati
3172 5154 3374 5211 erant;
3419 5146 3515 5200 sed

1937 5251 2064 5289 eum
2094 5236 2295 5305 ipsum,
2326 5252 2488 5303 quem
2515 5238 2728 5308 justitia
2771 5238 2953 5292 divina
2984 5240 3314 5309 mquissimis
3339 5237 3517 5292 lanci-

1939 5328 2042 5383 bus
2107 5330 2469 5398 ponderatnut
2526 5332 2808 5402 irrogavit.
2863 5332 3056 5388 Testes
3118 5333 3273 5387 luere
3328 5332 3368 5387 ii
3421 5332 3517 5399 qui

1937 5420 2142 5473 sciunt.
2174 5419 2390 5474 Etenim
2446 5422 2633 5491 paucis
2666 5436 2732 5476 ex
2785 5436 2851 5476 eo
2880 5421 3076 5476 diebus
3120 5419 3347 5489 elapsis,
3392 5417 3521 5474 illas

1603 5535 1931 5599 Variorum
1977 5548 2164 5603 notua.

341 5655 453 5722 (37)
480 5654 613 5710 Cum
639 5654 914 5727 Palamitae
961 5658 1129 5710 multa
1179 5667 1235 5711 et
1267 5660 1526 5727 praeclara
1559 5658 1838 5714 Cantacu-

269 5741 407 5778 ιιιιιιι
438 5726 843 5799 promisissent,
871 5728 914 5779 si
940 5727 1168 5781 Tomum
1208 5726 1367 5782 suum
1394 5731 1549 5784 altari
1589 5730 1706 5799 ipse
1738 5731 1839 5782 im-

271 5803 519 5867 poneret,
546 5811 608 5867 ae
631 5812 771 5867 novo
804 5796 909 5850 ritu
942 5800 1309 5855 consecraret.
1338 5796 1630 5867 Gregoras,
1662 5800 1755 5852 ubi
1780 5800 1833 5853 id
1876 5851 1883 5859 ,

273 5866 511 5925 rescivit,
538 5864 927 5932 lnioLinquil,
982 5884 1097 5922 cum
1129 5869 1356 5924 videritis
1386 5864 1835 5927 abominatiouem

1937 5664 2278 5721 desolationis
2301 5677 2526 5721 stantem
2565 5670 2619 5722 in
2661 5668 2771 5721 loco
2796 5668 3013 5731 sancto,
3045 5666 3342 5735 cognoscite
3382 5682 3518 5733 qna—

1938 5737 2082 5808 i_i_iam
2102 5741 2548 5808 appropinquavit
2574 5740 2825 5791 desolatio
2848 5738 3052 5801 imperii
3084 5736 3332 5791 Romani.
3374 5736 3514 5792 Vide

1937 5805 2072 5859 Hist.
2100 5805 2198 5863 lib.
2234 5805 2516 5879 xxv,'cap.
2553 5809 2651 5863 ult.
2681 5810 2889 5864 Botvm.
