3974 6634
454 430 594 500 1307
644 464 646 466 τ
734 429 810 504 [Α.
849 447 904 488 ιι.
949 417 1108 498 6859.
1150 446 1251 486 nm
1299 429 1356 500 tt
1641 432 2046 496 NICEPHUR]

2147 431 2474 492 REGOR/E
2785 429 2917 501 [ιιιν.
2958 441 3001 485 1.
3035 441 3334 490 cuneus,
3380 431 3438 502 δι
3551 433 3682 500 13⁷8

450 543 666 608 domos,
692 558 826 613 quas
855 544 1132 614 quondam
1166 544 1393 599 Romani
1431 543 1486 598 in
1514 551 1744 614 utroque
1781 543 1905 596 l'reti
1934 542 2023 596 lit-

2145 544 2324 610 ιὶκίας,
2396 543 2697 616 συλλήϐδην
2751 546 2947 607 εἰπεῖν,
2989 544 3110 597 δσαι
3177 543 3477 615 Ῥωμαίοις
3518 544 3684 598 πάλαι

319 639 368 676 δ
447 641 592 703 tore,
637 634 778 706 apud
801 651 1016 690 nmrum
1049 635 1291 706 Byzantii
1327 645 1380 689 ct
1407 634 1462 688 in
1487 650 1549 688 ea
1577 633 1876 688 continenti
1905 647 2025 701 qua:

2145 632 2432 696 πολυτελῶς
2465 634 2813 704 ᾠκοδόμηντο
2853 633 2940 703 ἐφ’
2996 633 3238 703 ἑκάτερα
3293 635 3386 688 τοῦ
3439 633 3684 703 πορθμοῦ

446 735 482 775 e
504 722 722 793 regione
747 731 851 781 est.
888 739 1082 794 magno
1131 709 1382 796 sumptu\
1407 724 1835 784 tedilicaverant,
1897 723 2023 777 uni-

451 825 637 865 versas
671 811 835 866 simul
871 812 996 882 igne
1032 823 1364 868 consumunt
1394 825 1449 868 et
1482 829 1593 868 rem
1628 813 1934 868 Rouianam
1969 813 2024 866 in

452 918 545 958 eas
581 906 858 972 angustias
907 907 1186 962 adducunt
1218 910 1460 963 chuitte
1505 908 1622 971 (isti
1659 907 1871 961 scilicet
1933 905 2024 974 qui

453 996 736 1065 parvulum
769 997 1052 1052 castellum
1089 999 1381 1061 habitant),
1442 1009 1502 1053 ut
1554 997 1705 1054 cives
1750 998 2023 1070 Byzantii,

456 1085 627 1152 portis
661 1087 921 1141 omnibus
980 1089 1266 1144 maritimis
1299 1091 1548 1156 munitis,
1584 1090 1706 1144 urbi
1769 1090 1868 1158 ipsi
1916 1090 2026 1158 jam

457 1172 705 1240 timeant,
739 1191 803 1228 ne
835 1176 1022 1231 hostes
1052 1179 1232 1232 subito
1259 1187 1629 1242 accnrreutcs,
1691 1178 1864 1247 portis
1913 1193 2032 1230 crc-

457 1263 640 1328 matis,
697 1267 1100 1336 introrumpant
1130 1285 1196 1322 eo
1228 1271 1432 1337 impetu
1496 1270 1589 1336 qui
1626 1267 1887 1323 sustineri
1923 1283 2029 1320 non

456 1357 646 1425 possit.
675 1367 772 1410 aut
804 1360 992 1428 paucis
1023 1361 1182 1414 scalis
1220 1361 1451 1414 admotis
1486 1375 1585 1429 per
1640 1360 1787 1428 ipsos
1847 1371 2033 1429 mut-qs

459 1447 727 1504 insiliant.
759 1451 1124 1516 Quamobrem
1157 1468 1372 1506 murum
1404 1451 1650 1522 Byzantii
1672 1451 2030 1514 maritimum,

457 1540 815 1606 septentrioni
847 1541 1163 1598 obversum.
1196 1542 1352 1596 fossis
1378 1543 1665 1612 profundis
1697 1542 2034 1596 extrinsecus

461 1627 644 1682 ductis
667 1629 1048 1699 circumplexi,
1084 1649 1178 1687 ens
1197 1636 1598 1702 quamprinmm
1629 1634 1872 1688 immisso
1898 1633 2031 1687 mari

461 1721 753 1787 inundant,
790 1726 1140 1780 uteontinuo
1181 1727 1274 1780 illa
1333 1741 1458 1796 pars
1511 1725 1765 1780 hostibus
1826 1725 2035 1780 Latinis

461 1808 551 1864 fiat
578 1811 827 1866 cominus
856 1812 1156 1869 inaccessa.

528 2005 594 2061 ν.
627 2004 716 2062 Sic
761 2005 902 2061 Deus
941 2020 1045 2076 pro
1071 2005 1245 2084 Tme
1278 2007 1462 2063 oblato
1505 2006 1741 2081 celerem
1788 2005 2034 2076 quidem,

460 2091 554 2145 sed
597 2091 944 2161 imperatoris
965 2094 1240 2149 desiderio
1271 2101 1326 2149 et
1349 2096 1629 2166 proposito
1687 2087 1848 2165 plane
1907 2111 2038 2150 con-

461 2181 687 2239 trariam
751 2183 960 2254 1032
1001 2185 1312 2240 mercedem
1366 2187 1640 2242 retribuit.
1695 2187 1870 2256 Atque
1919 2187 2040 2258 ejus

461 2271 540 2324 rei
581 2283 744 2327 testes
774 2272 1124 2329 fueruntnou
1153 2276 1398 2346 episcopi
1437 2277 1612 2332 solum
1643 2286 2037 2342 assentatores,

461 2362 556 2431 qui
587 2379 650 2418 ea
683 2355 1192 2434 pronuntiaverant,
1225 2383 1347 2438 qua:
1378 2368 1542 2423 unius
1577 2377 1784 2423 tantum
1813 2368 2039 2422 dieculae

462 2456 805 2526 voluptatem
861 2460 1090 2514 auribus
1141 2469 1502 2542 pepererunt,
1573 2461 1815 2515 fructum
1857 2470 2040 2514 autem

464 2547 692 2601 omnino
729 2557 785 2602 et
824 2549 1188 2618 undecunque
1221 2550 1594 2616 nullum,‘,imo
1629 2567 1718 2605 res
1770 2551 1880 2604 illis
1903 2566 2037 2618 pro-

469 2637 654 2706 missis
705 2649 761 2692 et
815 2639 1300 2694 vaticinationibus
1357 2640 1590 2694 maxime
1629 2647 1684 2694 et
1736 2655 1832 2709 per
1860 2641 2043 2694 omnia

468 2731 766 2798 oppositas,
791 2729 886 2784 sed
910 2731 1168 2800 etpopuli
1193 2731 1424 2802 quilibet
1456 2731 1661 2786 circum
1697 2732 2043 2797 habitantes;

469 2823 548 2878 ita
579 2832 639 2876 ut
659 2823 903 2876 omnium
943 2823 1074 2877 risui
1108 2833 1163 2878 ct
1193 2839 1376 2878 sanna:
1404 2839 1492 2879 res
1548 2833 1746 2878 nostra:
1787 2825 2046 2893 expositae

425 2973 436 2983 ί
469 2922 742 2982 paterent,
812 2929 877 2969 ac
925 2914 1044 2984 ipse
1102 2915 1190 2969 ille
1250 2929 1432 2968 rerum
1485 2899 1666 2970 exitus
1725 2925 2046 2985 argumento

467 3005 777 3064 certissimo
812 3005 971 3062 ﬁdem
999 3007 1253 3063 omnibus
1277 3007 1500 3070 laceret,
1534 3007 1764 3060 Tomum
1793 3022 1914 3062 esse
1945 3007 2049 3074 ini-

471 3097 801 3170 quissimum
849 3109 906 3152 et
971 3097 1268 3167 impietatis
1349 3098 1571 3168 plenum
1607 3097 1924 3168 :siquidem
1979 3113 2050 3152 ex

474 3189 676 3246 ultimo
705 3199 904 3246 eventu
925 3198 1174 3245 anteacta
1188 3205 1420 3272 quasque
1440 3191 1806 3246 aestimantur.
1841 3189 2046 3260 Nempe
2071 3229 2116 3288 ο

475 3295 680 3336 munus
709 3281 842 3336 illud
873 3280 1274 3352 profanumque
1303 3279 1592 3336 donarium
1640 3281 1879 3336 melioris
1909 3293 2049 3335 noue

472 3389 598 3430 esse
622 3373 1022 3430 arbitrantibus
1051 3372 1348 3446 episcopis,
1400 3373 1576 3427 visum
1635 3381 1756 3427 erat
1797 3372 2053 3427 meliores

476 3474 710 3521 eventus
737 3479 961 3530 canere,
994 3459 1058 3520 ac
1095 3464 1446 3535 prmdicendo
1485 3465 1812 3520 denuntiare
1870 3463 2049 3533 impe-

479 3558 650 3612 ratori
673 3573 689 3622 ;
716 3572 841 3612 eum
865 3555 1076 3612 scilicet
1111 3556 1178 3610 ad
1197 3555 1532 3626 Euphratem
1566 3567 1619 3610 et
1647 3555 1852 3626 Tigrim
1881 3570 2052 3624 usque

481 3649 697 3720 imperii
729 3649 812 3705 sui
841 3649 978 3704 lines
1026 3651 1387 3720 prolaturum.
1443 3649 1644 3704 Verum
1699 3649 1826 3718 quia
1872 3647 2054 3702 oblata

482 3741 575 3796 illa
599 3743 868 3812 ejusmodi
892 3750 1072 3809 erant,
1098 3755 1156 3796 ut
1179 3759 1243 3798 ea
1275 3741 1415 3796 Deus
1431 3743 1656 3796 omnino
1682 3751 2055 3802 aversarctur,

482 3833 609 3888 ideo
637 3843 825 3888 contra
857 3849 1017 3903 quam
1047 3843 1330 3903 speratum
1381 3841 1500 3886 erat
1553 3831 1796 3896 accidit,
1855 3847 1917 3885 ac
1959 3848 2056 3900 pro

397 3931 406 3944 '
486 3927 738 3980 maximis
765 3927 873 3980 illis
909 3925 1111 3988 ﬂuviis,
1137 3925 1417 3994 Euphrate
1446 3933 1502 3979 et
1546 3923 1790 3994 Tigride.
1826 3923 2060 3992 impera-

369 4069 384 4078 ,
487 4027 574 4071 tor
626 4018 1040 4072 Cantacuzenus
1089 4017 1264 4070 fossas
1325 4017 1618 4086 percussit,
1677 4029 1797 4085 quin
1847 4014 2058 4068 marina

476 4123 626 4176 aqua
660 4109 831 4178 plenae
853 4105 1098 4178 Byzantii
1162 4121 1350 4160 muros
1383 4105 1690 4169 alluercnt;
1740 4105 1894 4172 isque
1950 4105 2063 4158 exi-

484 4216 652 4269 guum
687 4203 786 4254 hoc
817 4199 1083 4252 adversus
1118 4197 1306 4252 hostes
1330 4197 1666 4266 praesidium,
1705 4207 1932 4266 cogente
1968 4212 2062 4250 ne-

488 4291 767 4356 cessitate,
832 4306 930 4359 per
981 4301 1152 4344 artem
1213 4289 1481 4350 munivit;
1543 4295 1604 4341 ut
1660 4285 2060 4356 argumentanti

488 4383 718 4438 cuilibet
745 4382 934 4448 facilis.
961 4392 1017 4436 et
1041 4381 1268 4434 evidens
1310 4373 1710 4433 occurrat‘hasc
1731 4377 2016 4430 conclusio
2045 4393 2060 4430 :

2125 724 2253 789 περί
2276 740 2336 777 τε
2381 723 2441 776 τὸ
2472 712 2652 794 τεῖχος
2681 725 2884 795 δηλαδὴ
2912 725 3024 778 τῶν
3081 725 3394 788 Βυζαντίων
3445 726 3544 778 καὶ
3590 725 3688 792 τὴν

2125 815 2424 884 ἀντιπέρας
2478 815 2730 884 ήπειρον,
2785 816 2922 885 πρὸς
2977 816 3246 884 τοσαύτην
3291 816 3362 868 τὰ
3405 813 3688 883 Ῥωμαίων

2127 907 2433 975 συνήλασαν
2483 905 2842 975 στενοχωρίαν
2888 906 3192 976 πράγματα
3245 907 3294 960 οί
3321 907 3386 958 τὺ
3419 905 3691 976 βραχύτα-

2125 1014 2218 1050 τον
2253 999 2402 1051 τουτὶ
2436 996 2820 1061 κατοικοῦντες
2880 998 3141 1067 φρούριον
3185 997 3520 1060 Γεννουῗται,
3549 998 3688 1051 ὥστε

2128 1089 2308 1140 πᾶσαν
2337 1089 2604 1159 παράλιον
2637 1089 2972 1158 ἠσφαλίσοαι
3007 1089 3184 1157 πύλην
3208 1093 3320 1152 τοῖς
3343 1089 3711 1154 Βυζαντίοις-ι

2127 1177 2359 1232 δεδιέναι
2409 1177 2456 1230 δ’
2484 1177 2584 1249 ήδη
2639 1179 2735 1231 καὶ
2783 1180 2914 1249 περὶ
2955 1179 3057 1248 τῆς
3115 1179 3323 1242 πόλεως
3361 1181 3556 1249 αὑτῆς.
3617 1181 3688 1250 μὴ

2129 1269 2427 1340 δραμόντες
2467 1269 2728 1339 ἐξαίφνης
2763 1271 2936 1340 πυρὸς
2973 1271 3072 1334 τὰς
3112 1271 3285 1334 πύλας
3323 1270 3485 1341 ἔργον
3533 1270 3690 1338 mnf]-

2137 1361 2335 1415 σιονταί
2368 1379 2426 1414 τε
2460 1364 2552 1414 καὶ
2569 1363 2918 1416 είσελάσωσιν
2939 1363 3149 1432 ἀσχὲτῳ
3184 1363 3354 1435 ῥύμῃ.
3374 1362 3409 1432 ἢ
3433 1361 3692 1430 κλίμαξιν

2132 1453 2342 1521 ὀλίγαις
2368 1453 2708 1524 χρησάμενοι
2755 1454 2846 1508 διὰ
2888 1455 2998 1509 τῶν
3043 1455 3238 1524 τειχῶν
3289 1453 3689 1523 είσπηδήσωσι.

2131 1543 2223 1596 Διὸ
2272 1543 2500 1611 τάφροις
2536 1543 2777 1614 βαθείαις
2833 1544 3164 1611 διειληφότες
3220 1543 3416 1609 ἔξωθεν
3447 1544 3593 1598 ἅπαν
3637 1544 3694 1596 τὺ

2134 1636 2271 1702 πρὸς
2309 1635 2509 1704 ἄρκτον
2548 1636 2922 1706 τετραμμένον
2963 1635 3068 1689 τῶν
3090 1635 3394 1700 Βυζαντίων
3431 1635 3566 1705 πρὸς
3599 1633 3694 1688 θά-

2134 1727 2337 1780 λατταν
2367 1731 2542 1796 τεῖχος
2598 1727 2867 1798 θαλάττης
2901 1725 2988 1798 [Ρ.
3026 1725 3152 1798 649]
3182 1726 3352 1789 αὐτὰς
3396 1726 3456 1778 ἐν
3509 1724 3698 1795 βραχεῖ

2062 1833 2106 1890 '__
2135 1819 2412 1889 δεδείχασς
2434 1820 2688 1890 πλήρεις,
2722 1819 2797 1882 ὡς
2824 1820 3028 1884 ᾄϐατον
3067 1817 3316 1872 ἐντεῦθεν
3369 1819 3484 1879 τοίς
3541 1816 3698 1868 πολε·

2064 1879 2112 1938 Β

2139 1911 2279 1981 μίοις
2301 1912 2554 1974 Λατίνοις
2573 1913 2636 1964 ἐκ
2653 1910 2746 1966 τοῦ
2769 1910 2954 1980 σχεδὸν
2969 1911 3032 1962 τὸ
3048 1910 3212 1980 μέρος
3234 1911 3411 1962 ἐκεῖνο
3424 1908 3697 1975 γενέσθαι.

2212 2000 2290 2056 Ε’.
2319 2003 2474 2062 Οὕτω
2530 2003 2629 2072 τῆς
2700 2001 2792 2054 τοῦ
2847 2002 3014 2070 τόμον
3076 2001 3441 2072 προσαγωγῆς
3481 2001 3701 2068 ταχεῖαν

2143 2095 2261 2160 μὲν,
2314 2094 2590 2158 ἀντίθετον
2653 2093 2710 2146 δέ
2763 2097 2831 2164 τῇ
2882 2093 2979 2147 τοῦ
3047 2092 3310 2164 βασιλέως
3357 2093 3702 2146 παντάπασιν

2139 2187 2284 2259 ὁρμῇ
2314 2189 2410 2240 καὶ
2445 2187 2724 2257 προθέσει,
2750 2189 2850 2258 τὴν
2881 2187 3156 2242 ἀντίδοσιν
3182 2189 3212 2240 ὁ
3241 2187 3377 2252 Θεὸς
3409 2189 3700 2258 παρέσχεν,

2143 2279 2248 2332 ὑπὸ
2280 2281 2544 2349 μάρτυσι,
2579 2278 2652 2349 μὴ
2714 2279 2800 2349 ὅτι
2844 2281 2961 2342 τοῖς
3007 2277 3350 2332 θωπεύουσιν
3383 2279 3702 2342 ἐπισκόποις

2146 2347 2380 2430 ἐκείνοις
2406 2369 2502 2422 καὶ
2562 2347 3026 2438 προθεσπίζουσιν
3062 2366 3100 2422 ἃ
3145 2368 3336 2436 τέρψιν
3395 2367 3703 2438 αὐθημερὸν

2144 2462 2263 2524 ταῖς
2297 2462 2489 2522 ἀκοαῖς
2515 2459 2819 2530 ἐϐλάστησε
2852 2463 3041 2530 μόνην,
3093 2459 3306 2530 καρπὸν
3337 2459 3384 2513 δ’
3411 2460 3603 2513 οὐδένα
3649 2459 3704 2510 τὸ

2151 2554 2416 2624 παράπαν
2448 2554 2771 2624 οὐδαμόθεν,
2822 2553 2905 2612 δτι
2939 2553 3013 2624 μὴ
3043 2552 3112 2606 τά
3170 2553 3278 2604 τῶν
3333 2551 3702 2604 ἐπισκοπικῶν

2145 2645 2492 2714 ἐπαγγελιῶν
2527 2645 2752 2698 ἐκείνων
2773 2645 2870 2698 καὶ
2900 2642 3334 2715 προφοιϐασμῶν
3362 2645 3704 2696 πᾶντάπασιν

2149 2735 2515 2793 ἐναντιώτατα
2533 2751 2551 2768 ο
2577 2736 2715 2790 ἀλλὰ
2739 2736 2835 2790 καὶ
2862 2737 2994 2790 πᾶσι
3021 2737 3134 2798 τοίς
3169 2734 3330 2807 πέριξ
3355 2735 3564 2788 ἔθνεσιν
3597 2753 3612 2766 ο
3636 2735 3704 2798 ὡς

2153 2829 2536 2901 μυκτηρισμδν
2565 2829 2662 2882 καὶ
2695 2827 3002 2898 χλευασμὸν
3047 2827 3220 2880 ἅπασι
3266 2827 3594 2898 προκεῖσθαι
3643 2827 3703 2880 τὰ

2150 2923 2272 2976 καθ⁹
2301 2902 2470 2992 ἡμᾶς.
2503 2921 2597 2975 καὶ
2630 2919 2976 2990 παράστασιν
3009 2917 3257 2982 ἅπαντας
3286 2913 3428 2971 εἶναι
3469 2915 3701 2987 νομίζειν

2149 3014 2642 3084 ἀναμφισϐήτητον
2672 3011 2735 3066 τὸ
2770 3011 2870 3079 τῆς
2899 3009 3176 3074 ἐκϐάσεως
3215 3010 3407 3080 πέρας,
3427 3007 3511 3060 ὅτι
3538 3023 3705 3078 παρε-

2152 3106 2350 3176 νομίας
2380 3104 2477 3159 καὶ
2505 3103 2763 3167 ἄσεϐείας
2799 3102 2832 3157 ὁ
2861 3103 3028 3174 τόμος
3063 3103 3284 3173 μεστός.
3322 3101 3468 3172 Πρὸς
3510 3101 3622 3172 γὰρ
3650 3098 3703 3152 τδ

2151 3199 2462 3254 τελευταῖον
2521 3197 2692 3251 ἐκϐὰν
2744 3195 2977 3250 ἕκαστον
3007 3193 3117 3249 τῶν
3180 3194 3311 3266 πρὶν
3359 3193 3704 3264 ὑπαρξάντων

2150 3293 2421 3363 κρίνεται.
2453 3289 2581 3353 Τοῖς
2611 3287 2717 3358 μὲν
2747 3287 2855 3358 γὰρ
2881 3285 3226 3350 ἐπισκόποις,
3283 3285 3553 3355 οίομένοις
3573 3278 3704 3338 εἶναι

2150 3385 2211 3437 τὸ
2239 3383 2339 3453 τῆς
2368 3381 2740 3454 προσαγωγῆς
2773 3377 2985 3433 καὶτοῦ
3015 3375 3314 3438 δυσσεϐοῦς
3339 3376 3546 3430 ἐκείνου
3570 3377 3698 3428 ἀναο

2150 3475 2420 3549 βήματος,
2455 3470 2548 3524 τοῦ
2577 3469 2746 3539 τόμου
2768 3467 2992 3539 δηλαδὴ.
3024 3467 3124 3536 τῆς
3184 3467 3454 3543 βελτίονος
3498 3465 3702 3537 μοίρας,

2153 3561 2544 3634 προθεσπίζειν
2568 3559 2663 3614 καὶ
2694 3559 3107 3632 προαναφωνεῐν
3126 3557 3284 3629 ἐπῄει
3311 3557 3410 3612 καὶ
3429 3554 3703 3626 κηρύττειν

2153 3654 2254 3716 τὰς
2295 3651 2536 3722 βελτίους
2563 3650 2818 3710 ἐκϐάσεις
2870 3639 3148 3718 περὶτῆς
3191 3647 3284 3700 τοῦ
3322 3645 3704 3717 αὐτοκράτορος

2156 3745 2362 3816 ἀρχῆς.
2403 3743 2486 3794 ὅτι
2519 3741 2710 3810 μέχρις
2740 3739 3022 3808 Εὐφράτου
3064 3737 3160 3789 καὶ
3186 3737 3456 3807 Τίγρητος
3509 3734 3706 3787 ἐκτενεί

2155 3836 2278 3897 τοὺς
2307 3835 2486 3902 ὄρους.
2525 3831 2681 3883 Ἐπεὶ
2710 3829 2756 3882 δ’
2787 3827 2987 3881 ἀνεκτὰ
3038 3824 3116 3894 τῷ
3173 3826 3294 3894 Θεῷ
3353 3825 3414 3877 τδ
3461 3823 3704 3892 παράπαν

2155 3927 2257 3980 οὐκ
2283 3921 2350 3996 ἦν
2383 3923 2452 3985 τά
2483 3924 2584 3992 τῆς
2621 3921 3012 3992 προσενέεεως,
3077 3919 3479 3986 ἀντέστραπται
3515 3917 3579 3968 τὰ
3607 3914 3702 3967 τῶν

2159 4018 2411 4071 ἐλπίδων*
2442 4015 2535 4069 καὶ
2561 4013 2677 4068 ἀντ’
2709 4013 3000 4083 Εὐφράτου
3023 4011 3118 4063 καὶ
3147 4008 3444 4079 Τίγρητος,
3492 4007 3595 4060 τῶν
3621 4023 3710 4075 με·-

2157 4110 2358 4178 γίστων
2387 4108 2611 4162 ἐκείνων
2664 4104 2946 4174 ποταμῶν,
2977 4102 3221 4173 τάφρους
3261 4101 3471 4155 ὑδάτων
3499 4097 3703 4168 μεστοὺς

2163 4200 2464 4253 Θαλαττίων
2494 4199 2522 4250 ὁ
2553 4197 2807 4268 βασιλεὺς
2861 4191 3320 4261 Καντακουζηνὸς
3348 4191 3419 4244 τά
3469 4190 3572 4243 τῶν
3615 4188 3704 4238 Bu-

2162 4291 2396 4356 ζαντίων
2440 4289 2597 4358 τείχη
2650 4284 3019 4356 προσκλύζειν
3040 4282 3285 4354 ἀνώρυξέ
3326 4299 3387 4334 τε
3459 4281 3549 4334 καὶ
3594 4280 3698 4332 ἐτε-

2164 4381 2495 4450 χνούργησε,
2515 4381 2628 4440 τοῖς
2666 4377 2944 4445 πολεμίοις
2969 4377 3026 4441 ἐξ
3043 4373 3276 4443 ἀπορίας
3307 4372 3504 4442 μικρὸν
3524 4371 3706 4422 ἐπιτεί-

495 4476 752 4544 quoniam
783 4475 1007 4538 Tomus,
1035 4473 1240 4527 abillis
1292 4473 1552 4541 scriptus,
1603 4471 1804 4523 malum
1871 4470 2038 4523 fuisse

2164 4491 2336 4544 χισμα
2364 4489 2378 4502 ·
2444 4470 2522 4530 ὡς
2581 4467 2722 4522 εἶναι
2768 4471 2880 4532 τοῖς
2926 4462 3338 4534 συλλογίζεσθαι
3389 4461 3705 4532 βουλομένοις

486 4579 542 4624 et
575 4567 801 4636 impium
830 4581 1029 4620 munus
1050 4568 1316 4630 oblatum,
1371 4565 1494 4618 ideo
1547 4563 1814 4618 infelicem
1853 4563 2042 4618 exitun

2172 4567 2354 4638 ῥᾴδιον
2381 4566 2476 4618 καὶ
2501 4563 2669 4631 σαφὲς
2705 4561 2768 4616 τὸ
2816 4559 3193 4630 συμπέρασμα
3215 4571 3231 4586 ·
3269 4557 3352 4608 ὃτι
3412 4555 3568 4608 κακὸν
3609 4550 3704 4618 ἄρα

489 4668 848 4714 consecutum
877 4673 998 4712 esse
1024 4674 1039 4724 ;
1093 4673 1216 4710 cum
1250 4655 1525 4719 videlicet,
1553 4654 1649 4724 qui
1681 4656 1913 4708 maxime
1942 4670 2072 4708 Cou-

2171 4660 2262 4710 καὶ
2285 4655 2547 4718 δυσσεϐὲς
2579 4654 2638 4706 τὸ
2669 4655 2767 4723 τῆς
2791 4649 3171 4720 τομογραφίας
3206 4647 3436 4699 ἐκείνων
3475 4642 3704 4709 ἀνάθημα

493 4749 718 4812 trarius,
749 4759 806 4804 et
830 4764 1022 4802 eorum
1055 4745 1509 4816 prazdictionibus
1543 4759 1709 4812 quam
1753 4743 2046 4812 longissim:

2169 4747 2228 4800 ὃν
2267 4745 2772 4816 κακοδαιμονούσης
2806 4741 2964 4811 ἔτυχε
3021 4739 3118 4792 καὶ
3177 4739 3276 4807 τῆς
3307 4737 3592 4792 ἐκϐάσεως.
3624 4731 3704 4782 καὶ

495 4841 1066 4911 distantia’interjecta
1107 4841 1414 4910 oppositus,
1453 4837 1662 4908 1033
1697 4837 1927 4892 exitium
1960 4835 2046 4889 Ro

2173 4840 2316 4893 πάνυ
2370 4855 2463 4890 τοι.
2515 4835 2722 4904 σφόδρα
2771 4830 3193 4894 ἐναντιωτάτης,
3269 4829 3380 4880 κάκ
3443 4823 3703 4893 διαμέτρου

500 4933 677 4988 mauis
708 4933 1006 4987 attulisset.

571 5117 662 5172 Vl.
691 5095 961 5172 Czrteium
991 5124 1045 5172 et
1077 5117 1207 5172 hinc
1239 5131 1483 5187 quoque,
1521 5116 1564 5171 si
1602 5123 1846 5185 tempora
1881 5111 2073 5186 coiil‘e-

2168 4932 2286 4992 ταῖς
2319 4928 2470 4996 σφῶν
2503 4927 2843 4997 προρρήσεσι
2875 4923 2974 4992 τὴν
3009 4920 3118 4974 τῶν
3158 4917 3454 4988 Ῥωμαίων
3497 4917 3702 4978 ἐνεγκα-

2173 5021 2342 5094 μένης
2375 5015 2680 5071 ἀπώλειαν.

2240 5093 2341 5179 G'.
2380 5109 2599 5175 Ἔξεστι
2658 5106 2757 5178 μὲν
2795 5103 2890 5158 οὖν
2944 5099 3220 5161 ἐντεῦθεν,
3267 5093 3705 5169 παρεξετάζοντας

505 5218 697 5263 rantur
721 5217 777 5262 et
806 5208 952 5262 inter
989 5219 1498 5276 se_componantur,
1550 5222 1732 5261 rerum
1782 5203 2046 5257 hodierna

2173 5205 2272 5259 καὶ
2295 5201 2718 5272 παρατιθέντας,
2741 5197 2838 5266 τὴν
2868 5193 2974 5248 τῶν
3017 5189 3460 5258 παρόντωνὸρᾷν
3493 5183 3608 5254 πρὸς
3646 5177 3704 5230 τὶ

507 5315 632 5353 rum
667 5313 792 5354 cum
834 5298 902 5352 iis
936 5313 1058 5367 quae
1113 5299 1243 5352 olim
1298 5308 1644 5366 gestae-sunt
1695 5293 2046 5364 COgnationcn

2177 5295 2347 5347 πάλαι
2380 5271 2726 5360 συγγένειαν.
2759 5285 2927 5348 Σάλος
2955 5282 3062 5354 γὰρ
3090 5281 3202 5352 (38)
3232 5281 3324 5333 καὶ
3383 5278 3475 5330 νῦν
3503 5271 3702 5367 κατέσχε

507 5391 822 5460 perspicere
861 5398 966 5444 est.
1002 5389 1213 5456 Quippe
1267 5398 1324 5443 et
1346 5375 1869 5460 hisce_temporibus
1895 5381 2079 5452 quoli-

508 5479 602 5532 h-t
629 5478 794 5533 maris
843 5487 976 5530 a’stu
1043 5477 1334 5531 violentior
1389 5477 1612 5547 agitatio
1654 5489 1833 5528 arcem
1877 5471 2080 5526 invasit

2176 5385 2274 5453 τὴν
2301 5382 2410 5437 τῶν
2446 5377 2756 5450 ἐκκλησιῶν
2775 5375 3095 5446 ἀκρόπολιν,
3138 5369 3432 5426 θαλασσίου
3473 5362 3704 5453 κλύδωνος

2189 5449 2390 5536 παντὸς
2421 5470 2780 5541 ἀγριώτερος.
2813 5467 2895 5520 Τὰ
2931 5465 3186 5532 Πατέρων
3220 5462 3346 5533 ὃριά
3381 5477 3441 5514 τι
3477 5455 3560 5511 καὶ
3597 5449 3705 5541 δόγς

510 5571 894 5627 ecclesiarum.
928 5569 1171 5624 Termini
1202 5569 1489 5625 constituti
1511 5578 1567 5624 et
1597 5565 1794 5622 tradita
1847 5581 1874 5616 a
1907 5561 2046 5616 Patri

2189 5579 2334 5632 ματα
2365 5533 2808 5615 inlaesam.
2842 5555 2964 5612 Τῶν
2994 5555 3274 5626 ἀρχόντων
3326 5554 3356 5606 ὁ
3399 5548 3549 5617 τῦφος
3583 5533 3706 5610 μετὰ

1869 5703 2203 5766 Variorum
2234 5707 2423 5764 nota).

589 5831 702 5904 (38)
739 5832 912 5890 Verba
958 5830 1131 5888 sancti
1178 5833 1387 5900 Basilii,
1418 5840 1476 5886 ut
1502 5846 1668 5902 supra
1706 5844 1821 5898 cap.
1849 5829 1902 5895 ί,
1936 5835 2072 5882 sect.
2113 5823 2166 5892 4,
2201 5839 2352 5877 num.
2394 5823 2442 5878 l.
2477 5821 2692 5874 Botvta.

2024 5935 2046 5988 I
