3974 6658
317 473 449 538 ἷ3οΊ
771 471 846 546 [Α.
888 489 938 532 c.
979 477 1144 556 1551]

1288 480 1723 543 ΒΥΖᾹΝΤΙΝίΕ
1760 484 2139 545 HISTORUE
2178 486 2324 549 LIB.
2363 490 2518 554 XXI.

2661 491 2795 565 [ευρ.
2834 506 2877 546 ι.
2919 501 3211 546 εικτλωι.
3254 486 3312 563 5]

3423 493 3558 571 1310

305 580 409 650 ,τῆς
440 580 679 652 ἀμαθίας
740 584 1003 655 ταράττει
1032 587 1188 659 δίκην
1211 588 1440 659 θυέλλης
1472 588 1714 649 ἅπαντα,
1746 587 1883 658 πρὸς

1996 592 2094 650 bus
2116 595 2367 666 dogmata
2401 600 2819 659 labefactantur.
2853 602 3046 659 Omnia
3078 605 3329 672 procellae
3385 604 3558 659 instar

313 672 620 742 ὑπερϐολὰς
653 675 751 728 καὶ
779 675 1047 748 ἐλλείψεις
1070 680 1141 734 τὰ
1171 681 1273 750 τῆς
1325 680 1609 756 εὐσεϐείας
1636 698 1885 750 παρασυο

315 764 523 833 ρόντων
548 766 981 837 δόγματαγΤοῖς
1022 772 1121 842 μὲν
1164 772 1273 827 τῶν
1320 772 1734 841 ἀνθισταμέσων
1777 775 1890 843 χεῖ-

314 869 408 923 ps;
437 855 735 923 ἐπάγονται
785 863 1004 929 φονικαί
1028 876 1044 894 °
1075 863 1202 923 τοὺς
1235 863 1281 917 δ’
1305 864 1508 935 ὲξορίαι
1532 865 1625 917 καὶ
1657 864 1887 933 διωγμοὶ

313 950 560 1000 παντοῖοι
591 951 943 1019 μερίζονται·
965 956 1092 1016 τοὺς
1131 955 1176 1007 δ’
1206 956 1422 1026 εἱρκταὶ
1475 954 1883 1025 συγκρύπτουσι

312 1043 1036 1115 καταχθόνιοι,αύτοσχέδιοι
1069 1049 1182 1108 τοῖς
1214 1047 1295 1101 ἔτι
1323 1047 1456 1109 ζῶσι
1492 1046 1760 1117 δρώμενοι
1791 1047 1887 1099 τά·

313 1151 425 1201 φοι.
445 1133 801 1204 Θεολογοῦσιν
827 1139 996 1201 ἀδεῶς
1025 1142 1074 1192 oi
1108 1140 1384 1209 βάναυσοι.
1411 1141 1617 1211 ἀγορὰς
1636 1146 1725 1193 καί
1757 1138 1882 1192 θέαι

315 1242 419 1296 τρα
457 1229 634 1283 πάντα
678 1232 935 1284 τοιούτων
969 1230 1057 1304 [Ρ.
1090 1231 1215 1303 650]
1258 1235 1451 1301 φωνῶν
1477 1234 1876 1300 ὲμπιπλῶντες.

263 1378 267 1383 ,
317 1319 584 1387 Ποιμένες
615 1320 931 1373 ἐλαύνονται
960 1337 974 1351 '
1011 1322 1197 1392 βαρεῖς
1224 1323 1267 1374 δ’
1294 1321 1704 1388 ἀντεισὰγονται
1733 1318 1889 1372 λύκοι

315 1413 457 1463 κατὰ
489 1411 601 1465 τῶν
632 1414 923 1482 ποιμνίων.
956 1415 1239 1483 Θεοτήτων
1301 1413 1574 1466 ἀκτίστων
1606 1416 1633 1465 ὸ
1660 1409 1892 1480 ἀριθμὸς

315 1504 400 1565 είς
429 1504 658 1574 ἄπειρον
689 1505 991 1558 ἐκτείνεται
1018 1504 1244 1573 πλῆθος.
1298 1504 1558 1557 Λαλεῐται
1591 1501 1651 1555 τὸ
1697 1500 1893 1570 ψεῦδος

314 1594 575 1663 ἀφόϐωςο
634 1598 669 1666 ἡ
705 1597 931 1662 ἀλήθεια
986 1595 1450 1665 συγκαλύπτεται.
1501 1593 1894 1648 Διαϐάλλουσιν

316 1685 468 1752 ἡμᾶς
499 1684 588 1755 ἐφ’
617 1681 699 1752 οἷς
726 1686 879 1740 αὐτοί
905 1704 968 1756 γε
996 1689 1273 1758 ἐνέχονται
1322 1688 1490 1758 ὲγκλή
1501 1703 1655 1759 μασι.
1688 1685 1894 1756 Θεσμοὶ

324 1777 587 1848 Πατέρων
614 1779 980 1849 πεπάτηνται.

1980 690 2274 744 conturbat
2301 692 2523 761 junctus
2550 710 2673 750 cum
2695 695 2998 766 ignorantia
3030 695 3200 749 fastus
3224 694 3557 764 principum,

1981 781 2076 851 qui
2127 794 2183 837 et
2227 784 2502 853 superﬂua
2549 787 2820 853 addendo,
2849 797 2904 843 et
2961 785 3305 842 detrahendo
3363 801 3558 841 neres-

1982 872 2151 936 saria,
2200 874 2502 931 doctrinam
2537 876 2659 933 ﬁdei
2681 888 3028 948 pervertunt.
3063 878 3119 932 Si
3155 879 3245 947 qui
3272 876 3557 940 resistunt,

1982 978 2173 1019 eorum
2195 966 2316 1021 aliis
2345 984 2539 1023 manus
2586 970 2899 1025 inferuntur
2957 970 3360 1039 sanguinarire;
3424 969 3561 1023 alios

1989 1053 2177 1107 exsilia
2211 1052 2463 1111 etom'nis
2488 1059 2708 1128 generis
2744 1062 3155 1128 persecutiones
3185 1059 3558 1127 dispertiunt:

1991 1141 2129 1194 alios
2179 1142 2418 1212 denique
2476 1160 2665 1200 carcer
2715 1147 3112 1211 subterraneus
3165 1148 3365 1217 aperit.
3413 1147 3563 1199 velut

1995 1228 2240 1283 tumulus
2266 1232 2489 1300 quidam
2525 1234 2856 1301 subitarius,
2884 1232 3207 1289 hominibus
3257 1235 3440 1289 adhuc
3475 1233 3561 1286 vi-

1996 1320 2081 1374 vis
2111 1332 2351 1390 paratus.
2382 1324 2540 1381 Fabri
2574 1326 2828 1383 vilissimi
2856 1327 2926 1382 de
2953 1328 3117 1381 rebus
3144 1326 3346 1381 divinis
3377 1324 3565 1394 dispu-

1990 1420 2106 1466 tant
2171 1419 2416 1484 impune.
2492 1417 2606 1473 fora
2667 1420 2993 1489 theatraque
3065 1415 3564 1486 omnia,ejusmodi

1987 1508 2336 1561 sermonibus
2369 1509 2679 1579 implenles.
2709 1512 2964 1567 Pastores
3001 1511 3374 1580 expelluntur.
3424 1506 3565 1576 Lupi

1987 1596 2240 1654 crudeles
2268 1599 2323 1654 in
2351 1616 2548 1656 eorum
2584 1604 2764 1659 locum
2799 1606 3063 1659 adversus
3087 1618 3281 1675 greges
3313 1602 3567 1658 introdu-

1988 1700 2211 1746 cuntur.
2238 1693 2590 1751 Divinitatum
2622 1698 2986 1754 increatarum
3012 1712 3278 1752 numerus
3335 1696 3388 1751 in
3443 1694 3566 1748 inli-

1989 1781 2167 1847 nitum
2190 1787 2530 1843 extenditur.
2577 1788 2872 1844 Mentiendi
2903 1789 3088 1843 nullus
3120 1797 3331 1843 metus.
3400 1785 3564 1843 Veri-

316 1878 400 1925 tas
429 1868 729 1927 involucris
762 1874 982 1943 tegitur.
1018 1872 1261 1940 Quorum
1329 1868 1625 1930 crimidum
1646 1868 1727 1924 rei
1787 1867 1889 1939 ipsi
1929 1881 2078 1940 sunt,
2106 1890 2170 1929 ea
2201 1874 2257 1929 in
2276 1892 2378 1933 nos
2404 1893 2503 1948 per
2523 1865 2851 1935 calumiiiam
2918 1878 3276 1935 transferunt.
3342 1878 3564 1933 Patrum

316 1964 639 2034 prmscripta
675 1965 906 2035 pedibus
929 1976 1309 2036 proteruntur.

386 2054 464 2108 Z’.
497 2055 604 2106 Καὶ
632 2034 685 2107 τί
720 2055 802 2107 δεῖ
834 2034 956 2108 καθ’
1004 2056 1211 2110 ἕκαστα
1262 2056 1443 2109 πάντα
1479 2053 1737 2119 διεξιέναι
1789 2051 1883 2121 ζη-

2058 2056 2169 2113 Vll.
2202 2057 2273 2115 Et
2323 2060 2455 2132 quid
2484 2076 2708 2119 necesse
2755 2034 2851 2118 est.
2885 2061 3045 2116 velle
3076 2062 3263 2116 omnia
3308 2052 3564 2132 persequi

314 2150 457 2211 τεῖν,
481 2148 605 2215 ἐξὸν
638 2148 766 2213 τοὺς
801 2149 1278 2216 ἀναγινώσκοντας
1347 2146 1723 2217 παραϐάλλειν
1777 2145 1893 2207 τοῖς

320 2239 637 2309 πράγμασι,
664 2240 757 2292 καὶ
786 2241 1045 2309 συνάγειν
1079 2241 1145 2292 ὲκ
1208 2238 1568 2309 παραθέσεως
1631 2236 1732 2305 τὴν
1781 2236 1892 2289 τῶν

320 2330 493 2384 πάλαι
524 2332 681 2401 πρὸς·
708 2324 777 2386 τὰ
823 2330 920 2384 νῦν
982 2314 1319 2402 ὁμοιότητα⁶
1379 2328 1547 2399 φαίην
1599 2329 1646 2382 δ’
1695 2327 1761 2382 ἂν
1800 2326 1895 2381 καὶ

325 2421 500 2492 μείζω
528 2422 625 2493 τὴν
650 2421 745 2475 νῦν
785 2422 1066 2494 εὑρίσκειν
1102 2424 1325 2490 κακίαν,
1369 2422 1402 2493 ἢ
1435 2423 1578 2475 κατὰ
1606 2422 1703 2485 τὰς
1727 2420 1895 2491 θρυλ-

319 2512 591 2583 λουμένας
617 2515 728 2568 τῶν
750 2508 920 2570 πάλαι
946 2532 962 2548 ·
999 2517 1240 2586 παρόσον
1282 2516 1378 2585 τῆς
1426 2514 1548 2568 τότε
1607 2512 1895 2582 Ῥωμαίων

322 2604 502 2676 ἀρχῆς
559 2605 864 2677 εύρυτέρας
903 2605 1072 2676 οὔσης
1113 2609 1173 2660 ὲν
1219 2607 1436 2677 ἠπείρῳ
1478 2605 1573 2659 καὶ
1627 2605 1895 2675 Θαλάσσῃ,

243 2766 251 2773 ἰ
319 2682 419 2751 καὶ
453 2698 638 2766 σοφῶν
665 2698 876 2770 ἀνδρῶν
900 2699 1151 2769 πανταχῆ
1188 2701 1286 2770 τῆς
1343 2698 1671 2767 οἰκουμένης
1710 2698 1897 2766 ἀκμα-

320 2789 548 2854 ζόντων,
582 2791 679 2844 καὶ
732 2791 950 2847 πάντων
986 2793 1087 2862 μὲν
1123 2791 1480 2862 πατριαρχῶν
1543 2791 1752 2862 σχεδὸν,
1801 2791 1897 2844 καὶ

321 2878 647 2935 ἐπισκόπων
698 2882 808 2936 τῶν
860 2883 1152 2959 πλείστων,
1225 2883 1457 2952 ἐχόντων
1513 2881 1654 2951 μετὰ
1708 2881 1899 2950 σοφίας

324 2971 594 3042 ἀνάλογον
618 2974 711 3029 καὶ
737 2974 838 3045 τὴν
873 2976 932 3028 ὲν
968 2975 1202 3046 δόγμασι
1232 2976 1451 3044 πεῖραν,
1477 2973 1554 3036 ὡς
1600 2972 1746 3042 ἔχειν
1771 2975 1898 3036 τοὺς

318 3065 693 3136 διωκομένους
715 3067 979 3121 πλατεῖαν
1008 3066 1107 3138 τὴν
1136 3067 1342 3138 χώραν,
1390 3067 1454 3120 ἐκ
1488 3066 1649 3135 τῆσδε
1681 3065 1781 3135 τῆς
1807 3064 1900 3119 πό-

319 3155 464 3221 λεως
504 3157 730 3226 φεύγειν
767 3159 847 3221 είς
876 3157 975 3230 τὴν
1001 3159 1218 3229 ἑτέραν,
1248 3158 1510 3212 κάκεῖθεν
1570 3157 1651 3221 είς
1702 3158 1894 3225 ἄλλην.

320 3249 420 3302 καὶ
469 3249 625 3312 αὖθις
644 3249 857 3302 ἐκεῖθεν
901 3250 1190 3303 ἐντεῦθεν·
1227 3248 1319 3301 καὶ
1371 3246 1629 3301 δύνασθαι
1675 3247 1768 3301 τοῦ
1801 3252 1900 3316 μὲν

319 3340 444 3403 ἑνὸς
491 3340 890 3403 κινδυνεύοντος
920 3340 1146 3409 μέρους,
1170 3339 1279 3392 τῶν
1305 3340 1350 3392 δ’
1396 3340 1574 3394 ἄλλων
1625 3340 1893 3407 ὑγιαινόν-

318 3449 433 3485 των
464 3430 544 3485 Est
584 3433 680 3485 καὶ
736 3430 1171 3501 ἀνθισταμένων,
1237 3430 1551 3500 ἐγείρεσθαι
1585 3431 1645 3484 τὺ
1680 3446 1898 3482 πεπτω-

321 3525 444 3587 κός.
482 3522 599 3577 Νῦν
632 3522 677 3577 δ’
710 3527 769 3577 ἐν
803 3526 950 3594 μόνῳ
975 3524 1052 3594 τῷ
1082 3524 1368 3594 Βυζαντίῳ
1397 3524 1588 3595 σχεδὸν
1610 3523 1712 3592 τῆς
1743 3521 1895 3586 ἐξου-

319 3617 446 3680 σίας
480 3616 883 3686 καθισταμένης
908 3616 1148 3684 ἁπὰτης,
1169 3616 1586 3687 πατριαρχικῶν
1617 3616 1663 3669 δ’
1692 3614 1895 3683 ἐκκλη-

318 3708 459 3762 σιῶν
491 3711 587 3762 καὶ
627 3708 1028 3776 ἐπισκοπικῶν,
1055 3709 1236 3777 ὀλίγον
1264 3711 1367 3763 δέω
1401 3708 1584 3778 λέγειν
1641 3707 1890 3773 ἀπασῶν,

318 3802 634 3871 γενομένων
675 3801 766 3868 ὑφ’
791 3803 1021 3871 ἡγεμόσι
1083 3801 1404 3872 βαρϐάροις,
1450 3802 1545 3855 καὶ
1575 3801 1663 3854 διὰ
1719 3799 1894 3852 ταῦτα

317 3894 428 3947 τῶν
450 3895 758 3947 διωκόντων
784 3897 919 3964 ὁμοῦ
955 3895 1047 3947 καὶ
1079 3888 1447 3965 διωκομένων,
1479 3894 1676 3947 ταυτὸν
1721 3892 1767 3945 δ’
1819 3893 1896 3943 εί-

319 3989 445 4038 πεῖν
469 3986 650 4040 λύκων
680 3985 816 4053 ὁμοῦ
845 3983 938 4036 καὶ
962 3984 1184 4052 ἀρνίων,
1213 3987 1270 4037 ὲν
1302 3984 1511 4056 μάνδρᾳ
1546 3984 1665 4052 μιᾷ,
1695 3982 1771 4049 τῷ
1792 3982 1894 4034 Βυ-

320 4079 525 4148 ζαντίῳ
557 4080 724 4148 φημὶ,
753 4076 1243 4146 συγκλεισθέντωτ,
1278 4077 1415 4144 μετὰ
1452 4074 1653 4142 πολλῆς
1709 4073 1893 4135 ἀδείας

317 4171 499 4226 τὸτοῦ
529 4170 768 4239 Χριστοῦ
804 4168 1115 4223 δαπανᾶται
1162 4167 1442 4235 ποίμνιον,
1496 4163 1726 4235 μηδενὸς
1787 4181 1892 4233 μη-

308 4265 470 4336 δαμῆ
530 4263 808 4333 μηδεμίαν
853 4259 1181 4327 καταφυγὴν
1240 4257 1458 4327 ἀσφαλῆ
1530 4256 1888 4326 κεκτημένου,

323 4355 452 4427 μηδ’
482 4357 540 4408 ἐν
560 4355 702 4426 ψυχῇ
726 4353 915 4407 λαϐεῖν
944 4351 1191 4405 ὁπωσοῦν
1233 4351 1533 4420 δυναμένου
1563 4349 1624 4401 τὸ
1677 4346 1886 4402 εὔελπι.

320 4447 435 4504 Καὶ
481 4447 694 4515 γίνεται
725 4446 784 4498 τὸ
815 4446 1051 4516 πρᾶγμα
1087 4441 1267 4513 πολλῷ
1327 4441 1630 4512 βιαιότερον
1680 4438 1798 4504 νῦν,
1854 4438 1886 4507 ἢ

318 4540 463 4593 κατὰ
529 4539 623 4590 τὸν
675 4535 978 4589 Αἰσώπειον
1043 4535 1212 4604 μῦθον
1268 4534 1494 4595 ἐκεῖνον,
1546 4524 1590 4599 ᾧ
1637 4529 1729 4582 ἐπὶ
1764 4546 1888 4582 και-

319 4626 419 4697 ροῦ
462 4625 746 4686 Βασίλειος
807 4625 836 4676 ὁ
901 4624 1072 4694 μέγας
1145 4624 1415 4692 ἐχρήσατο
1481 4620 1887 4690 παραδείγματι

316 4717 457 4789 πρὸς
527 4717 868 4803 παράστασιν
928 4716 1029 4786 τῆς
1090 4716 1386 4788 θηριωδίας
1443 4716 1549 4768 τῶν
1586 4715 1706 4769 τότε
1756 4715 1883 4769 διω-
1924 4728 1974 4785 D

317 4827 490 4866 κτων.

392 4901 478 4959 ﬂ'.
512 4903 673 4958 Ἐπεὶ
704 4902 761 4957 δὲ
786 4902 882 4956 καὶ
935 4903 1037 4974 τῆς
1102 4902 1169 4955 δι’
1221 4900 1446 4970 ὀνείρων
1498 4899 1898 4969 ἠναγκάσμεθά

320 5013 440 5059 πως
469 4997 740 5067 μαντικῆς
777 4993 870 5049 ὑπ’
932 4993 1113 5048 αὐτῶν
1140 4994 1228 5048 διὰ
1267 4993 1490 5063 μνήμης
1552 4994 1724 5046 ἐλθεῖν
1759 4993 1895 5064 (59),

318 5090 388 5145 δι’
420 5084 498 5144 ὧν
538 5091 618 5152 είς
646 5089 715 5142 τὰ
753 5087 991 5160 μάλιστα
1044 5088 1144 5158 τῆς
1206 5086 1300 5138 τοῦ
1349 5087 1613 5157 βασιλέως
1668 5084 1897 5153 γνώμης

320 5183 423 5253 τὴν
455 5181 711 5236 εὐκολίαν
741 5180 1043 5251 ἐξέπληξαν
1065 5197 1126 5232 τε
1164 5179 1363 5250 ῥᾳδίως
1394 5177 1491 5230 καὶ
1526 5177 1895 5246 ὑπηγάγοντο,

323 5276 458 5347 φέρε
521 5275 619 5327 καὶ
674 5273 802 5358 ¹διξερὶ
851 5274 1057 5325 τούτων
1106 5272 1306 5354 μέτρια
1353 5270 1623 5337 λέξωμεν,
1673 5269 1767 5320 καὶ
1796 5267 1897 5321 ὅσα

322 5363 475 5431 παρὰ
507 5361 603 5413 τοῦ
631 5355 988 5428 προτεθέντος
1036 5357 1239 5425 ἀρτίως
1285 5356 1416 5424 ἡμῖν
1478 5357 1557 5416 είς
1588 5355 1898 5423 ἀρχέτυπον

323 5452 658 5522 ἀφηγήσεως
684 5446 970 5502 Βασιλείου
997 5447 1092 5499 τοῦ
1146 5446 1292 5499 θείου
1326 5444 1682 5515 ἐρανίσασθαι
1729 5445 1896 5514 δυνη-

323 5543 552 5613 θείημεν
580 5542 837 5605 ᾶν.’Τοὺς
865 5541 975 5611 γὰρ
1004 5540 1197 5601 ἄλλους
1233 5538 1320 5591 διὰ
1364 5536 1658 5606 συντομίαν
1714 5538 1895 5608 παρή-

1995 2149 2295 2220 sigillatim,
2329 2167 2451 2222 quae
2494 2153 2590 2222 qui
2611 2154 2798 2225 legunt
2840 2154 3002 2210 facile
3028 2154 3132 2224 ipsi
3166 2161 3395 2222 possunt
3435 2168 3560 2208 eum

1995 2240 2160 2296 rebus
2189 2242 2463 2310 conferre,
2507 2253 2564 2299 ut
2593 2245 2897 2314 priscarum
2934 2260 3058 2300 eum
3101 2244 3385 2299 hodiernis
3410 2245 3567 2299 simi-

1994 2332 2169 2388 litudo
2205 2352 2271 2390 ex
2301 2337 2713 2405 comparatione
2730 2337 3072 2411 colligatur:
3109 2337 3240 2398 imo.
3273 2337 3450 2391 ausim
3485 2338 3567 2391 di-

1996 2439 2142 2491 cere,
2172 2435 2234 2480 ut
2264 2428 2438 2496 majus
2463 2423 2626 2482 hodie
2657 2428 2859 2483 malum
2888 2431 3124 2497 grassari
3171 2429 3565 2497 comperiatur.

1997 2533 2159 2588 quam
2186 2519 2389 2575 fuerint
2412 2534 2596 2577 vetera
2631 2531 2687 2576 et
2733 2523 3055 2593 pervulgata
3107 2521 3196 2577 illa
3226 2537 3241 2578 :
3276 2531 3567 2590 propterea

1997 2611 2144 2679 quod
2205 2610 2273 2664 iis
2329 2612 2696 2681 tempor'.bus,
2754 2627 2879 2666 cum
2919 2612 3224 2665 Romanum
3277 2609 3564 2677 imperium

2001 2709 2143 2755 terra
2167 2711 2222 2756 et
2253 2703 2390 2757 mari
2417 2701 2992 2773 latiusjporrigeretur,
3019 2702 3292 2771 etubique
3321 2701 3566 2770 gentium

1999 2793 2113 2854 viri
2133 2792 2282 2848 docti
2328 2793 2615 2879 flet-etlam,
2642 2794 2971 2864 patriarchae
3001 2806 3182 2849 autem
3214 2793 3330 2848 fere
3354 2807 3567 2851 omnes.

1997 2895 2055 2940 et
2083 2887 2326 2957 episcopi
2362 2887 2637 2965 plerique.
2691 2885 2905 2959 1034
2944 2884 3259 2941 eruditione
3301 2885 3454 2953 juxta
3502 2898 3570 2937 ac

2000 2977 2316 3048 dogmatum
2363 2992 2467 3032 usu
2520 2985 2864 3044 praestarent,
2909 2976 3169 3046 patebant
3220 2974 3564 3061 fugientibus

2002 3085 2192 3140 magna
2232 3069 2480 3123 locorum
2513 3070 2709 3139 spatia,
2731 3077 2791 3122 ut
2819 3068 2958 3138 pulsi
3007 3068 3111 3122 hac
3145 3067 3280 3121 urbe
3322 3068 3375 3121 in
3403 3065 3567 3119 aliam

2000 3159 2272 3229 fugerent,
2310 3169 2365 3214 et
2391 3160 2516 3214 inde
2547 3161 2601 3213 itt
2632 3160 2820 3220 aliam,
2850 3169 2906 3212 et
2941 3172 3134 3211 rursus
3159 3156 3285 3209 inde
3336 3155 3570 3209 aliover-

2001 3268 2121 3309 sum
2154 3269 2169 3306 :
2204 3255 2474 3321 adeoque,
2532 3252 2579 3305 si
2614 3265 2742 3321 pars
2776 3265 2884 3303 una
2921 3248 3219 3312 laboraret,
3281 3246 3403 3299 alia:
3434 3260 3569 3298 vero

2002 3345 2186 3400 adhuc
2207 3346 2455 3400 valerent
2485 3358 2550 3397 ac
2577 3343 2916 3404 resisterent,
2948 3347 3133 3410 posset
3159 3336 3295 3407 erigi
3329 3336 3382 3390 id
3418 3333 3568 3405 quod

1998 3436 2313 3507 cecidisset.
2345 3435 2461 3519 Hoc
2493 3444 2674 3489 autem
2714 3442 2983 3504 tempore,
3045 3444 3170 3484 cum
3228 3426 3571 3492 OmnisJero

1994 3527 2336 3598 principatus
2359 3527 2412 3580 in
2443 3527 2561 3582 solo
2590 3525 2848 3596 Byzantio
2865 3522 3141 3588 consistit,
3186 3536 3311 3575 cum
3338 3520 3571 3590 patriar-

1995 3620 2181 3675 chales
2208 3618 2490 3685 ecclesize,
2512 3628 2567 3672 et
2588 3616 2930 3687 episcopales
2977 3628 3116 3684 pene
3149 3612 3380 3667 dixerim
3442 3609 3571 3664 uui-

1998 3727 2193 3775 versae,
2244 3710 2589 3780 principibus
2639 3708 2889 3765 barbaris
2959 3705 3368 3777 subjiciuntur;
3407 3712 3573 3783 atque

1996 3803 2203 3857 idcirco
2228 3810 2608 3871 persecutores
2636 3799 2801 3853 simul
2835 3807 2891 3853 et
2924 3797 2961 3854 ii
2994 3796 3086 3866 qui
3116 3795 3562 3866 persecutionem

1995 3897 2298 3969 patiuntur,
2327 3910 2448 3956 seu,
2471 3893 2617 3963 quod
2662 3894 2805 3946 idem
2840 3901 2943 3952 est,
2998 3888 3124 3959 lupi
3174 3887 3486 3957 promiscue
3517 3890 3576 3938 et

1997 3989 2124 4059 agni
2159 3989 2212 4042 in
2240 3986 2433 4042 eodem
2462 3986 2617 4049 ovili,
2660 3984 2923 4055 Byzantio
2959 3982 3118 4046 urbe,
3177 3978 3532 4033 includuntur
3554 4014 3571 4039 ,

1994 4084 2099 4137 hoc
2124 4083 2344 4152 inquam
2381 4090 2623 4150 tempore
2643 4094 2774 4135 oves
2799 4077 3002 4133 Christi
3035 4090 3228 4145 magna
3257 4089 3379 4129 cum
3399 4072 3576 4125 lieen-

1997 4177 2071 4232 tia
2106 4175 2523 4244 disperduntur,
2562 4175 2691 4243 quia
2732 4173 2886 4227 nulla
2919 4181 3095 4226 tutum
3127 4182 3358 4237 usquam
3383 4164 3573 4235 perfu-

1991 4267 2139 4335 gium
2172 4265 2360 4328 habet,
2403 4280 2502 4319 nec
2526 4280 2678 4333 spem
2707 4267 2901 4317 bonam
2938 4260 3233 4330 concipere
3272 4258 3382 4311 ullo
3413 4253 3574 4309 modo

1993 4364 2190 4426 potest.
2220 4358 2295 4409 lta
2333 4357 2413 4419 (it,
2450 4366 2506 4409 ut
2532 4354 2795 4409 violentia
2822 4345 2992 4407 multo
3041 4368 3188 4407 nunc
3253 4350 3428 4419 major
3475 4361 3573 4401 sm-
3676 4396 3683 4405 ,

1990 4453 2316 4517 viat,quam
2351 4456 2409 4500 ut
2434 4456 2688 4500 narratur
2737 4447 2791 4500 in
2822 4445 2912 4499 illa
2957 4443 3151 4511 Αἰδορί
3204 4441 3409 4503 fabula,
3458 4454 3569 4508 qua

1990 4556 2219 4610 magnus
2245 4539 2477 4592 Basilius
2505 4537 2558 4590 in
2596 4547 2841 4606 tempore
2871 4551 3004 4589 usus
3037 4544 3145 4591 est.
3178 4541 3235 4584 ut
3279 4532 3571 4584 immanem

1991 4636 2409 4698 persecuturum
2445 4626 2709 4681 saevitiam
2741 4640 2809 4680 eo
2836 4623 3087 4692 exemplo
3111 4621 3435 4675 declararet.

2074 4890 2213 4946 Vlll.
2243 4890 2507 4956 Quoniam
2545 4903 2676 4944 vero
2699 4888 2818 4958 ejus
2853 4885 3026 4956 ipsius
3057 4898 3216 4954 quam
3247 4880 3449 4935 habent
3471 4894 3571 4949 per

2002 4984 2213 5039 somnia
2240 4984 2524 5039 divinandi
2558 4981 2838 5038 facultatis
2883 4980 3216 5034 mentionem
3253 4976 3435 5030 facere
3470 4988 3565 5027 eo-

2001 5079 2107 5132 acti
2145 5077 2213 5131 ab
2239 5078 2575 5139 illissunms,
2602 5090 2709 5144 qua
2765 5072 3108 5143 potissimum
3171 5084 3231 5124 re
3284 5064 3564 5122 credulam

2001 5168 2355 5240 imperatoris
2383 5178 2622 5221 mentem
2659 5164 2823 5220 facile
2873 5162 3248 5233 perculerunt,
3312 5172 3376 5213 ac
3413 5154 3565 5210 velut

2002 5264 2263 5319 domitam
2289 5260 2762 5329 subegerunt,age
2792 5257 2860 5311 de
2883 5256 2968 5310 his
3014 5254 3178 5309 etiam
3206 5264 3373 5320 pauca
3403 5262 3435 5301 a
3468 5261 3565 5300 uo-

2003 5356 2084 5410 ltis
2120 5355 2419 5415 dicantur;
2462 5367 2526 5406 ea
2571 5351 2804 5413 scilicet,
2846 5364 2969 5419 que
3012 5364 3079 5402 ex
3109 5353 3294 5401 sancto
3342 5337 3562 5401 Basilio,

2000 5463 2161 5518 quem
2216 5444 2372 5497 nobis
2429 5444 2483 5497 in
2532 5443 2617 5498 his
2658 5442 2824 5496 rebus
2874 5437 3192 5493 enarrandis
3239 5428 3563 5487 imitandum

2000 5538 2165 5592 modo
2195 5536 2604 5605 proposuimus,
2664 5545 2958 5601 corrogare
3011 5524 3246 5582 licuerit.
3285 5521 3418 5576 Nam
3457 5532 3564 5573 ca:-

1674 5656 1995 5716 Varionum
2029 5664 2215 5716 notae.

394 5766 508 5829 ('59)
537 5762 809 5834 Gregoras
838 5764 945 5817 hoc
971 5761 1093 5815 loro
1117 5761 1435 5834 ‘Palamitas
1466 5767 1639 5834 notat,
1673 5768 1733 5813 ut
1761 5774 1888 5834 pro-

324 5840 454 5902 priis
478 5828 708 5888 summis
734 5833 993 5902 intentos.
1020 5838 1085 5885 At
1116 5832 1215 5899 ipsi
1241 5845 1457 5899 quoque
1477 5828 1743 5902 Grggormﬁ
1762 5830 1886 5902 Phi-

323 5897 543 5962 ictheus
574 5901 877 5974 patriarcha
905 5897 1196 5958 Antirrhet.
1257 5897 1509 5965 Xit,'cod.
1554 5897 1683 5969 Reg.
1728 5900 1882 5961 l996,

1993 5746 2087 5814 fol.
2117 5759 2242 5820 297,
2270 5740 2523 5813 eumdem
2555 5756 2802 5812 morbum
2831 5750 3052 5819 objicit;
3090 5762 3194 5818 qua
3217 5744 3285 5800 de
3314 5756 3373 5797 re
3398 5739 3558 5811 plura

1995 5845 2095 5885 uos
2126 5844 2288 5898 supra
2323 5829 2375 5883 in
2414 5829 2529 5884 Vita
2566 5829 2840 5897 Gregoraz.
2869 5824 3079 5877 Bonna.
