3974 6584
528 386 670 451 1315
807 378 888 453 [Α.
927 394 984 434 ιι.
1024 376 1183 445 6859,
1214 391 1326 433 tuo.
1357 375 1414 449 4]

1699 373 2124 439 NICEPHORI
2161 372 2546 436 GREGORJE

2862 365 2998 437 [ινιι.
3040 381 3083 419 ι.
3126 376 3420 418 ολκτλουῑ.
3460 359 3514 432 5]
3615 358 3761 428 1316'

522 494 769 553 obsecuti
802 509 927 550 cum
976 493 1191 549 Palama
1236 492 1321 547 sic
1348 490 1558 561 egistis,
1597 505 1835 560 eumque
1899 487 2093 543 iisdem

2206 488 2365 557 ὑμεῖς
2403 486 2586 556 ἐκείνῃ
2634 487 2700 554 τῇ
2754 483 2875 555 θείᾳ
2913 482 3008 535 καὶ
3055 480 3416 547 οίκουμενικῇ
3456 476 3558 530 τῶν
3583 479 3725 532 Πατί-

523 586 931 642 conditionibus
960 584 1278 653 recepistis;
1302 584 1413 654 jam
1446 599 1568 647 vos,
1622 584 1828 652 scripta
1858 582 1951 636 illa
1997 594 2098 649 pa-

523 679 632 733 lam
661 676 1022 747 proferentes,
1046 674 1289 728 animum
1321 689 1380 729 re
1404 673 1699 734 deelarate,
1750 682 1807 727 et
1831 686 1915 725 mc
1942 670 2100 724 vobis

524 770 963 825 consentientem
997 753 1472 832 habetote.°Quod
1507 765 1551 820 si
1585 774 1641 820 et
1669 763 1889 835 praemia
1918 761 2101 816 distri-

523 859 677 923 buta,
715 868 771 912 et
805 854 1410 925 mensznlimperatoriai
1440 855 1621 918 luxus,
1647 863 1705 907 et
1756 853 1902 921 larga
1930 866 2101 921 pecu-

523 946 629 999 nia:
664 944 822 1013 copia
859 944 913 998 in
965 953 1184 999 vestros
1213 944 1461 998 sacculos
1508 943 1711 1014 jugiter
1750 941 1996 996 defluens
2042 950 2100 996 et

524 1036 791 1101 animum,
821 1050 882 1087 ea
919 1044 1070 1100 parte
1101 1049 1205 1100 qua
1235 1032 1493 1104 gaudium
1525 1032 1714 1096 sentit,
1742 1030 1939 1086 blande
1980 1030 2101 1107 alli-

525 1126 712 1190 ciens;
748 1125 792 1179 si
823 1125 1060 1193 denique
1094 1130 1175 1193 (ut
1203 1134 1258 1178 et
1285 1124 1389 1177 hoc
1407 1122 1693 1192 addamus)
1712 1121 1889 1176 \ollicii
1936 1122 2101 1192 igno-

526 1220 664 1274 ratio
698 1229 752 1273 et
806 1218 1026 1272 inscitia
1056 1216 1208 1269 vobis
1242 1223 1656 1284 persuaserunt,
1693 1212 1851 1266 facile
1886 1224 1946 1266 ut
1997 1213 2101 1266 Pa-

470 1309 493 1382 ἲ
527 1323 671 1365 trum
697 1311 950 1379 dogmata
971 1308 1262 1375 ejuraretis
1286 1316 1339 1360 et
1356 1307 1775 1359 constitutarum
1800 1306 1976 1375 legum
2001 1321 2100 1359 uo-

526 1404 792 1457 bilitatcm
824 1401 977 1470 parvi
1013 1400 1297 1463 faceretis;
1333 1398 1437 1451 hoc
1480 1398 1693 1460 scitote,
1744 1397 1895 1450 nullo
1938 1406 2098 1466 pacto

528 1491 644 1545 fieri
669 1507 845 1558 posse,
864 1498 922 1543 ut
949 1488 1055 1541 ulla
1082 1503 1317 1555 unquam
1345 1487 1488 1539 inter
1520 1501 1621 1539 nos
1651 1501 1904 1538 commun
1932 1500 1965 1538 ο
1991 1485 2095 1550 sit;

524 1599 633 1638 non
670 1583 839 1650 magis
881 1581 1112 1641 scilicet,
1170 1593 1332 1647 quam
1360 1586 1454 1631 aut
1516 1577 1621 1630 luci
1654 1592 1780 1629 cum
1828 1575 2095 1641 tenebris,

525 1682 619 1727 aut
651 1671 934 1727 serenitati
959 1686 1083 1725 cum
1117 1668 1392 1724 szevientis
1427 1667 1601 1737 pelagi
1639 1666 1918 1720 fluctibus.

598 1855 684 1909 ΙΙΙ.
721 1854 788 1909 At
819 1853 897 1907 illi
926 1868 1030 1908 nec
1054 1851 1254 1906 libellis
1280 1867 1419 1922 opus
1447 1864 1571 1904 esse
1604 1847 1655 1902 in
1680 1846 1958 1918 prmsenti,
1992 1861 2095 1903 nec

2266 1849 2341 1903 Γ.
2387 1829 2620 1902 Ἦκείνα
2678 1847 2777 1919 μὲν
2810 1844 2902 1901 οὖν
2947 1848 3022 1917 μὴ

527 1947 655 2004 talia
682 1961 829 2001 nunc
862 1944 1127 2013 exigenda
1158 1944 1225 1997 ab
1254 1959 1312 1998 se
1339 1943 1579 1998 aiebant.
1615 1943 1748 1996 Nam
1781 1939 1927 2010 quod
1962 1939 2097 2008 ipsis

526 2040 887 2109 approbatum
929 2038 1323 2105 decretumque
1352 2046 1516 2099 esset,
1546 2033 1600 2088 id
1636 2034 1810 2103 legem
1837 2046 1960 2086 esse
1982 2048 2101 2085 om-

527 2134 691 2187 nibus
735 2131 938 2184 libellis
987 2128 1305 2182 lirmiorem.
1342 2129 1496 2193 Quod
1548 2127 1614 2180 ad
1673 2141 1812 2179 nova
1854 2125 2109 2188 decreta,’

527 2240 648 2293 qua:
693 2222 1069 2292 scripsissent,
1107 2229 1163 2276 et
1210 2220 1276 2273 ad
1332 2218 1580 2291 synodici
1630 2217 1785 2271 Tomi
1825 2216 2097 2271 constitu-

529 2314 708 2368 tiones
737 2315 1033 2377 attinerct;
1065 2327 1128 2366 ea
1175 2311 1301 2381 quia
1337 2327 1444 2365 non
1480 2309 1814 2373 attulissent,
1846 2321 1907 2361 se
1953 2309 2100 2377 ipsos

530 2405 875 2467 incusabant,
904 2413 961 2458 et
987 2402 1105 2479 ejus
1134 2402 1214 2457 rei
1246 2402 1460 2472 culpam
1492 2400 1850 2456 conferebant
1877 2399 1931 2452 in
1961 2398 2101 2452 obli-

526 2496 773 2561 \‘iottem,
805 2496 962 2564 cujus
993 2503 1236 2564 potcStas
1269 2507 1480 2547 summa
1516 2500 1573 2547 et
1605 2489 1887 2561 tyrannica
1919 2497 2096 2555 esset;

530 2601 697 2657 atque
733 2587 785 2640 id
823 2595 1108 2655 peccatum
1147 2593 1369 2654 postera
1412 2584 1503 2639 die
1540 2593 1889 2641 correcturos
1920 2597 1982 2638 se
2017 2581 2102 2637 af-

532 2674 745 2733 firmate
779 2677 1193 2747 promittebant.

604 2753 719 2825 ινδ
756 2769 1046 2821 Enimvero
1098 2768 1357 2837 negabam
1410 2781 1512 2837 ego
1563 2765 1761 2820 rationi
1808 2773 2100 2820 consenta-

535 2879 696 2917 neutn
727 2875 868 2925 esse,
909 2869 1003 2913 aut
1049 2858 1173 2912 aliis
1213 2860 1510 2913 convenire
1556 2866 1919 2927 praeterquam
1959 2856 2099 2919 istis,

534 2952 801 3023 ejusmodi
832 2952 995 3006 verba
1027 2952 1247 3017 afferre,
1284 2967 1406 3021 qua:
1448 2966 1577 3005 aere
1619 2934 1879 3020 percusso
1915 2949 2098 3004 statim

500 3036 965 3111 'cranescerent;
1014 3042 1126 3098 imo
1161 3043 1255 3099 illa
1304 3043 1544 3106 decreta.
1595 3042 1752 3113 prius
1784 3055 1948 3110 quam
1994 3039 2099 3110 ipsi

2203 595 2313 648 ρων
2342 578 2545 649 συνόδῳ
2579 576 2646 628 τὰ
2668 578 2830 645 ὃμοια
2860 574 2998 628 κάπὶ
3036 573 3115 642 τῷ
3158 571 3394 639 ιιαλαμᾷ
3427 569 3739 639 πεπράχατεφ

2201 669 2345 721 κάπὶ
2389 670 2502 730 τοῖς
2551 667 2759 736 όμοῗοις
2812 665 2975 718 αὑτὸν
3003 661 3278 726 ἐδέξασθε,
3320 659 3509 727 ἔργοις
3538 659 3652 727 ἡμῖν
3679 661 3731 713 τὰ

2206 762 2307 827 τῆς
2342 757 2569 827 γνώμης
2610 753 2940 820 ἐνδείξασθε,
2983 750 3270 824 παρρησίᾳ
3326 748 3397 800 τά
3462 747 3734 817 γράμματα

2202 848 2462 917 φέροντες
2481 862 2495 876 ο
2523 848 2613 899 καλ.
2644 844 2902 912 δμόφρων
2934 843 3063 912 ὑμῖν
3095 840 3312 907 ἔσομαι.
3340 838 3402 891 El
3430 835 3487 888 δέ
3521 836 3735 905 διανομαὶ

2200 938 2381 1007 γερῶν
2428 938 2525 989 καὶ
2579 935 2867 1005 βασιλικῆς
2915 931 3199 1003 τραπέζης
3227 928 3408 1000 τρυφὴ
3434 926 3530 979 καὶ
3553 929 3735 997 χρημά-

2200 1045 2310 1081 των
2337 1028 2569 1094 ἄφθονος
2601 1026 2836 1096 χορηγία
2871 1024 3262 1094 συνεχέστερον
3293 1018 3620 1087 ἀντλουμένη
3644 1022 3735 1081 τοῖς

2209 1116 2516 1186 βαλαντίοις
2548 1118 2703 1185 ὑμῶν
2741 1116 2835 1169 καὶ
2871 1118 2932 1167 τὸ
2981 1116 3168 1184 χαῖρον
3193 1113 3293 1181 τῆς
3320 1108 3499 1179 ψυχῆς
3525 1108 3735 1160 ἐντεῦθεν

2200 1210 2566 1278 ἐφελκομένη,
2601 1208 2951 1280 προσκείςθσο
2984 1206 3029 1259 δ’
3063 1208 3182 1274 ἀμα
3214 1207 3306 1258 καὶ
3334 1203 3442 1255 τῶν
3471 1200 3736 1270 προσηκόν·

2199 1316 2307 1352 των
2341 1302 2561 1368 ἀπειρία
2615 1299 2753 1369 μετὰ
2781 1297 2882 1364 τῆς
2926 1294 3187 1366 ἀμαθίας,
3220 1292 3420 1363 ῥαδίως
3454 1287 3738 1357 ἐξόμνυσθαι

2199 1390 2268 1442 τά
2307 1392 2518 1458 πάτρια
2559 1388 2794 1441 πέπεικε
2819 1386 3064 1456 δόγματα
3090 1385 3184 1437 καὶ
3208 1382 3309 1453 τὴν
3339 1382 3450 1433 τῶν
3499 1375 3739 1432 καθεστῶ-

2199 1499 2307 1535 των
2336 1484 2584 1551 νομίμων
2642 1478 2929 1549 φαυλίζειν
2983 1477 3290 1545 εὐγένειαν,
3328 1473 3529 1527 εἰδέναι
3568 1470 3738 1541 χρεὼν,

2199 1573 2276 1636 ὡς
2307 1572 2481 1635 οὐδεὶς
2525 1574 2669 1642 ἡμῖν»
2703 1572 2913 1639 οὐδαμῆ
2955 1587 3090 1623 ποτε
3152 1566 3443 1627 κοινωνίας
3494 1564 3740 1630 ἐγγίνεται

2198 1666 2423 1735 τρόπος.
2456 1666 2569 1735 Οὐχ
2607 1659 2770 1736 ἦττον
2805 1666 2913 1732 γὰρ
2935 1662 3000 1716 ἂν
3088 1661 3228 1731 φωτὶ
3260 1660 3396 1729 πρὸς
3440 1657 3643 1718 σκότος,
3664 1655 3742 1707 καὶ

2200 1756 2413 1830 γαλήνη
2440 1758 2575 1827 πρὸς
2603 1759 2949 1817 διαποντίους
2971 1755 3276 1814 κλύδωνας.

3152 1847 3268 1898 είαν
3329 1840 3474 1897 εἶναι
3513 1838 3741 1893 λιϐἐλῖων

2198 1938 2408 2007 ἔφασαν
2444 1939 2711 2005 ἐνταυθοῖ,
2745 1940 2878 2011 μηδὲ
2927 1936 3187 1993 τοιούτων
3238 1937 3423 2005 σφίσιν
3478 1936 3743 2003 ἀπαίτησιν

2201 2030 2318 2084 νῦν.
2350 2031 2535 2100 Νόμον
2567 2031 2676 2102 γὰρ
2710 2028 2849 2084 εἶναι
2903 2030 3165 2083 λιϐέλλων
3188 2031 3450 2083 ἁπάντων
3483 2027 3745 2097 στερρότεο

2200 2143 2293 2198 ρον
2323 2127 2381 2178 τὸ
2415 2126 2566 2194 σφίσι
2607 2125 2928 2193 δεδεγμένον
2961 2140 3021 2178 τε
3064 2126 3157 2177 καὶ
3181 2122 3526 2192 δεδογμένον.
3563 2120 3684 2190 Περὶ
3708 2117 3744 2172 δ’

2197 2214 2272 2271 ὧν
2304 2219 2492 2280 αὐτοῖς
2519 2218 2835 2286 γέγραπται
2866 2217 2961 2269 νέα
2983 2216 3332 2286 ψηφίσματα,
3373 2213 3469 2267 καὶ
3494 2230 3747 2283 τομογραο

2200 2310 2376 2381 φικῶν
2424 2308 2805 2380 συνθημάτων,
2834 2307 2993 2361 αὐτοὶ
3025 2308 3238 2372 ἑαυτοῖς
3292 2308 3367 2377 μὴ
3414 2304 3745 2375 κεκομικόσιν

2198 2402 2509 2472 ἐμέμφοντό
2529 2418 2590 2455 τε
2622 2402 2719 2454 καὶ
2741 2403 2798 2464 ἐς
2824 2399 2926 2472 τὴν
2944 2399 3044 2471 τῆς
3066 2398 3237 2469 λήθης
3258 2398 3561 2466 αὐτόνομον
3577 2413 3746 2467 τυραν-

2203 2494 2321 2547 νίδα
2367 2491 2467 2563 τὴν
2518 2491 2614 2546 τοῦ
2668 2491 2978 2562 συμϐάντος
3031 2488 3365 2559 διαμαρτίαν
3401 2485 3746 2557 ἀνέφερον’δ

2199 2582 2449 2656 διορθοῦν
2479 2582 2580 2655 τὴν
2610 2583 2903 2654 ὑστεραίαν
2936 2581 3141 2654 σφόδρα
3168 2581 3595 2651 ἐπηγγέλλοντο.

2269 2771 2345 2822 Δθ.
2378 2767 2530 2837 Μηδέ
2580 2767 2693 2836 γὰρ
2736 2759 2880 2821 εἶναι
2935 2766 3046 2820 τῶν
3085 2765 3331 2831 εἰκότων,
3359 2765 3502 2835 πλὴν
3524 2765 3743 2825 ἐκείνων,

2198 2860 2391 2932 λόγους
2419 2859 2556 2932 ὁμοῦ
2594 2860 2672 2931 τῷ
2710 2860 2975 2930 πληγέντι
3034 2859 3420 2928 διαλυομένους
3464 2858 3589 2928 ἀέρι
3615 2860 3748 2926 κομί-

2202 2954 2341 3020 ζειν,
2400 2954 2643 3023 ἔφασκον
2695 2952 2894 3022 ἐγωγε.
2940 2951 3157 3006 Μᾶλλον
3198 2951 3308 3021 γάρ
3369 2951 3439 3004 ἀν
3474 2950 3652 3003 ἐκεῖνά
3696 2964 3748 3017 γε

2201 3046 2403 3118 χρῆναι
2456 3048 2633 3130 ποιεῖν
2696 3045 2940 3116 ἐμφανῆ,
3003 3046 3134 3115 πρὶν
3184 3043 3218 3115 ἢ
3278 3044 3527 3109 ἐκείνους
3553 3042 3785 3105 αύτούς.’

537 3143 942 3204 comparerent,
986 3135 1298 3205 oportuisse
1335 3133 1547 3206 1050
1591 3148 1776 3189 coram
1825 3132 2097 3225 exhiberi;

2215 3138 2369 3192 Ἐπεὶ
2406 3139 2502 3191 καὶ
2556 3140 2626 3192 τά
2671 3137 2793 3191 θεία
2819 3139 2935 3200 τοῖς
2963 3135 3282 3199 ἀποστόλοις
3334 3135 3642 3203 Εὑαγγέλια
3666 3134 3747 3186 καὶ

526 3227 747 3301 ‘Quippe
784 3227 1041 3298 (aiebam)
1083 3242 1185 3281 nec
1224 3226 1408 3282 divina
1450 3226 1740 3297 Evangelia
1779 3226 1849 3282 ab
1879 3234 2101 3296 aposto-

536 3322 627 3387 lis,
658 3336 761 3375 nec
809 3321 1115 3389 sapientum
1150 3318 1408 3373 Ecclesiae
1442 3317 1747 3371 nlistitum
1781 3315 2105 3386 praeceptio-

537 3429 661 3479 nes,
695 3427 797 3467 nec
828 3426 982 3467 sacra
1012 3413 1264 3484 dogmata
1304 3412 1383 3466 sic
1411 3413 1615 3480 scripta
1646 3418 1796 3475 sunt,
1834 3419 1894 3464 ut
1925 3409 1982 3464 in
2017 3408 2104 3463 lu-

538 3519 658 3556 cem
680 3505 827 3560 edita
855 3503 999 3557 haud
1027 3502 1267 3567 fuerint;
1300 3517 1401 3556 nec
1424 3502 1503 3555 sic
1532 3500 1752 3570 quidem
1776 3499 1920 3554 edita
1953 3509 2104 3565 sunt,

539 3604 601 3647 ut
648 3595 809 3648 tacita
861 3594 1162 3658 latuerint;
1198 3592 1293 3646 sed
1326 3601 1381 3645 ct
1427 3599 1541 3645 toto
1589 3592 1743 3657 orbe,
1777 3605 2104 3661 quacunque

540 3684 857 3740 habitabilis
888 3695 990 3748 est,
1021 3684 1392 3755 praedicantur
1438 3684 1559 3737 sine
1600 3683 1726 3749 line,
1760 3693 1838 3747 et,
1874 3683 2106 3739 mortuis

541 3776 612 3832 iis
642 3778 734 3845 qui
763 3778 1125 3846 scripserunt,
1157 3787 1479 3843 permanent
1522 3776 1720 3845 scripta
1754 3777 2104 3844 immortalia,

542 3871 737 3946 quovis
777 3870 958 3938 cippo,
1002 3868 1341 3938 quibuslibet
1383 3867 1694 3924 simulacris
1724 3870 2107 3946 pere‘nniora:

542 3975 718 4029 caque
748 3952 859 4014 non
890 3960 1065 4013 solum
1104 3959 1192 4023 iis,
1223 3960 1315 4029 qui
1352 3970 1600 4023 utuntur,
1629 3960 1811 4013 vivum
1847 3970 1901 4014 et
1934 3940 2105 4015 veluti

544 4053 840 4116 spirantem
875 4050 1109 4105 fructum
1141 4051 1411 4118 afferunt;
1440 4051 1533 4106 sed
1566 4062 1622 4106 et
1652 4050 1891 4115 illorum,
1919 4068 1956 4120 _a
1982 4052 2107 4120 qui-

544 4146 650 4200 bus
677 4145 875 4214 scripta
908 4153 1059 4208 sunt,
1100 4144 1435 4199 voluntatem
1474 4144 1880 4214 olliciosamque
1917 4118 2107 4214 provi-

543 4236 788 4290 dentiam
844 4245 1109 4304 perpetuo
1163 4244 1575 4304 repraesentant,
1634 4244 1690 4290 et
1743 4251 1926 4291 veram
1974 4236 2109 4306 ipsis

547 4328 1007 4382 immortalitatem
1044 4327 1313 4383 tribuunt.
1346 4328 1551 4397 Nempe
1585 4343 1649 4381 ea
1682 4341 1763 4383 est
1793 4339 1985 4382 natura
2020 4345 2107 4384 re-

545 4436 665 4475 rum
702 4421 1008 4485 sensilium,
1046 4432 1106 4474 ut
1139 4420 1266 4489 quia
1307 4420 1561 4474 sensibus
1594 4430 1834 4489 cognata:
1865 4430 1921 4474 et
1949 4421 2105 4489 quasi

2203 3226 2314 3280 τῶν
2341 3225 2522 3294 σοφῶν
2546 3228 2645 3296 τῆς
2662 3224 2993 3295 Ἐκκλησίας
3036 3222 3414 3293 μυσταγωγῶν
3438 3223 3496 3275 αί
3521 3222 3749 3275 διδασκα-

2203 3318 2318 3372 λίαι
2353 3319 2447 3372 καὶ
2474 3317 2543 3373 τά
2584 3318 2709 3388 ίερά
2741 3319 2990 3388 δόγματα
3028 3320 3342 3391 γέγραπται
3379 3320 3505 3389 μὲν,
3538 3319 3636 3372 οὐκ
3673 3321 3749 3371 ἐκ·

2204 3411 2416 3464 δέδοται
2440 3410 2531 3464 δέ·
2564 3411 2671 3464 οὐδ’
2700 3412 2975 3465 ἐκδέδοται
3009 3413 3130 3479 μὲν,
3157 3408 3496 3483 σεσῖὡπηται
3519 3412 3577 3467 δέ
3596 3427 3610 3442 °
3634 3411 3749 3466 ἀλλά

2208 3505 2301 3555 καὶ
2318 3503 2406 3556 διὰ
2427 3504 2606 3572 πάσης
2624 3502 2725 3573 τῆς
2743 3506 3067 3574 οἰκουμένης
3083 3505 3169 3559 ἀεὶ
3192 3507 3543 3576 κηρύττεται,
3561 3505 3750 3558 καὶτῶν

2207 3597 2563 3667 γεγραφότων
2594 3595 2862 3650 θανόντων
2890 3598 3131 3652 ἀθάνατα
3161 3600 3311 3667 μένει
3338 3598 3406 3652 τὰ
3446 3600 3749 3671 γράμματα,

2209 3687 2410 3756 στήλης
2428 3686 2647 3755 ἀπάσης
2659 3687 2755 3740 καὶ
2775 3686 3105 3757 ἀνδριάντων
3129 3688 3383 3743 ἀπάντων
3404 3691 3601 3762 μακρῷ
3624 3706 3751 3760 μονιο

2210 3777 2455 3846 μώτερα,
2515 3775 2592 3846 μὴ
2644 3778 2806 3845 μόνον
2857 3775 3041 3841 ζῶσαν
3092 3780 3187 3831 καὶ
3232 3777 3474 3848 ἔμπνουν
3504 3784 3621 3833 τινά
3651 3780 3749 3841 τοῖς

2208 3869 2513 3939 χρωμένοις
2545 3869 2898 3938 παρεχόμενα
2933 3870 3034 3938 τὴν
3062 3868 3355 3937 ὠφέλειαν,
3390 3870 3528 3924 ἀλλά
3554 3871 3647 3925 καὶ
3668 3868 3751 3941 τὴν

2209 3962 2320 4012 τῶν
2373 3961 2732 4030 γεγραφότων
2782 3962 3107 4029 προαίρεσίν
3162 3977 3220 4013 τε
3281 3964 3379 4017 καὶ
3425 3961 3751 4032 οίκονομικην

2211 4051 2428 4103 σύνεσιν
2490 4049 2754 4119 διηνεκῶς
2812 4051 3171 4116 είκονίζοντα,
3230 4053 3323 4106 καὶ
3388 4053 3451 4106 τὸ
3509 4054 3751 4108 ἀθάνατον

2210 4142 2531 4211 ἔμπρακτόν
2566 4158 2721 4209 σφισι
2750 4142 3022 4197 διδόντων.
3058 4146 3272 4213 Πὲφυκε
3306 4146 3415 4215 γὰρ
3450 4147 3538 4199 ἀεὶ
3563 4146 3753 4216 χειροῡο

2212 4236 2335 4289 σθαι
2371 4235 2513 4304 μετά
2542 4234 2827 4305 ῥᾳστώνης
2856 4239 2924 4289 τά
2963 4236 3199 4308 αἰσθητά
3229 4236 3329 4306 τὴν
3360 4239 3467 4291 τῶν
3520 4238 3754 4309 αἰσθητη-

2214 4329 2345 4406 ρίων
2384 4327 2693 4398 ἀντίληψιν,
2742 4327 2830 4381 διὰ
2885 4327 2946 4379 τὸ
2999 4329 3261 4396 συγγενὲς
3293 4331 3391 4383 καὶ
3442 4331 3652 4398 οίκείον,
3673 4330 3753 4383 καὶ

2212 4427 2407 4492 πεῖραν
2446 4422 2562 4490 ἅμα
2616 4421 2712 4474 καὶ
2742 4420 3049 4489 γνωστικὴν
3102 4421 3395 4492 ἐμπειρίαν
3452 4423 3753 4493 συνάγεσθαι

545 4513 843 4579 familiares
877 4522 1024 4577 sunt,
1056 4512 1261 4567 idcirco
1290 4511 1354 4565 ad
1387 4512 1470 4565 sui
1508 4511 1914 4581 perceptionem
1951 4512 2104 4567 facile

2217 4516 2278 4567 τὸ
2313 4514 2530 4584 καίριον
2580 4514 2810 4584 ἔχουσαν
2856 4514 2921 4567 ἐκ
2964 4516 3063 4583 τῆς
3109 4514 3328 4585 ὁμιλίας
3370 4512 3589 4590 ἀμφοῖν.
3626 4514 3752 4579 Νοῦς

543 4621 639 4658 eos
671 4620 886 4674 semper
916 4604 1070 4675 quasi
1104 4606 1443 4671 mancipatus
1472 4603 1762 4666 adducant,
1788 4612 1952 4673 atque
1978 4605 2112 4658 adeo

544 4710 611 4749 ex
645 4698 891 4763 utrisque
938 4694 1249 4761 conjunCIis
1289 4709 1421 4748 usus
1469 4704 1523 4747 ct
1560 4704 1869 4762 opportune
1916 4696 2111 4764 agendi

545 4800 708 4854 sagax
742 4787 1081 4855 experientia
1113 4786 1418 4854 colligatur.
1455 4784 1659 4846 Eorum
1693 4786 1863 4848 enim,
1901 4802 2022 4854 qua.-
2056 4786 2109 4838 in

546 4876 757 4928 mundo
813 4885 960 4939 sunt,
1003 4875 1172 4947 judex
1228 4877 1527 4931 constituta
1577 4888 1733 4930 mens
1790 4877 1899 4928 vim
1953 4891 2110 4930 suam

546 4966 781 5019 nuncin
816 4968 1037 5032 caelum,
1064 4983 1211 5021 nunc
1244 4968 1301 5021 in
1336 4977 1533 5022 terram
1576 4975 1815 5029 exercet,
1853 4977 1907 5020 et
1927 4979 2111 5020 rerum

544 5057 839 5126 qualitates
885 5073 987 5127 cpe
1032 5075 1294 5115 sensuum
1338 5061 1653 5129 cognoscit;
1701 5073 1765 5113 ac
1818 5058 1979 5113 modo
2016 5073 2113 5127 per

547 5156 749 5202 tactum
785 5149 1109 5217 asperitates
1134 5149 1506 5220 levitatesque
1533 5165 1844 5221 corporum,
1880 5156 1936 5205 et
1967 5165 2114 5220 qua:-

543 5253 763 5308 cunque
794 5238 844 5293 ei
874 5242 1058 5294 sensui
1086 5255 1117 5294 a
1142 5251 1334 5296 natura
1366 5242 1756 5313 subjiciuntur,
1783 5241 2035 5309 explorat
2057 5251 2114 5297 et

544 5330 835 5402 intelligit;
873 5330 1035 5386 modo
1078 5345 1176 5401 per
1223 5333 1533 5397 odoratum,
1569 5348 1691 5403 quae
1735 5333 2112 5389 suaveolentia

544 5423 652 5478 sint
684 5435 739 5480 et
768 5433 996 5490 contra;
1028 5423 1192 5480 modo
1226 5440 1324 5496 per
1372 5426 1619 5481 auditum
1661 5442 1824 5481 voces
1869 5426 2113 5482 modula-

472 5513 489 5532 ‘
546 5522 627 5567 tas
660 5514 936 5585 percipit;
973 5514 1136 5570 modo
1174 5530 1271 5586 per
1301 5516 1491 5574 oculos
1532 5516 1700 5571 variis
1742 5517 1988 5571 colorum
2024 5516 2115 5572 fu-

547 5605 625 5659 cis
661 5606 919 5672 interest;
954 5617 1117 5677 atque
1150 5608 1342 5662 eadem
1377 5617 1638 5679 praeterea
1670 5607 1959 5663 hominum
1992 5624 2114 5665 mo-

548 5709 634 5749 res
663 5712 810 5752 nunc
838 5697 1038 5769 lingua:
1073 5715 1220 5755 nunc
1251 5701 1537 5769 scriptura:
1566 5716 1667 5770 ope
1694 5701 2026 5771 assequitur,
2059 5711 2115 5757 ct

549 5789 737 5856 quales
773 5790 808 5844 ii
839 5790 949 5845 sint
977 5790 1161 5847 discit.
1193 5792 1254 5846 ln
1300 5791 1365 5847 iis
1398 5791 1652 5849 sensibus
1696 5793 1805 5849 duo
1841 5793 2115 5864 principa-

2216 4608 2317 4676 μὲν
2351 4608 2460 4676 γὰρ
2494 4606 2758 4675 δικαστὴς
2789 4606 2899 4659 τῶν
2930 4608 2989 4659 ἐν
3021 4607 3217 4677 κόσμῳ
3242 4609 3583 4679 πραγμάτων
3602 4607 3754 4677 ὑπάρ-

2215 4713 2326 4765 χων
2344 4693 2438 4747 νῦν
2462 4694 2560 4760 μὲν
2578 4696 2657 4755 είς
2675 4694 2890 4763 αἰθέρα,
2911 4693 3005 4747 νῦν
3023 4694 3067 4747 δ’
3085 4696 3165 4751 είς
3193 4697 3557 4768 γῆνρνεργεί,
3572 4697 3661 4750 καὶ
3676 4694 3751 4748 διὰ

2214 4786 2323 4838 τῶν
2341 4785 2428 4856 [Ρ.
2444 4782 2572 4856 654]
2591 4785 2960 4855 αἰσθητηρίων
2974 4785 3072 4849 τὰς
3097 4787 3204 4839 τῶν
3222 4790 3563 4857 πραγμάτων
3582 4789 3751 4855 ἀναγι-

2212 4876 2411 4927 νώσκει
2446 4878 2734 4939 ποιότητας
2756 4892 2770 4906 ·
2809 4878 2905 4928 καὶ
2933 4876 3027 4929 νῦν
3064 4877 3164 4948 μὲν
3193 4877 3281 4933 διά
3308 4880 3408 4948 τῆς
3435 4881 3573 4951 ἁφῆς
3591 4877 3752 4949 ἐρωτᾷ

2212 4966 2309 5018 καὶ
2338 4967 2597 5035 μανθάνει
2635 4968 2905 5034 σωμάτων
2952 4970 3299 5039 τραχύτητας
3350 4973 3451 5025 καὶ
3474 4973 3749 5040 λειότητας,

2212 5061 2309 5112 καὶ
2337 5060 2439 5110 ὅσα
2472 5057 2548 5127 τῷ
2585 5057 2816 5128 τοιούτῳ
2848 5058 3097 5126 πέφυκεν
3145 5059 3471 5117 ὑποκεῖσθαι
3514 5064 3750 5133 αίσθητηο

2215 5147 2316 5218 ρίῳ
2335 5162 2350 5177 ·
2382 5147 2478 5201 καὶ
2513 5142 2580 5201 αὖ
2605 5146 2696 5200 διὰ
2721 5149 2822 5215 τῆς
2859 5147 3186 5220 ὀσφρήσεως
3207 5152 3310 5204 ὅσα
3340 5154 3513 5225 εὐώδη
3543 5157 3625 5207 καὶ
3652 5156 3746 5223 μὴ’

2212 5239 2309 5291 καὶ
2336 5238 2432 5293 νῦν
2468 5239 2568 5308 μὲν
2596 5238 2685 5293 διά
2716 5239 2814 5308 τῆς
2848 5241 3020 5310 ἀκοῆς
3056 5243 3164 5296 τῶν
3213 5245 3550 5315 ἐναρμονίων
3580 5246 3751 5313 φωνῶν

2212 5327 2310 5400 τὴν
2350 5329 2639 5400 ἀντίληψιν
2674 5330 2849 5401 ίσχει·
2878 5330 2974 5385 νῦν
3000 5332 3059 5387 δὲ
3084 5336 3209 5399 ταῖς
3253 5336 3530 5408 διαςόροις
3556 5338 3634 5390 διὰ
3657 5337 3749 5389 τῶν

2211 5418 2388 5488 δψεων
2436 5418 2655 5495 βαφαῖς,
2682 5419 2863 5489 ὁμιλεῖ
2910 5420 3020 5474 τῶν
3052 5422 3399 5493 χρωμάτων·
3433 5428 3523 5479 καὶ
3544 5424 3665 5492 πρός
3692 5437 3748 5490 γε

2213 5510 2296 5565 ετι
2343 5509 2440 5565 νῦν
2474 5511 2574 5580 μὲν
2609 5510 2699 5565 διὰ
2747 5510 3021 5583 γλώττης,
3058 5513 3249 5569 νῦνιδέ
3281 5514 3370 5571 διά
3407 5516 3745 5588 γραμμάτων,
3806 5500 3817 5513 ’

2215 5602 2519 5670 ἐφάπτεται
2562 5601 2671 5657 τῶν
2700 5602 3060 5674 ἀνθρωπίνων
3092 5604 3243 5676 ἠθῶν
3296 5610 3391 5662 καὶ
3432 5611 3527 5670 τὰς
3562 5606 3748 5659 τούτων

2215 5699 2586 5769 ἀναγινώσκει
2626 5700 2942 5766 ποιότητας.
2972 5701 3199 5760 Τούτων
3222 5706 3404 5762 τοίνυν
3430 5706 3565 5760 δυοῖν
3592 5703 3748 5755 ὄντων

2213 5795 2729 5866 ἡγεμονικωτέρων,
2776 5796 2878 5852 ὅσα
2921 5812 2986 5867 γε
3029 5798 3166 5872 πρὸς
3206 5799 3267 5854 τὸ
3311 5796 3655 5855 διακονεῖσθαι
3683 5794 3751 5863 τῷ
