3974 6656
343 423 478 488 1317

729 425 802 498 [ιο
843 441 893 483 ο·
936 427 1096 501 1551]
1190 512 1213 529 ι
1242 429 1683 495 ΒῩΖᾹΝΤΙΝΑΕ
1718 424 2102 488 ΠΙΞΤΟΒΠΕ
2140 424 2286 490 LIB.
2327 424 2515 485 XXII.

2648 424 2782 494 [ιιιν.
2817 394 2863 477 εἶ
2910 459 2923 476 .
2953 437 3237 481 οιατιοιιι.
3266 427 3321 499 5]
3434 430 3577 493 l‘ll8

292 574 295 577 -
336 540 435 607 τῆς
470 538 648 611 ψυχῆς
686 541 920 612 βελτίονι.
964 547 1146 617 μέρει,
1201 544 1297 600 νῦν
1335 544 1433 617 μὲν
1470 544 1679 614 θατέρῳ
1708 541 1908 614 μᾶλλον

2013 545 2126 591 ιυιιι
2158 535 2364 606 ιοήι
2401 545 2607 603 tenent,
2642 535 2695 592 in
2735 546 3000 608 quantum
3051 538 3264 594 scilicet
3302 541 3576 595 excellen-

337 626 538 695 ἐνίους
572 633 681 686 τῶν
746 635 916 690 πάλαι
959 637 1224 707 παρέχειν
1286 637 1467 706 σοφῶν
1515 622 1615 707 τὴν
1661 633 1905 705 βελτίονα

341 726 543 795 μοῖραν
592 725 892 796 ἀκούομεν,
936 728 1033 784 νῦν
1071 731 1116 784 δ’
1165 730 1342 794 ἐνίους
1405 729 1639 799 θατέρῳ.
1695 728 1758 782 Ἢ
1806 727 1905 799 μὲν

338 816 448 887 γάρ
477 817 588 869 τῶν
614 819 929 874 ἐνεστώτων
959 821 1325 894 ἀντιληπτικὴ
1357 824 1454 877 καὶ
1496 823 1780 892 παρόντων
1808 820 1908 890 μό-

336 924 431 963 νον
459 909 494 976 ἡ
524 909 648 979 δψις
683 911 1009 983 ὑπάρχουσα
1064 914 1518 986 δραστικωτέραν
1555 915 1705 987 ὅμως
1732 914 1808 976 ὡς
1837 912 1906 966 τὰ

337 1000 516 1053 πολλά
559 1003 659 1071 τὴν
699 1004 810 1057 τῶν
838 1004 1215 1076 ὑποκειμένων
1259 1008 1574 1078 παρέχεται
1595 1005 1798 1075 γνῶσιν
1821 1023 1835 1038 ο
1869 1008 1902 1076 ἠ

338 1089 385 1142 δ’
418 1091 560 1163 ἀκοὴ
585 1093 935 1165 ἀμϐλυτέραν
966 1098 1064 1167 μέν
1095 1115 1236 1164 πως,
1267 1098 1614 1168 πλατυτέραν
1645 1098 1692 1151 δ’
1730 1099 1904 1168 ὅμως.

340 1178 465 1231 Τῶν
491 1197 550 1233 τε
576 1182 683 1252 γὰρ
716 1185 1000 1253 παρόντων
1038 1186 1281 1257 εὐχερῶς
1313 1187 1781 1258 ἀντιλαμϐάνεται
1812 1191 1906 1240 καὶ

337 1269 454 1324 τῶν
487 1273 737 1327 ἀπόντων
773 1276 847 1340 ὡς
890 1279 1178 1347 παρόντων
1210 1279 1552 1344 αἰσθάνεται,
1608 1280 1908 1349 δαιμονίως

337 1362 440 1426 τάς
467 1367 700 1430 τοπικὰς
756 1369 1110 1424 συνάπτουσα
1154 1370 1486 1435 διαστάσεις.
1520 1372 1583 1425 Εί
1618 1371 1674 1425 δέ
1701 1390 1778 1442 τῳ
1830 1371 1907 1441 μὴ

339 1454 602 1518 φορτικὸς
628 1454 656 1504 ὁ
687 1452 866 1520 λόγος,
917 1454 1058 1524 αὕτη
1120 1458 1216 1510 καὶ
1256 1456 1366 1509 τῶν
1401 1458 1704 1528 μελλόντων
1738 1460 1911 1529 ἑρμη-

340 1544 469 1605 νεὺς
500 1546 693 1614 ὁρᾶται
718 1548 829 1609 τοῖς
868 1550 985 1613 νῦν,
1030 1548 1082 1601 εἴ
1104 1566 1188 1611 τις
1246 1551 1451 1621 Μωσῆς
1498 1553 1592 1604 κοιλ⁵
1624 1553 1789 1604 Δαϐὶδ
1822 1553 1909 1605 διά

344 1631 663 1702 Πνεύματος
718 1635 862 1689 θείου
904 1638 1002 1709 τὴν
1031 1640 1235 1693 τούτων
1268 1641 1625 1705 ἁποοεσπίζει
1656 1643 1908 1714 πρόγνω-

342 1738 452 1778 σιν.
500 1725 562 1777 Εἰ
611 1721 704 1778 οὖν
748 1729 806 1779 ὲν
841 1731 952 1793 τοῖς
998 1730 1171 1794 ἄλλως
1199 1730 1385 1801 ἔχουσι
1419 1734 1742 1804 πράγμασιν
1764 1718 1907 1788 οὑτω

339 1813 495 1867 ταῦτ’
524 1815 661 1887 ἔχει,
705 1820 799 1872 καὶ
850 1823 1151 1891 χρημάτων
1187 1824 1534 1895 καιχωρίων
1583 1825 1797 1896 κρίσεις
1849 1827 1905 1879 al

339 1905 566 1971 πλείους
624 1910 1089 1981 αὐτοπροσώπους
1145 1914 1499 1985 ἐπιζητοῦσιν
1562 1915 1906 1983 ἐπιστασίας,

340 1999 441 2052 καὶ
465 1999 674 2069 ,χρόνου
705 2000 916 2056 δέονται
949 2004 1289 2074 μακροτέρου
1310 1998 1589 2071 πολλάκις,
1608 2008 1707 2060 καὶ
1732 2006 1909 2076 ὅψεως

352 2090 472 2159 ἅμα
502 2090 595 2143 καὶ
624 2092 795 2160 ἀκοῆς
822 2094 880 2145 ἐν
903 2094 1085 2165 ταυτῷ
1104 2094 1171 2147 τά
1212 2096 1479 2168 κριτήρια
1509 2096 1597 2149 διά
1629 2096 1723 2169 τὴν
1742 2098 1905 2167 ἀκρί-

344 2183 501 2237 ϐειαν
523 2183 832 2253 τάσφαλοῦς
864 2187 1178 2253 ἀπαιτοῦσι,
1198 2187 1317 2248 πῶς
1343 2187 1443 2240 οὑκ
1475 2187 1539 2243 ἄν
1562 2205 1646 2253 τις
1677 2189 1909 2244 ἐνταῦθα

345 2271 411 2325 τὸ
439 2272 531 2326 τοῦ
564 2274 992 2342 ὑπερϐάλλοντος
1015 2275 1238 2346 ὄφλημα
1262 2278 1375 2342 τοῖς
1414 2277 1682 2350 δόγμασιν
1709 2281 1910 2339 ἐνεῖναι

342 2360 446 2429 τῆς
485 2362 577 2416 τοῦ
603 2362 737 2417 Θεοῦ
755 2365 1082 2436 Ἐκκλησίας
1116 2365 1403 2438 σταθμῷτο
1435 2368 1575 2439 μετὰ
1597 2368 1792 2424 πολλοῦ
1814 2371 1908 2426 τοῦ

339 2454 696 2525 κρείττονοςς
741 2457 933 2512 Δοτιίον
962 2458 1055 2512 οῦν
1087 2460 1184 2513 καὶ
1218 2461 1367 2532 ἡμῖν,
1393 2460 1490 2515 καὶ
1521 2463 1667 2533 μετά
1710 2464 1908 2533 πολλῆς

342 2544 444 2597 καὶ
479 2546 683 2617 σφόδρα
714 2549 1274 2622 κατεσπουδασμένης
1316 2552 1552 2624 ἐρεύνης
1591 2553 1910 2620 ἐξεταστέον

343 2636 486 2689 κάπὶ
519 2641 749 2708 μακροῖς
779 2641 1145 2712 νυχθημέροις
1170 2643 1241 2697 τὰ
1261 2642 1359 2698 νέα
1393 2645 1556 2699 ταυτὶ
1580 2645 1906 2718 γράμματα.

343 2727 488 2790 Τούς
516 2729 622 2799 γάρ
677 2730 789 2813 τῶν.
823 2730 998 2800 λόγων
1052 2734 1273 2796 καινοὺς
1316 2736 1411 2791 καὶ
1459 2736 1674 2808 κρίσεις
1716 2740 1910 2805 καινὰς

304 2892 313 2903 ἡ
341 2819 649 2890 ἐπιφέρειν,
682 2822 847 2891 φασὶν
880 2825 928 2877 oi
953 2825 1127 2893 σοφοὶ,
1153 2824 1219 2894 ἢν
1264 2826 1341 2896 μὴ
1367 2825 1504 2881 Θεοῦ
1550 2828 1745 2897 μεστός
1774 2847 1857 2894 τις
1881 2832 1910 2885 ὁ

342 2909 694 2979 καινοτομῶν
740 2905 798 2985 ᾖ,
837 2912 936 2966 καὶ
992 2907 1104 2978 οἷος
1141 2916 1171 2968 ὁ
1199 2914 1434 2987 θεόπτης
1462 2917 1668 2982 ἐκεῖνος
1695 2919 1909 2991 ὑπῆρχε

345 2998 576 3069 Μωσῆς,
604 3000 727 3053 δτά
759 3001 932 3072 μυρία
965 3002 1073 3057 τῶν
1115 3003 1386 3076 Ἑϐραίων
1428 3008 1773 3078 στρατόπεδα
1820 3009 1910 3064 διὰ

341 3089 459 3143 τῶν
502 3089 692 3160 ὑγρῶν
737 3092 839 3162 τῆς
882 3092 1158 3165 θαλάσσης
1189 3093 1447 3151 ἀϐύσσων
1472 3096 1548 3163 ὥς
1576 3097 1645 3152 δι’
1665 3099 1909 3171 ἀνύδρων

2007 628 2135 683 tinri
2165 628 2331 682 animi
2372 628 2514 697 parti
2541 628 2871 683 inserviunt.
2903 629 2981 683 Ex
3013 630 3296 685 veteribus
3326 630 3575 700 philoso-

2005 719 2131 791 phis
2164 719 2254 774 alii
2289 720 2441 787 huic,
2488 719 2576 774 alii
2624 718 2702 774 illi
2750 720 2957 790 primas
2991 721 3259 775 tribuunt.
3300 724 3378 777 Ae
3425 722 3578 777 visus

2006 805 2253 876 quidem,
2290 808 2508 862 tametsi
2539 823 2603 861 ea
2640 814 2850 861 tantum
2892 811 3177 879 percipere
3218 819 3418 880 poteSt,
3452 828 3574 880 qua:

2007 898 2206 953 adsunt
2232 906 2288 953 et
2327 899 2621 967 prazsentia
2659 899 3045 965 obversantur,
3089 911 3268 956 tamen
3305 901 3575 956 cllieacio-

2008 1003 2121 1042 rem
2175 988 2499 1059 plerumque
2558 1005 2745 1044 rerum
2803 990 3139 1061 obiectarum
3203 993 3571 1064 cognitionem

2008 1081 2152 1149 parit
2196 1098 2209 1135 :
2264 1082 2488 1137 auditus
2521 1098 2653 1137 vero
2688 1081 3025 1138 hebetiorcm
3057 1085 3481 1173 quodammpdo,
3513 1093 3572 1140 at

2006 1172 2171 1228 latius
2206 1173 2495 1243 diﬂ‘usam;
2540 1184 2729 1244 utpote
2759 1175 2852 1246 qni
2884 1187 2940 1231 et
2978 1179 3267 1246 praesentia
3303 1172 3456 1233 ncne
3487 1195 3575 1233 ar-

2009 1263 2159 1331 ripit,
2206 1273 2262 1318 et
2311 1264 2558 1320 locorum
2594 1266 2898 1321 intervallis
2925 1265 3198 1335 disjuncta
3238 1267 3316 1321 sic
3347 1268 3576 1337 conjun-

2008 1354 2086 1425 git
2121 1353 2468 1421 mirabiliter,
2499 1363 2560 1408 ut
2591 1355 2900 1410 absentium
2935 1365 3191 1424 tanquam
3222 1358 3571 1425 praesentium

2007 1464 2171 1504 sensu
2208 1446 2474 1503 afficiatur
2511 1464 2524 1501 :
2561 1446 2946 1517 cumdemque,
2984 1448 3031 1503 si
3060 1446 3143 1503 fas
3168 1449 3377 1511 dicere,
3408 1450 3575 1504 etiam

2009 1540 2316 1594 futurorum
2350 1539 2417 1593 iis
2447 1538 2539 1607 qui
2570 1553 2718 1592 nunc
2747 1539 2940 1594 vivunt
2970 1539 3325 1608 interpretem
3354 1541 3577 1595 exsiste-

2009 1649 2067 1687 re
2113 1632 2385 1697 videmus,
2435 1633 2481 1687 si
2516 1633 2638 1700 quis
2671 1632 2754 1685 vel
2789 1633 2983 1698 Moses,
3018 1632 3101 1686 vel
3153 1632 3345 1694 David.
3386 1632 3575 1687 divino

2010 1725 2217 1795 Spiritu
2253 1725 2487 1788 afﬂatus,
2520 1725 2850 1795 praecognita
2882 1739 2945 1778 ea
2979 1725 3333 1780 vaticinetur.
3374 1726 3430 1780 Si
3472 1727 3574 1780 ita-

2010 1832 2116 1885 que
2147 1817 2201 1871 in
2236 1816 2304 1870 iis
2332 1817 2519 1878 rebus,
2554 1830 2783 1884 quarum
2816 1814 3031 1870 diversa
3062 1823 3145 1869 est
3172 1815 3333 1881 ratio,
3362 1816 3434 1869 ita
3457 1816 3577 1872 haec

2012 1920 2069 1957 se
2105 1904 2340 1970 habent;
2375 1904 2420 1958 si
2452 1903 2710 1973 pleraque
2740 1903 2807 1956 de
2838 1893 3089 1972 pecuniis
3134 1911 3190 1965 et
3239 1903 3461 1972 prmdiis
3486 1903 3578 1973 ju-

2011 1996 2152 2052 dicia
2194 1996 2466 2052 oculatam
2513 2004 2570 2050 et
2620 2002 2883 2050 attentam
2942 1994 3338 2063 inspectionem
3390 1997 3575 2065 requi-

2010 2097 2160 2153 runt,
2194 2104 2258 2144 ac
2290 2089 2453 2159 longo
2481 2100 2623 2157 saepe
2652 2096 3105 2156 temporeﬁgent,
3138 2094 3213 2150 ct,
3246 2097 3307 2141 ut
3334 2087 3574 2142 certiora

2010 2182 2140 2246 sint,
2190 2190 2485 2252 utrumque
2531 2180 2716 2245 simul,
2763 2180 3043 2234 oculorum
3085 2179 3207 2234 dico
3250 2188 3307 2233 et
3356 2180 3572 2233 aurium

2010 2290 2239 2331 examen
2271 2275 2625 2345 coniunctum
2652 2271 2911 2342 exigunt;
2944 2270 3134 2341 quidni
3163 2270 3264 2325 hoc
3299 2270 3441 2337 loco,
3473 2270 3573 2326 ubi

2010 2367 2078 2424 de
2107 2367 2357 2423 Ecclesia:
2383 2365 2481 2421 Dei
2512 2364 2780 2435 dogmatis
2805 2365 3006 2433 agitur,
3038 2362 3090 2417 id
3120 2361 3453 2417 cumulatius
3478 2362 3573 2416 de-

2010 2460 2145 2515 bere
2167 2458 2413 2529 praestari
2442 2458 2604 2528 longe
2630 2457 2832 2527 potiori
2856 2455 2979 2525 jure
3003 2453 3234 2523 quisque
3260 2452 3575 2507 existimet?

2011 2548 2078 2603 Et
2105 2544 2265 2603 nobis
2296 2549 2463 2617 igitur
2493 2563 2631 2602 nova
2664 2546 2754 2601 illa
2785 2546 3008 2600 decreta
3036 2542 3153 2596 dari
3187 2550 3424 2614 oportet,
3453 2556 3575 2610 quae

2009 2637 2183 2693 multo
2216 2646 2272 2693 et
2310 2636 2732 2708 diligentissimo
2776 2637 3028 2692 examine
3078 2641 3256 2711 longis
3287 2641 3480 2695 diebus
3518 2645 3576 2694 et

2011 2731 2265 2786 noctibus
2292 2730 2726 2802 perpendamus.
2756 2730 2886 2798 Qua:
2915 2731 3060 2786 enim
3097 2748 3236 2788 nove
3268 2732 3413 2787 dicta
3453 2747 3579 2801 pro-

2009 2820 2283 2887 feruntur,
2311 2835 2376 2876 ea
2405 2820 2563 2876 noris
2592 2820 2818 2890 iudiciis
2851 2820 3157 2877 subeundis
3191 2822 3428 2877 obnoxia
3453 2835 3576 2876 esse

2010 2912 2286 2982 sapientes
2317 2913 2711 2981 pronuntiant;
2766 2911 2868 2967 nisi
2921 2913 2968 2967 is
3013 2910 3106 2981 qui
3158 2928 3300 2968 nova
3343 2911 3577 2983 profert,

2008 3006 2233 3061 numine
2276 3004 2350 3059 sit
2392 3005 2625 3073 plenus;
2659 3003 2849 3072 qualis
2868 3002 2972 3057 fuit
3000 3003 3093 3058 ille
3136 3002 3305 3058 Deum
3338 3018 3581 3072 praesen-

2011 3107 2119 3153 tem
2151 3097 2385 3151 intuitus
2412 3095 2617 3158 Moses;
2649 3094 2744 3164 qui
2771 3094 3202 3150 innumerabiles
3228 3093 3442 3166 1042
3464 3094 3575 3149 lle-

343 3179 692 3250 διαϐιϐάσας,
723 3184 820 3239 κα)⁵
867 3184 1176 3239 τούναντίον
1205 3186 1273 3241 αὖ
1303 3187 1393 3241 διὰ
1422 3172 1533 3260 τῆς
1558 3189 1788 3261 ἀνύδρου
1819 3191 1909 3245 πέ-

2013 3191 2283 3246 brmorum
2316 3188 2590 3244 exercitus
2640 3201 2737 3257 per
2788 3185 3029 3257 liquidos
3087 3186 3255 3241 maris
3302 3186 3570 3256 gurgites.

346 3286 488 3341 τρας
537 3275 653 3342 ῥεῖν
706 3274 917 3330 ὑδάτων
961 3275 1240 3339 θαλάσσας
1287 3282 1737 3351 παρασκευάσας.
1772 3282 1908 3336 Θεοῦ

2013 3282 2163 3339 velut
2211 3298 2312 3352 per
2349 3280 2563 3336 aridum
2618 3277 2816 3343 solum,
2870 3277 3197 3344 transmisit,
3230 3287 3287 3333 et
3331 3277 3573 3332 vicissim

343 3363 460 3433 γάρ
475 3364 785 3430 κελεύοντός
808 3383 868 3421 τε
894 3369 991 3421 καὶ
1022 3370 1433 3443 συναιρομένου,
1459 3374 1555 3426 καὶ
1580 3373 1740 3444 νόμοι
1758 3373 1912 3427 λύον-

342 3468 438 3506 ται
468 3454 703 3522 φύσεως.
736 3455 838 3508 Ἢν
868 3455 926 3509 δέ
955 3472 1038 3521 τις
1057 3456 1166 3511 τῶν
1198 3458 1306 3512 ἀπὸ
1326 3460 1536 3531 τρυφῆς
1556 3462 1650 3515 καὶ
1676 3461 1776 3531 τῆς
1813 3461 1911 3532 ὀψὲ

345 3540 661 3609 κραιπάλης
686 3540 853 3596 ἔωθεν
869 3541 1272 3600 ἀνατελλόντων
1297 3541 1355 3620 ᾖ,
1384 3548 1597 3619 ἀνάγκη
1628 3552 1911 3621 νοσήματα

349 3631 585 3702 φύεσθαι
613 3633 860 3705 μοχθηρά
887 3635 985 3688 καὶ
1008 3636 1345 3702 παντοδαπὰ,
1364 3639 1455 3691 καὶ
1470 3639 1741 3710 διαφόρων
1765 3642 1911 3696 εἱσα-

347 3726 535 3793 γωγάς
560 3726 827 3796 αἱρέσεων
861 3728 998 3797 πρὸς
1029 3727 1129 3800 τὴν
1162 3730 1512 3785 καθεστῶσαν
1559 3734 1623 3787 ἐκ
1678 3733 1909 3788 παλαιοῦ

344 3817 648 3882 ποῖιτείαν,
690 3815 786 3870 καὶ
821 3817 1106 3882 ἀναλύσεις
1135 3820 1471 3893 ἃογματικῆς
1498 3823 1780 3893 ἁρμονίας,
1816 3825 1911 3879 καὶ

351 3906 603 3977 στάθμης
626 3908 844 3979 ἀπάσης
871 3908 1300 3980 εὐνομουμένης.
1333 3913 1534 3984 Διόπερ
1556 3913 1657 3967 οὐκ
1682 3913 1908 3968 ἀταλαί-

348 3998 538 4068 πωρον
567 4015 690 4053 τινα
718 3998 1080 4067 καὶημάλιστά
1105 4016 1190 4054 τοι
1213 3999 1413 4055 εὑωνον
1450 4003 1702 4073 ἡγεῖσθαι
1730 4004 1910 4075 χρεὼν

346 4091 451 4161 τὴν
490 4090 588 4161 τῆς
642 4091 902 4161 ἀληθείας
933 4090 1172 4161 εὕρεσιν.
1206 4092 1295 4164 [Ρ.
1328 4092 1457 4166 655]
1487 4096 1561 4149 Οὐ
1604 4096 1712 4167 γάρ
1741 4099 1908 4152 αὐτο-

349 4181 536 4251 σχέδια
570 4183 665 4235 καὶ
692 4180 979 4252 αὐτόματοι
1009 4182 1260 4251 φύεσθαι,
1293 4186 1547 4254 καθάπερ
1581 4186 1680 4249 τὰς
1710 4188 1767 4241 ὲν
1797 4191 1911 4253 τοῖς

348 4274 538 4327 ἄλσεσι
580 4273 795 4344 βάτους,
830 4273 990 4344 ῐσμεν
1017 4276 1084 4329 τά
1110 4277 1358 4349 χρήσιμα
1381 4295 1395 4310 ·
1423 4279 1559 4333 ἀλλὰ
1601 4280 1775 4344 πόνοις
1803 4299 1911 4334 πα-

349 4366 541 4436 ρέμιξε
573 4366 865 4430 πλείστοις,
908 4367 1004 4420 καὶ
1037 4366 1234 4436 κομιδῆ
1267 4371 1499 4440 μακροῖς
1547 4369 1908 4439 περιετείχισε

344 4460 461 4519 τοῖς
494 4457 729 4527 ἱδρῶσιν,
746 4459 775 4512 ὅ
795 4475 957 4528 τιπερ
987 4459 1280 4528 κεφάλαιον
1307 4460 1414 4513 τῶν
1442 4459 1541 4527 τῆς
1561 4461 1740 4532 ψυχῆς
1767 4465 1907 4531 ἀγα-

2011 3374 2216 3440 etl'ecit,
2249 3382 2308 3428 ut
2334 3389 2429 3442 per
2456 3372 2664 3427 aridam
2696 3379 2902 3441 petram
2932 3385 3196 3440 aquarum
3227 3370 3310 3424 vis
3338 3369 3579 3425 maxima

2010 3466 2225 3522 ﬂueret.
2259 3466 2480 3522 Scilicet
2509 3466 2618 3519 Deo
2640 3463 2871 3534 iubente
2900 3474 2955 3517 et
2989 3461 3281 3533 adjuvante
3315 3462 3445 3532 ipsa:
3468 3462 3579 3517 sol-

2011 3571 2216 3615 vuntur
2248 3560 2394 3625 leges
2424 3566 2652 3612 naturae.
2687 3558 2753 3610 At
2784 3556 2828 3611 si
2872 3554 2925 3610 is
2966 3555 3037 3610 sit
3065 3569 3208 3609 unus
3243 3569 3311 3609 ex
3353 3554 3442 3618 iis,
3475 3554 3578 3633 qui

2010 3668 2078 3708 ex
2115 3653 2243 3707 luxu
2278 3661 2331 3707 et
2367 3663 2635 3706 nocturna
2675 3648 2901 3719 crapula
2926 3646 3153 3702 excitati
3185 3660 3346 3702 mane
3374 3661 3570 3717 exper-

2008 3746 2319 3816 giscuntur,
2351 3743 2595 3811 profecto
2624 3756 2847 3795 necesse
2880 3747 2986 3805 est,
3020 3737 3362 3808 perniciosos
3389 3737 3578 3794 omnis

2010 3837 2228 3909 generis
2280 3835 2503 3889 morbos
2552 3833 2836 3896 exsistere,
2885 3838 2941 3885 et
2991 3831 3177 3884 varias
3230 3829 3468 3885 haereses
3516 3829 3577 3886 in

2011 3930 2365 3985 constitutam
2401 3926 2707 3996 antiquitus
2731 3923 3079 3994 disciplinam
3119 3921 3327 3983 invehi,
3365 3930 3421 3975 et
3447 3920 3576 3974 har-

2013 4022 2255 4077 moniam
2285 4018 2648 4090 dogmatieam
2685 4016 3012 4087 regulasque
3058 4028 3250 4069 omnes
3302 4011 3581 4084 legitimas

2012 4113 2219 4168 aboleri
2258 4119 2423 4181 atque
2463 4108 2713 4165 dissolvi.
2760 4108 2882 4164 Non
2920 4106 3085 4161 debet
3115 4106 3302 4175 itaque
3330 4104 3579 4159 veritatis

2011 4203 2358 4274 investigatio
2390 4201 2536 4256 facili
2570 4201 2758 4256 labore
2791 4198 3050 4269 parabilis
3087 4205 3143 4253 et
3178 4196 3403 4250 minimo
3448 4208 3574 4266 pre-

2013 4298 2088 4350 tio
2132 4295 2339 4351 venalis
2385 4294 2707 4348 existimari.
2763 4292 2898 4347 Nam
2945 4306 3067 4361 qua:
3117 4290 3274 4344 utilia
3314 4297 3463 4352 sunt,
3508 4301 3578 4342 ea

2012 4400 2119 4439 non
2146 4384 2396 4439 videmus
2420 4383 2607 4437 subito
2645 4390 2700 4436 et
2729 4395 2827 4436 sua
2858 4388 3050 4449 sponte
3092 4380 3268 4443 nasci,
3303 4389 3383 4431 ιιι·
3405 4376 3581 4432 rubos

2012 4475 2066 4527 in
2102 4472 2273 4527 silvis.
2320 4471 2474 4537 Quod
2522 4477 2704 4524 autem
2748 4483 3021 4541 summum
3063 4477 3148 4521 est
3197 4465 3362 4519 animi
3397 4464 3573 4519 bono-

346 4549 477 4605 θῶν.
510 4550 575 4603 Τί
604 4551 650 4602 δ’
682 4551 807 4604 ἀλλο
831 4552 974 4622 ψυχῇ
1007 4554 1332 4621 τιμιώτερον
1363 4553 1637 4624 ἀγαθὸν,ἢ
1673 4557 1909 4619 πίστεως

2014 4581 2157 4629 rum,
2214 4563 2265 4618 id
2314 4563 2582 4633 plurimos
2630 4560 2848 4615 labores
2899 4559 3236 4613 intermistos
3282 4556 3464 4621 habet,
3516 4563 3578 4610 et

345 4641 585 4713 ἀκριϐὴς
631 4644 900 4713 ἀσφάλεια
960 4645 1100 4715 πρὸς
1145 4645 1304 4707 Θεόν;
1365 4644 1619 4715 Σώματος
1657 4646 1753 4716 μὲν
1799 4646 1906 4717 γάρ

346 4733 630 4805 νοσήματα
665 4735 859 4796 παῖδας
906 4736 1106 4805 ίατρῶν
1154 4734 1467 4788 είσκαλοῦσι
1529 4734 1905 4806 θεραπευτάς·

343 4824 451 4880 κᾶν
486 4827 559 4896 μὴ
592 4826 869 4897 εὐστοχεῖν
902 4827 964 4879 τὸ
998 4826 1322 4893 σπούδασμα
1349 4825 1499 4896 δόξῃ,
1528 4827 1589 4879 τὸ
1621 4826 1815 4897 βλάϐος
1846 4828 1908 4881 οὐ

344 4920 487 4973 πάνυ
514 4936 597 4973 τοι
624 4918 879 4989 χαλεπὸν,
913 4919 1035 4972 οὐδὲ
1067 4919 1160 4974 τοῦ
1192 4921 1460 4990 παρόντος
1493 4921 1610 4992 βίου
1646 4923 1917 4995 μακρότε-

345 5024 473 5081 ρον*
507 5010 578 5062 τά
595 5009 654 5063 δὲ
689 5008 798 5065 τῶν
830 5008 988 5065 θείων
1031 5009 1320 5081 δογμάτων
1372 5013 1782 5086 ἀρρωστήματα
1811 5015 1909 5086 οὐχ

343 5101 598 5171 αἱμάτων
626 5089 861 5172 ῥηγνῦσι
900 5101 1138 5172 ῥύακας,
1167 5101 1285 5154 ἀλλ’
1312 5104 1449 5175 αὐτῇ
1497 5120 1561 5172 γε
1588 5106 1909 5177 αὐτόχρημα

342 5195 413 5263 τῇ
458 5192 639 5246 πίστει
690 5192 921 5263 παρέχει
971 5193 1071 5263 τὴν
1125 5191 1353 5264 βλάϐην,
1387 5197 1729 5268 ἀναίμακτον
1783 5201 1908 5269 μὲν,

345 5283 485 5337 ἀλλά
517 5284 662 5354 μάλα
715 5299 799 5337 τοι
857 5283 1064 5354 σφόδρα
1101 5286 1320 5357 καιρίαν
1350 5286 1446 5341 καὶ
1474 5287 1653 5360 ψυχῆς
1694 5290 1910 5345 αἰώνιον

346 5374 444 5428 καὶ
469 5375 736 5429 ἀθάνατον
767 5373 1111 5446 πράττουσαν
1146 5375 1399 5444 θάνατον,
1431 5372 1500 5449 ἦς
1532 5380 1734 5450 κόσμος
1764 5380 1909 5447 ἅπας

347 5464 451 5519 οὐκ
506 5465 656 5520 εστιν
713 5465 987 5534 ἀντάξιος.
1037 5467 1131 5521 Διὸ
1178 5470 1622 5541 παρῤησιαστέον
1671 5473 1789 5530 ἐστὶ
1843 5474 1911 5528 τὰ

346 5555 596 5622 τοιαῦτα,
623 5556 717 5610 καὶ
748 5557 855 5628 πρό
886 5574 953 5626 γε
990 5558 1198 5612 τούτων
1251 5562 1379 5624 τοὺς
1435 5562 1679 5626 ἐκείνους
1734 5564 1912 5618 λιϐἐλ-

345 5649 495 5713 λους,
523 5647 624 5711 τὰς
672 5649 782 5703 τῶν
828 5650 1208 5719 ἔπταισμένων
1242 5653 1532 5723 μετανοίας
1558 5656 1909 5726 κομίζοντας,
1964 5664 1967 5669 ’

348 5741 436 5795 (va
469 5742 547 5812 μὴ
578 5742 759 5813 χεῖρον
789 5744 855 5815 τῇ
886 5742 1185 5816 Ἐκκλησία
1227 5744 1290 5798 τὸ
1320 5745 1524 5817 σχίσμα
1553 5746 1808 5821 γένηται.
1846 5749 1908 5804 Et

344 5832 402 5887 δέ
435 5850 498 5905 γε
529 5833 604 5905 μὴ
636 5833 932 5907 βούλοισθε,
960 5835 1045 5901 τίς
1078 5835 1156 5890 ἔτι
1187 5837 1345 5909 χρεία
1378 5840 1711 5912 μαρτύρων;
1742 5841 1910 5896 Αὐτοὶ

2010 4654 2264 4711 maximis
2295 4654 2587 4709 sudoribus
2616 4651 2844 4724 objectis
2871 4648 3243 4721 praecluditur.
3272 4645 3415 4713 Quid
3446 4660 3574 4714 por-

2012 4764 2073 4803 ro
2118 4747 2412 4818 pretiosius
2463 4747 2661 4800 animae
2706 4753 2809 4810 cst,
2853 4756 3017 4812 quam
3055 4739 3307 4809 religiosa
3340 4745 3395 4793 et
3444 4751 3576 4791 con-

2011 4853 2162 4894 stans
2188 4853 2329 4893 verte
2362 4853 2492 4908 erga
2541 4837 2711 4890 Deum
2745 4834 2867 4889 fidei
2896 4830 3244 4887 observatio?
3269 4829 3349 4883 Ad
3379 4843 3575 4883 sanan-

2011 4931 2110 4985 dos
2166 4928 2411 5000 corporis
2476 4927 2700 4982 morbos
2760 4924 2960 4980 medici
3022 4931 3407 4989 arcessuntur;
3467 4935 3577 4991 qua

2010 5022 2231 5093 quidem
2263 5026 2427 5089 opera
2456 5018 2500 5073 si
2536 5018 2718 5072 minus
2750 5014 3100 5080 successerit,
3131 5014 3393 5069 damnum
3425 5021 3575 5068 certe

2012 5130 2117 5169 non
2149 5116 2285 5169 adeo
2315 5129 2501 5184 grave,
2532 5125 2711 5180 neque
2734 5109 2837 5163 hac
2865 5105 3087 5163 mortali
3116 5107 3229 5161 vita
3259 5105 3576 5161 diuturnius

2013 5209 2275 5269 futurum,
2305 5204 2597 5274 accipitur.
2637 5203 2706 5257 At
2748 5202 2787 5257 ii
2838 5200 3040 5267 morbi,
3079 5199 3174 5270 qui
3214 5198 3282 5253 ad
3322 5197 3575 5269 dogmata

2014 5296 2315 5366 theologica
2370 5295 2668 5365 pertinent,
2723 5308 3036 5364 quanquam
3088 5290 3374 5361 sanguinis
3428 5288 3574 5342 rivos

2012 5388 2191 5458 ruptis
2219 5387 2379 5441 venis
2405 5402 2514 5441 non
2544 5384 2860 5451 eﬂundunt,
2896 5386 3016 5442 lidci
3045 5385 3147 5455 ipsi
3185 5384 3396 5454 plagam
3422 5395 3580 5436 reve-

2011 5494 2070 5533 ra
2102 5477 2373 5548 inlligunt,
2406 5479 2752 5534 incruentam
2792 5477 3015 5548 quidem
3056 5477 3229 5541 illam,
3264 5474 3359 5529 sed
3401 5470 3578 5526 maxi-

2012 5583 2099 5622 me
2139 5567 2417 5633 lethalem,
2463 5568 2862 5637 sempiternum
2909 5567 3111 5637 quippe
3154 5574 3209 5618 et
3268 5560 3577 5617 immortale

2010 5660 2237 5716 exitium
2274 5660 2560 5715 allaturam
2604 5658 2821 5721 animze,
2868 5658 2957 5714 cui
3006 5671 3107 5710 nec
3158 5661 3306 5709 totus
3335 5651 3579 5708 mundus

2009 5752 2434 5822 mquiparandus
2460 5761 2562 5809 est.
2592 5750 2957 5818 Quamobrem
2990 5748 3165 5819 palam
3195 5748 3296 5802 ista
3320 5744 3574 5819 proferri,

2011 5852 2176 5913 atque
2208 5845 2263 5901 in
2300 5846 2497 5916 primis
2538 5846 2677 5913 illos,
2719 5842 2931 5915 1043
2958 5843 3050 5914 qui
3086 5841 3464 5913 pmoitcntiam
3487 5854 3580 5896 er-
