3974 6636
602 363 676 435 [Α.
717 377 765 416 c.
820 358 975 432 ιδδι]

176 424 182 429 .
251 366 385 436 1321

1190 362 1626 424 ΒῩΖΛΝΤΙΝᾸΞ
1662 364 1710 424 Η
1722 364 1826 423 IS'I

1934 364 2043 424 ,ῐίΕ
2099 364 2239 424 ΜΒ,
2284 364 2473 426 XXII,
2592 359 2726 430 [ιιιιι.
2768 377 2810 413 ι.
2853 376 3144 416 ειιΝτΑευκ.
3355 365 3489 427 132]

241 483 362 536 ὅσοι
385 482 494 535 τῶν
519 481 685 551 ἐγγύς
712 500 768 535 τε
797 479 890 534 καὶ
925 479 1116 553 πόρρω
1150 498 1250 534 που
1282 480 1386 551 γῆς
1419 481 1513 534 καὶ
1536 478 1812 549 θαλάσσης

1934 494 2079 533 οτι-ω
2112 488 2168 534 et
2204 479 2368 534 maris
2396 495 2562 549 prope
2599 489 2692 534 aut
2718 480 2877 550 longe
2908 480 3239 543 habitarent,
3272 489 3327 534 et
3356 496 3485 533 suo-

243 577 543 631 οἰκούντων
577 578 714 630 εἰσίν
738 593 749 607 ’
778 577 998 640 ὁποίους
1042 579 1137 631 καὶ
1181 578 1267 631 διὰ
1299 577 1398 649 τὴν
1428 577 1672 631 σύνοικον
1697 577 1819 631 ἀλο-

238 655 402 751 γίανύ
431 670 705 741 ἁλώσιμον
764 673 835 745 ἐκ
893 670 988 722 τοῦ
1050 670 1250 741 ῥᾴστου
1310 670 1534 739 θήραμα
1566 671 1687 731 ταῖς
1720 668 1820 738 τῆις

242 756 553 827 θρησκείας
603 758 832 825 παγίσιν
881 756 1110 826 ἤλπισεν
1143 755 1399 809 ἕσεσθαι’
1442 756 1564 826 ἐμοὶ
1594 756 1639 809 δ’
1671 756 1819 824 ἀπη-

242 851 508 919 γόρευται
540 850 685 919 μόνῳ
732 849 1084 902 παντάπασιν
1117 841 1257 901 εἶναι
1289 848 1367 918 μὴ
1401 848 1479 900 ὅτι
1529 864 1592 914 γε
1643 845 1821 916 ἄψαυ-

244 958 379 994 στον
418 942 632 1008 ὄψεσιν,
665 940 780 993 ἀλλ’
820 939 928 992 οὐδ’
953 939 1081 1009 ἄχρι
1111 939 1274 1009 ψιλῆς
1305 937 1480 992 ἐλθεῖν
1519 939 1687 1008 ἀκοῆς
1711 939 1820 992 οὐδ’

241 1032 500 1085 ὁπωσοῦν
553 1030 660 1086 οὐδ’
696 1033 841 1101 ἴχνος
886 1031 1097 1102 οὐδαμῆ
1135 1032 1253 1084 ποτ’
1303 1033 1457 1086 οὐδὲν
1496 1032 1609 1086 τῶν
1649 1033 1821 1087 ἁπάνο

240 1141 360 1178 των
390 1126 622 1180 ἐκεῖθεν.

319 1218 400 1271 I".
436 1212 537 1271 Ὧν
571 1219 735 1272 ἕνεκα
766 1219 859 1271 καὶ
894 1217 991 1280 τάς
1030 1218 1168 1288 ἐμὰς
1216 1218 1274 1280 ἐς
1312 1217 1470 1270 πλέον
1506 1232 1820 1287 προσεπατ-

238 1308 478 1362 τάλευον
536 1308 617 1361 ἔτι
681 1302 873 1376 θύρας,
911 1308 986 1377 μὴ
1039 1307 1177 1380 λάθῃ
1206 1325 1290 1371 τις
1340 1304 1484 1377 αὖρα
1510 1306 1821 1376 διἀίθέρος

239 1400 398 1461 τινδς
433 1400 566 1469 ἡμῖν
619 1398 985 1468 εἰσκομίσασα
1028 1400 1217 1469 φήμην
1266 1398 1475 1453 ἐκεῖθέν
1524 1414 1676 1452 τινα·
1729 1398 1823 1450 καὶ

242 1491 507 1559 φύλακας
557 1490 750 1543 ἔθεσαν
806 1491 1119 1560 ἔμπροσθέν
1163 1508 1223 1544 τε
1274 1491 1369 1544 καὶ
1410 1491 1656 1555 ὄπισθεν,
1712 1486 1825 1544 κάκ

237 1585 444 1649 δεξιῶν
492 1575 594 1648 κάξ
638 1584 959 1652 εὐωνύμων,
988 1584 1115 1646 τοὺς
1155 1584 1321 1654 ἐμοὺς
1356 1584 1617 1648 ἃπαντας
1645 1585 1823 1654 γείτο-

237 1695 350 1741 νας
371 1695 384 1710 ·
417 1679 467 1729 οἱ
520 1678 807 1747 μοναδικδν
838 1678 1299 1747 ἐπαγγειλάμενοι
1332 1677 1449 1748 βίον
1482 1680 1695 1742 ἀσκεῖν,
1731 1681 1826 1733 καὶ

243 1770 481 1841 ἀγαπᾷν
509 1767 598 1819 τὸν
637 1767 862 1837 πλησίον
892 1767 965 1829 ὡς
990 1766 1181 1818 ἑαυτὸν
1211 1766 1463 1833 ἕκαστος,
1497 1767 1591 1819 καὶ
1621 1770 1732 1829 τοῖς
1766 1767 1824 1818 ἐν

244 1858 529 1926 φυλακαῖς
570 1858 880 1929 προσιέναι,
914 1859 1010 1911 καὶ
1058 1858 1433 1927 λυπουμένους
1480 1859 1826 1931 παραμυθεῖ-

246 1950 406 2013 σθαι,
450 1950 544 2001 καὶ
581 1947 794 2020 ψυχροῦ
855 1949 1079 2018 διψῶντι
1146 1950 1347 2002 δ.δόναι
1409 1953 1669 2022 ποτήριον
1731 1952 1826 2021 (ὲὼ

239 2041 408 2095 τᾶλλ’
435 2043 535 2094 ὅσα
566 2042 660 2094 καὶ
684 2040 987 2109 βαρϐάροις
1011 2041 1224 2094 ἔθνεσιν
1256 2042 1489 2096 εἴθισται
1520 2042 1652 2112 δρᾷν
1682 2059 1823 2112 συμ-

237 2135 405 2204 παθῆ
438 2136 590 2203 κοινῇ
652 2132 788 2202 πρὸς
823 2132 1073 2195 ἅπαντας
1123 2133 1429 2202 ὁμοφύλους
1477 2133 1574 2187 καὶ
1617 2134 1822 2198 ξένους,

188 2227 194 2235 ’
242 2225 497 2295 φυσικῆς
525 2224 769 2295 ἀγούσης
796 2225 960 2299 ὁλκῆς
988 2225 1046 2287 ἐς
1073 2229 1135 2277 τὸ
1168 2226 1561 2295 καμπτόμενον
1589 2226 1688 2296 τῆς
1718 2227 1823 2296 ψυ-

246 2318 410 2407 χῆς),
446 2320 497 2371 οἱ
539 2317 583 2370 δ’
630 2318 772 2372 οὕτω
797 2336 887 2389 μοι
920 2320 1016 2372 καὶ
1060 2319 1263 2390 θηρίων
1301 2317 1388 2392 [Ρ.
1419 2318 1547 2394 657]
1596 2320 1826 2384 ἑαυτοὺς

239 2410 600 2478 κατέστησαν
633 2411 994 2479 πικροτέρους
1030 2411 1126 2463 καὶ
1155 2410 1269 2464 τῶν
1302 2411 1705 2464 ἐπιταττόντων
1730 2428 1828 2483 μα-

237 2500 370 2570 κρῷ
405 2500 834 2572 σκληροτέρους,
869 2500 1034 2566 ὥστεΔ
1061 2502 1326 2573 μυριάκις
1367 2502 1432 2556 ἂν
1478 2504 1702 2574 εἱλόμην
1733 2506 1827 2576 θη·-

239 2594 393 2662 ρίοις
430 2596 489 2646 ἐν
540 2594 724 2665 ὄρεσιν
772 2596 988 2665 ἀγρίοις
1047 2598 1310 2658 συνεῖναι,
1341 2594 1374 2664 ἢ
1406 2597 1673 2662 τοιούτοις
1729 2600 1826 2652 ἀνι

235 2686 469 2754 δράσιν.
492 2684 648 2739 Οὖτω
680 2703 767 2757 μοι
793 2691 887 2742 καὶ
915 2686 1025 2740 τῶν
1053 2687 1373 2756 ἀλλοφύλων
1394 2689 1666 2760 ὠμότεροι
1691 2710 1827 2746 κατ-

236 2778 491 2844 έστησαν
521 2779 568 2829 οἱ
594 2777 858 2848 πλησίον⁸
891 2778 1088 2843 οἵτινες
1116 2780 1213 2833 καὶ
1250 2781 1309 2844 ἐς
1339 2781 1561 2835 τοσοῦτο
1622 2783 1826 2853 θηριωο

234 2870 371 2926 δίας
398 2869 700 2936 ἐξέκλιναν,
738 2870 814 2934 ὡς
840 2873 935 2924 καὶ
965 2874 1356 2943 συκοφαντίαις
1383 2876 1558 2945 ὲ-ιίορς
1593 2876 1700 2928 τῶν
1728 2876 1826 2947 τὴν

237 2959 473 3014 αὔλειον
505 2963 602 3032 τῆς
624 2963 799 3039 οἰκίας
822 2964 984 3034 ἡμῶν
1006 2965 1315 3037 παριόντων
1347 2967 1667 3038 περιϐαλεῖν
1689 2968 1826 3039 (42),

239 3052 312 3103 ἐκ
350 3054 524 3123 μόνης
558 3054 795 3124 ὑποψίας
833 3057 1212 3126 ἀτεκμάρτου,
1264 3056 1607 3126 πλασάμενοι
1662 3060 1828 3129 πράσο

1921 579 2010 641 ptc
2045 580 2269 641 stupore
2302 573 2372 625 ita
2405 572 2585 627 stolidi
2615 582 2820 636 essent,
2858 583 2917 627 ιιι
2952 573 3361 638 superstitionis
3411 572 3487 623 la-

1920 663 2079 731 queis
2110 662 2370 717 facillime
2406 678 2500 718 cos
2537 672 2753 733 captum
2789 662 2857 717 iri
2896 678 3020 733 Spes
3051 662 3193 717 foret
3251 661 3350 718 Uni
3392 677 3490 714 au-

1924 762 2033 807 tem
2084 753 2217 807 mihi
2258 770 2488 824 prorsus
2535 770 2647 810 non
2694 756 2869 811 solum
2919 756 3093 811 oculis
3146 754 3485 824 usurpanda,

1923 845 2017 899 sed
2056 854 2111 900 et
2146 846 2383 916 simplici
2426 847 2642 901 aurium
2687 862 2852 902 sensu
2896 847 3213 918 attingenda
3248 862 3483 916 unquam

1923 936 2008 990 vel
2046 937 2342 1006 levissime,
2376 940 2540 995 etiam
2571 938 2796 993 minima
2823 954 3011 994 eorum
3048 940 3275 1011 vestigia
3313 939 3487 993 inter-

1923 1025 2206 1084 dicuntur.

1996 1208 2084 1262 ιιι.
2123 1209 2253 1262 Eam
2294 1209 2364 1263 ob
2395 1223 2614 1264 causam
2665 1207 2813 1262 fores
2847 1222 2995 1262 meas
3027 1208 3278 1278 pluribus
3325 1221 3486 1277 quam

1921 1310 2084 1361 antea
2124 1302 2340 1371 paxillis
2371 1301 2662 1366 muniunt;
2699 1317 2769 1356 ne
2806 1318 2914 1371 qua
2961 1302 3151 1355 furtim
3199 1317 3353 1364 aura,
3390 1316 3489 1370 per

1925 1394 2163 1463 aliquem
2198 1393 2339 1449 aeris
2369 1404 2608 1448 meatum
2638 1393 2847 1463 illapsa,
2880 1395 3074 1448 famam
3106 1394 3269 1447 ullam
3299 1393 3364 1446 ad
3396 1407 3495 1445 nos

1928 1486 2279 1558 intromittat.
2320 1483 2586 1539 Custodes
2612 1499 2743 1545 vero
2786 1500 2815 1538 a
2861 1485 3059 1550 fronte,
3093 1500 3122 1539 a
3154 1494 3325 1554 tergo,
3358 1484 3493 1538 dex—

1928 1587 2189 1641 trorsum,
2222 1578 2597 1633 sinistrorsum
2632 1588 2934 1647 apponunt,
2965 1578 3171 1632 vicinos
3202 1592 3352 1631 meos
3380 1591 3498 1630 om-

1928 1688 2027 1727 nes
2052 1674 2186 1743 {qui
2211 1672 2335 1727 vita:
2359 1673 2673 1728 monastica:
2702 1682 2976 1727 austeram
3001 1672 3343 1741 disciplinam
3373 1687 3495 1741 ιντο-

1931 1762 2080 1827 fessi,
2137 1773 2192 1818 et
2244 1758 2571 1833 proximum"
2610 1762 2928 1824 dilecturos,
2984 1761 3125 1816 sicut
3177 1762 3386 1833 1055
3439 1776 3497 1814 se

1930 1856 2109 1926 ipsum
2136 1855 2388 1926 quisque,
2416 1864 2471 1909 ct
2501 1870 2625 1910 eum
2658 1855 2752 1925 qui
2797 1854 2849 1908 in
2886 1854 3150 1908 custodiis
3192 1854 3337 1907 foret
3372 1853 3499 1907 visi-
3584 1882 3594 1900 ι

1930 1958 2167 2017 laturos,
2209 1958 2265 2006 et
2314 1950 2528 2005 tristem
2572 1948 2973 2012 consolaturos,
3005 1958 3060 2003 et
3091 1947 3297 2002 sitienti
3333 1963 3500 2018 pocu-

1927 2044 2040 2099 lum
2089 2042 2302 2114 lrigidaa
2345 2050 2699 2113 porrecturos
2729 2056 2787 2095 se
2825 2041 3190 2110 promiserant
3234 2058 3251 2095 ι
3302 2041 3497 2095 omitto

1928 2145 2125 2195 caztera
2149 2135 2507 2191 humanitatis
2532 2134 2728 2201 ollicia,
2756 2149 2876 2205 quae
2898 2144 2952 2188 et
2975 2134 3219 2190 barbarae
3247 2134 3499 2188 nationes

1930 2237 2188 2299 praestare
2230 2228 2492 2283 omnibus
2542 2226 2744 2292 solent,
2797 2226 3155 2293 popularibus
3207 2227 3411 2296 pariter
3444 2234 3501 2279 et

1932 2321 2255 2394 peregrinis,
2306 2319 2543 2373 naturali
2604 2317 2839 2388 quodam
2899 2316 3205 2374 all‘ectionis
3258 2318 3500 2387 pondere

1930 2414 2142 2468 animos
2171 2412 2380 2468 scilicet
2411 2422 2698 2467 curvante.
2737 2410 2803 2464 Hi
2843 2421 3024 2466 autem
3069 2410 3206 2465 adeo
3237 2410 3371 2465 feris
3402 2411 3499 2464 bc-

1932 2504 2053 2560 stiis
2078 2502 2416 2559 crudeliores
2443 2510 2499 2556 et
2524 2502 2595 2556 iis
2629 2500 2761 2571 ipsis
2787 2502 2877 2571 qui
2908 2502 3173 2571 iubebant
3200 2502 3359 2571 longe
3399 2502 3503 2554 du-

1934 2603 2111 2652 riores
2142 2597 2196 2651 in
2229 2611 2313 2650 me
2346 2596 2491 2650 ultro
2523 2594 2771 2658 fuerunt,
2808 2605 2870 2648 ut
2917 2608 3015 2664 ego
3064 2593 3272 2648 centies
3318 2594 3500 2647 malim

1932 2687 1986 2741 in
2031 2685 2314 2740 montibus
2360 2699 2485 2738 cum
2540 2681 2877 2738 immanibus
2922 2682 3141 2747 belluis,
3185 2696 3504 2752 quamcum

1932 2778 2199 2849 ejusmodi
2229 2777 2569 2839 hominibus.
2603 2777 2834 2831 versari.
2867 2776 3018 2830 Adeo
3046 2790 3173 2841 erga
3207 2791 3288 2829 mc
3315 2776 3506 2831 alieni-

1932 2871 2084 2940 genis
2143 2869 2397 2924 saaviores
2449 2869 2709 2930 exstitere
2775 2867 2811 2919 ii
2868 2866 2963 2936 qui
3032 2868 3266 2937 proximi
3327 2876 3503 2923 erant.

1931 2967 2226 3022 Enimvero
2257 2964 2325 3018 ab
2357 2963 2601 3017 humano
2646 2961 2713 3015 ad
2759 2960 2996 3015 ferinum
3037 2977 3242 3016 morem
3292 2961 3370 3016 sic
3404 2962 3504 3017 de-

1934 3057 2222 3118 ﬂexcrunt,
2270 3064 2329 3109 ut
2371 3063 2426 3108 et
2462 3052 2748 3122 quosdam,
2785 3052 2877 3121 qui
2908 3044 3356 3122 propteFdomus
3398 3067 3500 3106 no-

235 3162 415 3216 ρησιν
439 3145 599 3212 δῆθεν
629 3147 852 3200 ἐκείνων
886 3148 1015 3216 ἡμῖν
1051 3148 1373 3216 ἐγγενέσθαι
1410 3149 1561 3215 ποτὲ,
1587 3148 1686 3216 τὴν
1719 3167 1826 3220 μη-

1934 3160 2054 3205 ειτιιι
2089 3147 2415 3203 vestibulum
2439 3145 3109 3208 transiisscnt,calumniis
3144 3145 3493 3208 involvcrint,

234 3234 399 3305 διμῆ
433 3252 563 3288 ποτε
599 3238 981 3307 τολμηθεῖσαν.
1017 3239 1128 3291 Καὶ
1160 3240 1332 3294 ταῦτα
1356 3240 1527 3307 τίνες;
1558 3242 1620 3294 Oi
1643 3242 1825 3310 φιλίας

238 3326 699 3391 ἀπολελαυκότες
761 3329 977 3397 μακρᾶς
1032 3329 1127 3381 καὶ
1183 3330 1435 3400 ποικίλης
1464 3331 1524 3394 ἐξ
1561 3331 1743 3399 ἡμῶν,
1770 3332 1828 3384 ὲν

239 3417 540 3488 διαφόροις
573 3419 780 3490 καιρῶν
816 3420 1199 3490 περιστάσεσι,
1235 3424 1328 3474 καὶ
1368 3422 1536 3492 μηδὲν
1584 3423 1693 3475 τῶν
1723 3424 1832 3477 δει-

238 3511 363 3561 νῶν
391 3509 755 3579 μηδεπώποτε
791 3513 1154 3581 πειραθέντες
1198 3514 1287 3581 ὑφ’
1327 3514 1518 3583 ἡμῶν·
1564 3515 1705 3586 πλὴν
1732 3514 1826 3567 τοῦ

236 3602 493 3674 κώλυμᾶ
550 3621 705 3672 σφισι
749 3604 1013 3669 πολλάκις
1062 3605 1426 3661 καθίστασθαι
1455 3609 1650 3678 τῆςντε
1702 3610 1826 3662 καθ’

234 3694 395 3748 ὅλων
417 3693 527 3757 τῶν
560 3694 722 3765 ἱερῶν
765 3697 1116 3768 πραγμάτων
1144 3697 1393 3769 δαπάνης
1427 3701 1525 3754 καὶ
1562 3700 1663 3772 τῆς
1696 3700 1828 3755 ἑκά-

242 3802 405 3841 στων
434 3787 875 3858 αἰσχροκερδίας.

322 4057 404 4113 Δ⁹.
447 4059 544 4111 Ἐκ
571 4057 679 4128 γὰρ
723 4056 864 4109 πάνυ
894 4073 975 4109 τοι
1018 4057 1144 4119 νέας
1175 4056 1269 4109 καλ⁵
1296 4052 1553 4124 παιδικῆς
1592 4057 1827 4128 ἡλικίας,

238 4150 497 4222 ἐμαυτὸν
530 4148 926 4219 ἐγκαθιδρύσας
954 4147 1079 4216 τῇδε
1108 4150 1173 4218 τῇ
1212 4150 1371 4218 μονῇ,
1400 4148 1705 4218 παρέμεινα
1732 4152 1831 4218 μέ-

237 4261 341 4314 χρι
379 4242 474 4294 καὶ
496 4243 553 4304 ἐς
585 4242 685 4311 τὴν
716 4243 977 4310 τήμερον,
1007 4240 1126 4302 ἔτος
1171 4239 1415 4309 ἀμείϐων
1442 4223 1544 4311 ήδη
1591 4239 1690 4310 τῆς
1712 4241 1831 4310 ἡλι-

238 4336 381 4394 κίσις
411 4332 843 4403 ἑξηκοστόνμὸ).
904 4330 1008 4385 Καὶ
1034 4330 1248 4383 πολλῶν
1300 4329 1398 4401 μὲν
1425 4332 1484 4382 ἐν
1517 4332 1665 4401 μέσῳ
1694 4331 1833 4402 πρό-

239 4424 403 4488 ξενος
438 4421 706 4491 ἐγενόμην
731 4421 808 4491 τῷ
839 4421 987 4490 τόπῳ
1022 4420 1222 4484 καλῶν,
1250 4422 1642 4491 συναιρομένου
1670 4421 1829 4475 Θεοῦ·

1933 3239 2166 3309 simplici
2199 3253 2393 3307 nempe
2425 3238 2741 3307 conjectura
2774 3245 2829 3290 et
2859 3236 3146 3289 temeraria
3190 3236 3502 3305 suspicione

1935 3331 2204 3401 fingendo,
2237 3345 2332 3385 eos
2362 3322 2625 3382 allocutus
2661 3343 2781 3382 esse
2815 3343 2922 3391 me,
2962 3327 3053 3397 qui
3097 3328 3318 3383 minimc
3353 3340 3506 3384 certe

1933 3427 2051 3481 ausi
2084 3424 2318 3478 fuerant.
2363 3422 2597 3488 Quinam
2628 3437 2768 3477 vero
2800 3421 2956 3476 lucc?
2990 3421 3071 3475 Illi
3114 3421 3240 3493 ipsi,
3277 3423 3369 3491 qui
3409 3440 3505 3477 va-

1933 3517 2029 3571 riis
2059 3524 2115 3572 et
2154 3516 2359 3586 iniquis
2390 3514 2732 3585 temporibus
2774 3530 3027 3584 magnum
3058 3524 3111 3568 rt
3143 3515 3501 3582 multiplicem

1933 3607 2133 3660 amoris
2160 3606 2332 3660 nostri
2361 3605 2599 3659 fructum
2630 3612 3019 3674 perceperunt,
3048 3604 3197 3658 nulla
3230 3614 3410 3660 autem
3444 3622 3505 3661 re
3554 3625 3559 3629 ·

1927 3713 2126 3767 graves
2176 3712 2278 3751 nos
2327 3713 2564 3767 unquam
2614 3695 2825 3764 experti
2872 3705 3038 3761 sunt;
3088 3697 3190 3750 nisi
3230 3707 3504 3766 quatenus

1933 3787 2001 3842 iis
2031 3802 2175 3858 saepe
2205 3788 2542 3853 obstitimus,
2583 3802 2652 3840 ne
2701 3796 2841 3840 totas
2888 3802 2976 3841 res
3024 3802 3207 3841 sacras
3244 3789 3509 3857 impensis

1931 3886 2343 3946 consumerent,
2392 3887 2447 3934 et
2488 3878 2745 3949 privatim
2780 3879 3014 3949 quisque
3041 3878 3200 3934 lucro
3241 3879 3389 3950 turpi
3426 3881 3510 3936 di~

1930 3978 2224 4026 tesccrent.
3216 3980 3222 3987 ’

2004 4061 2093 4117 1V.
2136 4061 2349 4141 Quippe
2401 4078 2501 4133 ego
2549 4078 2577 4116 a
2634 4062 2928 4118 tenerrima
2971 4075 3027 4119 et
3077 4064 3275 4135 puerili
3325 4075 3507 4131 aetate,

1932 4167 2057 4208 cum
2093 4153 2257 4207 in\co
2304 4156 2642 4210 monasterio
2677 4156 2861 4211 sedem
2912 4157 3046 4211 mihi
3090 4158 3192 4227 ipsi
3246 4159 3507 4224 ﬁxisscm,

1932 4246 2208 4316 permansi
2263 4246 2466 4301 ibidem
2504 4252 2677 4316 usque
2712 4248 2779 4301 ad
2813 4249 3142 4303 hodiernum
3193 4251 3362 4317 diem,
3398 4269 3509 4321 quo

1928 4338 2041 4408 jam
2088 4338 2489 4408 sexagesimum
2532 4330 2711 4393 aetatis
2739 4354 2944 4392 annum
2978 4341 3205 4395 excedo.
3240 4341 3345 4396 Per
3374 4343 3510 4397 illud

1938 4438 2155 4499 tempus
2182 4430 2362 4496 effeci,
2394 4431 2505 4485 Deo
2527 4431 2777 4502 juvante,
2809 4433 2978 4486 multa
3011 4441 3070 4486 ttt
3104 4433 3232 4487 huic
3265 4435 3385 4490 loco
3418 4452 3511 4489 or-

239 4513 488 4574 πολλοὺς
526 4513 584 4565 δὲ
617 4516 712 4565 καὶ
755 4512 834 4582 τῷ
882 4512 983 4579 τὴν
1022 4513 1190 4582 μονὴν
1236 4513 1399 4576 εὐθὺς
1451 4514 1826 4585 ἀναδεξαμένῳ

1934 4529 2191 4576 namenta
2223 4520 2585 4586 accederent;
2617 4536 2681 4575 ac
2709 4522 2887 4588 illum,
2916 4521 3007 4591 qui
3032 4521 3197 4623 huius
3228 4533 3507 4579 monaste-

236 4605 347 4660 καὶ
401 4603 766 4672 ἐγκαινίξοντι
803 4605 1074 4675 φιλοτίμῳ
1124 4603 1320 4679 γνώμῃ
1351 4608 1448 4660 καὶ
1485 4611 1631 4675 χειρὶ
1659 4624 1826 4676 σοφω-

1934 4613 2003 4668 rii
2048 4628 2234 4668 curam
2282 4613 2392 4681 jam
2448 4622 2563 4667 tum
2613 4614 2858 4684 suscepit
2890 4603 3187 4686 loas‘ct
3234 4615 3288 4668 id
3331 4618 3508 4685 ipsum

240 4700 403 4766 τάτῳ
454 4697 651 4766 ἐκείνῳ
703 4695 860 4767 ἀνδρὶ
901 4698 1247 4767 συνηράμην,
1277 4701 1334 4761 ἐς
1382 4700 1483 4752 ὅσα
1534 4716 1591 4752 τε
1646 4701 1837 4770 χρείας

239 4790 454 4859 ἐκείνῳ
489 4788 584 4841 καὶ
612 4789 745 4857 ἡμῖν
784 4787 893 4841 ἔδει
924 4789 1020 4842 καὶ
1058 4790 1160 4842 ὅσα
1187 4790 1250 4842 τὸ
1292 4790 1387 4844 τοῦ
1417 4790 1642 4861 φίλτρου
1672 4792 1832 4845 δυνά-

244 4897 423 4953 μενον
458 4880 589 4950 ἡμῖν
613 4879 948 4949 ὑπηγόρευε.
987 4880 1066 4931 Δι’
1094 4879 1131 4932 ἆ
1165 4896 1255 4949 μοι
1283 4882 1377 4934 καὶ
1399 4880 1497 4952 τὴν
1527 4883 1835 4951 ἐπιτροπὴν

1935 4704 2223 4776 magniﬁce
2275 4715 2331 4761 et
2374 4706 2523 4777 larga
2577 4721 2740 4762 manu
2793 4708 3140 4770 instauravit,
3197 4707 3374 4771 illum,
3426 4710 3513 4763 itt-

1936 4815 2121 4869 quatn,
2156 4799 2623 4869 sapientissimum
2661 4799 2839 4854 virum
2876 4799 3061 4868 adjuvi
3100 4800 3167 4854 ad
3204 4816 3265 4854 ea
3298 4802 3506 4865 omnia,

1935 4905 2057 4959 qua:
2100 4891 2369 4945 ambobus
2416 4890 2572 4946 nobis
2616 4890 2740 4944 usui
2794 4891 2977 4947 futura
3027 4891 3339 4950 cssent,'et
3387 4909 3510 4962 qua:

239 4976 350 5027 καὶ
381 4971 484 5040 τὴν
512 4969 623 5022 τῶν
649 4970 752 5039 τῆς
791 4971 958 5038 μονῆς
988 4973 1331 5041 τιμιωτέρων
1363 4972 1458 5024 καὶ
1482 4974 1826 5040 ἀναγκαιοτέε

1934 4978 2139 5033 amoris
2177 4978 2257 5033 vis
2290 4977 2478 5033 eilicax
2508 4978 2644 5031 mihi
2690 4979 2947 5032 dictuSsct
2978 4995 2992 5031 :
3035 4993 3144 5047 quo
3188 4979 3412 5041 factum,
3451 4987 3512 5032 ut

241 5080 369 5133 ρων
414 5062 706 5130 ἐπίσκεψιν
737 5060 1081 5131 πραγμάτων
1130 5063 1442 5129 ἐπίστευσε,
1490 5065 1586 5116 καὶ
1632 5066 1835 5134 τρόπον

236 5157 377 5210 τινα
409 5153 652 5222 διάδοχον
702 5154 899 5207 ἑαυτοῦ
957 5156 1258 5224 κατέστησε
1302 5155 1571 5207 τελευτῶν
1622 5156 1833 5218 ἐκεῖνος

238 5245 511 5302 ἐνταῦθα.
543 5244 654 5298 Καὶ
681 5245 777 5299 νῦν
813 5243 906 5307 οὒς
938 5246 1037 5316 μὲν
1065 5240 1224 5316 εὗρον
1258 5247 1630 5317 ἀσκουμένους
1660 5244 1830 5299 ἐλθὼν

238 5339 309 5405 ἐξ
352 5338 532 5411 ἀρχῆς
585 5337 760 5408 ἔγωγε
797 5339 1072 5407 ἐνταυθοῖ,
1130 5341 1330 5404 πάντες
1383 5343 1448 5393 ἐκ
1505 5334 1702 5394 πολλοῦ
1736 5342 1826 5394 τὸν

1933 5072 2382 5139 procurationem
2422 5084 2715 5139 rerumque
2741 5070 2928 5141 ejnsce
2960 5072 3274 5126 monasterii
3308 5076 3514 5142 pretio-

1931 5159 2276 5215 sissimarum
2325 5167 2381 5214 et
2431 5156 2667 5215 maxime
2720 5161 3159 5216 necessariarum
3210 5162 3509 5233 inspectio-

1928 5268 2052 5307 netn
2091 5253 2234 5306 lideit
2256 5267 2387 5307 mea:
2420 5253 2782 5316 commiserit,
2813 5269 2875 5307 ac
2907 5269 2993 5307 mc
3028 5254 3297 5307 hatredcm
3364 5269 3504 5323 quo-

1926 5342 2216 5397 daminodo
2244 5357 2403 5397 suum
2437 5341 2526 5397 hic
2562 5343 2798 5397 moriens
2828 5342 3145 5397 instituerit.
3165 5341 3317 5397 Nunc
3345 5352 3508 5412 quot-

1590 5458 1925 5523 Yariorum
1973 5467 2163 5525 noun.

323 5588 444 5661 (42)
479 5585 734 5661 Gregorse
763 5586 1270 5661 domuminullasui
1307 5597 1462 5658 parte
1503 5587 1821 5659 vnaspnbli-

243 5659 351 5716 cas
381 5659 650 5727 attigisse,
681 5667 833 5727 testis
868 5667 953 5711 est
991 5659 1310 5713 Philotheus
1368 5661 1675 5727 patriarcha
1708 5660 1824 5713 An-

242 5732 461 5785 tirrhet.
496 5726 532 5791 i,
569 5727 691 5779 eod.
742 5726 874 5797 Reg.
939 5730 1092 5789 I996.
1154 5730 1246 5781 fol.
1300 5726 1379 5794 7,
1411 5742 1471 5785 ut
1507 5731 1824 5785 adnotatum

243 5815 420 5870 supra
454 5799 518 5851 ad
559 5798 813 5865 Gregorii:
842 5799 1040 5852 Vitam.
1074 5801 1278 5853 BOHIN.

583 5884 849 5953 Pnnoi.
900 5893 1011 5954 (in.
1052 5894 1141 5953 CX
1157 5894 1339 5953 Ll'lil

1722 5972 1725 5973 '
1743 5973 1803 5985 ..ο

1998 5590 2111 5661 (45)
2139 5589 2430 5659 Gregoras,
2448 5605 2556 5659 quo
2575 5600 2821 5657 tempore
2845 5591 2960 5661 lucc
3007 5590 3246 5659 scripsit.
3267 5592 3508 5647 nomium

1931 5660 2248 5733 eratplevcnat
2274 5676 2477 5713 annum
2505 5662 2679 5733 inlatis
2710 5662 2798 5714 57,
2838 5660 2970 5716 Vide
2996 5662 3253 5715 adnotata
3287 5663 3352 5715 ad
3382 5678 3506 5733 cup.

1934 5731 1965 5783 7
2000 5734 2124 5785 libri
2158 5746 2309 5795 xviii,
2347 5746 2498 5783 unm.
2526 5732 2580 5785 5.
2620 5730 2831 5784 Bomx.

3038 5891 3114 5949 [42
