3974 6580
216 454 353 518 139.9
609 452 688 527 [Α.
730 470 780 511 c.
827 455 987 528 1531]

1216 461 2065 547 BYZANTINAEIHSTORLE
2114 474 2257 535 LIB.
2294 476 2482 539 xxn.
2563 471 2691 545 tum
2732 492 2777 530 ι.
2815 491 3107 531 ουτ-κυεῖ·
3155 475 3207 549 5]

3321 481 3457 547 1330

154 604 162 622 ι
208 576 341 647 ριῶν
374 578 471 632 καὶ
498 576 708 632 λύσεων
740 580 838 649 τῆς
872 580 1307 652 ἀστροθεάμονος
1345 583 1538 652 σοφίας
1565 584 1773 638 δίαυλοι

1886 588 2101 644 fundam
2144 602 2199 645 et
2232 593 2448 646 tacitam
2497 595 2849 650 solitudinem
2913 596 3236 651 commutati
3290 600 3458 653 sunt?

202 668 299 721 νῦν
329 670 388 721 ἐν
418 673 531 734 τοῖς
565 672 662 739 τῆς
682 672 851 743 λήθης
881 672 1194 743 ἓκρύϐησαν
1219 675 1447 743 τάφοις;
1491 677 1648 745 Ἐμολ⁸
1679 676 1780 746 μὲν

204 755 299 812 οὖν
351 761 559 814 τοιαῦτ’
604 763 777 827 ἐδίδου
813 766 872 817 τὺ
908 765 1095 834 σχῆμα
1125 766 1218 818 τοῦ
1254 766 1411 836 φίλου
1438 766 1777 837 λογίζεσθαι,

204 853 302 907 καὶ
331 854 435 906 ὅσα
466 854 636 908 πλείω
667 856 877 920 τούτοις
906 855 1122 913 ⁶ἐπεται.

273 1116 351 1172 Β¹.
385 1119 476 1178 Διὸ
507 1121 604 1173 καὶ
630 1119 810 1187 λέγειν
832 1117 1137 1191 ἀρξάμενος
1172 1122 1348 1192 ἔγωγε
1382 1126 1509 1194 περὶ
1543 1123 1644 1194 μὲν
1667 1122 1778 1178 τῶν

202 1212 492 1283 ἡμετέρων
517 1212 754 1267 Ἦκιστά
810 1230 892 1277 σε,
934 1213 1106 1282 φίλων
1133 1213 1348 1284 ἄριστε,
1399 1215 1781 1285 χαλεπαίνειν,

201 1302 467 1370 ἔφασκον,
504 1299 640 1356 εἶναι
675 1302 874 1372 χρεὼν,
903 1304 1025 1359 ἐπεὶ
1077 1304 1245 1383 μηδὲν
1285 1304 1393 1358 τῶν
1424 1306 1481 1357 ὲν
1515 1303 1617 1375 βίῳ
1648 1321 1779 1376 χρη-

206 1393 352 1446 στῶν
405 1394 606 1464 ἀμιγὲς
656 1394 764 1447 οὐδ’
803 1395 1043 1465 ἄκρατον
1095 1395 1210 1464 ἔχει
1262 1396 1324 1449 τὸ
1361 1398 1585 1467 χαῖρον·
1641 1393 1781 1449 ἀλλὰ

206 1484 475 1553 μέμικται
518 1486 695 1540 πάντα
735 1486 875 1556 πρὸς
903 1485 1015 1540 -τοῦ
1064 1485 1223 1552 Θεοῦ,
1276 1487 1528 1558 καθάπερ
1574 1485 1778 1558 χαλινῷ

202 1594 311 1631 τινι
337 1576 437 1647 τὴν
474 1566 739 1649 διαμονὴν
770 1578 867 1630 τοῦ
913 1581 1129 1649 φρονεῖν
1178 1581 1236 1630 ἐν
1272 1579 1493 1650 μέτροις
1522 1579 1782 1649 κατέχον-

201 1686 292 1732 τος
314 1685 335 1703 ο
365 1665 504 1723 εἶναι
538 1671 646 1741 γὰρ
694 1671 1065 1741 παγχάλεπον,
1111 1670 1404 1741 εὐροοῦντα
1448 1674 1569 1735 ταῖς
1590 1675 1781 1742 ἁμωσ-

202 1761 392 1830 γέπως
442 1761 915 1831 μακαριζομὲναις
953 1761 1149 1832 τύχαις
1208 1761 1301 1815 τοῦ
1344 1761 1462 1832 βίου
1497 1762 1682 1832 μένειν
1719 1762 1779 1816 ὲν

205 1853 283 1924 τῷ
312 1853 624 1909 καθεστῶτι
660 1852 753 1908 τοῦ
804 1854 996 1925 ἡθους.
1029 1854 1165 1924 Περὶ
1195 1853 1252 1907 δὲ
1284 1854 1378 1908 σοῦ
1430 1870 1520 1926 μοι
1565 1854 1779 1925 θαυμά-

205 1920 323 2010 ζειν
356 1945 556 2010 ἔπεισι,
594 1947 712 2010 πῶς
745 1920 999 2000 τοσούτου
1026 1920 1296 2018 χειμῶνος
1318 1946 1385 2001 τὰ
1414 1920 1511 2017 τῆς
1553 1920 1784 2019 Ἐκκλη-
1811 1920 1853 1979 Β

205 2038 330 2101 σίας
353 2037 690 2107 ταράξαντος
710 2037 977 2107 δόγματα,
1002 2040 1202 2109 ἥκιστα
1228 2039 1521 2109 γινώσκειν
1546 2040 1632 2112 [Ρ.
1651 2041 1780 2115 662]

202 2132 318 2193 τοῖς
361 2130 535 2200 φίλοις
572 2132 723 2202 ἡμῖν,
755 2124 838 2194 οἷς
876 2131 944 2184 τὰ
978 2132 1219 2201 μάλιστα
1255 2133 1481 2205 θαρρεῖν
1527 2134 1739 2198 ἐδόκεις
1761 2175 1778 2201 ,

205 2221 361 2277 οὔπω
400 2223 641 2287 δέδωκας
692 2224 824 2293 ἡμῖν
855 2224 1011 2279 οὐδὲν
1064 2225 1295 2296 ἀκριϐές
1327 2243 1342 2259 ·
1394 2228 1509 2281 ἀλλ’
1557 2229 1781 2298 ἀφῆκας

207 2315 588 2380 παντοδαπαῖς
633 2316 940 2370 πλανᾶσθαι
995 2318 1225 2388 φήμαις,
1261 2319 1357 2379 καὶ
1386 2320 1778 2389 ἀμφισϐητεῖν,

208 2409 445 2478 πότερον
471 2410 583 2470 τοῖς
622 2408 768 2476 ὅροις
814 2407 1045 2472 ἐκείνοις
1078 2409 1339 2477 ἐμμένεις
1370 2412 1466 2464 καὶ
1495 2413 1583 2475 σὺ,
1606 2413 1781 2467 καθά-

208 2517 318 2571 περ
343 2501 512 2569 ἡμεῖς
540 2515 554 2531 ο
582 2499 614 2572 ἦ
644 2499 899 2568 καθάπερ
947 2499 1173 2568 θυέλλης
1204 2503 1301 2571 τῆς
1351 2505 1467 2568 τοῖς
1515 2502 1783 2575 δόγμασιν

206 2592 567 2663 ἔνσκηψάσης
611 2591 708 2645 νῦν
743 2591 1080 2660 καταιγίδος,
1114 2593 1208 2644 καὶ
1243 2593 1419 2648 ἄλλων
1469 2595 1655 2651 ἄλλοθι
1689 2613 1785 2666 φεο

204 2683 484 2755 ρομένων,
519 2683 773 2754 καθάπερ
806 2683 916 2736 τῶν
951 2684 1151 2739 πλοίων
1180 2684 1252 2738 τὰ
1279 2687 1649 2757 ἀκυϐέρνητα,
1687 2690 1783 2757 φέ-

211 2793 321 2847 ρων
373 2777 470 2829 καὶ
516 2774 582 2829 σὺ
632 2775 834 2829 σαυτὸν
870 2778 983 2840 τοῖς
1034 2777 1300 2841 ἐναντίοις
1331 2778 1654 2850 ὲπέῥριψας,
1685 2780 1783 2836 καὶ

206 2866 462 2938 γλώττης
492 2866 726 2935 ἀφειδῶς
762 2867 885 2921 καθ’
915 2869 1070 2940 ἡμῶν
1102 2860 1302 2951 ὁμοίως
1336 2869 1479 2940 ἔχεις
1530 2871 1780 2933 ἐκείνοις.

207 2958 409 3011 Καίτοι
448 2960 501 3026 γ’
532 2958 778 3027 ἀνάγκην
811 2957 989 3028 ἥκιστ’
1025 2958 1187 3029 ῐσμεν
1233 2958 1490 3029 οὐδεμίαν
1538 2957 1631 3031 βίᾳ
1685 2974 1786 3012 πε-

141 3062 152 3071 ’
210 3038 463 3120 ριοῦσαν,
496 3049 707 3103 πείθειν
756 3052 823 3119 τῇ
878 3049 1149 3122 θρησκείᾳ
1181 3052 1277 3105 καὶ
1305 3052 1406 3120 τὴν
1436 3036 1784 3120 φιλίανίὸμοῢ

211 3142 628 3207 συνεξίστασθαι
655 3156 669 3172 ⁸
697 3143 819 3221 ἐπεὶ
842 3144 935 3196 καὶ
967 3141 1242 3208 Διϐἀνιον,
1264 3142 1501 3215 Ἕλληνα
1527 3143 1625 3216 τὴν
1653 3144 1785 3216 θρη-

1883 683 2159 751 quomodo
2189 683 2427 754 denique
2486 687 2593 741 illa
2642 689 2875 743 subinde
2927 699 3279 744 recurrentes
3309 706 3459 759 qua«

1881 773 2122 828 stionum
2152 789 2215 830 ac
2240 776 2572 831 solutionnm
2604 780 3103 834 astronomicarum
3170 782 3448 835 exercita-

1882 864 2060 920 tiones
2087 864 2197 935 jam
2227 867 2502 923 oblivione
2528 854 2719 924 dele’ta
2739 871 2900 925 sunt?
2922 869 3068 936 Hac,
3101 882 3156 925 ct
3173 871 3277 925 alia
3300 872 3454 941 plura

1880 953 1969 1010 his
1999 956 2323 1022 consimilia,
2375 958 2528 1014 ‘mihi
2585 960 2873 1030 cogitanda
2933 962 3226 1032 objiciebat
3292 963 3452 1018 amici

1881 1044 2053 1098 nostri
2089 1045 2324 1101 habitus.

1950 1132 2020 1188 ll.
2056 1133 2244 1205 Itaque
2265 1137 2413 1208 loqui
2436 1155 2688 1208 exorsus,
2725 1160 2743 1193 ι
2778 1140 3133 1199 Calamitates
3186 1144 3451 1214 (inquam)

1881 1233 2098 1280 nostras
2130 1242 2275 1297 agre
2301 1228 2445 1285 ferre
2474 1245 2584 1285 non
2633 1230 2821 1298 debes,
2872 1234 3174 1290 amicorum
3225 1235 3452 1305 optime,

1878 1317 2324 1401 quandoquidem
2354 1321 2563 1377 nullum
2593 1332 2676 1379 est
2702 1323 2806 1380 hac
2836 1325 2891 1379 in
2932 1325 3045 1381 vita
3078 1325 3450 1389 commodum,

1877 1410 2024 1479 quod
2049 1426 2241 1481 puram
2275 1425 2333 1468 et
2356 1415 2515 1483 plane
2572 1415 2844 1471 sinceram
2903 1417 3147 1472 ltetitiam
3202 1416 3393 1471 allerat
3428 1432 3444 1470 :

1877 1500 2013 1570 quin
2048 1502 2160 1557 imo
2183 1502 2325 1559 Deus
2358 1506 2545 1561 omnia
2593 1509 2962 1574 commiscuit,
3033 1517 3197 1579 atque
3248 1508 3320 1562 ita
3355 1522 3453 1562 nos

1878 1590 2038 1646 freno
2061 1592 2300 1660 quodam
2334 1606 2554 1652 coercet
2587 1615 2601 1665 ;
2635 1615 2702 1654 ne
2727 1599 2856 1668 quid
2890 1600 3074 1665 nimis,
3108 1599 3201 1654 sed
3234 1598 3300 1654 ad
3336 1614 3453 1653 me-

1879 1682 2227 1739 diocritatem
2256 1699 2480 1756 semper
2501 1687 2802 1758 sapiamus.
2829 1688 2885 1742 Si
2916 1689 3038 1757 quis
3070 1689 3217 1743 enim
3251 1698 3452 1744 utcun-

1880 1791 1987 1846 que
2009 1777 2290 1847 prosperis
2348 1776 2586 1834 fortuna
2637 1779 2860 1835 flatibus
2894 1791 3107 1841 utatur,
3170 1781 3216 1835 is
3283 1779 3451 1834 animi

1880 1882 2205 1938 morumque
2235 1871 2600 1925 constantiam
2631 1870 2942 1927 difﬁcillime
2976 1880 3287 1927 conservat.
3312 1870 3450 1925 illud

1882 1966 2066 2014 autem
2101 1960 2234 2014 mihi
2262 1960 2562 2030 permirum
2628 1961 2850 2027 accidit,
2907 1961 3052 2032 quod
3111 1976 3233 2016 cum
3301 1969 3447 2014 tanta

1885 2055 2178 2118 tempestas
2201 2048 2457 2105 Ecclesiae
2487 2048 2739 2118 dogmata
2771 2052 3128 2120 perturbarit,
3159 2066 3262 2105 nos
3309 2048 3452 2103 ami-
3512 2085 3514 2089 ν

1881 2156 1978 2198 cos
2011 2149 2134 2198 tuos
2157 2182 2172 2208 ,
2209 2141 2410 2212 quibus
2462 2141 2744 2221 confidere
2794 2125 3028 2197 maxime
3059 2143 3269 2213 1052
3300 2142 3455 2197 vide—

1880 2233 2050 2298 baris.
2084 2234 2318 2289 necdum
2348 2234 2552 2290 feceris
2577 2233 2861 2297 certiores,
2903 2235 2997 2289 sed
3043 2235 3209 2289 variis
3244 2236 3351 2289 huc
3384 2235 3450 2288 ιι-

1880 2324 1972 2380 luc
2021 2325 2222 2382 abduci
2273 2326 2596 2381 rumoribus
2653 2335 2711 2380 et
2769 2325 3028 2383 dubitare
3105 2327 3449 2396 permiseris,

1883 2423 2092 2482 utrum,
2122 2416 2583 2487 quemadmodum
2617 2430 2740 2482 nos,
2774 2423 2831 2470 tu
2859 2432 3077 2486 quoque
3129 2417 3183 2470 in
3220 2416 3327 2472 illis
3359 2415 3453 2469 de-

1882 2507 2227 2563 ﬁnitionibus
2257 2524 2621 2579 permaneas;
2652 2526 2721 2565 an
2751 2516 3069 2574 vero,'eum
3101 2508 3270 2563 veluti
3326 2522 3454 2578 pro-
3502 2506 3506 2512 “

1882 2600 2018 2654 cella
2039 2601 2286 2670 quadam
2320 2595 2617 2659 vehemens
2646 2603 2899 2659 Ecclesia
2924 2602 3268 2675 dogmatibus
3298 2603 3454 2659 incu-

1885 2691 2087 2757 buerit,
2115 2699 2171 2747 et
2211 2692 2302 2747 alii
2336 2694 2450 2748 alio
2496 2695 2746 2751 ferantur
2778 2694 2846 2750 de
2881 2710 3033 2751 more
3086 2695 3449 2767 navigiorum,

1883 2800 2007 2855 qua
2038 2785 2415 2854 gubernaculo
2439 2796 2655 2856 carent,
2704 2788 2758 2842 in
2791 2788 3236 2844 adversariorum
3268 2797 3455 2859 partes

1885 2887 1938 2933 te
1964 2878 2143 2947 ipsum
2176 2879 2500 2949 conjeceris,
2539 2893 2642 2934 nec
2665 2894 2829 2949 parce
2887 2879 3129 2951 linguam
3188 2880 3455 2935 adversus

1884 2980 1987 3022 nos
2010 2981 2197 3034 acuas,
2218 2968 2363 3022 sicut
2378 2968 2456 3023 illi
2476 2968 2742 3024 hactenus
2766 2980 3056 3025 acuerunt.
3084 2969 3245 3039 Atqui
3270 2979 3449 3024 tamen

1884 3058 2092 3113 nullam
2123 3059 2380 3115 novimus
2405 3074 2532 3115 esse
2559 3060 2969 3125 necessitatem,
3027 3076 3151 3131 qua
3181 3061 3361 3130 adigat
3392 3071 3453 3116 ut

1887 3150 2052 3206 simul
2112 3166 2237 3206 cum
2312 3151 2578 3223 religione
2624 3152 2862 3208 amicitia
2921 3152 3036 3222 ipsa
3105 3153 3448 3222 deponatur;

212 3236 406 3289 σκείαν
445 3236 598 3301 ὅντα,
629 3236 898 3306 Βασιλείῳ
922 3235 1076 3305 φίλον
1100 3231 1240 3290 εἶναι
1273 3236 1401 3308 ἐνῆν
1431 3238 1509 3307 τῷ
1533 3237 1778 3309 μεγάλῳο

1886 3238 2620 3319 quandoquidem/Libanio,
2645 3241 2879 3296 ethnica
2912 3243 3193 3313 religionis
3225 3241 3449 3307 cultori,

211 3330 309 3381 καὶ
334 3327 597 3393 τοιούτων
624 3327 652 3379 ό
684 3327 799 3398 βίος
830 3330 991 3398 γέμει
1016 3327 1366 3398 παραϐολῶν.
1400 3330 1636 3398 Ἔπειτ’,
1663 3330 1784 3384 οὐδὲ

210 3420 409 3485 θέλων,
451 3420 531 3491 τῷ
596 3420 831 3491 Παλαμᾷ
913 3421 1302 3491 προστίθεσθαι
1359 3422 1649 3495 δυνηθείης
1695 3424 1782 3479 ἄν.

211 3511 389 3568 Οἶσθα
418 3514 526 3582 γὰρ
558 3512 632 3577 ὡς
673 3514 896 3587 Ἰωάννῃ
930 3512 1007 3584 τῷ
1061 3515 1379 3588 πατριάρχῃ
1400 3514 1578 3580 tam
1613 3517 1785 3589 συχνά

213 3606 310 3658 καὶ
346 3608 487 3674 μετά
514 3621 578 3672 γε
601 3594 799 3676 πολλῆς
828 3606 929 3675 τῆς
977 3604 1160 3668 αίδοῦς
1193 3606 1456 3675 προσιὼν,
1489 3607 1651 3661 αὑτὸν
1684 3610 1784 3679 μὲν

212 3696 330 3755 τοῖς
359 3693 537 3761 ἁγίοις
571 3695 890 3757 συνέταττες
918 3694 1069 3757 ὅλαις
1110 3696 1398 3763 προθέσεσι
1437 3699 1537 3768 τῆς
1565 3697 1745 3771 ψυχῆς
1763 3715 1782 3734 ο

216 3786 489 3853 Παλαμᾶν
548 3784 595 3839 δ’
642 3785 1044 3861 όμοῦηβασιλεῖ
1091 3787 1533 3860 Καντακουζηνῷ
1585 3791 1787 3856 πάσαις

214 3876 444 3938 ἔπλυνες
474 3874 662 3948 ὕϐρεσι
691 3876 905 3949 νύκτωρ
955 3877 1049 3930 καὶ
1086 3877 1207 3947 μεθ’
1247 3879 1481 3949 ἡμέραν,
1534 3881 1630 3934 καὶ
1661 3882 1786 3935 ἁσεο

217 3967 332 4020 ϐῶν
360 3967 757 4038 ἅσεϐεστέρους
789 3969 1044 4023 ἁπάντων
1073 3969 1291 4034 ἐκάλεις
1311 3985 1327 4003 θ
1361 3970 1457 4024 καί
1503 3989 1656 4041 σφισι
1688 3991 1788 4028 τα-

217 4060 319 4129 χῖλν
348 4060 441 4113 τὸν
473 4060 781 4130 ἀφανισμὸν
814 4060 1032 4114 ἔσεσθαι
1086 4060 1392 4132 προθλεγες
1416 4078 1432 4094 ο
1481 4062 1556 4126 ὡς
1589 4064 1787 4134 ἥκιστα

222 4153 372 4222 μάλα
408 4169 490 4206 σοι
522 4153 911 4223 περιΐστασθαι
942 4152 1059 4216 νῦν,
1090 4153 1186 4223 τὴν
1216 4153 1356 4224 πρὸς
1389 4155 1652 4208 τάναντία
1692 4173 1790 4226 με-

220 4244 459 4314 ταϐολὴν
486 4244 860 4314 ἁρμόττουσαν
899 4239 1064 4306 εἶναι,
1102 4244 1372 4308 συνέσεως
1399 4248 1542 4301 οὕτω
1573 4246 1666 4302 καὶ
1697 4245 1791 4314 γή·

220 4356 333 4409 ρως
367 4337 564 4408 ἔχοντι,
602 4338 695 4390 καὶ
731 4338 965 4409 συνορᾷν
1007 4336 1292 4408 δυναμένῳ
1319 4337 1415 4406 τῆς
1443 4335 1702 4408 αἰσχύνης
1727 4337 1789 4389 τὸ
1822 4341 1827 4347 ’

221 4428 480 4500 μέγεθος.
541 4429 700 4481 Ποῖον
745 4430 851 4498 γὰρ
906 4428 986 4482 ἔτι
1034 4430 1224 4499 χρόνον
1281 4429 1388 4482 τῶν
1437 4428 1790 4499 καθηκόντων

218 4524 495 4591 ἀναμενεῖ
530 4539 615 4585 τις
666 4522 993 4591 σύμϐουλον,
1023 4524 1082 4575 ὲν
1129 4521 1357 4590 τοιαύτῃ
1389 4521 1628 4587 γεγονὼς
1671 4523 1788 4591 ηλι-

1824 4579 1866 4635 D

1885 3331 2123 3388 amicitia
2177 3346 2301 3388 cum
2336 3347 2531 3404 magno
2603 3331 2804 3387 Basilio
2839 3348 2962 3388 esse
3020 3332 3236 3403 potuit:
3266 3342 3321 3388 et
3348 3334 3451 3388 hu-

1887 3438 2045 3477 mana
2070 3422 2182 3478 vita
2241 3421 2556 3494 huiusmodi
2591 3423 2856 3493 exemplis
2907 3422 3105 3478 referta
3135 3432 3239 3479 est.
3296 3422 3450 3477 Adde

1888 3515 2034 3586 quod
2065 3516 2314 3582 Palama,
2346 3532 2448 3572 nec
2469 3517 2513 3573 si
2541 3516 2677 3572 velis
2707 3516 2951 3587 quidem,
2984 3518 3235 3572 assentiri
3261 3530 3452 3587 queas.

1887 3608 2046 3674 Nam,
2078 3618 2142 3663 ut
2187 3603 2356 3672 nosti.
2414 3610 2480 3665 ad
2535 3610 2801 3667 Joannem
2862 3608 3228 3680 patriarcham
3286 3609 3454 3663 multa

1888 3714 2013 3754 cum
2044 3700 2351 3755 reverentia
2380 3714 2523 3770 sape
2545 3701 2847 3765 accessisti,
2874 3716 3112 3771 eumque
3132 3710 3244 3756 tota
3278 3702 3458 3755 inten-

1889 3792 2038 3847 tione
2090 3791 2256 3847 animi
2315 3793 2522 3848 sanctis
2577 3792 3027 3859 adnumerabas;
3086 3794 3141 3847 in
3181 3793 3454 3847 Palamam

1889 3893 2071 3939 autem
2100 3893 2158 3940 et
2182 3872 2580 3954 imperatorem
2611 3884 3052 3940 Cantacuzenum
3083 3885 3268 3939 omnia
3285 3885 3459 3940 male-

1891 3975 2038 4031 dicta
2089 3975 2182 4029 diu
2214 3983 2490 4054 noctuque
2518 3974 2863 4031 conferehas.
2928 3976 3275 4032 Vocabantur
3302 3976 3394 4030 isti
3427 3991 3458 4030 a

1890 4075 1944 4122 te
1976 4066 2222 4120 omnium
2254 4066 2547 4135 impiorum
2577 4067 2814 4122 maxime
2842 4069 2997 4137 impii
3035 4086 3049 4122 :
3103 4084 3244 4138 quos
3291 4068 3452 4123 etiam

1889 4156 1958 4210 de
1979 4154 2161 4210 medio
2184 4155 2475 4210 confestim
2529 4158 2803 4212 sublatum
2868 4158 2935 4214 iri
2971 4159 3306 4228 pradicehas
3332 4176 3347 4213 :
3378 4160 3450 4211 ita

1891 4254 1950 4302 ut
1981 4261 2091 4300 non
2131 4247 2366 4317 amplius
2390 4248 2505 4318 jam
2541 4256 2594 4303 te
2626 4248 2817 4304 deceat
2877 4249 2931 4303 in
2962 4252 3188 4304 alteram
3241 4259 3450 4319 partem

1890 4343 2157 4403 converti,
2193 4352 2319 4395 cum
2356 4347 2561 4393 tantam
2590 4340 2937 4409 prudentiam
3004 4349 3060 4395 et
3112 4349 3452 4396 senectutem

1884 4429 2121 4498 adeptus
2145 4428 2336 4495 fueris,
2367 4438 2425 4484 et
2457 4429 2617 4485 facile
2646 4431 2936 4501 perpicere
2960 4432 3164 4494 valeas.
3191 4442 3455 4501 quantum

1894 4520 1949 4574 in
1984 4529 2035 4576 te
2060 4519 2302 4575 dedecus
2326 4520 2523 4576 exinde
2550 4521 2621 4576 sit
2651 4522 3116 4578 redundaturum.
3170 4523 3275 4589 Qui
3306 4525 3452 4577 enim

218 4613 316 4685 κίᾳ
340 4632 354 4679 ;
378 4613 484 4667 Καὶ
514 4612 715 4675 πάσαις
743 4610 840 4680 μὲν
863 4611 967 4682 γὰρ
999 4610 1232 4682 ἡλικίαις
1258 4612 1351 4663 καὶ
1368 4612 1557 4681 τύχαις
1577 4608 1789 4684 ἀνάγκη

1894 4628 1961 4669 eo
1989 4612 2166 4667 atatis
2193 4620 2484 4682 provectus
2506 4622 2613 4679 est,
2655 4614 2816 4683 quale
2848 4622 3061 4682 tempus
3090 4614 3452 4685 cxspecmlsit,

219 4703 389 4772 φόϐον
419 4696 558 4755 εἶναι
586 4702 838 4767 θανάτου,
864 4703 1372 4774 ἀγνωσίᾳίμυστικῇ
1408 4705 1533 4767 τοὺς
1559 4703 1793 4766 κανόνας

220 4796 357 4865 ἡμῖν
394 4794 495 4863 τῆς
525 4794 674 4864 ζωῆς
707 4793 799 4846 τοῦ
845 4794 980 4847 Θεοῦ
1028 4794 1525 4862 συγκαλύπτοντος,
1555 4795 1793 4867 μάλιστα

222 4885 280 4936 δὲ
311 4888 425 4948 τοῖς
460 4887 552 4938 τὸν
586 4883 812 4963 ἔσχατον
848 4884 1021 4946 οὓτως
1047 4885 1174 4955 ὅρον
1199 4885 1294 4955 τῆς
1325 4882 1546 4954 ἡλικίας
1596 4902 1793 4959 σκηνο-

220 4976 482 5030 ϐατοῦσιν
508 4991 523 5006 ·
556 4976 643 5028 ὅτε
686 4974 924 5046 μάλιστα
978 4976 1074 5029 καὶ
1121 4974 1238 5050 τῆς.
1274 4975 1459 5046 ἀκμῆς
1515 4976 1728 5047 ἐκείνης
1753 4979 1788 5049 η

221 5070 535 5138 πανήγυρις
573 5067 673 5139 ἤδη
706 5067 1015 5134 σϐέννυται,
1063 5070 1158 5121 καὶ⁵
1197 5070 1257 5121 τὸ
1299 5070 1406 5123 τῶν
1436 5070 1667 5141 μακρῶν
1696 5071 1785 5125 ὲλ-

222 5146 398 5220 πίδῖον
427 5164 501 5227 ὡς
533 5164 600 5218 τὰ
623 5163 793 5217 πολλὰ
821 5164 1163 5235 παρατρέχει
1188 5164 1435 5236 θέατρον.
1470 5165 1533 5218 '0
1562 5163 1625 5235 δὴ
1656 5164 1796 5219 κάπὶ

222 5257 348 5313 νοῦν
382 5258 468 5311 ἀεί
506 5275 595 5327 μει
625 5257 909 5327 στρέφοντι
940 5255 1045 5310 τῶν
1080 5254 1537 5326 ἀνδριαντοποιῶν
1580 5252 1695 5324 (49)
1734 5270 1793 5308 τε

223 5354 321 5404 καὶ
352 5350 460 5403 τῶν
491 5349 800 5419 ζωγράφων
834 5347 1076 5411 ἐκείνους
1106 5346 1263 5416 ἐπῄει
1314 5345 1653 5413 θαυμάζειν,ί
1676 5346 1792 5399 ὅσοι

1890 4701 2039 4772 quod
2061 4716 2187 4755 eum
2212 4701 2296 4756 sui
2327 4701 2492 4757 cilicii
2530 4701 2863 4758 admoneat?
2902 4701 3039 4757 Nam
3095 4718 3219 4756 cum
3277 4703 3457 4758 omnis

1888 4795 2069 4855 atatis
2100 4800 2157 4850 et
2179 4793 2418 4848 fortuna
2443 4794 2765 4851 hominibus
2796 4795 3034 4850 timenda
3065 4795 3137 4851 sit
3168 4810 3340 4860 mors,
3389 4810 3455 4851 eo

1891 4887 2039 4958 quod
2064 4885 2189 4942 vita
2216 4894 2419 4941 nostra
2450 4895 2626 4942 metas
2688 4887 2917 4957 mystica
2947 4886 3182 4956 quadam
3233 4885 3455 4958 ignora-

1888 4977 2042 5033 tione
2067 4977 2213 5031 Deus
2238 4975 2532 5039 obvelarit,
2571 4984 2684 5030 tum
2717 4975 2953 5031 maxime
2981 4977 3049 5030 iis
3083 4977 3325 5033 timenda
3349 4985 3454 5040 est,

1889 5066 1983 5137 qui
2012 5066 2225 5136 1053
2252 5066 2552 5120 terminum
2588 5066 2710 5122 vita
2740 5077 2798 5122 et
2850 5067 3106 5122 ultimum
3163 5082 3345 5123 actum
3376 5068 3457 5123 sic

1889 5156 2040 5212 velut
2078 5156 2134 5213 in
2167 5171 2328 5212 scena
2354 5155 2634 5226 produnt:
2668 5157 2886 5226 quando
2942 5159 3245 5228 praesertim
3306 5157 3457 5215 festi.-

1889 5265 1992 5306 vus
2019 5250 2107 5305 ille
2138 5249 2293 5318 vigor
2322 5249 2499 5303 atatis
2530 5249 2918 5320 exstinguitur,
2942 5265 2998 5305 et
3042 5265 3164 5319 qua
3206 5265 3307 5304 nos
3360 5249 3455 5303 diu

1890 5356 2017 5413 spes
2042 5339 2316 5411 praclara
2341 5340 2609 5402 luserant,
2645 5356 2831 5406 earum
2867 5343 2981 5398 fere
3006 5342 3282 5397 theatrum
3317 5356 3456 5410 prae-

222 5442 325 5511 τῆς
352 5441 615 5512 χρονικῆς
648 5439 896 5510 περιόδου
933 5438 994 5492 τὸ
1025 5432 1189 5507 τάχος
1229 5437 1514 5505 μιμεῖσθαι
1561 5434 1649 5488 διὰ
1693 5435 1789 5504 τῆς

1894 5433 2203 5489 terlabitur.
2264 5431 2418 5498 Quod
2450 5432 2634 5487 animo
2673 5433 2802 5489 dum
2851 5450 3068 5504 semper
3112 5447 3326 5487 mecum
3356 5446 3454 5484 vo-

222 5535 424 5605 τέχνης
478 5533 754 5594 ἐθέλοντες
805 5531 971 5597 ἄνδρα
1023 5528 1267 5582 ποιοῦσιν
1316 5523 1789 5595 ὀπισθοφάλακρον

1893 5524 2030 5590 luto,
2061 5522 2354 5578 statuarios
2410 5523 2531 5578 illos
2590 5532 2648 5577 et
2697 5523 2936 5593 pictores
2971 5520 3231 5577 admirari
3285 5520 3452 5581 subit.

228 5606 442 5698 μὲνῶς
478 5625 705 5691 ἐπίπαν,
746 5626 807 5679 οὐ
834 5625 877 5676 δ’
901 5620 1306 5687 ἀναφαλαντὶαν
1328 5634 1340 5649 ’
1371 5617 1508 5672 ἀλλά
1540 5616 1789 5684 μέτωπον

1897 5616 1994 5684 qui
2052 5614 2297 5670 velocem
2334 5615 2712 5671 convertentis
2762 5631 2883 5675 sese
2936 5613 3196 5682 temporis
3230 5624 3451 5667 cut-sum

1541 5735 1867 5816 Variorum
1916 5758 2102 5813 nota.

305 5903 419 5975 (49)
460 5902 550 5958 Sic
597 5917 757 5972 snpra
787 5899 885 5955 lib.
922 5912 1041 5962 xm,
1096 5910 1214 5965 cap.
1254 5893 1302 5960 tl,
1341 5900 1472 5950 sect.
1520 5893 1568 5948 ί.
1595 5890 1931 5947 Cari-micas.
