  <div class='ocr_page' id='page_1' title='image "/cluster/home/n/w/nwhite01/storage/ocr_20150623/148/hvd.32044019208362/675.png"; bbox 0 0 3974 6630; ppageno 0'>
   <div class='ocr_carea' id='block_1_1' title="bbox 561 465 1472 544">
    <p class='ocr_par' dir='ltr' id='par_1_1' title="bbox 561 465 1472 544">
     <span class='ocr_line' id='line_1_1' title="bbox 561 465 1472 544; baseline 0.005 -26"><span class='ocrx_word' id='word_1_1' title='bbox 561 467 618 526; x_wconf 61' lang='lat' dir='ltr'><strong>i?</strong></span> <span class='ocrx_word' id='word_1_2' title='bbox 668 469 682 526; x_wconf 85' lang='lat' dir='ltr'><strong>l</strong></span> <span class='ocrx_word' id='word_1_3' title='bbox 858 465 933 536; x_wconf 68' lang='grc' dir='ltr'>μ.</span> <span class='ocrx_word' id='word_1_4' title='bbox 977 481 1033 520; x_wconf 73' lang='lat' dir='ltr'><strong>at.</strong></span> <span class='ocrx_word' id='word_1_5' title='bbox 1070 467 1226 534; x_wconf 76' lang='lat'><strong>6859,</strong></span> <span class='ocrx_word' id='word_1_6' title='bbox 1266 485 1372 525; x_wconf 71' lang='lat' dir='ltr'><strong>me.</strong></span> <span class='ocrx_word' id='word_1_7' title='bbox 1417 470 1472 544; x_wconf 71' lang='grc' dir='ltr'>ι]</span> 
     </span>
    </p>
   </div>
   <div class='ocr_carea' id='block_1_2' title="bbox 1758 471 2597 540">
    <p class='ocr_par' dir='ltr' id='par_1_2' title="bbox 1758 471 2597 540">
     <span class='ocr_line' id='line_1_2' title="bbox 1758 471 2597 540; baseline -0.004 -1"><span class='ocrx_word' id='word_1_8' title='bbox 1758 478 2169 540; x_wconf 76' lang='lat' dir='ltr'><strong>NlCEPllOBl</strong></span> <span class='ocrx_word' id='word_1_9' title='bbox 2211 471 2597 536; x_wconf 65' lang='lat' dir='ltr'><strong>G‘REGORE</strong></span> 
     </span>
    </p>
   </div>
   <div class='ocr_carea' id='block_1_3' title="bbox 3640 464 3765 529">
    <p class='ocr_par' dir='ltr' id='par_1_3' title="bbox 3640 464 3765 529">
     <span class='ocr_line' id='line_1_3' title="bbox 3640 464 3765 529; baseline 0 0"><span class='ocrx_word' id='word_1_10' title='bbox 3640 464 3765 529; x_wconf 56' lang='lat'><strong>1372</strong></span> 
     </span>
    </p>
   </div>
   <div class='ocr_carea' id='block_1_4' title="bbox 2844 462 3488 545">
    <p class='ocr_par' dir='ltr' id='par_1_4' title="bbox 2844 462 3488 545">
     <span class='ocr_line' id='line_1_4' title="bbox 2844 462 3488 545; baseline -0.016 -17"><span class='ocrx_word' id='word_1_11' title='bbox 2844 472 2979 545; x_wconf 69' lang='grc' dir='ltr'>[ιιιιν.</span> <span class='ocrx_word' id='word_1_12' title='bbox 3018 485 3060 524; x_wconf 72' lang='grc' dir='ltr'>ι.</span> <span class='ocrx_word' id='word_1_13' title='bbox 3102 475 3394 522; x_wconf 65' lang='lat' dir='ltr'><strong>omnem.</strong></span> <span class='ocrx_word' id='word_1_14' title='bbox 3431 462 3488 534; x_wconf 69' lang='grc'><strong>5]</strong></span> 
     </span>
    </p>
   </div>
   <div class='ocr_carea' id='block_1_5' title="bbox 555 580 2124 660">
    <p class='ocr_par' dir='ltr' id='par_1_5' title="bbox 555 582 2115 652">
     <span class='ocr_line' id='line_1_5' title="bbox 555 582 2115 652; baseline 0.008 -20"><span class='ocrx_word' id='word_1_15' title='bbox 555 582 860 651; x_wconf 66' lang='lat' dir='ltr'><strong>exprimere</strong></span> <span class='ocrx_word' id='word_1_16' title='bbox 893 593 1009 639; x_wconf 86' lang='lat' dir='ltr'><strong>arte</strong></span> <span class='ocrx_word' id='word_1_17' title='bbox 1063 601 1162 639; x_wconf 85' lang='lat' dir='ltr'><strong>sua</strong></span> <span class='ocrx_word' id='word_1_18' title='bbox 1210 603 1333 644; x_wconf 90' lang='lat' dir='ltr'><strong>cum</strong></span> <span class='ocrx_word' id='word_1_19' title='bbox 1385 589 1594 652; x_wconf 77' lang='lat' dir='ltr'><strong>volunt,</strong></span> <span class='ocrx_word' id='word_1_20' title='bbox 1626 589 1924 650; x_wconf 77' lang='lat' dir='ltr'><strong>.ltOlllillC‘Jll</strong></span> <span class='ocrx_word' id='word_1_21' title='bbox 1965 588 2115 644; x_wconf 75' lang='lat' dir='ltr'><strong>eilia-</strong></span> 
     </span>
    </p>
   </div>
   <div class='ocr_carea' id='block_1_6' title="bbox 2227 580 3768 660">
    <p class='ocr_par' dir='ltr' id='par_1_6' title="bbox 2227 580 3768 660">
     <span class='ocr_line' id='line_1_6' title="bbox 2227 580 3768 660; baseline -0.008 -19"><span class='ocrx_word' id='word_1_22' title='bbox 2227 589 2615 660; x_wconf 81' lang='grc' dir='ltr'>προῖσχόμενον</span> <span class='ocrx_word' id='word_1_23' title='bbox 2664 590 2874 652; x_wconf 84' lang='grc' dir='ltr'>λάσιον,</span> <span class='ocrx_word' id='word_1_24' title='bbox 2929 586 3024 640; x_wconf 76' lang='grc' dir='ltr'>καὶ</span> <span class='ocrx_word' id='word_1_25' title='bbox 3081 585 3256 653; x_wconf 78' lang='grc' dir='ltr'>κόμην</span> <span class='ocrx_word' id='word_1_26' title='bbox 3308 580 3518 635; x_wconf 72' lang='grc' dir='ltr'>ἐκεῖθεν</span> <span class='ocrx_word' id='word_1_27' title='bbox 3563 582 3768 648; x_wconf 75' lang='grc' dir='ltr'>μακρὰν</span> 
     </span>
    </p>
   </div>
   <div class='ocr_carea' id='block_1_7' title="bbox 555 677 2114 751">
    <p class='ocr_par' dir='ltr' id='par_1_7' title="bbox 555 677 2114 751">
     <span class='ocr_line' id='line_1_7' title="bbox 555 677 2114 751; baseline 0.006 -25"><span class='ocrx_word' id='word_1_28' title='bbox 555 687 708 746; x_wconf 81' lang='lat' dir='ltr'><strong>guut,</strong></span> <span class='ocrx_word' id='word_1_29' title='bbox 761 677 981 747; x_wconf 89' lang='lat' dir='ltr'><strong>occipiti</strong></span> <span class='ocrx_word' id='word_1_30' title='bbox 1019 678 1237 746; x_wconf 82' lang='lat' dir='ltr'><strong>quidem</strong></span> <span class='ocrx_word' id='word_1_31' title='bbox 1265 681 1413 733; x_wconf 89' lang='lat' dir='ltr'><strong>omni</strong></span> <span class='ocrx_word' id='word_1_32' title='bbox 1474 695 1538 734; x_wconf 82' lang='lat' dir='ltr'><strong>ex</strong></span> <span class='ocrx_word' id='word_1_33' title='bbox 1579 693 1730 750; x_wconf 87' lang='lat' dir='ltr'><strong>parte</strong></span> <span class='ocrx_word' id='word_1_34' title='bbox 1761 682 1971 751; x_wconf 76' lang='lat' dir='ltr'><strong>glabra,</strong></span> <span class='ocrx_word' id='word_1_35' title='bbox 2012 697 2114 740; x_wconf 86' lang='lat' dir='ltr'><strong>nec</strong></span> 
     </span>
    </p>
   </div>
   <div class='ocr_carea' id='block_1_8' title="bbox 549 767 2112 839">
    <p class='ocr_par' dir='ltr' id='par_1_8' title="bbox 549 767 2112 839">
     <span class='ocr_line' id='line_1_8' title="bbox 549 767 2112 839; baseline 0.003 -18"><span class='ocrx_word' id='word_1_36' title='bbox 549 767 708 836; x_wconf 83' lang='lat' dir='ltr'><strong>plane</strong></span> <span class='ocrx_word' id='word_1_37' title='bbox 732 776 913 822; x_wconf 84' lang='lat' dir='ltr'><strong>tamen</strong></span> <span class='ocrx_word' id='word_1_38' title='bbox 941 768 1093 822; x_wconf 87' lang='lat' dir='ltr'><strong>calvo</strong></span> <span class='ocrx_word' id='word_1_39' title='bbox 1116 768 1315 838; x_wconf 73' lang='grc' dir='ltr'>οειρῐιο,</span> <span class='ocrx_word' id='word_1_40' title='bbox 1347 769 1442 824; x_wconf 86' lang='lat' dir='ltr'><strong>sed</strong></span> <span class='ocrx_word' id='word_1_41' title='bbox 1478 769 1660 826; x_wconf 79' lang='lat' dir='ltr'><strong>fronte</strong></span> <span class='ocrx_word' id='word_1_42' title='bbox 1697 771 1930 834; x_wconf 80' lang='lat' dir='ltr'><strong>hirsuta,</strong></span> <span class='ocrx_word' id='word_1_43' title='bbox 1953 786 1983 824; x_wconf 90' lang='lat' dir='ltr'><strong>e</strong></span> <span class='ocrx_word' id='word_1_44' title='bbox 2008 786 2112 839; x_wconf 90' lang='lat' dir='ltr'><strong>qua</strong></span> 
     </span>
    </p>
   </div>
   <div class='ocr_carea' id='block_1_9' title="bbox 550 859 2109 932">
    <p class='ocr_par' dir='ltr' id='par_1_9' title="bbox 550 859 2109 932">
     <span class='ocr_line' id='line_1_9' title="bbox 550 859 2109 932; baseline 0.004 -21"><span class='ocrx_word' id='word_1_45' title='bbox 550 859 942 928; x_wconf 89' lang='lat' dir='ltr'><strong>promissiores</strong></span> <span class='ocrx_word' id='word_1_46' title='bbox 975 874 1144 915; x_wconf 63' lang='lat' dir='ltr'><strong>coma?</strong></span> <span class='ocrx_word' id='word_1_47' title='bbox 1172 861 1435 930; x_wconf 76' lang='lat' dir='ltr'><strong>pendent.</strong></span> <span class='ocrx_word' id='word_1_48' title='bbox 1495 862 1628 916; x_wconf 85' lang='lat' dir='ltr'><strong>Nam</strong></span> <span class='ocrx_word' id='word_1_49' title='bbox 1658 863 1787 917; x_wconf 89' lang='lat' dir='ltr'><strong>licet</strong></span> <span class='ocrx_word' id='word_1_50' title='bbox 1813 862 1941 916; x_wconf 84' lang='lat' dir='ltr'><strong>alibi</strong></span> <span class='ocrx_word' id='word_1_51' title='bbox 1969 878 2109 932; x_wconf 91' lang='lat' dir='ltr'><strong>quo-</strong></span> 
     </span>
    </p>
   </div>
   <div class='ocr_carea' id='block_1_10' title="bbox 548 949 2112 1020">
    <p class='ocr_par' dir='ltr' id='par_1_10' title="bbox 548 949 2112 1020">
     <span class='ocr_line' id='line_1_10' title="bbox 548 949 2112 1020; baseline 0.005 -19"><span class='ocrx_word' id='word_1_52' title='bbox 548 964 654 1016; x_wconf 88' lang='lat' dir='ltr'><strong>que</strong></span> <span class='ocrx_word' id='word_1_53' title='bbox 680 963 937 1018; x_wconf 86' lang='lat' dir='ltr'><strong>magnum</strong></span> <span class='ocrx_word' id='word_1_54' title='bbox 979 949 1193 1018; x_wconf 70' lang='lat' dir='ltr'><strong>peritia:</strong></span> <span class='ocrx_word' id='word_1_55' title='bbox 1225 966 1337 1004; x_wconf 70' lang='lat' dir='ltr'><strong>sua:</strong></span> <span class='ocrx_word' id='word_1_56' title='bbox 1365 952 1640 1020; x_wconf 84' lang='lat' dir='ltr'><strong>specimen</strong></span> <span class='ocrx_word' id='word_1_57' title='bbox 1667 952 1984 1018; x_wconf 83' lang='lat' dir='ltr'><strong>exhibeant,</strong></span> <span class='ocrx_word' id='word_1_58' title='bbox 2023 954 2112 1009; x_wconf 86' lang='lat' dir='ltr'><strong>hic</strong></span> 
     </span>
    </p>
   </div>
   <div class='ocr_carea' id='block_1_11' title="bbox 549 1036 2158 1112">
    <p class='ocr_par' dir='ltr' id='par_1_11' title="bbox 549 1036 2158 1112">
     <span class='ocr_line' id='line_1_11' title="bbox 549 1036 2158 1112; baseline 0.006 -24"><span class='ocrx_word' id='word_1_59' title='bbox 549 1036 719 1105; x_wconf 86' lang='lat' dir='ltr'><strong>ipsum</strong></span> <span class='ocrx_word' id='word_1_60' title='bbox 770 1037 1036 1092; x_wconf 76' lang='lat' dir='ltr'><strong>duntaxat</strong></span> <span class='ocrx_word' id='word_1_61' title='bbox 1085 1054 1271 1093; x_wconf 83' lang='lat' dir='ltr'><strong>vocem</strong></span> <span class='ocrx_word' id='word_1_62' title='bbox 1322 1055 1431 1094; x_wconf 93' lang='lat' dir='ltr'><strong>non</strong></span> <span class='ocrx_word' id='word_1_63' title='bbox 1494 1050 1887 1110; x_wconf 87' lang='lat' dir='ltr'><strong>assequuntur;</strong></span> <span class='ocrx_word' id='word_1_64' title='bbox 1943 1059 2106 1112; x_wconf 86' lang='lat' dir='ltr'><strong>quam</strong></span> <span class='ocrx_word' id='word_1_65' title='bbox 2151 1055 2158 1070; x_wconf 82' lang='lat'><strong>‘</strong></span> 
     </span>
    </p>
   </div>
   <div class='ocr_carea' id='block_1_12' title="bbox 547 1127 2108 1200">
    <p class='ocr_par' dir='ltr' id='par_1_12' title="bbox 547 1127 2108 1200">
     <span class='ocr_line' id='line_1_12' title="bbox 547 1127 2108 1200; baseline 0.008 -25"><span class='ocrx_word' id='word_1_66' title='bbox 547 1127 675 1195; x_wconf 87' lang='lat' dir='ltr'><strong>quia</strong></span> <span class='ocrx_word' id='word_1_67' title='bbox 701 1127 946 1182; x_wconf 82' lang='lat' dir='ltr'><strong>colorum</strong></span> <span class='ocrx_word' id='word_1_68' title='bbox 983 1130 1272 1198; x_wconf 76' lang='lat' dir='ltr'><strong>pigmentis</strong></span> <span class='ocrx_word' id='word_1_69' title='bbox 1297 1129 1604 1199; x_wconf 80' lang='lat' dir='ltr'><strong>exprimere</strong></span> <span class='ocrx_word' id='word_1_70' title='bbox 1632 1141 1914 1200; x_wconf 85' lang='lat' dir='ltr'><strong>nequeunt</strong></span> <span class='ocrx_word' id='word_1_71' title='bbox 1933 1175 1946 1198; x_wconf 95' lang='lat'><strong>,</strong></span> <span class='ocrx_word' id='word_1_72' title='bbox 1983 1133 2108 1188; x_wconf 90' lang='lat' dir='ltr'><strong>Ideo</strong></span> 
     </span>
    </p>
   </div>
   <div class='ocr_carea' id='block_1_13' title="bbox 549 1220 2108 1292">
    <p class='ocr_par' dir='ltr' id='par_1_13' title="bbox 549 1220 2108 1292">
     <span class='ocr_line' id='line_1_13' title="bbox 549 1220 2108 1292; baseline 0.001 -20"><span class='ocrx_word' id='word_1_73' title='bbox 549 1220 766 1272; x_wconf 85' lang='lat' dir='ltr'><strong>tacitam</strong></span> <span class='ocrx_word' id='word_1_74' title='bbox 795 1221 930 1289; x_wconf 82' lang='lat' dir='ltr'><strong>legis</strong></span> <span class='ocrx_word' id='word_1_75' title='bbox 962 1221 1250 1291; x_wconf 78' lang='lat' dir='ltr'><strong>imaginem</strong></span> <span class='ocrx_word' id='word_1_76' title='bbox 1282 1223 1362 1277; x_wconf 87' lang='lat' dir='ltr'><strong>sic</strong></span> <span class='ocrx_word' id='word_1_77' title='bbox 1394 1221 1506 1276; x_wconf 83' lang='lat' dir='ltr'><strong>fere</strong></span> <span class='ocrx_word' id='word_1_78' title='bbox 1539 1233 1872 1292; x_wconf 87' lang='lat' dir='ltr'><strong>proponunt.</strong></span> <span class='ocrx_word' id='word_1_79' title='bbox 1903 1233 1959 1278; x_wconf 90' lang='lat' dir='ltr'><strong>et</strong></span> <span class='ocrx_word' id='word_1_80' title='bbox 1983 1239 2108 1277; x_wconf 62' lang='lat' dir='ltr'><strong>mu.</strong></span> 
     </span>
    </p>
   </div>
   <div class='ocr_carea' id='block_1_14' title="bbox 551 1313 2113 1382">
    <p class='ocr_par' dir='ltr' id='par_1_14' title="bbox 551 1313 2113 1382">
     <span class='ocr_line' id='line_1_14' title="bbox 551 1313 2113 1382; baseline 0.004 -20"><span class='ocrx_word' id='word_1_81' title='bbox 551 1318 666 1364; x_wconf 91' lang='lat' dir='ltr'><strong>tum</strong></span> <span class='ocrx_word' id='word_1_82' title='bbox 731 1327 1037 1379; x_wconf 57' lang='lat' dir='ltr'><strong>praeconem</strong></span> <span class='ocrx_word' id='word_1_83' title='bbox 1093 1322 1362 1382; x_wconf 88' lang='lat' dir='ltr'><strong>perpetuo</strong></span> <span class='ocrx_word' id='word_1_84' title='bbox 1417 1313 1666 1382; x_wconf 74' lang='lat' dir='ltr'><strong>praebent</strong></span> <span class='ocrx_word' id='word_1_85' title='bbox 1723 1314 1983 1372; x_wconf 87' lang='lat' dir='ltr'><strong>omnibus</strong></span> <span class='ocrx_word' id='word_1_86' title='bbox 2043 1315 2113 1372; x_wconf 83' lang='lat' dir='ltr'><strong>iis</strong></span> 
     </span>
    </p>
   </div>
   <div class='ocr_carea' id='block_1_15' title="bbox 547 1401 2114 1477">
    <p class='ocr_par' dir='ltr' id='par_1_15' title="bbox 547 1401 2114 1477">
     <span class='ocr_line' id='line_1_15' title="bbox 547 1401 2114 1477; baseline 0.003 -22"><span class='ocrx_word' id='word_1_87' title='bbox 547 1415 688 1469; x_wconf 91' lang='lat' dir='ltr'><strong>quos</strong></span> <span class='ocrx_word' id='word_1_88' title='bbox 712 1401 1045 1464; x_wconf 87' lang='lat' dir='ltr'><strong>desidiosam</strong></span> <span class='ocrx_word' id='word_1_89' title='bbox 1108 1407 1274 1460; x_wconf 87' lang='lat' dir='ltr'><strong>vitam</strong></span> <span class='ocrx_word' id='word_1_90' title='bbox 1306 1407 1489 1461; x_wconf 77' lang='lat' dir='ltr'><strong>vivere</strong></span> <span class='ocrx_word' id='word_1_91' title='bbox 1536 1422 1644 1462; x_wconf 88' lang='lat' dir='ltr'><strong>non</strong></span> <span class='ocrx_word' id='word_1_92' title='bbox 1676 1405 1883 1475; x_wconf 86' lang='lat' dir='ltr'><strong>pudet:</strong></span> <span class='ocrx_word' id='word_1_93' title='bbox 1913 1407 2114 1477; x_wconf 76' lang='lat' dir='ltr'><strong>quibus</strong></span> 
     </span>
    </p>
   </div>
   <div class='ocr_carea' id='block_1_16' title="bbox 549 1493 2112 1570">
    <p class='ocr_par' dir='ltr' id='par_1_16' title="bbox 549 1493 2112 1570">
     <span class='ocr_line' id='line_1_16' title="bbox 549 1493 2112 1570; baseline 0.005 -24"><span class='ocrx_word' id='word_1_94' title='bbox 549 1493 1076 1552; x_wconf 83' lang='lat' dir='ltr'><strong>etiamtantumnon</strong></span> <span class='ocrx_word' id='word_1_95' title='bbox 1112 1497 1371 1564; x_wconf 89' lang='lat' dir='ltr'><strong>clamant,</strong></span> <span class='ocrx_word' id='word_1_96' title='bbox 1421 1497 1776 1556; x_wconf 85' lang='lat' dir='ltr'><strong>Occasionem</strong></span> <span class='ocrx_word' id='word_1_97' title='bbox 1813 1507 1935 1567; x_wconf 86' lang='lat' dir='ltr'><strong>post</strong></span> <span class='ocrx_word' id='word_1_98' title='bbox 1963 1507 2112 1570; x_wconf 84' lang='lat' dir='ltr'><strong>terga</strong></span> 
     </span>
    </p>
   </div>
   <div class='ocr_carea' id='block_1_17' title="bbox 547 1584 2110 1659">
    <p class='ocr_par' dir='ltr' id='par_1_17' title="bbox 547 1584 2110 1659">
     <span class='ocr_line' id='line_1_17' title="bbox 547 1584 2110 1659; baseline 0.006 -22"><span class='ocrx_word' id='word_1_99' title='bbox 547 1584 807 1641; x_wconf 83' lang='lat' dir='ltr'><strong>euntibus</strong></span> <span class='ocrx_word' id='word_1_100' title='bbox 836 1589 1184 1658; x_wconf 76' lang='lat' dir='ltr'><strong>praebituram</strong></span> <span class='ocrx_word' id='word_1_101' title='bbox 1205 1605 1312 1643; x_wconf 87' lang='lat' dir='ltr'><strong>nou</strong></span> <span class='ocrx_word' id='word_1_102' title='bbox 1340 1605 1462 1644; x_wconf 85' lang='lat' dir='ltr'><strong>esse</strong></span> <span class='ocrx_word' id='word_1_103' title='bbox 1490 1590 1716 1659; x_wconf 84' lang='lat' dir='ltr'><strong>capillos</strong></span> <span class='ocrx_word' id='word_1_104' title='bbox 1741 1589 2110 1658; x_wconf 81' lang='lat' dir='ltr'><strong>arripieudos,</strong></span> 
     </span>
    </p>
   </div>
   <div class='ocr_carea' id='block_1_18' title="bbox 2213 670 3766 750">
    <p class='ocr_par' dir='ltr' id='par_1_18' title="bbox 2213 670 3766 750">
     <span class='ocr_line' id='line_1_18' title="bbox 2213 670 3766 750; baseline -0.008 -16"><span class='ocrx_word' id='word_1_105' title='bbox 2213 679 2557 748; x_wconf 83' lang='grc' dir='ltr'>καθειμένον.</span> <span class='ocrx_word' id='word_1_106' title='bbox 2584 681 2766 734; x_wconf 78' lang='grc' dir='ltr'>Τάλλα</span> <span class='ocrx_word' id='word_1_107' title='bbox 2791 680 2899 750; x_wconf 79' lang='grc' dir='ltr'><strong>γάρ</strong></span> <span class='ocrx_word' id='word_1_108' title='bbox 2932 679 3085 739; x_wconf 71' lang='grc' dir='ltr'>ὄντες</span> <span class='ocrx_word' id='word_1_109' title='bbox 3118 674 3272 744; x_wconf 74' lang='grc' dir='ltr'>σοφοὶ</span> <span class='ocrx_word' id='word_1_110' title='bbox 3305 675 3469 741; x_wconf 76' lang='grc' dir='ltr'>μόνης</span> <span class='ocrx_word' id='word_1_111' title='bbox 3501 670 3766 722; x_wconf 76' lang='grc' dir='ltr'><strong>λείπονται</strong></span> 
     </span>
    </p>
   </div>
   <div class='ocr_carea' id='block_1_19' title="bbox 2211 763 3769 841">
    <p class='ocr_par' dir='ltr' id='par_1_19' title="bbox 2211 763 3769 841">
     <span class='ocr_line' id='line_1_19' title="bbox 2211 763 3769 841; baseline -0.007 -16"><span class='ocrx_word' id='word_1_112' title='bbox 2211 772 2398 841; x_wconf 74' lang='grc' dir='ltr'>φωνῆς</span> <span class='ocrx_word' id='word_1_113' title='bbox 2427 773 2699 836; x_wconf 77' lang='grc' dir='ltr'>ἐνταυθοῖ,</span> <span class='ocrx_word' id='word_1_114' title='bbox 2735 775 2831 827; x_wconf 58' lang='grc' dir='ltr'><strong>καὶ⁵</strong></span> <span class='ocrx_word' id='word_1_115' title='bbox 2858 771 3065 839; x_wconf 80' lang='grc' dir='ltr'>ταύτην</span> <span class='ocrx_word' id='word_1_116' title='bbox 3099 770 3301 839; x_wconf 72' lang='grc' dir='ltr'>ἥκιστα</span> <span class='ocrx_word' id='word_1_117' title='bbox 3333 765 3534 834; x_wconf 77' lang='grc' dir='ltr'><strong>βαφαῖς</strong></span> <span class='ocrx_word' id='word_1_118' title='bbox 3562 763 3677 824; x_wconf 76' lang='grc' dir='ltr'>ταῖς</span> <span class='ocrx_word' id='word_1_119' title='bbox 3714 765 3769 814; x_wconf 81' lang='grc' dir='ltr'>ἐκ</span> 
     </span>
    </p>
   </div>
   <div class='ocr_carea' id='block_1_20' title="bbox 2209 853 3770 934">
    <p class='ocr_par' dir='ltr' id='par_1_20' title="bbox 2209 853 3770 934">
     <span class='ocr_line' id='line_1_20' title="bbox 2209 853 3770 934; baseline -0.009 -16"><span class='ocrx_word' id='word_1_120' title='bbox 2209 863 2518 934; x_wconf 78' lang='grc' dir='ltr'><strong>χρωμάτων</strong></span> <span class='ocrx_word' id='word_1_121' title='bbox 2571 865 2826 918; x_wconf 88' lang='grc' dir='ltr'>δύνανται</span> <span class='ocrx_word' id='word_1_122' title='bbox 2867 854 3172 932; x_wconf 75' lang='grc' dir='ltr'>μιμεῖσθαι.</span> <span class='ocrx_word' id='word_1_123' title='bbox 3211 857 3374 910; x_wconf 86' lang='grc' dir='ltr'>Ὅθεν</span> <span class='ocrx_word' id='word_1_124' title='bbox 3423 854 3665 920; x_wconf 78' lang='grc' dir='ltr'>σιγῶσαν</span> <span class='ocrx_word' id='word_1_125' title='bbox 3691 853 3770 904; x_wconf 76' lang='grc' dir='ltr'><strong>οὗ·</strong></span> 
     </span>
    </p>
   </div>
   <div class='ocr_carea' id='block_1_21' title="bbox 2209 941 3774 1026">
    <p class='ocr_par' dir='ltr' id='par_1_21' title="bbox 2209 941 3774 1026">
     <span class='ocr_line' id='line_1_21' title="bbox 2209 941 3774 1026; baseline -0.011 -18"><span class='ocrx_word' id='word_1_126' title='bbox 2209 956 2344 1008; x_wconf 86' lang='grc' dir='ltr'>τωσί</span> <span class='ocrx_word' id='word_1_127' title='bbox 2381 973 2498 1018; x_wconf 90' lang='grc' dir='ltr'><strong>πως</strong></span> <span class='ocrx_word' id='word_1_128' title='bbox 2541 957 2718 1009; x_wconf 72' lang='grc' dir='ltr'>ἱστᾶσι</span> <span class='ocrx_word' id='word_1_129' title='bbox 2759 953 3082 1026; x_wconf 75' lang='grc' dir='ltr'><strong>νομοθεσίας</strong></span> <span class='ocrx_word' id='word_1_130' title='bbox 3110 949 3315 1010; x_wconf 78' lang='grc' dir='ltr'><strong>εἰκόνα,</strong></span> <span class='ocrx_word' id='word_1_131' title='bbox 3350 947 3446 1000; x_wconf 72' lang='grc' dir='ltr'><strong>καὶ</strong></span> <span class='ocrx_word' id='word_1_132' title='bbox 3485 941 3774 1012; x_wconf 45' lang='lat' dir='ltr'><strong>avemq-</strong></span> 
     </span>
    </p>
   </div>
   <div class='ocr_carea' id='block_1_22' title="bbox 2215 1033 3772 1116">
    <p class='ocr_par' dir='ltr' id='par_1_22' title="bbox 2215 1033 3772 1116">
     <span class='ocr_line' id='line_1_22' title="bbox 2215 1033 3772 1116; baseline -0.012 -17"><span class='ocrx_word' id='word_1_133' title='bbox 2215 1063 2307 1099; x_wconf 88' lang='grc' dir='ltr'><strong>τον</strong></span> <span class='ocrx_word' id='word_1_134' title='bbox 2337 1049 2555 1116; x_wconf 81' lang='grc' dir='ltr'>κήρυκα</span> <span class='ocrx_word' id='word_1_135' title='bbox 2582 1050 2749 1100; x_wconf 81' lang='grc' dir='ltr'>πᾶσιν</span> <span class='ocrx_word' id='word_1_136' title='bbox 2779 1048 2866 1101; x_wconf 58' lang='grc' dir='ltr'><strong>ἀεὶ⁸</strong></span> <span class='ocrx_word' id='word_1_137' title='bbox 2887 1045 3256 1113; x_wconf 76' lang='grc' dir='ltr'><strong>διανέμουσιν,</strong></span> <span class='ocrx_word' id='word_1_138' title='bbox 3280 1035 3362 1099; x_wconf 72' lang='grc' dir='ltr'>οἷς</span> <span class='ocrx_word' id='word_1_139' title='bbox 3391 1033 3772 1106; x_wconf 77' lang='grc' dir='ltr'>ἐρρᾳθυμημέ-</span> 
     </span>
    </p>
   </div>
   <div class='ocr_carea' id='block_1_23' title="bbox 2217 1126 3775 1209">
    <p class='ocr_par' dir='ltr' id='par_1_23' title="bbox 2217 1126 3775 1209">
     <span class='ocr_line' id='line_1_23' title="bbox 2217 1126 3775 1209; baseline -0.012 -16"><span class='ocrx_word' id='word_1_140' title='bbox 2217 1155 2306 1193; x_wconf 89' lang='grc' dir='ltr'><strong>νον</strong></span> <span class='ocrx_word' id='word_1_141' title='bbox 2340 1139 2430 1192; x_wconf 64' lang='grc' dir='ltr'>τὶν</span> <span class='ocrx_word' id='word_1_142' title='bbox 2463 1138 2576 1209; x_wconf 87' lang='grc' dir='ltr'>βίον</span> <span class='ocrx_word' id='word_1_143' title='bbox 2598 1139 2782 1192; x_wconf 84' lang='grc' dir='ltr'>ἀνύειν</span> <span class='ocrx_word' id='word_1_144' title='bbox 2804 1139 2904 1191; x_wconf 82' lang='grc' dir='ltr'><strong>οὐκ</strong></span> <span class='ocrx_word' id='word_1_145' title='bbox 2933 1138 3077 1190; x_wconf 76' lang='grc' dir='ltr'>ἔστιν</span> <span class='ocrx_word' id='word_1_146' title='bbox 3103 1135 3286 1198; x_wconf 77' lang='grc' dir='ltr'>αἰδὼς,</span> <span class='ocrx_word' id='word_1_147' title='bbox 3314 1130 3602 1202; x_wconf 66' lang='grc' dir='ltr'>μονονουχὶ</span> <span class='ocrx_word' id='word_1_148' title='bbox 3628 1126 3775 1194; x_wconf 70' lang='grc' dir='ltr'>βοῶ-ι-</span> 
     </span>
    </p>
   </div>
   <div class='ocr_carea' id='block_1_24' title="bbox 2211 1219 3773 1301">
    <p class='ocr_par' dir='ltr' id='par_1_24' title="bbox 2211 1219 3773 1301">
     <span class='ocr_line' id='line_1_24' title="bbox 2211 1219 3773 1301; baseline -0.011 -15"><span class='ocrx_word' id='word_1_149' title='bbox 2211 1242 2327 1294; x_wconf 71' lang='grc' dir='ltr'>τες,</span> <span class='ocrx_word' id='word_1_150' title='bbox 2361 1231 2437 1294; x_wconf 81' lang='grc' dir='ltr'>ὡς</span> <span class='ocrx_word' id='word_1_151' title='bbox 2477 1231 2711 1285; x_wconf 79' lang='grc' dir='ltr'><strong>κατόπιν</strong></span> <span class='ocrx_word' id='word_1_152' title='bbox 2749 1230 2890 1285; x_wconf 77' lang='grc' dir='ltr'>ίοῦσι</span> <span class='ocrx_word' id='word_1_153' title='bbox 2941 1229 3147 1301; x_wconf 81' lang='grc' dir='ltr'>τριχῶν</span> <span class='ocrx_word' id='word_1_154' title='bbox 3187 1229 3249 1282; x_wconf 87' lang='grc' dir='ltr'><strong>οὐ</strong></span> <span class='ocrx_word' id='word_1_155' title='bbox 3302 1223 3532 1292; x_wconf 75' lang='grc' dir='ltr'>παρέξει</span> <span class='ocrx_word' id='word_1_156' title='bbox 3562 1219 3773 1287; x_wconf 73' lang='grc' dir='ltr'>λαϐὴνό</span> 
     </span>
    </p>
   </div>
   <div class='ocr_carea' id='block_1_25' title="bbox 2214 1308 3770 1394">
    <p class='ocr_par' dir='ltr' id='par_1_25' title="bbox 2214 1308 3770 1394">
     <span class='ocr_line' id='line_1_25' title="bbox 2214 1308 3770 1394; baseline -0.01 -18"><span class='ocrx_word' id='word_1_157' title='bbox 2214 1323 2438 1394; x_wconf 80' lang='grc' dir='ltr'>Καιρδς,</span> <span class='ocrx_word' id='word_1_158' title='bbox 2471 1318 2586 1378; x_wconf 83' lang='grc' dir='ltr'>ἀλλ’</span> <span class='ocrx_word' id='word_1_159' title='bbox 2645 1324 2856 1377; x_wconf 75' lang='grc' dir='ltr'>ὄλισθον</span> <span class='ocrx_word' id='word_1_160' title='bbox 2908 1323 3001 1377; x_wconf 70' lang='grc' dir='ltr'>καὶ</span> <span class='ocrx_word' id='word_1_161' title='bbox 3057 1319 3356 1390; x_wconf 71' lang='grc' dir='ltr'>ἀποτυχίαν</span> <span class='ocrx_word' id='word_1_162' title='bbox 3413 1315 3498 1388; x_wconf 86' lang='grc' dir='ltr'><strong>[Ρ.</strong></span> <span class='ocrx_word' id='word_1_163' title='bbox 3534 1310 3660 1382; x_wconf 71' lang='lat'><strong>663]</strong></span> <span class='ocrx_word' id='word_1_164' title='bbox 3689 1308 3770 1362; x_wconf 78' lang='grc' dir='ltr'>τοῦ</span> 
     </span>
    </p>
   </div>
   <div class='ocr_carea' id='block_1_26' title="bbox 2216 1402 3771 1485">
    <p class='ocr_par' dir='ltr' id='par_1_26' title="bbox 2216 1402 3771 1485">
     <span class='ocr_line' id='line_1_26' title="bbox 2216 1402 3771 1485; baseline -0.008 -20"><span class='ocrx_word' id='word_1_165' title='bbox 2216 1414 2551 1485; x_wconf 79' lang='grc' dir='ltr'>ποθουμένου</span> <span class='ocrx_word' id='word_1_166' title='bbox 2595 1415 2814 1485; x_wconf 85' lang='grc' dir='ltr'>μακράν</span> <span class='ocrx_word' id='word_1_167' title='bbox 2845 1417 2944 1484; x_wconf 79' lang='grc' dir='ltr'>τῆς</span> <span class='ocrx_word' id='word_1_168' title='bbox 2978 1411 3314 1483; x_wconf 82' lang='grc' dir='ltr'>ὲμπροσθίας</span> <span class='ocrx_word' id='word_1_169' title='bbox 3342 1408 3442 1478; x_wconf 71' lang='grc' dir='ltr'><strong>ἤδη</strong></span> <span class='ocrx_word' id='word_1_170' title='bbox 3473 1403 3566 1457; x_wconf 78' lang='grc' dir='ltr'><strong>τοῦ</strong></span> <span class='ocrx_word' id='word_1_171' title='bbox 3596 1402 3771 1470; x_wconf 77' lang='grc' dir='ltr'>χρόνον</span> 
     </span>
    </p>
   </div>
   <div class='ocr_carea' id='block_1_27' title="bbox 2215 1493 3779 1579">
    <p class='ocr_par' dir='ltr' id='par_1_27' title="bbox 2215 1493 3779 1579">
     <span class='ocr_line' id='line_1_27' title="bbox 2215 1493 3779 1579; baseline -0.022 -3"><span class='ocrx_word' id='word_1_172' title='bbox 2215 1503 2387 1573; x_wconf 75' lang='grc' dir='ltr'>λαδῆς</span> <span class='ocrx_word' id='word_1_173' title='bbox 2409 1507 2878 1579; x_wconf 73' lang='grc' dir='ltr'>παρερρυηκυίας,</span> <span class='ocrx_word' id='word_1_174' title='bbox 2897 1505 2993 1560; x_wconf 73' lang='grc' dir='ltr'>καὶ</span> <span class='ocrx_word' id='word_1_175' title='bbox 3021 1501 3156 1566; x_wconf 71' lang='grc' dir='ltr'>ὃλῗως</span> <span class='ocrx_word' id='word_1_176' title='bbox 3177 1496 3625 1572; x_wconf 83' lang='grc' dir='ltr'>ἀπηγορευκυίας</span> <span class='ocrx_word' id='word_1_177' title='bbox 3652 1493 3779 1546; x_wconf 82' lang='grc' dir='ltr'>’άπαν</span> 
     </span>
    </p>
   </div>
   <div class='ocr_carea' id='block_1_28' title="bbox 2211 1595 2757 1670">
    <p class='ocr_par' dir='ltr' id='par_1_28' title="bbox 2211 1595 2757 1670">
     <span class='ocr_line' id='line_1_28' title="bbox 2211 1595 2757 1670; baseline 0.004 -22"><span class='ocrx_word' id='word_1_178' title='bbox 2211 1595 2272 1648; x_wconf 79' lang='grc' dir='ltr'>τὸ</span> <span class='ocrx_word' id='word_1_179' title='bbox 2303 1597 2704 1670; x_wconf 78' lang='grc' dir='ltr'>ἁμιλλώμενον.</span> <span class='ocrx_word' id='word_1_180' title='bbox 2738 1617 2757 1650; x_wconf 88' lang='grc'><strong>›</strong></span> 
     </span>
    </p>
   </div>
   <div class='ocr_carea' id='block_1_29' title="bbox 549 1677 3784 1765">
    <p class='ocr_par' dir='ltr' id='par_1_29' title="bbox 549 1677 3784 1765">
     <span class='ocr_line' id='line_1_29' title="bbox 549 1677 3784 1765; baseline -0.001 -25"><span class='ocrx_word' id='word_1_181' title='bbox 549 1686 645 1740; x_wconf 79' lang='lat' dir='ltr'><strong>sed</strong></span> <span class='ocrx_word' id='word_1_182' title='bbox 679 1683 972 1752; x_wconf 87' lang='lat' dir='ltr'><strong>lubricum,</strong></span> <span class='ocrx_word' id='word_1_183' title='bbox 1006 1695 1061 1740; x_wconf 94' lang='lat' dir='ltr'><strong>et</strong></span> <span class='ocrx_word' id='word_1_184' title='bbox 1091 1687 1310 1756; x_wconf 86' lang='lat' dir='ltr'><strong>longam</strong></span> <span class='ocrx_word' id='word_1_185' title='bbox 1341 1703 1371 1742; x_wconf 86' lang='lat' dir='ltr'><strong>a</strong></span> <span class='ocrx_word' id='word_1_186' title='bbox 1437 1696 1569 1744; x_wconf 89' lang='lat' dir='ltr'><strong>voto</strong></span> <span class='ocrx_word' id='word_1_187' title='bbox 1629 1688 2056 1755; x_wconf 78' lang='lat' dir='ltr'><strong>aberratlonem,</strong></span> <span class='ocrx_word' id='word_1_188' title='bbox 2107 1690 2198 1747; x_wconf 87' lang='lat' dir='ltr'><strong>ubi</strong></span> <span class='ocrx_word' id='word_1_189' title='bbox 2243 1695 2492 1750; x_wconf 86' lang='lat' dir='ltr'><strong>anterior</strong></span> <span class='ocrx_word' id='word_1_190' title='bbox 2529 1694 2793 1765; x_wconf 89' lang='lat' dir='ltr'><strong>temporis</strong></span> <span class='ocrx_word' id='word_1_191' title='bbox 2849 1709 2981 1750; x_wconf 85' lang='lat' dir='ltr'><strong>ansa</strong></span> <span class='ocrx_word' id='word_1_192' title='bbox 3010 1693 3119 1763; x_wconf 83' lang='lat' dir='ltr'><strong>jam</strong></span> <span class='ocrx_word' id='word_1_193' title='bbox 3177 1689 3342 1745; x_wconf 80' lang='lat' dir='ltr'><strong>fuerit</strong></span> <span class='ocrx_word' id='word_1_194' title='bbox 3403 1685 3614 1756; x_wconf 82' lang='lat' dir='ltr'><strong>elapsa,</strong></span> <span class='ocrx_word' id='word_1_195' title='bbox 3667 1677 3784 1735; x_wconf 69' lang='lat' dir='ltr'><strong>etld</strong></span> 
     </span>
    </p>
   </div>
   <div class='ocr_carea' id='block_1_30' title="bbox 547 1782 2032 1855">
    <p class='ocr_par' dir='ltr' id='par_1_30' title="bbox 547 1782 2032 1855">
     <span class='ocr_line' id='line_1_30' title="bbox 547 1782 2032 1855; baseline 0.001 -20"><span class='ocrx_word' id='word_1_196' title='bbox 547 1796 732 1846; x_wconf 89' lang='lat' dir='ltr'><strong>omne,</strong></span> <span class='ocrx_word' id='word_1_197' title='bbox 766 1783 834 1837; x_wconf 91' lang='lat' dir='ltr'><strong>de</strong></span> <span class='ocrx_word' id='word_1_198' title='bbox 868 1799 979 1852; x_wconf 93' lang='lat' dir='ltr'><strong>quo</strong></span> <span class='ocrx_word' id='word_1_199' title='bbox 1010 1782 1348 1847; x_wconf 78' lang='lat' dir='ltr'><strong>certabatur,</strong></span> <span class='ocrx_word' id='word_1_200' title='bbox 1377 1785 1600 1855; x_wconf 79' lang='lat' dir='ltr'><strong>penitus</strong></span> <span class='ocrx_word' id='word_1_201' title='bbox 1631 1783 2032 1841; x_wconf 60' lang='lat' dir='ltr'><strong>interdixerit.»</strong></span> 
     </span>
    </p>
   </div>
   <div class='ocr_carea' id='block_1_31' title="bbox 621 1869 2124 1951">
    <p class='ocr_par' dir='ltr' id='par_1_31' title="bbox 621 1878 2105 1951">
     <span class='ocr_line' id='line_1_31' title="bbox 621 1878 2105 1951; baseline 0.003 -19"><span class='ocrx_word' id='word_1_202' title='bbox 621 1879 711 1933; x_wconf 93' lang='lat' dir='ltr'><strong>lll.</strong></span> <span class='ocrx_word' id='word_1_203' title='bbox 741 1879 838 1937; x_wconf 84' lang='lat' dir='ltr'><strong>His</strong></span> <span class='ocrx_word' id='word_1_204' title='bbox 871 1878 1052 1944; x_wconf 87' lang='lat' dir='ltr'><strong>dictis,</strong></span> <span class='ocrx_word' id='word_1_205' title='bbox 1075 1895 1174 1950; x_wconf 91' lang='lat' dir='ltr'><strong>ego</strong></span> <span class='ocrx_word' id='word_1_206' title='bbox 1203 1879 1423 1950; x_wconf 82' lang='lat' dir='ltr'><strong>quidem</strong></span> <span class='ocrx_word' id='word_1_207' title='bbox 1456 1881 1716 1951; x_wconf 84' lang='lat' dir='ltr'><strong>loquendi</strong></span> <span class='ocrx_word' id='word_1_208' title='bbox 1781 1881 1942 1937; x_wconf 78' lang='lat' dir='ltr'><strong>ﬁnem</strong></span> <span class='ocrx_word' id='word_1_209' title='bbox 1976 1881 2105 1947; x_wconf 80' lang='lat' dir='ltr'><strong>feci,</strong></span> 
     </span>
    </p>
   </div>
   <div class='ocr_carea' id='block_1_32' title="bbox 2227 1869 3772 1951">
    <p class='ocr_par' dir='ltr' id='par_1_32' title="bbox 2282 1869 3772 1950">
     <span class='ocr_line' id='line_1_32' title="bbox 2282 1869 3772 1950; baseline -0.007 -17"><span class='ocrx_word' id='word_1_210' title='bbox 2282 1881 2320 1933; x_wconf 85' lang='grc' dir='ltr'><strong>Γ</strong></span> <span class='ocrx_word' id='word_1_211' title='bbox 2321 1887 2355 1936; x_wconf 94' lang='lat'><strong>&#39;.</strong></span> <span class='ocrx_word' id='word_1_212' title='bbox 2411 1878 2555 1949; x_wconf 85' lang='grc' dir='ltr'>Ἐγὼ</span> <span class='ocrx_word' id='word_1_213' title='bbox 2605 1879 2704 1950; x_wconf 79' lang='grc' dir='ltr'>μὲν</span> <span class='ocrx_word' id='word_1_214' title='bbox 2733 1879 2794 1950; x_wconf 77' lang='grc' dir='ltr'>δὴ</span> <span class='ocrx_word' id='word_1_215' title='bbox 2843 1877 2996 1931; x_wconf 82' lang='grc' dir='ltr'>ταῦτ’</span> <span class='ocrx_word' id='word_1_216' title='bbox 3034 1875 3204 1929; x_wconf 77' lang='grc' dir='ltr'>εἰπὼν</span> <span class='ocrx_word' id='word_1_217' title='bbox 3236 1871 3592 1941; x_wconf 72' lang='grc' dir='ltr'><strong>ἐπεπαύμην.</strong></span> <span class='ocrx_word' id='word_1_218' title='bbox 3628 1869 3710 1940; x_wconf 85' lang='grc' dir='ltr'><strong>Τῷ</strong></span> <span class='ocrx_word' id='word_1_219' title='bbox 3735 1871 3772 1923; x_wconf 84' lang='grc' dir='ltr'>δ’</span> 
     </span>
    </p>
   </div>
   <div class='ocr_carea' id='block_1_33' title="bbox 551 1971 2119 2044">
    <p class='ocr_par' dir='ltr' id='par_1_33' title="bbox 551 1971 2119 2044">
     <span class='ocr_line' id='line_1_33' title="bbox 551 1971 2119 2044; baseline 0.001 -18"><span class='ocrx_word' id='word_1_220' title='bbox 551 1985 676 2026; x_wconf 82' lang='lat' dir='ltr'><strong>eum</strong></span> <span class='ocrx_word' id='word_1_221' title='bbox 740 1986 873 2026; x_wconf 87' lang='lat' dir='ltr'><strong>vero</strong></span> <span class='ocrx_word' id='word_1_222' title='bbox 935 1971 1086 2041; x_wconf 89' lang='lat' dir='ltr'><strong>loqui</strong></span> <span class='ocrx_word' id='word_1_223' title='bbox 1152 1971 2119 2044; x_wconf 78' lang='lat' dir='ltr'><strong>Cabasilasinciperet,coujiciebam</strong></span> 
     </span>
    </p>
   </div>
   <div class='ocr_carea' id='block_1_34' title="bbox 551 2049 2121 2132">
    <p class='ocr_par' dir='ltr' id='par_1_34' title="bbox 551 2049 2121 2132">
     <span class='ocr_line' id='line_1_34' title="bbox 551 2049 2121 2132; baseline 0.002 -17"><span class='ocrx_word' id='word_1_224' title='bbox 551 2063 620 2118; x_wconf 83' lang='lat' dir='ltr'><strong>ab</strong></span> <span class='ocrx_word' id='word_1_225' title='bbox 650 2078 715 2116; x_wconf 94' lang='lat' dir='ltr'><strong>eo</strong></span> <span class='ocrx_word' id='word_1_226' title='bbox 749 2049 838 2117; x_wconf 74' lang='lat' dir='ltr'><strong>illa</strong></span> <span class='ocrx_word' id='word_1_227' title='bbox 871 2063 1075 2117; x_wconf 87' lang='lat' dir='ltr'><strong>dictum</strong></span> <span class='ocrx_word' id='word_1_228' title='bbox 1106 2062 1196 2125; x_wconf 90' lang='lat' dir='ltr'><strong>iri,</strong></span> <span class='ocrx_word' id='word_1_229' title='bbox 1254 2078 1376 2132; x_wconf 62' lang='lat' dir='ltr'><strong>quae</strong></span> <span class='ocrx_word' id='word_1_230' title='bbox 1424 2071 1584 2118; x_wconf 83' lang='lat' dir='ltr'><strong>vetus</strong></span> <span class='ocrx_word' id='word_1_231' title='bbox 1632 2063 1876 2118; x_wconf 80' lang='lat' dir='ltr'><strong>amicitia</strong></span> <span class='ocrx_word' id='word_1_232' title='bbox 1932 2073 2121 2118; x_wconf 85' lang='lat' dir='ltr'><strong>nostra</strong></span> 
     </span>
    </p>
   </div>
   <div class='ocr_carea' id='block_1_35' title="bbox 550 2138 2120 2228">
    <p class='ocr_par' dir='ltr' id='par_1_35' title="bbox 550 2138 2120 2228">
     <span class='ocr_line' id='line_1_35' title="bbox 550 2138 2120 2228; baseline 0.003 -21"><span class='ocrx_word' id='word_1_233' title='bbox 550 2153 904 2224; x_wconf 83' lang='lat' dir='ltr'><strong>postulabat:</strong></span> <span class='ocrx_word' id='word_1_234' title='bbox 937 2155 1032 2210; x_wconf 87' lang='lat' dir='ltr'><strong>sed</strong></span> <span class='ocrx_word' id='word_1_235' title='bbox 1090 2138 1287 2209; x_wconf 78' lang='lat' dir='ltr'><strong>borum</strong></span> <span class='ocrx_word' id='word_1_236' title='bbox 1341 2157 1548 2210; x_wconf 88' lang='lat' dir='ltr'><strong>nullum</strong></span> <span class='ocrx_word' id='word_1_237' title='bbox 1582 2157 1871 2227; x_wconf 77' lang='lat' dir='ltr'><strong>vestigium</strong></span> <span class='ocrx_word' id='word_1_238' title='bbox 1918 2158 1973 2211; x_wconf 89' lang='lat' dir='ltr'><strong>in</strong></span> <span class='ocrx_word' id='word_1_239' title='bbox 2003 2159 2120 2228; x_wconf 81' lang='lat' dir='ltr'><strong>ejus</strong></span> 
     </span>
    </p>
   </div>
   <div class='ocr_carea' id='block_1_36' title="bbox 551 2244 2118 2317">
    <p class='ocr_par' dir='ltr' id='par_1_36' title="bbox 551 2244 2118 2317">
     <span class='ocr_line' id='line_1_36' title="bbox 551 2244 2118 2317; baseline 0.003 -18"><span class='ocrx_word' id='word_1_240' title='bbox 551 2244 738 2300; x_wconf 77' lang='lat' dir='ltr'><strong>verbis</strong></span> <span class='ocrx_word' id='word_1_241' title='bbox 768 2246 1058 2314; x_wconf 87' lang='lat' dir='ltr'><strong>apparuit;</strong></span> <span class='ocrx_word' id='word_1_242' title='bbox 1113 2246 1222 2299; x_wconf 90' lang='lat' dir='ltr'><strong>imo</strong></span> <span class='ocrx_word' id='word_1_243' title='bbox 1257 2261 1481 2314; x_wconf 86' lang='lat' dir='ltr'><strong>prorsus</strong></span> <span class='ocrx_word' id='word_1_244' title='bbox 1535 2249 1808 2303; x_wconf 89' lang='lat' dir='ltr'><strong>contraria</strong></span> <span class='ocrx_word' id='word_1_245' title='bbox 1867 2249 2118 2317; x_wconf 83' lang='lat' dir='ltr'><strong>protulit.</strong></span> 
     </span>
    </p>
   </div>
   <div class='ocr_carea' id='block_1_37' title="bbox 552 2336 2122 2408">
    <p class='ocr_par' dir='ltr' id='par_1_37' title="bbox 552 2336 2122 2408">
     <span class='ocr_line' id='line_1_37' title="bbox 552 2336 2122 2408; baseline 0.003 -17"><span class='ocrx_word' id='word_1_246' title='bbox 552 2336 688 2391; x_wconf 87' lang='lat' dir='ltr'><strong>Nam</strong></span> <span class='ocrx_word' id='word_1_247' title='bbox 719 2352 1057 2406; x_wconf 54' lang='lat' dir='ltr'><strong>quacunque</strong></span> <span class='ocrx_word' id='word_1_248' title='bbox 1108 2337 1266 2403; x_wconf 78' lang='lat' dir='ltr'><strong>dixit,</strong></span> <span class='ocrx_word' id='word_1_249' title='bbox 1329 2339 1753 2408; x_wconf 82' lang='lat' dir='ltr'><strong>profundissime</strong></span> <span class='ocrx_word' id='word_1_250' title='bbox 1782 2340 2122 2396; x_wconf 84' lang='lat' dir='ltr'><strong>desidentem</strong></span> 
     </span>
    </p>
   </div>
   <div class='ocr_carea' id='block_1_38' title="bbox 450 2430 2126 2502">
    <p class='ocr_par' dir='ltr' id='par_1_38' title="bbox 450 2430 2126 2502">
     <span class='ocr_line' id='line_1_38' title="bbox 450 2430 2126 2502; baseline 0.002 -19"><span class='ocrx_word' id='word_1_251' title='bbox 450 2444 458 2462; x_wconf 75' lang='grc' dir='ltr'><strong>ν</strong></span> <span class='ocrx_word' id='word_1_252' title='bbox 555 2431 612 2484; x_wconf 74' lang='lat' dir='ltr'><strong>in</strong></span> <span class='ocrx_word' id='word_1_253' title='bbox 640 2430 757 2500; x_wconf 74' lang='lat' dir='ltr'><strong>ejus</strong></span> <span class='ocrx_word' id='word_1_254' title='bbox 781 2430 962 2485; x_wconf 89' lang='lat' dir='ltr'><strong>anima</strong></span> <span class='ocrx_word' id='word_1_255' title='bbox 991 2430 1411 2486; x_wconf 86' lang='lat' dir='ltr'><strong>subiudicabant</strong></span> <span class='ocrx_word' id='word_1_256' title='bbox 1439 2432 1789 2486; x_wconf 84' lang='lat' dir='ltr'><strong>acerbitatem</strong></span> <span class='ocrx_word' id='word_1_257' title='bbox 1815 2448 1830 2497; x_wconf 92' lang='lat'><strong>;</strong></span> <span class='ocrx_word' id='word_1_258' title='bbox 1859 2448 1968 2487; x_wconf 82' lang='lat' dir='ltr'><strong>non</strong></span> <span class='ocrx_word' id='word_1_259' title='bbox 1992 2447 2126 2502; x_wconf 82' lang='lat' dir='ltr'><strong>qua-</strong></span> 
     </span>
    </p>
   </div>
   <div class='ocr_carea' id='block_1_39' title="bbox 553 2519 2125 2592">
    <p class='ocr_par' dir='ltr' id='par_1_39' title="bbox 553 2519 2125 2592">
     <span class='ocr_line' id='line_1_39' title="bbox 553 2519 2125 2592; baseline 0.001 -16"><span class='ocrx_word' id='word_1_260' title='bbox 553 2519 664 2576; x_wconf 86' lang='lat' dir='ltr'><strong>lem</strong></span> <span class='ocrx_word' id='word_1_261' title='bbox 695 2531 992 2591; x_wconf 77' lang='lat' dir='ltr'><strong>aspergunt</strong></span> <span class='ocrx_word' id='word_1_262' title='bbox 1026 2537 1124 2577; x_wconf 85' lang='lat' dir='ltr'><strong>seu</strong></span> <span class='ocrx_word' id='word_1_263' title='bbox 1178 2539 1362 2577; x_wconf 80' lang='lat' dir='ltr'><strong>rerum</strong></span> <span class='ocrx_word' id='word_1_264' title='bbox 1397 2524 1762 2578; x_wconf 83' lang='lat' dir='ltr'><strong>humanarum</strong></span> <span class='ocrx_word' id='word_1_265' title='bbox 1800 2525 1948 2579; x_wconf 81' lang='lat' dir='ltr'><strong>vices</strong></span> <span class='ocrx_word' id='word_1_266' title='bbox 1977 2539 2125 2592; x_wconf 67' lang='lat' dir='ltr'><strong>quaa-</strong></span> 
     </span>
    </p>
   </div>
   <div class='ocr_carea' id='block_1_40' title="bbox 557 2610 2124 2683">
    <p class='ocr_par' dir='ltr' id='par_1_40' title="bbox 557 2610 2124 2683">
     <span class='ocr_line' id='line_1_40' title="bbox 557 2610 2124 2683; baseline 0.001 -17"><span class='ocrx_word' id='word_1_267' title='bbox 557 2611 687 2666; x_wconf 88' lang='lat' dir='ltr'><strong>dam</strong></span> <span class='ocrx_word' id='word_1_268' title='bbox 732 2610 946 2682; x_wconf 48' lang='lat'><strong>105$</strong></span> <span class='ocrx_word' id='word_1_269' title='bbox 979 2612 1325 2667; x_wconf 68' lang='lat' dir='ltr'><strong>extrinsecus</strong></span> <span class='ocrx_word' id='word_1_270' title='bbox 1366 2613 1685 2683; x_wconf 85' lang='lat' dir='ltr'><strong>ingruentes</strong></span> <span class='ocrx_word' id='word_1_271' title='bbox 1713 2632 1726 2677; x_wconf 88' lang='lat'><strong>;</strong></span> <span class='ocrx_word' id='word_1_272' title='bbox 1754 2629 1849 2668; x_wconf 87' lang='lat' dir='ltr'><strong>seu</strong></span> <span class='ocrx_word' id='word_1_273' title='bbox 1881 2615 2124 2669; x_wconf 69' lang='lat' dir='ltr'><strong>civilium</strong></span> 
     </span>
    </p>
   </div>
   <div class='ocr_carea' id='block_1_41' title="bbox 556 2702 2124 2774">
    <p class='ocr_par' dir='ltr' id='par_1_41' title="bbox 556 2702 2124 2774">
     <span class='ocr_line' id='line_1_41' title="bbox 556 2702 2124 2774; baseline 0.001 -16"><span class='ocrx_word' id='word_1_274' title='bbox 556 2703 904 2772; x_wconf 78' lang='lat' dir='ltr'><strong>negotiorum</strong></span> <span class='ocrx_word' id='word_1_275' title='bbox 937 2702 1117 2758; x_wconf 73' lang='lat' dir='ltr'><strong>exitus</strong></span> <span class='ocrx_word' id='word_1_276' title='bbox 1150 2703 1356 2765; x_wconf 85' lang='lat' dir='ltr'><strong>tristes.</strong></span> <span class='ocrx_word' id='word_1_277' title='bbox 1411 2704 1554 2758; x_wconf 86' lang='lat' dir='ltr'><strong>unde</strong></span> <span class='ocrx_word' id='word_1_278' title='bbox 1615 2705 1774 2759; x_wconf 89' lang='lat' dir='ltr'><strong>dolor</strong></span> <span class='ocrx_word' id='word_1_279' title='bbox 1829 2721 1927 2774; x_wconf 89' lang='lat' dir='ltr'><strong>per</strong></span> <span class='ocrx_word' id='word_1_280' title='bbox 1956 2715 2124 2761; x_wconf 88' lang='lat' dir='ltr'><strong>totam</strong></span> 
     </span>
    </p>
   </div>
   <div class='ocr_carea' id='block_1_42' title="bbox 557 2792 2126 2863">
    <p class='ocr_par' dir='ltr' id='par_1_42' title="bbox 557 2792 2126 2863">
     <span class='ocr_line' id='line_1_42' title="bbox 557 2792 2126 2863; baseline 0.001 -15"><span class='ocrx_word' id='word_1_281' title='bbox 557 2794 797 2848; x_wconf 89' lang='lat' dir='ltr'><strong>animam</strong></span> <span class='ocrx_word' id='word_1_282' title='bbox 827 2792 999 2863; x_wconf 86' lang='lat' dir='ltr'><strong>serpit</strong></span> <span class='ocrx_word' id='word_1_283' title='bbox 1033 2811 1046 2848; x_wconf 77' lang='grc' dir='ltr'>ε</span> <span class='ocrx_word' id='word_1_284' title='bbox 1079 2793 1173 2850; x_wconf 86' lang='lat' dir='ltr'><strong>sed</strong></span> <span class='ocrx_word' id='word_1_285' title='bbox 1202 2794 1418 2862; x_wconf 88' lang='lat' dir='ltr'><strong>qualem</strong></span> <span class='ocrx_word' id='word_1_286' title='bbox 1455 2794 1766 2863; x_wconf 88' lang='lat' dir='ltr'><strong>producunt</strong></span> <span class='ocrx_word' id='word_1_287' title='bbox 1795 2794 1991 2854; x_wconf 83' lang='lat' dir='ltr'><strong>animae</strong></span> <span class='ocrx_word' id='word_1_288' title='bbox 2026 2795 2126 2850; x_wconf 88' lang='lat' dir='ltr'><strong>de-</strong></span> 
     </span>
    </p>
   </div>
   <div class='ocr_carea' id='block_1_43' title="bbox 560 2885 2125 2960">
    <p class='ocr_par' dir='ltr' id='par_1_43' title="bbox 560 2885 2125 2960">
     <span class='ocr_line' id='line_1_43' title="bbox 560 2885 2125 2960; baseline 0.001 -20"><span class='ocrx_word' id='word_1_289' title='bbox 560 2900 812 2957; x_wconf 79' lang='lat' dir='ltr'><strong>generes,</strong></span> <span class='ocrx_word' id='word_1_290' title='bbox 840 2900 960 2956; x_wconf 68' lang='lat' dir='ltr'><strong>quae</strong></span> <span class='ocrx_word' id='word_1_291' title='bbox 987 2885 1242 2955; x_wconf 83' lang='lat' dir='ltr'><strong>antiquos</strong></span> <span class='ocrx_word' id='word_1_292' title='bbox 1269 2895 1324 2940; x_wconf 89' lang='lat' dir='ltr'><strong>et</strong></span> <span class='ocrx_word' id='word_1_293' title='bbox 1347 2885 1723 2942; x_wconf 83' lang='lat' dir='ltr'><strong>diuturniores</strong></span> <span class='ocrx_word' id='word_1_294' title='bbox 1766 2887 1988 2943; x_wconf 80' lang='lat' dir='ltr'><strong>morbos</strong></span> <span class='ocrx_word' id='word_1_295' title='bbox 2013 2889 2125 2960; x_wconf 80' lang='lat' dir='ltr'><strong>jam</strong></span> 
     </span>
    </p>
   </div>
   <div class='ocr_carea' id='block_1_44' title="bbox 562 2977 2123 3049">
    <p class='ocr_par' dir='ltr' id='par_1_44' title="bbox 562 2977 2123 3049">
     <span class='ocr_line' id='line_1_44' title="bbox 562 2977 2123 3049; baseline 0.002 -18"><span class='ocrx_word' id='word_1_296' title='bbox 562 2977 775 3047; x_wconf 84' lang='lat' dir='ltr'><strong>pridem</strong></span> <span class='ocrx_word' id='word_1_297' title='bbox 814 2978 956 3046; x_wconf 84' lang='lat' dir='ltr'><strong>apud</strong></span> <span class='ocrx_word' id='word_1_298' title='bbox 1015 2992 1075 3032; x_wconf 89' lang='lat' dir='ltr'><strong>se</strong></span> <span class='ocrx_word' id='word_1_299' title='bbox 1107 2977 1498 3033; x_wconf 85' lang='lat' dir='ltr'><strong>delitescentes</strong></span> <span class='ocrx_word' id='word_1_300' title='bbox 1547 2979 1790 3034; x_wconf 90' lang='lat' dir='ltr'><strong>retinent</strong></span> <span class='ocrx_word' id='word_1_301' title='bbox 1826 2996 1840 3033; x_wconf 75' lang='grc' dir='ltr'><strong>ε</strong></span> <span class='ocrx_word' id='word_1_302' title='bbox 1887 2995 2123 3049; x_wconf 87' lang='lat' dir='ltr'><strong>quorum</strong></span> 
     </span>
    </p>
   </div>
   <div class='ocr_carea' id='block_1_45' title="bbox 562 3069 2124 3142">
    <p class='ocr_par' dir='ltr' id='par_1_45' title="bbox 562 3069 2124 3142">
     <span class='ocr_line' id='line_1_45' title="bbox 562 3069 2124 3142; baseline 0.002 -19"><span class='ocrx_word' id='word_1_303' title='bbox 562 3078 722 3140; x_wconf 79' lang='lat' dir='ltr'><strong>pater</strong></span> <span class='ocrx_word' id='word_1_304' title='bbox 751 3080 916 3139; x_wconf 87' lang='lat' dir='ltr'><strong>atque</strong></span> <span class='ocrx_word' id='word_1_305' title='bbox 943 3069 1124 3138; x_wconf 74' lang='lat' dir='ltr'><strong>opifex</strong></span> <span class='ocrx_word' id='word_1_306' title='bbox 1155 3075 1239 3124; x_wconf 77' lang='lat' dir='ltr'><strong>est</strong></span> <span class='ocrx_word' id='word_1_307' title='bbox 1263 3070 1402 3124; x_wconf 86' lang='lat' dir='ltr'><strong>levis</strong></span> <span class='ocrx_word' id='word_1_308' title='bbox 1449 3079 1504 3123; x_wconf 92' lang='lat' dir='ltr'><strong>et</strong></span> <span class='ocrx_word' id='word_1_309' title='bbox 1536 3069 1979 3126; x_wconf 85' lang='lat' dir='ltr'><strong>inconsideratus</strong></span> <span class='ocrx_word' id='word_1_310' title='bbox 2005 3074 2124 3142; x_wconf 77' lang='lat' dir='ltr'><strong>glo-</strong></span> 
     </span>
    </p>
   </div>
   <div class='ocr_carea' id='block_1_46' title="bbox 562 3159 2126 3234">
    <p class='ocr_par' dir='ltr' id='par_1_46' title="bbox 562 3159 2126 3234">
     <span class='ocr_line' id='line_1_46' title="bbox 562 3159 2126 3234; baseline 0.003 -22"><span class='ocrx_word' id='word_1_311' title='bbox 562 3159 658 3214; x_wconf 76' lang='lat' dir='ltr'><strong>ria:</strong></span> <span class='ocrx_word' id='word_1_312' title='bbox 684 3175 858 3216; x_wconf 91' lang='lat' dir='ltr'><strong>amor.</strong></span> <span class='ocrx_word' id='word_1_313' title='bbox 893 3159 986 3214; x_wconf 86' lang='lat' dir='ltr'><strong>Illa</strong></span> <span class='ocrx_word' id='word_1_314' title='bbox 1013 3159 1158 3215; x_wconf 88' lang='lat' dir='ltr'><strong>enim</strong></span> <span class='ocrx_word' id='word_1_315' title='bbox 1183 3160 1370 3230; x_wconf 66' lang='lat' dir='ltr'><strong>gloria</strong></span> <span class='ocrx_word' id='word_1_316' title='bbox 1415 3161 1734 3230; x_wconf 86' lang='lat' dir='ltr'><strong>cupiditate,</strong></span> <span class='ocrx_word' id='word_1_317' title='bbox 1768 3165 1920 3232; x_wconf 87' lang='lat' dir='ltr'><strong>quasi</strong></span> <span class='ocrx_word' id='word_1_318' title='bbox 1986 3179 2126 3234; x_wconf 87' lang='lat' dir='ltr'><strong>quo-</strong></span> 
     </span>
    </p>
   </div>
   <div class='ocr_carea' id='block_1_47' title="bbox 2226 1962 3781 2044">
    <p class='ocr_par' dir='ltr' id='par_1_47' title="bbox 2226 1962 3781 2044">
     <span class='ocr_line' id='line_1_47' title="bbox 2226 1962 3781 2044; baseline -0.01 -16"><span class='ocrx_word' id='word_1_319' title='bbox 2226 1974 2388 2038; x_wconf 79' lang='grc' dir='ltr'>εὐθὺς</span> <span class='ocrx_word' id='word_1_320' title='bbox 2435 1973 2722 2044; x_wconf 81' lang='grc' dir='ltr'>ἀρχομένῳ</span> <span class='ocrx_word' id='word_1_321' title='bbox 2763 1971 2975 2039; x_wconf 87' lang='grc' dir='ltr'>λέγειν,</span> <span class='ocrx_word' id='word_1_322' title='bbox 3021 1962 3094 2022; x_wconf 79' lang='grc' dir='ltr'>ὧν</span> <span class='ocrx_word' id='word_1_323' title='bbox 3127 1968 3260 2036; x_wconf 75' lang='grc' dir='ltr'>ἡμῖν</span> <span class='ocrx_word' id='word_1_324' title='bbox 3311 1965 3559 2028; x_wconf 76' lang='grc' dir='ltr'>είκάζειν</span> <span class='ocrx_word' id='word_1_325' title='bbox 3597 1964 3781 2015; x_wconf 81' lang='grc' dir='ltr'>ἐκείνου</span> 
     </span>
    </p>
   </div>
   <div class='ocr_carea' id='block_1_48' title="bbox 2224 2057 3782 2139">
    <p class='ocr_par' dir='ltr' id='par_1_48' title="bbox 2224 2057 3782 2139">
     <span class='ocr_line' id='line_1_48' title="bbox 2224 2057 3782 2139; baseline -0.008 -19"><span class='ocrx_word' id='word_1_326' title='bbox 2224 2066 2384 2139; x_wconf 74' lang='grc' dir='ltr'>ἐπῄει</span> <span class='ocrx_word' id='word_1_327' title='bbox 2419 2065 2505 2119; x_wconf 68' lang='grc' dir='ltr'><strong>διὰ</strong></span> <span class='ocrx_word' id='word_1_328' title='bbox 2557 2065 2741 2135; x_wconf 81' lang='grc' dir='ltr'>φιλίαν</span> <span class='ocrx_word' id='word_1_329' title='bbox 2772 2064 3026 2134; x_wconf 78' lang='grc' dir='ltr'>ἀρχαίαν,</span> <span class='ocrx_word' id='word_1_330' title='bbox 3074 2059 3361 2130; x_wconf 85' lang='grc' dir='ltr'>γνώρισμα</span> <span class='ocrx_word' id='word_1_331' title='bbox 3391 2057 3505 2110; x_wconf 90' lang='grc' dir='ltr'><strong>τῶν</strong></span> <span class='ocrx_word' id='word_1_332' title='bbox 3552 2057 3782 2109; x_wconf 80' lang='grc' dir='ltr'>ἁπάντων</span> 
     </span>
    </p>
   </div>
   <div class='ocr_carea' id='block_1_49' title="bbox 2222 2147 3782 2228">
    <p class='ocr_par' dir='ltr' id='par_1_49' title="bbox 2222 2147 3782 2228">
     <span class='ocr_line' id='line_1_49' title="bbox 2222 2147 3782 2228; baseline -0.01 -16"><span class='ocrx_word' id='word_1_333' title='bbox 2222 2162 2338 2223; x_wconf 85' lang='grc' dir='ltr'>τοῖς</span> <span class='ocrx_word' id='word_1_334' title='bbox 2365 2157 2680 2228; x_wconf 78' lang='grc' dir='ltr'>λεγομένοις</span> <span class='ocrx_word' id='word_1_335' title='bbox 2718 2153 2966 2225; x_wconf 75' lang='grc' dir='ltr'>ὑπῆρχεν</span> <span class='ocrx_word' id='word_1_336' title='bbox 2991 2153 3163 2218; x_wconf 74' lang='grc' dir='ltr'>οὐδὲν,</span> <span class='ocrx_word' id='word_1_337' title='bbox 3198 2152 3224 2204; x_wconf 86' lang='grc' dir='ltr'>ὅ</span> <span class='ocrx_word' id='word_1_338' title='bbox 3250 2169 3302 2204; x_wconf 88' lang='grc' dir='ltr'><strong>τι</strong></span> <span class='ocrx_word' id='word_1_339' title='bbox 3338 2151 3412 2219; x_wconf 79' lang='grc' dir='ltr'><strong>μὴ</strong></span> <span class='ocrx_word' id='word_1_340' title='bbox 3444 2148 3557 2201; x_wconf 80' lang='grc' dir='ltr'><strong>πᾶν</strong></span> <span class='ocrx_word' id='word_1_341' title='bbox 3587 2147 3782 2199; x_wconf 69' lang='grc' dir='ltr'>τούνανε</span> 
     </span>
    </p>
   </div>
   <div class='ocr_carea' id='block_1_50' title="bbox 2223 2241 3781 2320">
    <p class='ocr_par' dir='ltr' id='par_1_50' title="bbox 2223 2241 3781 2320">
     <span class='ocr_line' id='line_1_50' title="bbox 2223 2241 3781 2320; baseline -0.009 -18"><span class='ocrx_word' id='word_1_342' title='bbox 2223 2251 2360 2304; x_wconf 85' lang='grc' dir='ltr'>τίον.</span> <span class='ocrx_word' id='word_1_343' title='bbox 2381 2249 2491 2302; x_wconf 79' lang='grc' dir='ltr'><strong>Καὶ</strong></span> <span class='ocrx_word' id='word_1_344' title='bbox 2515 2249 2621 2320; x_wconf 87' lang='grc' dir='ltr'><strong>γὰρ</strong></span> <span class='ocrx_word' id='word_1_345' title='bbox 2639 2248 2706 2301; x_wconf 79' lang='grc' dir='ltr'><strong>τὰ</strong></span> <span class='ocrx_word' id='word_1_346' title='bbox 2736 2247 3009 2316; x_wconf 85' lang='grc' dir='ltr'>λεγόμενα</span> <span class='ocrx_word' id='word_1_347' title='bbox 3039 2245 3264 2315; x_wconf 81' lang='grc' dir='ltr'>πικρίαν</span> <span class='ocrx_word' id='word_1_348' title='bbox 3290 2242 3592 2310; x_wconf 70' lang='grc' dir='ltr'>ὑπέφαινεν</span> <span class='ocrx_word' id='word_1_349' title='bbox 3627 2241 3781 2290; x_wconf 73' lang='grc' dir='ltr'>οἰκου-</span> 
     </span>
    </p>
   </div>
   <div class='ocr_carea' id='block_1_51' title="bbox 2231 2333 3778 2412">
    <p class='ocr_par' dir='ltr' id='par_1_51' title="bbox 2231 2333 3778 2412">
     <span class='ocr_line' id='line_1_51' title="bbox 2231 2333 3778 2412; baseline -0.011 -16"><span class='ocrx_word' id='word_1_350' title='bbox 2231 2341 2433 2410; x_wconf 83' lang='grc' dir='ltr'>ροῦσαν</span> <span class='ocrx_word' id='word_1_351' title='bbox 2469 2343 2526 2394; x_wconf 75' lang='grc' dir='ltr'>ὲν</span> <span class='ocrx_word' id='word_1_352' title='bbox 2561 2345 2625 2412; x_wconf 86' lang='grc' dir='ltr'>τῇ</span> <span class='ocrx_word' id='word_1_353' title='bbox 2662 2341 2831 2411; x_wconf 70' lang='grc' dir='ltr'>ψυχῇ,</span> <span class='ocrx_word' id='word_1_354' title='bbox 2869 2341 2964 2393; x_wconf 67' lang='grc' dir='ltr'><strong>καὶ</strong></span> <span class='ocrx_word' id='word_1_355' title='bbox 2999 2340 3142 2410; x_wconf 83' lang='grc' dir='ltr'>μάλα</span> <span class='ocrx_word' id='word_1_356' title='bbox 3181 2355 3263 2390; x_wconf 91' lang='grc' dir='ltr'><strong>τοι</strong></span> <span class='ocrx_word' id='word_1_357' title='bbox 3296 2337 3505 2406; x_wconf 61' lang='grc' dir='ltr'>σφόδρα</span> <span class='ocrx_word' id='word_1_358' title='bbox 3543 2333 3778 2404; x_wconf 78' lang='grc' dir='ltr'>βαθεῖανο</span> 
     </span>
    </p>
   </div>
   <div class='ocr_carea' id='block_1_52' title="bbox 2226 2423 3779 2502">
    <p class='ocr_par' dir='ltr' id='par_1_52' title="bbox 2226 2423 3779 2502">
     <span class='ocr_line' id='line_1_52' title="bbox 2226 2423 3779 2502; baseline -0.008 -17"><span class='ocrx_word' id='word_1_359' title='bbox 2226 2435 2324 2502; x_wconf 84' lang='grc' dir='ltr'><strong>οὐχ</strong></span> <span class='ocrx_word' id='word_1_360' title='bbox 2346 2433 2464 2486; x_wconf 78' lang='grc' dir='ltr'>οἵαν</span> <span class='ocrx_word' id='word_1_361' title='bbox 2493 2432 2879 2502; x_wconf 78' lang='grc' dir='ltr'>ἐπισπείρουσι</span> <span class='ocrx_word' id='word_1_362' title='bbox 2906 2430 3035 2501; x_wconf 78' lang='grc' dir='ltr'>βίων</span> <span class='ocrx_word' id='word_1_363' title='bbox 3065 2430 3226 2482; x_wconf 84' lang='grc' dir='ltr'>τινῶν</span> <span class='ocrx_word' id='word_1_364' title='bbox 3264 2426 3639 2498; x_wconf 72' lang='grc' dir='ltr'>περιστάσεις,</span> <span class='ocrx_word' id='word_1_365' title='bbox 3666 2423 3779 2485; x_wconf 80' lang='grc' dir='ltr'><strong>ἔξω·</strong></span> 
     </span>
    </p>
   </div>
   <div class='ocr_carea' id='block_1_53' title="bbox 2228 2518 3778 2593">
    <p class='ocr_par' dir='ltr' id='par_1_53' title="bbox 2228 2518 3778 2593">
     <span class='ocr_line' id='line_1_53' title="bbox 2228 2518 3778 2593; baseline -0.008 -15"><span class='ocrx_word' id='word_1_366' title='bbox 2228 2527 2321 2578; x_wconf 90' lang='grc' dir='ltr'><strong>θεν</strong></span> <span class='ocrx_word' id='word_1_367' title='bbox 2363 2525 2771 2593; x_wconf 71' lang='grc' dir='ltr'>ὲπεισρέουσαι,</span> <span class='ocrx_word' id='word_1_368' title='bbox 2804 2523 2898 2574; x_wconf 75' lang='grc' dir='ltr'><strong>καὶ</strong></span> <span class='ocrx_word' id='word_1_369' title='bbox 2931 2520 3138 2574; x_wconf 82' lang='grc' dir='ltr'>πόλεων</span> <span class='ocrx_word' id='word_1_370' title='bbox 3171 2518 3564 2590; x_wconf 65' lang='grc' dir='ltr'>πραγματικαὶ</span> <span class='ocrx_word' id='word_1_371' title='bbox 3595 2531 3778 2584; x_wconf 56' lang='grc' dir='ltr'>συμφο-</span> 
     </span>
    </p>
   </div>
   <div class='ocr_carea' id='block_1_54' title="bbox 2234 2607 3780 2688">
    <p class='ocr_par' dir='ltr' id='par_1_54' title="bbox 2234 2607 3780 2688">
     <span class='ocr_line' id='line_1_54' title="bbox 2234 2607 3780 2688; baseline -0.009 -18"><span class='ocrx_word' id='word_1_372' title='bbox 2234 2619 2344 2688; x_wconf 70' lang='grc' dir='ltr'>ραὶ,</span> <span class='ocrx_word' id='word_1_373' title='bbox 2379 2616 2437 2669; x_wconf 73' lang='grc' dir='ltr'>τὸ</span> <span class='ocrx_word' id='word_1_374' title='bbox 2464 2615 2647 2668; x_wconf 80' lang='grc' dir='ltr'>πεδίον</span> <span class='ocrx_word' id='word_1_375' title='bbox 2677 2614 2976 2683; x_wconf 84' lang='grc' dir='ltr'>νεμόμεναι</span> <span class='ocrx_word' id='word_1_376' title='bbox 3011 2613 3104 2681; x_wconf 84' lang='grc' dir='ltr'><strong>τῆς</strong></span> <span class='ocrx_word' id='word_1_377' title='bbox 3135 2611 3312 2681; x_wconf 77' lang='grc' dir='ltr'>ψυχῆς</span> <span class='ocrx_word' id='word_1_378' title='bbox 3334 2627 3346 2639; x_wconf 72' lang='grc'><strong><em>⁸</em></strong></span> <span class='ocrx_word' id='word_1_379' title='bbox 3387 2609 3505 2662; x_wconf 81' lang='grc' dir='ltr'>ἀλλ’</span> <span class='ocrx_word' id='word_1_380' title='bbox 3536 2608 3654 2660; x_wconf 80' lang='grc' dir='ltr'>οἵαν</span> <span class='ocrx_word' id='word_1_381' title='bbox 3681 2607 3780 2657; x_wconf 80' lang='grc' dir='ltr'>ἀδο-</span> 
     </span>
    </p>
   </div>
   <div class='ocr_carea' id='block_1_55' title="bbox 2232 2695 3775 2772">
    <p class='ocr_par' dir='ltr' id='par_1_55' title="bbox 2232 2695 3775 2772">
     <span class='ocr_line' id='line_1_55' title="bbox 2232 2695 3775 2772; baseline -0.009 -15"><span class='ocrx_word' id='word_1_382' title='bbox 2232 2705 2447 2770; x_wconf 62' lang='grc' dir='ltr'>ξοῦντες</span> <span class='ocrx_word' id='word_1_383' title='bbox 2493 2701 2852 2772; x_wconf 74' lang='grc' dir='ltr'>βλαστάνουσι</span> <span class='ocrx_word' id='word_1_384' title='bbox 2903 2699 3186 2768; x_wconf 75' lang='grc' dir='ltr'>λογισμοὶ,</span> <span class='ocrx_word' id='word_1_385' title='bbox 3236 2699 3304 2750; x_wconf 80' lang='grc' dir='ltr'><strong>τά</strong></span> <span class='ocrx_word' id='word_1_386' title='bbox 3351 2695 3692 2763; x_wconf 72' lang='grc' dir='ltr'>πρεσὸύτερά</span> <span class='ocrx_word' id='word_1_387' title='bbox 3727 2708 3775 2744; x_wconf 86' lang='grc' dir='ltr'><strong>τε</strong></span> 
     </span>
    </p>
   </div>
   <div class='ocr_carea' id='block_1_56' title="bbox 2230 2785 3776 2866">
    <p class='ocr_par' dir='ltr' id='par_1_56' title="bbox 2230 2785 3776 2866">
     <span class='ocr_line' id='line_1_56' title="bbox 2230 2785 3776 2866; baseline -0.012 -14"><span class='ocrx_word' id='word_1_388' title='bbox 2230 2799 2325 2853; x_wconf 72' lang='grc' dir='ltr'>καὶ</span> <span class='ocrx_word' id='word_1_389' title='bbox 2371 2793 2850 2866; x_wconf 82' lang='grc' dir='ltr'>πολυχρονιώτερα</span> <span class='ocrx_word' id='word_1_390' title='bbox 2898 2785 3006 2845; x_wconf 73' lang='grc' dir='ltr'><strong>τῶν</strong></span> <span class='ocrx_word' id='word_1_391' title='bbox 3043 2790 3367 2860; x_wconf 80' lang='grc' dir='ltr'>νοσημάτων</span> <span class='ocrx_word' id='word_1_392' title='bbox 3410 2786 3776 2857; x_wconf 71' lang='grc' dir='ltr'>ἒμερωλεύοντι</span> 
     </span>
    </p>
   </div>
   <div class='ocr_carea' id='block_1_57' title="bbox 2231 2877 3777 2964">
    <p class='ocr_par' dir='ltr' id='par_1_57' title="bbox 2231 2877 3777 2964">
     <span class='ocr_line' id='line_1_57' title="bbox 2231 2877 3777 2964; baseline -0.014 -14"><span class='ocrx_word' id='word_1_393' title='bbox 2231 2896 2400 2950; x_wconf 86' lang='grc' dir='ltr'>πάλαι</span> <span class='ocrx_word' id='word_1_394' title='bbox 2432 2890 2884 2964; x_wconf 80' lang='grc' dir='ltr'>προκατέχοντες,</span> <span class='ocrx_word' id='word_1_395' title='bbox 2918 2881 2993 2942; x_wconf 83' lang='grc' dir='ltr'><strong>ῶν</strong></span> <span class='ocrx_word' id='word_1_396' title='bbox 3028 2888 3210 2958; x_wconf 77' lang='grc' dir='ltr'>πατὴρ</span> <span class='ocrx_word' id='word_1_397' title='bbox 3242 2887 3341 2939; x_wconf 68' lang='grc' dir='ltr'>καὶ</span> <span class='ocrx_word' id='word_1_398' title='bbox 3374 2883 3698 2954; x_wconf 62' lang='grc' dir='ltr'>δημιουρ-ξος</span> <span class='ocrx_word' id='word_1_399' title='bbox 3727 2877 3777 2930; x_wconf 72' lang='grc' dir='ltr'>τὸ</span> 
     </span>
    </p>
   </div>
   <div class='ocr_carea' id='block_1_58' title="bbox 2229 2973 3776 3057">
    <p class='ocr_par' dir='ltr' id='par_1_58' title="bbox 2229 2973 3776 3057">
     <span class='ocr_line' id='line_1_58' title="bbox 2229 2973 3776 3057; baseline -0.012 -15"><span class='ocrx_word' id='word_1_400' title='bbox 2229 2991 2328 3057; x_wconf 82' lang='grc' dir='ltr'>τῆς</span> <span class='ocrx_word' id='word_1_401' title='bbox 2345 2985 2656 3056; x_wconf 78' lang='grc' dir='ltr'>φιλοτιμίας</span> <span class='ocrx_word' id='word_1_402' title='bbox 2673 2980 3042 3052; x_wconf 81' lang='grc' dir='ltr'>ἀστάθμητον.</span> <span class='ocrx_word' id='word_1_403' title='bbox 3067 2976 3220 3033; x_wconf 71' lang='grc' dir='ltr'>Εἶναι</span> <span class='ocrx_word' id='word_1_404' title='bbox 3241 2979 3348 3047; x_wconf 75' lang='grc' dir='ltr'>γὰρ</span> <span class='ocrx_word' id='word_1_405' title='bbox 3367 2976 3468 3045; x_wconf 77' lang='grc' dir='ltr'>τὴν</span> <span class='ocrx_word' id='word_1_406' title='bbox 3491 2973 3776 3044; x_wconf 72' lang='grc' dir='ltr'>φιλοτιμίαν</span> 
     </span>
    </p>
   </div>
   <div class='ocr_carea' id='block_1_59' title="bbox 2236 3067 3776 3152">
    <p class='ocr_par' dir='ltr' id='par_1_59' title="bbox 2236 3067 3776 3152">
     <span class='ocr_line' id='line_1_59' title="bbox 2236 3067 3776 3152; baseline -0.014 -17"><span class='ocrx_word' id='word_1_407' title='bbox 2236 3082 2376 3152; x_wconf 82' lang='grc' dir='ltr'>μέγα</span> <span class='ocrx_word' id='word_1_408' title='bbox 2396 3096 2448 3132; x_wconf 86' lang='grc' dir='ltr'><strong>τι</strong></span> <span class='ocrx_word' id='word_1_409' title='bbox 2467 3077 2641 3148; x_wconf 77' lang='grc' dir='ltr'>ψυχῆς</span> <span class='ocrx_word' id='word_1_410' title='bbox 2659 3075 2986 3148; x_wconf 81' lang='grc' dir='ltr'>ὲμπύρευμα</span> <span class='ocrx_word' id='word_1_411' title='bbox 3000 3075 3133 3144; x_wconf 71' lang='grc' dir='ltr'>πρὸς</span> <span class='ocrx_word' id='word_1_412' title='bbox 3148 3073 3217 3124; x_wconf 74' lang='grc' dir='ltr'>τὰ</span> <span class='ocrx_word' id='word_1_413' title='bbox 3235 3069 3373 3122; x_wconf 79' lang='grc' dir='ltr'>καλά</span> <span class='ocrx_word' id='word_1_414' title='bbox 3394 3070 3514 3140; x_wconf 80' lang='grc' dir='ltr'>μὲν,</span> <span class='ocrx_word' id='word_1_415' title='bbox 3530 3071 3650 3121; x_wconf 73' lang='grc' dir='ltr'>ὅταν</span> <span class='ocrx_word' id='word_1_416' title='bbox 3665 3067 3776 3117; x_wconf 70' lang='grc' dir='ltr'>ἀκα-</span> 
     </span>
    </p>
   </div>
   <div class='ocr_carea' id='block_1_60' title="bbox 2235 3152 3772 3241">
    <p class='ocr_par' dir='ltr' id='par_1_60' title="bbox 2235 3152 3772 3241">
     <span class='ocr_line' id='line_1_60' title="bbox 2235 3152 3772 3241; baseline -0.014 -19"><span class='ocrx_word' id='word_1_417' title='bbox 2235 3172 2498 3241; x_wconf 78' lang='grc' dir='ltr'>πήλευτον</span> <span class='ocrx_word' id='word_1_418' title='bbox 2523 3167 2717 3237; x_wconf 82' lang='grc' dir='ltr'>κομιδῇ</span> <span class='ocrx_word' id='word_1_419' title='bbox 2740 3168 2836 3236; x_wconf 86' lang='grc' dir='ltr'>τῆς</span> <span class='ocrx_word' id='word_1_420' title='bbox 2863 3164 3098 3233; x_wconf 83' lang='grc' dir='ltr'>κρίσεως</span> <span class='ocrx_word' id='word_1_421' title='bbox 3132 3159 3300 3229; x_wconf 74' lang='grc' dir='ltr'>ἐξάγῃ</span> <span class='ocrx_word' id='word_1_422' title='bbox 3337 3158 3428 3209; x_wconf 79' lang='grc' dir='ltr'><strong>τὸν</strong></span> <span class='ocrx_word' id='word_1_423' title='bbox 3456 3156 3614 3208; x_wconf 80' lang='grc' dir='ltr'>τόκον</span> <span class='ocrx_word' id='word_1_424' title='bbox 3637 3168 3648 3182; x_wconf 87' lang='grc'><em>’</em></span> <span class='ocrx_word' id='word_1_425' title='bbox 3667 3152 3772 3204; x_wconf 77' lang='grc' dir='ltr'>ὅταν</span> 
     </span>
    </p>
   </div>
   <div class='ocr_carea' id='block_1_61' title="bbox 562 3233 2124 3325">
    <p class='ocr_par' dir='ltr' id='par_1_61' title="bbox 562 3233 2124 3321">
     <span class='ocr_line' id='line_1_61' title="bbox 562 3233 2124 3321; baseline 0.002 -15"><span class='ocrx_word' id='word_1_426' title='bbox 562 3249 687 3306; x_wconf 87' lang='lat' dir='ltr'><strong>dam</strong></span> <span class='ocrx_word' id='word_1_427' title='bbox 715 3250 855 3318; x_wconf 81' lang='lat' dir='ltr'><strong>ignis</strong></span> <span class='ocrx_word' id='word_1_428' title='bbox 879 3251 1042 3321; x_wconf 90' lang='lat' dir='ltr'><strong>sopiti</strong></span> <span class='ocrx_word' id='word_1_429' title='bbox 1073 3249 1436 3319; x_wconf 62' lang='lat' dir='ltr'><strong>suscitabulo,</strong></span> <span class='ocrx_word' id='word_1_430' title='bbox 1455 3252 1521 3306; x_wconf 89' lang='lat' dir='ltr'><strong>ad</strong></span> <span class='ocrx_word' id='word_1_431' title='bbox 1551 3267 1640 3307; x_wconf 83' lang='lat' dir='ltr'><strong>res</strong></span> <span class='ocrx_word' id='word_1_432' title='bbox 1669 3233 2124 3310; x_wconf 73' lang='lat' dir='ltr'><strong>houestasnnima</strong></span> 
     </span>
    </p>
   </div>
   <div class='ocr_carea' id='block_1_62' title="bbox 2227 3233 3772 3325">
    <p class='ocr_par' dir='ltr' id='par_1_62' title="bbox 2227 3243 3772 3325">
     <span class='ocr_line' id='line_1_62' title="bbox 2227 3243 3772 3325; baseline -0.015 -9"><span class='ocrx_word' id='word_1_433' title='bbox 2227 3265 2282 3317; x_wconf 71' lang='grc' dir='ltr'>δὲ</span> <span class='ocrx_word' id='word_1_434' title='bbox 2309 3260 2614 3325; x_wconf 80' lang='grc' dir='ltr'>κενοδοξίαν</span> <span class='ocrx_word' id='word_1_435' title='bbox 2646 3251 3418 3320; x_wconf 40' lang='grc' dir='ltr'>κατασπῶτινιὲφεδρεύουσαι</span> <span class='ocrx_word' id='word_1_436' title='bbox 3447 3247 3635 3316; x_wconf 78' lang='grc' dir='ltr'>κῆρες.</span> <span class='ocrx_word' id='word_1_437' title='bbox 3654 3243 3772 3310; x_wconf 60' lang='grc' dir='ltr'>ψυχῇ</span> 
     </span>
    </p>
   </div>
   <div class='ocr_carea' id='block_1_63' title="bbox 562 3337 2124 3425">
    <p class='ocr_par' dir='ltr' id='par_1_63' title="bbox 562 3341 2124 3414">
     <span class='ocr_line' id='line_1_63' title="bbox 562 3341 2124 3414; baseline 0.004 -20"><span class='ocrx_word' id='word_1_438' title='bbox 562 3341 924 3399; x_wconf 82' lang='lat' dir='ltr'><strong>vehementer</strong></span> <span class='ocrx_word' id='word_1_439' title='bbox 954 3341 1300 3407; x_wconf 86' lang='lat' dir='ltr'><strong>accenditur,</strong></span> <span class='ocrx_word' id='word_1_440' title='bbox 1344 3343 1566 3412; x_wconf 87' lang='lat' dir='ltr'><strong>quando</strong></span> <span class='ocrx_word' id='word_1_441' title='bbox 1619 3360 1814 3414; x_wconf 88' lang='lat' dir='ltr'><strong>purum</strong></span> <span class='ocrx_word' id='word_1_442' title='bbox 1852 3358 1915 3400; x_wconf 79' lang='lat' dir='ltr'><strong>ac</strong></span> <span class='ocrx_word' id='word_1_443' title='bbox 1972 3347 2124 3401; x_wconf 73' lang='lat' dir='ltr'><strong>valde</strong></span> 
     </span>
    </p>
   </div>
   <div class='ocr_carea' id='block_1_64' title="bbox 2227 3337 3776 3425">
    <p class='ocr_par' dir='ltr' id='par_1_64' title="bbox 2232 3337 3776 3425">
     <span class='ocr_line' id='line_1_64' title="bbox 2232 3337 3776 3425; baseline -0.015 -17"><span class='ocrx_word' id='word_1_444' title='bbox 2232 3356 2493 3425; x_wconf 76' lang='grc' dir='ltr'>λεληθότα</span> <span class='ocrx_word' id='word_1_445' title='bbox 2506 3349 2954 3424; x_wconf 66' lang='grc' dir='ltr'>νοσήματα,ξτότε</span> <span class='ocrx_word' id='word_1_446' title='bbox 2983 3345 3190 3416; x_wconf 78' lang='grc' dir='ltr'>μακρός</span> <span class='ocrx_word' id='word_1_447' title='bbox 3206 3360 3291 3405; x_wconf 80' lang='grc' dir='ltr'><strong>τις</strong></span> <span class='ocrx_word' id='word_1_448' title='bbox 3311 3341 3522 3410; x_wconf 75' lang='grc' dir='ltr'>γίνεται</span> <span class='ocrx_word' id='word_1_449' title='bbox 3547 3337 3776 3404; x_wconf 80' lang='grc' dir='ltr'>παρόντος</span> 
     </span>
    </p>
   </div>
   <div class='ocr_carea' id='block_1_65' title="bbox 563 3426 2124 3513">
    <p class='ocr_par' dir='ltr' id='par_1_65' title="bbox 563 3433 2124 3504">
     <span class='ocr_line' id='line_1_65' title="bbox 563 3433 2124 3504; baseline 0 -13"><span class='ocrx_word' id='word_1_450' title='bbox 563 3435 843 3492; x_wconf 80' lang='lat' dir='ltr'><strong>sincerum</strong></span> <span class='ocrx_word' id='word_1_451' title='bbox 871 3433 1064 3504; x_wconf 87' lang='lat' dir='ltr'><strong>judicii</strong></span> <span class='ocrx_word' id='word_1_452' title='bbox 1098 3433 1340 3489; x_wconf 80' lang='lat' dir='ltr'><strong>fructum</strong></span> <span class='ocrx_word' id='word_1_453' title='bbox 1371 3434 1578 3504; x_wconf 79' lang='lat' dir='ltr'><strong>profert</strong></span> <span class='ocrx_word' id='word_1_454' title='bbox 1606 3453 1622 3491; x_wconf 77' lang='grc' dir='ltr'><strong>ι</strong></span> <span class='ocrx_word' id='word_1_455' title='bbox 1649 3435 1743 3491; x_wconf 87' lang='lat' dir='ltr'><strong>sed</strong></span> <span class='ocrx_word' id='word_1_456' title='bbox 1773 3452 1899 3491; x_wconf 89' lang='lat' dir='ltr'><strong>cum</strong></span> <span class='ocrx_word' id='word_1_457' title='bbox 1934 3452 2124 3491; x_wconf 80' lang='lat' dir='ltr'><strong>vanam</strong></span> 
     </span>
    </p>
   </div>
   <div class='ocr_carea' id='block_1_66' title="bbox 2227 3426 3772 3513">
    <p class='ocr_par' dir='ltr' id='par_1_66' title="bbox 2231 3426 3772 3513">
     <span class='ocr_line' id='line_1_66' title="bbox 2231 3426 3772 3513; baseline -0.016 -12"><span class='ocrx_word' id='word_1_458' title='bbox 2231 3447 2325 3501; x_wconf 83' lang='grc' dir='ltr'>τοῦ</span> <span class='ocrx_word' id='word_1_459' title='bbox 2346 3445 2505 3513; x_wconf 83' lang='grc' dir='ltr'>λόγου</span> <span class='ocrx_word' id='word_1_460' title='bbox 2522 3443 2678 3512; x_wconf 86' lang='grc' dir='ltr'>λόγος</span> <span class='ocrx_word' id='word_1_461' title='bbox 2696 3440 2831 3512; x_wconf 83' lang='grc'>(50),</span> <span class='ocrx_word' id='word_1_462' title='bbox 2864 3438 2918 3490; x_wconf 80' lang='grc' dir='ltr'><strong>εί</strong></span> <span class='ocrx_word' id='word_1_463' title='bbox 2943 3455 3024 3500; x_wconf 89' lang='grc' dir='ltr'><strong>τις</strong></span> <span class='ocrx_word' id='word_1_464' title='bbox 3044 3435 3238 3499; x_wconf 76' lang='grc' dir='ltr'>ἔξωθεν</span> <span class='ocrx_word' id='word_1_465' title='bbox 3260 3430 3482 3492; x_wconf 81' lang='grc' dir='ltr'>ἀπαθῶς</span> <span class='ocrx_word' id='word_1_466' title='bbox 3525 3426 3745 3513; x_wconf 51' lang='grc' dir='ltr'>συνορῴη</span> <span class='ocrx_word' id='word_1_467' title='bbox 3759 3439 3772 3455; x_wconf 77' lang='grc' dir='ltr'><strong><em>ο</em></strong></span> 
     </span>
    </p>
   </div>
   <div class='ocr_carea' id='block_1_67' title="bbox 2234 3511 3773 3605">
    <p class='ocr_par' dir='ltr' id='par_1_67' title="bbox 2234 3511 3773 3605">
     <span class='ocr_line' id='line_1_67' title="bbox 2234 3511 3773 3605; baseline -0.018 -14"><span class='ocrx_word' id='word_1_468' title='bbox 2234 3537 2330 3591; x_wconf 80' lang='grc' dir='ltr'>καὶ</span> <span class='ocrx_word' id='word_1_469' title='bbox 2357 3537 2385 3588; x_wconf 88' lang='grc' dir='ltr'><strong>ό</strong></span> <span class='ocrx_word' id='word_1_470' title='bbox 2407 3511 2536 3605; x_wconf 71' lang='grc' dir='ltr'>πρὶν</span> <span class='ocrx_word' id='word_1_471' title='bbox 2568 3511 2979 3600; x_wconf 77' lang='grc' dir='ltr'>θαυμαζόμενος</span> <span class='ocrx_word' id='word_1_472' title='bbox 3007 3528 3099 3580; x_wconf 71' lang='grc' dir='ltr'>ἐπὶ</span> <span class='ocrx_word' id='word_1_473' title='bbox 3118 3524 3194 3587; x_wconf 79' lang='grc' dir='ltr'>τῷ</span> <span class='ocrx_word' id='word_1_474' title='bbox 3226 3522 3301 3592; x_wconf 85' lang='grc' dir='ltr'><strong>μὴ</strong></span> <span class='ocrx_word' id='word_1_475' title='bbox 3325 3518 3622 3588; x_wconf 79' lang='grc' dir='ltr'>θαυμάζειν</span> <span class='ocrx_word' id='word_1_476' title='bbox 3641 3511 3773 3564; x_wconf 81' lang='grc' dir='ltr'>πλοῦ-</span> 
     </span>
    </p>
   </div>
   <div class='ocr_carea' id='block_1_68' title="bbox 2235 3609 3772 3695">
    <p class='ocr_par' dir='ltr' id='par_1_68' title="bbox 2235 3609 3772 3695">
     <span class='ocr_line' id='line_1_68' title="bbox 2235 3609 3772 3695; baseline -0.018 -12"><span class='ocrx_word' id='word_1_477' title='bbox 2235 3647 2326 3683; x_wconf 85' lang='grc' dir='ltr'><strong>τον</strong></span> <span class='ocrx_word' id='word_1_478' title='bbox 2373 3629 2470 3681; x_wconf 73' lang='grc' dir='ltr'>καὶ</span> <span class='ocrx_word' id='word_1_479' title='bbox 2518 3624 2727 3695; x_wconf 75' lang='grc' dir='ltr'>τρυφὴν</span> <span class='ocrx_word' id='word_1_480' title='bbox 2781 3623 2876 3676; x_wconf 78' lang='grc' dir='ltr'>καὶ</span> <span class='ocrx_word' id='word_1_481' title='bbox 2929 3619 3101 3690; x_wconf 81' lang='grc' dir='ltr'>τύχης</span> <span class='ocrx_word' id='word_1_482' title='bbox 3157 3615 3434 3684; x_wconf 75' lang='grc' dir='ltr'>εὐγένειαν</span> <span class='ocrx_word' id='word_1_483' title='bbox 3496 3609 3772 3680; x_wconf 69' lang='grc' dir='ltr'>τραυλίζεται</span> 
     </span>
    </p>
   </div>
   <div class='ocr_carea' id='block_1_69' title="bbox 2239 3699 3772 3792">
    <p class='ocr_par' dir='ltr' id='par_1_69' title="bbox 2239 3699 3772 3792">
     <span class='ocr_line' id='line_1_69' title="bbox 2239 3699 3772 3792; baseline -0.018 -15"><span class='ocrx_word' id='word_1_484' title='bbox 2239 3720 2437 3792; x_wconf 71' lang='grc' dir='ltr'>μᾶλλον</span> <span class='ocrx_word' id='word_1_485' title='bbox 2489 3717 2582 3771; x_wconf 75' lang='grc' dir='ltr'><strong>ἐπὶ</strong></span> <span class='ocrx_word' id='word_1_486' title='bbox 2639 3715 2715 3787; x_wconf 82' lang='grc' dir='ltr'>τῷ</span> <span class='ocrx_word' id='word_1_487' title='bbox 2752 3713 2825 3784; x_wconf 76' lang='grc' dir='ltr'>μὴ</span> <span class='ocrx_word' id='word_1_488' title='bbox 2873 3711 3147 3784; x_wconf 68' lang='grc' dir='ltr'>φαυλίζειν</span> <span class='ocrx_word' id='word_1_489' title='bbox 3195 3704 3519 3772; x_wconf 80' lang='grc' dir='ltr'>κενοδοξίαν,</span> <span class='ocrx_word' id='word_1_490' title='bbox 3567 3699 3772 3775; x_wconf 45' lang='lat' dir='ltr'><strong>pedi-:56</strong></span> 
     </span>
    </p>
   </div>
   <div class='ocr_carea' id='block_1_70' title="bbox 2235 3795 3772 3881">
    <p class='ocr_par' dir='ltr' id='par_1_70' title="bbox 2235 3795 3772 3881">
     <span class='ocr_line' id='line_1_70' title="bbox 2235 3795 3772 3881; baseline -0.018 -11"><span class='ocrx_word' id='word_1_491' title='bbox 2235 3814 2404 3870; x_wconf 75' lang='grc' dir='ltr'>κακὸν</span> <span class='ocrx_word' id='word_1_492' title='bbox 2457 3809 2761 3881; x_wconf 76' lang='grc' dir='ltr'>ἡγούμενος</span> <span class='ocrx_word' id='word_1_493' title='bbox 2806 3805 3018 3871; x_wconf 78' lang='grc' dir='ltr'>ἄδοξον,</span> <span class='ocrx_word' id='word_1_494' title='bbox 3048 3803 3183 3856; x_wconf 73' lang='grc' dir='ltr'>ἀλλὰ</span> <span class='ocrx_word' id='word_1_495' title='bbox 3233 3802 3292 3854; x_wconf 77' lang='grc' dir='ltr'><strong>τὸ</strong></span> <span class='ocrx_word' id='word_1_496' title='bbox 3354 3800 3545 3868; x_wconf 76' lang='grc' dir='ltr'>ἄδοξον</span> <span class='ocrx_word' id='word_1_497' title='bbox 3598 3795 3772 3854; x_wconf 78' lang='grc' dir='ltr'>κακὸν,</span> 
     </span>
    </p>
   </div>
   <div class='ocr_carea' id='block_1_71' title="bbox 2238 3887 3773 3973">
    <p class='ocr_par' dir='ltr' id='par_1_71' title="bbox 2238 3887 3773 3973">
     <span class='ocr_line' id='line_1_71' title="bbox 2238 3887 3773 3973; baseline -0.017 -11"><span class='ocrx_word' id='word_1_498' title='bbox 2238 3905 2382 3962; x_wconf 81' lang='grc' dir='ltr'>κατὰ</span> <span class='ocrx_word' id='word_1_499' title='bbox 2423 3903 2493 3958; x_wconf 79' lang='grc' dir='ltr'>τὰ</span> <span class='ocrx_word' id='word_1_500' title='bbox 2527 3901 2863 3973; x_wconf 77' lang='grc' dir='ltr'>ἀντίστροφα</span> <span class='ocrx_word' id='word_1_501' title='bbox 2897 3915 2956 3950; x_wconf 80' lang='grc' dir='ltr'><strong>τε</strong></span> <span class='ocrx_word' id='word_1_502' title='bbox 2993 3897 3082 3950; x_wconf 69' lang='grc' dir='ltr'><strong>καὶ</strong></span> <span class='ocrx_word' id='word_1_503' title='bbox 3113 3895 3212 3964; x_wconf 81' lang='grc' dir='ltr'><strong>τὴν</strong></span> <span class='ocrx_word' id='word_1_504' title='bbox 3246 3892 3396 3946; x_wconf 84' lang='grc' dir='ltr'>θέσιν</span> <span class='ocrx_word' id='word_1_505' title='bbox 3428 3894 3489 3944; x_wconf 79' lang='grc' dir='ltr'><strong>ἐκ</strong></span> <span class='ocrx_word' id='word_1_506' title='bbox 3519 3887 3773 3957; x_wconf 75' lang='grc' dir='ltr'>διαμέτρου</span> 
     </span>
    </p>
   </div>
   <div class='ocr_carea' id='block_1_72' title="bbox 2235 3984 3776 4072">
    <p class='ocr_par' dir='ltr' id='par_1_72' title="bbox 2235 3984 3776 4072">
     <span class='ocr_line' id='line_1_72' title="bbox 2235 3984 3776 4072; baseline -0.015 -19"><span class='ocrx_word' id='word_1_507' title='bbox 2235 3999 2494 4072; x_wconf 83' lang='grc' dir='ltr'>λαχόντα.</span> <span class='ocrx_word' id='word_1_508' title='bbox 2525 3995 2722 4050; x_wconf 81' lang='grc' dir='ltr'>Ἐλαθε</span> <span class='ocrx_word' id='word_1_509' title='bbox 2753 3993 2860 4063; x_wconf 81' lang='grc' dir='ltr'><strong>γάρ</strong></span> <span class='ocrx_word' id='word_1_510' title='bbox 2885 3990 3044 4050; x_wconf 75' lang='grc' dir='ltr'>αὐτὸς</span> <span class='ocrx_word' id='word_1_511' title='bbox 3069 3989 3257 4042; x_wconf 73' lang='grc' dir='ltr'>ἑαυτὸν</span> <span class='ocrx_word' id='word_1_512' title='bbox 3288 3986 3475 4056; x_wconf 77' lang='grc' dir='ltr'>οἰκείῳ</span> <span class='ocrx_word' id='word_1_513' title='bbox 3496 3984 3586 4037; x_wconf 78' lang='grc' dir='ltr'>καὶ</span> 
     </span>
    </p>
   </div>
   <div class='ocr_carea' id='block_1_73' title="bbox 2243 4066 3776 4162">
    <p class='ocr_par' dir='ltr' id='par_1_73' title="bbox 2243 4066 3776 4162">
     <span class='ocr_line' id='line_1_73' title="bbox 2243 4066 3776 4162; baseline -0.014 -22"><span class='ocrx_word' id='word_1_514' title='bbox 2243 4066 2341 4157; x_wconf 55' lang='lat' dir='ltr'><strong>didi</strong></span> <span class='ocrx_word' id='word_1_515' title='bbox 2366 4085 2502 4153; x_wconf 75' lang='grc' dir='ltr'><strong>πυρὶ</strong></span> <span class='ocrx_word' id='word_1_516' title='bbox 2532 4079 3162 4150; x_wconf 82' lang='grc' dir='ltr'>καταστρατηγούμενος</span> <span class='ocrx_word' id='word_1_517' title='bbox 3182 4116 3197 4142; x_wconf 94' lang='grc'><strong>,</strong></span> <span class='ocrx_word' id='word_1_518' title='bbox 3229 4072 3550 4128; x_wconf 82' lang='grc' dir='ltr'>καθεύδοντι</span> <span class='ocrx_word' id='word_1_519' title='bbox 3592 4069 3678 4139; x_wconf 70' lang='grc' dir='ltr'>μὲν</span> <span class='ocrx_word' id='word_1_520' title='bbox 3704 4066 3776 4162; x_wconf 46' lang='grc' dir='ltr'>ἐπὶ</span> 
     </span>
    </p>
   </div>
   <div class='ocr_carea' id='block_1_74' title="bbox 2249 4156 3776 4252">
    <p class='ocr_par' dir='ltr' id='par_1_74' title="bbox 2249 4156 3776 4252">
     <span class='ocr_line' id='line_1_74' title="bbox 2249 4156 3776 4252; baseline -0.014 -17"><span class='ocrx_word' id='word_1_521' title='bbox 2249 4156 2458 4252; x_wconf 67' lang='grc' dir='ltr'>μακρόν</span> <span class='ocrx_word' id='word_1_522' title='bbox 2477 4176 2647 4229; x_wconf 67' lang='grc' dir='ltr'>ἐνίοτε</span> <span class='ocrx_word' id='word_1_523' title='bbox 2677 4173 2868 4244; x_wconf 82' lang='grc' dir='ltr'>χρόνον</span> <span class='ocrx_word' id='word_1_524' title='bbox 2891 4173 2956 4225; x_wconf 83' lang='grc' dir='ltr'>δι’</span> <span class='ocrx_word' id='word_1_525' title='bbox 2977 4173 3182 4225; x_wconf 78' lang='grc' dir='ltr'>ἔνδειαν</span> <span class='ocrx_word' id='word_1_526' title='bbox 3213 4166 3650 4236; x_wconf 78' lang='grc' dir='ltr'>ὑπεκκαύματος,</span> <span class='ocrx_word' id='word_1_527' title='bbox 3671 4156 3776 4214; x_wconf 78' lang='grc' dir='ltr'>ἀνα·</span> 
     </span>
    </p>
   </div>
   <div class='ocr_carea' id='block_1_75' title="bbox 2243 4255 3772 4341">
    <p class='ocr_par' dir='ltr' id='par_1_75' title="bbox 2243 4255 3772 4341">
     <span class='ocr_line' id='line_1_75' title="bbox 2243 4255 3772 4341; baseline -0.014 -16"><span class='ocrx_word' id='word_1_528' title='bbox 2243 4271 2516 4341; x_wconf 82' lang='grc' dir='ltr'>λάμποντι</span> <span class='ocrx_word' id='word_1_529' title='bbox 2539 4267 2584 4322; x_wconf 89' lang='grc' dir='ltr'>δ’</span> <span class='ocrx_word' id='word_1_530' title='bbox 2624 4267 2744 4336; x_wconf 71' lang='grc' dir='ltr'>ὀψὲ,</span> <span class='ocrx_word' id='word_1_531' title='bbox 2774 4263 2967 4336; x_wconf 81' lang='grc' dir='ltr'>καιροῦ</span> <span class='ocrx_word' id='word_1_532' title='bbox 3001 4263 3094 4317; x_wconf 80' lang='grc' dir='ltr'>καὶ</span> <span class='ocrx_word' id='word_1_533' title='bbox 3115 4263 3281 4332; x_wconf 85' lang='grc' dir='ltr'>τύχης</span> <span class='ocrx_word' id='word_1_534' title='bbox 3301 4260 3484 4332; x_wconf 80' lang='grc' dir='ltr'>οὐρίου</span> <span class='ocrx_word' id='word_1_535' title='bbox 3512 4259 3645 4316; x_wconf 78' lang='grc' dir='ltr'>τινὸς</span> <span class='ocrx_word' id='word_1_536' title='bbox 3668 4255 3772 4322; x_wconf 77' lang='grc' dir='ltr'>δρα-</span> 
     </span>
    </p>
   </div>
   <div class='ocr_carea' id='block_1_76' title="bbox 565 3526 2121 3598">
    <p class='ocr_par' dir='ltr' id='par_1_76' title="bbox 565 3526 2121 3598">
     <span class='ocr_line' id='line_1_76' title="bbox 565 3526 2121 3598; baseline 0.001 -16"><span class='ocrx_word' id='word_1_537' title='bbox 565 3527 795 3598; x_wconf 80' lang='lat' dir='ltr'><strong>gloriam</strong></span> <span class='ocrx_word' id='word_1_538' title='bbox 827 3526 1060 3584; x_wconf 88' lang='lat' dir='ltr'><strong>eliciunt</strong></span> <span class='ocrx_word' id='word_1_539' title='bbox 1083 3526 1333 3581; x_wconf 81' lang='lat' dir='ltr'><strong>exitiales</strong></span> <span class='ocrx_word' id='word_1_540' title='bbox 1362 3527 1557 3593; x_wconf 84' lang='lat' dir='ltr'><strong>morbi,</strong></span> <span class='ocrx_word' id='word_1_541' title='bbox 1605 3527 1700 3598; x_wconf 88' lang='lat' dir='ltr'><strong>qui</strong></span> <span class='ocrx_word' id='word_1_542' title='bbox 1737 3530 1792 3582; x_wconf 91' lang='lat' dir='ltr'><strong>in</strong></span> <span class='ocrx_word' id='word_1_543' title='bbox 1839 3530 2020 3583; x_wconf 85' lang='lat' dir='ltr'><strong>anima</strong></span> <span class='ocrx_word' id='word_1_544' title='bbox 2054 3531 2121 3584; x_wconf 60' lang='lat' dir='ltr'><strong>lac</strong></span> 
     </span>
    </p>
   </div>
   <div class='ocr_carea' id='block_1_77' title="bbox 568 3619 2132 3690">
    <p class='ocr_par' dir='ltr' id='par_1_77' title="bbox 568 3619 2132 3690">
     <span class='ocr_line' id='line_1_77' title="bbox 568 3619 2132 3690; baseline -0.001 -14"><span class='ocrx_word' id='word_1_545' title='bbox 568 3629 748 3676; x_wconf 89' lang='lat' dir='ltr'><strong>tenter</strong></span> <span class='ocrx_word' id='word_1_546' title='bbox 774 3619 1036 3683; x_wconf 87' lang='lat' dir='ltr'><strong>insident,</strong></span> <span class='ocrx_word' id='word_1_547' title='bbox 1069 3627 1203 3674; x_wconf 87' lang='lat' dir='ltr'><strong>tunc</strong></span> <span class='ocrx_word' id='word_1_548' title='bbox 1253 3619 1360 3674; x_wconf 86' lang='lat' dir='ltr'><strong>alia</strong></span> <span class='ocrx_word' id='word_1_549' title='bbox 1409 3619 1566 3688; x_wconf 85' lang='lat' dir='ltr'><strong>plane</strong></span> <span class='ocrx_word' id='word_1_550' title='bbox 1618 3634 1708 3674; x_wconf 88' lang='lat' dir='ltr'><strong>res</strong></span> <span class='ocrx_word' id='word_1_551' title='bbox 1757 3627 1862 3686; x_wconf 88' lang='lat' dir='ltr'><strong>est,</strong></span> <span class='ocrx_word' id='word_1_552' title='bbox 1913 3621 1959 3675; x_wconf 87' lang='lat' dir='ltr'><strong>si</strong></span> <span class='ocrx_word' id='word_1_553' title='bbox 2007 3621 2132 3690; x_wconf 88' lang='lat' dir='ltr'><strong>quis</strong></span> 
     </span>
    </p>
   </div>
   <div class='ocr_carea' id='block_1_78' title="bbox 569 3711 2134 3782">
    <p class='ocr_par' dir='ltr' id='par_1_78' title="bbox 569 3711 2134 3782">
     <span class='ocr_line' id='line_1_78' title="bbox 569 3711 2134 3782; baseline 0 -14"><span class='ocrx_word' id='word_1_554' title='bbox 569 3715 730 3779; x_wconf 80' lang='lat' dir='ltr'><strong>foris,</strong></span> <span class='ocrx_word' id='word_1_555' title='bbox 762 3713 915 3769; x_wconf 87' lang='lat' dir='ltr'><strong>velut</strong></span> <span class='ocrx_word' id='word_1_556' title='bbox 966 3720 1242 3782; x_wconf 73' lang='lat' dir='ltr'><strong>spectator</strong></span> <span class='ocrx_word' id='word_1_557' title='bbox 1289 3711 1498 3779; x_wconf 78' lang='lat' dir='ltr'><strong>absque</strong></span> <span class='ocrx_word' id='word_1_558' title='bbox 1560 3712 1669 3766; x_wconf 89' lang='lat' dir='ltr'><strong>ulla</strong></span> <span class='ocrx_word' id='word_1_559' title='bbox 1716 3712 2134 3782; x_wconf 86' lang='lat' dir='ltr'><strong>perturbatione</strong></span> 
     </span>
    </p>
   </div>
   <div class='ocr_carea' id='block_1_79' title="bbox 567 3803 2138 3874">
    <p class='ocr_par' dir='ltr' id='par_1_79' title="bbox 567 3803 2138 3874">
     <span class='ocr_line' id='line_1_79' title="bbox 567 3803 2138 3874; baseline -0.001 -12"><span class='ocrx_word' id='word_1_560' title='bbox 567 3806 739 3862; x_wconf 82' lang='lat' dir='ltr'><strong>animi</strong></span> <span class='ocrx_word' id='word_1_561' title='bbox 762 3803 1079 3860; x_wconf 88' lang='lat' dir='ltr'><strong>consideret</strong></span> <span class='ocrx_word' id='word_1_562' title='bbox 1103 3821 1119 3859; x_wconf 87' lang='lat'><strong>:</strong></span> <span class='ocrx_word' id='word_1_563' title='bbox 1148 3814 1204 3858; x_wconf 88' lang='lat' dir='ltr'><strong>et</strong></span> <span class='ocrx_word' id='word_1_564' title='bbox 1231 3804 1324 3873; x_wconf 89' lang='lat' dir='ltr'><strong>qui</strong></span> <span class='ocrx_word' id='word_1_565' title='bbox 1353 3804 1508 3872; x_wconf 84' lang='lat' dir='ltr'><strong>prius</strong></span> <span class='ocrx_word' id='word_1_566' title='bbox 1539 3818 1788 3874; x_wconf 85' lang='lat' dir='ltr'><strong>magnam</strong></span> <span class='ocrx_word' id='word_1_567' title='bbox 1843 3805 1927 3860; x_wconf 80' lang='lat' dir='ltr'><strong>sui</strong></span> <span class='ocrx_word' id='word_1_568' title='bbox 1957 3805 2138 3860; x_wconf 56' lang='lat' dir='ltr'><strong>adrui.</strong></span> 
     </span>
    </p>
   </div>
   <div class='ocr_carea' id='block_1_80' title="bbox 571 3894 2138 3965">
    <p class='ocr_par' dir='ltr' id='par_1_80' title="bbox 571 3894 2138 3965">
     <span class='ocr_line' id='line_1_80' title="bbox 571 3894 2138 3965; baseline 0.001 -11"><span class='ocrx_word' id='word_1_569' title='bbox 571 3899 843 3954; x_wconf 86' lang='lat' dir='ltr'><strong>rationem</strong></span> <span class='ocrx_word' id='word_1_570' title='bbox 876 3897 1208 3961; x_wconf 89' lang='lat' dir='ltr'><strong>concitabat,</strong></span> <span class='ocrx_word' id='word_1_571' title='bbox 1239 3910 1306 3950; x_wconf 89' lang='lat' dir='ltr'><strong>eo</strong></span> <span class='ocrx_word' id='word_1_572' title='bbox 1347 3894 1498 3965; x_wconf 75' lang='lat' dir='ltr'><strong>quod</strong></span> <span class='ocrx_word' id='word_1_573' title='bbox 1525 3895 1770 3963; x_wconf 80' lang='lat' dir='ltr'><strong>divitias,</strong></span> <span class='ocrx_word' id='word_1_574' title='bbox 1801 3897 2050 3963; x_wconf 82' lang='lat' dir='ltr'><strong>delicias,</strong></span> <span class='ocrx_word' id='word_1_575' title='bbox 2081 3908 2138 3955; x_wconf 86' lang='lat' dir='ltr'><strong>et</strong></span> 
     </span>
    </p>
   </div>
   <div class='ocr_carea' id='block_1_81' title="bbox 573 3986 2140 4049">
    <p class='ocr_par' dir='ltr' id='par_1_81' title="bbox 573 3986 2140 4049">
     <span class='ocr_line' id='line_1_81' title="bbox 573 3986 2140 4049; baseline -0.002 -4"><span class='ocrx_word' id='word_1_576' title='bbox 573 3989 814 4045; x_wconf 61' lang='lat' dir='ltr'><strong>fortuna</strong></span> <span class='ocrx_word' id='word_1_577' title='bbox 840 3987 1184 4043; x_wconf 84' lang='lat' dir='ltr'><strong>nobilitatem</strong></span> <span class='ocrx_word' id='word_1_578' title='bbox 1214 4001 1326 4040; x_wconf 89' lang='lat' dir='ltr'><strong>non</strong></span> <span class='ocrx_word' id='word_1_579' title='bbox 1385 3987 1702 4049; x_wconf 86' lang='lat' dir='ltr'><strong>miraretur,</strong></span> <span class='ocrx_word' id='word_1_580' title='bbox 1752 3986 1798 4040; x_wconf 89' lang='lat' dir='ltr'><strong>is</strong></span> <span class='ocrx_word' id='word_1_581' title='bbox 1833 3987 2140 4042; x_wconf 89' lang='lat' dir='ltr'><strong>contemni-</strong></span> 
     </span>
    </p>
   </div>
   <div class='ocr_carea' id='block_1_82' title="bbox 573 4078 2136 4151">
    <p class='ocr_par' dir='ltr' id='par_1_82' title="bbox 573 4078 2136 4151">
     <span class='ocr_line' id='line_1_82' title="bbox 573 4078 2136 4151; baseline -0.003 -12"><span class='ocrx_word' id='word_1_582' title='bbox 573 4091 666 4139; x_wconf 76' lang='lat' dir='ltr'><strong>tur</strong></span> <span class='ocrx_word' id='word_1_583' title='bbox 695 4083 888 4151; x_wconf 86' lang='lat' dir='ltr'><strong>magis,</strong></span> <span class='ocrx_word' id='word_1_584' title='bbox 918 4095 985 4135; x_wconf 93' lang='lat' dir='ltr'><strong>eo</strong></span> <span class='ocrx_word' id='word_1_585' title='bbox 1009 4079 1153 4149; x_wconf 90' lang='lat' dir='ltr'><strong>quod</strong></span> <span class='ocrx_word' id='word_1_586' title='bbox 1187 4092 1380 4133; x_wconf 82' lang='lat' dir='ltr'><strong>vanam</strong></span> <span class='ocrx_word' id='word_1_587' title='bbox 1411 4078 1637 4148; x_wconf 86' lang='lat' dir='ltr'><strong>gloriam</strong></span> <span class='ocrx_word' id='word_1_588' title='bbox 1665 4091 1774 4131; x_wconf 91' lang='lat' dir='ltr'><strong>non</strong></span> <span class='ocrx_word' id='word_1_589' title='bbox 1797 4087 2136 4146; x_wconf 83' lang='lat' dir='ltr'><strong>contemnat,</strong></span> 
     </span>
    </p>
   </div>
   <div class='ocr_carea' id='block_1_83' title="bbox 576 4167 2138 4244">
    <p class='ocr_par' dir='ltr' id='par_1_83' title="bbox 576 4167 2138 4244">
     <span class='ocr_line' id='line_1_83' title="bbox 576 4167 2138 4244; baseline -0.004 -16"><span class='ocrx_word' id='word_1_590' title='bbox 576 4188 756 4244; x_wconf 87' lang='lat' dir='ltr'><strong>neque</strong></span> <span class='ocrx_word' id='word_1_591' title='bbox 781 4173 973 4227; x_wconf 84' lang='lat' dir='ltr'><strong>vitium</strong></span> <span class='ocrx_word' id='word_1_592' title='bbox 1004 4170 1059 4225; x_wconf 91' lang='lat' dir='ltr'><strong>in</strong></span> <span class='ocrx_word' id='word_1_593' title='bbox 1096 4169 1409 4240; x_wconf 75' lang='lat' dir='ltr'><strong>ignominiaa</strong></span> <span class='ocrx_word' id='word_1_594' title='bbox 1448 4169 1568 4224; x_wconf 90' lang='lat' dir='ltr'><strong>loco</strong></span> <span class='ocrx_word' id='word_1_595' title='bbox 1597 4175 1785 4238; x_wconf 87' lang='lat' dir='ltr'><strong>ponat,</strong></span> <span class='ocrx_word' id='word_1_596' title='bbox 1819 4167 1916 4222; x_wconf 90' lang='lat' dir='ltr'><strong>sed</strong></span> <span class='ocrx_word' id='word_1_597' title='bbox 1948 4177 2138 4223; x_wconf 88' lang='lat' dir='ltr'><strong>contra</strong></span> 
     </span>
    </p>
   </div>
   <div class='ocr_carea' id='block_1_84' title="bbox 575 4260 2141 4338">
    <p class='ocr_par' dir='ltr' id='par_1_84' title="bbox 575 4260 2141 4338">
     <span class='ocr_line' id='line_1_84' title="bbox 575 4260 2141 4338; baseline -0.004 -16"><span class='ocrx_word' id='word_1_598' title='bbox 575 4267 760 4338; x_wconf 80' lang='lat' dir='ltr'><strong>potius</strong></span> <span class='ocrx_word' id='word_1_599' title='bbox 789 4264 1142 4336; x_wconf 84' lang='lat' dir='ltr'><strong>ignominiam</strong></span> <span class='ocrx_word' id='word_1_600' title='bbox 1178 4262 1296 4317; x_wconf 84' lang='lat' dir='ltr'><strong>vitii</strong></span> <span class='ocrx_word' id='word_1_601' title='bbox 1353 4261 1473 4317; x_wconf 74' lang='lat' dir='ltr'><strong>loco</strong></span> <span class='ocrx_word' id='word_1_602' title='bbox 1511 4260 1709 4315; x_wconf 83' lang='lat' dir='ltr'><strong>habeat</strong></span> <span class='ocrx_word' id='word_1_603' title='bbox 1743 4273 1965 4330; x_wconf 86' lang='lat' dir='ltr'><strong>:neque</strong></span> <span class='ocrx_word' id='word_1_604' title='bbox 2012 4273 2141 4315; x_wconf 83' lang='lat' dir='ltr'><strong>vero</strong></span> 
     </span>
    </p>
   </div>
   <div class='ocr_carea' id='block_1_85' title="bbox 576 4343 2124 4432">
    <p class='ocr_par' dir='ltr' id='par_1_85' title="bbox 576 4351 2124 4421">
     <span class='ocr_line' id='line_1_85' title="bbox 576 4351 2124 4421; baseline -0.005 -9"><span class='ocrx_word' id='word_1_605' title='bbox 576 4357 986 4421; x_wconf 79' lang='lat' dir='ltr'><strong>animadvertit,</strong></span> <span class='ocrx_word' id='word_1_606' title='bbox 1015 4370 1074 4411; x_wconf 87' lang='lat' dir='ltr'><strong>se</strong></span> <span class='ocrx_word' id='word_1_607' title='bbox 1099 4354 1404 4410; x_wconf 85' lang='lat' dir='ltr'><strong>domestico</strong></span> <span class='ocrx_word' id='word_1_608' title='bbox 1429 4361 1486 4408; x_wconf 91' lang='lat' dir='ltr'><strong>et</strong></span> <span class='ocrx_word' id='word_1_609' title='bbox 1513 4353 1772 4408; x_wconf 88' lang='lat' dir='ltr'><strong>intestino</strong></span> <span class='ocrx_word' id='word_1_610' title='bbox 1802 4352 1926 4421; x_wconf 89' lang='lat' dir='ltr'><strong>igne</strong></span> <span class='ocrx_word' id='word_1_611' title='bbox 1955 4351 2124 4421; x_wconf 45' lang='lat' dir='ltr'><strong>oppri.</strong></span> 
     </span>
    </p>
   </div>
   <div class='ocr_carea' id='block_1_86' title="bbox 2227 4343 3773 4432">
    <p class='ocr_par' dir='ltr' id='par_1_86' title="bbox 2248 4343 3773 4432">
     <span class='ocr_line' id='line_1_86' title="bbox 2248 4343 3773 4432; baseline -0.014 -16"><span class='ocrx_word' id='word_1_612' title='bbox 2248 4362 2481 4432; x_wconf 82' lang='grc' dir='ltr'>ξαμένου</span> <span class='ocrx_word' id='word_1_613' title='bbox 2519 4359 2850 4429; x_wconf 82' lang='grc' dir='ltr'>πνεύματος.</span> <span class='ocrx_word' id='word_1_614' title='bbox 2893 4355 3045 4411; x_wconf 73' lang='grc' dir='ltr'>Ἐπεὶ</span> <span class='ocrx_word' id='word_1_615' title='bbox 3077 4355 3173 4409; x_wconf 82' lang='grc' dir='ltr'>καὶ</span> <span class='ocrx_word' id='word_1_616' title='bbox 3210 4353 3402 4407; x_wconf 75' lang='grc' dir='ltr'>εἴωθεν</span> <span class='ocrx_word' id='word_1_617' title='bbox 3437 4350 3514 4414; x_wconf 81' lang='grc' dir='ltr'>ὡς</span> <span class='ocrx_word' id='word_1_618' title='bbox 3537 4351 3601 4402; x_wconf 73' lang='grc' dir='ltr'>τὰ</span> <span class='ocrx_word' id='word_1_619' title='bbox 3635 4343 3773 4398; x_wconf 66' lang='grc' dir='ltr'>πολλὰ</span> 
     </span>
    </p>
   </div>
   <div class='ocr_carea' id='block_1_87' title="bbox 576 4436 2124 4522">
    <p class='ocr_par' dir='ltr' id='par_1_87' title="bbox 576 4443 2124 4521">
     <span class='ocr_line' id='line_1_87' title="bbox 576 4443 2124 4521; baseline -0.006 -15"><span class='ocrx_word' id='word_1_620' title='bbox 576 4453 684 4518; x_wconf 90' lang='lat' dir='ltr'><strong>mi;</strong></span> <span class='ocrx_word' id='word_1_621' title='bbox 709 4452 800 4521; x_wconf 91' lang='lat' dir='ltr'><strong>qui</strong></span> <span class='ocrx_word' id='word_1_622' title='bbox 835 4462 1231 4518; x_wconf 89' lang='lat' dir='ltr'><strong>nonnunquam</strong></span> <span class='ocrx_word' id='word_1_623' title='bbox 1263 4445 1471 4501; x_wconf 78' lang='lat' dir='ltr'><strong>fomitis</strong></span> <span class='ocrx_word' id='word_1_624' title='bbox 1502 4454 1559 4500; x_wconf 88' lang='lat' dir='ltr'><strong>et</strong></span> <span class='ocrx_word' id='word_1_625' title='bbox 1585 4443 2124 4500; x_wconf 82' lang='lat' dir='ltr'><strong>suscitabulidel‘ectt</strong></span> 
     </span>
    </p>
   </div>
   <div class='ocr_carea' id='block_1_88' title="bbox 2227 4436 3768 4522">
    <p class='ocr_par' dir='ltr' id='par_1_88' title="bbox 2246 4436 3768 4522">
     <span class='ocr_line' id='line_1_88' title="bbox 2246 4436 3768 4522; baseline -0.009 -14"><span class='ocrx_word' id='word_1_626' title='bbox 2246 4453 2506 4518; x_wconf 86' lang='grc' dir='ltr'>πολλάκις</span> <span class='ocrx_word' id='word_1_627' title='bbox 2555 4453 2588 4522; x_wconf 81' lang='grc' dir='ltr'><strong>ὴ</strong></span> <span class='ocrx_word' id='word_1_628' title='bbox 2632 4451 2741 4504; x_wconf 87' lang='grc' dir='ltr'><strong>τῶν</strong></span> <span class='ocrx_word' id='word_1_629' title='bbox 2773 4450 3011 4503; x_wconf 76' lang='grc' dir='ltr'>ἐπαίνων</span> <span class='ocrx_word' id='word_1_630' title='bbox 3053 4447 3324 4507; x_wconf 78' lang='grc' dir='ltr'>ἔκπτωσις</span> <span class='ocrx_word' id='word_1_631' title='bbox 3361 4441 3500 4513; x_wconf 67' lang='grc' dir='ltr'>πρὸς</span> <span class='ocrx_word' id='word_1_632' title='bbox 3548 4436 3768 4507; x_wconf 71' lang='grc' dir='ltr'>μανιῶδες</span> 
     </span>
    </p>
   </div>
   <div class='ocr_carea' id='block_1_89' title="bbox 575 4525 2124 4639">
    <p class='ocr_par' dir='ltr' id='par_1_89' title="bbox 575 4535 2124 4611">
     <span class='ocr_line' id='line_1_89' title="bbox 575 4535 2124 4611; baseline -0.007 -10"><span class='ocrx_word' id='word_1_633' title='bbox 575 4543 784 4601; x_wconf 79' lang='lat' dir='ltr'><strong>diutius</strong></span> <span class='ocrx_word' id='word_1_634' title='bbox 811 4542 1048 4611; x_wconf 89' lang='lat' dir='ltr'><strong>sopitur,</strong></span> <span class='ocrx_word' id='word_1_635' title='bbox 1080 4539 1176 4596; x_wconf 86' lang='lat' dir='ltr'><strong>sed</strong></span> <span class='ocrx_word' id='word_1_636' title='bbox 1213 4538 1307 4594; x_wconf 88' lang='lat' dir='ltr'><strong>ubi</strong></span> <span class='ocrx_word' id='word_1_637' title='bbox 1337 4552 1462 4592; x_wconf 87' lang='lat' dir='ltr'><strong>sero</strong></span> <span class='ocrx_word' id='word_1_638' title='bbox 1501 4535 1721 4591; x_wconf 88' lang='lat' dir='ltr'><strong>tandem</strong></span> <span class='ocrx_word' id='word_1_639' title='bbox 1754 4549 1914 4590; x_wconf 88' lang='lat' dir='ltr'><strong>casus</strong></span> <span class='ocrx_word' id='word_1_640' title='bbox 1934 4535 2057 4590; x_wconf 87' lang='lat' dir='ltr'><strong>tulit</strong></span> <span class='ocrx_word' id='word_1_641' title='bbox 2086 4549 2124 4590; x_wconf 79' lang='lat' dir='ltr'><strong>e‘</strong></span> 
     </span>
    </p>
   </div>
   <div class='ocr_carea' id='block_1_90' title="bbox 2227 4525 3774 4639">
    <p class='ocr_par' dir='ltr' id='par_1_90' title="bbox 2247 4525 3774 4639">
     <span class='ocr_line' id='line_1_90' title="bbox 2247 4525 3774 4639; baseline -0.016 -38"><span class='ocrx_word' id='word_1_642' title='bbox 2247 4541 2378 4616; x_wconf 77' lang='grc' dir='ltr'>ἦθος</span> <span class='ocrx_word' id='word_1_643' title='bbox 2407 4541 2676 4615; x_wconf 71' lang='grc' dir='ltr'>ἐρεθίζειν</span> <span class='ocrx_word' id='word_1_644' title='bbox 2703 4545 2794 4596; x_wconf 82' lang='grc' dir='ltr'><strong>τὸν</strong></span> <span class='ocrx_word' id='word_1_645' title='bbox 2825 4541 3064 4611; x_wconf 84' lang='grc' dir='ltr'>ἐραστὴν</span> <span class='ocrx_word' id='word_1_646' title='bbox 3100 4538 3193 4591; x_wconf 75' lang='grc' dir='ltr'>καὶ</span> <span class='ocrx_word' id='word_1_647' title='bbox 3226 4535 3561 4606; x_wconf 79' lang='grc' dir='ltr'>ζηλότυπον,</span> <span class='ocrx_word' id='word_1_648' title='bbox 3597 4525 3774 4639; x_wconf 51' lang='grc' dir='ltr'>καὶὲιὲ</span> 
     </span>
    </p>
   </div>
   <div class='ocr_carea' id='block_1_91' title="bbox 581 4619 2124 4708">
    <p class='ocr_par' dir='ltr' id='par_1_91' title="bbox 581 4628 2124 4697">
     <span class='ocr_line' id='line_1_91' title="bbox 581 4628 2124 4697; baseline -0.008 -5"><span class='ocrx_word' id='word_1_649' title='bbox 581 4652 700 4694; x_wconf 86' lang='lat' dir='ltr'><strong>sese</strong></span> <span class='ocrx_word' id='word_1_650' title='bbox 724 4636 876 4692; x_wconf 91' lang='lat' dir='ltr'><strong>dedit</strong></span> <span class='ocrx_word' id='word_1_651' title='bbox 923 4633 1164 4697; x_wconf 88' lang='lat' dir='ltr'><strong>occasio,</strong></span> <span class='ocrx_word' id='word_1_652' title='bbox 1222 4629 1521 4686; x_wconf 85' lang='lat' dir='ltr'><strong>secundum</strong></span> <span class='ocrx_word' id='word_1_653' title='bbox 1575 4628 1888 4697; x_wconf 84' lang='lat' dir='ltr'><strong>quempiam</strong></span> <span class='ocrx_word' id='word_1_654' title='bbox 1917 4634 2124 4682; x_wconf 83' lang='lat' dir='ltr'><strong>ventun</strong></span> 
     </span>
    </p>
   </div>
   <div class='ocr_carea' id='block_1_92' title="bbox 2227 4619 3772 4708">
    <p class='ocr_par' dir='ltr' id='par_1_92' title="bbox 2246 4619 3772 4708">
     <span class='ocr_line' id='line_1_92' title="bbox 2246 4619 3772 4708; baseline -0.012 -18"><span class='ocrx_word' id='word_1_655' title='bbox 2246 4637 2355 4690; x_wconf 89' lang='grc' dir='ltr'><strong>τῶν</strong></span> <span class='ocrx_word' id='word_1_656' title='bbox 2384 4637 2651 4708; x_wconf 84' lang='grc' dir='ltr'>χρονικῶν</span> <span class='ocrx_word' id='word_1_657' title='bbox 2681 4634 2918 4706; x_wconf 70' lang='grc' dir='ltr'>ἐλέγχων</span> <span class='ocrx_word' id='word_1_658' title='bbox 2940 4632 3329 4701; x_wconf 78' lang='grc' dir='ltr'>ἐναργέστερον</span> <span class='ocrx_word' id='word_1_659' title='bbox 3349 4626 3632 4698; x_wconf 82' lang='grc' dir='ltr'>παριστᾷν,</span> <span class='ocrx_word' id='word_1_660' title='bbox 3655 4619 3772 4675; x_wconf 75' lang='grc' dir='ltr'>εἴδω-</span> 
     </span>
    </p>
   </div>
   <div class='ocr_carea' id='block_1_93' title="bbox 579 4711 2124 4798">
    <p class='ocr_par' dir='ltr' id='par_1_93' title="bbox 579 4719 2124 4795">
     <span class='ocr_line' id='line_1_93' title="bbox 579 4719 2124 4795; baseline -0.008 -10"><span class='ocrx_word' id='word_1_661' title='bbox 579 4737 798 4795; x_wconf 82' lang='lat' dir='ltr'><strong>naetus,</strong></span> <span class='ocrx_word' id='word_1_662' title='bbox 828 4727 1057 4783; x_wconf 83' lang='lat' dir='ltr'><strong>relucet.</strong></span> <span class='ocrx_word' id='word_1_663' title='bbox 1086 4724 1221 4780; x_wconf 82' lang='lat' dir='ltr'><strong>Nam</strong></span> <span class='ocrx_word' id='word_1_664' title='bbox 1252 4721 1473 4776; x_wconf 89' lang='lat' dir='ltr'><strong>laudum</strong></span> <span class='ocrx_word' id='word_1_665' title='bbox 1499 4719 1709 4789; x_wconf 83' lang='lat' dir='ltr'><strong>jactura</strong></span> <span class='ocrx_word' id='word_1_666' title='bbox 1740 4733 1885 4788; x_wconf 75' lang='lat' dir='ltr'><strong>saepe</strong></span> <span class='ocrx_word' id='word_1_667' title='bbox 1914 4720 2053 4775; x_wconf 87' lang='lat' dir='ltr'><strong>solet</strong></span> <span class='ocrx_word' id='word_1_668' title='bbox 2077 4735 2124 4773; x_wconf 73' lang='lat' dir='ltr'><strong>at</strong></span> 
     </span>
    </p>
   </div>
   <div class='ocr_carea' id='block_1_94' title="bbox 2227 4711 3770 4798">
    <p class='ocr_par' dir='ltr' id='par_1_94' title="bbox 2245 4711 3770 4798">
     <span class='ocr_line' id='line_1_94' title="bbox 2245 4711 3770 4798; baseline -0.009 -17"><span class='ocrx_word' id='word_1_669' title='bbox 2245 4729 2336 4781; x_wconf 89' lang='grc' dir='ltr'><strong>λον</strong></span> <span class='ocrx_word' id='word_1_670' title='bbox 2369 4712 2571 4798; x_wconf 80' lang='grc' dir='ltr'>ἀρετῆς</span> <span class='ocrx_word' id='word_1_671' title='bbox 2605 4729 2698 4781; x_wconf 84' lang='grc' dir='ltr'>καὶ</span> <span class='ocrx_word' id='word_1_672' title='bbox 2729 4725 2978 4795; x_wconf 85' lang='grc' dir='ltr'>οὐδαμῶς</span> <span class='ocrx_word' id='word_1_673' title='bbox 3013 4726 3216 4795; x_wconf 78' lang='grc' dir='ltr'>ἀρετὴν</span> <span class='ocrx_word' id='word_1_674' title='bbox 3243 4719 3388 4775; x_wconf 72' lang='grc' dir='ltr'>εἶναι</span> <span class='ocrx_word' id='word_1_675' title='bbox 3425 4723 3487 4774; x_wconf 81' lang='grc' dir='ltr'><strong>τὸ</strong></span> <span class='ocrx_word' id='word_1_676' title='bbox 3525 4719 3668 4790; x_wconf 80' lang='grc' dir='ltr'>μέχρι</span> <span class='ocrx_word' id='word_1_677' title='bbox 3698 4711 3770 4763; x_wconf 79' lang='grc' dir='ltr'><strong>νῦν</strong></span> 
     </span>
    </p>
   </div>
   <div class='ocr_carea' id='block_1_95' title="bbox 579 4805 2124 4888">
    <p class='ocr_par' dir='ltr' id='par_1_95' title="bbox 579 4811 2122 4882">
     <span class='ocr_line' id='line_1_95' title="bbox 579 4811 2122 4882; baseline -0.006 -6"><span class='ocrx_word' id='word_1_678' title='bbox 579 4819 843 4876; x_wconf 74' lang='lat' dir='ltr'><strong>furiosam</strong></span> <span class='ocrx_word' id='word_1_679' title='bbox 897 4818 1139 4874; x_wconf 89' lang='lat' dir='ltr'><strong>indolem</strong></span> <span class='ocrx_word' id='word_1_680' title='bbox 1192 4813 1457 4871; x_wconf 78' lang='lat' dir='ltr'><strong>suscitare</strong></span> <span class='ocrx_word' id='word_1_681' title='bbox 1505 4811 1692 4882; x_wconf 72' lang='lat' dir='ltr'><strong>gloria:</strong></span> <span class='ocrx_word' id='word_1_682' title='bbox 1737 4818 2040 4867; x_wconf 88' lang='lat' dir='ltr'><strong>amatorem</strong></span> <span class='ocrx_word' id='word_1_683' title='bbox 2093 4828 2122 4867; x_wconf 79' lang='grc' dir='ltr'><strong>ε</strong></span> 
     </span>
    </p>
   </div>
   <div class='ocr_carea' id='block_1_96' title="bbox 2227 4805 3767 4888">
    <p class='ocr_par' dir='ltr' id='par_1_96' title="bbox 2247 4805 3767 4888">
     <span class='ocr_line' id='line_1_96' title="bbox 2247 4805 3767 4888; baseline -0.011 -16"><span class='ocrx_word' id='word_1_684' title='bbox 2247 4818 2398 4888; x_wconf 83' lang='grc' dir='ltr'><strong>αὖτῷ</strong></span> <span class='ocrx_word' id='word_1_685' title='bbox 2439 4819 2792 4887; x_wconf 88' lang='grc' dir='ltr'>διωκόμενον,</span> <span class='ocrx_word' id='word_1_686' title='bbox 2838 4816 3090 4886; x_wconf 83' lang='grc' dir='ltr'>καθάπερ</span> <span class='ocrx_word' id='word_1_687' title='bbox 3135 4817 3205 4868; x_wconf 77' lang='grc' dir='ltr'>τὰ</span> <span class='ocrx_word' id='word_1_688' title='bbox 3249 4813 3590 4884; x_wconf 84' lang='grc' dir='ltr'>μυθευόμενα</span> <span class='ocrx_word' id='word_1_689' title='bbox 3633 4805 3767 4859; x_wconf 70' lang='grc' dir='ltr'>πάλαι</span> 
     </span>
    </p>
   </div>
   <div class='ocr_carea' id='block_1_97' title="bbox 577 4894 2124 4985">
    <p class='ocr_par' dir='ltr' id='par_1_97' title="bbox 577 4905 2124 4981">
     <span class='ocr_line' id='line_1_97' title="bbox 577 4905 2124 4981; baseline -0.006 -11"><span class='ocrx_word' id='word_1_690' title='bbox 577 4916 988 4979; x_wconf 74' lang='lat' dir='ltr'><strong>scmulatorem;</strong></span> <span class='ocrx_word' id='word_1_691' title='bbox 1039 4910 1133 4981; x_wconf 82' lang='lat' dir='ltr'><strong>qui</strong></span> <span class='ocrx_word' id='word_1_692' title='bbox 1199 4910 1279 4967; x_wconf 82' lang='lat' dir='ltr'><strong>sic</strong></span> <span class='ocrx_word' id='word_1_693' title='bbox 1310 4919 1602 4977; x_wconf 84' lang='lat' dir='ltr'><strong>progressu</strong></span> <span class='ocrx_word' id='word_1_694' title='bbox 1649 4906 1914 4974; x_wconf 83' lang='lat' dir='ltr'><strong>temporis</strong></span> <span class='ocrx_word' id='word_1_695' title='bbox 1970 4905 2124 4960; x_wconf 82' lang='lat' dir='ltr'><strong>mani</strong></span> 
     </span>
    </p>
   </div>
   <div class='ocr_carea' id='block_1_98' title="bbox 2227 4894 3769 4985">
    <p class='ocr_par' dir='ltr' id='par_1_98' title="bbox 2247 4894 3769 4985">
     <span class='ocr_line' id='line_1_98' title="bbox 2247 4894 3769 4985; baseline -0.008 -22"><span class='ocrx_word' id='word_1_696' title='bbox 2247 4910 2381 4982; x_wconf 79' lang='grc' dir='ltr'>περὶ</span> <span class='ocrx_word' id='word_1_697' title='bbox 2421 4910 2648 4985; x_wconf 77' lang='grc' dir='ltr'>νεφέλης</span> <span class='ocrx_word' id='word_1_698' title='bbox 2677 4909 2829 4979; x_wconf 60' lang='grc' dir='ltr'><strong>λόμοῦ</strong></span> <span class='ocrx_word' id='word_1_699' title='bbox 2857 4909 2956 4962; x_wconf 78' lang='grc' dir='ltr'>καὶ</span> <span class='ocrx_word' id='word_1_700' title='bbox 3001 4909 3240 4974; x_wconf 76' lang='grc' dir='ltr'>Ἰξίονος.</span> <span class='ocrx_word' id='word_1_701' title='bbox 3289 4905 3451 4959; x_wconf 71' lang='grc' dir='ltr'>Ἀλλὰ</span> <span class='ocrx_word' id='word_1_702' title='bbox 3495 4902 3652 4958; x_wconf 78' lang='grc' dir='ltr'>ταῦτα</span> <span class='ocrx_word' id='word_1_703' title='bbox 3692 4894 3769 4966; x_wconf 69' lang='grc' dir='ltr'>μὲν</span> 
     </span>
    </p>
   </div>
   <div class='ocr_carea' id='block_1_99' title="bbox 581 4997 2124 5074">
    <p class='ocr_par' dir='ltr' id='par_1_99' title="bbox 581 4997 2124 5071">
     <span class='ocr_line' id='line_1_99' title="bbox 581 4997 2124 5071; baseline -0.006 -10"><span class='ocrx_word' id='word_1_704' title='bbox 581 5009 777 5063; x_wconf 77' lang='lat' dir='ltr'><strong>restius</strong></span> <span class='ocrx_word' id='word_1_705' title='bbox 809 5006 1180 5066; x_wconf 77' lang='lat' dir='ltr'><strong>convincitur,</strong></span> <span class='ocrx_word' id='word_1_706' title='bbox 1211 5015 1322 5056; x_wconf 89' lang='lat' dir='ltr'><strong>non</strong></span> <span class='ocrx_word' id='word_1_707' title='bbox 1359 4999 1534 5071; x_wconf 84' lang='lat' dir='ltr'><strong>ipsam</strong></span> <span class='ocrx_word' id='word_1_708' title='bbox 1563 4998 1854 5062; x_wconf 71' lang='lat' dir='ltr'><strong>virtutem,</strong></span> <span class='ocrx_word' id='word_1_709' title='bbox 1908 4997 2004 5052; x_wconf 85' lang='lat' dir='ltr'><strong>sed</strong></span> <span class='ocrx_word' id='word_1_710' title='bbox 2027 4998 2124 5068; x_wconf 72' lang='lat' dir='ltr'><strong>cju:</strong></span> 
     </span>
    </p>
   </div>
   <div class='ocr_carea' id='block_1_100' title="bbox 2227 4997 3601 5074">
    <p class='ocr_par' dir='ltr' id='par_1_100' title="bbox 2249 4998 3601 5074">
     <span class='ocr_line' id='line_1_100' title="bbox 2249 4998 3601 5074; baseline -0.007 -18"><span class='ocrx_word' id='word_1_711' title='bbox 2249 5003 2409 5072; x_wconf 85' lang='grc' dir='ltr'>σιγῆς</span> <span class='ocrx_word' id='word_1_712' title='bbox 2446 5001 2689 5074; x_wconf 72' lang='grc' dir='ltr'>ἐρρίφθω</span> <span class='ocrx_word' id='word_1_713' title='bbox 2732 5000 2934 5072; x_wconf 82' lang='grc' dir='ltr'>βυθοῖς.</span> <span class='ocrx_word' id='word_1_714' title='bbox 2980 4999 3301 5054; x_wconf 81' lang='grc' dir='ltr'>Ἐπανιτέον</span> <span class='ocrx_word' id='word_1_715' title='bbox 3331 4998 3376 5050; x_wconf 79' lang='grc' dir='ltr'>δ’</span> <span class='ocrx_word' id='word_1_716' title='bbox 3407 5000 3601 5050; x_wconf 76' lang='grc' dir='ltr'>ἐκεῖσε.</span> 
     </span>
    </p>
   </div>
   <div class='ocr_carea' id='block_1_101' title="bbox 581 5078 3770 5165">
    <p class='ocr_par' dir='ltr' id='par_1_101' title="bbox 581 5078 3770 5165">
     <span class='ocr_line' id='line_1_101' title="bbox 581 5078 3770 5165; baseline -0.008 -7"><span class='ocrx_word' id='word_1_717' title='bbox 581 5107 744 5160; x_wconf 80' lang='lat' dir='ltr'><strong>inane</strong></span> <span class='ocrx_word' id='word_1_718' title='bbox 804 5099 1180 5161; x_wconf 85' lang='lat' dir='ltr'><strong>simulacrum,</strong></span> <span class='ocrx_word' id='word_1_719' title='bbox 1232 5095 1521 5150; x_wconf 85' lang='lat' dir='ltr'><strong>bactenus-</strong></span> <span class='ocrx_word' id='word_1_720' title='bbox 1549 5091 1718 5146; x_wconf 77' lang='lat' dir='ltr'><strong>fuisse</strong></span> <span class='ocrx_word' id='word_1_721' title='bbox 1766 5099 2096 5161; x_wconf 83' lang='lat' dir='ltr'><strong>persecutus</strong></span> <span class='ocrx_word' id='word_1_722' title='bbox 2129 5108 2144 5147; x_wconf 89' lang='lat'><strong>:</strong></span> <span class='ocrx_word' id='word_1_723' title='bbox 2185 5096 2367 5164; x_wconf 87' lang='lat' dir='ltr'><strong>qualia</strong></span> <span class='ocrx_word' id='word_1_724' title='bbox 2399 5095 2514 5151; x_wconf 82' lang='lat' dir='ltr'><strong>fere</strong></span> <span class='ocrx_word' id='word_1_725' title='bbox 2542 5102 2670 5150; x_wconf 88' lang='lat' dir='ltr'><strong>sunt</strong></span> <span class='ocrx_word' id='word_1_726' title='bbox 2699 5110 2821 5165; x_wconf 73' lang='lat' dir='ltr'><strong>qua:</strong></span> <span class='ocrx_word' id='word_1_727' title='bbox 2848 5095 2915 5149; x_wconf 87' lang='lat' dir='ltr'><strong>de</strong></span> <span class='ocrx_word' id='word_1_728' title='bbox 2982 5092 3128 5148; x_wconf 89' lang='lat' dir='ltr'><strong>nube</strong></span> <span class='ocrx_word' id='word_1_729' title='bbox 3189 5099 3245 5146; x_wconf 89' lang='lat' dir='ltr'><strong>et</strong></span> <span class='ocrx_word' id='word_1_730' title='bbox 3277 5089 3463 5144; x_wconf 73' lang='lat' dir='ltr'><strong>Ixione</strong></span> <span class='ocrx_word' id='word_1_731' title='bbox 3496 5095 3682 5142; x_wconf 83' lang='lat' dir='ltr'><strong>veteres</strong></span> <span class='ocrx_word' id='word_1_732' title='bbox 3710 5078 3770 5129; x_wconf 79' lang='lat' dir='ltr'><strong>fa-</strong></span> 
     </span>
    </p>
   </div>
   <div class='ocr_carea' id='block_1_102' title="bbox 584 5177 3767 5268">
    <p class='ocr_par' dir='ltr' id='par_1_102' title="bbox 584 5177 3767 5268">
     <span class='ocr_line' id='line_1_102' title="bbox 584 5177 3767 5268; baseline -0.008 -17"><span class='ocrx_word' id='word_1_733' title='bbox 584 5198 865 5252; x_wconf 84' lang='lat' dir='ltr'><strong>bulantur.</strong></span> <span class='ocrx_word' id='word_1_734' title='bbox 922 5192 1031 5250; x_wconf 83' lang='lat' dir='ltr'><strong>Sed</strong></span> <span class='ocrx_word' id='word_1_735' title='bbox 1085 5193 1200 5246; x_wconf 67' lang='lat' dir='ltr'><strong>haec</strong></span> <span class='ocrx_word' id='word_1_736' title='bbox 1261 5187 1482 5259; x_wconf 87' lang='lat' dir='ltr'><strong>quidem</strong></span> <span class='ocrx_word' id='word_1_737' title='bbox 1515 5186 1735 5242; x_wconf 90' lang='lat' dir='ltr'><strong>silentio</strong></span> <span class='ocrx_word' id='word_1_738' title='bbox 1786 5185 2136 5254; x_wconf 87' lang='lat' dir='ltr'><strong>obruantur;</strong></span> <span class='ocrx_word' id='word_1_739' title='bbox 2177 5189 2389 5268; x_wconf 72' lang='lat'><strong>1055</strong></span> <span class='ocrx_word' id='word_1_740' title='bbox 2447 5188 2560 5261; x_wconf 87' lang='lat' dir='ltr'><strong>jam</strong></span> <span class='ocrx_word' id='word_1_741' title='bbox 2612 5204 2744 5245; x_wconf 90' lang='lat' dir='ltr'><strong>vero</strong></span> <span class='ocrx_word' id='word_1_742' title='bbox 2791 5188 3082 5244; x_wconf 86' lang='lat' dir='ltr'><strong>redeamus</strong></span> <span class='ocrx_word' id='word_1_743' title='bbox 3149 5185 3219 5240; x_wconf 90' lang='lat' dir='ltr'><strong>ad</strong></span> <span class='ocrx_word' id='word_1_744' title='bbox 3277 5184 3410 5240; x_wconf 90' lang='lat' dir='ltr'><strong>illud</strong></span> <span class='ocrx_word' id='word_1_745' title='bbox 3441 5181 3578 5237; x_wconf 85' lang='lat' dir='ltr'><strong>unde</strong></span> <span class='ocrx_word' id='word_1_746' title='bbox 3625 5177 3767 5231; x_wconf 80' lang='lat' dir='ltr'><strong>diver-</strong></span> 
     </span>
    </p>
   </div>
   <div class='ocr_carea' id='block_1_103' title="bbox 500 5292 766 5346">
    <p class='ocr_par' dir='ltr' id='par_1_103' title="bbox 500 5292 766 5346">
     <span class='ocr_line' id='line_1_103' title="bbox 500 5292 766 5346; baseline 0.004 -3"><span class='ocrx_word' id='word_1_747' title='bbox 500 5314 508 5323; x_wconf 90' lang='lat'><strong>-</strong></span> <span class='ocrx_word' id='word_1_748' title='bbox 581 5292 766 5346; x_wconf 75' lang='lat' dir='ltr'><strong>timus.</strong></span> 
     </span>
    </p>
   </div>
   <div class='ocr_carea' id='block_1_104' title="bbox 649 5361 2124 5445">
    <p class='ocr_par' dir='ltr' id='par_1_104' title="bbox 649 5374 2120 5440">
     <span class='ocr_line' id='line_1_104' title="bbox 649 5374 2120 5440; baseline -0.007 0"><span class='ocrx_word' id='word_1_749' title='bbox 649 5385 740 5440; x_wconf 81' lang='lat' dir='ltr'><strong>l-V.</strong></span> <span class='ocrx_word' id='word_1_750' title='bbox 779 5381 917 5438; x_wconf 88' lang='lat' dir='ltr'><strong>Cum</strong></span> <span class='ocrx_word' id='word_1_751' title='bbox 945 5380 1091 5437; x_wconf 90' lang='lat' dir='ltr'><strong>enim</strong></span> <span class='ocrx_word' id='word_1_752' title='bbox 1117 5393 1426 5436; x_wconf 84' lang='lat' dir='ltr'><strong>sermonem</strong></span> <span class='ocrx_word' id='word_1_753' title='bbox 1453 5376 1744 5432; x_wconf 89' lang='lat' dir='ltr'><strong>instituere</strong></span> <span class='ocrx_word' id='word_1_754' title='bbox 1773 5374 2120 5432; x_wconf 86' lang='lat' dir='ltr'><strong>contendisse</strong></span> 
     </span>
    </p>
   </div>
   <div class='ocr_carea' id='block_1_105' title="bbox 2227 5361 3764 5445">
    <p class='ocr_par' dir='ltr' id='par_1_105' title="bbox 2326 5361 3764 5445">
     <span class='ocr_line' id='line_1_105' title="bbox 2326 5361 3764 5445; baseline -0.002 -19"><span class='ocrx_word' id='word_1_755' title='bbox 2326 5371 2405 5428; x_wconf 76' lang='grc' dir='ltr'><strong>Δέ</strong></span> <span class='ocrx_word' id='word_1_756' title='bbox 2432 5372 2580 5445; x_wconf 78' lang='grc' dir='ltr'>Πρὸς</span> <span class='ocrx_word' id='word_1_757' title='bbox 2614 5371 2722 5442; x_wconf 81' lang='grc' dir='ltr'>γὰρ</span> <span class='ocrx_word' id='word_1_758' title='bbox 2751 5372 2925 5440; x_wconf 84' lang='grc' dir='ltr'>λόγων</span> <span class='ocrx_word' id='word_1_759' title='bbox 2955 5370 3290 5425; x_wconf 86' lang='grc' dir='ltr'>κατάστασιν</span> <span class='ocrx_word' id='word_1_760' title='bbox 3318 5369 3346 5421; x_wconf 80' lang='grc' dir='ltr'><strong>ὁ</strong></span> <span class='ocrx_word' id='word_1_761' title='bbox 3367 5367 3520 5437; x_wconf 79' lang='grc' dir='ltr'>φίλος</span> <span class='ocrx_word' id='word_1_762' title='bbox 3546 5361 3764 5421; x_wconf 78' lang='grc' dir='ltr'>ἐντείναςο</span> 
     </span>
    </p>
   </div>
   <div class='ocr_carea' id='block_1_106' title="bbox 581 5457 2124 5548">
    <p class='ocr_par' dir='ltr' id='par_1_106' title="bbox 581 5467 2121 5543">
     <span class='ocr_line' id='line_1_106' title="bbox 581 5467 2121 5543; baseline -0.007 -10"><span class='ocrx_word' id='word_1_763' title='bbox 581 5476 881 5542; x_wconf 86' lang='lat' dir='ltr'><strong>Cabasilas,</strong></span> <span class='ocrx_word' id='word_1_764' title='bbox 908 5473 1142 5529; x_wconf 88' lang='lat' dir='ltr'><strong>sublatis</strong></span> <span class='ocrx_word' id='word_1_765' title='bbox 1168 5471 1368 5543; x_wconf 89' lang='lat' dir='ltr'><strong>quibus</strong></span> <span class='ocrx_word' id='word_1_766' title='bbox 1394 5478 1553 5525; x_wconf 87' lang='lat' dir='ltr'><strong>antea</strong></span> <span class='ocrx_word' id='word_1_767' title='bbox 1576 5485 1696 5525; x_wconf 88' lang='lat' dir='ltr'><strong>sese</strong></span> <span class='ocrx_word' id='word_1_768' title='bbox 1725 5467 2036 5523; x_wconf 85' lang='lat' dir='ltr'><strong>occultabat</strong></span> <span class='ocrx_word' id='word_1_769' title='bbox 2067 5467 2121 5522; x_wconf 91' lang='lat' dir='ltr'><strong>in</strong></span> 
     </span>
    </p>
   </div>
   <div class='ocr_carea' id='block_1_107' title="bbox 2227 5457 3765 5548">
    <p class='ocr_par' dir='ltr' id='par_1_107' title="bbox 2255 5457 3765 5548">
     <span class='ocr_line' id='line_1_107' title="bbox 2255 5457 3765 5548; baseline -0.007 -30"><span class='ocrx_word' id='word_1_770' title='bbox 2255 5465 2351 5518; x_wconf 73' lang='grc' dir='ltr'>καὶ</span> <span class='ocrx_word' id='word_1_771' title='bbox 2381 5467 2448 5518; x_wconf 78' lang='grc' dir='ltr'>τὰ</span> <span class='ocrx_word' id='word_1_772' title='bbox 2501 5466 2631 5534; x_wconf 74' lang='grc' dir='ltr'>πρὶν</span> <span class='ocrx_word' id='word_1_773' title='bbox 2670 5463 3101 5534; x_wconf 74' lang='grc' dir='ltr'>ἐπικαλύμματα</span> <span class='ocrx_word' id='word_1_774' title='bbox 3145 5460 3534 5530; x_wconf 79' lang='grc' dir='ltr'>παρωσάμενος</span> <span class='ocrx_word' id='word_1_775' title='bbox 3563 5457 3765 5548; x_wconf 57' lang='lat' dir='ltr'><strong>animi:</strong></span> 
     </span>
    </p>
   </div>
   <div class='ocr_carea' id='block_1_108' title="bbox 581 5545 2124 5629">
    <p class='ocr_par' dir='ltr' id='par_1_108' title="bbox 581 5558 2123 5629">
     <span class='ocr_line' id='line_1_108' title="bbox 581 5558 2123 5629; baseline -0.006 -9"><span class='ocrx_word' id='word_1_776' title='bbox 581 5566 821 5623; x_wconf 77' lang='lat' dir='ltr'><strong>volucris</strong></span> <span class='ocrx_word' id='word_1_777' title='bbox 857 5565 1137 5629; x_wconf 87' lang='lat' dir='ltr'><strong>omnibus,</strong></span> <span class='ocrx_word' id='word_1_778' title='bbox 1173 5570 1320 5619; x_wconf 82' lang='lat' dir='ltr'><strong>totus</strong></span> <span class='ocrx_word' id='word_1_779' title='bbox 1351 5559 1456 5616; x_wconf 83' lang='lat' dir='ltr'><strong>fuit</strong></span> <span class='ocrx_word' id='word_1_780' title='bbox 1489 5559 1545 5615; x_wconf 91' lang='lat' dir='ltr'><strong>in</strong></span> <span class='ocrx_word' id='word_1_781' title='bbox 1593 5559 1865 5615; x_wconf 85' lang='lat' dir='ltr'><strong>laudando</strong></span> <span class='ocrx_word' id='word_1_782' title='bbox 1909 5558 2123 5613; x_wconf 79' lang='lat' dir='ltr'><strong>Palama</strong></span> 
     </span>
    </p>
   </div>
   <div class='ocr_carea' id='block_1_109' title="bbox 2227 5545 3765 5629">
    <p class='ocr_par' dir='ltr' id='par_1_109' title="bbox 2259 5545 3765 5628">
     <span class='ocr_line' id='line_1_109' title="bbox 2259 5545 3765 5628; baseline -0.013 -17"><span class='ocrx_word' id='word_1_783' title='bbox 2259 5559 2367 5622; x_wconf 78' lang='grc' dir='ltr'><strong>πᾶς</strong></span> <span class='ocrx_word' id='word_1_784' title='bbox 2408 5557 2520 5611; x_wconf 86' lang='grc' dir='ltr'><strong>τῶν</strong></span> <span class='ocrx_word' id='word_1_785' title='bbox 2552 5556 2844 5628; x_wconf 71' lang='grc' dir='ltr'>ἐγκωμίων</span> <span class='ocrx_word' id='word_1_786' title='bbox 2867 5555 3098 5628; x_wconf 65' lang='grc' dir='ltr'>ζὲγίνετο</span> <span class='ocrx_word' id='word_1_787' title='bbox 3145 5556 3240 5607; x_wconf 78' lang='grc' dir='ltr'><strong>καὶ</strong></span> <span class='ocrx_word' id='word_1_788' title='bbox 3265 5551 3539 5621; x_wconf 84' lang='grc' dir='ltr'>θειασμῶν</span> <span class='ocrx_word' id='word_1_789' title='bbox 3573 5545 3664 5601; x_wconf 84' lang='grc' dir='ltr'><strong>τῶν</strong></span> <span class='ocrx_word' id='word_1_790' title='bbox 3693 5545 3765 5594; x_wconf 82' lang='grc' dir='ltr'><strong>τοῦ</strong></span> 
     </span>
    </p>
   </div>
   <div class='ocr_carea' id='block_1_110' title="bbox 1926 5701 2492 5768">
    <p class='ocr_par' dir='ltr' id='par_1_110' title="bbox 1926 5701 2492 5768">
     <span class='ocr_line' id='line_1_110' title="bbox 1926 5701 2492 5768; baseline -0.004 -2"><span class='ocrx_word' id='word_1_791' title='bbox 1926 5701 2256 5768; x_wconf 81' lang='lat' dir='ltr'><strong>Variorum</strong></span> <span class='ocrx_word' id='word_1_792' title='bbox 2301 5708 2492 5765; x_wconf 69' lang='lat' dir='ltr'><strong>notae.</strong></span> 
     </span>
    </p>
   </div>
   <div class='ocr_carea' id='block_1_111' title="bbox 2257 5830 3757 5918">
    <p class='ocr_par' dir='ltr' id='par_1_111' title="bbox 2257 5830 3757 5918">
     <span class='ocr_line' id='line_1_111' title="bbox 2257 5830 3757 5918; baseline -0.014 -11"><span class='ocrx_word' id='word_1_793' title='bbox 2257 5855 2438 5911; x_wconf 88' lang='lat' dir='ltr'><strong>ctione</strong></span> <span class='ocrx_word' id='word_1_794' title='bbox 2478 5855 2714 5911; x_wconf 86' lang='lat' dir='ltr'><strong>admissa</strong></span> <span class='ocrx_word' id='word_1_795' title='bbox 2740 5863 3034 5913; x_wconf 84' lang='lat' dir='ltr'><strong>verterem.</strong></span> <span class='ocrx_word' id='word_1_796' title='bbox 3077 5859 3198 5904; x_wconf 83' lang='lat' dir='ltr'><strong>tunc</strong></span> <span class='ocrx_word' id='word_1_797' title='bbox 3246 5850 3462 5918; x_wconf 78' lang='lat' dir='ltr'><strong>hujusce</strong></span> <span class='ocrx_word' id='word_1_798' title='bbox 3508 5844 3618 5901; x_wconf 69' lang='lat' dir='ltr'><strong>dicti</strong></span> <span class='ocrx_word' id='word_1_799' title='bbox 3641 5830 3757 5894; x_wconf 75' lang='lat' dir='ltr'><strong>nulla</strong></span> 
     </span>
    </p>
   </div>
   <div class='ocr_carea' id='block_1_112' title="bbox 659 5858 2147 5934">
    <p class='ocr_par' dir='ltr' id='par_1_112' title="bbox 659 5858 2147 5934">
     <span class='ocr_line' id='line_1_112' title="bbox 659 5858 2147 5934; baseline -0.004 -17"><span class='ocrx_word' id='word_1_800' title='bbox 659 5861 772 5934; x_wconf 80' lang='grc'><strong>(50)</strong></span> <span class='ocrx_word' id='word_1_801' title='bbox 807 5861 924 5917; x_wconf 86' lang='lat' dir='ltr'><strong>Non</strong></span> <span class='ocrx_word' id='word_1_802' title='bbox 953 5863 1102 5919; x_wconf 90' lang='lat' dir='ltr'><strong>omni</strong></span> <span class='ocrx_word' id='word_1_803' title='bbox 1131 5860 1446 5934; x_wconf 76' lang='lat' dir='ltr'><strong>suspicione</strong></span> <span class='ocrx_word' id='word_1_804' title='bbox 1471 5859 1655 5934; x_wconf 80' lang='lat' dir='ltr'><strong>mendi</strong></span> <span class='ocrx_word' id='word_1_805' title='bbox 1687 5868 1839 5934; x_wconf 81' lang='lat' dir='ltr'><strong>caret</strong></span> <span class='ocrx_word' id='word_1_806' title='bbox 1863 5858 2147 5934; x_wconf 72' lang='lat' dir='ltr'><strong>lticlocus.</strong></span> 
     </span>
    </p>
   </div>
   <div class='ocr_carea' id='block_1_113' title="bbox 2260 5924 3344 5995">
    <p class='ocr_par' dir='ltr' id='par_1_113' title="bbox 2260 5924 3344 5995">
     <span class='ocr_line' id='line_1_113' title="bbox 2260 5924 3344 5995; baseline -0.004 -17"><span class='ocrx_word' id='word_1_807' title='bbox 2260 5933 2419 5995; x_wconf 73' lang='lat' dir='ltr'><strong>ferme</strong></span> <span class='ocrx_word' id='word_1_808' title='bbox 2453 5930 2587 5982; x_wconf 83' lang='lat' dir='ltr'><strong>ratio</strong></span> <span class='ocrx_word' id='word_1_809' title='bbox 2611 5927 2849 5981; x_wconf 82' lang='lat' dir='ltr'><strong>habenda</strong></span> <span class='ocrx_word' id='word_1_810' title='bbox 2886 5937 2982 5980; x_wconf 78' lang='lat' dir='ltr'><strong>est.</strong></span> <span class='ocrx_word' id='word_1_811' title='bbox 3009 5924 3344 5978; x_wconf 59' lang='lat' dir='ltr'><strong>Carrsnoxs.</strong></span> 
     </span>
    </p>
   </div>
   <div class='ocr_carea' id='block_1_114' title="bbox 591 5928 2142 6004">
    <p class='ocr_par' dir='ltr' id='par_1_114' title="bbox 591 5928 2142 6004">
     <span class='ocr_line' id='line_1_114' title="bbox 591 5928 2142 6004; baseline -0.003 -17"><span class='ocrx_word' id='word_1_812' title='bbox 591 5928 794 5990; x_wconf 71' lang='lat' dir='ltr'><strong>Forsan</strong></span> <span class='ocrx_word' id='word_1_813' title='bbox 831 5934 1117 6004; x_wconf 81' lang='lat' dir='ltr'><strong>legendum</strong></span> <span class='ocrx_word' id='word_1_814' title='bbox 1150 5928 1272 5987; x_wconf 71' lang='grc' dir='ltr'>τότε</span> <span class='ocrx_word' id='word_1_815' title='bbox 1301 5931 1364 6004; x_wconf 77' lang='grc' dir='ltr'><strong>δὴ</strong></span> <span class='ocrx_word' id='word_1_816' title='bbox 1389 5930 1584 6003; x_wconf 47' lang='grc' dir='ltr'>μικρὰ</span> <span class='ocrx_word' id='word_1_817' title='bbox 1610 5948 1695 5996; x_wconf 81' lang='grc' dir='ltr'><strong>τις</strong></span> <span class='ocrx_word' id='word_1_818' title='bbox 1724 5948 1778 5988; x_wconf 89' lang='grc' dir='ltr'>κ.</span> <span class='ocrx_word' id='word_1_819' title='bbox 1823 5931 1874 5987; x_wconf 87' lang='grc' dir='ltr'>λ.</span> <span class='ocrx_word' id='word_1_820' title='bbox 1906 5928 2024 5995; x_wconf 85' lang='lat' dir='ltr'><strong>Qua</strong></span> <span class='ocrx_word' id='word_1_821' title='bbox 2068 5929 2142 5982; x_wconf 77' lang='lat' dir='ltr'><strong>lc—</strong></span> 
     </span>
    </p>
   </div>
  </div>
