3856 6584
215 469 353 534 1337
590 462 664 545 [ιτ
695 479 746 520 c.
776 462 937 535 ιδει]

1151 464 1592 528 BYZANTlN/E
1629 461 2019 525 HlSTORI/E
2059 462 2213 526 LIB.
2242 462 2436 524 XXII.

2565 455 2700 529 [ειη.
2729 470 2773 510 ι.
2814 466 3109 508 cuneta.
3146 454 3202 522 5|
3323 456 3458 516 1333

211 602 358 655 μεως
388 585 483 640 καὶ
516 584 720 655 ἰσχύος,
755 585 883 639 ἄνευ
916 583 1106 647 οὐσίας
1139 584 1276 655 πρὸς
1303 585 1450 655 ἡμᾶς
1485 590 1774 651 κατιουσης

1884 581 1980 637 Dei
2018 582 2277 637 thr’onum
2327 595 2477 636 sacra
2512 581 2798 651 Scriptura
2852 577 3088 642 vocavit)
3128 574 3462 645 participare

207 680 451 747 ἑκάστης
487 679 583 732 καὶ
617 677 877 746 ποιούσης
911 675 1202 738 ἀκτίστους
1235 691 1252 708 ·
1283 676 1447 744 ἄλλης
1478 674 1579 745 μὲν
1616 673 1777 742 οὕσης

205 773 304 827 καὶ
333 772 544 842 μακρὸν
566 770 625 824 τδ
648 771 906 838 διάφορον
938 772 1002 823 ὲκ
1031 770 1129 839 τῆς
1154 769 1343 832 οὐσίας
1375 768 1603 839 ἐχούσης
1624 783 1640 796 ·
1665 768 1783 821 θεό-

204 878 371 931 τητος
404 860 452 913 δ’
480 858 648 930 οὔσης
678 860 773 913 καὶ
802 860 995 929 αὐτῆς,
1026 858 1285 912 ἀκτίστου
1321 859 1442 928 μὲν,
1481 857 1783 930 ὑφειμένης

205 951 253 1006 δ’
283 952 398 1007 οὖν.
434 970 455 1005 ι
488 952 678 1006 Ταῦτα
706 951 751 1005 δ’
783 951 950 1005 αὐτοῦ
976 951 1286 1017 διεξιόντος,
1315 952 1466 1022 κῦμα
1499 952 1592 1004 καὶ
1622 950 1784 1005 σάλον

206 1041 322 1114 εἶχε
354 1045 416 1099 τὸ
446 1040 574 1117 ἦθος
603 1043 770 1098 αὑτοῦ
791 1060 807 1076 ·
844 1046 943 1099 καῖ
969 1043 1207 1097 ἐνέκειτο
1238 1043 1385 1112 μάλα
1422 1044 1687 1114 σφοδρῶς,
1719 1044 1784 1097 ἐκ

203 1135 304 1188 τοῦ
337 1135 586 1203 μείζονος
620 1117 869 1188 ἀπαιτῶν
893 1176 909 1200 ,
940 1135 1201 1205 ὁπότερον
1248 1133 1570 1203 ἀνελοίμην
1622 1133 1785 1196 αὐτὸς

203 1226 356 1280 δυοῖν
382 1228 557 1281 ὄντοιν
579 1225 949 1298 πραγμάτοιν,
969 1224 1297 1288 ἀντιθέσεως
1322 1224 1417 1277 καὶ
1439 1221 1782 1292 συγκαταθέα

205 1336 369 1382 σεως.
748 1332 759 1341 ‘

1887 691 1997 730 non
2037 676 2305 739 valemus,
2336 675 2431 729 sed
2477 676 2597 745 ejus
2648 675 3052 744 operationem,
3099 661 3484 734 voluntatem,

1886 769 2075 831 vitam,
2098 767 2395 838 potentiam
2422 776 2479 820 et
2503 767 2763 821 virtutem
2785 766 3199 835 participamus,
3226 774 3458 830 quarum

1887 873 2231 929 unaquaeque
2284 858 2492 927 absque
2546 858 2850 911 substantia
2892 855 3178 910 descendit
3213 852 3282 906 ad
3332 865 3464 915 nos,

1883 966 2021 1023 quos
2049 960 2104 1005 et
2135 950 2408 1005 increatos
2435 948 2619 1003 efﬁcit.
2662 948 2730 1002 Et
2758 948 2977 1017 quidem
3016 947 3232 1001 illarum
3265 943 3462 1013 quaeli-

1881 1044 1976 1098 bet
2006 1043 2109 1096 alia
2140 1050 2225 1097 est
2246 1058 2275 1095 a
2303 1039 2486 1095 divina
2517 1040 2844 1103 substantia,
2871 1054 2901 1092 a
2931 1055 3038 1107 qua
3067 1038 3228 1106 longe
3253 1036 3461 1100 distat;

1883 1144 2125 1189 attamen
2164 1134 2278 1204 ipsa
2313 1150 2535 1204 quoque
2573 1134 2762 1188 Deitas
2794 1143 2881 1187 est
2913 1133 3178 1195 iuereata,
3207 1128 3460 1200 quamvis

1886 1227 2136 1281 inferior.
2177 1247 2197 1280 ι
2243 1226 2377 1282 Cum
2428 1228 2528 1283 ista
2581 1227 2818 1282 dicendo
2866 1234 3243 1296 percurreret,
3293 1221 3460 1277 maris

1887 1315 2133 1371 adiustar
2179 1318 2446 1373 aestuabat
2479 1326 2535 1372 et‘
2564 1318 3019 1374 commovebatur
3047 1317 3165 1387 ejus
3203 1314 3457 1369 animus:

205 1418 322 1464 tum
357 1411 533 1468 multo
559 1411 730 1483 magis
760 1410 1027 1478 instabat,
1053 1425 1084 1465 a
1109 1423 1196 1466 me
1254 1423 1531 1480 quaerens,
1564 1416 1746 1463 utrum
1778 1422 1811 1464 e
1849 1408 2071 1465 duobus
2134 1410 2435 1481 eligerem;
2468 1427 2599 1466 num
2644 1411 2855 1467 scilicet
2906 1410 3361 1471 contratlicerem,
3391 1421 3463 1460 an

202 1516 338 1557 vero
368 1503 684 1558 assentirer.

273 1595 357 1647 ιιν.
378 1591 695 1647 ’Υπολαϐὼν
719 1592 852 1661 γοῦν
880 1591 991 1662 ἐγὼ
1017 1592 1157 1663 πρὸς
1195 1592 1289 1647 δύο
1320 1592 1421 1663 τήν
1457 1590 1786 1663 παροιμίαν,

1960 1591 2098 1649 Vill.
2127 1593 2240 1664 Ego
2275 1594 2460 1664 itaque
2493 1593 2715 1648 ltuncin
2737 1591 2958 1646 modum
2993 1590 3289 1661 restandi:
3331 1608 3350 1641 ι
3382 1590 3461 1644 Ne

207 1705 233 1740 τ
271 1688 423 1758 Μηδὲ
452 1687 543 1740 τδν
577 1686 853 1758 Ἡρακλέα
896 1686 1149 1740 διδοῦσαν
1187 1684 1372 1740 ἀκούω
1416 1684 1479 1737 τὸ
1527 1682 1774 1737 δύνασθαι

1888 1688 2151 1744 Hercules
2182 1688 2405 1759 quidem
2435 1687 2700 1743 adversus
2734 1687 2872 1741 duos
2909 1687 3080 1756 aequis
3118 1684 3329 1740 viribus
3364 1700 3466 1754 pu-

204 1780 345 1847 πρὶς
390 1777 682 1831 ἀντίπαλον
721 1778 964 1846 ἔφασκον
997 1777 1197 1848 μάχην.
1243 1775 1386 1839 Ἐγὼ
1410 1775 1468 1829 δὲ
1500 1777 1598 1830 καὶ
1629 1776 1774 1845 μόνος

1887 1795 2056 1851 guare
2091 1791 2294 1850 posset,
2324 1790 2381 1835 ut
2422 1796 2490 1834 ex
2523 1780 2695 1834 veteri
2729 1778 3024 1846 proverbio
3054 1776 3244 1832 didici.
3290 1776 3470 1831 Porro

197 1870 280 1925 ὣν
302 1871 570 1934 ἐνταυθοῖ,
597 1872 692 1923 καὶ
710 1869 951 1938 δέσμιος,
983 1871 1080 1923 καὶ
1105 1868 1240 1939 μηδὲ
1268 1867 1442 1938 βραχὺ
1475 1868 1536 1920 τὸ
1567 1867 1774 1937 θαρρείι

1887 1888 2009 1928 sum
2036 1873 2128 1928 hic
2150 1872 2322 1941 solus,
2346 1882 2402 1929 et
2435 1874 2673 1936 vinctus,
2711 1873 2798 1927 cui
2836 1887 2904 1926 ne
2935 1870 3206 1925 tantillum
3240 1869 3465 1940 quidem

196 1962 345 2032 ἔχων
377 1965 441 2017 ὲκ
471 1962 566 2016 τοῦ
598 1961 814 2032 καιροῦ,
853 1962 987 2032 πρὸς
1017 1961 1109 2014 δύο
1138 1961 1232 2014 τὸν
1262 1961 1452 2030 ἀγῶνα
1513 1960 1774 2014 ποιεῖσθαι

1889 1966 2095 2021 audere
2128 1982 2228 2036 per
2261 1966 2364 2021 hoc
2392 1975 2607 2035 tempus
2641 1964 2790 2019 licet.
2824 1963 3002 2033 Cogor
3035 1974 3213 2017 tamen
3250 1968 3464 2015 certare

196 2057 672 2125 ἀναγκαζόμενος,
702 2056 1112 2128 τεθαῤῥηκυίας
1143 2056 1473 2117 ὁπλίσαντας
1507 2057 1565 2107 ὲν
1605 2054 1786 2125 ταυτῷ
1824 2112 1829 2115 _

193 2154 295 2205 καὶ
312 2152 559 2218 γλώττας
580 2153 675 2204 καὶ
695 2148 939 2219 γνώμας.
956 2152 1014 2203 ὲν
1029 2153 1062 2203 ἀ
1070 2150 1247 2221 μαρτύ
1255 2168 1332 2219 ρῳ
1351 2151 1549 2219 σταδίῳ
1561 2148 1630 2203 τά
1647 2151 1787 2204 κατὰ

193 2244 459 2314 βούλησιν
485 2241 565 2314 [Ρ.
608 2242 732 2315 666]
756 2243 971 2297 ἅπαντα
997 2243 1179 2310 λέγειν
1202 2242 1416 2311 ἀφόϐως
1439 2243 1668 2313 ἐχούσας
1691 2243 1784 2296 καὶ

190 2337 623 2404 ἀποφαίνεσθαι,
638 2338 732 2391 καὶ
749 2335 1054 2390 διαϐάλλειν
1073 2334 1205 2405 πρὸς
1233 2320 1472 2399 ἀπόντας
1495 2336 1780 2399 ἀπιόντας,

193 2429 334 2500 μήτ’
375 2428 505 2494 ἐμοῦ
550 2430 836 2498 παρόντος,
895 2427 1024 2497 μήτ’
1052 2427 1264 2490 οὐδενὸς
1315 2427 1505 2496 ἑτέρου
1538 2428 1632 2479 τοῦ
1677 2426 1780 2491 τὴν

188 2521 464 2590 ἀληθειαν
487 2519 601 2573 ἀντ’
633 2519 774 2590 ἐμοῦ
799 2508 1269 2590 μαρτυρήσοντος,
1301 2518 1365 2569 ἐν
1382 2517 1553 2587 στενῷ
1579 2517 1779 2588 κομιδῇ

186 2615 299 2685 τὴν
338 2613 438 2684 τῆς
473 2613 782 2683 ἀμηχανίας
819 2611 934 2682 δρῶ
977 2626 1067 2679 μοι
1102 2611 1428 2680 περίστασιν
1462 2610 1777 2679 ἑστηκυῖαν.

192 2709 398 2769 Ὄντος
426 2705 534 2773 γὰρ
580 2703 842 2772 ἐκατέρου
873 2701 1067 2770 κομιδῇ
1102 2698 1366 2771 φορτικοῦ
1385 2738 1401 2764 ,
1431 2697 1526 2752 τοῦ
1555 2714 1613 2750 τε
1648 2701 1775 2770 σιγῇ

187 2800 300 2862 τὰς
324 2800 423 2868 τῆς
444 2796 538 2851 νῦν
566 2795 734 2866 ἀκοῆς
763 2797 1006 2861 ἐνεγκεῖν
1033 2792 1331 2864 τρικυμίας
1360 2793 1452 2847 καὶ
1479 2791 1573 2845 τοῦ
1598 2808 1777 2862 παρα-

186 2893 388 2963 χρῆμα
426 2892 552 2955 τοὺς
596 2890 696 2959 τῆς
743 2890 972 2948 ἀτοπίας
1011 2887 1267 2957 ἐλέγχους
1312 2884 1567 2955 κομίζειν
1614 2883 1776 2953 ὑμῖν,

187 2978 293 3043 οὓς
340 2982 492 3051 τάμὰ
536 2980 846 3035 διαϐάλλειν
890 2979 1043 3033 οὐδὲν
1086 2979 1194 3032 τῶν
1244 2977 1501 3032 ἁπάντων
1542 2976 1637 3031 ἐπὶ
1676 2977 1777 3047 τῆς

184 3076 436 3147 ἐρημίας
481 3076 685 3144 ταύτης
737 3072 1007 3140 κωλύσει,
1039 3071 1303 3143 δύσεργὸς
1360 3088 1450 3141 μοι
1497 3070 1593 3124 καὶ
1629 3069 1775 3140 μάλα

184 3167 531 3238 δυσέμϐολος
564 3169 596 3237 ἡ
629 3165 971 3237 ἐπιχείρησις
1008 3165 1142 3233 πρὸς
1176 3164 1439 3232 ἑκάτερον
1476 3163 1775 3235 ἀναφαίνε-

184 3280 308 3316 ται.
363 3262 727 3330 Ἀναιμάκτου
775 3259 884 3329 γὰρ
936 3256 1105 3327 οὔσης
1134 3257 1228 3326 τῆς
1277 3257 1455 3327 μάχης
1481 3295 1496 3322 ,
1532 3256 1628 3309 καὶ
1665 3256 1775 3309 τῶν

1889 2058 2158 2113 adversus
2187 2060 2347 2126 duos.
2376 2059 2471 2117 qui
2501 2057 2735 2111 audaces
2760 2056 2977 2127 linguas
3005 2063 3061 2110 et
3085 2063 3298 2109 mentes
3321 2054 3467 2123 pari-

1890 2159 1970 2203 ter
2000 2158 2305 2215 armaru‘nt,
2332 2158 2388 2205 et
2419 2152 2473 2203 in
2506 2149 2691 2204 stadio
2717 2148 2822 2203 hoc
2851 2147 3086 2203 testibus
3113 2161 3285 2200 vacuo
3315 2160 3495 2215 quam

1884 2256 2105 2312 cunque
2129 2240 2408 2297 voluerint
2435 2239 2583 2310 loqui
2613 2250 2671 2295 et
2693 2239 3059 2310 pronuntiare
3080 2245 3340 2307 possunt:
3369 2234 3462 2289 ubi

1884 2346 2065 2390 autem
2101 2335 2453 2395 recesserint,
2488 2333 2624 2404 ipsis
2657 2332 2816 2387 facile
2865 2331 2971 2387 erit
3018 2330 3166 2398 apud
3207 2328 3467 2383 abseutns

1846 2428 2228 2492 tealumniari,
2279 2426 2410 2480 dum
2452 2441 2555 2482 nec
2592 2441 2694 2496 ego
2744 2425 2935 2489 adero,
2994 2437 3098 2477 nec
3146 2422 3308 2484 alius,
3365 2419 3461 2487 qui

1884 2534 2009 2573 mea
2037 2520 2155 2573 vice
2181 2518 2400 2573 veritati
2433 2517 2809 2573 testimonium
2850 2515 3137 2585 perhibeat
3173 2532 3185 2568 :
3226 2513 3368 2567 unde
3402 2512 3462 2567 in

1882 2627 2106 2681 magna:
2149 2624 2335 2665 rerum
2378 2610 2657 2681 angustias
2696 2618 2750 2664 et
2786 2608 3135 2662 dillicnltatcs
3180 2608 3461 2660 redactum

1881 2721 1967 2760 me
1998 2705 2174 2759 video.
2218 2702 2357 2758 Nam
2385 2716 2510 2757 cum
2548 2711 2846 2770 utrumque
2881 2699 3036 2757 valde
3069 2698 3356 2752 n‘telestum
3398 2711 3463 2750 ac

1879 2813 2042 2869 grave
2083 2797 2180 2862 sit,
2229 2810 2324 2850 seu
2377 2795 2698 2858 verborum,
2750 2808 2870 2863 qua:
2915 2791 3249 2853 audivimus,
3303 2790 3462 2859 σμιηεί

1879 2891 2214 2946 dccumanos
2236 2888 2434 2944 ﬂuctus
2456 2905 2581 2944 cum
2605 2888 2826 2942 silentio
2849 2887 3103 2945 tolerare.
3131 2900 3228 2939 seu
3253 2895 3461 2937 extern-

1878 2982 2118 3052 poralem
2175 2982 2369 3036 barum
2423 2980 2639 3050 1059
2688 2980 3020 3049 ineptiarum
3070 2979 3456 3032 refutationem

1879 3075 2033 3129 vobis
2060 3073 2278 3136 afferre,
2301 3088 2440 3143 quos
2466 3074 2604 3127 nihil
2627 3073 2925 3142 quidquam
2952 3072 3009 3125 in
3034 3070 3136 3125 hac
3161 3070 3459 3125 solitudine

1876 3169 2170 3238 probim-rc
2202 3167 2430 3235 poterit,
2463 3167 2760 3235 quominus
2800 3179 2949 3219 meas
2979 3177 3068 3217 res
3097 3160 3456 3224 obtrectetis;

1878 3260 2008 3314 hinc
2033 3259 2254 3313 diﬂieile
2280 3258 2411 3313 mihi
2443 3259 2660 3312 videtur
2687 3272 2749 3311 ac
2776 3254 2932 3309 valde
2960 3253 3213 3314 arduum,
3245 3261 3465 3306 utrum-

185 3354 432 3421 λογικῶν
461 3353 638 3421 ξιφῶν
668 3354 762 3406 καὶ
804 3350 1142 3423 τραυμάτων
1172 3347 1287 3417 τὰς,
1312 3348 1643 3420 ἀντερείσεις
1673 3348 1772 3416 τῆς

1880 3355 2014 3409 libet
2046 3353 2246 3407 horum
2282 3351 2522 3422 aggredi.
2555 3350 2691 3415 Quia
2723 3349 2871 3403 enim
2912 3348 3198 3403 incruenta
3223 3354 3309 3401 est
3341 3347 3456 3400 haec

181 3446 490 3515 ἀσωμάτου
525 3444 705 3519 ψυχῆς
752 3444 1083 3514 δεχομένης,
1116 3440 1409 3494 εὐδιάϐολα
1452 3440 1551 3510 μὲν
1580 3440 1671 3494 διὰ
1713 3441 1774 3492 τὸ

182 3541 398 3606 ἀφανὲς
433 3544 678 3607 φανεῖται
712 3536 779 3589 τά
810 3538 1079 3606 τροπαία,
1124 3534 1490 3604 ἀγχίστροφος
1526 3532 1571 3587 δ’
1596 3534 1644 3604 δή
1677 3534 1775 3597 τῆς

181 3633 441 3701 γλώττης
495 3629 752 3691 διάθεσις,
803 3629 939 3697 πρὸς
983 3627 1084 3697 τὴν
1128 3626 1227 3696 τῆς
1279 3624 1506 3694 γνώμης
1559 3625 1773 3696 αἵρεσιν

183 3722 587 3792 καπηλεύουσα
609 3719 708 3790 τὴν
748 3719 972 3788 γνώμην
992 3718 1089 3788 τῆς
1121 3717 1379 3789 κρίσεως.
1415 3718 1647 3770 Ἔπειτα
1663 3716 1773 3770 οὐδ’

183 3816 304 3884 ἔχω
349 3814 465 3878 πῶς
493 3813 742 3881 ὀνομάσω
774 3811 871 3880 τὴν
908 3808 1213 3880 παράταξιν
1242 3806 1354 3876 ἐγὼ
1397 3807 1493 3861 τοῦ
1530 3808 1772 3863 τοιούτου

181 3906 455 3976 πολέμου.
486 3901 620 3957 Οὔτε
645 3903 752 3974 γὰρ
789 3900 1095 3973 μονομαχία
1127 3901 1210 3964 τίς
1234 3901 1371 3963 ἐστι,
1393 3899 1486 3954 δύο
1515 3900 1769 3963 καθ’ἑνῆς

180 3998 568 4068 ὁπλιζομένων
588 3996 847 4065 γλωσσῶν
869 4011 884 4027 ο
909 3995 1033 4049 οὔτε
1066 3995 1171 4067 μὴν
1204 3993 1656 4064 στρατευομένων
1680 3994 1774 4047 καὶ

181 4094 502 4165 βλεπόντων
531 4091 731 4157 ἔξωθεν
763 4089 963 4158 ἕστηκε
996 4088 1217 4158 πλῆθος,
1239 4088 1306 4140 ἵν’
1333 4088 1576 4157 ἐμφανὲς
1608 4083 1772 4161 ᾖτῶν

181 4183 613 4252 ἀγωνιζομένων
649 4181 709 4234 τὸ
732 4180 962 4244 στάδιον,
994 4178 1178 4247 ὥσπερ
1200 4173 1311 4232 οἷον
1344 4178 1640 4247 πολεμικαὶ
1673 4198 1772 4233 πε-

182 4279 508 4347 ριτρέχουσι
542 4273 637 4325 καὶ
671 4269 992 4341 περιηχοῦσι
1024 4271 1348 4339 σάλπιγγες,
1380 4274 1449 4323 τὰ
1482 4272 1769 4341 παρακλη-

178 4366 320 4420 τικὰ
364 4361 769 4433 συγκροτοῦσαι
793 4362 904 4413 τῶν
936 4362 994 4414 ὲν
1041 4361 1327 4431 ὑπαίθροις
1372 4361 1628 4430 πολέμων
1653 4379 1667 4393 ·
1696 4361 1771 4426 ὡς

178 4457 603 4528 ἀναγκάζεσθαί
638 4474 704 4525 με
745 4456 928 4509 λοιπὸν
957 4456 1306 4526 ἀμφίστομον
1349 4454 1408 4508 τδ
1438 4456 1535 4524 τῆς
1564 4457 1771 4525 ἡμετέ-

185 4565 293 4618 ρας
330 4546 535 4600 τιθέναι
561 4546 839 4615 φάλαγγος
861 4546 1153 4616 πρόσωπον
1174 4547 1417 4615 τήμερον
1436 4562 1450 4576 ·
1477 4536 1771 4602 ἵν’.ούτωσὶ

181 4642 333 4712 πρὸς
364 4641 626 4710 ἑκατέρας
669 4639 769 4702 τὰς
810 4638 1054 4707 γλώττας
1089 4639 1377 4707 ἐφικνῆται
1414 4655 1533 4702 πως
1573 4641 1668 4694 καὶ
1699 4642 1770 4694 τὰ

176 4734 462 4804 ἡμέτερα,
489 4731 583 4784 νῦν
610 4730 710 4800 μὲν
734 4728 1031 4800 ἀθλοθέτην
1061 4730 1155 4782 καὶ
1185 4729 1444 4800 δικαστὴν
1470 4730 1768 4783 ἀδέκαστον

176 4825 389 4896 ἔχοντα
421 4824 511 4876 τδν
561 4822 860 4892 ἀκοίμητον
893 4821 1172 4891 ὀφθαλμὸν
1200 4821 1294 4875 τοῦ
1336 4823 1495 4887 θεοῦ,
1529 4823 1670 4893 ὑπὲρ
1701 4820 1766 4877 οὗ

175 4916 317 4976 τοὺς
346 4913 538 4976 ἄθλους
567 4912 714 4966 ἀνύω
746 4911 1000 4975 τούτουςο
1031 4912 1256 4983 ὕστερον
1282 4912 1359 4981 δὲ,
1394 4916 1489 4967 καὶ
1516 4914 1626 4967 τῶν
1653 4916 1767 4968 ὅσοι

180 5008 268 5077 μὴ
301 5006 523 5074 πάρεισι
546 5003 641 5058 νῦν
670 5005 771 5057 οὐκ
795 5003 1007 5072 ὀλίγους
1029 5020 1044 5036 ·
1075 5008 1468 5075 παραπομποῐς
1489 5009 1772 5077 χρησάμε-

176 5115 280 5153 νον
302 5100 417 5158 τοῖς
448 5095 736 5165 ἡμετέροις
764 5095 1109 5165 γράμμασιν,
1140 5097 1188 5148 εἰ
1210 5095 1403 5165 χρόνον
1432 5098 1563 5167 ἡμῖν
1592 5097 1772 5168 παρά-

177 5207 317 5260 σχοι
373 5190 502 5252 Θεὸς
564 5187 821 5258 βραχείας
881 5189 982 5258 μέν
1037 5205 1183 5253 τινος
1242 5189 1409 5259 ζωῆς,
1472 5188 1768 5260 ἐλευθέρας

173 5281 228 5334 δ’
256 5280 379 5334 οὖν.
418 5299 436 5332 ι

1878 3461 2077 3516 pugna,
2120 3454 2175 3498 et
2208 3443 2472 3498 adversos
2515 3442 2935 3496 dialecticorum
2971 3438 3276 3510 gladiorum
3311 3437 3455 3493 ictus

1876 3554 1939 3592 ac
1990 3538 2218 3591 vulnera
2280 3536 2499 3590 animus
2553 3534 2910 3604 incorporeus
2963 3530 3196 3600 accipit,
3252 3540 3461 3600 tropaea

1876 3640 2100 3701 pt'vpter
2122 3644 2276 3684 suam
2303 3629 2695 3684 obscuritatem
2719 3627 3010 3684 calumniis
3034 3626 3189 3681 facile
3213 3626 3453 3680 obnoxia

1874 3740 1993 3779 esse
2025 3722 2383 3777 videbuntur.
2412 3720 2649 3775 Aliunde
2680 3735 2809 3775 vero
2842 3720 3041 3789 linguae
3069 3716 3359 3787 dispositio
3385 3718 3456 3771 ad

1875 3814 2079 3869 mentis
2112 3813 2405 3866 arbitrium
2433 3812 2710 3866 versatilis
2742 3820 2846 3877 est,
2889 3820 2942 3866 et
2985 3811 3187 3880 iudicis
3225 3820 3454 3865 senten-

1828 3924 1834 3931 ε
1877 3905 2008 3959 tiam
2040 3907 2367 3973 corrumpit.
2394 3903 2603 3959 Deinde
2637 3904 2824 3958 nescio
2851 3919 2959 3973 quo
2986 3904 3207 3958 demum
3232 3903 3454 3958 nomine

1873 3997 2142 4065 appellem
2176 3997 2300 4053 belli
2333 3996 2508 4052 aciem
2550 3997 2656 4051 hoc
2685 3996 2846 4051 modo
2880 3996 3228 4049 instructam.
3262 3995 3454 4064 Neque

1872 4090 2020 4141 enim
2057 4098 2142 4143 est
2175 4088 2449 4157 singulare
2497 4098 2799 4151 certamen,
2850 4088 3295 4158 quandoquidem
3329 4088 3451 4141 dua:

1873 4190 2065 4234 contra
2096 4197 2264 4234 unum
2295 4181 2490 4249 linguae
2526 4189 2844 4246 armantur;
2881 4197 3061 4251 neque
3094 4182 3449 4237 militantium

1873 4282 1929 4327 et
1961 4272 2326 4342 spectantium
2358 4273 2549 4343 ingens
2580 4282 2733 4326 extra
2765 4273 3019 4327 consiStit
3051 4274 3365 4337 multitudo,
3395 4284 3454 4328 ut

1873 4366 2051 4435 palam
2106 4364 2199 4419 fiat
2241 4364 2595 4441 certantium,
2625 4364 2899 4429 stadium;
2950 4365 3111 4434 quale
3163 4376 3246 4420 est
3295 4367 3450 4433 illud,

1872 4457 2017 4527 quod
2045 4456 2489 4511 circumeurrunt
2513 4466 2570 4509 et
2600 4456 3014 4510 circumsonant
3042 4456 3253 4511 bellicae
3284 4456 3446 4523 tubas,

1873 4551 2000 4604 dum
2031 4549 2321 4603 classicum
2352 4558 2558 4603 canunt
2587 4559 2643 4604 et
2672 4549 2740 4603 ad
2769 4561 2958 4618 aperta
3005 4548 3146 4603 bella
3189 4549 3446 4604 incitant.

1871 4640 2143 4697 Caeterum
2171 4641 2334 4696 hodie
2362 4641 2513 4697 acies
2539 4654 2723 4697 nostra
2752 4642 3064 4697 necessario
3086 4642 3223 4696 mihi
3245 4656 3452 4712 anceps

1874 4745 1929 4788 et
1970 4733 2180 4788 bifrons
2219 4734 2373 4804 quasi
2410 4736 2733 4789 instruenda
2765 4744 2879 4801 est;
2932 4744 2991 4790 ut
3033 4733 3115 4788 sic
3163 4733 3450 4804 utriusque

1876 4825 2174 4881 adversarii
2202 4843 2512 4882 sermonem
2545 4828 2762 4897 aggredi
2796 4828 3296 4897 quomodocunque
3326 4842 3451 4897 pos-

1877 4920 2002 4975 sim.
2025 4919 2091 4973 Et
2116 4934 2261 4973 nunc
2285 4919 2508 4989 quidem
2541 4921 2718 4974 habeo
2747 4920 3063 4983 certaminis
3088 4919 3249 4990 hujus
3273 4920 3449 4973 nostri

1877 5008 2278 5064 moderatorem
2302 5018 2357 5064 et
2385 5010 2763 5080 incorruptum
2789 5008 3055 5081 judiccm,
3079 5009 3199 5074 Dei,
3224 5020 3450 5081 propter

1875 5114 2038 5168 quem
2078 5101 2176 5153 hae
2209 5099 2266 5153 in
2295 5116 2474 5170 pugna
2508 5111 2718 5156 tantum
2753 5101 2957 5156 laboris
2996 5117 3285 5162 consumo,
3319 5119 3451 5172 per-

1875 5191 2091 5262 vigilem
2123 5189 2342 5246 oculum
2371 5209 2385 5246 :
2422 5192 2516 5246 sed
2545 5192 2598 5246 in
2626 5203 2904 5261 posterum
2942 5209 3049 5249 non
3081 5195 3235 5264 pauci
3263 5210 3328 5249 ex
3360 5193 3445 5256 iis,

1875 5281 1971 5352 qui
2019 5282 2168 5336 nunc
2225 5282 2449 5348 adsunt,
2495 5284 2739 5353 ejusdem
2795 5287 3182 5343 controversia:
3234 5287 3447 5355 judices

173 5378 383 5437 erunt,
430 5370 497 5426 ad
549 5385 784 5439 quorum
841 5385 927 5426 me
987 5370 1225 5427 tribunal
1281 5371 1558 5429 deducent
1604 5374 1770 5444 libri;
1813 5390 1971 5447 quos,
2005 5377 2054 5432 si
2086 5376 2223 5431 mihi
2283 5377 2465 5433 brevis
2501 5378 2746 5449 quidem,
2780 5390 2836 5436 at
2863 5382 3049 5438 liberae
3081 5394 3296 5453 tempus
3326 5379 3445 5435 vita

62 5468 77 5491 ‘
173 5468 344 5523 Deus
366 5464 685 5535 pra-buerit,
722 5463 1087 5519 conscribam.
1116 5483 1134 5516 ι

258 5562 344 5614 Θ¹.
382 5578 401 5611 ι
447 5558 521 5612 Τὸ
557 5559 655 5628 μὲν
688 5556 781 5613 οὖν
816 5560 885 5612 τὰ
915 5559 1222 5630 ζητούμενα
1248 5560 1323 5624 ὡς
1355 5560 1769 5633 ὁμολογούμενα

169 5651 460 5717 τίθεσθαι,
506 5651 728 5723 πολλὴν,
767 5672 784 5704 ι
826 5653 986 5721 ἔφην,
1021 5669 1039 5703 ι
1094 5653 1333 5721 ἀμαθίαν
1384 5654 1478 5707 τοῦ
1530 5656 1769 5732 δρῶντος

174 5745 513 5817 κατηγορεῖ,
553 5743 648 5799 καὶ
688 5745 802 5814 ἅμα
856 5742 1022 5796 πολύν
1056 5760 1114 5796 τε
1170 5742 1509 5812 ὁφλισκαίνει
1546 5746 1636 5800 τὸν
1666 5749 1767 5817 τῆς

168 5838 460 5907 αἰσχύνης
490 5837 712 5905 ἔλεγχον
744 5837 837 5890 καὶ
868 5834 1247 5906 μεσημϐρινῆς
1283 5836 1496 5900 ἀκτῖνος
1530 5856 1764 5907 περιφα-

174 5930 469 5999 νέστερον.
510 5926 690 5982 Ἡλίου
725 5927 831 5999 vi?
859 5927 957 5999 τὴν
999 5926 1099 5997 μὲν
1127 5928 1314 5984 οὐσίαν
1347 5928 1494 6000 αύτῴ
1526 5931 1762 6001 οὐρανίῳ

1941 5566 2034 5624 1x.
2069 5568 2195 5626 Haec
2217 5571 2495 5641 praefatus,
2517 5577 2933 5646 responsionem
2961 5591 3132 5629 meam
3158 5575 3244 5630 bis
3261 5576 3449 5631 verbis

1870 5659 2104 5715 institui.
2148 5679 2167 5712 ι
2198 5656 2528 5733 Quicunque
2568 5676 2974 5721 controversam
3020 5682 3133 5721 rem
3184 5676 3440 5736 tauquam

1868 5765 2182 5804 concessam
2235 5753 2451 5824 1060
2506 5758 2678 5821 ponit,
2736 5758 2781 5809 is
2839 5772 3091 5826 magnum
3152 5757 3447 5826 imperitia:

1864 5855 1975 5894 sum
1999 5855 2381 5912 argumentum
2408 5849 2648 5916 prtebet:
2677 5857 2731 5900 ct
2755 5848 2923 5903 Inulto
2945 5848 3212 5902 dedecore
3238 5850 3447 5918 dignus

1863 5944 1943 5989 est
1977 5938 2384 6008 ignominiaque
2419 5943 2761 6007 turpissima,
2794 5957 2913 5998 ante
2947 5943 3259 5997 metidtaua-
3292 5943 3443 6000 incisv
