3942 6646
294 342 455 407 13ίὸ
608 340 681 394 [Α.
721 355 771 395 c.
817 340 977 412 1551]

1193 342 1633 404 ΒΥΖΛΝΤΙΝᾹΞ
1670 340 2049 400 ΙΗΞΤΟΒΙίΕ
2085 342 2224 401 LIB.
2262 342 2450 400 ΧΧΞΙ.

2635 336 2770 408 [μην.
2807 355 2847 391 .l.
2893 354 2920 394 c
2956 356 3181 395 Μελίη.
3226 342 3281 415 5]

3418 341 3552 411 1345

286 462 455 532 φύσιν
483 459 809 526 δηλωτικάς.
840 458 974 513 Τινὰ
1015 456 1116 528 μὲν
1146 457 1254 528 γὰρ
1298 457 1581 526 πρέποντα
1627 456 1692 525 τῇ
1750 453 1853 524 θείς

1982 453 2263 509 immtn‘ais.
2318 454 2456 508 lline
2510 454 2563 509 in
2605 456 2717 511 Deo
2768 472 2946 526 neque
2997 459 3255 515 accidens
3306 477 3425 516 esse
3473 463 3555 517 di-

284 550 450 619 φύσει
471 549 852 619 σημαίνουσιν,
893 547 995 601 οὐκ
1025 549 1195 618 αὐτὴν
1216 549 1272 601 δὲ
1296 546 1393 618 τὴν
1416 545 1579 616 φύσιν
1640 545 1868 616 μηνύου-

284 660 392 708 σιν,
419 643 551 710 ὅπερ
578 640 710 693 ἴδιον
740 639 852 693 τῶν
899 639 1204 694 οὐσιωδέων
1260 640 1355 692 καὶ
1388 637 1725 692 συστατικῶν
1745 637 1863 692 δια-

282 734 488 804 φορῶν.
531 750 550 784 ι
590 733 697 786 Καὶ
735 730 896 786 πάλιν
927 749 942 766 ο
976 749 995 783 ι
1031 732 1188 785 Πᾶσα
1205 730 1383 796 οὐσία,
1415 730 1506 783 τὸν
1564 729 1692 783 ῐδιον
1737 730 1864 800 ὅρον

282 826 454 895 ἑαυτῇ
496 823 915 891 συνεισάγουσα,
963 821 1241 875 τουτέστιν
1258 819 1581 893 ὁριζομένη,
1610 808 1752 889 ἀρχὴ
1769 820 1865 872 πέ-

287 933 462 985 φυκεν
479 911 619 969 εἶναι
647 914 745 984 τῆς
775 915 1078 981 ὲπιθεωρου
1089 913 1255 980 μένης
1280 912 1415 982 αὐτῇ
1463 911 1603 964 κατὰ
1632 909 1861 981 δύναμιν

281 1010 572 1077 κινήσεως,
607 1007 756 1059 πᾶσα
779 1005 836 1059 δὲ
862 1004 1129 1072 οὐσιώδης
1166 1004 1301 1074 πρδς
1331 1004 1618 1073 ἐνέργειαν
1644 1003 1862 1072 κίνησις

284 1100 525 1168 μεσότης
558 1098 676 1150 ἐστὶ
698 1095 1165 1164 μετεπινοουμένη
1206 1093 1306 1163 μὲν
1330 1095 1430 1164 τῆς
1457 1094 1663 1161 οὐσίας,
1697 1110 1862 1165 προε-

281 1191 613 1261 πινοουμένη
635 1189 693 1243 δὲ
733 1189 833 1260 τῆς
866 1188 1167 1258 ἐνεργείας.
1185 1188 1292 1241 Καὶ
1315 1189 1467 1241 πᾶσα
1491 1187 1761 1259 ἐνέργεια,
1784 1188 1861 1257 τῷ

278 1283 408 1336 καθ’
438 1284 636 1352 ἑαυτὴν
666 1281 809 1351 λόγῳ
869 1280 1115 1349 φυσικῶς
1168 1278 1643 1349 περιγραφομένη,
1710 1278 1859 1343 τέλος

277 1376 402 1428 ἐστὶ
425 1375 523 1443 τῆς
539 1373 645 1445 πρὸ
671 1374 840 1438 αὐτῆς
897 1371 1015 1425 κατ’
1036 1370 1277 1425 ἐπίνοιαν
1338 1370 1720 1443 θεωρουμένης
1767 1371 1859 1425 οὐ·

281 1467 511 1530 σιῶδους
542 1466 832 1536 κινήσεως.
864 1466 922 1519 ’0
944 1465 1001 1517 δὲ
1034 1464 1166 1529 Θεὸς
1200 1465 1323 1519 οὔτε
1350 1466 1492 1536 ἀρχή
1553 1466 1701 1519 εστιν
1726 1464 1860 1535 (6|),

280 1558 412 1613 οὗτε
442 1558 705 1629 μεσότης,
762 1555 885 1629 οὐτε
916 1558 1092 1620 τέλος.
1152 1556 1339 1610 Ταῦτα
1386 1559 1495 1627 γὰρ
1532 1557 1639 1610 τῶν
1685 1556 1860 1628 χρόνῳ

278 1650 575 1723 διαιρετῶν
598 1651 724 1703 είσιι
744 1628 1106 1719 γδωρίσματα
1128 1664 1144 1679 ·
1176 1648 1323 1703 είποι
1355 1649 1401 1701 δ’
1434 1650 1500 1703 ἄν
1527 1666 1632 1715 τις,
1656 1649 1739 1702 ὅτι
1761 1648 1859 1701 καὶ

276 1746 393 1798 τῶν
415 1742 574 1796 αἰῶνι
600 1741 1017 1811 συνορωμένων.
1061 1739 1120 1796 Ὀ
1150 1740 1258 1811 γὰρ
1301 1741 1513 1812 χρόνος,
1550 1740 1855 1811 μετρουμέ·

1980 546 2216 601 cendum
2263 557 2367 610 est,
2426 562 2607 618 neque
2645 549 2963 621 qualitatem
2999 568 3012 605 :
3052 551 3167 607 haec
3210 553 3358 607 enim
3408 571 3556 610 eom-

1981 637 2177 706 positis
2202 636 2425 692 cutibus
2472 641 2810 695 conveniunt
2854 661 2866 695 :
2902 641 2994 697 sed
3033 626 3376 713 qtia‘cunque
3408 645 3556 700 Deus

1978 727 2164 795 habet,
2195 738 2325 783 sunt
2356 729 2431 782 illi
2470 731 2762 797 naturalia,
2801 746 2910 787 non
2945 742 3123 787 autem
3175 734 3494 790 adventitia.
3531 757 3550 789 ι

1974 820 2148 891 Igitur
2177 822 2293 876 sive
2346 822 2600 878 dicamus
2640 825 2782 880 hanc
2827 827 2922 882 Dei
2975 829 3349 897 operationem
3399 831 3452 884 in
3485 847 3555 887 eo

1974 927 2094 969 esse
2130 914 2447 969 distinctam
2496 929 2526 967 a
2573 914 2902 982 substantia,
2939 918 3055 973 sive
3119 922 3202 988 (ut
3249 922 3552 992 existimas)

1974 1006 2289 1075 qualitatem
2344 1007 2478 1059 esse
2537 992 2976 1062 substantialiter
3051 1011 3436 1077 accidentcm,
3479 1011 3555 1067 in

1972 1109 2218 1150 errorem
2272 1095 2637 1150 insanabilem
2703 1095 3088 1167 impingemus.
3140 1100 3274 1153 Nam
3332 1101 3550 1172 piorum

1973 1201 2139 1241 nemo
2174 1188 2311 1241 duas
2354 1196 2538 1257 potest
2590 1185 2687 1241 Dei
2741 1188 3080 1243 substantias
3145 1191 3452 1257 nominare,
3498 1199 3557 1246 et

1975 1277 2085 1333 duo
2115 1277 2364 1334 en‘ectiva
2390 1279 2688 1350 principia;
2742 1279 2943 1347 ut'jam
2992 1295 3153 1336 antea
3204 1284 3391 1337 multis
3421 1299 3553 1338 san-

1975 1376 2187 1424 ctorum
2265 1370 2552 1426 doctorum
2617 1371 2953 1426 testimoniis
3025 1371 3548 1430 demonstravimus.

1974 1460 2164 1531 Neque
2197 1478 2438 1532 unquam
2477 1464 2532 1518 in
2564 1466 2672 1518 Deo
2698 1463 2996 1534 excogitari
3028 1463 3263 1534 qualitas
3325 1465 3550 1533 poterit,

1974 1567 2095 1621 qua!
2121 1568 2150 1607 a
2185 1554 2367 1607 divina
2394 1553 2699 1610 substantia
2749 1556 3142 1626 distinguatur,
3184 1565 3278 1609 aut
3313 1571 3435 1625 quas
3481 1556 3553 1611 sit

1974 1643 2375 1698 substantialis.
2432 1645 2586 1712 Quod
2640 1647 2787 1701 enim
2846 1648 3214 1703 substantiale
3269 1661 3376 1710 ρει,
3425 1665 3553 1719 pars

1972 1741 2059 1787 est
2099 1734 2443 1800 substantim,
2494 1744 2552 1789 ut
2580 1736 2780 1789 docent
2821 1747 2932 1791 tum
2969 1740 3247 1809 sapientes
3295 1741 3553 1796 Ecclesia:

409 1835 548 1906 ἔχων
570 1836 667 1904 τὴν
697 1795 937 1902 κίνηισιν,
982 1795 1201 1903 ἀριθμῶ
1227 1795 1701 1903 ιπζριγραφεταιιο
1730 1795 1774 1885 ὁ¹
1806 1832 1853 1886 δὲ

1967 1823 2239 1890 doctores,
2303 1834 2415 1881 lUlll
2482 1829 2781 1897 scriptores
2830 1831 3067 1902 profani,
3112 1833 3205 1902 qui
3254 1834 3551 1888 verborum

276 1929 442 1994 aiz‘w,
483 1926 973 1994 συνεπινοουμένην
1017 1923 1157 1993 ἔχων
1186 1927 1252 1994 τῇ
1306 1922 1539 1994 ὑπάρξει
1568 1927 1667 1995 τὴν
1717 1928 1863 1978 πότε

281 2017 651 2088 κατηγορίαν,
678 2017 875 2086 πάσχει
901 2015 1206 2081 διάστασιν,
1262 2016 1336 2078 ὡς
1366 2018 1541 2087 ἀρχὴν
1572 2016 1667 2070 τοῦ
1723 2012 1861 2070 εἶναι

278 2106 483 2164 λαϐὼν.
518 2107 601 2180 [Ρ.
635 2106 763 2179 671]
796 2107 857 2159 El
884 2105 941 2159 δὲ
975 2106 1167 2177 χρόνος
1196 2108 1292 2160 καὶ
1315 2105 1447 2160 αἰὼν
1491 2108 1593 2161 οὐκ
1622 2109 1859 2177 ἄναρχοι,

277 2200 463 2271 πολλῷ
521 2199 722 2270 μᾶλλον
745 2198 813 2251 τὰ
843 2200 901 2251 ὲν
930 2197 1142 2261 τούτοις
1181 2198 1568 2270 περιεχόμενα.
1605 2200 1664 2252 'U
1720 2199 1852 2262 Θεὶς

280 2295 491 2357 τοίνυν,
519 2292 642 2346 οὗτε
696 2291 853 2346 οὐσία
877 2290 974 2356 ὢν,
994 2290 1081 2343 ἴνα
1118 2290 1191 2359 μὴ
1222 2291 1365 2361 ἀρχὴ
1393 2291 1674 2362 νομισθείη
1697 2308 1711 2321 ·
1735 2290 1859 2344 οὔτε

272 2383 530 2453 δύναμις,
568 2382 653 2435 ἵνα
695 2379 770 2452 μὴ
804 2380 1037 2448 μεσότης
1065 2395 1079 2409 ο
1101 2379 1223 2431 οὔτε
1243 2381 1514 2449 ἐνέργεια,
1551 2379 1633 2433 ἴνα
1667 2379 1743 2451 μὴ
1767 2380 1860 2434 τέω

278 2474 378 2539 λος
400 2491 416 2508 ο
449 2474 595 2526 ἔστιν
624 2472 929 2534 οὐσιοποιὸς
964 2470 1061 2525 καλ⁸
1088 2471 1409 2543 ὑπερούσιος
1461 2472 1706 2541 ὀντότης,
1762 2473 1858 2527 καὶ

274 2564 646 2634 ευναμοποιὸς
674 2564 773 2617 καὶ
808 2560 1189 2631 ὑπερδύναμος
1231 2563 1582 2627 πανσθένεια,
1616 2564 1715 2616 καὶ
1747 2562 1856 2615 πά-

277 2673 383 2727 σης
414 2656 695 2726 ἐνεργείας
757 2652 1021 2726 δραστικὴ
1074 2657 1165 2708 καὶ
1197 2652 1553 2732 ἀτελερτητος
1573 2653 1690 2719 ἕξις
1738 2654 1853 2718 καὶ,

277 2747 564 2816 συντόμως
585 2750 780 2814 εἰπεῖν,
810 2749 988 2821 πάσης
1044 2749 1231 2811 οὐσίας
1279 2748 1375 2801 καὶ
1428 2746 1709 2818 δυνάμεως
1764 2747 1858 2800 καὶ

278 2837 562 2907 ἐνεργείας
592 2838 767 2908 ἀρχῆς
803 2855 862 2891 τε
903 2842 996 2894 καὶ
1026 2839 1322 2909 μεσότητος
1354 2840 1447 2891 καὶ
1480 2837 1671 2901 τέλους
1695 2853 1858 2907 ποιη-

270 2929 427 2999 τική.
472 2947 490 2980 ι
529 2930 691 3000 Ὀρᾷς
715 2931 860 2992 ὅπως
895 2929 1019 2984 οὔτε
1049 2931 1168 2983 κατ’
1196 2932 1385 2984 οὐσίαν
1408 2931 1687 3001 διάφορον,
1726 2930 1850 2984 οὕτε

269 3020 401 3074 καθ’
420 3014 529 3073 οἷον
544 3018 605 3091 δή
620 3037 740 3073 τινα
751 3020 971 3092 τρόπον,
987 3020 1245 3091 ποιότητα
1264 3004 1639 3094 συγχωροῦσιν
1655 3019 1704 3073 οί
1722 3020 1856 3073 θεῖοι

1965 1916 2247 1971 scientiam
2300 1920 2735 1984 adinvenerunt;
2786 1922 2853 1974 ad
2885 1940 3121 1992 quorum
3183 1927 3414 1995 proinde
3455 1942 3550 1981 ca-

1966 2022 2140 2062 nones
2169 2020 2223 2061 et
2261 2010 2478 2078 regulas
2505 2025 2567 2063 ea
2613 2011 3002 2080 perpendenda
3045 2023 3151 2069 est.
3188 2016 3253 2069 Et
3285 2031 3433 2072 certe
3470 2017 3550 2080 id.

1963 2115 2074 2169 quo
2128 2100 2344 2154 sublato
2381 2102 2669 2156 mutilatur
2720 2114 2916 2164 totum.
2948 2106 3117 2162 totius
3169 2119 3377 2177 partem
3427 2126 3549 2166 esse

1963 2206 2193 2247 necesse
2228 2202 2332 2248 est.
2368 2193 2423 2248 Si
2451 2210 2580 2265 ergo
2608 2197 2723 2266 ipsa
2756 2190 3026 2266 operatio,
3063 2209 3256 2269 utpote
3290 2203 3550 2257 substan-

1966 2283 2133 2349 tialis,
2181 2300 2249 2339 ex
2303 2293 2392 2339 tua
2443 2296 2619 2341 sentes
2645 2288 2720 2341 tia
2773 2305 2902 2358 pars
2951 2294 3401 2356 estsuhstantiaz,
3455 2293 3547 2347 dic

1963 2376 2124 2429 nobis
2157 2393 2263 2445 qua
2315 2379 2532 2432 tandem
2571 2376 2789 2435 ratione
2823 2381 2974 2436 aliud
3032 2385 3104 2436 sit
3144 2399 3173 2437 a
3212 2385 3547 2459 substantia,

1961 2476 2057 2522 aut
2087 2468 2156 2521 sit
2187 2483 2316 2537 pars
2362 2470 2530 2531 illius,
2576 2472 2723 2540 quod
2784 2473 2963 2527 nullas
3010 2474 3173 2528 habet
3227 2478 3454 2544 partes?
3490 2477 3548 2533 Si

1961 2562 2093 2610 Vero
2146 2558 2247 2611 ista
2285 2559 2534 2628 Operatio
2570 2561 2822 2635 qualitas
2868 2570 2955 2616 est
3000 2578 3030 2616 a
3087 2562 3398 2619 substantia
3453 2565 3545 2620 dio

1963 2650 2186 2714 stincta,
2222 2652 2498 2720 quomodo
2534 2653 2655 2707 sine
2703 2655 2953 2724 subjecto
2995 2656 3224 2727 intelligi
3278 2666 3374 2712 aut
3418 2674 3548 2713 con-
3618 2664 3621 2667 ’

1960 2740 2096 2811 spici
2128 2744 2348 2810 potest?
2377 2743 2512 2797 Nam
2558 2745 2677 2799 sine
2732 2747 2980 2817 subjecto
3024 2735 3403 2804 exsistcntiam
3446 2750 3546 2804 hac

1960 2828 2093 2886 bere
2129 2846 2409 2902 nunquam
2461 2835 2689 2903 poterit.
2733 2835 2888 2901 Quod
2928 2848 3113 2892 autem
3150 2855 3259 2893 non
3309 2841 3544 2908 exsistit,

1959 2922 2238 2991 quomodo
2268 2924 2415 2978 Deus
2440 2926 2588 2979 erit?
2616 2924 2784 2981 Vides
2809 2943 2919 2998 qua
2966 2931 3200 2995 ratione,
3254 2947 3354 3000 per
3403 2933 3546 2986 hanc

1959 3013 2026 3068 de
2046 3013 2251 3071 divinis
2278 3014 2695 3085 operationibus
2738 3021 3079 3088 Opinionem,
3128 3024 3416 3092 imperitos
3443 3024 3547 3079 Ec-

274 3114 525 3185 Ιίατέρες
560 3113 653 3166 ἐπὶ
678 3114 776 3182 τῆς
805 3113 965 3181 ,θείας
1005 3111 1354 3183 δογματίζειν
1377 3114 1591 3184 ἐκείνης
1611 3113 1799 3175 οὐσίας
1828 3128 1847 3177 ,'

1963 3108 2138 3163 clesia:
2163 3108 2443 3164 antistites
2474 3109 2532 3164 in
2576 3111 2914 3166 atheismuui
2952 3114 3203 3171 Palamas
3243 3117 3545 3194 ίίιιιρειιειιῖ

276 3225 304 3260 ο
331 3208 543 3278 Ὠσπερ
568 3205 674 3276 γὰρ
697 3207 729 3276 ἡ
751 3207 913 3276 μονὰς
935 3206 1032 3259 οὐκ
1063 3207 1151 3272 ἂν,
1200 3223 1217 3257 ι
1245 3207 1396 3276 φησὶ,
1430 3223 1448 3257 t
1503 3207 1733 3279 τμηθείη
1772 3208 1851 3270 εἰς

272 3300 516 3370 μονάδας
542 3299 632 3352 δύο
661 3300 717 3369 (ἡ
751 3299 858 3369 γὰρ
882 3300 963 3362 είς
985 3298 1159 3353 ταῦτα
1183 3284 1535 3370 διαιρουμένη
1562 3299 1659 3353 οὐκ
1673 3299 1739 3354 ἂν
1764 3299 1852 3371 εἴη

274 3392 469 3461 μονὰς,
485 3390 616 3444 ἀλλὰ
646 3391 821 3460 δυὰς),
841 3384 984 3444 οὕτω
1010 3393 1042 3461 ἠ
1064 3392 1210 3458 ὲνὰς,
1230 3394 1369 3445 κατὰ
1392 3392 1492 3462 τὴν
1512 3390 1689 3460 ἄκραν
1712 3391 1851 3445 ἕνω-

280 3502 390 3549 σιν,
416 3486 517 3537 οὐκ
544 3482 609 3537 ἂν
628 3484 706 3547 είς
735 3482 827 3536 δύο
851 3484 1155 3554 διαιρεθείη
1180 3484 1394 3552 φύσεις.
1413 3485 1486 3537 Οὐ
1516 3485 1626 3556 γὰρ
1647 3484 1851 3549 ἁπλοῦς

271 3576 660 3647 ἔσται,ζφησ“;ν,
687 3581 714 3628 ό
742 3574 851 3628 τῶν
881 3576 1015 3630 ὅλων
1044 3576 1175 3639 Θεὸς
1219 3576 1300 3629 ἔτι
1331 3575 1426 3648 τὴν
1454 3574 1635 3646 φύσιν,
1692 3577 1850 3648 εἰπερ

271 3671 424 3724 ἐστὶν
458 3671 622 3740 ἑτέρα
647 3668 777 3737 παρ’
806 3667 969 3719 αὐτὸν
1007 3669 1122 3737 ὴὲν
1177 3668 1326 3739 αὐτῷ
1388 3668 1525 3739 ζωή,
1560 3669 1660 3739 Εῐη
1681 3668 1727 3722 δ’
1784 3672 1851 3723 ἂν

270 3762 371 3814 καὶ
393 3758 594 3830 μείζων
619 3757 806 3823 αὐτοῦ,
825 3759 917 3810 καλ⁵
935 3760 991 3811 ὲν
1011 3758 1294 3827 ἀμείνοσιν
1327 3760 1692 3830 ἀσυγκρίτως,
1719 3762 1744 3813 ό
1771 3760 1850 3825 ὡς

269 3852 378 3904 οὐκ
407 3851 580 3921 ἔχοντι
610 3849 730 3914 δοὺς
756 3848 853 3919 τὴν
873 3848 1037 3920 ζωὴν,
1068 3850 1226 3920 εἴπερ
1269 3850 1404 3913 ὅλως
1427 3850 1581 3920 ἁλοίη
1611 3851 1841 3906 λαϐών.»

292 3941 435 3996 Ἀλλ’
464 3942 491 3994 ὀ
518 3942 779 4011 ὑμέτερος
800 3941 1117 4004 διδάσκαλος
1146 3942 1406 4011 Παλαμᾶς
1436 3941 1536 4004 (δεῖ
1564 3942 1671 4013 γὰρ
1703 3943 1845 3996 ὲκεί-

274 4054 356 4106 νῳ
396 4034 756 4103 περιγράφειν
778 4032 874 4096 τὰς
900 4034 1008 4084 τῶν
1026 4033 1282 4086 τοιούτων
1327 4034 1507 4096 αἰτίας
1531 4033 1741 4098 κακῶν,
1785 4032 1845 4086 οὐ

285 4128 471 4197 μόνοις
492 4127 634 4195 ,ὑμῖν
658 4125 851 4195 ἐκείνῳ
883 4125 1300 4195 μαθητευθεϊσιν
1330 4127 1601 4194 ἐγκαλεῖν)
1626 4126 1685 4180 οὐ
1729 4125 1847 4196 μεθ’

277 4218 582 4289 ὑποστολῆς
608 4234 771 4284 τινος,
793 4215 902 4270 οὐδ’
933 4217 1351 4287 αἰνιγματωδῶς
1382 4234 1517 4282 πως,
1546 4216 1660 4268 ἀλλ’
1689 4217 1787 4269 ἀνα
1800 4234 1845 4269 ι-

280 4316 392 4377 δῶς
425 4312 525 4368 καὶ
549 4312 868 4385 διαρρήδην,
888 4313 1089 4383 κυρίως
1115 4310 1373 4380 θεότητας
1399 4308 1717 4378 δογματίζει
1749 4310 1845 4379 τὴν

271 4406 581 4476 ἐνέργειαν,
599 4406 691 4456 καὶ
709 4403 825 4473 ἃμα
854 4401 998 4473 ζωὴν
1023 4403 1114 4455 καὶ
1139 4401 1333 4471 σοφίαν
1358 4404 1450 4456 καὶ
1474 4398 1729 4471 βούλησιν
1750 4401 1845 4453 καὶ

272 4495 542 4566 φρόνησιν
563 4496 655 4547 καὶ
688 4495 865 4563 ἰσχὺν,
906 4494 999 4545 καὶ
1028 4493 1096 4546 τὰ
1123 4492 1366 4557 τοιαῦτα,
1391 4490 1848 4560 καὶὰσυγκρίτως
1884 4482 1926 4537 D

268 4586 489 4659 ἀμείνω
510 4590 604 4659 τῆς
621 4588 808 4649 οὐσίας
827 4586 1058 4648 ἕκαστα,
1076 4584 1309 4655 διάφορά
1329 4603 1385 4637 τε
1406 4586 1535 4639 ὄντα
1553 4587 1647 4657 τῆς
1664 4586 1851 4650 οὐσίας

274 4682 380 4735 καὶ
410 4680 672 4750 ἀλλήλων.
718 4679 858 4750 Περὶ
888 4673 961 4733 ὧν
995 4678 1089 4729 καὶ
1115 4679 1143 4729 ὀ
1173 4676 1313 4738 θεῖος
1335 4676 1474 4747 ἔφθη
1502 4678 1850 4750 προειρηκὼς

282 4771 606 4834 ’Λθανάσιος
639 4771 749 4842 (62)
782 4787 795 4801 ο
826 4771 899 4834 ὡς
933 4788 952 4822 ι
990 4768 1294 4838 Οίρισεὸεἰς
1317 4768 1378 4821 οὐ
1425 4768 1637 4823 θέλουσι
1690 4769 1849 4838 λόγον

272 4869 375 4921 καὶ
398 4865 588 4934 σοφίαν
624 4864 718 4918 καὶ
761 4864 955 4936 βουλὴν
985 4862 1165 4927 ζῶσαν
1220 4858 1360 4916 εἶναι
1395 4862 1485 4915 τὸν
1541 4862 1689 4929 Υίὸν,
1723 4865 1850 4936 περὶ

270 4962 334 5015 δὲ
370 4964 461 5016 τὸν
481 4957 611 5016 Θεδν
643 4960 899 5031 φρόνησιν
934 4965 1026 5016 καὶ
1068 4958 1325 5031 βούλησιν
1380 4956 1472 5010 καὶ
1522 4962 1735 5029 σοφίαν,
1773 4962 1849 5030 ὡς

270 5053 397 5122 ἕξιν
432 5060 829 5130 συμϐαίνουσαν
860 5062 953 5115 καὶ
981 5058 1515 5129 ἀποωμὸαίνουσαν.
1542 5079 1560 5112 ι
1615 5062 1724 5115 Καὶ
1746 5061 1848 5117 αὗ-

276 5147 369 5209 θις
399 5150 426 5200 ὀ
460 5150 630 5221 μέγας
687 5150 854 5222 ἔφησε
889 5146 1135 5219 Μάξιμος
1165 5148 1281 5220 (65)
1312 5163 1325 5179 ⁸
1369 5167 1387 5200 α
1429 5150 1520 5219 Μὴ
1563 5150 1699 5216 ἕξεις
1757 5150 1849 5207 καὶ

276 5243 725 5313 ἐπιτηδειότητας
757 5240 999 5315 ζητήσῃς
1030 5244 1123 5298 ἐπὶ
1167 5243 1265 5314 τῆς
1295 5243 1473 5315 ἁπλῆς
1494 5246 1587 5299 καὶ
1618 5246 1846 5317 ἀπείρου

275 5336 469 5399 οὐσίας
498 5336 592 5407 τῆς
624 5337 786 5407 ἁγίας
816 5339 1061 5409 Τριάδος,
1100 5342 1185 5395 ἴνα
1246 5344 1319 5414 μὴ
1378 5343 1628 5397 σύνθετον
1676 5339 1846 5409 αὐτὴν

1959 3213 2169 3269 Deinde
2200 3229 2331 3270 vero
2360 3215 2452 3285 qui
2488 3214 2607 3270 ﬁeri
2639 3226 2844 3287 posset.
2892 3226 2954 3272 ut
2993 3218 3099 3273 ista
3127 3219 3314 3275 divina
3348 3236 3541 3292 opera-

1961 3308 2038 3363 tio
2070 3318 2219 3365 esset
2266 3323 2297 3363 a
2331 3309 2783 3373 Dei‘substanlia
2836 3311 3133 3367 distincta?
3161 3315 3229 3370 Ut
3285 3316 3433 3370 enim
3464 3318 3542 3370 ait

1958 3412 2181 3456 sanctus
2241 3400 2546 3468 Maximus,
2609 3420 2627 3453 ι
2662 3404 2866 3460 Eorum
2922 3421 3044 3475 qua:
3097 3421 3220 3461 esse
3277 3409 3540 3462 dicuntur

1959 3491 2092 3546 nihil
2125 3491 2289 3546 habet
2318 3492 2546 3546 omnino
2578 3495 2802 3563 proprie
2828 3509 2969 3550 esse.
3008 3496 3180 3565 Igitur
3211 3496 3349 3550 nihil
3382 3512 3541 3566 pror-

1959 3599 2055 3639 sus
2080 3599 2187 3638 una
2212 3599 2337 3640 cum
2364 3585 2473 3639 Deo
2510 3584 2723 3656 1066
2755 3585 2983 3652 intelligi
3005 3587 3075 3641 ab
3105 3596 3311 3642 aeterno
3333 3598 3536 3658 potest.

1957 3677 2104 3751 quod
2142 3677 2211 3732 ab
2241 3678 2364 3748 ipso
2396 3678 2839 3732 substantialiter
2873 3678 3113 3741 ditrerat,
3174 3694 3281 3734 non
3331 3695 3534 3743 aevum,

1959 3785 2070 3835 non
2107 3778 2346 3840 tempus,
2383 3784 2565 3839 neque
2593 3769 2896 3839 quidquam
2930 3786 3143 3836 eorum,
3176 3785 3297 3840 quae
3327 3771 3381 3826 in
3418 3788 3537 3828 aevo

1956 3870 2053 3938 aut
2071 3859 2124 3914 iu
2148 3839 2398 3930 tempore
2412 3839 2709 3916 exsistu’nt.
2728 3860 2864 3915 Nam
2878 3860 2981 3916 ista
2999 3862 3128 3927 duo,
3150 3864 3366 3933 proprie
3386 3878 3533 3929 esse,

1954 3962 2152 4005 etnon
2190 3951 2410 4021 proprie
2458 3968 2602 4019 esse,
2641 3968 2921 4022 nunquam
2966 3954 3071 4009 sibi
3121 3940 3353 4010 invicem
3402 3972 3533 4011 con-

1955 4042 2191 4096 venient.
2218 4042 2326 4097 »Ἐι
2353 4042 2553 4097 iterum
2591 4061 2604 4098 :
2643 4061 2661 4094 ι
2694 4042 2829 4099 Cum
2855 4045 2921 4100 de
2939 4043 3324 4111 Deodicimus,
3353 4047 3530 4116 ipsum

1954 4148 2075 4188 esse
2118 4147 2238 4197 ens,
2296 4134 2526 4198 bonum,
2566 4134 2776 4203 .Deum,
2801 4136 3077 4205 opilicem,
3111 4140 3533 4208 supersubstan-

1956 4226 2160 4289 tialem,
2213 4224 2511 4291 inﬁnitum,
2549 4226 2942 4293 immortalem,
2977 4230 3157 4285 etalia
3191 4230 3529 4299 hujusmodi,

1951 4333 2060 4371 non
2082 4315 2468 4373 substantiales
2491 4316 2830 4372 diliercntias
2856 4320 3227 4390 signiﬁcamus
3246 4330 3333 4391 (ne
3352 4327 3528 4396 ipsum

1953 4424 2018 4465 ex
2051 4411 2116 4463 iis
2142 4410 2508 4480 compositum
2534 4424 2656 4464 esse
2699 4412 3098 4491 prmditemus),
3123 4415 3218 4469 sed
3269 4418 3529 4484 quaslam

1957 4503 2478 4581 deuominationes,
2536 4517 2657 4581 qua:
2714 4494 2871 4557 licet.
2924 4503 3190 4558 denotent
3247 4508 3527 4576 quidpiam

1956 4610 2180 4657 eorum,
2238 4611 2361 4665 qua:
2415 4580 2564 4649 circa
2621 4580 2799 4662 ipsum
2860 4593 3024 4647 Deum
3078 4597 3524 4663 considerantur,

1956 4685 2093 4740 nihil
2125 4695 2304 4740 tamen
2337 4685 2404 4740 de
2438 4685 2561 4756 ejus
2588 4684 2893 4739 substantia
2922 4691 2977 4736 et
3023 4694 3219 4738 natura
3251 4686 3525 4739 deiurant.

1957 4775 2216 4842 Quaedam
2267 4775 2415 4831 enim
2481 4777 2814 4847 signiﬁcant,
2882 4789 3003 4843 qua:
3056 4773 3254 4830 divina:
3320 4787 3528 4830 natura:

1961 4879 2294 4939 congruunt,
2346 4869 2518 4939 ipsam
2546 4884 2678 4925 vero
2730 4876 2983 4923 llnlttl'aln
3038 4883 3145 4921 non
3194 4869 3525 4939 designant:

1955 4962 2101 5033 quod
2159 4961 2529 5017 conslitulivis
2583 4971 2638 5016 ct
2689 4961 3147 5016 substantialibus
3200 4960 3525 5015 diﬂ'erentiis

1955 5056 2237 5128 prOprium
2288 5062 2392 5109 est.
2450 5073 2468 5106 ι
2515 5053 2579 5107 Ει
2633 5069 2869 5108 rursus:
2908 5073 2926 5106 ι
2962 5048 3276 5108 Substantia
3319 5052 3522 5114 OllllliS,

1956 5165 2079 5204 cum
2128 5148 2404 5219 propriam
2456 5163 2641 5201 secum
2693 5148 2955 5218 importet
3001 5148 3412 5205 definitionem.
3457 5160 3525 5199 ex

1953 5255 2150 5300 natura
2197 5260 2295 5299 sua
2359 5243 2694 5313 principium
2747 5254 2831 5298 est
2878 5246 3027 5301 illius
3081 5254 3280 5306 motus,
3340 5243 3431 5312 qui
3474 5243 3522 5296 ei

1956 5338 2278 5393 substantiae
2315 5337 2509 5391 saltem
2559 5336 2627 5390 de
2676 5339 2919 5406 putentia
2956 5339 3136 5393 inesse
3180 5335 3521 5403 intelligitur.

1632 5435 1711 5494 Va
1726 5434 1960 5496 riorum
2006 5438 2196 5495 nota).

357 5534 468 5607 (6|)
501 5534 642 5607 Deus
678 5553 836 5605 neque
880 5538 1195 5606 principium
1232 5548 1375 5594 est...
1411 5555 1571 5607 neque
1597 5538 1842 5590 substan-

280 5605 381 5659 liu.
421 5605 791 5675 Subintellige,
828 5605 1128 5661 creaturam
1156 5626 1323 5661 rerum
1370 5605 1529 5666 more.
1564 5622 1723 5676 prout
1760 5610 1844 5660 Ιει-

280 5678 531 5728 culenter
573 5679 803 5745 explicat
855 5678 997 5730 idem
1050 5687 1267 5732 sanctus
1314 5679 1595 5740 Maximus,
1631 5688 1761 5729 tum.
1802 5679 1838 5739 Ι,

283 5760 409 5813 pag.
446 5745 548 5798 46;!
576 5757 629 5800 et
668 5748 1090 5817 ttiSJpsunnnet
1117 5750 1361 5812 consule,
1384 5748 1424 5801 si
1453 5751 1614 5801 Iubet.
1648 5746 1845 5801 thiam;-

286 5829 449 5869 MONS.

2023 5537 2134 5609 (62)
2166 5534 2321 5609 Orat.
2378 5536 2435 5598 4,
2487 5547 2678 5592 contra
2734 5539 2921 5592 Arian.
2982 5544 3109 5589 tom.
3151 5530 3191 5599 Ι,
3235 5547 3356 5602 pag.
3392 5531 3521 5603 515,

1950 5607 2083 5663 edit.
2116 5618 2221 5661 vet.
2259 5607 2587 5662 (Sarranum.
3049 5616 3062 5629 '

1951 5681 2132 5805 C(63)
2184 5680 2470 5746 Capitibus
2524 5680 2592 5734 de
2653 5679 2919 5733 ebaritate
2970 5685 3102 5731 tom.
3139 5675 3180 5739 l,
3232 5688 3353 5745 pag.
3392 5673 3519 5731 544.

1995 5766 2273 5805 ,ιί¹ὶἘίζ;ἿΣΝ.
2548 5770 2552 5774 ’

1995 5766 2273 5805 ΑΡΡΕῘὩΣΝ.
2548 5770 2552 5774 ’
