4026 6606
479 323 611 389 13ὸ1
758 319 810 391 {vt
879 337 935 376 ιι·
977 320 1273 387 6339.180-
1316 316 1371 388 4]
1432 358 1439 361 ν
1614 334 1623 347 ‘
1672 311 2057 382 NICEPHOR

2150 319 2512 380 ὶΒΕΟΟΒΕ
2801 313 2935 387 [tum
2977 331 3020 368 ι.
3062 328 3351 371 ιιικτλευῑ.
3391 313 3445 383 5]
3598 316 3740 382 1352

475 437 695 507 pliciter
721 436 886 492 etiam
946 446 1002 492 et
1040 435 1386 491 uniformiter
1436 441 1517 490 est
1566 448 1635 490 ex
1687 444 1886 489 natura
1948 448 2045 488 sua

2152 448 2277 495 τους
2304 431 2651 502 δογματίζων
2708 431 2997 496 duties-ou;
3038 432 3295 503 Θιότητας
3348 432 3569 495 πάντως
3615 432 3742 487 διὰ-

473 547 639 585 omne
671 532 900 595 bonum,
930 540 985 587 et
1024 545 1187 586 omne
1210 528 1506 600 pulchrum
1542 528 1858 594 essentiale,
1889 543 2054 597 supra

2155 524 2336 592 στημά
2373 539 2426 576 τι
2458 524 2570 575 νοεῖ
2602 521 2832 591 μεταξύ.
2886 521 3056 577 Τοῦτο
3077 523 3125 578 δ’
3168 527 3392 593 ἄπειρον
3445 524 3475 576 ὁ
3503 524 3603 594 τῆς
3635 540 3738 594 με·

475 638 643 694 quam
695 623 983 693 quisquam
1035 623 1322 678 hominum
1380 622 1686 691 intelligere
1743 619 1918 689 possit
1962 627 2057 672 aut

2156 617 2378 685 σὸτητος
2404 613 2544 677 εἶναι
2572 619 2633 671 οὐ
2667 619 2851 672 δίδωσι
2882 620 3038 689 λόγος
3060 634 3074 649 ⁶
3115 620 3249 690 μηδὲ
3278 622 3387 689 γὰρ
3426 621 3739 690 πεφυκέναι

475 728 755 768 enarrare.
801 714 931 779 Qum
984 729 1114 770 vero
1170 715 1225 769 in
1285 715 1389 769 hac
1452 728 1640 768 rerum
1699 711 2057 777 universitate

2156 707 2256 778 τὴν
2284 708 2544 779 ἀπειρίαν
2573 711 2804 781 βαθμοῖς
2839 714 2935 767 καὶ
2996 714 3218 784 μέτροις
3272 715 3386 767 τισὶ
3439 714 3735 766 διακόπτε-

478 805 710 874 pulchra
742 802 1036 870 habentur,
1071 820 1180 859 non
1223 821 1291 860 ex
1341 804 1560 874 propria
1610 812 1825 866 natura,
1867 817 2058 856 verum

2161 806 2306 858 σθαι.
2342 802 2465 865 Πῶς
2487 805 2596 875 γὰρ
2624 805 2691 859 ἂν
2719 805 2910 875 (φησιν
2946 806 2975 857 ὁ
3007 806 3146 868 θεῖος
3180 804 3501 875 Γρηγόριος)
3535 820 3744 874 μετρη·

477 897 850 967 depcndenter
874 914 901 951 a
931 898 1235 963 constituto
1286 898 1492 968 aliquo,
1540 897 1766 966 pulchra
1817 906 1965 960 sunt,
1995 905 2053 950 et

2164 896 2281 965 θείη
2303 896 2361 949 τὸ
2389 896 2636 965 ἄπειρον,
2674 895 2739 948 ἵν’
2773 894 2802 947 ὃ
2820 894 2928 948 τῶν
2947 896 3372 966 περιτουμένων
3399 898 3544 956 ἐστὶ,
3576 894 3742 948 τοῦτο

477 990 676 1045 divinae
701 990 1134 1060 pulchritudinis
1171 990 1389 1045 nonnisi
1428 989 1723 1044 obscuram
1759 988 2052 1058 imaginem

2162 987 2313 1060 πάθῃ
2347 987 2561 1057 θεότης,
2589 986 2819 1056 βαθμοῖς
2845 988 3191 1057 μετρουμένη
3216 986 3311 1040 καὶ
3342 987 3682 1051 ὑποϐἁσεσι;
3717 1003 3737 1036 ι

477 1085 762 1139 exhibent.
789 1084 901 1139 Nos
968 1093 1175 1149 autem,
1245 1084 1584 1153 posteriores
1646 1081 1795 1143 facti.
1849 1080 1994 1135 bona
2053 1079 2302 1150 quadam
2357 1081 2622 1134 exsistere
2662 1079 2937 1151 posterius
2988 1079 3151 1133 etiam
3182 1078 3346 1143 facta,
3397 1077 3744 1149 experientia

480 1189 619 1237 teste
647 1182 942 1237 discimus:
997 1192 1163 1249 atque
1196 1180 1397 1235 exinde
1436 1180 1503 1234 ad
1552 1180 1721 1234 Deum
1773 1177 2087 1248 hujusmodi
2129 1177 2271 1232 bona
2348 1176 2672 1239 referentes,
2728 1189 2795 1230 ex
2832 1175 2898 1230 iis
2942 1176 3200 1231 omnibus
3244 1177 3414 1230 Deum
3449 1176 3612 1230 talem
3647 1174 3746 1228 de-

478 1275 850 1338 neminamns,
881 1273 1058 1343 qualis
1089 1281 1173 1327 est
1210 1288 1277 1326 ex
1308 1283 1499 1326 natura
1555 1288 1651 1326 sua
1688 1290 1702 1326 :
1755 1250 2056 1341 nou’quod
2096 1285 2163 1325 ex
2236 1268 2348 1324 illis
2381 1270 2718 1338 compositus
2775 1269 2870 1332 sit,
2894 1268 3356 1354 quemadmodum
3399 1267 3563 1322 nobis
3596 1271 3745 1323 acci-

480 1367 582 1421 dit.
636 1367 761 1422 Ηωο
799 1367 947 1421 enim
1012 1375 1143 1421 sunt
1205 1366 1425 1420 nomina
1503 1374 1559 1419 et
1611 1376 1921 1420 nostrarum
1977 1365 2334 1434 cogitationes
2384 1363 2732 1426 animarum;
2805 1377 2937 1431 quae
2986 1378 3111 1416 cutn
3142 1361 3200 1415 in
3242 1361 3389 1433 adyti
3461 1364 3742 1417 vestibulo

480 1460 706 1530 degant,
737 1460 831 1514 Dei
872 1471 1052 1515 tamen
1116 1468 1366 1514 naturam
1429 1457 1710 1512 curiosius
1745 1459 1949 1512 audent
2012 1458 2369 1530 perscrutari,
2437 1471 2628 1510 verum
2676 1455 2744 1510 de
2790 1456 2992 1511 divinis
3032 1456 3312 1511 attributis
3378 1456 3519 1511 nihil
3566 1472 3745 1511 enun-

482 1528 622 1612 tiare
680 1564 932 1627 possunt,
997 1572 1125 1611 suas
1181 1554 1443 1610 duntaxat
1490 1554 1774 1624 passiones
1821 1564 1878 1609 et
1928 1568 2057 1625 erga
2082 1528 2267 1607 ’Deum
2346 1552 2669 1609 aﬂ'ectiones
2732 1552 3029 1619 declarant,
3076 1560 3191 1607 tum
3230 1551 3579 1607 difﬁcultates
3607 1568 3744 1622 quas

481 1651 768 1720 patiuntur
824 1657 882 1717 et
960 1656 1141 1704 errata
1205 1650 1260 1702 in
1342 1663 1463 1718 qua:
1530 1647 1883 1717 impingunt,
1953 1662 2062 1701 non
2139 1647 2361 1717 quidem
2416 1647 2747 1712 evidenter;
2841 1646 2936 1700 sed
2989 1645 3207 1701 indiciis
3255 1645 3585 1716 quibusdam
3649 1646 3746 1699 de-

483 1756 803 1801 monstrant
856 1745 926 1800 iis
988 1746 1081 1815 qui
1123 1760 1187 1800 ea
1230 1743 1416 1799 valent
1489 1744 1869 1814 intelligere.»
1938 1741 2131 1807 YcSIer
2169 1753 2349 1798 autem
2433 1744 2693 1815 magister
2763 1743 3008 1798 Palamas
3079 1759 3422 1813 quaecunque
3475 1744 3548 1797 de
3630 1743 3743 1798 Deo

481 1853 608 1916 apte
669 1843 1077 1914 praedicantur,
1148 1851 1205 1896 et
1263 1841 1672 1911 intelliguntur,
1752 1840 1980 1895 totidem
2038 1841 2355 1895 divinitates
2406 1842 2889 1903 esseiuereatas,
2931 1856 2961 1895 a
3005 1831 3072 1895 se
3127 1840 3362 1896 invicem
3417 1840 3743 1905 distinctas,

483 1936 917 2008 independentcs
990 1936 1311 1991 existimat:
1366 1934 1571 2004 quibus
1639 1934 1731 1989 Dei
1814 1933 2084 2006 judicium
2162 1942 2219 1988 et
2300 1936 2636 2005 majestatem
2720 1934 3097 1998 adnumerat,
3180 1944 3232 1989 et
3314 1934 3419 1990 alia
3497 1932 3741 2000 inﬁnita;

483 2050 626 2105 quae,
658 2033 910 2088 adductis
962 2033 1017 2087 in
1076 2031 1315 2087 medium
1376 2032 1550 2103 ipsius
1599 2031 1831 2085 Palama:
1870 2031 2075 2094 verbis,
2116 2014 2513 2098 ostendemus;
2568 2041 2628 2085 ut
2673 2046 2859 2102 supra,
2917 2031 3204 2086 moderate
3278 2031 3408 2086 licet
3460 2040 3519 2085 et
3592 2047 3741 2092 raro.

484 2144 518 2185 ι
546 2129 705 2184 nobis
753 2128 960 2182 factum
1013 2136 1117 2182 est.
1170 2126 1441 2181 Nimirum
1478 2140 1611 2195 non.
1646 2125 1907 2196 intelligit
1953 2127 2071 2180 haec
2111 2126 2320 2195 1071
2363 2122 2468 2179 SS.
2515 2124 2736 2179 Patrum
2808 2123 3018 2180 verba:
3062 2144 3079 2177 ι
3116 2124 3407 2180 Credimus
3456 2125 3511 2177 in
3572 2139 3740 2177 unum

486 2223 686 2283 Deum.
718 2238 888 2276 uuutu
927 2220 1261 2291 principium
1306 2219 1563 2290 principii
1595 2234 1816 2290 expers,
1881 2220 2189 2274 increatum
2258 2226 2392 2281 etc.,
2458 2232 2622 2271 unam
2668 2226 3017 2287 potestatem,
3088 2235 3250 2272 unam
3287 2217 3741 2283 dominationem,

487 2334 661 2375 unum
711 2332 987 2387 regnum;
1023 2316 1168 2386 quod
1208 2318 1261 2370 in
1297 2316 1475 2372 tribus
1501 2314 1766 2386 perfectis
1812 2316 2069 2385 personis
2116 2315 2458 2384 agnoscitur,
2520 2321 2580 2369 et
2642 2314 2964 2370 adoratione
3005 2315 3168 2370 unica
3216 2317 3498 2371 aduratur.
3545 2333 3564 2365 ι
3602 2314 3744 2381 Quas

484 2416 636 2470 enim
669 2415 784 2469 Deo
815 2413 1115 2468 tribuimus
1146 2412 1547 2483 appellationes
1590 2411 1877 2481 plurimas,
1933 2414 2096 2466 unica
2136 2421 2193 2467 et
2248 2409 2494 2466 solitaria
2526 2409 2881 2466 conclusione
2921 2426 3148 2481 magnus
3184 2410 3422 2466 Joannes
3452 2410 3741 2466 conclusit.

488 2510 558 2573 Et
604 2526 738 2565 vero
794 2511 841 2566 si
901 2509 1201 2564 multitudo
1259 2510 1631 2565 increatarum
1682 2509 2069 2575 divinitatum,
2113 2524 2252 2578 quas
2309 2507 2561 2563 Palamas
2631 2507 2860 2573 invexit,
2891 2507 3057 2563 habet
3087 2523 3152 2563 ex
3184 2517 3377 2562 natura
3412 2523 3514 2562 sua
3550 2506 3744 2564 identi-

490 2611 688 2664 tatem.
715 2615 771 2660 et
806 2604 1066 2659 inermia:
1096 2605 1173 2659 rei
1207 2604 1609 2669 conditionem,
1663 2606 1774 2676 jam
1840 2605 1933 2660 illa
2000 2605 2296 2661 multitudo
2334 2620 2445 2660 non
2483 2603 2590 2659 erit
2635 2604 2934 2661 multitudo
2960 2646 2977 2671 ,
3024 2606 3118 2662 sed
3165 2607 3367 2660 unitas.
3418 2605 3537 2661 Hoc
3581 2608 3747 2677 igitur

495 2715 608 2753 non
646 2698 1043 2752 animadvertit
1090 2698 1385 2765 Palamas;
1456 2699 1602 2769 quod
1651 2700 1866 2754 scilicet
1929 2699 2161 2755 deitatcs
2200 2699 2323 2755 illas
2385 2708 2598 2755 asserat
2641 2713 2764 2754 esse
2806 2698 2940 2769 quid
3001 2715 3169 2754 unum
3224 2715 3349 2755 cum
3401 2701 3742 2758 substantia:

496 2793 643 2847 unde
672 2808 781 2847 non
809 2788 1410 2865 recte'intelligit,qua~.
1439 2804 1589 2852 recte
1618 2794 1889 2851 enuntiat.
1910 2795 2069 2862 Quod
2107 2796 2256 2851 enim
2292 2796 2435 2851 idem
2468 2806 2573 2862 est,
2608 2811 2718 2851 non
2743 2806 2827 2851 est
2857 2795 3029 2859 aliud,
3062 2811 3239 2866 neque
3287 2796 3611 2863 multitudo,
3651 2814 3742 2855 seu

490 2893 775 2950 naturam,
821 2900 917 2940 seu
946 2886 1308 2941 substantiam
1334 2896 1568 2956 spectes.
1596 2889 1653 2944 Si
1673 2875 1805 2943 vero
1822 2889 1997 2959 gratia
2019 2891 2308 2957 duntaxat,
2327 2890 2791 2960 quemadmodum
2827 2890 3102 2955 homines,
3123 2889 3239 2945 illas
3277 2891 3598 2948 divinitates
3632 2909 3746 2950 esse

498 2977 635 3047 quid
665 2994 837 3032 unum
871 2989 928 3035 et
959 2980 1265 3034 increatum
1303 2989 1509 3035 statuat
1539 2981 1810 3047 Palamas,
1840 2998 1950 3037 non
1994 2985 2232 3039 advertit
2261 2999 2292 3038 a
2323 2999 2383 3039 se
2416 2983 2672 3038 aﬂirmari
2720 2984 2982 3038 deitatum
3036 2984 3350 3053 hujusmodi
3383 2984 3744 3041 increatarum

494 3071 910 3126 multitudinem
940 3086 1065 3127 esse
1094 3073 1223 3141 quid
1259 3073 1401 3128 idem
1434 3091 1556 3130 cum
1602 3075 1952 3130 hominibus:
1980 3089 2038 3131 et
2082 3078 2160 3133 sic
2196 3078 2347 3150 juxta
2374 3077 2607 3133 Palama:
2631 3077 3149 3147 sententiam,quod
3186 3080 3490 3135 increatum
3517 3090 3746 3148 est,non

490 3164 601 3219 erit
658 3166 986 3231 increatum,
1040 3165 1135 3221 sed
1193 3177 1461 3222 creatum.
1517 3169 1653 3224 Nam
1712 3185 1834 3240 quae
1896 3172 2067 3226 multa
2109 3183 2261 3236 sunt,
2315 3171 2654 3226 exsistentiaa
2692 3171 2979 3227 identitate
3052 3173 3350 3228 uniuntnr:
3400 3177 3746 3247 quandoqui-

493 3255 617 3311 dem
654 3272 684 3311 a
727 3267 923 3312 natura
954 3259 1027 3313 ita
1068 3270 1447 3329 comparatum
1480 3271 1587 3324 est,
1621 3272 1683 3318 ut
1736 3280 1862 3334 qua!
1926 3264 2146 3319 diversa
2188 3280 2296 3319 non
2340 3274 2491 3329 sunt,
2535 3278 2723 3320 secum
2778 3265 3015 3321 invicem
3054 3267 3385 3322 conveniant
3446 3260 3747 3325 secundqu

492 3360 708 3407 natura:
738 3364 791 3408 et
811 3354 1012 3424 gradus
1056 3357 1503 3424 similitudinem,
1550 3361 1643 3415 ubi
1712 3361 1861 3415 nulla
1930 3371 2014 3416 est
2091 3361 2406 3417 diversitas.
2451 3361 2602 3416 Alias
2648 3362 2926 3433 quomodo
2981 3367 3470 3420 connnlscerentur
3535 3383 3601 3422 ea
3636 3382 3751 3436 qua:

494 3444 708 3499 directe
765 3462 827 3500 ac
881 3448 1049 3504 veluti
1093 3466 1123 3504 e
1169 3449 1444 3507 diametro
1490 3452 1594 3507 sibi
1671 3453 1905 3509 invicem
1975 3466 2356 3525 opponuntur,
2404 3465 2461 3509 et
2534 3455 2727 3511 saltem
2775 3456 2990 3510 ratione
3051 3460 3165 3512 sua:
3215 3458 3554 3516 diversitatis
3607 3476 3750 3515 nun-

493 3553 655 3606 quam
689 3542 794 3593 non
836 3556 1021 3595 secum
1054 3544 1337 3611 pugnant?
1385 3544 1573 3614 Neque
1606 3548 1754 3600 enim
1805 3547 1922 3602 ﬁeri
1970 3557 2197 3617 posset,
2241 3555 2299 3601 ut
2345 3548 2577 3603 alterum
2650 3550 2808 3604 alteri
2883 3549 3225 3605 luculentum
3300 3552 3512 3607 scilicet
3565 3555 3749 3609 interi-

494 3645 610 3689 tum
639 3636 862 3709 jamjam
899 3639 1049 3692 omni
1085 3638 1233 3695 dicto
1270 3641 1437 3696 citius
1470 3658 1576 3697 non
1622 3655 1865 3714 pararet.
1900 3643 2073 3713 igitur
2104 3644 2199 3715 qui
2235 3652 2437 3715 praeter
2511 3647 2723 3717 1072
2785 3645 3027 3701 divinam
3059 3648 3450 3714 substantiam,
3481 3649 3750 3707 increatas

491 3728 811 3787 divinitates
846 3733 983 3788 alias
1050 3745 1107 3790 et
1142 3738 1494 3806 operationes
1536 3741 1748 3804 statuit,
1820 3740 1866 3795 is
1904 3740 2150 3794 omnium
2190 3741 2476 3797 creatrieis
2536 3741 2843 3798 divinitatis
2893 3743 3157 3799 unitatem
3220 3745 3441 3801 evertit.
3507 3746 3745 3819 Namque

492 3839 721 3894 prorsus
759 3827 1098 3895 impossibile
1139 3841 1247 3893 est,
1282 3840 1339 3883 ut
1372 3829 1641 3886 deitatum
1673 3833 1967 3889 diversitas
2011 3834 2065 3889 in
2108 3835 2452 3890 identitatem
2498 3836 2804 3891 naturalem
2867 3847 3045 3894 coeat.
3081 3839 3268 3909 itaque
3331 3840 3482 3895 nulla
3513 3841 3618 3897 fuit
3650 3857 3744 3897 nec

492 3917 603 3969 erit
638 3934 877 3988 unquam
931 3920 1176 3975 increata
1251 3922 1513 3978 divinitas
1561 3925 1691 3990 alia,
1763 3937 1962 3995 praeter
2004 3926 2249 3982 divinam
2284 3937 2341 3983 et
2367 3928 2539 3983 solam
2606 3929 2970 3985 substantiam
3018 3931 3085 3986 1n
3123 3933 3304 3989 tribus
3345 3924 3602 4004 personis
3627 3936 3744 3990 sub-

494 4010 781 4064 sistentem
810 4028 823 4077 ;
857 4012 1076 4066 etiamsi
1111 4014 1395 4070 Palamitm
1431 4016 1578 4071 istud
1612 4019 1929 4074 cﬁ‘utientcs
1962 4019 2404 4091 disrumpantur.
2474 4022 2666 4094 Neque
2730 4039 2865 4079 vero
2910 4023 3249 4081 admittenda
3310 4037 3398 4083 cst
3461 4030 3738 4101 paganica-

493 4117 615 4156 rum
676 4105 904 4159 deorum
954 4107 1272 4160 multitudo.
1306 4108 1381 4162 Ita
1410 4109 1557 4164 enim
1603 4112 1865 4181 praeclare
1911 4112 2079 4168 habet
2118 4115 2517 4171 celeberrimus
2548 4116 2837 4188 theologus
2902 4128 3129 4174 sanctus
3181 4119 3421 4176 Joannes
3464 4122 3737 4177 Damasceo

495 4217 645 4255 nus:
692 4221 709 4251 ι
755 4202 813 4257 Si
854 4202 1072 4273 plures,
1127 4203 1338 4274 inquit,
1386 4223 1509 4263 esse
1560 4207 1697 4264 deos
1745 4209 2070 4278 dixerimus,
2146 4227 2375 4267 necesse
2417 4224 2502 4268 est
2548 4222 2607 4267 ut
2674 4214 2777 4284 ipsi
2821 4213 2968 4270 inter
3012 4231 3073 4271 se.
3100 4216 3380 4273 ditl'crant.
3413 4218 3484 4273 Et
3535 4221 3735 4291 quidem

495 4298 649 4353 scius
682 4299 773 4353 ille
806 4299 1035 4354 omnino
1063 4311 1119 4354 et
1143 4302 1384 4357 totaliter
1414 4303 1561 4358 Deus
1599 4304 1727 4370 erit,
1760 4306 1854 4376 qui
1889 4307 2136 4362 totaliter
2162 4319 2218 4363 ct
2263 4310 2490 4363 omnino
2546 4309 2825 4380 perfectus
2894 4311 3000 4367 erit
3061 4331 3075 4366 :
3137 4316 3456 4386 quicunque
3506 4327 3680 4373 autem
3707 4334 3734 4373 a

498 4405 715 4446 summe
763 4391 1003 4461 perfecto
1053 4393 1146 4447 illo
1174 4390 1529 4464 superabitur
1575 4401 1879 4453 secundum
1926 4400 2263 4468 bonitatem,
2328 4411 2423 4455 aut
2496 4404 2988 4474 sapientiam,‘aut
3046 4407 3376 4479 potentiam,
3414 4421 3512 4466 aut
3550 4428 3734 4468 secun-

497 4490 627 4542 dum
672 4488 821 4542 aliud
854 4490 1163 4559 quidpiam,
1199 4490 1342 4546 Deus
1376 4507 1485 4547 non
1532 4493 1658 4549 erit.
1689 4494 1896 4551 Deinde
1928 4512 2080 4561 vero,
2123 4496 2169 4552 si
2236 4498 2394 4552 multi
2442 4498 2555 4555 sint
2596 4499 2708 4564 dii,
2742 4502 3018 4572 quomodo
3067 4504 3531 4579 incircumscripti
3570 4526 3738 4565 mane-

497 4579 800 4636 bunt?Ubi
852 4582 999 4636 enim
1052 4584 1218 4639 fuerit
1272 4601 1438 4653 unus,
1492 4587 1569 4640 ibi
1616 4588 1754 4643 alter
1831 4605 1940 4644 non
1993 4591 2122 4646 erit.
2162 4593 2327 4662 Atqui
2378 4602 2561 4648 tamen
2591 4580 2830 4652 ’necesse
2872 4610 2957 4656 est
3008 4612 3068 4656 ut
3127 4601 3636 4676 incircumscriptus
3669 4600 3733 4661 δίε

500 4675 668 4738 Deus,
720 4681 779 4729 ct
816 4677 998 4730 omnia
1033 4679 1260 4748 repleat.
1297 4699 1315 4732 ι
1351 4680 1522 4750 Igitur
1561 4682 1688 4737 hinc
1731 4684 1897 4738 etiam
1944 4686 2408 4742 considerandum
2445 4699 2550 4756 est,
2615 4695 2892 4762 quomodo
2956 4698 3191 4754 stolidus
3253 4675 3533 4767 Palamas,
3571 4718 3732 4773 neque

504 4782 717 4861 sacram
749 4769 1086 4838 Srripturam
1127 4772 1404 4828 ullatenus
1433 4774 1767 4847 intelligens,
1791 4779 2084 4835 manifeste
2124 4796 2341 4850 semper
2380 4786 2659 4839 censuerit
2695 4797 2751 4842 et
2786 4786 3057 4857 docuerit,
3078 4791 3241 4847 unius
3268 4793 3364 4849 Dei
3390 4769 3729 4851 substantiam

504 4869 563 4914 ct
599 4861 981 4929 operationem
1015 4880 1045 4917 a
1079 4880 1136 4919 se
1168 4867 1405 4922 invicem
1452 4868 1701 4936 diﬁ‘erre,
1742 4888 1919 4942 neque
1960 4889 2123 4927 unam
2165 4874 2430 4929 duntaxat
2453 4877 2793 4935 divinitatem
2834 4882 3045 4952 admitti
3085 4900 3115 4939 a
3151 4901 3209 4942 se
3245 4887 3616 4952 declarat-erit.
3647 4891 3731 4946 sed

513 4955 791 5020 inﬁnitas;
822 4974 926 5013 nec
954 4959 1198 5017 inﬁnitas
1234 4964 1543 5031 solum,sed
1571 4975 1629 5022 et
1653 4968 1952 5037 increatas;
1998 4987 2100 5026 nec
2138 4973 2519 5031 tantummodo
2544 4975 2943 5043 increatas,sed
2962 4950 3199 5054 inajares
3225 4992 3282 5039 ct
3306 4987 3564 5045 minores.
3582 4989 3729 5046 Porro

507 5051 605 5118 qui
638 5053 875 5122 majores
899 5066 953 5110 et
980 5058 1223 5113 minores
1257 5062 1530 5155 increatas
1558 5062 1789 5119 deitates
1812 5065 2131 5135 introducit,
2158 5068 2203 5124 is
2236 5069 2480 5139 profecto
2507 5071 2851 5130 intervallum
2878 5051 3151 5146 quoddam
3173 5081 3318 5138 inter
3336 5099 3432 5139 eas
3458 5092 3726 5158 excogitat.

505 5148 621 5204 lluc
665 5160 850 5225 autem
888 5152 1235 5209 intervallum
1264 5148 1540 5213 inﬁnitum
1579 5175 1701 5216 esse
1740 5162 1951 5233 1073
1993 5180 2101 5218 non
2138 5166 2347 5234 patitur
2392 5165 2562 5236 ipsius
2601 5169 2788 5235 medii,
2829 5186 2926 5227 seu
2959 5172 3258 5243 intervalli,
3288 5181 3430 5236 ratio
3484 5148 3726 5240 formatis.

502 5245 614 5300 l’icc
655 5247 805 5303 enim
844 5248 1135 5306 inﬁnitatis
1177 5262 1375 5310 natura
1414 5255 1686 5327 ejusmodi
1744 5268 1846 5326 est,
1880 5269 1940 5313 ut
1989 5262 2250 5331 gradibus
2299 5271 2415 5317 tum
2452 5266 2830 5334 superioribus
2856 5277 2996 5324 'tum
3048 5271 3409 5334 inferioribus
3468 5295 3726 5338 mensura-

500 5348 611 5394 ιιιι·.
645 5358 666 5391 ι
1575 5374 1581 5389 ,
2409 5365 2420 5375 .

578 5433 641 5487 Χ.
683 5434 955 5502 Equidem
1004 5448 1251 5509 poteram
1318 5442 1424 5499 alia
1499 5448 1656 5517 plura
1714 5449 1815 5505 SS.
1846 5448 2069 5504 Patrum

2255 5452 2314 5511 l'.
2356 5450 2488 5521 Ἐμὲ
2516 5454 2574 5509 δὲ
2602 5456 2693 5509 καὶ
2733 5456 2955 5524 πλείους
2991 5467 3302 5538 μαρτυρίας
3332 5470 3523 5541 ἐτέρας
3554 5473 3723 5543 ἔχοντα

500 5530 747 5598 prolerrc
778 5531 1113 5595 testimonia.
1147 5535 1350 5603 quibus
1378 5549 1678 5605 constaret,
1712 5558 1894 5612 neque
1938 5559 2068 5613 ope-

2182 5549 2368 5617 φέρειν
2389 5550 2581 5618 ἁγίων,
2607 5552 2735 5621 περί
2756 5569 2817 5620 γε
2837 5552 2929 5606 τοῦ
2952 5556 3089 5626 μήτε
3115 5530 3439 5629 ὲνξργειαν,’
3457 5530 3721 5634 μξτεῆτινὰ

456 5666 461 5673 .
500 5621 982 5694 rationem,neque
1018 5626 1178 5679 ullam
1205 5628 1545 5697 qualitatem,
1570 5650 1745 5704 neque
1776 5635 1925 5689 aliud
1952 5654 2040 5690 om

2181 5643 2440 5712 πσιότητα
2459 5647 2593 5712 μήτε
2612 5661 2662 5696 τι
2683 5645 2791 5700 τᾶν
2806 5648 3020 5702 πάντων
3044 5650 3100 5716 ἐξ
3124 5653 3294 5706 ἀϊδίου
3316 5660 3546 5709 συνεῖναι
3565 5659 3724 5725 διάφο-

496 5714 631 5765 ιιὲιιυ
668 5713 968 5782 quidpiam,
1011 5716 1211 5772 ditium
1255 5719 1572 5775 substantia‘
1625 5734 1959 5778 CO‘JJerlltllll
2014 5737 2069 5780 ct

2181 5747 2273 5798 ριν
2290 5732 2544 5787 δύιαδθαι
2572 5738 2636 5804 τῇ
2662 5736 2777 5806 Θείᾳ
2800 5739 2976 5811 οὐσίᾳ,
3001 5742 3093 5795 καὶ
3113 5744 3224 5811 ἅμα
3243 5748 3353 5808 τοῖ,
3374 5749 3449 5817 τῷ
3468 5749 3718 5817 Καῡασίιᾳ
