4026 6628
361 433 511 502 1355
699 438 776 506 [Α.
813 429 868 489 c'.
909 436 1070 505 ιδειι

1291 437 1736 500 ΒΥΖΑΝΤΙΝᾹΞ
1776 438 2160 499 ΗιδίὈιιιιΕ
2207 415 2353 502 LIB.
2379 442 2600 503 XXIII.

2713 435 2849 507 [ιιιιτ.
2887 450 2934 489 ι.
2976 450 3270 492 caaracuz.
3306 435 3364 508 5]

3479 439 3618 505 1366

357 568 461 622 ραν
497 549 597 604 τοῦ
643 549 965 620 Πνεύματος
1009 551 1103 605 καὶ
1150 550 1346 622 θυρεὸν
1391 551 1630 616 πίστεως
1671 551 1935 617 τοιοῦτον,

2045 561 2209 623 atque
2257 555 2694 612 adulterinorum
2749 555 2942 611 morbo
2977 557 3292 628 dogmatum
3323 555 3612 616 laborarit.

356 643 431 706 ὡς
457 640 723 696 δύνασθαι
755 641 1194 713 θαυματουργεῖν
1243 643 1349 696 κάκ
1395 643 1504 696 τῶν
1535 645 1838 716 τεραστῑων
1871 644 1932 700 τὸ

353 735 466 786 τῶν
527 733 901 803 ἀναισχύντων
977 733 1315 802 ἐμφράττειν
1398 735 1596 806 στόμα,
1656 737 1810 790 οὐδὲν
1865 735 1934 792 ἂν

353 827 530 880 δέοιτο
562 827 658 896 τῆς
684 825 793 880 ἀπὸ
823 813 918 878 τοῦ
951 825 1111 893 λόγου
1143 827 1399 897 βοηθείας
1425 844 1436 853 ·
1473 828 1674 896 μᾶλλον
1705 828 1764 884 δὲ
1813 829 1934 884 οὐδὲ

353 915 478 968 τότε
527 915 804 986 ἄχρηστος
835 915 868 985 ἡ
905 915 1097 968 τούτου
1133 916 1320 986 φύσις.
1364 938 1383 970 ι
1431 918 1596 974 Ἀλλά
1625 919 1719 973 καὶ
1746 921 1773 974 ὁ
1804 921 1934 974 θαυ-

273 1081 278 1086 _
357 1007 560 1076 μάσιος
582 1007 706 1063 τάδε
736 1006 960 1072 διέξεισι
980 1009 1232 1078 Μάξιμος
1265 1009 1398 1078 (68),
1421 1032 1437 1062 ι
1463 1011 1597 1082 Δίχα
1621 1011 1874 1080 λογικῆς,
1907 1032 1926 1066 ι

355 1099 514 1174 φησὶ,
561 1117 580 1150 ι
613 1099 898 1172 δυνάμεως
927 1101 1334 1174 ὲπιστημονικὴ
1389 1103 1594 1170 γνῶσις
1635 1105 1734 1158 οὐκ
1773 1104 1888 1160 ἔστι
1914 1122 1930 1138 ·

355 1198 451 1248 καὶ
485 1193 744 1266 γνώσεως
793 1194 962 1268 χωρὶς
1003 1195 1066 1250 οὐ
1121 1196 1441 1252 συνίσταται
1487 1198 1692 1262 πίστις,
1735 1199 1830 1268 ἀφ’
1864 1193 1932 1270 ἧς

352 1286 412 1343 τὸ
459 1285 630 1340 καλὸν
683 1289 938 1358 γέννημα
989 1287 1240 1357 πρόεισιν
1295 1291 1328 1360 ή
1383 1290 1558 1354 ἐλπίς.
1603 1309 1627 1344 ι
1676 1292 1786 1346 Καὶ
1840 1293 1932 1344 ἐπὶ

351 1378 568 1442 τούτοις
591 1381 620 1432 ὁ
655 1377 796 1442 θεῖος
825 1381 889 1432 ὲκ
935 1379 1230 1448 Δαμασκοῦ
1261 1383 1428 1453 φησὶν
1463 1381 1720 1452 Ίωάννης
1745 1399 1760 1414 ⁸
1796 1403 1814 1436 ι
1855 1385 1933 1448 ὡς

352 1472 399 1520 εἰ
432 1471 528 1522 καὶ
561 1469 712 1540 παρὰ
741 1469 849 1522 τῶν
887 1469 1090 1535 ἔξωθεν
1120 1473 1400 1544 χρήσιμόν
1439 1490 1492 1528 τι
1529 1475 1930 1546 καρπώσασθαι
1957 1498 1963 1504 ·

349 1557 744 1632 δυνηθείημεν,
787 1563 848 1615 οὐ
887 1559 999 1615 τῶν
1035 1563 1509 1634 ἀπηγορευμένων
1561 1567 1700 1623 ὲστί.
1751 1568 1930 1622 Γενὼ-

353 1648 496 1718 μεθα
542 1651 762 1722 δόκιμοι
798 1653 1129 1726 τραπεζῖται
1159 1653 1292 1727 (69),
1329 1657 1390 1710 τὸ
1425 1656 1527 1728 μὲν
1571 1664 1792 1728 γνήσιον
1837 1663 1934 1716 καὶ

349 1733 598 1813 καθαρὸν
650 1742 880 1814 χρυσίον
933 1742 1294 1813 σωρεύοντες,
1330 1747 1390 1800 τὸ
1431 1747 1490 1816 δὲ
1533 1747 1790 1822 κίϐδηλον
1835 1773 1932 1808 παι

352 1831 728 1903 ρσιιτούμενοι.
759 1833 1030 1906 Λάύωμεν
1057 1838 1250 1908 λόγους
1298 1839 1614 1907 καλλίστους
1641 1861 1656 1877 ο
1689 1845 1844 1909 θεοὺς
1873 1848 1929 1902 δὲ

2043 653 2174 700 tunc
2227 647 2394 701 multa
2448 659 2534 702 est
2583 647 2854 703 sermonis
2897 657 2954 702 et
2980 646 3245 702 doctrina!
3280 649 3614 712 necessitas;

2043 753 2150 791 non
2177 737 2354 792 solum
2388 751 2446 793 ut
2472 748 2656 794 nostra
2680 740 2791 794 sint
2825 739 2878 794 in
2917 747 3056 804 tuto,
3110 741 3202 794 sesi
3231 739 3396 794 etiam
3434 751 3494 795 ut
3521 741 3612 796 ad-

2041 845 2231 884 versus
2264 832 2494 885 externa
2525 831 2667 886 bella
2695 832 3030 887 muniamur.
3080 831 3213 888 Nam
3253 831 3298 886 si
3345 831 3468 902 quis
3498 831 3613 902 gia-

2040 921 2191 978 dium
2223 923 2465 995 Spiritus’
2491 935 2545 980 et
2579 935 2796 980 scutum
2823 925 2942 979 fidei
2981 926 3086 980 tale
3117 925 3334 987 habeat,
3371 933 3428 978 ιιι
3449 904 3617 978 mira-

2041 1016 2162 1070 cula
2201 1017 2366 1071 edere
2391 1026 2556 1088 atque
2594 1017 2662 1070 iis
2695 1017 2862 1070 editis
2917 1017 3316 1085 impudentium
3375 1032 3469 1071 ora
3511 1015 3613 1070 ob-

2041 1104 2259 1164 struere
2297 1109 2488 1177 possit,
2522 1110 2798 1165 sermonis
2832 1108 2914 1164 vel
2953 1109 3220 1164 doctrinre
3245 1111 3449 1164 auxilio
3481 1125 3615 1163 ncu-

2040 1199 2243 1270 tiquain
2276 1215 2414 1270 opus
2443 1199 2700 1254 haberet:
2736 1198 2845 1252 imo
2872 1215 3000 1252 vero
3033 1213 3210 1266 neque
3235 1207 3365 1252 tunc
3390 1197 3616 1250 inutiles

2038 1307 2104 1346 ex
2139 1304 2333 1347 natura
2361 1307 2459 1348 sua
2496 1291 2727 1347 forent.»
2791 1291 2896 1346 Sed
2933 1303 2989 1345 et
3035 1291 3302 1344 mirabilis
3349 1290 3616 1344 lliaximus

2037 1383 2242 1440 alicubi
2285 1385 2366 1439 sic
2394 1385 2650 1439 disserit:
2706 1383 2868 1438 «Siue
2899 1383 3148 1438 rationali
3183 1381 3434 1436 facultate
3463 1383 3614 1437 nulla

2035 1486 2122 1532 est
2141 1473 2767 1549 scientiﬂca'eognitio;
2821 1486 2874 1532 et
2921 1478 3128 1546 absque
3159 1474 3470 1546 cognitione
3504 1488 3610 1524 nou

2037 1571 2290 1627 consistit
2348 1571 2504 1636 fides,
2560 1586 2627 1626 ex
2681 1587 2788 1642 qua
2827 1571 3116 1640 progenies
3158 1569 3440 1645 praeclara,
3489 1579 3615 1634 spes

2037 1663 2316 1734 videlicet,
2342 1664 2674 1719 enascitur.»
2713 1665 2917 1735 Agmcn
2943 1663 3164 1718 claudet
3187 1661 3348 1714 divus
3371 1658 3612 1714 Joannes

2036 1757 2432 1818 Damascenus,
2463 1755 2556 1825 qui
2611 1755 2691 1812 sic
2717 1755 2826 1811 ait:
2869 1753 2956 1809 cSi
2984 1753 3112 1823 quid
3147 1751 3392 1823 profanis
3417 1769 3446 1804 e
3475 1749 3614 1802 scri-

2040 1847 2291 1918 ptoribus
2315 1846 2568 1902 utilitatis
2597 1847 2885 1916 percipere
2911 1845 3202 1916 possimus,
3242 1839 3456 1912 1085
3489 1854 3610 1893 eam

351 1923 602 1992 γελοίους
666 1928 763 1982 καὶ
809 1929 1016 1999 μύθους
1059 1931 1377 2000 ἀλλοτρίους
1405 1937 1521 1998 τοῖς
1573 1939 1734 1992 κυσὶν
1761 1940 1906 2010 ἀττορ

2039 1941 2352 1998 consectari
2388 1940 2704 1996 nullatenus
2732 1949 2816 1994 est
2847 1938 3208 2008 prohibitum.
3242 1933 3409 1990 Probi
3438 1933 3614 1988 simus

354 2015 630 2088 ῥίψωμεν.
666 2020 932 2092 Πλείστην
963 2023 1073 2094 γὰρ
1103 2023 1163 2092 ἐξ
1197 2025 1377 2080 αὐτῶν
1405 2027 1529 2082 κατ’
1564 2029 1750 2084 αὐτῶν
1777 2033 1932 2104 ἰσχὺν

351 2111 668 2180 κτήσασθαι
735 2113 1126 2186 δυνηθείημεν.
1193 2137 1213 2171 ι
1268 2121 1376 2174 Καὶ
1450 2123 1503 2176 τί
1557 2123 1640 2176 δεῖ
1713 2124 1932 2198 μέτροις

353 2199 746 2270 ἀριθμητικοῖς
779 2203 1077 2275 πειρᾶσθαι
1127 2206 1440 2275 συγκλείειν
1485 2211 1554 2264 τὰ
1601 2212 1696 2264 καὶ
1736 2213 1933 2278 αὐτοὺς

355 2289 546 2360 σχεδον
577 2292 974 2366 ἀριθμητικοὺς
998 2298 1410 2367 παραιτούμενοι
1438 2301 1633 2372 νόμους
1657 2322 1672 2370 ;
1707 2304 1847 2360 Ὅσα
1873 2325 1933 2360 τε

353 2381 560 2454 δηλαδὴ
591 2383 878 2454 διεξίασιν,
909 2387 1003 2452 οὓς
1051 2389 1375 2461 διελάὁομεν
1417 2393 1511 2446 καὶ
1558 2387 1632 2448 ὧν
1661 2398 1935 2469 ἐμνήσθη-

359 2491 482 2543 μεν,
527 2474 694 2548 ἕτερα
723 2494 737 2508 ο
791 2480 887 2533 καὶ
936 2482 1146 2551 ὅσαπερ
1197 2484 1413 2555 οὖδαμῆ
1455 2485 1798 2560 διελάϐομεν.
1841 2486 1936 2557 Οἷς

356 2566 465 2638 γὰρ
509 2568 614 2622 οὐκ
655 2571 941 2644 ἀπέχρησε
996 2575 1064 2630 τὰ
1115 2581 1519 2652 κεκομισμένα.
1562 2584 1787 2650 τούτοις
1823 2589 1936 2642 οὐδ’

358 2659 486 2724 ὅλας
535 2661 734 2732 βίϐλων
771 2665 988 2734 ἀμάξας
1041 2669 1284 2739 κομίζων
1330 2691 1414 2737 τις
1461 2674 1680 2732 σύνεσιν
1727 2660 1933 2750 κομιεῖ-

359 2751 479 2804 σθαι
552 2759 1003 2822 παρασκευᾶισει·
1059 2761 1091 2833 ἢ
1157 2764 1385 2832 μᾶλλον,
1451 2757 1497 2833 ᾧ
1565 2768 1640 2838 μὴ
1715 2770 1936 2826 σύνεσιν

357 2842 639 2946 ἀντέχρησε
667 2849 782 2946 τοῖς
801 2849 1082 2946 λογισμοῖς
1111 2856 1369 2921 ἐνθεῖναι,
1407 2857 1650 2925 ἄφυκτον
1681 2862 1933 2935 ἀνάγκην

357 2938 495 2988 εἰναι
525 2938 655 2999 τοὺς
706 2938 916 2995 Ἐλλάδι
961 2944 1280 3013 χρωμένους
1327 2951 1502 3020 φωνῇ,
1533 2951 1626 3003 καὶ
1664 2955 1776 3017 τοῖς
1824 2954 1934 3008 τῶν

361 3026 646 3082 συλλαόὦν
674 3034 765 3085 καὶ
801 3036 1085 3106 στοιχείων
1111 3038 1317 3108 ταύτης
1347 3042 1603 3112 εὑρεταῖς
1632 3044 1933 3116 ἀναφέρειν

357 3118 456 3187 τὴν
502 3120 764 3192 μίμησιν,
820 3125 914 3178 καὶ
965 3126 1064 3190 τάς
1115 3143 1178 3196 γε
1231 3127 1339 3182 τῶν
1396 3131 1932 3205 ἀμφισϐητουμένων

2039 2033 2428 2088 nummularii:
2462 2031 2758 2099 genuinum
2796 2047 2860 2086 ac
2907 2031 3184 2085 sincerum
3221 2041 3614 2083 coacervemus

2037 2141 2270 2188 aurum;
2317 2123 2690 2181 adulterinum
2737 2136 2867 2176 vero
2914 2130 2971 2174 et
3025 2119 3204 2176 scoria
3260 2119 3482 2188 plenum
3521 2131 3612 2170 re-

2037 2232 2322 2289 spuamus.
2367 2217 2664 2272 Sermones
2712 2204 3162 2287 prmciarissimos
3219 2225 3608 2274 assumamus;

2039 2311 2302 2366 ridiculos
2349 2319 2532 2366 autem
2576 2310 2712 2364 deos
2754 2309 3068 2376 alienasque
3116 2304 3326 2358 fabulas
3384 2302 3614 2358 canibus

2037 2401 2420 2473 projiciamus.
2457 2399 2687 2456 Multum
2719 2399 2866 2453 enim
2900 2397 3116 2452 roboris
3144 2405 3333 2450 contra
3362 2410 3420 2450 se
3454 2393 3614 2447 noliis

2041 2495 2146 2563 ipsi
2175 2492 2528 2562 suppeditare
2567 2497 2896 2560 poterunt».
2939 2485 3046 2541 Sed
3089 2483 3220 2553 quid
3263 2499 3403 2552 opus
3433 2491 3518 2536 est
3555 2491 3616 2534 ut

2039 2596 2192 2642 ειη-ιο
2225 2601 2457 2640 numero
2489 2599 2554 2636 ea
2589 2581 2922 2636 concludere
2975 2593 3261 2639 conemur,
3287 2591 3428 2660 .quae
3469 2575 3614 2641 ipsas

2039 2679 2211 2736 ferme
2237 2677 2781 2746 arithtncticaslcges
2823 2672 2966 2728 ferre
2998 2670 3298 2726 recusant?
3352 2669 3430 2723 Ea
3458 2665 3618 2721 intel-

2037 2775 2150 2844 ligo
2185 2788 2306 2842 qua:
2361 2771 2645 2826 disserunt
2687 2766 2891 2821 laudati
2929 2783 2957 2820 a
2982 2764 3152 2818 -noliis
3185 2762 3285 2818 SS.
3321 2761 3530 2826 Patres,
3561 2769 3616 2813 ct

2039 2866 2142 2919 alia
2193 2881 2311 2933 quae
2358 2863 2442 2916 vel
2493 2859 3075 2920 commemoravimus,
3122 2857 3204 2910 vel
3241 2859 3354 2908 alto
3395 2851 3616 2907 silentio

2039 2955 2508 3026 pra-terruisimus.
2557 2951 2767 3018 Quibus
2789 2951 2933 3004 enim
2963 2966 3070 3002 non
3095 2947 3368 3002 sufficiunt
3405 2962 3434 2998 a
3459 2943 3617 2999 nobis

2037 3048 2201 3102 allata
2239 3045 2576 3105 testimonia,
2611 3044 2678 3096 iis
2708 3041 2872 3096 etiam
2908 3040 2950 3094 si
2982 3039 3155 3094 solida
3184 3038 3424 3107 plaustra
3455 3034 3616 3088 libris

2038 3147 2234 3195 Onusta
2256 3137 2526 3208 quispiam
2558 3134 2878 3196 adveheret,
2916 3127 3252 3198 intelligcn'li
3277 3131 3387 3182 vim
3410 3125 3616 3180 aliene

357 3209 674 3264 ἀνατιθέναι
714 3214 936 3286 ’κρίσεις
987 3219 1079 3272 καὶ
1123 3218 1328 3284 λύσεις,
1364 3223 1615 3294 καθάπερ
1659 3225 1932 3294 στάθμαις

357 3302 445 3328 υ..ὶ
479 3305 670 3328 ..--.ι--
715 3307 962 3328 -ιη--η-γ
1006 3327 1013 3328 ,
1075 3311 1088 3328 ι
1131 3311 1147 3328 -.
1185 3310 1211 3328 Λ
1385 3315 1397 3328 ι
1503 3315 1524 3326 ς
1667 3317 1681 3328 ι
1727 3317 1748 3328 ..
1869 3318 1891 3328 .-

2039 3248 2147 3288 ιιοιι
2183 3229 2407 3301 poterit.
2467 3228 2656 3283 Potius
2698 3225 2912 3279 diram:
2965 3221 3284 3292 quicunque
3324 3234 3390 3272 ex
3435 3216 3616 3272 allatis

355 3302 450 3354 καὶ
479 3305 674 3358 κανόσι
712 3307 962 3372 τέκτονες
1003 3311 1096 3362 καὶ
1130 3310 1428 3384 λιθουργοὶ,
1457 3315 1534 3386 τῷ
1563 3317 1681 3370 ποτ’
1723 3317 1788 3370 ἂν
1825 3318 1932 3372 τῶν

359 3394 580 3450 πάντων
613 3391 772 3462 οὗτος
820 3401 993 3472 ἑτέρῳ
1041 3403 1293 3475 πεισθείη
1325 3423 1338 3471 ;
1377 3401 1531 3476 οἶμαι
1575 3407 1684 3462 τῶν
1716 3408 1932 3462 πάντων

355 3487 534 3558 ἥκιστ’
571 3489 636 3545 ἀν
667 3495 784 3544 ποτ’
819 3495 1016 3550 οὐδενί.
1052 3495 1156 3550 Τὸν
1193 3487 1308 3568 γὰρ
1353 3500 1466 3560 τοῖς
1493 3496 1659 3562 θείοις
1697 3500 1934 3574 Ἐκκλη-

361 3580 479 3645 σίας
528 3584 820 3656 φωστῆρσι
855 3586 1016 3640 τοῦτο
1065 3587 1268 3658 δρῶσιν
1315 3591 1412 3662 οὐχ
1449 3594 1718 3663 ἑπόμενον
1753 3595 1934 3662 λόγοις

358 3675 534 3740 οὐδείς
591 3695 720 3730 ποτε
765 3679 1008 3733 πείσειεν
1057 3681 1142 3743 ἀν,
1167 3682 1228 3734 οὗ
1259 3683 1572 3756 βαρϐάρων,
1605 3687 1704 3756 οὐχ
1745 3687 1935 3759 Ἐλλή-

359 3783 482 3834 νων,
513 3769 620 3822 οὐκ
657 3769 928 3838 ἀγγέλων,
965 3772 1064 3826 οὐκ
1097 3773 1426 3846 ἀνθρώπων,
1464 3777 1564 3830 οὐκ
1596 3779 1836 3846 ἀσόφων,
1869 3783 1930 3834 οὐ

361 3861 540 3930 σοφῶν
562 3860 671 3915 τῶν
699 3861 868 3916 ὄντων
893 3865 1126 3930 οὐδενός.
1161 3867 1400 3940 "ipset:
1431 3870 1608 3923 τοίνυν
1639 3871 1934 3925 σκοποῦσιν

359 3957 572 4028 ὀρθῶς,
637 3951 732 4022 οἷς·
781 3949 1058 4028 ἐμπάθειέι
1117 3980 1203 4027 τις
1258 3965 1456 4034 ἀχλύος
1521 3966 1674 4036 δίκην
1728 3967 1934 4035 ἥκιστα

360 4051 573 4122 ἐνοχλεῖ
630 4055 697 4122 τῇ
725 4051 916 4125 ψυχῇ,
968 4054 1105 4124 μηδὲ
1151 4055 1243 4108 νοῦ
1281 4057 1556 4128 βραδυτὴς
1586 4060 1654 4110 τδ-
1695 4058 1936 4131 θαρροῦν

361 4143 627 4210 ἀμϐλύνει
641 4148 737 4216 τῆς
757 4147 1002 4217 γνώμης,
1021 4147 1352 4211 ἀδεκάστους
1373 4153 1556 4220 φέρειν
1578 4151 1675 4214 τὰς
1697 4152 1937 4220 ψήφους.

2038 3323 2372 3382 testimoniis
2397 3337 2506 3378 non
2555 3319 2737 3392 potuit
2789 3325 2971 3370 mente
3001 3310 3494 3384 comprehendere,
3528 3309 3614 3362 in-

2033 3416 2307 3475 evitabilis
2335 3415 2440 3469 hoc
2471 3429 2588 3469 esse
2619 3407 2985 3472 necessitatis,
3013 3416 3070 3460 ut
3109 3405 3198 3470 qui
3234 3401 3424 3458 Grieca
3449 3411 3615 3456 utun-

2035 3519 2126 3566 tur
2153 3509 2357 3578 lingua,
2391 3521 2488 3560 eos
2539 3504 2644 3558 sibi
2681 3503 2996 3573 proponant
3029 3495 3346 3558 imitandos,
3379 3493 3474 3562 qui
3505 3492 3612 3547 lin-

2035 3619 2155 3673 gua:
2195 3600 2359 3670 hujus
2391 3598 2665 3653 elementa
2699 3602 2755 3650 et
2799 3593 3036 3666 syllabas
3080 3590 3510 3667 adiuveneruut,
3559 3595 3612 3639 et

2041 3693 2106 3745 ad
2158 3689 2480 3746 earumdem
2527 3685 2800 3758 judicium
2851 3681 3258 3737 controversias
3285 3679 3362 3734 illi
3396 3691 3524 3734 suas
3551 3690 3616 3730 ac

2041 3785 2168 3840 lites
2211 3780 2622 3852 componendas
2654 3773 3408 3845 referant(quemadmodum
3451 3769 3610 3832 fabri,

2043 3888 2098 3932 et
2133 3876 2226 3946 qui
2257 3875 2556 3944 scalpendo
2579 3870 2796 3941 lapides
2825 3867 3134 3929 elaborant,
3181 3862 3386 3918 amussi
3427 3877 3492 3916 ac
3527 3875 3614 3914 re-

2037 3967 2178 4038 gulae
2195 3965 2376 4020 omnia
2402 3962 2750 4033 subjiciunt),
2775 3960 3050 4031 quisquis,
3077 3958 3324 4026 inquam,
3347 3953 3615 4009 inelucta-

2038 4059 2202 4114 bilem
2263 4059 2404 4114 hanc
2471 4055 2858 4111 necessitatem
2915 4061 3099 4106 mente
3151 4049 3444 4118 concipere
3503 4061 3612 4100 non

2041 4148 2246 4218 potuit,
2302 4148 2524 4202 cuinam
2559 4145 2722 4200 alteri
2749 4160 2816 4199 ex
2865 4143 3122 4198 omnibus
3159 4139 3320 4194 Iidem
3353 4134 3614 4192 habebit?

356 4235 576 4295 Nemini
611 4255 848 4311 unquam
877 4241 1148 4308 omnium,
1181 4251 1237 4296 ut
1267 4244 1482 4313 opinor.
1538 4242 1594 4298 Si
1629 4245 1750 4314 quis
1795 4245 1949 4300 enim
1993 4243 2096 4296 hoc
2149 4243 2314 4297 etiam
2369 4255 2400 4294 a
2439 4239 2643 4294 divinis
2684 4239 2942 4310 Ecclesia?
2980 4236 3282 4292 luminibus
3308 4235 3612 4290 factitatum

365 4348 470 4388 non
506 4337 779 4399 imitetur,
825 4334 954 4390 huic
990 4349 1154 4388 nemo
1221 4350 1462 4406 unquam
1533 4336 1867 4406 persuadere
1904 4335 2148 4404 poterit,
2195 4334 2574 4401 cujuscunque
2618 4331 2840 4385 tandem
2885 4331 3002 4384 sive
3066 4328 3458 4395 Barbarorum,
3498 4326 3612 4382 sive

361 4420 699 4488 Graecorum,
748 4427 864 4479 sive
905 4424 1250 4495 angelorum.
1301 4427 1446 4481 sive
1519 4426 1828 4497 hominum,
1876 4429 1996 4482 sive
2035 4425 2444 4494 imperitorum,
2475 4422 2593 4476 sive
2634 4421 2968 4491 sapientium
3011 4420 3360 4475 sermonibus
3403 4420 3469 4474 ad
3512 4420 3613 4474 hoc

363 4525 568 4572 utatur.
644 4517 812 4588 Igitur
843 4517 1152 4590 quicunque
1213 4529 1357 4573 recte
1414 4529 1468 4576 ct
1517 4531 1725 4575 attente
1780 4538 1893 4575 rem
1936 4517 2365 4580 considerarint,
2405 4532 2505 4571 uec
2544 4515 2655 4569 ullo
2720 4513 2940 4577 aii'ectu,
3009 4512 3166 4582 quasi
3209 4513 3442 4581 quadam
3474 4513 3608 4566 cali-

363 4609 506 4680 gine,
540 4611 920 4681 perturbatum
981 4611 1262 4674 animum,
1313 4628 1415 4666 nec
1465 4612 1668 4684 ingenii
1741 4613 2010 4668 tardidate
2053 4611 2270 4682 1086
2317 4609 2655 4666 alacritatem
2683 4607 2887 4662 mentis
2936 4606 3246 4661 hebetatam
3295 4606 3607 4662 habuerint.

365 4704 446 4757 his
505 4713 720 4758 rectum
779 4701 971 4758 licebit
1027 4713 1192 4773 atque
1240 4705 1622 4774 incorruptum
1669 4703 1814 4759 ferre
1850 4704 2142 4776 judicium.

429 4799 502 4850 A'.
548 4797 654 4850 Καὶ
681 4795 898 4865 πρῶτον
925 4795 1024 4864 μὲν
1059 4795 1123 4866 δὴ
1152 4795 1352 4851 κείσθω
1384 4795 1600 4867 ζήτημα
1631 4797 1787 4850 τουτὶ
1813 4800 1933 4862 ταῖς
1965 4803 2009 4856 Ὁ

364 4888 664 4959 παρούσαις
693 4889 906 4956 χρείαις
929 4901 942 4916 '
972 4888 1022 4940 εί
1052 4888 1146 4939 ἐπὶ
1172 4887 1272 4956 τῆς
1297 4888 1476 4958 ἁπλῆς
1508 4890 1602 4944 καὶ
1633 4889 1933 4958 ἀσωμάτου

367 4977 578 5042 φύσεως
633 4977 795 5047 (λέγω
859 4977 922 5048 δὴ
989 4975 1086 5030 τοῦ
1145 4976 1303 5045 Θεοῦ)
1359 4976 1626 5045 διαφορὰν
1683 4977 1935 5048 ἡντινοῦν

365 5067 708 5137 δογματίζειν
733 5067 920 5130 οὐσίας
947 5071 1040 5121 καὶ
1069 5070 1353 5138 ἐνεργείας
1379 5069 1524 5140 ἐξείη
1547 5084 1559 5098 ⁸
1596 5068 1684 5141 [Ρ.
1707 5069 1836 5143 682]
1859 5071 1936 5136 ὡς

315 5205 318 5209 λ
367 5160 460 5231 τὴν
497 5165 596 5233 μὲν
647 5165 836 5217 οὐσίαν
889 5163 1192 5234 ἀμέθεκτον
1231 5158 1374 5216 εἴναι
1427 5165 1722 5234 κτίσμασιν
1764 5164 1937 5218 ἅπασι

368 5253 613 5326 Δκομιδῆ
649 5258 698 5327 (ι
739 5256 879 5328 αὐτὴ
909 5257 1016 5327 γὰρ
1051 5255 1168 5309 καθ’
1198 5255 1392 5328 αὐτὴν,
1427 5275 1444 5306 ι
1478 5256 1662 5325 φησὶν,
1701 5275 1716 5306 ι
1757 5258 1788 5326 ὴ
1817 5255 1938 5311 θεία

373 5349 708 5417 μετεχομένη
757 5365 817 5401 τε
869 5349 962 5400 καὶ
999 5346 1391 5417 λαμϐανομένη
1436 5345 1600 5413 φύσις
1645 5347 1677 5416 ἦ
1717 5348 1935 5416 φυρμὸν

373 5439 702 5513 π;ίσεται,ἢ
753 5441 852 5512 τὴν
897 5442 1148 5510 παθητὴν
1192 5440 1522 5505 ὲξανσιλώσει
1577 5440 1762 5510 φύσιν,
1805 5443 1936 5509 πρὶν

373 5528 433 5586 ἂν
459 5532 635 5606 ληφθῇ
657 5551 672 5566 ·
707 5534 881 5599 οὐδεὶς
916 5533 1043 5604 γὰρ,
1082 5535 1267 5603 φησὶν,
1300 5531 1490 5601 ὄψεται
1534 5533 1595 5584 τὸ
1644 5532 1934 5602 πρόσωπον

2111 4794 2195 4850 ιν.
2231 4795 2295 4851 Ει
2319 4795 2569 4866 quidem,
2599 4794 2653 4848 in
2672 4795 2898 4862 hujusce
2923 4775 3334 4848 commodi—tatis
3354 4791 3610 4858 articulo,

2035 4889 2210 4958 prima
2245 4889 2362 4944 haec
2396 4898 2734 4960 proponatur
2763 4886 3026 4958 quwstio:
3074 4895 3260 4939 utrum
3294 4886 3346 4940 in
3377 4885 3609 4954 simplici

2034 4987 2088 5032 et
2149 4979 2472 5047 incorporea
2545 4986 2736 5030 natura
2788 4971 3333 5045 (dediviuaioquor)
3387 4973 3609 5041 aliquod

2037 5071 2358 5126 substantia:
2387 5079 2442 5124 et
2468 5068 2806 5137 operationis
2831 5066 3124 5121 discrimen
3147 5075 3390 5120 slatucre
3417 5066 3610 5127 liceat;

2037 5163 2176 5217 adeo
2211 5173 2268 5217 ut
2297 5161 2604 5217 substantia
2637 5161 2858 5230 quidem
2885 5177 2914 5214 a
2949 5161 3099 5214 milia
3133 5167 3387 5215 creatura
3443 5157 3616 5227 possit

2041 5252 2318 5306 ullatenus
2347 5250 2662 5322 participari
2696 5251 2740 5320 (ι
2755 5250 2949 5304 Divina
2981 5249 3127 5304 enim
3162 5258 3378 5310 natura,
3414 5247 3612 5318 inquit,

2045 5343 2089 5397 si
2125 5343 2240 5412 ipsa
2269 5359 2367 5414 per
2395 5359 2454 5399 sc
2485 5344 2658 5413 ipsam
2689 5343 3054 5414 participetur
3082 5352 3138 5396 et
3169 5341 3490 5410 recipiatur,
3520 5349 3616 5392 aut

2045 5436 2357 5493 mistionem
2377 5436 2636 5506 patietur,
2660 5447 2755 5491 aut
2777 5437 3060 5508 patibilem
3079 5443 3325 5486 naturam
3343 5431 3613 5490 absumet.

2046 5539 2346 5600 antequam
2407 5523 2626 5601 recepta
2678 5531 2848 5586 fuerit
2890 5548 2905 5586 :
2943 5545 3105 5582 ιιιιιιυ
3149 5527 3354 5597 quippe
3405 5524 3617 5580 videbit

1714 5665 2047 5728 Variorum
2083 5673 2273 5727 noue.
2342 5686 2353 5698 ι

441 5809 554 5879 {68)
609 5811 668 5864 ι).
723 5809 943 5879 Maxim.
994 5805 1269 5879 capitibus
1331 5805 1570 5877 theolog.
1621 5779 1940 5878 quingentis

379 5877 621 5936 centuria
646 5882 701 5945 ‘2,
741 5881 895 5934 artic.
932 5878 1018 5932 74.
1053 5877 1376 5932 Carruaoxx.

2119 5806 2232 5877 (69)
2271 5808 2426 5863 Probi
2453 5812 2614 5864 simus
2647 5808 3018 5877 nummularii.
3053 5805 3176 5859 lla'c
3205 5804 3475 5860 seu-tentia
3510 5803 3613 5874 ipsi

2052 5877 2274 5933 Christo
2308 5897 2336 5932 ιι
2367 5880 2644 5936 veteribus
2679 5881 2955 5934 tribuitur.
2990 5876 3328 5932 Carrenous.
