4026 6580
543 404 672 470 ῙΎΗ
842 405 913 478 [Α.
944 424 998 462 ιι.
1037 407 1194 476 6859,
1231 426 1333 466 I311).
1366 412 1421 486 ί]
1746 422 2121 485 ΝΙΩΕΡΠΟΠ

2222 426 2581 488 ΠιΕΟΟιῖΕ
2866 426 3000 498 [μιν.
3050 444 3093 482 ι.
3139 444 3434 484 curacuz.
3474 430 3531 502 5]
3654 432 3768 500 1373

437 560 448 570 ,
542 518 634 583 qtti
694 517 1182 578 leonomachorum
1240 525 1474 584 haeresin
1526 531 1951 604 sapientissimis
1994 537 2110 592 suis

2224 536 2488 606 Ἀθηνῶν.
2550 538 2682 595 Τότε
2735 542 2837 611 μὲν
2870 546 2979 614 γὰρ
3006 543 3118 609 ἐγὼ
3176 545 3284 598 τῶν
3345 545 3516 613 ἁγίων
3566 548 3770 599 hetaer-

543 610 746 666 lihrise
779 610 961 667 medio
996 617 1237 681 sustulit,
1272 620 1416 676 sicut
1446 622 1808 682 Athenienses
1833 628 1964 682 olim
2006 627 2113 699 Cy-

2222 628 2430 698 βίὸλους
2477 631 2623 701 σχὼν
2657 610 2761 688 ἀνά
2793 610 2981 706 χεῖρας
3033 635 3125 688 ὑπ’
3157 635 3283 705 ὄψιν
3333 610 3471 708 ἦγον
3524 638 3772 707 λαμπρὶιι

543 702 703 757 Ionire
763 704 928 760 cmdis
992 706 1168 763 labem
1205 710 1439 770 Athenis
1494 728 1819 788 exegerunt.
1878 719 1945 774 Et
1981 736 2113 775 vero

2222 719 2279 772 τὰ
2334 719 2600 791 λεγόμενα
2624 741 2640 758 ’
2689 702 2854 780 metu
2869 702 2955 780 θοί
2977 726 3024 781 δ’
3056 727 3119 780 οὗ
3178 702 3495 798 παρέθηκα,
3528 702 3773 799 περιττὸν

543 809 666 847 cum
695 805 1012 852 saurtorum
1045 800 1262 856 illorum
1291 805 1461 862 libros
1486 823 1599 878 pra:
1641 811 1897 867 manibus
1945 811 2115 867 habe-

2222 811 2569 883 ἡγησάμενος
2620 818 2901 887 πανταχοῦ
2956 820 3057 887 τὴν
3114 821 3308 888 ὁμοίαν
3360 820 3580 874 ἔκθεσιν
3636 825 3775 893 δρᾷν.

544 899 679 948 rem,
707 894 837 939 tunc
864 901 1058 941 eorum
1082 891 1249 945 verba
1280 894 1456 962 palam
1498 896 1569 950 ob
1604 898 1795 952 oculos
1816 898 2108 968 ponebam.

545 975 641 1030 llic
671 988 853 1032 autem
890 995 954 1034 ea
988 997 1096 1035 non
1148 984 1403 1052 apposui,
1462 1000 1928 1055 Supervacaneum
1981 991 2112 1060 quid

543 1064 815 1123 facturum
842 1087 932 1125 mc
968 1083 1146 1138 ratus,
1196 1074 1239 1128 si
1276 1076 1467 1130 eadem
1504 1076 1708 1147 ubique
1743 1078 1999 1136 similiter
2031 1097 2122 1137 ex-

546 1157 817 1213 hiberem.
879 1161 981 1227 Qui
1036 1164 1181 1217 enim
1235 1181 1295 1217 ea
1334 1177 1582 1235 repetere
1641 1167 1952 1234 voluerint,
2000 1186 2121 1241 qua:

543 1249 702 1315 paulo
734 1264 858 1305 ante
895 1251 1066 1308 hocce
1109 1254 1323 1325 1090
1374 1256 1427 1310 in
1475 1272 1644 1327 opere
1676 1272 1866 1315 nostro
1899 1261 2121 1332 scripsi.

545 1353 688 1406 mus,
731 1340 799 1395 iis
852 1342 1010 1399 facile
1053 1344 1218 1399 fuerit
1248 1345 1427 1417 legere
1455 1363 1579 1416 qua:
1605 1348 1724 1405 fuse
1766 1366 1930 1420 supra
1956 1367 2122 1422 expo-

547 1428 778 1494 suimus,
814 1432 904 1485 uhi
962 1432 1030 1487 de
1076 1434 1244 1490 dictis
1274 1444 1329 1490 et
1367 1437 1528 1493 factis
1562 1439 1617 1493 in
1650 1440 1978 1510 praedatoria
2029 1442 2119 1496 illa

2213 900 2367 958 Εἶναι
2398 905 2507 976 γάρ
2532 910 2648 970 τοῖς
2681 906 2994 978 βουληθεῖσι
3034 911 3240 983 ῥᾴδιον,
3269 913 3651 983 ἀναδραμοῦσι
3704 934 3775 983 μι-

2222 992 2356 1060 κρὸν
2395 993 2497 1061 τῆς
2530 994 2689 1064 ἡμῶν
2740 1000 2975 1067 ταυτησὶ
3021 998 3297 1067 διάστημα
3333 1002 3680 1070 συγγραφῆς,
3710 1003 3777 1053 ὲν·

2219 1086 2425 1152 τυχεῖν·
2467 1087 2546 1148 είς
2579 1086 2776 1153 πλάτος
2801 1092 2933 1160 ἡμῖν
2971 1091 3267 1161 εἰρημένου
3299 1093 3501 1155 αὐτοῖς,
3539 1094 3666 1145 ἔνθα
3702 1095 3778 1147 Za-

2220 1173 2454 1243 ληθέντα
2515 1194 2574 1230 τε
2614 1181 2711 1234 καὶ
2766 1181 3082 1252 πραχθέντα
3137 1183 3290 1253 παρὰ
3337 1185 3438 1240 τὴν
3490 1183 3778 1257 λῃστρικὴν

2218 1267 2350 1336 ἡμῖν
2386 1268 2602 1340 ἐκείνην
2634 1272 2937 1327 ὲκτέθειται
2965 1273 3204 1330 σύνοδον.
3250 1275 3393 1328 Ἀλλ’
3424 1276 3697 1344 ἐπιλείψει
3725 1294 3780 1342 με

2219 1353 2419 1427 (εἷπον)
2478 1360 2546 1416 τὰ
2602 1365 2965 1436 παραπλήσια
3025 1364 3277 1438 κομίζειν
3339 1369 3368 1421 ὀ
3427 1368 3623 1439 χρόνος
3675 1367 3779 1421 ἑθέ-

2217 1447 2398 1504 λοντα.

543 1520 753 1590 synodo
786 1523 1106 1582 Palamitica
1178 1528 1413 1600 egimus.
1459 1531 1681 1597 Verum,
1728 1532 1993 1604 inquam.
2057 1535 2276 1596 deficiet
2313 1558 2401 1598 me
2450 1551 2690 1615 tempus,
2739 1545 2785 1602 si
2838 1547 3063 1603 totidem
3092 1559 3150 1607 et
3200 1551 3396 1608 similia
3421 1554 3513 1610 hic
3549 1552 3783 1625 proferre

545 1617 786 1674 voluero.

612 1711 745 1767 Vlll.
782 1714 1053 1781 Quoniam
1105 1726 1286 1775 tamen
1337 1723 1515 1778 sancti
1573 1724 1764 1781 Patres
1820 1727 2114 1782 humanam

547 1813 789 1859 utentem
820 1807 1071 1879 εειεοῖοεί
1105 1811 1395 1882 imaginem
1423 1829 1697 1879 asserunt,
1727 1819 2027 1890 multisque
2063 1821 2117 1877 in

545 1893 683 1969 locis
731 1894 910 1965 ipsum
961 1899 1133 1955 Deum
1165 1911 1360 1958 vocant
1395 1915 1669 1973 mentem;
1705 1917 1759 1963 et
1814 1919 2074 1977 prteterea
2103 1951 2120 1971 .

547 2001 739 2054 unum,
769 2003 892 2052 ens,
925 2003 1191 2055 mentem,
1220 1995 1585 2063 voluntatem,
1637 1999 1782 2055 inter
1800 1999 1987 2056 divina
2028 2019 2122 2059 no.
2154 2036 2196 2091 Β

546 2078 694 2133 mina
721 2080 901 2135 locum
932 2082 1135 2139 habere
1171 2086 1467 2145 didicimus
1490 2130 1507 2154 ,
1553 2092 1785 2162 agedum
1814 2095 2120 2165 perpenda-

549 2186 692 2235 tnus,
720 2172 850 2243 quid
892 2173 959 2229 de
991 2175 1078 2231 his
1129 2194 1349 2250 quoque
1391 2196 1455 2237 ex
1497 2185 1632 2239 artis
1672 2200 1786 2241 sua:
1837 2189 2123 2258 praeceptis

545 2263 823 2319 disserant
851 2266 1053 2339 linguas
1081 2280 1284 2326 nostra:
1317 2273 1478 2343 periti
1513 2277 1888 2333 moderatores
1907 2292 1971 2333 ac
2004 2293 2125 2333 ma-

544 2358 719 2424 gistri.
760 2358 882 2414 llaec
913 2361 1059 2416 enim
1083 2362 1136 2416 in
1169 2364 1419 2420 eamdem
1459 2366 1820 2441 scientilicam
1851 2369 1987 2424 artis
2010 2386 2122 2424 mea

546 2448 775 2504 thodum
808 2461 862 2506 et
912 2455 1282 2525 cognitionem
1339 2474 1439 2513 nos
1492 2462 1718 2521 ducent,
1754 2477 1815 2514 ac
1859 2462 1949 2515 illa
2001 2478 2123 2531 quze

546 2543 702 2610 prius
744 2543 812 2598 de
849 2544 1157 2601 substantia
1191 2558 1244 2601 et
1269 2550 1612 2618 operatione,
1641 2551 1881 2619 itemque
1906 2552 1972 2606 de
1991 2555 2123 2608 sim—

545 2637 703 2705 plicis
742 2637 893 2694 illius
923 2640 1245 2695 substantim
1263 2643 1642 2713 singularitate
1671 2654 1726 2700 et
1758 2648 1966 2702 unitate
1984 2647 2121 2702 dixi-

545 2744 686 2783 mus.
722 2728 919 2784 Statim
954 2730 1122 2801 igitur
1168 2731 1419 2788 Plotinus
1471 2735 1667 2809 iterum
1723 2735 1803 2791 sic
1831 2735 2117 2806 loquitur:

548 2841 568 2873 α
620 2821 676 2878 Si
737 2824 865 2893 quis
924 2827 1086 2897 hujus
1141 2827 1382 2884 universi
1412 2830 1833 2901 dispositionem
1885 2835 2122 2905 appellet

543 2918 971 2988 providentiam,
1013 2919 1063 2973 id
1099 2920 1171 2975 ita
1197 2921 1502 2994 intelligat,
1530 2934 1591 2979 ut
1627 2914 1754 2980 ante
1791 2926 1999 2982 hancce
2029 2944 2120 2984 re-

547 3027 667 3065 rum
718 3012 1134 3068 universitatem
1168 3016 1440 3072 exstiterit
1481 3033 1655 3084 mens,
1684 3034 1712 3074 a
1758 3037 1866 3091 qua
1914 3031 1969 3077 et
2023 3038 2122 3093 per

542 3122 702 3175 quam
736 3106 842 3161 hoc
893 3106 1211 3162 universum
1264 3108 1464 3164 factum
1512 3120 1617 3166 est.
1669 3111 1858 3182 Itaque
1908 3113 1954 3169 si
1994 3126 2120 3170 ante

540 3197 723 3248 omnia
753 3196 965 3250 exstitit
986 3212 1161 3260 mens.
1195 3213 1317 3267 quae
1344 3208 1425 3253 est
1467 3200 1712 3254 omnium
1747 3201 2076 3272 principium
2105 3245 2120 3269 ,

542 3303 675 3342 sane
714 3289 899 3342 omnia
951 3305 1061 3343 non
1103 3300 1266 3344 erunt
1317 3290 1564 3347 fortuita.
1600 3312 1619 3345 ι
1656 3294 1722 3348 Ει
1771 3312 1958 3352 rursus
2007 3299 2121 3354 haec

2293 1726 2375 1785 H'.
2410 1732 2600 1803 Ὅμως
2652 1733 2745 1787 καὶ
2792 1735 2917 1789 ἐπεὶ
2960 1737 3061 1809 τὴν
3108 1739 3294 1791 ιίκόνα
3350 1738 3489 1793 Θεοῦ
3526 1756 3695 1809 φασιν
3739 1721 3781 1796 ιιξ

2220 1823 2355 1877 θεῖοι
2388 1824 2630 1894 Πατέρες
2675 1826 2768 1879 τὸν
2816 1828 2965 1895 νοῦν,
3000 1829 3247 1900 πολλαχῆ
3285 1830 3344 1884 δὲ
3391 1833 3486 1886 καὶ
3536 1833 3665 1888 νοῦν
3703 1852 3784 1888 κα-

2222 1914 2407 1969 λοῦσιν
2436 1915 2619 1978 αὐτὸν.
2656 1918 2750 1971 καὶ
2778 1918 2885 1988 πρό
2913 1936 2979 1987 γε
3009 1919 3121 2003 τῶν
3162 1920 3484 1992 θεοπρεπῶν
3515 1924 3783 1992 ὀνομάτων

2222 2007 2501 2077 ἐμάθομεν
2539 2003 2680 2063 εἶναι
2716 2010 2777 2064 τὸ
2812 2008 2871 2064 Iv
2899 2010 2995 2064 καὶ
3047 2009 3111 2065 τδ
3158 2010 3222 2066 ὃν
3256 2012 3349 2065 καὶ
3398 2013 3489 2067 τὸν
3540 2013 3669 2067 νοῦν
3704 2014 3785 2068 καὶ

2223 2099 2323 2170 τὴν
2355 2100 2630 2170 βούλησιν,
2666 2102 2798 2173 φέρε
2826 2102 3182 2173 σκεψώμεθα,
3214 2104 3267 2156 τί
3309 2106 3407 2156 καὶ
3434 2104 3567 2175 περὶ
3593 2105 3785 2158 τούτων

2226 2193 2641 2264 τεχνολογοῦσιν
2690 2187 2739 2248 oi
2777 2196 2877 2265 τῆς
2909 2195 3188 2266 ἡμετέρας
3220 2195 3467 2264 γλώττης
3493 2197 3786 2266 ἐπιστήμο-

2227 2301 2318 2348 νες
2351 2284 2626 2355 ἁρμοσταὶ
2679 2286 2773 2339 καὶ
2832 2286 3144 2341 παιδευταί.
3190 2287 3277 2351 Ἐς
3328 2286 3437 2360 γάρ
3477 2288 3579 2359 τὴν
3631 2289 3786 2360 αὐτὴν

2227 2377 2424 2445 ἀγάγοι
2476 2375 2542 2431 ἂν
2591 2379 2687 2430 καὶ
2716 2377 2871 2432 ταῦθ’
2898 2379 3047 2449 ἡμᾶς
3074 2379 3508 2449 ἐπιστημονικῇ
3553 2382 3783 2450 “reficio.

2226 2467 2349 2536 γίαν
2382 2469 2476 2522 καὶ
2515 2468 2739 2536 γνῶσιν,
2766 2463 2847 2532 οἷς
2896 2468 3146 2541 ἔφθημεν
3177 2471 3304 2539 περί
3333 2487 3397 2537 γε
3430 2471 3623 2533 οὐσίας
3655 2473 3784 2527 ἐκεί-

2226 2578 2345 2630 νης,
2384 2560 2675 2630 μοναδικοῦ
2713 2577 2772 2614 τε
2800 2561 2897 2615 καὶ
2928 2562 3154 2615 ἑνιαίου.
3189 2564 3326 2633 Φησὶ
3354 2563 3539 2616 τοίνυν
3583 2564 3735 2625 εὐθὺς
3760 2564 3785 2615 6

2228 2653 2499 2715 Πὶωτῐνος
2526 2650 2682 2711 αὖθις
2707 2667 2722 2683 ·
2752 2670 2771 2704 ι
2807 2653 2921 2723 Τὴν
2968 2653 3063 2707 τοῦ
3101 2655 3300 2718 παντὸς
3329 2655 3573 2708 διάθεσιν
3620 2654 3673 2708 εί
3709 2671 3782 2718 τις

2223 2744 2479 2812 ὀνομάζει
2513 2744 2793 2814 πρόνοιαν,
2832 2743 2982 2799 οὕτω
3010 2746 3221 2800 νοείτω·
3255 2748 3337 2799 ὅτι
3370 2745 3488 2799 ἐστὶ
3518 2747 3627 2816 πρδ
3647 2745 3783 2799 τοῦδε

2224 2831 2349 2895 νοῦς
2402 2831 2497 2884 τοῦ
2534 2832 2734 2894 παντὸς
2772 2830 2965 2894 ἑστὼς,
3025 2832 3120 2900 ἀφ’
3172 2828 3232 2888 οῦ
3289 2835 3381 2887 καὶ
3417 2833 3544 2887 καθ’
3585 2833 3643 2886 δν
3684 2834 3782 2886 πᾶν

2224 2920 2343 2973 τίδε
2369 2959 2384 2972 .
2409 2920 2471 2972 E‘t
2497 2919 2595 2990 μὲν
2625 2915 2717 2971 οὖν
2753 2914 2876 2981 νοῦς
2909 2920 3016 2990 πρὸ
3044 2921 3259 2974 πάντων
3290 2922 3382 2974 καὶ
3400 2922 3547 2992 ἀρχὴ
3575 2924 3602 2974 ὁ
3626 2920 3783 2974 τοιοῦ-

2224 3029 2314 3075 τος
2347 3011 2488 3074 νοῦς,
2515 3011 2614 3065 οὐκ
2657 3012 2723 3066 ἂν
2756 3011 2841 3082 είη
2886 3012 2963 3076 ὡς
3004 3012 3182 3082 ἔτυχε.
3223 3030 3242 3065 ι
3283 3010 3384 3066 Καὶ
3413 3010 3573 3076 αὖθίς
3608 3029 3778 3081 φησιν,

2223 3105 2296 3168 ὠς
2336 3123 2353 3157 ι
2401 3101 2574 3173 Ἀπλῆ
2625 3105 2774 3157 ἐστιν
2823 3104 2855 3175 ὴ
2902 3102 2995 3156 τοῦ
3042 3102 3135 3157 νοῦ
3186 3104 3364 3171 οὐσία,
3397 3105 3491 3158 καὶ
3536 3103 3636 3158 οὐκ
3668 3103 3781 3157 ἄλλο

2223 3197 2428 3266 νόησις,
2494 3198 2589 3251 καὶ
2632 3197 2762 3249 ἄλλο
2827 3196 2977 3261 νοῦς.
3038 3197 3103 3251 Oi
3141 3197 3249 3266 γὰρ
3309 3196 3567 3265 λέγοντες
3618 3196 3777 3258 ἄλλως

2225 3288 2608 3359 προττιθέαβιν
2663 3288 2838 3359 αὐτῇ,
2884 3288 3074 3358 ὥσπερ
3144 3286 3452 3359 ὀφθαλμοῖς
3508 3288 3571 3340 τὸ
3635 3289 3773 3357 ὁρᾷν.

541 3379 718 3435 dicit:
758 3398 776 3432 ι
817 3380 1057 3451 Simplex
1090 3392 1174 3437 est
1231 3385 1428 3438 mentis
1475 3400 1570 3440 seu
1624 3386 1939 3444 intellectus
1990 3392 2119 3447 sub-

2238 3383 2459 3437 Ἐατέον
2488 3382 2583 3436 οῦν
2614 3384 2706 3435 ἐπὶ
2734 3382 2831 3451 τῆς
2865 3382 3038 3451 ἁπλῆς
3063 3381 3303 3449 φύσεως,
3331 3380 3498 3438 τᾶλλα
3522 3381 3775 3450 μηδεμιᾶς

542 3473 764 3539 stantia,
797 3488 899 3530 nec
932 3473 1079 3529 aliud
1136 3486 1219 3530 est
1249 3476 1568 3544 intellectio,
1599 3495 1655 3535 et
1695 3481 1843 3535 aliud
1900 3484 2113 3540 intelle-

543 3576 687 3620 ctus.
725 3564 827 3632 Qui
887 3566 1035 3620 enim
1093 3567 1254 3621 aliter
1284 3568 1609 3638 loquuntur,
1649 3570 1751 3639 ipsi
1804 3573 2122 3629 substantite

544 3658 759 3715 addunt
786 3659 1093 3730 quidpiam,
1116 3660 1257 3714 sicut
1282 3662 1458 3715 oculis
1486 3662 1776 3718 visionem.
1808 3667 1931 3720 Ha'c
1957 3666 2125 3736 igitur

543 3750 849 3806 omittenda
905 3759 990 3805 est
1041 3750 1249 3813 additio
1304 3752 1358 3805 in
1412 3752 1645 3822 simplici
1703 3767 1943 3820 natura,
1998 3775 2120 3828 qua:

547 3840 770 3898 aliunde
818 3843 965 3897 nulla
995 3859 1099 3914 ope
1129 3843 1358 3913 indiget.
1384 3843 1657 3915 Quidquid
1706 3847 1851 3901 enim
1896 3849 2120 3905 addide-

544 3934 642 3991 ris.
674 3934 777 3989 hoc
804 3933 889 3987 sui
937 3933 1313 3988 additamento
1344 3945 1592 3989 naturam
1636 3936 1843 3992 nullius
1879 3938 2116 4009 indigam

2220 3475 2543 3546 ἐπικουρίας
2592 3476 2872 3546 δεομένης.
2900 3477 2966 3529 Ὀ
2990 3476 3100 3545 γὰρ
3128 3475 3193 3528 ἂν
3218 3475 3482 3545 προσθῇς,
3512 3476 3773 3544 ἠλάττωσε

2229 3571 2297 3640 τῇ
2333 3571 2622 3644 προσθήκῃ
2653 3569 2748 3641 τὴν
2765 3570 2975 3632 οὐδενὸς
3015 3569 3447 3640 δεομένην.ιΚαὶ
3477 3570 3640 3621 πολλὰ
3663 3567 3775 3620 m1-

2217 3660 2360 3732 λαχῆ
2393 3662 2521 3732 περὶ
2550 3662 2738 3715 τούτου
2760 3661 3049 3729 διεξελθὼν
3090 3661 3342 3730 ἐπιφέρει
3379 3661 3473 3713 καὶ
3506 3660 3768 3722 Πλάτωνα,

2222 3752 2548 3819 βεὸειιοῦντα
2591 3739 2681 3806 τον
2705 3753 2862 3821 λόγον
2892 3752 3078 3806 αὐτοῦ.
3118 3770 3136 3803 ι
3175 3752 3316 3814 Νοῦς
3360 3752 3491 3821 γὰρ,
3530 3754 3683 3821 φησι,
3710 3751 3772 3817 μὴ

2216 3843 2352 3895 νοῶν
2379 3843 2606 3913 ἀνόητος
2647 3843 2713 3896 ἂν
2740 3844 2848 3913 εἴη.
2881 3844 3023 3896 «Καὶ
3065 3842 3437 3912 Ἀριστοτέλης
3468 3843 3513 3895 δ’
3544 3843 3735 3910 ὁμοίως
3756 3877 3771 3892 .

2219 3957 2239 3991 ι
2273 3937 2510 4004 Τέλειος,
2547 3938 2716 4009 φησὶ.
2770 3934 2894 4000 νοῦς
2950 3935 3229 4006 abso-poi);
3291 3938 3438 3989 ἐστιν
3492 3933 3769 4005 ὲηδέργῖια,

544 4025 854 4080 imminuct.
894 4044 912 4077 ι
951 4025 1199 4096 Cumque
1243 4026 1344 4081 hac
1381 4042 1439 4079 re
1471 4042 1637 4103 super
1670 4028 1857 4083 multis
1889 4028 1940 4082 in
1982 4030 2119 4086 locis

2222 4031 2307 4085 καὶ
2338 4030 2530 4083 ταυτόν
2562 4031 2706 4085 ἐστιν
2747 4030 2831 4084 ἐπ’
2859 4029 3046 4094 αὐτοῦ,
3088 4030 3285 4082 ταυτὸν
3315 4029 3405 4081 καὶ
3460 4023 3769 4098 ἐνέργειι·ῆ

530 4119 716 4173 ιηἰιιει
770 4118 1123 4172 disseruisset
1190 4117 1477 4182 Plotinus,
1532 4120 1814 4189 subjuugit
1873 4121 2116 4181 Platonis

2222 4126 2269 4177 ›ὺ
2324 4123 2676 4193 μεταΰέιλλει,
2728 4123 2816 4196 [Ρ.
2870 4122 3158 4195 6851ἄλ).ο
3214 4139 3268 4174 τι
3325 4120 3400 4174 ὢν
3457 4121 3557 4190 τὴν
3600 4118 3767 4171 οὐσίαν

546 4210 939 4273 testimonium,
968 4211 1059 4279 qui
1095 4210 1234 4266 hanc
1256 4211 1585 4265 sententiam
1626 4227 1727 4265 suo
1750 4213 1962 4268 calculo
1986 4230 2115 4270 con-

2222 4218 2308 4286 ιςαὶ
2334 4215 2462 4271 ἄλλο
2486 4216 2584 4286 τὴν
2614 4219 2946 4287 ἐνέργειαν.)
2986 4215 3151 4270 Ἀλλὰ
3207 4214 3379 4268 ταῦτα
3435 4214 3533 4283 μὲν
3568 4213 3763 4262 ἐκεῖνοι.

544 4304 743 4367 ﬁrmet,
785 4301 991 4373 1091
1028 4312 1083 4357 ct
1116 4302 1282 4365 dicat,
1318 4303 1751 4359 intellectionem
1792 4320 1913 4358 esse
1958 4307 2294 4364 intellectum
2349 4326 2447 4364 seu
2514 4318 2774 4364 mentem.
2808 4328 2829 4362 ι
2873 4309 3024 4364 Mens
3061 4307 3232 4369 enim.
3300 4305 3495 4373 inquit,
3529 4305 3642 4359 sine
3693 4301 3765 4354 iu-

544 4396 855 4452 tellectioue
911 4413 1101 4452 amens
1148 4406 1315 4453 esset.
1350 4418 1368 4450 ι
1404 4399 1613 4453 Pariter
1637 4398 1985 4468 Aristoteles,
2031 4418 2049 4451 ι
2089 4399 2336 4457 Perfecta
2386 4418 2565 4466 mens.
2630 4402 2829 4473 inquit,
2883 4411 2965 4455 est
3002 4402 3165 4457 etiam
3212 4400 3307 4469 per
3340 4417 3397 4455 se
3424 4413 3481 4456 et
3510 4415 3574 4453 ex
3600 4407 3762 4450 natura

543 4504 639 4543 sua
669 4500 845 4553 actus,
878 4505 974 4544 seu
1011 4491 1281 4560 operatio,
1333 4499 1388 4545 et
1433 4491 1487 4545 in
1515 4506 1578 4544 ea
1612 4491 1758 4546 idem
1808 4502 1938 4547 sunt
1986 4491 2295 4547 substantia
2356 4505 2412 4548 et
2482 4502 2661 4548 actus.
2713 4492 2808 4546 Vel
2869 4492 3074 4547 nullam
3139 4491 3346 4561 patitur
3408 4490 3760 4544 mutationem.

540 4599 667 4638 cum
699 4581 847 4637 aliud
877 4596 983 4636 non
1008 4581 1080 4636 sit
1106 4582 1227 4653 ejus
1285 4582 1593 4638 substantia
1617 4621 1630 4646 ,
1681 4583 1827 4637 aliud
1894 4584 2015 4655 ejus
2076 4585 2345 4656 operatio.
2384 4605 2402 4639 ι
2437 4585 2505 4641 Ει
2542 4587 2658 4640 hanc
2702 4586 2922 4657 quidem
2963 4586 3037 4641 illi
3091 4584 3385 4669 scriptores
3423 4580 3629 4652 profani
3668 4578 3740 4631 di-

541 4684 766 4730 xerunt.

614 4766 707 4822 IX.
747 4748 1043 4821 Videamus
1067 4781 1230 4837 porro
1261 4776 1526 4837 quantum
1559 4769 1838 4839 sapientes
1860 4778 1916 4825 et
1946 4770 2119 4825 sancti

2297 4771 2375 4828 ϐ’.
2417 4769 2647 4839 ’Ίδωμεν
2701 4768 2757 4822 δὲ
2823 4768 2919 4821 καὶ
2958 4767 3066 4819 τῶν
3101 4766 3281 4835 σοφῶν
3316 4764 3419 4817 καὶ
3448 4765 3615 4831 ἁγίων
3642 4763 3766 4814 διδα-

543 4858 803 4916 Εοοιεείειι
828 4858 1088 4914 doctores
1122 4858 1257 4929 ipsis
1282 4860 1579 4916 concinaut
1620 4876 1635 4914 :
1683 4879 1700 4911 ι
1740 4860 1887 4915 Deus
1914 4862 2117 4932 (inquit

541 4959 771 5004 sanctus
791 4949 1079 5008 Maximus)
1104 4964 1285 5020 neque
1311 4950 1623 5020 intelligens
1640 4952 1860 5020 proprie
1893 4953 2117 5016 dicitur,

543 5055 722 5110 neque
763 5055 852 5094 res
903 5040 1180 5095 intellecta
1206 5081 1222 5106 ,
1284 5057 1352 5095 ne
1388 5044 1725 5112 compositus
1763 5059 1885 5098 esse
1931 5045 2124 5098 existi-

543 5141 745 5197 metur.
805 5131 938 5196 Nam
991 5133 1296 5189 substantia
1330 5134 1639 5205 intelligens
1689 5135 1857 5191 habet
1920 5137 2123 5191 intelli-

2220 4861 2431 4914 σκάλων
2476 4863 2576 4931 τῆς
2626 4860 2953 4931 Ἐκκλησίας
3002 4860 3101 4925 τὴν
3155 4857 3497 4925 συμφωνίαν.
3536 4856 3635 4907 εὐ
3655 4855 3766 4914 Θεὸς

2219 4949 2344 5005 οὔτε
2386 4950 2519 5003 νοῶν
2550 4951 2771 5016 λέγεται
2804 4950 3009 5019 κυρίως
3043 4948 3178 5014 (75),
3202 4946 3325 4999 οὔτε
3350 4947 3660 5016 νοοῦμενος,
3688 4946 3762 4996 ἵν]

2224 5044 2298 5111 μὴ
2332 5040 2585 5105 σύνθετος
2629 5041 2856 5111 λογισθῇ
2886 5040 3018 5111 (74).
3054 5040 3126 5092 Τό
3166 5056 3225 5092 τε
3255 5038 3361 5109 γὰρ
3393 5040 3549 5091 νοοῦν
3581 5054 3768 5090 ςυνεπιη

2230 5135 2611 5206 θεωρουμένην
2665 5135 2779 5205 ἕχει
2822 5134 2919 5204 τὴν
2969 5132 3064 5185 τοῦ
3121 5134 3263 5185 νοεῖν
3317 5131 3548 5201 δύναμιν
3575 5174 3589 5195 ,
3632 5129 3686 5181 τό
3718 5142 3767 5179 τε

1888 5253 2225 5314 Variorum
2276 5261 2463 5315 noue.

544 5355 742 5412 dentes
780 5355 1196 5409 interleccrunt.
1226 5352 1383 5409 Unde
1448 5353 1601 5421 impii
1655 5362 1713 5408 et
1759 5353 1972 5423 profani
2044 5356 2114 5409 ab

545 5425 975 5491 Atheniensibus
1006 5424 1265 5493 appellati
1309 5434 1457 5483 sunt.
1493 5434 1544 5476 et
1577 5426 1630 5477 in
1671 5427 1925 5478 exsilium
1955 5427 2059 5479 acti
2098 5444 2111 5479 :

544 5506 601 5578 et
636 5496 740 5552 hoc
769 5491 1386 5578 dictumpétCydoniam
1410 5498 1591 5578 ἐοεαε
1621 5495 1938 5578 siyedabem
1964 5496 2121 5578 Cyla-

548 5568 649 5625 m’w
673 5568 830 5621 cordis
879 5565 1110 5630 expiare.
1145 5563 1379 5633 Narrant
1410 5563 1693 5633 Thucydtd
1752 5564 1846 5619 lib.
1898 5563 2124 5628 t,.circa

551 5641 737 5698 linem,
779 5634 1105 5690 Plutarchus
1135 5634 1188 5688 in
1219 5631 1431 5687 Solone.
1469 5631 1803 5689 (Sarranum.

621 5709 735 5775 (73)
769 5706 905 5762 Vide
958 5704 1137 5775 capita
1205 5720 1267 5759 cc
1321 5703 1622 5771 theologica
1676 5705 1847 5759 sancti
1902 5704 2122 5760 Maximi

551 5774 685 5832 tom.
711 5778 776 5840 ll,
839 5794 958 5845 pag.
995 5774 1122 5834 479.
1160 5775 1249 5829 tthi
1314 5775 1469 5828 locus
1527 5774 1613 5829 hic
1678 5775 1839 5843 paulo
1870 5776 2029 5829 aliter
2067 5792 2126 5830 se

554 5850 738 5904 habet.
774 5848 878 5903 Sed
916 5846 1136 5901 videtur
1168 5845 1439 5908 (ἕτεροι-οδ
1472 5861 1577 5899 non
1602 5846 1669 5899 ad
1706 5847 1932 5900 verbum
1967 5847 2129 5904 huius

2221 5358 2396 5411 sancti
2431 5352 2779 5412 Coulessoris
2833 5351 3206 5427 testimonium
3243 5349 3487 5427 laudare.
3550 5349 3610 5427 Et
3657 5360 3769 5401 sane

2223 5442 2390 5494 supra
2425 5426 2607 5480 innuit
2645 5438 2703 5477 se
2736 5433 3050 5494 sanctorum
3089 5421 3310 5494 Patrum
3343 5421 3665 5494 testimonia,
3688 5427 3767 5468 aut

2223 5489 2414 5550 eorum
2455 5498 2642 5552 libros.
2670 5509 2781 5561 prae
2815 5491 3066 5544 manibus
3088 5507 3193 5542 tum
3230 5490 3451 5542 habere.
3485 5489 3609 5541 Vide
3633 5500 3764 5539 num.

2225 5570 2278 5632 7,
2306 5568 2462 5621 initio
2507 5566 2670 5634 hujus
2704 5563 2932 5631 pagime.
2961 5561 3294 5634 capream“.

2298 5637 2409 5703 (7i)
2459 5622 2598 5690 Erat'
2654 5622 2716 5688 ιη’
2750 5622 3145 5708 niattuscripto,
3198 5627 3633 5708 συνθεολογισθῇ.
3681 5622 3764 5707 sed

2226 5700 2593 5763 ctucttdaviex
2624 5713 2815 5758 sancto
2843 5701 3095 5765 Maximo,
3126 5700 3267 5769 apud
3287 5715 3450 5769 quem
3472 5700 3766 5769 legiturJv:

2231 5781 2306 5849 μὴ
2351 5776 2479 5830 σύνο
2514 5792 2621 5837 τος.
2662 5774 2997 5828 Οιῐιιιειιυδκ.
