3942 6582
578 352 651 425 [Δ.
693 370 724 409 c
795 351 948 425 1551]

194 356 315 426 1381

1125 357 1565 421 ΒΥΖΑΝΤΙΝᾸΞ
1605 357 1757 418 HlS’]

1863 357 1988 418 tI/E
2029 359 2171 421 LIB.
2209 310 2453 423 XXIII;
2522 355 2653 427 [ευρ.
2698 372 2737 411 ι.
2784 371 3073 416 mncuz.
3118 358 3173 431 Si
3290 360 3426 423 133-2

185 473 404 545 πλησίας
448 472 878 543 εὐνομουμένης.
929 474 1119 543 Ὅμως
1152 490 1214 527 τε
1262 474 1389 542 περὶ
1436 472 1745 543 βουλήσεως

1868 472 2048 541 ngenii
2093 473 2545 541 concinnitatem,
2585 491 2783 557 neque,
2801 478 3072 532 tantillum
3106 479 3254 533 abeSI
3295 479 3427 547 quin

185 566 575 635 καὶδυνάμεως
609 563 705 617 καὶ
739 564 886 633 ζωῆς
930 564 1025 617 καὶ
1059 564 1249 633 σοφίας
1282 566 1377 619 καὶ
1425 564 1533 617 τῶν
1575 561 1753 615 τοιούι

182 677 285 714 των
316 657 404 710 ἐπ’
437 656 672 718 ἐκείνοις
707 655 808 725 μὲν
832 653 1168 724 παμπληθὲς
1198 653 1501 724 διεξῆλθον·
1534 652 1665 722 ύμῖν
1706 636 1753 704 δ’

155 750 426 808 οὲνταυθοί
451 748 788 819 προτιθέναι,
824 746 1080 815 φορτικὸν
1113 745 1235 816 ἐμοί
1274 761 1338 813 γε
1369 744 1619 813 φαίνεται
1660 741 1753 795 καὶ

180 840 285 895 οὐδ’
315 839 491 901 ἄλλως
522 834 842 900 ἀναγκαῖον.
870 834 980 904 Τὴν
1026 835 1136 903 γὰρ
1171 836 1228 885 ὲν
1265 830 1479 896 τούτοις
1508 833 1754 903 ἀνάγκην

182 932 271 986 καὶ
321 915 531 999 καῖρῶν
567 926 774 981 δεῖσθαι
820 926 1095 994 πολεμίων
1136 925 1375 994 ἀνάγκη,
1422 926 1509 979 ὅτε
1551 924 1616 995 δη
1653 940 1755 993 μα-

181 1022 338 1092 χίμου
416 1017 627 1090 (φάναι)
680 1017 885 1078 κόνεως
941 1013 1441 1085 ἀναρριπιζομένης
1488 1015 1546 1066 ὲν
1601 1014 1752 1083 μέσῳ

184 1109 327 1180 μάλα
362 1107 608 1178 σφοδρῶς
650 1105 1088 1175 ἀναφλεγόμενον
1124 1105 1184 1157 τὸ
1213 1104 1415 1175 θερμὸν
1441 1105 1540 1174 τῆς
1572 1103 1752 1173 ψυχῆς

179 1202 475 1255 ἀκάθεκτον
525 1199 637 1267 ἔχει
675 1198 773 1269 τὴν
809 1197 1020 1252 οίκοθεν
1069 1198 1267 1267 ὁρμὴν,
1298 1198 1393 1250 ἐπὶ
1421 1196 1587 1268 ξυροῦ
1641 1197 1753 1251 τῶν

179 1293 444 1346 κινδύνων
497 1293 926 1361 αἰωρουμένων⁹
969 1288 1069 1359 τῆς
1108 1289 1154 1343 δ’
1182 1289 1365 1360 ἀκμῆς
1395 1290 1609 1358 ἐκείνης
1648 1307 1749 1343 πα-

180 1383 494 1453 ρελθούσης,
513 1384 607 1436 καὶ⁵
644 1381 737 1435 τοῦ
766 1381 1005 1451 μαχίμου
1041 1380 1291 1451 θώρακος
1320 1380 1542 1434 καὶτῶν
1569 1381 1752 1435 ὅπλων

178 1477 399 1530 ἐκείνων
431 1475 717 1546 ῥιφέντων,
771 1474 826 1537 ἐς
877 1474 1186 1527 τούναντίον
1213 1475 1382 1542 χωρεί
1423 1474 1518 1528 καὶ
1545 1474 1613 1527 τά
1651 1473 1751 1538 τῆς

178 1569 435 1639 σπουδῆς,
475 1567 880 1637 μαραινομένου
924 1565 1016 1618 τοῦ
1070 1565 1498 1633 ὑπεκκαύματος
1526 1565 1620 1617 καὶ
1651 1567 1751 1633 τῆς

176 1662 431 1733 ἀφορμῆς
487 1661 582 1715 τοῦ
638 1660 876 1729 πολέμου
924 1657 1071 1713 κατὰ
1122 1658 1318 1728 μικρὸν
1372 1658 1649 1729 ἀπιούσης
1692 1659 1752 1722 ές

174 1755 367 1824 λήθην,
411 1753 548 1824 μετά
595 1770 659 1820 γε
711 1754 811 1823 τῆς
869 1752 976 1806 τῶν
1031 1756 1213 1807 ὃπλων
1267 1751 1612 1822 ἀπαλλαγῆς.
1659 1753 1751 1805 Διὸ

174 1852 265 1901 καὶ
323 1850 455 1917 ἡμίν
504 1846 976 1920 ἐρρᾳθυμημένως
1028 1864 1140 1907 πως
1172 1847 1272 1918 ῆδη
1314 1848 1379 1917 τῇ
1426 1847 1562 1918 πρὲις
1606 1846 1750 1916 ὑμᾶς

170 1946 425 2014 διηγήσει
466 1942 604 2013 μετά
637 1942 738 2011 τὴν
765 1940 935 2012 ζάλην
963 1940 1180 2010 ἐκείνην
1210 1940 1512 2010 χρωμένοις
1548 1942 1746 1993 ὲνεῖναι

173 2038 504 2108 συγγνώμην
532 2036 691 2089 οὐδὲν
743 2033 993 2097 ἀπεικός·
1038 2035 1239 2101 ἐξεῖναι
1294 2037 1425 2103 γὰρ,
1482 2035 1591 2111 κάει
1640 2034 1748 2085 τῶν

170 2132 503 2202 εἰρημένων,
529 2130 768 2182 συνεῖναι
806 2128 951 2198 ὑμᾶς
983 2125 1084 2197 τῆν
1109 2125 1220 2179 τῶν
1253 2125 1431 2194 σοφῶν
1470 2126 1749 2194 ἑκατέρων

171 2222 517 2294 συμφωνίαν,
560 2222 669 2274 τῶν
701 2238 760 2274 τε
792 2218 1077 2289 ἡμετέρων
1136 2219 1337 2289 δηλαδὴ
1384 2216 1616 2273 καὶτῶν
1657 2217 1751 2270 θύ-

174 2316 361 2385 ραθεν,
401 2315 556 2377 ὅπως
607 2314 782 2383 ταυτὰ
833 2312 929 2365 καὶ
996 2310 1257 2381 φρονοῦσι
1287 2311 1383 2363 καί⁵
1416 2309 1748 2379 φθέγγονται

171 2409 300 2478 περὶ
359 2406 459 2475 τῆς
513 2405 665 2468 θείας
716 2402 1044 2472 ἁπλότητος,
1081 2396 1223 2455 εἶναι
1262 2401 1618 2471 παγχάλεπον
1655 2401 1746 2455 καί

172 2496 384 2567 σφόδρα
417 2494 524 2548 τῶν
553 2493 867 2557 ἀδυνάτων,
914 2490 1165 2544 σύνθεσιν
1220 2491 1424 2542 ἐννοεῖν
1475 2489 1509 2558 ἢ
1557 2490 1747 2557 διαφο-

174 2590 296 2660 ρὰν,
337 2585 477 2659 πλὴν
509 2584 792 2656 ὀνομάτων
834 2583 993 2655 μόνον
1020 2621 1036 2645 ,
1065 2581 1255 2645 οὐσίας
1303 2597 1363 2635 τε
1405 2583 1500 2635 καὶ
1556 2579 1751 2652 βουλη-

170 2699 311 2743 σεως
343 2683 438 2735 καὶ
470 2679 751 2748 δυνάμεως
781 2676 878 2731 καὶ
910 2675 1055 2745 ζωῆς
1077 2675 1173 2729 καὶ
1195 2674 1406 2745 σοφίας,
1438 2676 1534 2727 καὶ
1563 2674 1748 2738 ἁπλῶς

169 2773 457 2839 ἐνεργείας
505 2770 744 2839 ἁπάσης.
781 2768 996 2836 Ὠσπερ
1039 2768 1148 2838 γὰρ
1194 2767 1396 2835 ἐπίσης
1447 2766 1662 2820 δίδωσιν
1720 2766 1749 2817 ό

169 2865 306 2929 Θεὸς
330 2862 580 2917 εὐσεϐέσι
605 2862 699 2916 καὶ
724 2859 999 2925 ἀσεϐέσιν,
1033 2858 1264 2924 Ἕλλησί
1310 2875 1371 2911 τε
1413 2860 1507 2912 καὶ
1540 2858 1750 2929 βαρϐά-

171 2975 327 3028 ροις,
360 2957 458 3009 κα)⁸
490 2952 802 3024 συλλήϐδην
835 2953 1005 3007 πᾶσιν
1045 2951 1257 3005 ίθνεσιν
1287 2952 1484 3019 εἰπεῖν,
1519 2951 1749 3022 οὐρανὸν

171 3052 266 3105 καί⁵
297 3050 430 3118 γῆν,
460 3048 601 3118 ἀέρα
646 3064 707 3100 τε
751 3045 845 3099 καὶ
875 3045 1049 3111 ὑετὸν,
1081 3045 1232 3115 ἥλιόν
1266 3061 1327 3096 τε
1357 3045 1450 3098 καὶ
1489 3044 1742 3116 σελήνην,

170 3144 267 3195 καὶ
319 3142 631 3208 τάναγκαῖα
675 3139 878 3192 πάνταο
913 3136 1058 3191 οὕτω
1112 3137 1207 3191 καὶ
1244 3139 1373 3200 τοὺς
1424 3136 1533 3190 τών
1577 3139 1748 3206 ἀναγ-

171 3233 349 3286 καίων
401 3231 610 3301 τεχνῶν
673 3228 904 3290 κανόνας
950 3228 1151 3296 ἐπίσης
1210 3227 1508 3298 παρέχεται
1561 3228 1754 3292 πᾶσιν,

166 3324 469 3395 ὁμοφύλοις
503 3324 597 3377 καὶ
625 3321 967 3391 ἀλλοφύλοις.
1012 3321 1086 3374 Οὐ
1117 3318 1225 3391 γάρ
1274 3320 1409 3390 ἄλλη
1465 3321 1564 3391 μὲν
1604 3323 1638 3391 ἡ
1672 3338 1758 3375 τε-

166 3417 403 3488 κτονικὴ
446 3414 582 3485 παρ’
630 3414 861 3485 Ἕλλησι
918 3413 1170 3485 στάθμη,
1226 3414 1378 3482 παρά
1436 3414 1669 3477 Σκύθαις
1711 3415 1757 3469 δ’

165 3510 310 3579 ἄλλη
336 3525 352 3542 ⁸
386 3510 482 3564 καὶ
507 3508 713 3579 Μήδοις
744 3507 839 3561 καὶ
866 3507 1106 3576 Πέρσαις
1135 3507 1359 3576 ὁμοίως.
1388 3507 1465 3561 Οὐ
1504 3506 1610 3578 μὴν
1634 3507 1758 3561 οὐδὲ

166 3605 264 3657 τοῦ
299 3604 574 3673 γεωργεῖν
627 3600 727 3654 καὶ
770 3600 1116 3668 κυνηγετεῖν,
1168 3599 1263 3652 καὶ
1315 3598 1425 3653 τῶν
1476 3599 1757 3664 τοιούτων,

165 3695 430 3767 διαφορά.
468 3694 630 3748 Ἀλλά
667 3694 768 3762 τῆς
814 3692 1111 3763 θρησκείας
1141 3692 1524 3762 διαφερούσης,
1563 3692 1632 3747 τά
1662 3692 1761 3763 τῆς

166 3793 377 3861 τέχνης
424 3788 535 3858 ἔχει
577 3788 897 3854 συνάφειαν.
938 3785 1096 3840 Οὐτω
1125 3785 1183 3839 δὲ
1230 3786 1369 3840 κάπὶ
1413 3786 1517 3855 τῆς
1541 3785 1762 3856 λεξικῆς

165 3883 490 3953 ἐπιστήμης
508 3881 658 3933 ἐστιν
675 3877 992 3949 όρᾷν.”οσοι
1019 3876 1120 3949 μὲν
1147 3878 1257 3946 γὰρ
1277 3878 1343 3948 τῇ
1358 3876 1500 3947 αὐτῇ
1530 3875 1765 3948 κέχρην-

166 3993 263 4030 ται
309 3974 605 4041 διαλέκτῳ,
626 3973 691 4041 τῇ
718 3970 827 4023 τῶν
857 3969 1091 4040 πρώτων
1133 3971 1610 4040 εὐδοκιμησάντων
1635 3973 1765 4041 ὀμο-

164 4073 352 4141 γενῶν
389 4070 665 4139 ἐπιστήμῃ
693 4065 775 4139 [Ρ.
814 4063 943 4137 690]
978 4066 1074 4119 καὶ
1105 4065 1269 4137 τέχνῃ
1301 4063 1525 4127 τούτους
1560 4066 1766 4135 κεχρῆο

166 4167 304 4221 σθαι
346 4163 551 4235 χρεὼν,
585 4160 839 4222 Φοίνικας
872 4157 1022 4228 λέγω
1045 4157 1146 4212 καὶ
1177 4158 1397 4226 Πέρσας
1429 4157 1526 4208 καὶ
1561 4155 1763 4207 Ἀσσυ-

166 4261 358 4333 ρίους.
390 4256 500 4312 Καὶ
532 4255 623 4310 ίνα
654 4253 783 4318 τούς
799 4251 997 4316 ἄλλους
1020 4248 1420 4321 παρέλθωμεν,
1449 4247 1545 4302 καὶ
1577 4248 1767 4302 ὁπόσοι

162 4352 233 4420 τῇ
280 4346 501 4402 Ἐλλάδι
532 4344 835 4415 κέχρηνται
874 4340 1124 4413 γλώσσῃ,
1170 4338 1387 4409 ἀνάγκη
1430 4341 1526 4393 καὶ
1554 4338 1768 4403 τούτοις

160 4445 234 4513 τῇ
305 4439 422 4494 τῶν
473 4436 738 4507 ἀρχηγῶν
795 4435 901 4505 τῆς
947 4432 1221 4504 εὑρέσεως
1263 4430 1503 4503 χρῆσθαι
1558 4430 1769 4502 μεθόδῳ

1856 563 2070 632 addam,
2102 581 2321 620 omnem
2377 567 2634 637 pietatem
2684 580 2849 639 atque
2876 570 3133 625 Ecclesia:
3165 570 3302 625 bene
3341 587 3432 623 0r-

1855 653 2054 710 dinatze
2095 671 2358 714 canones.
2410 659 2614 713 Tamen
2684 662 2752 715 de
2805 662 3105 727 voluntate,
3166 662 3431 732 potentia,

1854 743 1987 804 vita,
2033 745 2325 816 sapientia,
2370 755 2427 801 et
2474 748 2598 802 aliis
2648 749 2988 819 huiusmodi,
3026 758 3253 821 propter
3310 752 3433 805 illos

1856 835 2175 904 plenissime
2209 836 2472 893 disserui.
2504 837 2667 910 Quan
2693 841 2848 896 vobis
2896 841 2986 897 hic
3013 857 3341 912 proponere,
3377 852 3438 896 nt

1854 941 2018 995 grave
2066 942 2128 983 ac
2179 929 2473 985 molestum
2517 930 2735 985 videtur
2781 932 2935 999 mihi,
2960 932 3033 986 ita
3078 948 3180 988 nec
3210 933 3434 988 aliunde

1854 1022 2255 1077 necessarium.
2278 1022 2415 1077 Nam
2446 1038 2568 1094 quae
2605 1024 2659 1078 in
2703 1024 2792 1080 bis
2836 1027 3079 1080 occurrit
3112 1026 3431 1089 necessitas,

1855 1111 2083 1168 hostiles
2112 1125 2168 1171 et
2201 1117 2426 1172 bellicas
2450 1117 2767 1173 occasiones
2812 1120 3125 1173 necessario
3156 1120 3428 1188 postulat;

1854 1189 2227 1262 cum‘seilicet
2250 1208 2492 1292 (bellicus
2523 1210 2703 1279 pulvis
2728 1211 2809 1282 (ut
2841 1211 2915 1265 ita
2937 1211 3139 1283 dicam)
3167 1212 3220 1266 in
3254 1214 3436 1266 medio

1854 1295 2032 1363 palam
2089 1298 2381 1362 excitatur,
2438 1310 2492 1353 et
2551 1298 2992 1354 ferventissimus
3028 1309 3195 1355 aestus
3241 1301 3437 1355 animae

1854 1386 2185 1443 indomitum
2233 1390 2573 1446 intrinsecus
2639 1391 2808 1447 habet
2843 1396 3143 1462 impetum,
3175 1408 3243 1448 eo
3288 1393 3434 1462 quod

1857 1491 1948 1530 res
1981 1478 2051 1531 sit
2084 1479 2136 1532 in
2170 1494 2446 1534 summum
2478 1490 2643 1550 atque
2688 1482 2986 1537 imminens
3008 1483 3305 1537 discrimen
3338 1484 3438 1536 ad-

1853 1566 2037 1621 ducta.
2081 1566 2186 1623 Ubi
2219 1584 2348 1623 vero
2397 1571 2580 1624 acrior
2625 1570 2717 1626 ille
2750 1572 3125 1626 contentionis
3151 1581 3316 1628 aestus
3347 1573 3441 1627 de-

1854 1660 2078 1723 ferbuit,
2133 1671 2187 1715 et
2230 1661 2483 1717 militaris
2530 1652 2704 1717 lorica
2776 1665 2943 1719 simul
2977 1681 3100 1720 cum
3135 1665 3304 1719 armis
3332 1665 3475 1737 illis‘

1854 1753 2093 1825 projects
2119 1764 2225 1817 est,
2264 1762 2399 1810 tunc
2423 1756 2590 1810 etiam
2632 1756 2931 1812 vehemens
2957 1773 3151 1829 pugna'
3185 1758 3430 1812 studium

1786 1834 1825 1889 Β
1857 1846 1910 1898 in
1935 1846 2274 1901 contrarium
2318 1848 2533 1919 vergit,
2564 1863 2631 1903 eo
2677 1849 2837 1918 quod'
2873 1846 3049 1920 ipsius
3101 1851 3434 1905 exstinctum

1856 1937 1935 1994 sit
1965 1940 2387 2008 suscitabuluni,
2408 1950 2466 1997 et
2496 1940 2734 1998 bellicus
2774 1944 3012 2011 impetus
3045 1943 3226 1998 statim
3270 1951 3436 2012 atque

1855 2046 2008 2086 arma
2046 2033 2288 2103 proiecta
2318 2043 2467 2098 sunt,
2490 2035 2750 2104 paulatim
2781 2036 2836 2090 in
2860 2037 3192 2092 oblivionem
3219 2038 3437 2093 abieiit.

1857 2126 2043 2195 Itaque
2077 2140 2186 2180 non
2222 2126 2501 2183 immerito
2534 2126 2738 2183 dabitis
2776 2127 2920 2184 hanc
2962 2129 3201 2195 veniam,
3227 2130 3271 2183 si
3299 2129 3441 2184 forte

1856 2225 1978 2286 post
2004 2216 2152 2272 illam
2180 2225 2559 2287 tempestatem
2590 2230 2876 2291 utcunque
2908 2220 3214 2275 remissiori
3246 2222 3433 2275 animo

1857 2307 1911 2361 in
1939 2307 2054 2364 haec
2086 2309 2245 2363 vobis
2283 2310 2611 2367 enarranda
2648 2311 2988 2370 incumbam.
3020 2313 3268 2383 Namque
3296 2329 3432 2367 una-

1855 2398 2060 2453 nimem
2079 2400 2407 2471 sapientium
2430 2410 2543 2457 tum
2561 2401 3000 2460 Christianorum
3017 2414 3130 2460 tum
3148 2406 3436 2477 gentilium

1855 2493 2184 2547 sententiam
2215 2493 2300 2549 vel
2326 2494 2493 2549 etiam
2521 2509 2590 2549 ex
2611 2495 2775 2551 dictis
2811 2496 3068 2567 poteritis
3094 2497 3397 2568 intelligere
3424 2517 3438 2558 ς
3469 2505 3476 2511 ’

1855 2601 1961 2656 qua
1991 2600 2189 2656 nempe
2212 2588 2431 2643 ratione
2462 2589 2530 2644 de
2550 2589 2734 2645 divina
2764 2591 3113 2661 simplicitate
3137 2590 3327 2646 eadem
3353 2606 3442 2645 sa-
3506 2575 3517 2592 ⁸

1855 2678 2010 2745 piant
2029 2686 2086 2732 et
2107 2678 2485 2748 pronuntient,
2504 2694 2627 2735 esse
2646 2695 2911 2751 perquam
2934 2681 3175 2746 diiiieile,
3195 2680 3307 2736 imo
3330 2698 3446 2736 ma-

1856 2769 1999 2824 xime
2018 2769 2448 2840 impossibile,ut
2463 2772 2588 2841 quis
2603 2772 3058 2843 compositionem
3077 2785 3171 2831 aut
3186 2775 3446 2831 dill‘ereuo

1858 2860 2010 2926 tiam,
2039 2869 2404 2932 pra-terquam
2437 2864 2720 2918 nominum
2745 2863 3036 2930 dutitaxat,
3057 2866 3201 2920 inter
3230 2858 3449 2938 1099

1856 2954 2251 3018 substantiam,
2280 2964 2336 3009 et
2370 2957 2733 3023 voluntatem,
2766 2960 3090 3026 potentiam,
3136 2960 3323 3025 vitam,
3353 2976 3445 3015 sa-

1856 3043 2119 3115 pientiam
2167 3054 2254 3110 et,
2324 3054 2382 3100 ut
2416 3050 2728 3101 summatim
2759 3049 2957 3112 dicam,
2993 3065 3212 3105 omnem
3243 3066 3445 3120 opera-

1863 3136 2089 3200 tionem,
2124 3139 2414 3209 excogitet.
2462 3138 2935 3205 Quemadmodum
2954 3141 3115 3195 'enim
3152 3144 3259 3213 piis
3290 3160 3445 3214 mque

1861 3243 1928 3283 ac
1978 3230 2185 3299 impiis,
2223 3228 2431 3300 (ira-cis
2477 3241 2532 3285 et
2596 3230 2870 3296 Barbaris,
2918 3243 2974 3287 et
3009 3236 3093 3302 (ut
3134 3250 3242 3289 uno
3274 3236 3445 3290 verbo

1860 3324 2202 3393 complectar
2228 3322 2436 3393 omnia)
2468 3323 2723 3393 gentibus
2756 3324 3035 3389 omnibus,
3082 3327 3306 3393 coelum,
3339 3337 3449 3383 ter-

1860 3431 2001 3481 ram,
2031 3429 2182 3477 aera,
2241 3414 2499 3480 imbrem,
2547 3416 2739 3480 solem,
2791 3417 3003 3483 lunam,
3051 3426 3107 3472 et
3139 3420 3322 3474 omnia
3354 3437 3448 3475 nc-

1861 3507 2123 3571 cessaria,
2155 3504 2301 3561 Deus
2353 3506 2586 3573 tribuit;
2630 3509 2710 3562 sic
2734 3517 2790 3562 ct
2819 3509 3254 3564 necessariarum
3288 3527 3448 3583 regu—

1861 3600 1944 3655 las
1969 3598 2169 3654 artium
2202 3599 2477 3670 indigenis
2506 3608 2561 3654 et
2590 3599 2914 3672 alienigenis
2948 3601 3233 3670 aequaliter
3265 3604 3446 3657 omni-

1862 3695 1967 3752 bus
1995 3694 2235 3751 exhibet.
2266 3695 2403 3750 Nam
2463 3710 2642 3766 neque
2698 3694 2909 3749 fabrilis
2957 3686 3151 3750 norma
3181 3706 3236 3750 et
3265 3696 3446 3750 libella

1863 3786 1970 3841 alia
1999 3796 2083 3842 cst
2106 3787 2250 3857 apud
2280 3785 2521 3853 Graecos,
2547 3795 2603 3841 et
2655 3786 2763 3841 alia
2796 3786 2941 3857 apud
2966 3785 3234 3857 Scythas;
3269 3802 3449 3857 neque

1866 3878 2009 3949 apud
2040 3878 2228 3933 Medos
2278 3877 2405 3940 alia,
2434 3886 2489 3934 et
2514 3878 2619 3933 alia
2653 3877 2786 3933 item
2820 3877 2963 3949 apud
3006 3879 3237 3946 Persas;
3271 3866 3450 3948 neque

1866 3971 2217 4043 agricultura:
2250 3981 2345 4026 aut
2377 3972 2705 4032 venationis,
2734 3985 2791 4025 et
2840 3970 3074 4026 aliorum
3110 3972 3451 4042 huiusmodi,

1869 4067 1978 4122 ulla
2014 4075 2098 4121 est
2121 4067 2264 4136 apud
2315 4066 2416 4122 hos
2442 4079 2635 4120 omnes
2666 4065 2978 4121 differentia
3012 4084 3030 4122 :
3065 4066 3159 4121 Sed
3199 4082 3324 4121 cum
3366 4068 3453 4120 di-

1867 4173 2023 4213 versa
2061 4159 2301 4213 sentiant
2345 4156 2414 4213 de
2442 4156 2726 4227 religione,
2761 4156 2824 4212 in
2851 4157 3063 4214 artibus
3089 4160 3451 4213 conveniunt.

1869 4250 2018 4305 Idem
2045 4247 2233 4303 videas
2281 4247 2338 4301 in
2388 4262 2452 4302 ea
2476 4247 2728 4310 scientia,
2762 4263 2884 4319 qua;
2917 4250 3067 4303 circa
3095 4250 3360 4305 vocabula
3394 4261 3454 4304 et

1870 4336 2143 4393 dictiones
2207 4346 2480 4392 versatur.
2540 4336 2607 4390 Et
2658 4351 2791 4391 vero
2854 4337 3170 4408 quicunque
3216 4338 3456 4394 dialecto

1871 4431 2064 4487 eadem
2124 4435 2374 4494 utuntur,
2430 4428 2469 4484 ii
2497 4429 2799 4499 primorum
2830 4443 2862 4484 e
2893 4444 2993 4484 sua
3027 4439 3189 4500 gente
3233 4444 3290 4485 et
3319 4447 3459 4500 pra:-

163 4534 272 4588 καὶ
309 4531 502 4602 τέχνη,
535 4527 791 4597 καθάπερ
846 4524 1064 4596 στάθμη
1109 4522 1240 4588 τινὶ,
1301 4524 1350 4577 εί
1403 4520 1479 4594 μὴ
1526 4521 1757 4592 βούλοιτί

1875 4522 2141 4577 stantium
2164 4522 2447 4576 vernaculi
2484 4521 2761 4577 sermonis
2817 4530 3107 4578 auctorum
3141 4525 3372 4577 scientia
3399 4532 3460 4578 et

162 4643 255 4689 τις
317 4623 491 4677 πλείω
534 4619 859 4685 σολοικίζειν
919 4618 952 4691 ἢ
1010 4615 1369 4686 φθέγγεσθαι.
1432 4616 1497 4668 '0
1547 4614 1613 4686 δὴ
1669 4616 1767 4670 καί⁵

175 4718 474 4789 Ἰουλιανῷ
522 4716 601 4788 τῷ
647 4714 902 4770 δυσσεϐεῖ
930 4713 1139 4783 ληφθὲν
1198 4713 1289 4765 ἐπὶ
1344 4710 1471 4765 νοῦν
1516 4709 1765 4782 ἐμποδὼν

159 4817 290 4878 τοῖς
355 4810 643 4866 εὐσεϐοῦσι
683 4812 879 4881 στῆναι
938 4809 1227 4871 πέπεικεν,
1265 4806 1595 4876 Ἑλληνικοῖς
1631 4805 1765 4876 ρυθ-

167 4894 446 4973 μίξεσθαι
489 4905 671 4974 λόγοις
706 4904 807 4975 τὴν
843 4902 1117 4971 γλῶτταν.
1171 4901 1352 4955 Μόνον
1382 4900 1488 4971 τῆς
1533 4899 1767 4969 ἐκλογῆς

165 5000 358 5069 ὑγιῶς
409 4997 699 5051 ἀνθεκτέον
729 4992 968 5058 ικείθεν,
1005 4993 1103 5047 καὶ
1133 4992 1276 5046 κατά
1311 4991 1414 5063 τὴν
1444 4991 1661 5063 ἐμμελῆ
1701 5009 1762 5045 τε

162 5098 266 5147 καὶ
305 5090 629 5163 ἐναρμόνιον
689 5088 799 5141 τῶν
861 5086 1035 5156 ἁγίων
1076 5086 1241 5157 ἡμῶν
1300 5085 1645 5156 συμφωνίαν.
1688 5083 1768 5137 Ἦ

163 5188 290 5255 γὰρ
329 5182 433 5236 οὐκ
462 5184 527 5236 ἂν
555 5174 753 5251 φθάνοι
782 5180 1067 5251 ταράττων
1088 5179 1158 5232 τὰ
1174 5180 1381 5249 πάτρια
1410 5177 1511 5247 τῆς
1533 5178 1767 5248 Ἐκκλη-

165 5279 308 5338 σίας
365 5274 488 5344 ίερά
530 5274 804 5342 δόγματα,
842 5271 911 5325 δι’
945 5271 1195 5341 ἀμαθίαν
1228 5270 1261 5341 ἢ
1301 5269 1612 5340 μοχθηρίαν
1643 5269 1769 5323 ἀτό-

166 5387 288 5423 που
334 5368 564 5437 γνώμης
618 5368 716 5420 καὶ
760 5366 1158 5436 προαιρέσεως,
1190 5363 1378 5428 κακῶς
1409 5363 1767 5433 ἐκλαμϐάνων

166 5464 277 5515 καὶ
330 5460 680 5529 διαστρέφων
740 5459 833 5511 τὸν
870 5457 1194 5526 ἐγκείμενον
1227 5458 1350 5520 ταῖς
1391 5456 1573 5522 λέξεσι
1616 5455 1766 5521 νοῦν,

162 5553 395 5624 ὁμοίως
447 5552 525 5622 τῷ
578 5551 657 5622 σῷ
720 5551 957 5620 Παλαμᾷ.
1014 5549 1110 5603 καὶ
1158 5550 1309 5621 ὑμῖν,
1351 5550 1544 5619 ἐκείνῳ
1592 5548 1768 5602 ταυτὰ

163 5645 585 5716 φθεγγομένοις
624 5643 827 5714 ἀρτίως
857 5643 925 5695 τά
960 5659 1018 5694 τε
1060 5641 1198 5696 ἄλλα
1241 5641 1334 5693 καὶ
1377 5642 1529 5710 τρείς
1571 5638 1764 5710 ὁμολο-

161 5741 348 5810 γοῦσι
389 5738 579 5805 φύσεις
627 5737 720 5789 ἐπὶ
777 5735 873 5788 τοῦ
930 5736 1187 5804 Σωτῆρος
1243 5732 1765 5806 μεταμορφώσεως,

168 5836 240 5907 μί
256 5850 331 5887 αν
364 5832 462 5903 μὲν
492 5834 590 5903 τῆς
622 5826 1068 5900 ἀνθρωπότητος,
1101 5827 1195 5881 δύο
1235 5827 1289 5880 δὲ
1316 5828 1438 5879 ταῖν
1472 5825 1617 5879 δυεῖν
1650 5825 1769 5878 θεο-

1875 4624 1993 4671 arte
2029 4624 2259 4671 utantur
2309 4623 2547 4685 oportet,
2582 4615 2872 4671 thnices
2923 4616 3187 4686 intelligo,
3243 4616 3464 4680 Persas,

1873 4708 2147 4779 Assyrios.
2195 4707 2298 4773 Et,
2356 4716 2415 4762 ut
2472 4716 2703 4763 caeteros
2770 4708 3054 4775 omittam,
3108 4716 3256 4763 certe
3312 4709 3460 4777 apud

1876 4820 2237 4875 quoscunque
2278 4804 2481 4860 Graue
2536 4805 2735 4876 lingua:
2768 4820 2899 4860 usus
2931 4813 3037 4871 est,
3071 4804 3107 4859 ii
3140 4806 3461 4859 methodum

1873 4908 1929 4955 et
1959 4908 2131 4953 artem
2164 4914 2356 4955 eorum
2384 4898 2478 4968 qui
2521 4898 2727 4969 reperti
2759 4896 3041 4953 Graecismi
3075 4899 3246 4953 duces
3280 4909 3333 4953 ct
3356 4914 3458 4953 au-

1875 5000 2055 5047 ctores
2106 4989 2369 5055 fuerunt,
2432 4990 2747 5046 necessario
2809 4990 2964 5061 sequi
3019 4990 3255 5056 debent,
3308 4991 3461 5045 velut

1882 5083 2144 5137 amussim
2178 5082 2503 5152 quamdam;
2537 5083 2644 5136 nisi
2689 5081 2874 5152 plures
2901 5083 2954 5136 in
2988 5082 3264 5151 loquendo
3290 5083 3459 5137 solua-

1877 5175 2083 5230 cismos
2114 5189 2276 5244 quam
2314 5188 2480 5228 voces
2525 5172 2774 5251 proferre
2808 5173 3111 5228 voluerint.
3142 5175 3298 5238 Quod
3332 5188 3459 5226 cum

1875 5266 2096 5335 Juliano
2154 5267 2323 5337 impio
2379 5264 2643 5336 προδιειιώ
2699 5265 2755 5321 in
2787 5276 3024 5322 mentem
3058 5266 3316 5327 venisset,
3355 5264 3466 5333 ipsi

1877 5362 2049 5429 suasit
2099 5369 2158 5415 ut
2215 5360 2324 5430 piis
2372 5358 2706 5415 Christianis
2765 5358 3074 5415 Graecarum
3150 5359 3458 5412 litterarum

1878 5453 2078 5515 studia,
2107 5453 2310 5523 quibus
2336 5451 2578 5522 linguam
2610 5451 2689 5506 illi
2719 5466 2874 5505 suam
2906 5458 3257 5511 exornarcnt,
3291 5450 3459 5501 inter-

1875 5551 2104 5605 diceret.
2134 5548 2188 5602 ld
2227 5563 2397 5603 unum
2421 5547 2511 5602 hic
2541 5546 2718 5601 notari
2739 5546 2924 5609 velim,
2960 5554 3020 5599 ut
3054 5559 3247 5612 nempe
3273 5540 3459 5613 profa-

1878 5656 2073 5696 narum
2120 5640 2423 5695 litterarum
2467 5639 2713 5694 delectus
2761 5647 2909 5692 recte
2971 5637 3259 5701 habeatur,
3302 5636 3461 5706 juxta

1877 5740 2269 5801 congruentem
2298 5741 2352 5785 et
2384 5731 2687 5801 piissimam
2720 5737 3031 5785 sanctorum
3073 5728 3292 5783 Patrum
3310 5745 3460 5782 ~con-

1876 5824 2117 5882 cordiam
2154 5822 2397 5894 :alioqui
2445 5824 2667 5894 jamjam
2722 5821 3099 5891 unusquisque
3148 5822 3371 5889 antiqua
3406 5835 3469 5881 et
