4026 6622
428 387 564 453 tm
726 389 777 458 [Α
845 403 901 442 ιι.
945 388 1103 453 6:59,
1148 404 1254 443 mo.
1297 389 1353 461 ι]
1399 349 1407 357 ’

1623 397 1798 458 NICE
1808 396 2039 459 PHORI
2077 398 2459 462 GREGORB

3524 400 3653 466 1436

2726 396 2861 469 [ιιιιι.
2903 412 2943 451 ι.
2986 411 3279 453 camacuz.
3323 394 3380 469 5]

423 503 501 584 ira
531 502 974 571 exeandnerunt;
1014 512 1070 558 et
1098 502 1266 559 veluti
1307 502 1543 574 qundam
1584 503 1770 560 lurore
1796 506 1989 576 perciti

2098 512 2197 579 χῆς
2230 509 2507 582 ἔξερῤἀγη
2563 510 2716 578 σφίσι
2755 509 2959 578 πυρσόν
2983 525 2998 540 ο
3035 508 3129 562 καὶ
3161 508 3349 578 ὥσπερ
3398 508 3659 578 ἐμμανεῖς

422 611 455 648 e
483 593 701 649 duobus
735 595 970 649 alterum
1001 596 1317 651 necessario
1347 597 1605 668 consequi
1629 598 1989 654 asserebant:

2098 601 2374 671 γενόμενοι
2400 601 2547 655 δυοῖν
2575 600 2813 670 ἔφασκον
2841 596 2981 653 εἶναι
3014 600 3248 668 θάτερον
3280 600 3339 666 ἐξ
3358 597 3619 667 ,ἀνάγκης
3641 615 3653 628 ·

428 706 447 738 ι
476 687 570 742 Vel
607 688 779 751 enim,
803 687 1144 758 inquiebant,
1182 687 1397 761 11M
1447 690 1620 745 sancti
1651 699 1801 752 sunt,
1836 698 1888 747 et
1913 691 1995 745 sic

426 777 531 832 ista
586 792 695 831 non
748 776 1038 843 dixerunt;
1089 777 1175 831 vel
1230 778 1331 834 iSta
1364 777 1643 846 dixerunt,
1673 794 1735 834 ac
1764 778 1994 848 proinde

421 867 595 924 sancti
631 882 737 923 non
767 876 915 924 sunt.
968 868 1123 924 Absit
1159 869 1327 930 enim,
1359 878 1419 924 ut
1446 869 1691 924 dicamus
1723 885 1988 940 unquam,

422 974 532 1013 non
563 973 685 1015 esse
733 960 903 1015 dubio
956 961 1147 1030 procul
1206 962 1470 1026 increata,
1505 970 1618 1016 tum
1679 944 1993 1016 illa-sancti

422 1048 660 1121 Spiritus
687 1052 851 1120 dona,
886 1068 1008 1123 quae
1039 1054 1182 1108 Deus
1203 1053 1348 1109 varie
1382 1044 1682 1116 distribuit,
1717 1063 1828 1109 tum
1870 1069 1996 1124 gra-

423 1143 527 1198 tias
578 1153 637 1199 et
671 1145 1041 1214 operationes,
1078 1160 1215 1230 quas
1245 1146 1314 1200 ab
1367 1145 1514 1200 omni
1562 1162 1678 1201 πονο
1731 1145 1997 1203 creaturis

392 1235 669 1315 ,largitur.
702 1236 837 1291 Nam
896 1238 942 1291 si
994 1246 1207 1291 creatas
1246 1252 1332 1291 res
1359 1237 1474 1291 dari
1515 1237 1680 1291 etiam
1713 1256 1741 1290 a
1783 1237 1892 1291 Deo
1918 1235 1998 1291 la-

425 1338 688 1392 teremur,
741 1329 871 1398 quid
921 1330 1123 1400 egregii
1167 1338 1365 1399 pneter
1386 1337 1581 1384 cmtcra
1612 1337 1668 1383 et
1693 1328 1880 1382 eximii
1914 1328 1997 1382 di-

422 1421 544 1474 vina
575 1421 830 1491 majestas
851 1420 1116 1475 haberet?
1143 1420 1425 1475 Hoc-enim
1448 1419 1625 1474 facere
1654 1434 1871 1487 semper
1895 1417 1998 1489 ipsi
2021 1430 2033 1437 '

420 1514 672 1569 homines
698 1523 962 1584 possunt;
990 1529 1185 1584 nempe
1211 1512 1551 1583 quibuslibet
1575 1512 1705 1565 dare
1730 1521 2001 1582 quotquot

422 1606 751 1676 temporaria
784 1617 841 1661 et
865 1621 1207 1676 quacunque
1236 1613 1418 1660 creata
1444 1606 1712 1676 quispiam
1743 1604 1998 1662 voluerit.

425 1692 568 1748 Deus
600 1694 808 1763 itaque.
839 1708 964 1748 cum
994 1693 1066 1749 sit
1105 1694 1405 1755 increatus,
1439 1708 1538 1764 par
1586 1703 1669 1747 est
1698 1702 1756 1747 nt
1790 1692 2003 1747 increa.

425 1796 473 1836 ta
507 1784 795 1855 largiatur.
826 1784 883 1840 Si
910 1785 1036 1855 quis
1065 1792 1246 1839 autem
1281 1785 1441 1839 aliter
1490 1783 1637 1853 loqui
1672 1800 1717 1838 Vl
1738 1783 1820 1840 lit.
1848 1782 1998 1838 hunc

420 1878 570 1932 omni
629 1862 858 1947 prorsus
914 1878 1126 1949 ratione
1158 1878 1457 1949 rejieirnus,
1490 1878 1619 1932 licet
1648 1876 1888 1932 cmlcstis
1913 1884 1995 1930 to-

423 1971 667 2023 nitrnum
697 1970 907 2025 clamor
932 1970 1210 2030 audiatur.
1256 1970 1385 2026 licet
1423 1970 1605 2025 omnia
1641 1984 1856 2038 quoque
1884 1968 1995 2023 ele-

422 2074 602 2117 menta
638 2063 770 2117 ﬁant
801 2063 1007 2117 vocalia
1044 2074 1098 2118 et
1127 2063 1319 2118 istbarc
1351 2062 1654 2130 proferant.
1696 2080 1715 2113 ι

494 2153 554 2209 ll.
580 2153 716 2209 Cum
749 2169 882 2208 vero
915 2169 1000 2208 me
1033 2154 1372 2222 accingcrem
1426 2152 1491 2208 ad
1529 2151 1844 2210 all‘erendos
1872 2168 1997 2208 san-

422 2254 633 2300 ctorum
681 2245 901 2302 Patrum
951 2242 1144 2309 libros,
1209 2246 1287 2300 illi
1337 2260 1407 2319 ne
1448 2245 1720 2299 tantillum
1772 2244 1993 2314 quidem

421 2339 737 2392 sustinuere
790 2356 805 2393 :
856 2336 952 2393 sed
1011 2336 1193 2391 statim
1248 2346 1626 2400 surrexerunt,
1685 2337 1845 2392 valde
1910 2352 1995 2392 me

422 2430 735 2493 irridentes,
772 2439 826 2485 et
876 2429 989 2483 haec
1030 2430 1175 2484 inter
1227 2428 1331 2484 alia
1382 2429 1616 2498 plurima
1667 2428 1800 2482 mihi
1843 2427 1996 2483 dixe-

421 2529 551 2576 runt
583 2538 599 2577 :
636 2541 653 2570 ‹
685 2520 783 2576 Nn)
840 2529 920 2586 tu,
970 2521 1314 2591 inquiebant,
1363 2521 1742 2591 imprudenter
1768 2528 1825 2575 et
1859 2519 1997 2576 insi-'

423 2615 638 2683 pienter
674 2613 941 2669 adversus
967 2623 1135 2669 temet
1169 2614 1351 2683 ipum
1400 2614 1537 2684 agis,
1572 2616 1715 2683 quod
1762 2613 1997 2668 sanctio-

423 2707 585 2761 nibus
614 2704 985 2775 imperatoriis
1021 2704 1299 2770 obsistas;
1330 2721 1453 2760 cum
1511 2706 1708 2760 liceret
1737 2704 1806 2775 (si
1833 2704 1996 2776 paulo

423 2800 708 2856 remissior
739 2799 916 2869 esses)
963 2800 1127 2871 longe
1154 2800 1416 2871 majorem
1447 2816 1607 2871 quam
1636 2810 1794 2856 antea
1822 2801 1997 2872 impe-

417 2905 691 2957 ratorum,
730 2892 1163 2963 imperatricum,
1188 2902 1243 2947 et
1282 2894 1526 2973 omnium
1566 2894 1881 2966 quicunque
1906 2894 1995 2950 vel

422 2979 684 3035 senatorii
737 2989 867 3035 sunt
914 2980 1148 3047 ordinis,
1180 2981 1264 3036 vel
1295 2982 1476 3052 aliqua
1506 2983 1770 3053 dignitate
1804 2985 1907 3039 alia
1940 2993 1996 3039 et

423 3068 888 3144 lionore'l'ulgent,
925 3073 1367 3128 benevolentiam
1401 3074 1691 3144 consequi.
1720 3077 1993 3130 Czeterum

423 3169 686 3239 (aiebant)
744 3169 1018 3224 sermonis
1073 3170 1244 3224 nostri
1315 3185 1529 3224 summa
1561 3170 1651 3226 illa
1703 3170 1769 3225 sit
1801 3189 1814 3224 :
1845 3172 1889 3225 si
1921 3172 1995 3225 ita

423 3260 739 3315 obstinatus
795 3260 1183 3328 pennanseris,
1216 3262 1514 3317 multorum
1571 3262 1791 3331 quidem
1825 3261 1998 3316 bono-

425 3371 545 3409 rum
594 3354 866 3424 jacturam
922 3353 1111 3418 facies,
1149 3354 1317 3410 multa
1366 3371 1496 3411 vero
1529 3356 1701 3412 tristia
1742 3356 1997 3427 malaque

426 3449 675 3505 habebis.
729 3448 903 3515 Adde,
958 3448 1103 3519 quod
1157 3463 1449 3505 sermones
1499 3458 1623 3505 tuos
1660 3465 1872 3510 omnes.
1902 3448 1995 3521 qui

427 3554 525 3609 per
554 3539 752 3595 festum
783 3549 1097 3595 sanctorum
1148 3539 1267 3596 dies
1313 3540 1367 3595 in
1422 3540 1655 3596 ecclesia
1713 3526 1994 3612 leguntur,

428 3631 643 3703 1145
691 3632 921 3702 iubente
984 3633 1339 3705 imperatore,
1393 3633 1648 3689 inimicus
1678 3642 1730 3689 et
1762 3633 1997 3688 infestus

423 3725 568 3796 ignis
626 3725 777 3783 brevi
822 3726 1112 3794 absumet;
1157 3736 1214 3780 tu
1262 3741 1394 3781 vero
1444 3735 1568 3797 post
1601 3725 1810 3781 obitum
1844 3735 1997 3781 tuum

421 3829 579 3873 extra
623 3818 813 3874 urbem
850 3818 1153 3890 insepultus
1190 3817 1375 3889 aliquo
1403 3817 1730 3889 projicieris.
1762 3837 1781 3871 ι

498 3910 587 3964 Ill.
619 3911 840 3966 Illorum
871 3924 974 3981 ego
1007 3924 1316 3965 sermonem
1348 3908 1646 3979 excipiens,
1680 3927 1698 3960 ι
1740 3908 1887 3971 limo,
1914 3909 1997 3963 in-

423 4017 613 4073 quam,
664 4001 1001 4056 Diocletiano
1047 3999 1276 4071 ejusque
1309 4000 1645 4069 temporibus
1672 3999 1840 4054 verba
1871 4013 1998 4054 con-

422 4100 644 4165 gruupt.
697 4091 765 4147 Et
817 4101 967 4147 certe
1027 4107 1150 4147 cum
1185 4091 1416 4145 maxima
1450 4090 1584 4145 mihi
1624 4092 1764 4146 bona
1787 4089 1996 4162 gratiﬁ-

423 4195 613 4241 cantes
641 4185 905 4249 oll'cratis,
940 4184 1111 4240 nolite
1160 4182 1431 4237 minarum
1480 4184 1708 4237 obtentu
1760 4183 1994 4254 gratiam

425 4277 584 4331 istam
632 4275 989 4331 confundere.
1033 4274 1169 4331 Nam
1219 4273 1348 4329 dum
1402 4273 1735 4343 pollicemini
1789 4274 1905 4329 fore
1937 4283 1999 4329 ut

426 4376 727 4439 martyrum
780 4367 914 4422 mibi
974 4381 1203 4423 coronas
1249 4368 1601 4436 impertiatis.
1642 4374 1731 4423 res
1762 4366 1998 4435 optimas

424 4459 699 4529 pessimis,
722 4468 786 4513 ut
809 4458 1049 4523 videtur,
1083 4459 1396 4513 nominibus
1429 4457 1787 4514 confunditis.
1812 4455 1880 4512 Et
1900 4470 1998 4513 vos

2092 694 2127 765 ἢ
2152 694 2283 764 γὰρ,
2308 691 2496 761 ἁγίους
2517 693 2698 758 ὂντας,
2727 691 2803 762 μὴ
2828 691 3009 758 λέγειν
3032 690 3259 751 τοιαῦτα
3278 707 3293 721 ·
3326 690 3358 760 ἤ
3385 687 3660 758 λέγοντας,

2093 786 2285 854 ἁγίους
2334 787 2437 840 οὐκ
2467 786 2536 841 ἂν
2589 782 2770 839 εἶναι*
2823 783 2945 838 οὐδὲ
2999 782 3106 854 γὰρ
3157 782 3225 838 ἄν
3276 799 3407 835 ποτε
3464 783 3661 851 φαῖμεν

2096 879 2280 948 ἡμεῖς,
2309 878 2435 933 οὔτε
2463 878 2530 932 τὰ
2564 876 2929 948 διειλημμένα
2961 875 3274 944 πνεύματα,
3321 872 3518 927 οὔκουν
3546 873 3660 926 οὐδὲ

2095 971 2193 1033 τὰς
2224 973 2335 1035 τοῖς
2382 972 2647 1042 κτίσμασι
2690 969 2979 1038 διδομένας
3020 968 3251 1039 χάριτάς
3293 983 3351 1045 τε
3393 966 3490 1018 καὶ
3517 966 3663 1032 ἐνερ-

2096 1062 2250 1131 γείας
2290 1065 2355 1116 ἐκ
2399 1062 2495 1117 τοῦ
2541 1062 2742 1125 παντὸς
2786 1061 3003 1126 αἰῶνος,
3038 1060 3114 1135 ὡς
3161 1060 3262 1111 οὐκ
3294 1054 3401 1113 είεν
3431 1056 3575 1110 κατά
3605 1057 3663 1108 τὸ

2098 1153 2500 1225 ἀναμφίλεκτον
2551 1154 2806 1208 ἀκτιστα.
2858 1154 2918 1206 El
2960 1153 3070 1222 γάρ
3118 1150 3215 1205 καὶ
3272 1150 3405 1202 Θεὸν
3470 1149 3667 1202 διδόναι

2099 1250 2294 1301 κτιστά
2328 1249 2771 1317 συγχωροίημεν.
2801 1246 2856 1301 τί
2901 1247 2968 1300 ἀν
3003 1246 3088 1317 είη
3121 1244 3181 1298 τὸ
3211 1243 3311 1310 τῆς
3357 1241 3511 1304 θείας
3540 1242 3667 1294 ὑπε-

2102 1339 2266 1410 ροχῆς
2295 1337 2615 1408 ὲξαίρετον;
2651 1337 2823 1391 Τοῦτο
2864 1336 2974 1407 γὰρ
3001 1337 3095 1390 καὶ
3146 1333 3460 1406 ἀνθρώποις
3490 1332 3665 1397 ἔξεστι

2100 1432 2279 1485 ποιεῖν
2308 1430 2417 1494 ἀεὶ,
2456 1431 2554 1484 καλ⁸
2595 1429 2798 1485 διδόναι
2853 1424 2934 1490 οἷς
2963 1429 3027 1484 ἄν
3073 1446 3155 1491 τις
3194 1426 3368 1487 ἐθέλοι
3403 1425 3577 1480 ὁπόσα
3604 1424 3666 1478 ἂν

2097 1520 2207 1575 τῶν
2256 1522 2612 1593 προσκαίρων
2668 1524 2763 1578 καὶ
2792 1522 2892 1575 ὅσα
2939 1522 3048 1575 τῶν
3110 1518 3430 1588 κτισμάτων
3473 1516 3667 1575 ἐθέλει..

2100 1610 2234 1674 Θεὸς
2259 1610 2354 1665 οὖν
2382 1612 2639 1675 ἀκτιστος
2669 1609 2906 1666 ἀκτιστα
2930 1610 3099 1679 διδοίη
3130 1610 3196 1663 ἂν
3225 1612 3364 1665 κατὰ
3399 1609 3460 1659 τὸ
3499 1608 3664 1668 εἰκός.

2101 1701 2236 1756 Είδέ
2261 1718 2346 1765 τις
2371 1701 2547 1767 ἄλλως
2577 1702 2753 1756 εθέλοι
2773 1702 2977 1766 λέγεὶν,
3006 1701 3314 1769 ἀπόϐλητος
3340 1697 3407 1754 ἂν
3430 1699 3515 1768 εῖη
3542 1700 3668 1768 ἡμῖν

2100 1794 2168 1850 ὲκ
2202 1796 2401 1860 παντός
2435 1812 2498 1863 γε
2531 1795 2758 1867 τρόπον,
2801 1796 2908 1850 κᾶν
2936 1793 3170 1864 οὐρανοῦ
3210 1793 3377 1864 βοῶσι
3424 1791 3673 1862 βρονται,

2100 1886 2206 1941 κᾶν
2262 1888 2504 1958 στοιχεῖα
2559 1886 2740 1941 πάντα
2792 1887 3075 1956 φοινήεντα
3134 1884 3485 1943 καταστάντα
3537 1882 3679 1955 λέγῃ

2099 1982 2281 2036 ταυτί.

2176 2159 2252 2215 Β’.
2309 2158 2473 2226 Ἐμοῦ
2501 2157 2557 2212 δὲ
2592 2157 2701 2213 τῶν
2727 2157 2901 2227 ἁγίων
2940 2158 3301 2229 προκομίζειν
3334 2154 3671 2226 ἐπιχειροῦν-

2101 2272 2192 2318 τος
2217 2254 2318 2316 τάς
2343 2252 2581 2323 βίϐλους,
2624 2252 2823 2305 ἐκεῖνοι
2875 2251 3011 2320 μηδὲ
3047 2252 3247 2322 μικρὸν
3279 2249 3410 2317 γοῦν
3438 2249 3671 2319 ἀνασχὸ-

2105 2362 2259 2417 μενοι
2289 2344 2678 2413 ἐξανέστησαν.
2705 2342 2908 2413 πολλὴν
2933 2342 3067 2412 ὲ.μοῦ
3091 2342 3451 2413 καταχέοντες
3476 2340 3673 2411 χλεύην

2102 2437 2197 2490 καὶ
2245 2434 2470 2489 πλεῖστά
2501 2451 2559 2486 τε
2589 2433 2839 2501 λέγοντες
2896 2432 3062 2503 ἕτερα
3093 2435 3189 2487 καὶ
3224 2451 3242 2484 ι
3287 2433 3378 2497 Ὠς
3435 2431 3673 2485 ἀσύνετα

2101 2527 2233 2599 δρᾷς
2263 2525 2402 2579 κατά
2432 2523 2685 2591 σεαυτοῦ,
2724 2524 3027 2593 βασιλικοῖς
3071 2526 3458 2597 ἀντιπράττων
3503 2540 3671 2595 προσο

2101 2617 2400 2688 τάγμασιν,
2437 2615 2523 2689 [Ρ.
2562 2614 2688 2689 716]
2737 2616 2857 2681 ἐξὸν
2919 2616 3140 2670 ἐνδόντα
3195 2615 3370 2688 βραχῦ
3429 2615 3674 2686 μείζονος

2102 2710 2135 2780 ἢ
2171 2708 2316 2761 κατὰ
2345 2707 2444 2778 τὴν
2475 2710 2606 2778 πρὶν
2652 2690 2956 2762 ἀπολαύειν
2992 2708 3303 2778 εὐμένειαν.
3336 2709 3402 2763 ἐκ
3431 2726 3492 2762 τε
3521 2708 3676 2779 βασι-

2102 2802 2242 2855 λέων
2276 2803 2368 2856 καὶ
2398 2801 2709 2871 βασιλίδων,
2743 2802 2837 2855 καὶ
2867 2801 2982 2871 ἅμα
3022 2801 3157 2871 πρὸς
3191 2802 3433 2869 πάντων,
3463 2802 3578 2856 ὅσοι
3613 2818 3672 2854 τε

2101 2897 2211 2947 τῶν
2235 2891 2613 2964 συγκλητικῶν
2636 2892 2732 2946 καὶ
2761 2894 2878 2947 ὅσοι
2904 2895 3013 2946 τῶν
3038 2891 3211 2957 ἄλλως
3242 2893 3474 2965 ἑχόντων
3495 2891 3673 2958 αίδοῦς

2104 2987 2200 3040 καὶ
2230 2986 2421 3055 τιμῆς.
2479 2987 2590 3039 Καὶ
2642 2986 2742 3057 μὲν
2776 2986 2842 3058 δὴ
2892 2986 3214 3057 κεφάλαιον,
3270 2986 3504 3057 ἔφασαν,
3536 2986 3674 3043 ἔστω

2085 3097 2189 3133 -σοι
2223 3077 2381 3132 τοῦτο
2414 3078 2520 3131 τῶν
2548 3079 2745 3148 λόγων,
2776 3079 2852 3144 ὡς
2883 3080 3162 3150 ἐπιμένων
3191 3079 3365 3152 ταύτῃ
3394 3082 3462 3150 τῇ
3512 3080 3671 3148 σκλη-

2104 3169 2292 3242 ρότητι
2330 3170 2546 3223 πολλῶν
2594 3171 2694 3240 μὲν
2729 3171 2972 3243 στερήσῃ
3019 3172 3131 3225 τῶν
3173 3171 3419 3238 ἀγαθῶν,
3462 3169 3670 3225 πολλῶν

2099 3262 2156 3316 δὲ
2196 3262 2508 3334 πειραθήσῃ
2538 3262 2648 3316 τῶν
2686 3263 2949 3334 λυπηρῶν
2968 3278 2985 3294 θ
3016 3263 3113 3316 καὶ
3143 3261 3261 3333 ἅμα
3286 3263 3397 3317 τῶν
3425 3262 3524 3333 μὲν
3564 3261 3670 3315 σῶν

2097 3351 2276 3420 λόγων
2303 3354 2418 3407 ὅσοι
2447 3355 2533 3407 ἐπ’
2565 3354 2866 3426 ἐκκλησίας
2896 3355 2954 3407 ὲν
2985 3356 3108 3418 ταῖς
3133 3355 3243 3407 τῶν
3274 3354 3444 3423 ἀγίων
3487 3356 3671 3423 ἀναγι-

2099 3444 2404 3500 νὼσκονται
2451 3447 2720 3518 μνήμαις,
2769 3446 2880 3518 πῦρ
2927 3446 3230 3517 δαπανήσει
3271 3445 3532 3516 πολέμιον
3580 3446 3670 3500 καὶ

2098 3536 2377 3590 ἀντίθετον
2408 3536 2663 3602 ἅπαντας
2701 3538 2758 3590 ἒν
2800 3537 3016 3609 βραχεῖ,
3051 3536 3483 3608 προστάττοντος
3524 3537 3671 3609 βασι-

2097 3626 2235 3693 λέως
2256 3645 2272 3663 ⁸
2305 3629 2370 3685 σὺ
2392 3628 2438 3684 δ’
2466 3629 2675 3701 ἄταφος
2714 3627 2893 3684 θανὼν
2928 3629 3034 3697 ἔξω
3073 3648 3177 3686 που
3210 3632 3420 3706 ριφήσῃ
3451 3631 3551 3704 τῆς
3574 3632 3667 3686 πό-

2099 3719 2257 3786 λεως.
2303 3741 2328 3775 ι

2175 3901 2249 3957 Γ’.
2293 3902 2437 3973 Ἐγὼ
2464 3904 2509 3957 δ’
2542 3903 2829 3958 ὑπολαϐὼν
2859 3903 3247 3977 Διοκλητιανοῢ
3282 3906 3377 3960 καὶ
3398 3905 3506 3960 τῶν
3525 3906 3666 3960 ὲκεί-

2100 4015 2191 4051 νου
2223 3995 2434 4067 καιρῶν
2486 3995 2726 4066 ἔφασκον
2759 3990 2902 4052 εἶναι
2947 3997 3113 4052 ταυτὶ
3162 3998 3231 4052 τά
3271 3999 3530 4070 ῥήματαο
3576 4000 3672 4057 καὶ.

2102 4089 2198 4162 μὴν
2226 4089 2296 4144 τὰ
2348 4087 2583 4161 μέγιστα
2616 4089 2972 4162 χαριζόμενοι
3009 4090 3119 4142 τῶν
3167 4088 3368 4156 καλῶν,
3420 4092 3666 4160 συγχεετε

2099 4180 2197 4251 τὴν
2243 4181 2405 4252 χάριν
2434 4181 2491 4234 ὲν
2517 4180 2596 4251 τῷ
2647 4181 2748 4252 τῆς
2789 4180 3024 4249 ἀπειλῆς
3072 4180 3338 4253 σχήματι.
3368 4180 3510 4244 Τοὺς
3563 4182 3669 4253 γάρ

2102 4274 2400 4347 μαρτύρων
2430 4275 2556 4344 ἐμοὶ
2594 4270 2903 4343 στεφάνους
2954 4274 3381 4349 ὑπισχνούμενοι
3414 4277 3668 4346 χορηγεῖν

2100 4368 2384 4431 κακίστοις
2410 4367 2642 4438 ὀνόμασι
2669 4368 2739 4420 τά
2768 4366 3022 4437 βέλτιστα
3052 4367 3259 4421 δοκεῖτε
3293 4368 3547 4438 συγχεῖνο
3577 4366 3667 4420 καὶ

2100 4458 2262 4528 ὑμεῖς
2302 4459 2403 4529 μὲν
2441 4454 2516 4513 ὧν
2580 4458 2840 4529 βασιλεὺς
2890 4459 3101 4527 κύριος,
3135 4458 3408 4514 ἀπειλεῖτε
3432 4476 3447 4489 ⁸
3482 4457 3595 4527 ἐγὼ
3624 4458 3667 4511 δ’

423 4552 642 4621 quidem
688 4567 751 4607 ea
793 4551 1147 4618 minilamini,
1184 4568 1304 4622 qua:
1337 4559 1465 4608 sunt
1497 4566 1663 4622 penes
1702 4552 1996 4622 imperato-

2102 4543 2175 4604 ῶν
2206 4549 2317 4619 ἐγὼ
2363 4550 2556 4621 κύριος
2595 4550 2695 4603 σύν
2749 4567 2813 4616 γε
2869 4549 2991 4621 Θεῷ
3025 4552 3118 4604 καὶ
3168 4553 3310 4604 πάνυ
3354 4549 3662 4619 φυλάττειν,

426 4659 539 4699 rem
593 4662 611 4700 :
655 4659 756 4718 ego
817 4655 1001 4702 autem
1059 4646 1202 4717 (quae
1261 4646 1490 4718 iuvante
1540 4643 1649 4698 Deo
1681 4653 2001 4700 constanter

425 4754 643 4794 serrare
689 4755 863 4810 penes
891 4755 979 4795 me
1037 4739 1143 4811 est)
1185 4738 1410 4796 certabo
1458 4747 1515 4793 et
1549 4753 1721 4808 usque
1748 4737 1818 4793 ad
1855 4753 2000 4792 mor-

426 4840 532 4887 ιιιιη
572 4832 752 4896 stabo,
794 4832 1000 4886 nemini
1055 4833 1418 4902 mancipatam
1483 4839 1717 4885 mentem
1774 4844 1999 4885 conser-

425 4939 575 4978 vans.
602 4923 735 4978 Nam
790 4922 1011 4993 pictatis
1047 4923 1368 4980 exercendae
1399 4938 1612 4979 summa
1646 4929 1729 4979 est
1762 4922 1997 4977 necessi-

425 5028 527 5075 tas.
556 5015 704 5068 nulla
726 5024 908 5069 autem
939 5016 1196 5070 vivendi:
1233 5031 1331 5087 pro
1357 5015 1560 5085 pietate
1607 5029 1827 5084 quoque
1858 5012 1996 5067 mori

422 5118 644 5159 necesse
681 5110 785 5170 est,
819 5118 927 5158 non
968 5107 1095 5160 item
1129 5106 1366 5176 sepeliri.
1397 5124 1418 5158 ι
1458 5104 1682 5160 Interim
1734 5102 1996 5167 “liable-

421 5207 569 5252 Γιιηι.

491 5288 574 5344 lV.
602 5287 672 5344 Ut
699 5296 884 5343 autem
918 5286 1125 5344 arctius
1180 5286 1379 5343 iterum
1423 5287 1755 5354 custodirer,
1784 5285 1995 5342 foribus

419 5378 795 5434 admoventur
846 5392 1006 5441 serie,
1036 5376 1240 5447 pessuli
1293 5377 1595 5440 obduntur.
1622 5385 1682 5432 et
1733 5376 1992 5432 custodes

422 5467 700 5536 pvioribus
756 5467 1075 5521 acerbiores
1122 5474 1496 5535 apponuntur.
1526 5465 1757 5521 Maxime
1808 5474 1992 5520 tamen

420 5568 688 5626 optarem,
724 5567 784 5612 ut
812 5558 1039 5613 alteram
1081 5567 1287 5627 partem
1314 5570 1508 5612 eorum
1548 5556 1994 5612 comminationis

421 5668 664 5721 tongruo
680 5651 864 5707 derisu
891 5651 1146 5722 prosequi
1176 5666 1363 5705 coram
1394 5650 1528 5722 ipsis
1552 5650 1687 5705 mihi
1719 5650 1989 5717 licuisset,

421 5753 476 5797 et
504 5745 579 5797 ibi
616 5743 952 5798 luculentius
980 5745 1295 5807 ostendere,
1327 5752 1530 5813 quanta
1558 5742 1724 5809 fuerit
1759 5758 1995 5798 vesano-

423 5850 541 5889 rnm
595 5834 879 5890 hominum
918 5836 1153 5890 arncntia
1182 5843 1236 5893 et
1270 5834 1558 5891 stoliditas.
1586 5834 1664 5891 llli
1701 5841 1906 5900 autem,
1935 5844 1994 5890 ut

2102 4639 2459 4708 ἀγωνιοῦμαι
2498 4639 2594 4692 καὶ
2627 4639 2790 4711 μέχρι
2824 4638 3057 4693 θανάτου
3095 4639 3385 4710 στήσομαι,
3433 4638 3495 4691 τὸ
3542 4638 3668 4708 φρο-

2101 4748 2251 4801 νημα
2281 4730 2467 4802 τηρῶν
2493 4730 2818 4787 ἀδούλωτον.
2847 4729 3111 4785 Εὐσεϐεῖν
3139 4730 3241 4800 μὲν
3269 4730 3378 4801 γὰρ
3428 4731 3666 4799 ἀνάγκη,

2086 4822 2200 4894 ’ζῇν
2232 4822 2278 4877 δ’
2312 4825 2411 4877 οὐκ
2462 4826 2679 4895 ἀνάγκη
2703 4839 2719 4854 ο
2760 4824 2859 4878 καὶ
2894 4823 3153 4895 θνήσκειν
3202 4825 3302 4894 μὲν
3331 4820 3476 4894 ὑπὲρ
3512 4822 3668 4876 εὐσε-

2101 4915 2252 4979 ϐείας
2274 4916 2512 4987 ἀνάγκη,
2538 4915 2841 4971 θάπτεσθαι
2870 4915 2915 4970 δ’
2946 4916 3047 4970 οὐκ
3094 4916 3161 4971 ἀν
3192 4918 3432 4985 ἀνάγκη.
3473 4915 3669 4969 Κάκεῖ-

2100 5023 2182 5059 νοι
2221 5006 2319 5076 μὲν
2344 5009 2404 5059 ὲν
2430 5006 2639 5070 τούτοις
2669 5006 2939 5079 ἀπῄεσαν.
3322 5036 3353 5047 ι

2169 5274 2242 5326 A’.
2290 5270 2445 5341 Ἐμοί⁵
2495 5268 2554 5324 δὲ
2608 5269 2773 5325 πάλιν
2822 5268 3050 5339 κλεῖθρα
3096 5270 3194 5324 καὶ
3253 5268 3445 5341 μοχλοὶ
3491 5270 3665 5339 θυρῶν

2101 5368 2388 5436 ἐπήγοντο,
2421 5365 2517 5418 καὶ
2552 5363 2666 5419 τῶν
2708 5364 2997 5435 προτέρων
3044 5364 3362 5436 πικρότεροι
3403 5362 3663 5433 φύλακες.

2103 5461 2293 5514 Καίτοι
2324 5477 2389 5530 γε
2442 5459 2744 5532 ἐϐουλόμην
2774 5461 2827 5528 γ’
2858 5459 2925 5513 ἂν
2963 5460 3053 5513 ἐπ’
3095 5459 3277 5514 αὐτῶν
3304 5458 3405 5513 καὶ
3443 5461 3667 5531 θάτερον

2100 5554 2265 5624 μέρος
2296 5554 2396 5625 τῆς
2430 5552 2582 5623 σφῶν
2611 5552 2842 5622 ἀπειλῆς
2879 5557 2947 5627 τῇ
2979 5552 3336 5627 προσηκούσῃ
3369 5554 3664 5626 παραπέμ-

2096 5646 2193 5714 dat
2224 5645 2414 5718 χλεύῃ.
2446 5646 2541 5700 καὶ
2567 5645 2743 5711 δεῖξαι
2778 5646 3057 5700 κάνταῦθα
3101 5646 3515 5719 δαψιλέστερον,
3545 5648 3665 5700 ὅσον

2097 5740 2196 5809 τῆς
2219 5740 2478 5802 ἀπονοίας
2506 5740 2567 5793 τὸ
2599 5739 2857 5809 ἄγνωμον
2895 5757 2952 5793 τε
3003 5741 3098 5795 καὶ
3131 5739 3351 5810 εῦηθες.
3382 5741 3447 5794 Οἱ
3479 5740 3557 5802 δὲ,
3595 5739 3665 5801 ὡς

2096 5833 2264 5899 ἔοικε,
2298 5833 2391 5896 τὴν
2418 5831 2628 5887 ἑαυτῶν
2661 5834 2818 5887 αὐτοὶ
2852 5835 3215 5894 καταγνόντες
3253 5831 3538 5892 αίσγύνην.
3564 5849 3665 5884 κω-
