3942 6594
331 428 391 493 ιι
402 427 468 489 31

1263 414 1707 478 BYZANTIN/E
1733 412 2116 474 HISTORIA!
2144 412 2286 474 LIB.
2324 412 2535 476 XXIV.

3381 380 3391 392 ’
3435 410 3570 474 ητις

320 541 413 611 φοι
439 542 553 603 τοῖς
581 536 1008 608 λεχθησομένοις
1036 534 1291 597 ἀπιόντες
1322 533 1546 603 ᾤχοντο.
1589 525 1745 585 Εἶναι
1782 529 1893 600 γὰρ

1996 527 2235 592 videtur,
2258 537 2548 600 perspecta
2609 542 2708 584 sua
2745 527 2989 599 ipsorum
3029 527 3349 598 ignominia,
3369 529 3560 584 obsur-

321 634 666 703 Παλαμίταις
695 631 757 684 τὸ
787 627 1228 699 σκοπιμὼτατον,
1277 624 1485 678 παῦσαι
1517 625 1614 695 μὲν
1640 623 1736 685 τὰς
1769 624 1891 692 ἐορ-

315 721 414 782 τὰς
440 720 534 773 τοῦ
582 717 745 782 Θεοῦ,
796 717 897 788 τὴν
945 716 1215 787 ινσαρκον
1251 713 1565 784 οἰκονομίαν
1619 712 1892 783 μηδαμῶς

317 808 485 864 αὐτοῦ
532 810 951 880 προσιεμένοιςο
990 807 1197 861 παῦσαι
1229 806 1289 860 δὲ
1341 805 1434 858 καὶ
1479 788 1720 874 τοῦνομα
1776 805 1904 868 τοῖς

274 892 287 901 ’
316 900 495 969 λόγοις
530 900 743 965 τούτοις
768 900 969 971 τούμὸν
1001 900 1143 969 μετά
1182 901 1280 969 τῆς
1323 899 1464 967 ἐμῆς
1491 896 1892 967 ἐμφαινόμενον

316 994 617 1056 εὐσεϐείας.
650 993 713 1046 Εί
766 987 860 1046 οὖν
892 990 1053 1045 τοῦτο
1095 990 1260 1060 διδοίη
1300 1007 1407 1053 τις,
1448 990 1550 1042 οὑκ
1601 989 1669 1042 ἂν
1699 988 1890 1057 φθάνοι

316 1086 415 1150 τὰς
462 1084 712 1146 Μωσέως
758 1085 854 1139 καὶ
890 1083 1055 1137 Δαδίδ
1099 1083 1195 1136 καὶ
1226 1082 1409 1144 πάσας
1442 1080 1740 1144 Ἰουδαῖκάς
1769 1081 1893 1134 δια-

317 1171 547 1242 γράςων
596 1171 833 1241 βίϐλους,
878 1169 973 1224 ἅτε
1016 1169 1234 1241 χρόνοις
1284 1168 1510 1236 ὓστερον
1541 1167 1893 1239 ἐκκηρύκτου

320 1264 690 1326 καταστάντος
742 1261 840 1315 τοῦ
880 1262 1151 1316 Ἰουδαίων
1199 1261 1390 1322 ἐθνους
1436 1261 1591 1331 ἡμῖν.
1646 1259 1752 1311 Καί
1798 1275 1889 1329 μοι

319 1356 621 1425 θαυμάζειν
645 1355 917 1425 περίεστι,
949 1354 1064 1416 πῶς
1092 1351 1387 1423 Νεστόριον
1416 1353 1516 1421 μὲν
1545 1354 1638 1406 καὶ
1674 1352 1894 1405 Εἰκονο-

323 1449 527 1520 μάχους
561 1448 729 1502 τᾶλλα
758 1445 1015 1518 ζηλοῦσιν
1044 1447 1251 1511 αὐτοῖς,
1279 1439 1323 1513 ᾧ
1357 1445 1592 1515 μάλιστά
1628 1462 1691 1513 γε
1723 1446 1891 1515 ὲχρῆν

316 1543 568 1596 ὁπωσοῦν
606 1543 850 1613 ἐχομένῳ
886 1540 1167 1610 φιλαυτία,
1198 1541 1258 1592 ἐν
1297 1539 1474 1609 τούτῳ
1516 1539 1749 1607 μάλιστα
1794 1540 1891 1609 ζηο

318 1634 441 1688 λοῦν
486 1635 547 1688 οὐ
590 1634 886 1704 γεγένηται
934 1634 1049 1685 νῦν.
1089 1631 1203 1702 Τὴν
1248 1632 1356 1703 γὰρ
1405 1630 1496 1684 τοῦ
1541 1620 1673 1685 Θέοὖ
1727 1631 1889 1700 λόγου

320 1726 645 1796 συγχίοντες
674 1723 1093 1794 ἐνανθρὼπησιν
1125 1723 1346 1785 ἐκεῖνοι,
1378 1723 1474 1776 καὶ
1521 1722 1620 1785 τὰς
1651 1722 1802 1785 θείας
1825 1725 1891 1777 ἐκ

322 1818 489 1887 μέσου
523 1814 805 1876 ποιοῦντες
841 1815 1075 1877 εἰκόνας.
1111 1815 1212 1868 ὅσα
1249 1812 1581 1883 μουσουργοὶ
1611 1813 1706 1866 καλ.
1734 1813 1889 1881 λογο-

318 1882 516 1977 γράφοι
536 1908 600 1977 τῇ
619 1904 919 1976 Ἐκκλησία
935 1903 1019 1976 [Ρ.
1046 1903 1171 1975 717]
1188 1882 1644 1957 καταλελοίπασιν
1672 1902 1892 1974 ᾄσματα
1924 1882 1961 1935 Β

318 1996 411 2046 καὶ
423 1994 637 2063 λόγους,
654 1990 1081 2060 τούτωνδόὑδὲν
1109 1991 1320 2059 οὐδαμῆ
1346 1988 1748 2060 συνεξώθησαν·
1776 1992 1893 2043 ἀλλ’

318 2083 443 2160 ᾖδον
474 2089 569 2140 καὶ
605 2086 844 2155 ἐτησίοις
874 2084 1161 2155 ἐγέραιρον
1194 2082 1593 2151 πανηγύρεσιν.
1628 2076 1786 2136 Οὗτοι
1808 2084 1888 2147 δὲ,

319 2180 380 2232 τό
411 2196 594 2246 σφισιν
618 2177 810 2241 εἰωθὸς
839 2176 1121 2231 κάνταῦθα
1144 2177 1324 2229 ποιεῖν
1347 2175 1557 2244 οὐδαμῆ
1586 2191 1649 2243 γε
1673 2176 1893 2228 ὀκνοῦν-

318 2287 430 2333 τες,
491 2270 589 2323 καὶ
643 2267 819 2340 ταύτῃ
859 2264 1146 2331 κάκείνους
1197 2268 1264 2336 τῇ
1300 2266 1471 2337 κακίᾳ
1523 2265 1894 2333 φιλονεικοῦσι

318 2360 563 2431 νικῆσαι.
604 2360 844 2431 Λίσχύνη
899 2361 1011 2427 γάρ
1039 2358 1218 2421 τοῦτο,
1263 2361 1359 2411 καλ⁸
1408 2358 1551 2427 μάλα
1580 2356 1891 2425 ἀπόϐλητον

319 2448 462 2503 εἶναι
491 2450 771 2520 νομίζεται
817 2449 1072 2519 Παλαμᾷ,
1106 2447 1230 2501 καθ’
1257 2448 1435 2500 ὁπόσα
1478 2449 1592 2510 τοῖς
1622 2447 1890 2515 ἀρχηγοῖς

319 2543 428 2595 τῶν
483 2542 747 2610 αἱρέσεων
781 2541 1008 2613 εὓρηται
1050 2541 1273 2612 σπέρμα
1335 2538 1659 2599 δυσσεϐείας
1696 2540 1892 2608 ἀρκεῖ-

322 2637 471 2702 σθαι,
502 2635 550 2687 εί
592 2635 667 2707 μὴ
698 2638 792 2687 καὶ
835 2635 936 2703 τὴν
991 2631 1126 2701 παρ’
1157 2629 1355 2685 ἐαυτυῦ
1406 2629 1755 2717 συνεισφέροι
1799 2646 1899 2682 κα-

324 2726 449 2780 κίαν
494 2726 588 2779 ἐπὶ
637 2726 830 2796 κακία.
863 2725 1118 2795 Ἐνεργδν
1147 2724 1255 2792 γὰρ
1308 2722 1398 2777 άελ⁸
1447 2721 1508 2775 τὸ
1542 2722 1827 2791 φιλότιμον
1870 2721 1900 2773 ό

324 2818 463 2890 ἀνὴρ
488 2819 848 2885 ἐνδείκνυται,
880 2816 1132 2886 πανταχῆ
1157 2816 1367 2878 πάντας
1394 2814 1601 2877 κακοὺς
1625 2814 1686 2866 ἐν
1708 2814 1900 2877 κακοῖς

321 2910 672 2982 ὑπερϐάλλων
701 2911 799 2983 (l).

1994 626 2233 674 ducruut
2291 621 2359 675 ad
2407 635 2496 675 res
2545 620 2829 685 dicendas,
2862 628 2920 674 et
2966 619 3364 674 discesserunt.
3409 620 3567 675 Hunc

1992 714 2141 767 enim
2175 712 2278 766 sibi
2311 711 2644 781 praecipuum
2675 710 2953 767 Palaniittn
2979 724 3210 780 scopum
3228 719 3571 780 proponunt,

1995 815 2054 858 ιιι
2087 813 2201 858 tum
2256 817 2450 859 omnes
2501 803 2598 859 Dei
2630 804 2803 859 festos
2850 804 2970 859 dies
3004 803 3262 863 aboleant
3283 802 3571 872 (quoniam

1994 894 2392 951 incarnationis
2438 896 2560 967 ejus
2613 895 2937 967 mysterium
2992 895 3310 950 nullatenus
3363 893 3552 948 admit-

1992 982 2161 1052 tunt),
2213 990 2329 1037 tum
2373 984 2541 1067 etiam
2613 982 2938 1053 impediant,
2969 998 3039 1039 ne
3085 983 3324 1053 amplius
3361 982 3419 1036 in
3447 981 3571 1039 istis

1992 1074 2236 1131 homiliis
2273 1090 2338 1130 ac
2380 1074 2732 1131 sermonibus
2774 1090 2975 1132 nomen
3029 1090 3214 1131 meum
3266 1090 3388 1131 mea
3439 1090 3569 1130 cum

1992 1166 2198 1236 pit-tate
2254 1175 2541 1236 appareat.
2594 1166 2751 1234 Quod
2804 1166 2851 1222 si
2905 1166 3236 1222 concederet
3266 1167 3567 1237 quispiam,

1997 1256 2213 1328 111.6
2246 1257 2361 1312 lleri
2410 1272 2518 1313 non
2542 1267 2757 1330 posset.
2789 1258 2925 1329 quin
2962 1257 3220 1328 protinus
3242 1258 3429 1323 Mosis,
3465 1259 3571 1314 Da-

1994 1350 2158 1413 vidis,
2181 1357 2238 1404 et
2276 1365 2472 1406 omnes
2524 1350 2840 1406 Judzeorum
2892 1350 3072 1405 libros
3089 1349 3455 1416 oblitteraret,
3483 1361 3572 1408 ut-

1992 1455 2118 1516 pntc
2148 1459 2271 1499 cum
2294 1446 2620 1516 jampridem
2665 1447 2980 1503 Judaeorum
3007 1461 3141 1516 gens
3168 1460 3199 1502 a
3229 1446 3391 1501 nobis
3411 1448 3570 1500 dam-

1992 1547 2117 1591 nata
2149 1545 2204 1591 et
2236 1539 2542 1608 proscripta
2572 1540 2759 1594 fuerit.
2790 1539 2855 1594 Et
2886 1540 2989 1595 hoc
3013 1539 3148 1594 mihi
3174 1539 3332 1594 valde
3366 1540 3569 1594 mirum

1990 1628 2214 1692 accidit,
2272 1631 2549 1698 quomodo
2603 1630 2917 1685 Nestorium
2973 1641 3028 1685 et
3073 1628 3464 1686 lconomachos
3510 1631 3568 1685 in

1992 1721 2115 1776 aliis
2136 1720 2490 1787 aemulentur,
2536 1736 2638 1777 nec
2684 1730 2864 1776 tamen
2897 1722 3119 1777 eosdem
3147 1737 3295 1777 nunc
3324 1722 3568 1777 annulati

1994 1812 2218 1877 fuerint,
2247 1813 2347 1867 hac
2381 1815 2685 1883 praesertim
2733 1815 2786 1869 in
2835 1831 2915 1875 re.
2945 1816 3001 1870 in
3040 1830 3149 1885 qua
3176 1815 3297 1870 illos
3320 1816 3569 1872 :emulari

1994 1904 2221 1958 deberet
2263 1906 2330 1970 is,
2378 1907 2470 1975 qui
2518 1907 2890 1977 qualicunque
2930 1907 3014 1963 sui
3045 1923 3233 1963 amore
3258 1916 3570 1963 teneretur.

1993 1994 2125 2049 Nam
2152 1996 2281 2051 licet
2310 1997 2402 2053 Dei
2430 1996 2592 2053 Vrrbi
2626 1999 3061 2054 incarnationem
3102 2008 3420 2055 everterent
3452 2000 3570 2056 Ico-

1994 2088 2277 2149 nomachi,
2309 2096 2365 2142 ct
2424 2088 2641 2143 divinas
2679 2089 2945 2158 imagines
2996 2106 3028 2145 e
3080 2091 3263 2146 medio
3294 2092 3571 2155 tollerent,

1993 2182 2235 2228 attamen
2269 2175 2448 2230 nullos
2481 2174 2742 2247 hymnos,
2768 2177 2947 2232 nullas
2974 2178 3250 2243 ltomilias,
3268 2179 3418 2234 nulla
3438 2196 3573 2235 can-

1995 2265 2121 2329 tica,
2147 2281 2213 2320 ex
2244 2266 2309 2322 iis
2332 2283 2456 2337 qum
2479 2270 2776 2339 scriptores
2800 2270 3109 2340 lmjusmodi
3132 2287 3363 2341 operum
3392 2271 3572 2327 Eccle-

2000 2356 2095 2411 siae
2129 2356 2499 2426 reliquerunt,
2549 2360 2860 2424 abolevere,
2899 2363 3009 2415 imo
3035 2363 3307 2418 cauebant
3330 2373 3391 2418 et
3418 2363 3574 2418 anni-

1999 2445 2262 2500 versariis
2311 2446 2657 2501 honorabant
2704 2449 3172 2506 solemnitatibus.
3199 2459 3268 2505 At
3290 2468 3420 2508 vero
3447 2467 3572 2508 cum

1997 2538 2311 2603 Palamitas,
2370 2539 2518 2609 quod
2568 2539 2653 2594 sui
2715 2543 2885 2597 moris
2913 2553 3020 2608 est,
3052 2544 3144 2599 hic
3187 2545 3354 2601 etiam
3375 2559 3575 2615 perpe-

1997 2631 2499 2700 traremcutiquam
2554 2634 2757 2703 pigeat,
2790 2636 2895 2689 ista
2935 2650 3156 2704 quoque
3180 2636 3577 2692 lconomachos

1997 2723 2351 2794 improbitate
2374 2741 2638 2794 superare
2668 2727 3033 2783 contendunt.
3061 2729 3397 2784 Probrosum
3427 2732 3574 2784 enim

1998 2821 2055 2867 et
2113 2814 2486 2884 rejectaneum
2547 2815 2783 2870 Palama:
2809 2815 3050 2881 videtur,
3084 2817 3187 2872 sibi
3214 2818 3345 2872 satis
3374 2819 3577 2873 habere

2003 2922 2346 2978 quacunque
2400 2907 2467 2961 ab
2495 2907 2778 2963 limreseon
2821 2907 3059 2963 ducibus
3087 2918 3303 2979 reperta
3332 2919 3461 2965 sunt
3488 2925 3574 2965 se-

319 3003 469 3057 mina
535 3001 857 3071 impietatis,
899 3001 1009 3057 nisi
1073 3002 1289 3056 illorum
1359 2998 1702 3070 improlitati
1758 3014 1912 3053 suam
1952 3014 2175 3070 quoque
2215 3000 2628 3069 improbitatem
2678 3000 2933 3057 conferat
2970 3012 3028 3058 et
3078 3003 3358 3075 adiungat.
3417 3002 3577 3058 Nam-

318 3109 431 3165 que
462 3101 742 3148 actuosam
790 3107 1009 3162 semper
1040 3092 1399 3146 ambitionem
1437 3107 1548 3161 pra:
1588 3106 1647 3144 se
1673 3090 1778 3145 fert
1808 3089 2079 3153 Palamas,
2120 3099 2175 3143 et
2200 3090 2406 3145 malitia
2440 3091 2613 3146 malos
2639 3106 2832 3146 omnes
2865 3092 3072 3163 ubique
3102 3104 3347 3163 superat.
3373 3118 3401 3129 ε

394 3185 552 3258 [Cod.
582 3185 701 3240 Vat.
735 3183 830 3239 fol.
855 3185 925 3239 95
965 3184 1022 3257 a]
1058 3186 1131 3238 Β.
1165 3185 1305 3254 Ἤδη
1326 3175 1382 3238 δὲ
1411 3184 1507 3236 τοῦ
1536 3182 1886 3254 φθινοπώρου

2064 3183 2123 3238 ν.
2168 3182 2415 3238 Exeunte
2462 3180 2574 3254 jam
2623 3174 2891 3239 autumno
2953 3198 3078 3240 cum
3129 3186 3365 3243 instante
3411 3189 3572 3246 festo-

246 3266 249 3275 ’
318 3277 601 3348 λήγοντος,
631 3278 725 3329 καὶ
778 3276 883 3346 τῆς
934 3276 1130 3347 ἐορτῆς
1179 3276 1482 3345 ἐπιστάσης
1515 3275 1551 3345 ἦ
1583 3277 1702 3338 τοῖς
1733 3275 1890 3343 ἐμοῖς

318 3367 725 3435 δεσμοφύλαξιν
770 3369 984 3436 ἐτήσιος
1036 3371 1101 3438 τῇ
1132 3368 1395 3438 πανάγνῳ
1423 3366 1658 3420 τελεῖται
1707 3366 1892 3434 Μητρὶ

318 3460 421 3515 τοῦ
448 3459 615 3528 Θεοῦ,
641 3456 735 3514 καὶ
779 3460 879 3530 μὲν
909 3460 974 3532 δὴ
1009 3459 1220 3514 ποίλῶν
1263 3460 1359 3514 καὶ
1396 3457 1757 3513 παντοδαπῶν
1793 3457 1891 3511 άν-

319 3551 465 3621 δρῶν
502 3550 702 3621 ἀναμὶξ
747 3551 1028 3607 εἰσιόντων
1061 3554 1177 3620 ἃμα
1219 3552 1314 3605 καὶ
1356 3551 1607 3615 ἐξιόντων
1641 3552 1699 3615 ἐς
1723 3550 1783 3603 τὸ
1813 3551 1893 3603 ἰε-

326 3647 444 3716 ρὸν,
473 3646 631 3701 ἔλαθέ
659 3663 740 3708 τις
761 3646 872 3698 τῶν
897 3647 997 3699 οὐκ
1028 3645 1236 3713 ἀγενῶν
1263 3646 1357 3698 καὶ
1386 3642 1501 3716 [ΐοί.
1537 3644 1605 3699 93
1632 3643 1684 3717 b]
1725 3644 1893 3700 πάλαι

325 3738 599 3807 φοιτητῶν
626 3736 731 3788 itali
753 3737 811 3798 ἐς
829 3737 898 3788 τά
933 3736 1159 3805 μάλιστα
1196 3736 1368 3806 φίλων
1400 3737 1523 3805 ἐμοὶ
1560 3735 1686 3806 περὶ
1711 3736 1897 3790 δευτε-

327 3848 429 3901 ραν
461 3832 565 3900 ήῖη
602 3829 851 3900 φυλακὴν
886 3831 984 3899 τῆς
1031 3829 1226 3893 νυκτὸς
1256 3830 1346 3883 διά
1380 3829 1601 3900 θυρίδος
1627 3830 1776 3893 τινὸς
1814 3831 1895 3894 είς

321 3918 423 3989 τὴν
448 3917 588 3989 ἐμὴν
614 3920 971 3988 παρεισρυεὶς
1009 3917 1213 3973 οἰκίαν.
1264 3919 1465 3989 Ἔτυχε
1493 3919 1606 3989 γάρ
1646 3936 1765 3982 πως
1791 3921 1895 3973 κά-

323 4011 514 4079 κείνην
537 4008 799 4079 ἀσέληνον
824 4006 964 4064 εἶναι
982 4010 1083 4082 τὴν
1114 4009 1304 4076 νύκτα,
1331 4010 1425 4065 an
1452 4011 1577 4065 καθ’
1598 4010 1657 4065 ἐν
1680 4011 1893 4079 ζὼδιον,

288 4162 297 4169 _
321 4098 526 4169 δηλαδὴ
545 4099 638 4151 τὸν
660 4099 921 4168 Τοξότην,
946 4098 1057 4151 τῶν
1088 4097 1232 4152 δυοῖν
1259 4098 1650 4169 διατριϐόντων
1680 4102 1898 4173 φωστή-

326 4204 440 4256 ρων
473 4186 800 4258 τηνικαῦτα,
827 4191 923 4242 καὶ
946 4186 1101 4257 μόλις
1126 4203 1230 4241 που
1262 4191 1652 4243 πεντεκαωεκα
1699 4191 1896 4259 μοίρας

323 4279 709 4349 ἀφισταμένων
730 4278 992 4349 ἀλλήλων,
1028 4280 1166 4349 μετά
1183 4280 1401 4334 σύνοδον
1423 4281 1522 4354 ἠδη
1548 4284 1649 4352 τῆς
1666 4284 1898 4351 σελήνης

323 4370 629 4439 φευγούσης
650 4370 742 4425 τὸν
767 4372 939 4440 ἥλιον,
974 4371 1069 4424 ιιιαλ⁸
1101 4372 1270 4441 μήπω
1303 4373 1427 4442 μηδ’
1456 4374 1627 4442 αὐτῆς
1647 4373 1775 4444 μηδ’
1801 4375 1897 4427 ἐπὶ

324 4464 502 4533 βραχὺ
519 4463 818 4534 δυναμένης
835 4462 1094 4534 βραχείας
1109 4462 1239 4533 γοῦν
1256 4466 1322 4534 τῇ
1345 4465 1465 4518 καθ’
1487 4466 1632 4536 ἡμᾶς
1646 4466 1897 4536 οἰκουμόο

1994 3275 2138 3345 quod
2188 3289 2218 3329 a
2266 3274 2402 3331 meis
2455 3274 2778 3330 custodibus
2807 3275 3102 3346 quotannis
3133 3278 3451 3335 castissima.-
3481 3295 3576 3336 cc.

1994 3363 2237 3419 lcbratur
2263 3364 2421 3420 Matri
2461 3364 2594 3430 Dei,
2632 3365 2790 3419 turba
2836 3364 3117 3420 hominum
3168 3369 3350 3424 omnis
3407 3384 3576 3439 gene-

1994 3456 2070 3511 ris
2133 3456 2443 3528 promiscue
2512 3456 2745 3511 intraret
2797 3456 3062 3527 templum
3129 3466 3294 3527 atque
3346 3459 3576 3529 egrede~

1995 3560 2173 3613 retur,
2206 3551 2294 3605 vir
2326 3548 2527 3605 nobilis
2558 3549 2808 3618 quidam,
2829 3550 2921 3620 qui
2951 3548 3228 3619 quondam
3262 3564 3419 3606 meus
3450 3550 3583 3606 luce

1994 3654 2082 3700 rat
2137 3644 2438 3714 discipulus
2487 3642 2733 3713 mihique
2780 3644 3021 3698 maxime
3078 3644 3388 3709 familiaris,
3434 3644 3574 3698 clam

1996 3737 2236 3795 secunda
2263 3738 2374 3809 jam
2405 3737 2583 3793 noctis
2612 3736 2793 3807 vigilia
2827 3752 2926 3806 per
2958 3736 3595 3807 fenestramguamdam'

1998 3830 2052 3885 in
2085 3844 2261 3885 meam
2293 3829 2514 3897 irrepsit
2535 3829 2780 3885 domum.
2804 3831 3003 3887 Evenit
3027 3833 3174 3887 enim
3213 3830 3357 3885 forte
3389 3841 3447 3885 ut
3481 3831 3574 3885 illa

1996 3936 2107 3978 nox
2133 3929 2280 3979 esset
2308 3919 2516 3983 illunis,
2546 3922 2694 3991 quod
2726 3924 2780 3978 in
2818 3938 2931 3978 uno
2979 3923 3191 3979 zodiaci
3243 3926 3419 3995 signo,
3473 3926 3574 3979 8a-

1998 4013 2238 4085 gittario,
2285 4020 2580 4082 utrumque
2632 4012 2818 4069 lumen
2856 4024 2971 4070 tum
3024 4016 3351 4072 versabatur
3378 4026 3435 4072 ct
3483 4020 3572 4073 vix

1999 4105 2312 4175 quindecim
2366 4102 2481 4163 fere
2512 4106 2759 4176 partibus
2796 4107 3032 4163 alterum
3074 4108 3145 4163 ab
3191 4109 3364 4165 altero
3401 4112 3576 4168 dista-

2000 4199 2092 4254 bat
2125 4200 2254 4254 luna
2288 4208 2410 4269 post
2439 4212 2797 4269 congressum
2829 4200 2941 4270 jam
2987 4201 3157 4257 solem
3189 4202 3453 4274 fugiente,
3499 4205 3573 4260 ita

2002 4302 2060 4346 ut
2092 4294 2205 4362 ipsa
2238 4307 2305 4347 ne
2347 4292 2402 4347 in
2440 4292 2606 4347 breve
2635 4291 2860 4361 quidem
2891 4301 3108 4363 tempus
3136 4296 3220 4350 vel
3254 4297 3449 4367 exigua
3480 4310 3574 4350 no-

2002 4393 2170 4439 stram
2209 4391 2413 4439 terram
2448 4382 2572 4439 luce
2615 4382 2944 4439 oollustrare
2973 4395 3182 4454 posset.
3245 4385 3357 4456 Ego
3386 4398 3571 4443 autem

2004 4488 2127 4529 cum
2155 4483 2315 4528 nocte
2347 4473 2671 4543 intempesta
2695 4487 2893 4527 novum
2920 4482 3084 4544 atque
3117 4474 3395 4530 insolitum
3420 4478 3576 4531 audi-

272 4594 281 4597 -
321 4571 388 4623 νη
421 4554 676 4624 χορηγεῖν
691 4552 797 4605 τῶν
822 4554 1039 4607 οἰκείων
1058 4553 1241 4623 αὐγῶν
1260 4553 1359 4616 τὰς
1402 4554 1715 4623 λαμπάδας.
1755 4554 1893 4625 Ἐγὼ

2003 4580 2113 4621 rem
2146 4566 2458 4637 strepitum,
2501 4564 2738 4636 primum
2780 4566 3003 4636 quidem
3052 4577 3202 4623 metu
3247 4564 3575 4639 perterritus

323 4645 453 4711 γοῦν
482 4645 686 4717 ἀήθους
721 4647 817 4699 καὶ
875 4645 1028 4712 ξένου
1080 4646 1226 4710 τινὸς
1259 4646 1580 4716 αἰσθόμενος
1645 4648 1893 4702 ἐντεῦθεν

324 4739 573 4807 πατάγου
593 4738 664 4793 τά
697 4739 798 4807 μὲν
823 4739 1016 4808 πρῶτα
1048 4738 1137 4792 διά
1171 4739 1270 4810 τὴν
1311 4740 1523 4812 ἀωρίαν
1552 4740 1893 4811 ἐξεπεπλήγ-

326 4851 435 4902 μην
459 4850 473 4864 ο
504 4829 624 4885 εἶτα
669 4832 847 4900 φωτὸς
893 4832 1248 4899 κομισθέντος
1282 4834 1379 4886 καὶ
1412 4831 1537 4888 ίδὼν
1579 4834 1690 4887 οὐδ’
1719 4833 1892 4898 οὕτως

320 4926 538 4983 οὐδέπω
582 4926 695 4977 τῶν
726 4926 1024 4996 γνωρίμων
1071 4925 1225 4987 ἐντὸς
1271 4925 1520 4996 ἐνόμιζον
1566 4922 1709 4979 εἷναί
1739 4942 1885 4992 τινα,

326 5017 558 5088 μακρῶν
602 5017 692 5071 διὰ
734 5018 834 5087 τὴν
861 5012 1132 5088 ἐκδημίαν
1165 5018 1267 5089 ήδη
1323 5035 1424 5071 που
1456 5022 1887 5091 παραρρυέντων

324 5108 483 5175 ἑτῶν,
516 5110 611 5187 καῖ
644 5110 784 5162 αύτά
820 5110 1006 5178 σχεδὸν
1040 5107 1151 5163 τῶν
1179 5110 1549 5187 χαρακτήρων
1580 5112 1680 5181 τῆς
1712 5110 1889 5181 ὂψεως

324 5200 490 5254 αὑτοῦ
518 5184 828 5271 τάλσημεῖα
857 5203 960 5271 τῆς
1025 5202 1164 5272 ἐμῆς
1214 5184 1585 5274 ἀφῃρημένων
1644 5204 1889 5274 μνήμης.

335 5295 476 5348 Ἀλλ’
506 5296 714 5357 ἐκεῖνος
741 5294 860 5347 ἐπεί
894 5312 952 5347 τε
984 5296 1083 5348 ίδοι
1110 5297 1206 5348 καὶ
1224 5295 1485 5364 ἀναγνοίη
1518 5295 1751 5364 βεϐαίως
1771 5294 1891 5362 ἐμὲ.

330 5387 514 5457 βύθιόν
566 5403 621 5439 τι
672 5389 769 5441 καὶ
800 5387 1003 5457 σφόδρα
1054 5387 1363 5459 περιπαθὲς
1416 5386 1733 5458 ἀνῴμωξεν,
1781 5383 1896 5441 οἷον

325 5483 526 5551 ἄθρουν
567 5478 691 5533 τινὰ
738 5480 829 5533 καὶ
866 5480 1141 5551 ὁμιχλώδη
1186 5480 1394 5535 καπνὸν
1429 5481 1751 5550 καμινιαίας
1806 5484 1893 5535 αἰ-

2001 4670 2150 4709 cram
2177 4672 2194 4723 ;
2222 4656 2423 4712 deinde
2452 4672 2581 4711 vero
2620 4654 2828 4710 lumine
2858 4656 3023 4711 allato
3052 4671 3178 4711 cum
3200 4658 3311 4728 jam
3345 4674 3574 4714 cernere

1999 4747 2177 4803 oculis
2237 4763 2477 4819 possem,
2517 4762 2862 4820 nequaquam
2894 4759 3087 4803 notum
3113 4750 3407 4820 quemdam
3437 4752 3571 4806 mibi

2001 4844 2277 4900 hominem
2315 4845 2463 4901 intus
2506 4859 2628 4901 esse
2669 4846 2952 4915 putabam.
3015 4845 3218 4903 Multos
3267 4849 3413 4903 enim
3459 4850 3571 4920 jam

1999 4950 2173 4991 annos
2202 4936 2293 4991 ille
2324 4937 2708 5008 peregrinatus
2730 4937 2929 5004 fuerat,
2961 4937 3033 4992 ita
3066 4947 3124 4993 ut
3155 4943 3419 5009 temporis
3448 4942 3572 4996 lon-

1998 5026 2245 5099 gitudine
2289 5021 2443 5098 signa
2489 5037 2653 5097 atque
2697 5028 3027 5084 lineamenta
3053 5031 3168 5085 oris
3195 5033 3316 5103 ejus
3346 5049 3411 5088 ex
3441 5050 3561 5090 mea

1999 5118 2257 5172 memoria
2280 5118 2396 5173 lere
2432 5118 2784 5175 excidissent.
2822 5120 3071 5192 ιιήθιι
3097 5121 3194 5176 llle
3236 5135 3416 5180 autem
3441 5142 3566 5181 cum

1998 5225 2084 5264 mc
2103 5211 2311 5263 videret
2326 5221 2489 5282 atque
2506 5211 2663 5281 plane
2684 5223 3026 5282 agnosceret,
3045 5214 3401 5270 vehementer
3415 5232 3569 5272 com-

2000 5309 2181 5355 motus
2206 5302 2275 5355 ab
2306 5301 2414 5356 imo
2447 5313 2664 5373 pectore
2695 5304 2993 5374 suspirium
3027 5302 3251 5370 eduitit,
3295 5315 3352 5361 et
3397 5310 3567 5373 veluti

2001 5391 2232 5445 densum
2272 5403 2441 5462 atque
2476 5392 2804 5449 nebulosum
2831 5398 3042 5450 fumum
3066 5405 3121 5451 et
3150 5396 3432 5468 fuliginem
3460 5399 3572 5455 for-

2002 5485 2248 5538 nacalcm
2295 5486 2464 5540 animi
2516 5486 2665 5542 intus
2717 5502 2934 5563 summo
2961 5489 3148 5546 dolore
3186 5494 3471 5549 testuantis
3500 5510 3569 5551 ex

393 5686 464 5742 (ll
491 5686 579 5735 llic
619 5687 1235 5755 desinit,editiojloiviui,
1282 5702 1459 5755 nempe
1488 5693 1533 5738 in
1561 5688 1674 5738 libri
1704 5703 1812 5737 χλιιι
1842 5697 1980 5753 parte
2024 5690 2204 5752 priori;
2243 5699 2431 5753 partem
2473 5694 2702 5750 alteram,
2727 5706 2872 5755 quam
2900 5693 3257 5749 subnectimus.
3286 5711 3395 5745 cum
3429 5697 3569 5747 libris

216 5814 221 5819 1
328 5765 423 5819 an
451 5756 506 5819 et
531 5762 763 5819 xxv:,__cx_
798 5751 1259 5819 codice__\’aticatto;
1295 5753 1447 5799 libros
1490 5764 1816 5819 urit-Assam
1842 5751 1918 5819 fet
1962 5751 2103 5819 codd.
2134 5751 2308 5819 νωτιρη
2336 5755 2524 5814 primus
2555 5756 2714 5819 edidit
2745 5751 2886 5804 'lmm.
2922 5758 3199 5812 Dekkerus.
3227 5761 3406 5808 Bonna:
3431 5762 3565 5812 1853.

328 5811 469 5884 Quod
492 5821 654 5884 autem
682 5810 1107 5884 Doiviuiuslibros
1132 5825 1310 5862 xxxv":
1336 5815 1693 5873 numeraverit,
1719 5816 1808 5863 hut‘
1840 5815 1951 5866 inde
1979 5816 2185 5867 ﬂuxisse
2213 5810 2407 5864 ιιιίἷθίιιτ
2429 5819 2561 5881 quod
2593 5816 2700 5868 libri
2734 5831 2844 5867 χχιι*
2875 5825 3062 5880 partem
3110 5810 3437 5883 posteriorem
3481 5810 3567 5884 [ira

248 5890 271 5911 κ
332 5873 457 5929 libro
490 5885 613 5922 novo
640 5874 881 5923 habuerit.
915 5874 1046 5925 Eutr.
