4026 6576
461 374 596 439 1'243

1644 378 2059 461 mustuqu
2098 376 2482 441 esseom:

3578 372 3713 441 1446

456 504 555 543 nes
589 488 736 541 enim
774 503 861 540 res
894 487 945 541 in
999 489 1204 542 mundo
1237 490 1458 559 publico
1513 491 1731 545 cuidam
1781 493 2030 546 omnium

2146 496 2245 548 τῶν
2281 496 2519 553 πάντων,
2549 491 2801 562 καθάπερ
2831 494 3015 546 ἐκεῖνα
3043 493 3182 561 προς
3213 488 3273 544 τί)
3307 490 3587 560 φιλητικὸν
3610 495 3713 558 τῆς

455 580 691 635 exatnini
739 580 1017 649 subjectae
1075 582 1242 636 veluti
1296 581 1547 637 informis
1581 584 1837 640 materies
1869 602 2025 640 suam

456 671 876 740 dispositionem
913 673 982 727 ab
1038 674 1383 729 auctoritate
1414 675 1656 729 hominis
1698 686 1915 745 petunt,
1968 687 2028 733 ut

456 763 530 816 ab
561 779 630 817 eo
659 772 915 831 tanquam
949 766 1163 820 artifice
1185 776 1349 837 atque
1407 767 1602 833 opilice
1653 768 1821 838 figura
1863 778 2028 839 atque

458 853 632 908 forma
673 856 877 911 indutae
900 859 955 912 in
988 858 1185 912 bonam
1222 868 1315 913 aut
1343 860 1538 915 malam
1568 870 1777 931 partem
1806 862 2025 915 nomina

456 949 746 1016 accipiant,
778 960 832 1003 et
879 951 952 1005 ita
995 951 1222 1006 vocibus
1267 951 1415 1005 omni
1451 955 1660 1007 tonitru
1691 953 2027 1007 clarioribus

455 1038 881 1107 dispositionem
906 1042 1192 1097 hominum
1219 1052 1474 1113 tanquam
1516 1057 1794 1112 praecones
1825 1043 1990 1112 przedi
2008 1073 2025 1087 -

457 1139 603 1181 cent.
672 1129 726 1184 Si
748 1132 913 1186 etiam
934 1132 1027 1186 alii
1050 1133 1277 1187 eandem
1299 1146 1462 1201 quam
1494 1149 1593 1188 nos
1621 1133 2031 1202 amplectuntur

457 1222 811 1284 sententiam,
865 1238 953 1278 res
988 1223 1132 1281 tales
1184 1232 1553 1294 cognoscent,
1589 1224 1906 1294 quicunque
1951 1225 2030 1279 illi

460 1321 626 1366 sunt:
660 1314 747 1366 sin
780 1315 987 1381 minus,
1032 1325 1091 1370 at
1139 1318 1273 1373 mihi
1329 1318 1556 1389 quidem
1593 1335 1756 1390 quam
1796 1320 2033 1373 maxime

457 1418 523 1455 ex
554 1404 724 1459 animi
756 1409 1026 1461 sententia
1058 1418 1210 1475 sunt,
1257 1425 1381 1480 qua:
1431 1410 1500 1465 ad
1533 1411 1806 1483 ejusmodi
1845 1427 2029 1466 rerum

460 1498 826 1565 cognitionem
855 1501 1155 1570 pertinent.

2136 587 2311 656 ψυχῖμ
2342 585 2553 639 οίκοθέν
2585 601 2644 637 τε
2677 586 2785 638 κάκ
2818 586 3031 654 φύσεως
3064 583 3162 653 τὴν
3191 582 3363 652 ῥοπὴν
3389 583 3662 649 ἐκτήσατο
3682 596 3700 611 ⁸

2137 678 2400 749 δημόσιον
2460 677 2571 747 γάρ
2602 693 2724 729 τινα
2783 675 3014 747 βάσανον
3045 676 3146 729 τὰν
3204 675 3395 745 κόσμῳ
3418 676 3529 736 τοῖς
3571 674 3714 727 πᾶσι

2142 768 2465 837 προκεῖσθαι
2500 767 2716 833 γίνεται
2742 766 3069 834 πράγματα,
3096 764 3348 833 καθάπερ
3381 763 3558 826 εἴδους
3578 763 3711 816 ἄνευ

2141 855 2275 926 ὓλην
2316 857 2379 908 τὸ
2424 856 2727 924 αὐτόνομον
2762 856 2864 924 τῆς
2906 855 3016 908 τῶν
3055 854 3360 925 ἀνθρώπων
3414 854 3715 915 διαθέσεως

2140 941 2764 1017 προκαλουμένωνηοῇίν
2793 963 2921 1001 τινα
2955 946 3290 1019 δημιουργὶιν
3330 945 3424 1000 καὶ
3454 945 3713 1015 τεχνίτην

2094 1063 2113 1103 1
2140 1039 2277 1108 πρὸς
2301 1038 2399 1110 τὴν
2425 1040 2598 1109 αὐτῆς
2624 1040 2956 1109 είδοποίησιν
2988 1043 3081 1093 sui.
3115 1040 3352 1110 μορφὴν,
3387 1040 3474 1092 ἶνα
3516 1038 3580 1108 δὴ
3608 1037 3711 1091 τοῦ

2140 1130 2415 1202 βελτίονος
2458 1131 2492 1202 ἦ
2545 1131 2640 1184 τοῦ
2683 1131 2927 1203 χείρονος
2967 1134 3067 1202 σχῇ
3111 1132 3210 1201 τὴν
3248 1131 3583 1201 ἐπωνυμίαν,
3614 1130 3715 1183 καὶ

2141 1226 2326 1296 πάσης
2362 1225 2589 1295 βροντῆς
2616 1224 3121 1295 μεγαλοφωνότεροι
3148 1222 3248 1290 τῆς
3275 1222 3384 1274 τῶν
3410 1223 3713 1292 χρωμένων

2141 1318 2406 1391 γένωνται
2435 1317 2679 1386 κήρυκες
2705 1316 3002 1376 διαθέσεως
3036 1315 3263 1369 αὐτόθεν
3284 1314 3352 1369 τὰ
3380 1314 3712 1384 πράγματα.

2140 1410 2203 1461 Ei
2239 1409 2341 1479 μὲν
2363 1404 2458 1463 οῦν
2489 1409 2585 1463 καὶ
2617 1408 2797 1472 ἄλλοις
2830 1406 2917 1477 είη
2952 1407 3086 1476 πρὸς
3122 1407 3327 1476 τρόπου
3352 1405 3421 1459 τὰ
3451 1404 3552 1473 τῆς
3576 1404 3717 1472 ἡμεο

2134 1503 2295 1570 τέρας
2354 1502 2519 1566 ἕξεως
2578 1501 2783 1571 τῆσδε,
2838 1500 3029 1553 εἰδεῖεν
3078 1499 3144 1552 ἂν
3209 1497 3407 1558 οἵτινές
3453 1496 3573 1550 ποτ’
3620 1491 3714 1563 ἄρ’

457 1585 572 1676 ετεν
627 1593 854 1647 ἐκείνου
907 1596 956 1648 εί
1013 1596 1062 1648 δ’
1093 1594 1210 1658 οὖν.
1269 1597 1387 1653 ἀλλ’
1437 1600 1626 1671 [μοιγε
1674 1600 1770 1654 καὶ
1818 1598 2029 1667 σφόδρα
2101 1594 2166 1664 γέ
2231 1611 2316 1650 τοι
2363 1595 2506 1649 κατὰ
2541 1593 2766 1665 γνώμην
2812 1593 2988 1648 ὁπόσα
3030 1591 3131 1661 τῆς
3158 1590 3369 1644 τοιᾶσδε
3419 1588 3713 1659 μαθήσεως

462 1684 665 1754 ἔχεται.

537 1775 646 1831 th.
681 1776 836 1843 Quod
888 1793 1015 1833 cum
1069 1793 1174 1850 ego
1247 1778 1537 1843 dixissem.
1587 1783 1756 1837 etiam
1809 1781 1900 1835 ille
1952 1779 2028 1833 ita

2206 1778 2279 1831 Z'.
2317 1778 2429 1830 Καὶ
2462 1780 2560 1847 μὶν
2592 1776 2657 1849 δὴ
2687 1775 2857 1830 ταῦτα
2881 1774 3170 1841 διεξιόντος
3194 1775 3353 1845 ιμοῦ,
3386 1773 3565 1829 τοιάδε
3607 1772 3716 1825 κά-

460 1881 695 1922 exorsus
737 1878 842 1923 est.
891 1867 1128 1935 Omnia,
1184 1869 1398 1939 inquit,
1454 1870 1554 1925 tibi
1603 1884 1865 1925 enarrare
1911 1871 2036 1923 vita:

2146 1873 2320 1934 κεῖνος
2351 1869 2660 1941 ἀρξάμενος
2706 1871 2930 1943 διεξῄει.
2987 1870 3170 1925 Πάντα
3222 1869 3324 1938 μὲν
3375 1866 3613 1937 χαλεπὸν
3643 1865 3715 1920 ἂν

462 1973 598 2012 mea
629 1958 764 2022 lata,
793 1958 1017 2014 diﬂicile
1044 1971 1161 2025 est;
1212 1961 1458 2018 breviter
1484 1972 1670 2017 autem
1702 1962 1882 2031 aliqua
1915 1962 2039 2029 per.-

461 2051 755 2119 stringere,
788 2052 839 2105 id
893 2052 1117 2122 quidem
1152 2062 1211 2107 ut
1255 2069 1363 2107 non
1395 2053 1554 2109 valde
1585 2067 1881 2123 operosum
1925 2066 2035 2106 non

462 2144 874 2214 abnegaverim.
909 2145 989 2199 'l‘u
1035 2148 1208 2211 enim,
1243 2146 1290 2202 si
1325 2145 1452 2217 quis
1499 2146 1662 2209 alius,
1713 2145 1886 2215 probe
1927 2143 2038 2200 scis

464 2245 669 2303 quanto
710 2252 809 2307 ego
864 2238 1031 2292 animi
1061 2237 1258 2294 ardore
1298 2254 1367 2295 ex
1409 2242 1511 2295 hac
1536 2254 1655 2295 mea
1680 2238 1853 2308 patria
1880 2237 2037 2292 abire

464 2329 687 2400 longum
770 2331 1046 2401 quondam
1116 2340 1331 2401 tempus
1393 2332 1740 2403 optaverim,
1798 2340 1878 2387 ἰιι
1948 2346 2037 2386 res

464 2422 650 2477 omnis
708 2423 927 2491 generis
985 2424 1261 2495 urbesque
1309 2440 1374 2481 ac
1426 2433 1622 2495 portus
1672 2424 1929 2485 viserem,
1982 2432 2039 2479 et

464 2526 761 2580 quemnam
790 2531 979 2569 eorum
1005 2516 1248 2585 quidque
1277 2515 1507 2571 haberet
1538 2517 1703 2573 situm
1732 2517 1876 2570 inter
1903 2530 1962 2570 se
1984 2523 2041 2569 et

469 2605 537 2658 ad
578 2613 748 2659 totam
784 2615 945 2662 terra:
974 2608 1168 2663 faciem
1206 2624 1621 2680 cognoscerem,
1675 2608 1879 2677 quippe
1911 2620 2038 2659 eum

470 2696 525 2749 id
557 2698 857 2767 plurimum
890 2699 1144 2754 conferat
1179 2702 1247 2755 ad
1287 2701 1576 2755 scientiam
1613 2702 2039 2755 astronomicam

471 2792 889 2862 perficiendam.
920 2793 1076 2859 Quod
1113 2803 1294 2848 autem
1330 2794 1628 2863 plurimum
1677 2806 1784 2857 me,
1817 2800 1877 2845 ut
1912 2807 2042 2861 pro-

470 2883 764 2938 fectionem
792 2885 1183 2945 accelerarem.
1202 2884 1623 2949 adhortabatur,
1645 2883 1901 2937 Ecclesia:
1921 2890 2043 2936 erat

471 2975 818 3047 naufragium
847 2986 903 3029 et
926 2976 1021 3046 qui
1052 2977 1179 3031 inde
1210 2977 1375 3032 rebus
1405 2977 1641 3046 publicis
1668 2974 2044 3030 adnascebah-

2136 1962 2246 2032 εἵη.
2279 1964 2436 2032 φησὶ,
2467 1963 2775 2032 διηγεῖσθαι
2823 1962 2948 2016 καθ’
2971 1965 3205 2016 ἕκαστον
3230 1961 3307 2022 ὡς
3353 1959 3478 2029 ισχε
3517 1959 3670 2029 τάμά
3692 1970 3715 1993 ⁸

2135 2056 2211 2119 ὥς
2240 2056 2286 2110 δ’
2312 2052 2408 2109 οὖν
2430 2057 2490 2109 ιν
2514 2055 2798 2126 κεσαλαίῳ
2834 2055 3091 2120 διεξιέναι
3127 2055 3199 2109 τὰ
3240 2053 3431 2119 πλείω,
3476 2051 3636 2104 τοῦτο
3666 2050 3715 2103 δ’

2137 2148 2239 2203 οὐκ
2273 2147 2339 2200 ἄν
2372 2147 2493 2201 ποτ’
2513 2146 2957 2218 ἁπαγορεύσαὶμ⁹
2984 2147 3169 2210 αὐτὸς,
3199 2147 3274 2210 ὡς
3308 2146 3450 2217 μάλα
3477 2144 3540 2197 δν
3560 2144 3716 2197 οὐδὲν

2134 2232 2402 2325 ἐργῶδες.
2436 2234 2608 2294 Οἶσθα
2658 2239 2788 2308 γὰρ,
2832 2239 2992 2309 είπερ
3039 2254 3125 2300 τις
3164 2238 3439 2298 ἁπάντων,
3481 2234 3553 2287 δι’
3581 2236 3716 2303 ὅσης

2140 2334 2251 2404 ἐγὼ
2290 2339 2389 2406 τῆς
2437 2337 2677 2405 ἐφέσεως
2726 2331 2863 2403 ἦγον
2918 2332 3089 2387 πολύν
3127 2348 3252 2385 τινα
3293 2331 3460 2386 πάλαι
3518 2330 3715 2399 χρόνον

2139 2428 2375 2495 ταυτησὶ
2423 2426 2528 2496 τῆς
2571 2428 2715 2497 ἐμῆς
2753 2428 2993 2498 ἔκδημος
3050 2425 3379 2496 γεγενῆσθαι
3425 2422 3712 2493 πατρίδος.

2143 2520 2387 2590 ἱστορίας
2416 2536 2475 2572 τε
2500 2520 2666 2573 ἕνεκα
2702 2521 3045 2590 πραγμάτων
3094 2517 3453 2572 παντοδαπῶν
3476 2517 3573 2569 καὶ
3597 2515 3716 2584 ἅμα

2142 2613 2354 2665 πόλεων
2393 2612 2486 2665 καὶ
2519 2610 2776 2682 λιμένων,
2820 2614 2914 2664 καὶ
2952 2611 3075 2666 οίαν
3103 2610 3310 2665 ἕκαστα
3353 2608 3568 2662 τούτων
3601 2607 3715 2676 ἔχει

2140 2704 2239 2774 τὴν
2307 2704 2460 2759 θέσιν
2504 2705 2642 2773 πρός
2695 2718 2755 2756 τε
2785 2701 2989 2771 ᾶλληλα
3043 2702 3136 2755 καὶ
3172 2699 3293 2755 ὅλον
3321 2701 3381 2753 τδ
3405 2702 3595 2770 σχῆμα
3613 2698 3713 2765 τῆς

2139 2796 2266 2864 γῆς.
2305 2797 2408 2851 ἅτε
2449 2799 2514 2868 τῇ
2540 2797 2641 2865 τῆς
2673 2796 3075 2865 ἁστρονομικῆς
3107 2793 3171 2867 [1³.
3206 2793 3272 2849 97
3310 2792 3365 2868 α]
3393 2793 3711 2857 ἐπιστήμης

2142 2889 2303 2960 χρείᾳ
2344 2867 2612 2958 μεγίστην
2657 2889 3009 2960 παρεχόμενα
3045 2887 3145 2958 τὴν
3185 2867 3520 2939 συντέλειανῖ
3555 2881 3625 2937 ’0
3654 2880 3712 2931 δέ

2148 3000 2215 3053 με
2247 2984 2467 3037 πάντων
2499 2983 2734 3053 μάλιστα
2766 2982 3051 3038 ἐπεπείκει
3074 2983 3166 3034 τὸν
3189 2980 3424 3033 ἔκπλουν
3452 2975 3712 3046 ἐπιταχῦ-

476 3076 568 3121 tnr
598 3068 794 3121 morbi.
825 3068 980 3134 Quod
1013 3069 1161 3122 enim
1199 3077 1310 3122 tum
1341 3068 1423 3123 vel
1462 3068 1692 3122 maxime
1725 3065 2041 3137 reipublic!

2146 3094 2258 3140 ναι,
2300 3076 2368 3130 τά
2390 3094 2449 3128 τε
2475 3074 2574 3144 τῆς
2608 3074 2939 3146 Ἐκκλησίας
2968 3074 3202 3140 ναυάγια
3231 3067 3321 3142 ἦν,
3348 3069 3447 3123 καὶ
3479 3069 3582 3121 ὃσα
3600 3068 3709 3129 τοῖς

474 3169 674 3215 statum
703 3162 1161 3231 servare'potuit,
1199 3162 1250 3216 id
1279 3160 1766 3215 vehementissime
1803 3159 2041 3213 vexaba-

2148 3171 2452 3233 πολιτικοῖς
2493 3168 2708 3238 ἐπεφύη
2750 3166 3050 3235 τηνικαῦτα
3101 3166 3381 3235 νοσήματα
3424 3162 3711 3233 πράγμασι

474 3264 567 3307 tur
602 3263 658 3309 et
690 3253 927 3323 pessime
978 3254 1212 3325 iacebat,
1270 3253 1459 3325 religio
1491 3251 1880 3329 inquam.Qute
1917 3262 2040 3307 cum

2146 3262 2352 3315 τούτων
2404 3277 2467 3329 γε
2517 3259 2702 3315 ἕνεκα.
2756 3254 2850 3323 Οἷς
2891 3260 3000 3331 γὰρ
3041 3259 3163 3311 τότε
3211 3258 3450 3328 μάλιστα
3498 3256 3711 3309 πάντων

476 3356 841 3404 commutaret
893 3348 1144 3418 dogmata
1179 3346 1408 3402 Palama:
1446 3358 1570 3401 cum
1608 3345 1673 3400 iis
1708 3360 1835 3417 qua:
1866 3359 1896 3399 a
1950 3359 2041 3413 pa-

2150 3341 2345 3417 σώζειν
2396 3353 2523 3421 ἐνῆν
2567 3351 2634 3405 τὰ
2682 3354 2783 3422 τῆς
2837 3350 3109 3414 πολιτείας
3165 3352 3490 3421 πράγματα,
3547 3346 3713 3399 ταῦτα

478 3439 656 3495 tribus
706 3440 865 3495 nobis
906 3440 1105 3496 tradita
1152 3448 1304 3503 sunt,
1360 3438 1601 3494 civitatis
1649 3452 1854 3507 corpus
1904 3450 2041 3506 aegre

2148 3444 2267 3499 τότε
2298 3444 2533 3511 μάλιστα
2586 3443 2805 3496 πάντων
2841 3442 3108 3511 ἠλαύνετο
3139 3444 3233 3495 καὶ
3287 3441 3489 3509 σφόδρα
3524 3439 3714 3492 δυστυ-

476 3531 732 3587 all'ectum
755 3542 875 3587 erat
906 3533 1220 3604 nullamque
1250 3530 1474 3602 probam
1501 3547 1653 3601 spem
1686 3546 1797 3600 pra:
1824 3545 1882 3584 se
1904 3529 2041 3584 fere-

2148 3537 2258 3608 χῶς
2292 3538 2541 3598 διέκειτο,
2570 3534 2716 3603 λέγω
2742 3535 2806 3605 δὴ
2834 3535 2903 3588 τὰ
2931 3533 3032 3604 τῆς
3060 3533 3341 3596 εὐσεϐείας
3372 3533 3674 3603 πράγματα
3695 3543 3710 3560 °

478 3626 593 3679 hat.
628 3625 891 3681 Homines
937 3627 1084 3681 enim
1119 3626 1212 3695 qui
1248 3634 1360 3679 tum
1398 3625 1563 3679 rebus
1613 3630 1906 3694 prmerant,
1943 3636 2041 3690 qua

2150 3631 2397 3699 δόγματα
2454 3631 2562 3701 γὰρ
2628 3628 3037 3698 ἀλλαττομένης
3092 3626 3393 3696 τηνικαῦτα
3459 3624 3713 3690 ἐκείνης.

480 3726 641 3772 erant
673 3718 893 3773 sordida
928 3728 984 3773 et
1027 3718 1236 3772 inculta
1292 3717 1461 3773 animi
1501 3717 1707 3779 indole,
1757 3717 2041 3771 veritatem

2150 3724 2219 3777 τὰ
2250 3724 2539 3793 Παλαμικᾶ
2592 3721 2792 3791 δηλαδὴ
2840 3720 2946 3775 τῶν
2997 3721 3262 3792 πατρίων,
3297 3716 3553 3786 πονηρῶς
3604 3710 3713 3783 εἶχε

483 3810 657 3880 ipsam
692 3810 1176 3879 impudentissime
1220 3809 1575 3865 venditabant
1600 3817 1654 3862 et
1681 3808 2041 3863 inexorabiles

2151 3816 2212 3870 τδ
2261 3817 2419 3885 σῶμα
2453 3817 2552 3885 τῆς
2593 3815 2885 3878 πολιτείας,
2944 3812 3031 3866 καὶ
3066 3814 3247 3866 πᾶσαν
3278 3812 3478 3883 ἔφραζε
3513 3810 3716 3879 χαίρειν

482 3909 640 3955 erant
685 3902 1091 3955 obtrectatores
1145 3900 1286 3970 spei,
1338 3915 1459 3970 quae
1513 3909 1627 3954 tum
1673 3899 1834 3953 unice
1880 3890 2041 3968 genus

2153 3907 2345 3962 ἔλπίδα
2412 3907 2693 3978 χρηστήν·
2758 3906 2819 3959 τδ
2883 3907 2990 3976 γὰρ
3046 3903 3299 3974 φορτικὸν
3357 3905 3452 3957 καὶ
3511 3901 3717 3970 ἀμαθὲς

486 4009 707 4047 servare
756 3994 1051 4062 potuisset.
1082 3992 1199 4059 Qua
1250 3992 1305 4047 in
1345 4008 1403 4047 re
1447 4008 1573 4047 cum
1636 3992 1773 4045 iram
1809 3991 2051 4046 divinam

485 4088 639 4143 velut
672 4088 814 4160 typis
857 4087 1239 4142 adumbratam
1284 4096 1450 4158 atque
1499 4086 1668 4141 veluti
1703 4084 2052 4141 incunabulis

489 4176 901 4237 delitescentem
938 4197 1000 4237 ac
1049 4181 1337 4236 lactentem
1384 4180 1651 4245 viderem.
1685 4190 1885 4236 terram
1926 4194 2050 4235 cum

493 4283 641 4326 terra
678 4272 807 4326 mihi
843 4271 1288 4331 commutandam
1326 4285 1446 4325 esse
1481 4270 1724 4338 decrevi,
1761 4280 2053 4340 antequam

488 4383 610 4420 eam
662 4365 828 4420 armis
876 4364 1083 4433 apertis
1132 4361 1414 4432 improbos
1456 4365 1658 4420 acriter
1707 4365 2054 4419 invadentem

492 4459 758 4514 viderem.
794 4459 968 4514 Homo
997 4459 1143 4513 enim
1179 4459 1439 4513 cordatus
1474 4458 1841 4529 prudentique
1871 4459 2055 4512 animo

2153 3999 2262 4054 τῶν
2327 3998 2674 4069 ἡγεμονικῶν
2731 3997 2942 4068 ἀνδρῶν
3004 3997 3173 4068 αὐτήν
3220 4012 3279 4048 τε
3347 3994 3717 4061 ἐκαπήλευσεν

2155 4092 2402 4159 ἀσελγῶς
2461 4092 2559 4162 τὴν
2618 4090 2917 4161 ἀλήθειαν,
2982 4088 3078 4142 καὶ
3132 4086 3504 4157 ἀπαραίτητος
3550 4085 3712 4162 ,ἵσταο

2154 4201 2216 4238 το
2270 4183 2537 4250 κολαστὴς
2598 4181 2697 4253 τῆς
2772 4182 2940 4251 μόνης
2983 4178 3180 4244 σώζειν
3221 4177 3525 4248 δυναμένης
3595 4175 3714 4228 τότε

2155 4277 2215 4331 τὸ
2270 4277 2426 4345 γένος
2467 4274 2699 4337 ἐλπίδος.
2758 4273 2921 4327 Ὅθεν
2971 4272 3443 4341 ζωγραφουμένην
3503 4271 3561 4322 ὲν
3619 4267 3717 4321 τύ-

2159 4387 2280 4432 ποις
2327 4368 2406 4422 ἔτι
2470 4367 2567 4439 τὴν
2623 4368 2771 4421 θείαν
2819 4365 3035 4433 βλέπων
3091 4365 3294 4434 ὀργὴν,
3353 4368 3446 4417 καὶ
3491 4355 3603 4415 οἷον
3666 4361 3721 4411 έν
3817 4403 3835 4417 ,

2161 4460 2498 4532 σπαργάνοις
2547 4459 2628 4512 ἔτι
2673 4463 2767 4511 καὶ
2796 4456 2988 4527 γάλαξι
3034 4455 3441 4528 κρυπτομένην,
3481 4455 3585 4522 γῆν
3634 4453 3724 4505 ἀλ-

492 4555 757 4625 praeditus
783 4554 1052 4632 temporis
1088 4553 1359 4608 rationem
1392 4569 1674 4623 nunquam
1705 4568 1816 4609 non
1849 4553 2041 4609 habere

2162 4524 2451 4607 λάττεσθαι
2498 4550 2601 4622 γῆς
2636 4524 2861 4618 ἐνόμισα
2903 4549 3034 4615 δεῖν,
3074 4524 3206 4618 πρὶν
3250 4524 3309 4599 ἓν
3346 4548 3535 4609 ὅπλοις
3562 4547 3719 4598 ὖπαὲ-

495 4650 540 4719 1
553 4647 745 4719 Ῑῇϐά
759 4647 940 4710 debet,
955 4662 1133 4717 neque
1146 4660 1265 4701 sese
1279 4644 1347 4700 ad
1367 4661 1548 4701 rerum
1570 4647 1910 4716 fortunaeque
1929 4662 2060 4700 con-

494 4740 760 4793 ditionem
785 4738 1061 4808 applicare
1083 4752 1204 4807 qute
1224 4735 1383 4790 firmo
1412 4734 1771 4791 fundamento
1792 4736 2056 4805 indigeat,

2161 4644 2310 4714 θροις
2357 4642 2798 4713 στρατευομένης
2835 4642 2979 4694 κατά
3027 4641 3139 4693 ’τῶν
3186 4640 3520 4694 ἀδικούντων
3558 4639 3720 4708 αὑτῆς

2162 4737 2490 4810 πειραθῆναι
2534 4734 2929 4807 κραταιὸτερον
2952 4748 2970 4767 ο
3002 4734 3197 4805 χρόνου
3238 4730 3393 4805 [γὰρ]
3422 4734 3511 4785 ἀεὶ
3536 4733 3722 4803 στοχά-

499 4832 800 4903 ιιτιεςθτιίιιι
830 4831 923 4886 ubi
972 4830 1169 4885 anima:
1200 4829 1495 4885 immortali
1545 4844 1695 4883 mors
1725 4829 2041 4898 sempitern:

2163 4828 2350 4895 ζεσθαι
2378 4828 2487 4881 δεῖν
2526 4827 2634 4897 ὅτῳ
2674 4825 2800 4887 νοῦς
2851 4828 3093 4879 συνοικεῖ
3146 4826 3460 4894 σωφρονῶν,
3512 4825 3605 4878 καὶ
3649 4826 3718 4893 μὴ

497 4927 812 4989 immineat,
852 4940 963 4980 non
993 4932 1319 4993 praesentem
1368 4931 1586 4993 oportet
1630 4937 1755 4978 eum
1810 4921 2061 4990 volupta-

2163 4919 2342 4990 καιρῷ
2369 4918 2463 4973 καὶ
2487 4916 2679 4987 τύχαις
2710 4916 3064 4986 προσομιλεῖν
3089 4915 3719 4985 ἀϐέϐαιον,κεκτημένοις

500 5030 607 5074 tem
638 5026 884 5087 captare,
909 5017 1003 5072 sed
1031 5032 1095 5072 ea
1136 5032 1257 5085 qua:
1291 5014 1344 5068 in
1382 5016 1629 5069 futurum
1665 5026 1878 5083 tempus
1909 5012 2041 5067 utili:

2163 5012 2443 5090 θεμέλιον,⁵
2466 5012 2561 5063 καὶ
2603 5008 2821 5080 μάλισθ’
2846 5011 2936 5062 ὅτε
2974 5007 3151 5078 ψυχῆς
3182 5006 3451 5059 ἀθανάτου
3497 5007 3718 5070 θάνατος

498 5112 610 5166 sint
652 5125 886 5170 curare,
920 5124 1029 5163 non
1083 5117 1232 5163 metu
1272 5107 1571 5163 mendaciis
1621 5106 1927 5175 indulgere,
1966 5119 2041 5159 σοι

2166 5105 2431 5163 ἀθάνατος
2484 5101 2843 5176 οἰκονομοῖτο,
2902 5099 3036 5168 μηδὲ
3082 5098 3162 5168 τῷ
3215 5099 3443 5167 παρόντι
3490 5101 3719 5151 συνεῖναι

501 5204 754 5259 veritatis
787 5202 1200 5272 propugnaculo
1237 5199 1606 5270 improbitatis
1635 5187 1857 5253 causam
1884 5198 2041 5269 repri‘

2167 5194 2351 5267 ζητεῖν
2383 5194 2519 5263 ἡδεῖ,
2552 5192 2687 5246 ἀλλὰ
2730 5191 3025 5262 τὸμέλλον
3064 5190 3554 5261 πραγματεύεσθαι
3591 5190 3716 5261 χρή-

502 5311 685 5359 mere;
725 5310 833 5348 non
879 5291 1228 5347 detestabilia
1259 5282 1315 5345 et
1356 5289 1545 5346 odiosa
1594 5290 1933 5355 desiderare,
1968 5305 2041 5345 se:

2172 5297 2352 5357 σιμσν,
2381 5283 2512 5355 μηδὲ
2534 5283 2620 5337 διὰ
2654 5282 2819 5352 φόϐον
2851 5284 2965 5344 τοῖς
3012 5282 3279 5352 παροῦσιν
3303 5283 3568 5351 ἡττᾶσθαι
3597 5283 3717 5351 ψεύ-

505 5389 667 5443 rebus
713 5385 893 5441 noxiis
928 5400 1111 5440 rerum
1147 5382 1467 5438 salutarium
1497 5382 1899 5454 possessionem
1928 5398 2067 5453 pne-

504 5481 669 5534 ferre.

579 5743 718 5800 Vill.
754 5744 948 5799 Statim
1000 5744 1168 5816 igitur
1223 5754 1345 5815 post
1394 5744 1784 5815 aequinoctium
1838 5758 2069 5798 vernum

2168 5379 2338 5444 δεσιν,
2389 5376 2526 5431 ἀλλὰ
2557 5373 2647 5427 διὰ
2689 5375 2786 5445 τὴν
2829 5373 3097 5439 τάληθοῦς
3124 5374 3395 5444 προϐολὴν
3431 5374 3526 5427 τοῦ
3562 5374 3715 5428 κακοῦ

2173 5467 2423 5529 κολάζειν
2452 5464 2550 5535 τὴν
2581 5464 2875 5535 πρόφασιν,
2904 5463 3025 5516 οὐδὲ
3050 5463 3110 5515 τὸ
3143 5463 3332 5532 μίσους
3359 5463 3511 5529 ἄξιον
3537 5467 3615 5527 είς
3632 5464 3719 5535 τὴν

2172 5558 2356 5637 χώραν
2388 5556 2636 5622 εἰσάγειν
2670 5553 2764 5607 τοῦ
2811 5554 3000 5616 πόθου,
3031 5555 3148 5607 ἀλλ’
3181 5557 3303 5608 ἀντὶ
3334 5555 3430 5608 τοῦ
3465 5557 3718 5625 βλάπτονο

2173 5667 2263 5711 τος
2293 5647 2393 5717 τὴν
2424 5647 2534 5698 τῶν
2570 5646 2864 5714 ὠφελίμων
2893 5646 3267 5717 ἀνθαιρεῖσθαι
3299 5648 3628 5717 συνοίκησιν.

2247 5737 2328 5792 Η⁹’
2367 5740 2529 5808 ’Λρτι
2553 5738 2734 5790 τοίνυν
2759 5738 2856 5799 τὰς
2883 5738 3077 5806 ⁴ἢρινὰς
3114 5738 3207 5790 τοῦ
3232 5737 3384 5809 ἡλίου
3411 5741 3615 5811 τροπὰς
3632 5756 3725 5790 πα-

510 5850 706 5893 navem
753 5844 948 5890 nactus
1000 5837 1056 5892 in
1100 5835 1392 5909 (ﬁgyplttm
1442 5837 1811 5907 profecturam
1859 5835 2041 5891 Iuben:

2180 5829 2566 5902 ραλλάττοντος
2611 5828 2746 5891 νεὼς
2789 5829 3063 5899 ἐπιτυχὼν
3100 5831 3423 5896 ναυστολίας
3471 5831 3724 5903 ὡρμημέ-
