3942 6580
243 368 379 437 iii?)

231 484 325 538 γης
353 471 442 524 ἐπ’
472 475 607 544 Αίγυ
616 494 771 546 mou,

226 563 322 657 τὸν
364 565 676 625 ἐνεϐίϐασα.
715 574 824 628 Καὶ
860 576 963 644 μὲν
995 579 1059 649 δὴ
1116 563 1460 653 ἄραντος
1647 563 1806 649 ύστε-

230 655 478 750 ραίανᾷὲκ
510 661 820 726 Βυζαντίων
852 668 1090 740 λιμένων
1127 675 1396 750 ἐδδομαῷι
1431 655 1559 743 τοῖς
1580 680 1807 735 Ῥοδίων

228 748 611 842 προσέσχομεν
662 756 907 828 λιμέσιν,
965 761 1094 816 ἔνθα
1153 748 1357 837 συχνὰς
1399 770 1808 842 διατετριφότες

230 838 452 933 ἡμέρας
492 845 692 912 οὺρίων
754 851 936 905 πνοῶν
979 852 1185 926 ἀπορίᾳ
1227 858 1550 930 περιῄειμέν
1588 838 1667 915 ’τε
1706 862 1809 933 τὴν

229 930 420 999 νῆσον.
448 934 544 987 καὶ
585 941 1014 1014 περιεργότερον
1048 944 1187 999 ἄττα
1232 944 1301 1018 ἦν
1331 950 1460 1014 θέας
1486 951 1612 1018 ἄξια
1640 930 1810 1008 leadi-

234 1025 394 1090 μεθα.
424 1028 708 1084 Κολοσσοῦ
745 1034 848 1101 μὲν
887 1035 981 1099 οὖν
1029 1039 1243 1094 ἐκείνου
1278 1045 1543 1111 μνημεῖον
1569 1044 1720 1100 οὐδέν
1755 1062 1809 1100 τι

230 1116 537 1185 ἐλέλειπτο,
582 1124 644 1177 οὒ
674 1126 830 1192 μέντ’
871 1127 937 1182 ἂν
983 1132 1096 1185 οὐδ’
1130 1134 1339 1187 εἴποτε
1387 1135 1614 1203 γέγονεν
1664 1136 1811 1204 ὅστις

233 1210 355 1263 ποτ’
382 1211 490 1279 ἀρα
518 1210 586 1283 ἦν
613 1216 1105 1284 ὲκείνος,είκασίαν
1151 1224 1324 1278 ἐδίδου
1352 1227 1508 1281 τινά·
1538 1227 1662 1282 οὔτε
1702 1230 1812 1299 γὰρ

231 1302 462 1369 χαλκοῠ-
475 1305 665 1376 μόριον
694 1308 873 1372 οὐδὲν,
928 1313 990 1366 ού
1030 1314 1137 1385 μὴν
1164 1317 1274 1371 οὐδ’
1330 1318 1387 1371 εί
1435 1337 1578 1384 τινες
1610 1315 1720 1374 εἷεν
1748 1323 1813 1375 ὲκ

234 1392 404 1448 λίθων
434 1397 628 1470 ἐκείνῳ
668 1404 957 1472 κρηπῖδες,
994 1407 1275 1463 ἐλέλειπτο
1307 1411 1561 1479 λείψανον
1594 1413 1815 1481 πάντων

234 1485 413 1576 οὐδέν.
446 1489 664 1545 Πιῦλεων
696 1492 753 1546 δὲ
786 1496 896 1549 τῶν
931 1497 1097 1552 πάλαι
1131 1501 1189 1553 αἱ
1222 1502 1323 1571 μὲν
1365 1506 1609 1573 σεισμοῖς
1632 1505 1817 1576 ἐκτρι-

236 1572 417 1635 ϐςίσαι
470 1581 794 1652 κατέδυσαν,
827 1582 904 1640 ὧν
951 1591 984 1658 ή
1018 1591 1287 1662 καλλίστη
1324 1572 1504 1656 Ῥόδος
1554 1588 1625 1665 ἦν
1670 1572 1813 1665 ή-τῇ

182 1697 189 1704 -
238 1673 393 1745 νήσῳ
419 1676 735 1748 ὁμώνυμος,
783 1679 881 1732 καὶ
914 1682 1118 1751 σημεῖα
1153 1682 1360 1737 τούτων
1406 1685 1722 1740 ἐδείκνυσαν
1753 1688 1817 1758 ή-

240 1768 336 1833 μῖν
375 1768 424 1819 ei
460 1767 754 1839 ἐγχώριοι·
793 1771 850 1824 αἱ
884 1771 930 1826 δ’
961 1773 1043 1826 ἔτι
1074 1774 1383 1843 σωζόμεναί
1422 1794 1479 1829 τε
1503 1778 1815 1847 διαμένουσι

236 1859 335 1911 καὶ
379 1837 934 1933 ).αμπραί,λαμπρῶς
970 1837 1262 1936 ἑστηκυῖαί
1317 1867 1447 1922 είσι.
1496 1837 1716 1921 Τούτων
1769 1869 1816 1922 δ’
1847 1837 1888 1892 Β

236 1941 383 2000 εἶναι
416 1946 538 2001 κατ’
562 1949 800 2020 έμαυτδν
833 1952 1079 2007 ἐνενόουν
1110 1956 1175 2007 ὲκ
1207 1956 1453 2024 σημείων
1491 1956 1657 2011 τινῶν
1694 1957 1820 2027 Λίνστ

234 2041 329 2092 δον
363 2040 639 2110 Ἰηλυσσόν
691 2058 752 2097 τε
787 2044 879 2097 καὶ
917 2044 1243 2113 ἀργινόεντα
1293 2046 1575 2117 Κάμειρον
1598 2090 1613 2114 ,
1649 2042 1727 2103 ὢν
1774 2052 1807 2122 ή

234 2131 335 2185 τοῦ
391 2132 800 2204 Μελησιγενοῦς
856 2135 1103 2207 Ὀμήρου
1168 2139 1452 2209 μέμνηται
1512 2141 1813 2211 Καλλιόπη.

238 2225 534 2295 Ιιρόσοικοι
574 2226 617 2280 δ’
651 2223 794 2300 ἦσαν
831 2231 899 2299 τῇ
929 2229 1106 2302 νήσῳ,
1145 2229 1208 2284 τδ
1245 2230 1506 2287 πλεῖστον
1537 2234 1737 2295 εἰπεῖν,
1764 2234 1820 2287 ὀ-

240 2316 477 2385 μόφυλοί
500 2335 561 2371 τε
586 2318 718 2387 ήμίν
741 2319 836 2373 καὶ
855 2321 956 2391 τὴν
981 2320 1169 2375 πίστιν
1195 2320 1489 2393 όρθόδοξοι,
1518 2324 1615 2377 καὶ
1634 2323 1816 2397 ,ταύτῃ

235 2409 398 2480 δὴτῇ
454 2410 575 2464 καθ’
621 2410 771 2482 ἡμᾶς
811 2410 1025 2467 Ἑλλάδι
1050 2412 1357 2484 ,χρώμενοι
1390 2418 1576 2487 φωνῇ’
1630 2416 1817 2480 παῖδες

236 2503 352 2572 γάρ
381 2500 489 2554 είσι
511 2500 622 2554 τῶν
649 2502 712 2555 ού
741 2502 884 2557 πάνυ
918 2504 1026 2575 πρὸ
1060 2504 1273 2575 μακροῦ
1302 2506 1646 2575 τεθνηκότων
1673 2508 1820 2562 ἑκεί-

237 2611 351 2646 νων
394 2593 626 2664 ἀνδρῶν,
658 2594 709 2648 οἳ
753 2594 983 2648 πλεῖστα
1015 2595 1116 2667 μὲν
1165 2596 1531 2667 ⁴ἠγωνίσαντο,
1567 2599 1820 2662 Λατίνοις

241 2684 548 2763 μαχόμενοι
578 2686 835 2755 τριήρεσι
886 2703 946 2739 τε
988 2687 1085 2740 καὶ
1113 2689 1302 2752 ὅπλοις
1338 2691 1679 2758 παμπόλλοις
1719 2689 1819 2762 τὴν

239 2775 437 2844 ἔφοδον
470 2776 558 2829 ἐπ’
595 2777 797 2841 αὐτοὺς
827 2779 1197 2851 ποιουμένοις,
1232 2779 1295 2853 [Γ.
1324 2782 1393 2837 97
1416 2780 1468 2852 b]
1503 2781 1819 2853 ἡττήθησαν

238 2873 299 2926 δὲ
328 2873 397 2926 δι’
418 2874 711 2955 ῥλιγότητα
749 2875 844 2928 καὶ
871 2876 1228 2946 ὑπετάγησαν
1259 2878 1508 2941 ἄκοντες.
1541 2871 1644 2931 Ὧν
1686 2879 1818 2932 ἔνιοι

234 2965 348 3017 κᾶν
381 2965 529 3037 γήρα
550 2964 718 3029 ζῶσιν
748 2966 829 3020 ἔτι
858 2966 1035 3043 βαθεῖ,
1064 2970 1163 3038 τῆς
1194 2969 1322 3041 πρίν
1353 2988 1411 3024 τε
1462 2970 1817 3040 εὐδαιμονίας

241 3058 335 3111 ἀεὶ,
384 3059 745 3129 μεμνημένοι,
801 3060 899 3113 καὶ
926 3060 1172 3130 διήγημα
1212 3060 1380 3115 ταῦτα
1418 3065 1529 3124 τοῖς
1560 3061 1819 3130 παριοῦσι

1188 384 1626 442 ΒΥΔΑΝἻἹΝΆΕ
1683 387 2070 444 HISTORIA!
2112 390 2253 449 LIB.
2300 391 2505 452 XXIV.

797 480 1033 577 ἀσμενος
1064 489 1227 555 εὐθὺς
1256 496 1396 565 αὐτῇ
1432 496 1614 566 φέρων
1638 497 1806 566 ἐμαυ-

1922 501 2096 554 animo
2125 504 2308 559 statim
2345 506 2664 571 conscendi,
2707 516 2871 576 atque
2911 502 3130 560 ancoris
3170 504 3481 577 insequenti

2705 285 2744 307 κ

3350 399 3485 458 1446

1909 591 1998 644 die
2029 591 2263 648 sublatis
2289 611 2355 649 ex
2384 596 2655 665 portubus
2682 596 3001 669 Byzantinis
3034 595 3124 650 die
3150 599 3387 666 septimo
3413 598 3481 652 ad

1912 682 2255 738 Rhodiorum
2289 696 2484 755 portus
2518 689 2895 758 pervenimus,
2926 689 3018 743 ubi
3069 695 3361 743 ventorum
3395 704 3483 743 se-

1911 775 2218 832 cundorum
2245 778 2432 849 inopia
2460 782 2665 837 multos
2691 768 2809 837 dies
2828 782 3155 838 commorati
3187 781 3488 853 perlustra-

1910 868 2093 924 vimus
2150 871 2385 926 inSulam
2473 887 2671 943 resque
2725 873 2843 927 visu
2906 872 3100 944 dignas
3148 880 3484 943 aspeximus.

1910 961 2124 1018 Colossi
2157 979 2288 1019 vero
2321 964 2469 1019 illius
2499 966 2789 1035 vestigium
2821 968 3075 1021 exstabat
3106 967 3339 1028 nullum,
3373 966 3484 1019 imo

1912 1067 1980 1108 ne
2007 1054 2338 1124 coniectura:
2369 1055 2590 1126 quidem
2622 1056 2787 1112 dabat
2822 1058 3025 1115 locum.
3067 1073 3196 1111 num
3240 1072 3481 1128 unquam

1911 1145 2235 1213 exstitisset,
2266 1148 2529 1218 quisquis.
2547 1148 2809 1213 illeiuit;
2845 1150 2998 1203 nulla
3027 1149 3172 1204 enim
3203 1149 3333 1203 teris
3362 1165 3486 1218 par-

1913 1237 2104 1303 ticula,
2140 1221 2316 1293 'nullre
2366 1256 2597 1310 prorsus
2629 1247 2791 1295 erant
2843 1239 3088 1310 lapidum
3138 1241 3406 1309 reliquiae,
3440 1242 3486 1295 si

1913 1327 2056 1383 forte
2080 1346 2146 1384 ex
2182 1330 2248 1384 iis
2278 1330 2637 1386 fundamenta
2668 1327 2947 1386 exstructa
2982 1332 3220 1386 fuerant.
3256 1330 3487 1386 Urbium

1915 1420 2269 1489 antiquarum
2314 1423 2435 1475 alim
2488 1431 2647 1478 terra:
2697 1424 2939 1477 motibus
2973 1423 3491 1492 absumptae'erant

1915 1502 2079 1580 atque
2102 1513 2423 1571 submersaa.
2447 1530 2680 1582 quarum
2717 1514 3092 1585 pulcherrima
3116 1523 3235 1568 erat
3260 1511 3492 1567 Rhodus

1917 1603 2113 1658 insulae
2151 1605 2515 1674 cognominis,
2561 1621 2871 1676 earumque
2920 1607 3149 1676 vestigia
3204 1604 3370 1661 nobis
3422 1602 3519 1681 ab/

1917 1697 2191 1768 indigenis
2221 1700 2668 1754 monstrabantur
2695 1718 2710 1755 :
2740 1701 2859 1755 alia:
2887 1700 3069 1754 adhuc
3099 1708 3331 1753 servata:
3363 1707 3494 1754 sunt

1919 1795 2082 1855 atque
2143 1786 2440 1855 splendidae
2514 1798 2769 1854 exstant,
2834 1792 2890 1845 in
2978 1805 3211 1860 quorum
3265 1805 3495 1845 numero

1919 1893 2115 1932 esseea
2142 1877 2363 1933 imliciis
2387 1879 2714 1954 quibusdam
2735 1880 2944 1937 credidi
2971 1880 3231 1946 Lindum,
3255 1880 3495 1953 Ialysum

1917 1977 1975 2021 et
2007 1968 2351 2037 splendidam
2389 1968 2693 2032 Camirum,
2730 1987 2965 2040 quarum
2994 1971 3231 2025 urbium
3271 1971 3496 2027 Homeri

1920 2063 2266 2132 Melesigenis
2298 2063 2548 2119 meminit
2577 2064 2847 2136 CalliOpe.
2885 2065 3083 2120 Incolae
3118 2064 3310 2120 insula:
3336 2074 3499 2119 erant

1920 2158 2155 2212 maxima
2182 2172 2249 2212 ex
2276 2165 2430 2227 parte
2454 2158 2630 2212 nostri
2661 2159 2959 2228 pepularcs
2980 2167 3148 2229 atque
3176 2158 3498 2213 orthodoxa:

1921 2251 2071 2316 ﬂdei,
2105 2260 2407 2321 nostraque
2444 2261 2679 2307 utuntur
2723 2252 2913 2307 Graeca
2949 2252 3157 2324 lingua.
3191 2252 3313 2308 Filii
3344 2252 3494 2306 enim

1919 2354 2051 2397 sunt
2094 2343 2341 2399 virorum
2391 2343 2635 2409 illorum,
2680 2346 2774 2415 qui
2821 2343 3025 2400 abhinc
3074 2354 3187 2400 non
3225 2345 3300 2400 ita
3333 2345 3498 2415 longo

1919 2444 2167 2505 tempore
2191 2434 2455 2490 interiere
2476 2477 2490 2501 ,
2511 2445 2567 2490 et
2591 2450 2908 2506 quanquam
2934 2435 3171 2504 plurima
3194 2435 3498 2492 certamina

1920 2525 2179 2580 serebant
2228 2540 2356 2580 cum
2406 2525 2653 2592 Latinis,
2699 2528 2794 2596 qui
2850 2526 3172 2581 triremibus
3220 2526 3500 2594 armisque

1920 2618 2108 2673 multis
2142 2631 2238 2671 eos
2272 2616 2694 2682 adoriebantur,
2725 2616 2796 2672 ob
2828 2616 3165 2686 paucitatem
3201 2622 3382 2669 tamen
3416 2613 3500 2667 in-

1922 2709 2153 2763 feriores
2183 2709 2485 2764 discessere
2514 2717 2573 2763 et
2601 2723 2727 2764 sese
2758 2708 2915 2763 inviti
2945 2707 3255 2778 subiecere.
3290 2706 3496 2761 Eorum
3598 2732 3605 2745 -

1920 2801 2170 2856 nonnulli
2232 2801 2581 2871 praagrandes
2635 2810 2765 2855 natu
2818 2800 2999 2856 adhuc
3050 2799 3105 2854 in
3152 2798 3295 2854 vivis
3345 2807 3496 2863 sunt,

1923 2893 2167 2965 pristinae
2188 2895 2471 2948 felicitatis
2493 2909 2774 2963 nunquam
2799 2908 2909 2947 non
2936 2906 3231 2954 memores.
3254 2900 3312 2957 et
3340 2906 3501 2961 pere-

1923 2987 2116 3057 grinis,
2156 2987 2250 3057 qui
2286 2988 2417 3042 illuc
2454 2995 2743 3040 transeunt
2774 2985 3023 3042 suaviter
3052 2985 3170 3040 haec
3201 2993 3494 3049 cuarrant;

1925 3079 1979 3132 hi
2017 3078 2273 3133 dicebant
2324 3093 2445 3133 sese
2478 3078 2703 3148 quidem
2741 3076 3180 3137 infeliceslesse.
3227 3074 3372 3144 quod
3405 3077 3498 3145 ju-

239 3149 354 3202 τῶν
385 3148 551 3214 ξένων
600 3150 701 3221 ἡδὺ
757 3151 1130 3221 προτιθέντες,
1166 3151 1217 3205 οἳ
1274 3155 1367 3206 καὶ
1405 3155 1690 3223 δυστυχεῖν
1722 3156 1820 3222 μέν

1924 3185 2051 3241 gum
2082 3169 2368 3225 servitutis
2396 3184 2522 3224 cum
2572 3167 2828 3222 libertate
2860 3175 3317 3229 commutasscnt,
3348 3177 3496 3220 atta-

241 3260 364 3306 πως
395 3242 583 3310 ἔλεγον
603 3243 684 3296 ὅτι
703 3243 870 3313 ζυγὸν
892 3245 1209 3317 ἐλευθερίας
1240 3245 1538 3315 ἠλλάξαντο
1560 3246 1819 3311 δούλειον,

242 3338 499 3406 εὐτυχεῖν
529 3336 577 3388 δ’
626 3337 827 3402 ἄλλως,
856 3337 1132 3408 πολεμίων
1163 3339 1262 3409 μὲν
1308 3339 1509 3410 ἥκιστα
1545 3337 1744 3404 ἔξωθεν
1768 3342 1823 3393 ἐ·
1875 3332 1891 3343 ’

242 3430 457 3500 νοχλεῖν
490 3429 566 3503 μὴ
596 3430 912 3500 δυναμένων
960 3433 1061 3501 τὴν
1114 3431 1277 3502 νῆσον
1306 3433 1409 3494 ἔτι,
1452 3429 1549 3483 ἅτε
1578 3429 1687 3484 τῶν
1724 3432 1822 3500 τῆς

144 3592 151 3599 α
241 3526 413 3595 νήσου
445 3522 790 3593 κρατούντων
816 3523 873 3575 ὲν
903 3520 1088 3585 ὅπλοις
1120 3522 1220 3593 ζῇν
1250 3522 1543 3588 εἰωθότων,
1594 3524 1689 3577 καὶ
1717 3523 1819 3576 ὅσα

244 3613 328 3676 εἰς
355 3612 592 3681 πόλεμον
623 3610 889 3679 ἓπεφύκει
924 3611 1360 3685 ἐπιτηδεύματα,
1393 3615 1487 3665 καί
1518 3612 1636 3683 ἅμα
1664 3614 1818 3666 εὐνο-

248 3702 384 3772 μίας
425 3704 482 3754 ἐν
507 3701 737 3771 ἀγοραῖς
760 3702 852 3754 καὶ
881 3702 1058 3759 δίκαιε
1086 3702 1525 3771 ἐπιπολαζούσης
1559 3708 1625 3774 τῇ
1650 3706 1821 3774 νήσῳ,

247 3793 563 3860 πλεονεξίας
594 3793 843 3866 ἀπούσης
881 3794 957 3859 ὼς
985 3795 1054 3848 τὰ
1094 3796 1286 3862 πολλὰ,
1328 3802 1419 3851 καὶ
1453 3796 1588 3866 πρὸς
1615 3795 1824 3861 τούτοις

243 3886 309 3941 εὖ
335 3888 573 3958 ἐχόντων
604 3888 853 3959 κράσεως
881 3887 1060 3959 ἀέρων
1087 3887 1363 3959 λαχόντων
1403 3889 1499 3960 τὴν
1533 3887 1715 3956 νῆσον,
1742 3887 1822 3941 ἔτι

244 3997 311 4033 τε
342 3979 582 4050 λιμένων
612 3981 707 4033 καλ
738 3980 981 4050 νεωρίων
1030 3980 1321 4048 παγκάλην
1350 3980 1581 4050 ἐχόντων
1608 3980 1708 4053 τὴν
1737 3978 1825 4033 θέ-

256 4090 365 4139 σιν,
395 4073 488 4125 καὶ
518 4073 729 4136 πάντας
761 4072 902 4142 μετὰ
936 4070 1222 4142 ῥᾳστώνης
1255 4064 1672 4142 ὑποδεχομένων
1697 4074 1824 4136 τοὺς

245 4163 578 4234 ὀθενδήποτε
623 4163 813 4233 χρείας
866 4162 1179 4234 ἑμπορικῆς
1225 4164 1588 4232 καταίροντας
1636 4163 1821 4227 ἕνεκα,

252 4258 331 4321 ὡς
358 4256 609 4326 γίνεσθαι
634 4255 727 4310 διὰ
762 4255 934 4310 ταῦτα
967 4253 1066 4325 τὴν
1097 4255 1209 4307 τῶν
1237 4254 1414 4307 ὠνίων
1434 4255 1624 4324 χρείαν
1647 4253 1826 4322 ,ἀφθο-

254 4350 499 4418 νωτέραν
533 4348 811 4411 πλουσίοις
846 4349 942 4400 καὶ
983 4347 1202 4416 πένησι,
1233 4346 1327 4398 καὶ
1357 4345 1476 4414 βίον
1511 4345 1824 4399 ἀταλαίπω-

256 4459 351 4510 ρον
381 4442 536 4509 ἄγειν
565 4439 693 4503 τοὺς
738 4436 1168 4507 προσοικοῦντας
1215 4435 1489 4491 ἐντεῦθεν.
1531 4436 1594 4489 Εί
1628 4436 1685 4489 δὲ
1736 4436 1824 4491 διὰ

1924 3275 2048 3314 men
2074 3260 2318 3329 alioquin
2338 3261 2482 3315 bona
2506 3258 2727 3313 fortuna
2750 3257 2855 3324 uti,
2876 3255 3024 3327 quod
3047 3256 3262 3310 externi
3284 3255 3496 3321 hostes,

1922 3366 2046 3405 cum
2097 3352 2291 3406 insula:
2325 3351 2531 3405 domini
2566 3349 2619 3403 in
2672 3348 2846 3403 armis
2889 3347 3224 3417 studiisque,
3268 3362 3393 3417 quae
3429 3346 3499 3412 ad

1923 3445 2128 3501 bellum
2177 3444 2477 3514 pertinent,
2512 3443 2700 3497 vivrre
2733 3440 2939 3497 assueti
2986 3449 3193 3507 essent,
3226 3454 3338 3495 nou
3374 3454 3496 3493 am-

1923 3538 2070 3610 plius
2103 3536 2363 3592 infestare
2393 3535 2629 3590 insulam
2663 3541 2911 3605 possent,
2940 3539 2993 3588 et
3031 3530 3181 3603 quod
3216 3531 3377 3587 bonae
3416 3530 3500 3586 le-

1921 3644 2017 3697 ges
2043 3629 2098 3682 in
2126 3627 2261 3682 foris
2279 3625 2617 3699 iudiciisque
2645 3625 2841 3681 insulsa
2869 3635 3245 3690 versarentur,
3266 3622 3496 3678 avaritia

1923 3729 2105 3775 autem
2161 3718 2278 3773 fere
2334 3718 2574 3773 abesset.
2632 3716 2750 3771 Huc
2805 3716 3069 3773 accedere
3114 3715 3261 3787 quod
3314 3714 3498 3771 sortiti

1923 3820 2107 3865 essent
2140 3810 2405 3871 insulam,
2435 3793 2557 3880 qua:
2583 3808 2849 3880 gauderet
2874 3809 3018 3863 bona
3059 3806 3186 3863 cteli
3235 3804 3501 3876 temperie

1922 3912 1980 3959 et
2004 3914 2265 3975 portuum
2291 3917 2357 3957 ac
2387 3902 2663 3955 navalium
2691 3901 3014 3973 praeclarum
3045 3899 3279 3954 haberet
3303 3899 3499 3961 situm,

1925 4005 1987 4050 ut
2018 4010 2210 4050 omnes
2227 3992 2386 4050 facile
2404 3993 2658 4064 accipere
2683 4000 2913 4063 possent
2935 3990 3029 4061 qui
3063 4000 3388 4045 mercatura:
3417 3989 3501 4042 fa-

1924 4087 2133 4142 ciendae
2155 4102 2321 4142 causa
2349 4087 2717 4156 undecunque
2748 4085 3098 4141 advenirent.
3136 4081 3498 4139 lud‘e'fackm

1925 4188 1986 4234 ut
2016 4195 2199 4235 rerum
2263 4179 2540 4233 venalium
2597 4178 2827 4232 facultas
2884 4177 3088 4247 largior
3132 4185 3189 4231 et
3234 4174 3500 4230 divitibus

1925 4282 1979 4327 et
2014 4270 2351 4342 pauperibus
2386 4269 2749 4338 contingeret,
2793 4278 2959 4336 atque
3009 4267 3175 4322 vitam
3229 4268 3346 4320 sine
3381 4282 3500 4319 mo-

1925 4365 2083 4420 lestia
2117 4363 2307 4418 incolae
2336 4370 2582 4432 agerent.
2602 4360 2744 4415 Num
2776 4360 2900 4415 ideo
2933 4360 3072 4415 fama
3103 4367 3225 4413 orta
3254 4359 3348 4424 sit,
3378 4373 3500 4427 qua:

1926 4457 2068 4512 inest
2104 4455 2157 4509 in
2196 4454 2523 4515 Graecarum,
2555 4453 2862 4526 fabularum
2892 4452 3126 4514 arcanis,
3157 4465 3291 4502 auro
3321 4464 3499 4516 quon-

252 4536 428 4590 ταῦτα
457 4536 554 4589 καὶ
591 4532 793 4602 χρυσόν
821 4547 955 4584 ποτε
995 4527 1218 4592 Ῥοδίοις
1241 4527 1368 4582 ὗσαι
1398 4528 1630 4597 νεφέλας
1664 4528 1820 4582 κατέ-

1928 4549 2050 4603 dam
2099 4546 2331 4603 Rhodiis
2361 4546 2569 4617 pluisse
2604 4522 2800 4609 nubes,
2865 4544 2919 4599 i‘d
2962 4544 3218 4613 equidem
3282 4543 3495 4605 nescio,

253 4648 339 4701 χει
379 4629 536 4698 λόγος
574 4630 686 4691 τοῖς
729 4625 838 4678 τῶν
886 4624 1222 4694 Ἑλληνικῶν
1268 4624 1457 4693 μύθων
1491 4622 1826 4701 ἀπορρήτοις

243 4694 692 4791 ξε’νδιαιτιῖιμενος,
716 4718 828 4787 ἐγὼ
867 4718 966 4787 μὲν
998 4718 1099 4770 οὐκ
1145 4718 1210 4771 ἄν
1243 4717 1361 4769 ποτ’
1394 4694 1618 4783 εἰδείην,
1654 4713 1830 4768 τοιού-

250 4838 361 4875 των
387 4815 709 4886 ὑπολήψεων
732 4814 940 4882 ἀμείνω
964 4811 1309 4880 κτησάμενος
1341 4809 1551 4863 ἄνωθεν
1574 4807 1825 4878 γνώμην,

253 4912 461 4980 λεγέτω
490 4909 534 4964 δ’
565 4909 712 4970 ὅστις
739 4907 961 4976 ἄμεινον
995 4903 1159 4975 είδείη
1188 4903 1254 4956 ἂν
1288 4903 1446 4974 ἐμοῦ.

326 5003 406 5059 Θ’.
442 4997 588 5056 Εἶεν.
614 4995 788 5069 *Ηρος
816 4997 860 5050 δ’
884 4995 986 5067 ήδη
1015 4994 1340 5066 χωροῦντος,
1368 4995 1427 5049 ὲν
1455 4988 1498 5054 ὦ
1522 4996 1615 5048 καὶ
1645 4993 1831 5047 πλειά-

252 5100 343 5161 δες
402 5095 664 5165 ἄρχονται
693 5090 933 5159 κήρυκές
987 5105 1047 5140 τε
1106 5088 1202 5141 καὶ
1249 5088 1552 5159 πρόδρομοι
1581 5088 1828 5156 γίνεσθαι

255 5191 359 5256 τῆς
390 5189 625 5259 ἡμέρας,
660 5184 864 5255 οὐρίοις
908 5181 1163 5236 κάκεῖθεν
1203 5181 1544 5253 χρησάμενοι
1585 5181 1831 5252 πνεύμα-

257 5302 345 5338 σιν
375 5282 720 5350 ἀνήχθημεν,
741 5276 816 5338 ὠς
842 5273 1187 5345 πεμπταίους
1232 5274 1382 5344 ἡμᾶς
1413 5275 1471 5338 ἐς
1496 5275 1735 5344 μεγάλην
1768 5291 1833 5339 τε,

260 5376 359 5430 καὶ
411 5372 529 5424 λίαν
555 5369 851 5438 εὐδαίμονα
874 5367 1171 5437 ἀφικέσθαι
1220 5365 1399 5429 πόλιν,
1435 5366 1534 5436 τὴν
1575 5365 1827 5429 Ἀλεξάν-

254 5467 441 5537 δρειὰν
455 5479 617 5533 φημι,
641 5459 1114 5529 πεντακισχιλίους
1128 5457 1375 5519 σταδίους
1396 5458 1704 5525 ἀπέχουσαν
1717 5457 1830 5510 Ῥόο

255 5562 373 5624 δου,
407 5559 669 5623 κειμένην
693 5553 739 5606 δ’
763 5556 820 5605 ὲν
850 5552 1021 5622 δεξιᾷ,
1051 5552 1103 5603 εί
1130 5566 1213 5612 τις
1241 5551 1297 5612 ἐς
1318 5550 1377 5601 τὸ
1394 5547 1830 5618 Ἡρακλεωτικὸν

257 5647 543 5717 καταίρειν
587 5645 760 5697 ἐθέλοι
809 5643 984 5711 στόμα
1032 5640 1127 5694 τοῦ
1161 5638 1381 5693 Νείλου.
1412 5640 1685 5706 Μέγιστος
1722 5644 1829 5710 γὰρ

258 5743 336 5795 ὢν
361 5738 625 5810 ποταμῶν
648 5740 674 5790 ὁ
704 5736 915 5799 Νεῖλος,
950 5733 1045 5789 καὶ
1072 5733 1199 5804 ὃλην
1224 5731 1401 5802 ἄρδων
1432 5733 1494 5784 ὲκ
1527 5734 1692 5802 μέσου
1735 5731 1832 5799 τὴν

250 5838 549 5903 Αἴγυπτον
576 5831 735 5900 μόνος
767 5828 953 5895 αὐτὸς,
1009 5824 1299 5896 ὁλόκληρος
1335 5825 1546 5878 κάτεισι
1576 5823 1831 5889 ζωννύων

1932 4641 2130 4696 talibus
2173 4639 2528 4710 opinionibus
2579 4637 2860 4691 meliorem
2910 4637 3236 4692 sententiam
3279 4634 3497 4689 cmlitus

1929 4732 2204 4803 adeptus:
2241 4730 2411 4797 dicat,
2446 4729 2700 4801 quisquis
2734 4744 2820 4783 me
2855 4729 3051 4782 melius
3085 4728 3212 4782 srit.

2001 5000 2092 5055 IX.
2124 4999 2381 5056 Ceterum
2411 5014 2538 5052 vere
2564 4980 2673 5067 jam
2712 4993 3072 5067 procedente.
3108 5009 3216 5065 quo
3257 5002 3501 5065 tempore

1930 5092 2097 5146 etiam
2129 5090 2379 5146 Pleiades
2410 5089 2682 5159 incipiunt
2710 5103 2992 5158 praecones
3022 5103 3144 5142 esse
3172 5098 3229 5141 et
3259 5102 3500 5156 pralcur-
3588 5138 3598 5150 ,

1930 5198 2086 5240 seres
2130 5183 2264 5247 diei,
2299 5182 2476 5237 ventis
2509 5179 2770 5235 secundis
2819 5181 2901 5233 usi
2937 5181 2988 5233 in
3042 5182 3212 5233 altum
3258 5177 3499 5247 provecti

1931 5292 2142 5340 sumus,
2177 5284 2239 5330 ut
2287 5276 2484 5345 quinto
2531 5275 2620 5328 die
2667 5273 3070 5337 Alexandriam,
3115 5270 3405 5331 maximam
3446 5282 3501 5325 ct

1931 5363 2407 5436 opulentissimam
2460 5362 2673 5427 urbem,
2701 5363 3035 5425 veniremus,
3084 5378 3205 5430 quae
3253 5362 3500 5431 quinque

1934 5457 2101 5511 millia
2117 5456 2423 5511 stadiorum
2450 5455 2616 5510 distat
2641 5472 2668 5508 a
2699 5454 2916 5517 Rhodo,
2941 5454 3127 5507 dextra
3156 5454 3283 5518 sita,
3307 5450 3349 5509 si
3376 5453 3503 5524 quis

1932 5550 1986 5628 in
2022 5549 2454 5604 lleracleoticum
2481 5546 2587 5601 Nili
2614 5548 2813 5601 ostium
2843 5546 3134 5601 decurrere
3166 5545 3313 5600 velit.
3342 5547 3501 5602 Nilus

1932 5643 2100 5704 enim,
2137 5641 2430 5695 ﬂuviorum
2464 5640 2754 5704 maximus,
2790 5637 2883 5708 qui
2913 5637 3397 5710 totaMzEgyptum
3430 5655 3499 5694 ex

1926 5735 2116 5803 medio
2134 5734 2286 5788 solus
2314 5733 2521 5801 irrigat,
2553 5748 2618 5787 ex
2650 5731 3029 5802 superioribus
3055 5731 3370 5805 regionibus
3399 5731 3502 5786 ali-

1936 5825 2112 5881 cunde
2142 5836 2297 5880 ortus
2331 5825 2553 5893 cingens
2584 5834 2705 5879 eam
2739 5823 3026 5877 universus
3076 5834 3239 5892 atque
3290 5823 3501 5896 integer
