1895 3062
351 291 650 349 JOANNIS
696 290 974 349 BOIVINI
1018 287 1430 345 DEDICATIO.
1475 340 1477 345 .

700 497 812 528 LUDO
821 497 915 527 ΠΕΟ
937 496 1099 528 MAGNO.

133 607 188 639 Ites
201 615 309 646 gerere
324 609 355 637 et
375 606 461 645 leges
478 605 553 636 dare
575 604 704 644 p0pulis
729 605 854 643 regium
870 606 929 634 est.
949 604 986 633 At
1003 611 1065 633 non
1089 607 1199 634 caetera
1222 603 1339 640 omnia,
1359 604 1483 634 tametsi
1502 602 1610 633 minus
1628 602 1708 633 illu-

97 658 163 688 stria
191 661 277 694 sunt,
309 657 355 687 sic
383 655 545 695 principes
576 663 709 695 magnos
739 654 906 691 dedecent,
930 659 964 685 ut
995 656 1113 686 artium
1146 662 1277 695 quoque
1306 659 1336 686 et
1361 654 1568 684 scientiarum
1600 660 1708 684 curam

97 709 257 748 negligere,
278 708 464 747 litterasque
481 711 511 738 et
529 706 627 737 libros
644 705 809 746 aspernari
835 705 981 736 debeant.
1008 706 1075 736 Hoc
1101 711 1185 737 certe
1204 705 1287 745 apud
1309 714 1422 736 omnes
1447 707 1581 741 constat,
1600 704 1709 735 Histo-

97 760 203 789 riarum
222 758 394 789 lectionem
410 757 520 788 utilem
536 757 710 787 admodum
727 755 957 795 etfrugiferam
975 764 1046 786 esse
1061 756 1304 795 imperantibus.
1319 756 1441 794 Itaque,
1459 755 1525 785 Rex
1540 755 1714 793 Augustis-

96 810 177 846 sime,
193 810 248 849 qui
267 809 363 848 hujus
383 808 510 848 generis
542 808 640 838 libros
668 807 811 838 oblatum
848 807 920 837 Tibi
952 807 1099 842 veniunt,
1130 806 1171 837 iis
1197 806 1283 846 justa
1313 806 1392 836 ratio
1422 814 1485 836 non
1517 806 1618 843 deest,
1649 814 1737 851 quaf

95 860 247 891 audaciam
264 868 354 890 suam
371 861 543 894 excusent;
562 867 669 898 neque
688 858 768 888 adeo
795 857 913 888 mirum
941 857 1092 897 cuiquam
1108 866 1180 888 esse
1195 857 1302 894 debet,
1323 856 1407 896 quod
1437 865 1496 895 ego
1521 856 1578 886 hos
1604 864 1714 887 rerum

97 910 332 950 llyzanlinarum
351 908 604 939 Commentarios
621 908 778 948 Itlajestati
798 909 874 939 Tua)
897 910 999 939 ausim
1021 909 1149 940 offerre.
1167 908 1340 939 Enimvero
1369 917 1429 944 me,
1453 907 1484 937 id
1509 911 1542 938 ut
1561 906 1714 938 faceremi

97 962 212 1000 primae
229 953 326 991 etiam
344 960 497 994 rationes,
513 967 548 989 ac
566 967 612 990 ea)
628 959 758 998 quidem
777 967 898 998 graves,
927 959 1076 990 timidum
1096 959 1333 998 ancipitemque
1363 958 1586 998 perpulerunt.
1619 959 1715 989 Eccui

95 1011 171 1041 enim
203 1011 322 1041 laboris
343 1011 404 1041 mei
423 1010 564 1041 fructum
594 1010 678 1040 hunc
708 1014 738 1040 et
769 1010 825 1040 has
845 1011 931 1041 velut
958 1010 1139 1041 studiorum
1159 1010 1317 1049 primitias
1351 1009 1458 1048 potius
1475 1018 1714 1040 consecrassem

95 1071 180 1100 quam
197 1063 279 1100 Τὼι,
296 1071 313 1094 a
336 1071 401 1102 quo
416 1062 447 1093 id
465 1071 561 1093 omne
580 1062 674 1093 habui
692 1063 777 1100 quod
794 1062 918 1093 affero?
934 1064 980 1093 Tu
997 1063 1114 1099 otium,
1132 1064 1179 1093 Tu
1197 1062 1308 1098 libros,
1326 1062 1372 1092 Tu
1398 1062 1567 1092 facultates
1595 1070 1717 1100 suppe-

94 1116 207 1146 ditasti.
223 1115 332 1154 Regiis
350 1115 447 1154 typis,
464 1115 573 1153 Regiis
590 1114 774 1154 sumptibus
790 1116 854 1146 tuis
872 1115 1010 1154 perfecta
1037 1116 1104 1146 haec
1132 1111 1246 1146 editio.
1273 1115 1364 1154 Opus
1391 1115 1496 1154 ipsum
1526 1123 1638 1154 magna
1665 1114 1718 1145 sui

96 1172 177 1206 parte
192 1177 230 1198 ex
245 1168 440 1199 Bibliotheca
457 1168 523 1198 Tua
540 1168 654 1206 prodit.
671 1167 763 1204 Quod
780 1168 817 1198 ad
835 1168 1010 1199 Historiam
1040 1168 1090 1198 bis
1116 1167 1207 1199 libris
1237 1166 1501 1207 comprehensam
1530 1167 1656 1201 attinet,
1681 1176 1718 1197 ea

94 1222 139 1248 est
155 1218 321 1257 ejusmodi,
340 1224 372 1250 ut
390 1218 537 1250 Francici
562 1219 702 1250 nominis
729 1228 793 1250 non
820 1220 977 1251 haeredem
1008 1221 1108 1251 modo
1134 1228 1169 1251 ac
1201 1220 1370 1255 vindicem,
1400 1219 1455 1250 sed
1486 1228 1718 1260 quemcunque

95 1274 272 1305 amatorem,
297 1269 344 1300 vel
381 1270 484 1309 primo
513 1270 706 1301 narrationis
737 1272 871 1301 exordio
899 1272 1004 1301 statim
1033 1271 1172 1301 allectet.
1205 1271 1338 1301 Initium
1356 1271 1476 1310 quippe
1500 1275 1559 1308 est,
1584 1276 1673 1311 capta
1701 1281 1720 1303 a

96 1321 205 1350 nostris
220 1320 540 1359 Constantinopolis:
559 1321 702 1351 divisum
723 1321 898 1361 gentilibus
914 1323 1003 1357 Tuis,
1017 1322 1174 1352 Balduino
1186 1322 1326 1352 Flandro
1342 1327 1372 1352 et
1384 1322 1545 1353 Ludovico
1561 1322 1719 1360 Blesensi,

96 1373 328 1404 nobilissimum
351 1374 524 1413 imperium
547 1374 812 1405 :Comnenorum
837 1383 914 1413 opes
933 1375 1068 1411 arcism;
1097 1374 1181 1404 vires
1205 1374 1320 1405 attritas
1349 1382 1384 1405 ac
1409 1375 1572 1414 dispersa).
1606 1376 1721 1414 Magna

95 1422 153 1453 lvaac
167 1427 197 1454 et
213 1424 375 1463 praeclara.
392 1424 455 1454 Sed
471 1423 610 1455 ulterius
627 1425 745 1455 deinde
760 1425 936 1465 progressis
955 1434 1017 1455 non
1038 1425 1160 1456 minora
1176 1430 1370 1456 occurrunt:
1387 1426 1584 1456 Francorum
1602 1425 1720 1465 ingens

92 1477 257 1514 exercitus,
289 1474 357 1507 sub'
375 1477 493 1508 Christi
519 1476 622 1516 signis
652 1477 795 1508 militans
812 1499 819 1513 ,
852 1478 925 1508 Asia
956 1478 1097 1514 subacta,
1120 1486 1169 1508 res
1194 1481 1273 1508 terra
1302 1482 1332 1507 et
1351 1478 1429 1508 mari
1459 1485 1476 1508 a
1505 1478 1629 1514 Carolo,
1653 1477 1721 1508 divi

92 1527 235 1559 Ludovici
274 1527 382 1565 fratre,
418 1532 526 1559 contra
554 1528 745 1559 Michaelem
778 1529 991 1567 Palaeologum
1022 1530 1148 1560 iortiter
1173 1533 1299 1567 gestae:
1325 1529 1548 1560 Catalanorum
1576 1528 1720 1568 denique

91 1582 169 1607 tuam
187 1583 217 1608 et
237 1579 354 1609 horum
372 1579 472 1618 gloria
489 1579 526 1610 ad
544 1588 603 1609 nos
620 1580 770 1620 pertinet)
798 1580 940 1611 victoria)
962 1580 1171 1611 incredibiles
1194 1580 1232 1610 de
1259 1579 1384 1615 Turcis,
1410 1580 1448 1611 de
1478 1579 1652 1618 Byzantiis,
1679 1579 1719 1610 do

88 1626 216 1657 Achaeis.
234 1627 309 1663 His,
327 1629 392 1658 Rex
407 1629 557 1664 Maxime,
575 1630 773 1660 ornamentis
801 1630 976 1669 insignem,
1007 1633 1038 1661 et
1061 1631 1188 1661 virtutis
1219 1630 1380 1660 Francicee
1406 1620 1599 1670 quibusdam
1628 1625 1720 1669 quasi

90 1675 264 1706 luminibus
284 1677 487 1713 “lustratam,
507 1678 678 1716 Nicephori
695 1680 844 1718 Gregnrae
870 1679 1044 1710 Historiam
1070 1679 1227 1718 benigne,
1254 1683 1287 1710 ut
1312 1687 1419 1719 spero,
1447 1683 1641 1719 excepturus
1672 1688 1719 1711 es.

88 1723 182 1756 Habet
201 1734 280 1757 vero
296 1726 470 1758 historicus
489 1728 558 1767 ipse
579 1729 690 1759 laudes
706 1730 862 1769 proprias,
890 1738 1024 1769 quarum
1054 1730 1335 1760 commendatione
1363 1730 1521 1769 optimum
1539 1730 1719 1769 principem

88 1774 171 1805 facile
189 1777 254 1808 sibi
281 1778 452 1814 conciliet;
476 1779 585 1809 nobile
600 1780 681 1818 apud
705 1788 782 1810 suos
802 1780 988 1819 Philosophi
1007 1788 1138 1816 nomen,
1155 1780 1301 1810 omnium
1317 1780 1383 1810 fere
1406 1780 1623 1811 doctrinarum
1641 1789 1718 1821 pro—

91 1826 260 1858 fessionem
284 1829 456 1867 publicam,
475 1829 708 1868 imperatorum
726 1830 978 1861 familiaritatem
1000 1839 1006 1861 :
1026 1838 1186 1870 supremze
1202 1831 1233 1861 in
1254 1828 1395 1861 Ecclesia
1421 1831 1529 1862 Grasca
1553 1831 1719 1870 dignitatis

91 1878 219 1918 insignia
241 1881 411 1920 repudiata
431 1890 438 1912 :
455 1886 485 1912 et
506 1884 585 1921 (quo
611 1883 692 1913 nihil
721 1885 806 1922 apud
821 1884 885 1920 Te,
902 1883 1068 1921 religionis
1091 1891 1173 1914 verte
1200 1882 1414 1920 defensorem,
1442 1883 1544 1923 majus
1570 1884 1719 1916 futurum

89 1930 139 1969 εει)
161 1931 294 1962 labores
314 1939 372 1970 pro
396 1937 481 1963 recta
498 1932 572 1963 ﬁdei
586 1933 729 1964 doctrina
747 1934 784 1965 ad
804 1938 986 1965 extremum
1012 1933 1163 1972 spiritum
1185 1933 1370 1965 exhaustos.
1401 1932 1461 1964 Sed
1475 1932 1553 1973 quid
1572 1942 1631 1974 ego
1653 1933 1721 1965 huic

85 1983 208 2020 Tecum,
229 1985 303 2015 Rex
323 1985 573 2025 Augustissime,
600 1986 708 2018 alieno
727 1987 822 2027 plane
845 1986 1012 2026 tempore?
1035 1996 1106 2017 cum
1138 1994 1253 2018 omnes
1273 1986 1485 2025 cogitationes
1505 1988 1590 2018 Tuas
1619 1990 1666 2018 tot
1687 1993 1719 2020 et

87 2038 162 2066 tanta
191 2037 329 2074 negotia
361 2037 423 2067 sibi
453 2036 637 2075 vindicant;
666 2047 739 2069 cum
771 2039 926 2077 cogendaa
956 2040 1173 2078 undecunque
1208 2038 1364 2077 legiones,
1397 2039 1515 2069 classes
1546 2039 1716 2076 armandae,

86 2089 253 2119 munienda
274 2089 413 2128 oppida;
432 2090 538 2122 hostes
555 2099 620 2122 non
637 2090 757 2122 nostris
777 2091 898 2128 solum,
922 2091 976 2122 sed
999 2095 1030 2121 et
1053 2091 1216 2121 soaiorum
1248 2089 1366 2121 ﬁnibus
1390 2090 1538 2127 arcendi;
1562 2099 1634 2122 cum
1660 2092 1717 2123 de-

85 2139 175 2178 nique
190 2144 222 2171 et
241 2141 439 2180 papulorum
462 2142 563 2178 salus,
593 2145 624 2173 et
648 2151 759 2181 regum
790 2143 903 2178 tutela,
930 2147 961 2173 et
988 2142 1083 2173 totius
1114 2150 1195 2180 pene
1212 2142 1301 2172 orbis
1327 2146 1483 2173 terrarum
1513 2151 1589 2174 cura
1611 2143 1716 2181 provi-

82 2191 218 2222 dentiam
239 2193 345 2222 'I‘uam
362 2191 400 2222 ad
425 2201 459 2223 se
481 2197 641 2224 revocant.
668 2193 763 2224 Plura
792 2184 919 2224 desino,
949 2195 987 2224 At
1013 2194 1072 2228 Tu,
1099 2192 1210 2232 regum
1241 2194 1391 2230 Maxime,
1421 2198 1486 2225 tum
1515 2194 1715 2233 sapientibus

83 2242 240 2279 consiliis,
260 2234 330 2272 tum
355 2242 454 2272 armis
476 2242 661 2274 victricibus
679 2243 762 2274 bella
778 2251 956 2282 compone;
978 2247 1022 2278 ut,
1043 2251 1117 2282 pace
1147 2243 1292 2274 hostibus
1321 2243 1487 2282 imperata,
1501 2243 1569 2274 Tibi
1588 2237 1717 2275 et'Tuis

83 2294 204 2333 longum
223 2294 330 2325 vivas.
349 2295 423 2325 Hmc
438 2298 513 2325 sunt
530 2298 603 2330 vota
624 2295 764 2333 publica.
793 2295 860 2325 Hoc
881 2295 1007 2333 religi'o,
1038 2295 1099 2325 hoc
1124 2295 1263 2326 alumnae
1282 2299 1355 2329 tuae.
1376 2299 1459 2326 artes
1484 2300 1514 2326 et
1546 2295 1710 2331 scientim;

83 2346 132 2377 hoc
147 2348 247 2378 novis
282 2347 427 2386 quotidie
448 2356 504 2386 per
527 2348 572 2377 Te
589 2347 707 2386 opibus
730 2346 894 2383 ﬂorentes,
920 2347 1113 2378 Bibliotheca
1139 2348 1236 2386 Regia
1269 2350 1298 2378 et
1316 2348 1468 2387 Luparma
1489 2348 1714 2389 Typographia

83 2408 202 2430 [necum
225 2402 360 2430 vovent.

84 2504 121 2513 ..Α

134 2506 328 2514 ›---.--ο

427 2586 692 2632 JOANNIS
738 2583 978 2630 BOIVINI
1030 2583 1373 2637 PBJEFATIO.

105 2756 198 2784 Aunus
215 2756 265 2782 hic
289 2755 411 2782 dwimus
426 2761 542 2790 quartus
569 2761 619 2787 est,
638 2763 668 2783 ex
687 2763 740 2790 quo
758 2755 869 2782 Carolus
923 2755 1002 2785 rivos,
1023 2755 1066 2789 qui
1089 2753 1115 2780 in
1145 2753 1307 2780 bibliotheca
1333 2752 1414 2786 Regia
1435 2749 1614 2784 manuscripti
1628 2754 1718 2780 exsta_

77 2802 239 2838 it.u':||tgllIS,
259 2803 301 2828 vir
329 2803 362 2829 de
392 2803 489 2830 litteris
516 2802 646 2837 praeclare
668 2802 791 2834 interitus,
803 2801 871 2829 mihi
926 2805 996 2831 rent,
1016 2799 1111 2826 Latine
1125 2804 1280 2830 verterem;
1299 2803 1329 2824 ut
1349 2802 1490 2832 postquam
1506 2795 1628 2822 absoluta
1641 2799 1717 2821 esset.

75 2855 165 2876 auc’or
187 2850 254 2880 fuit,
274 2854 303 2875 ut
319 2849 465 2883 Nicephori
483 2848 615 2884 Gregorii:
630 2848 712 2877 libros
728 2856 773 2877 ses
790 2848 874 2876 histo-
928 2847 1012 2875 editio
1027 2847 1153 2874 Chron‘ci
1174 2845 1318 2876 I‘asrhalis,
1334 2843 1377 2872 cui
1389 2843 1433 2870 ille
1444 2849 1554 2869 manum
1568 2846 1718 2869 extremam

193 2897 344 2927 PA'I‘IIOL.
373 2897 433 2927 Gn.
462 2896 623 2927 CXLVIII.
892 2916 898 2918 μ
1095 2938 1115 2941 μ
1502 2892 1513 2921 1
