1895 3062
157 171 186 203 il
806 170 941 201 JUANNI

1031 171 1120 202 t1VlN
1128 173 1138 201 Ι
1749 178 1781 208 lg

154 230 319 265 imponebat,
335 228 353 255 ii
368 236 416 256 sex
433 229 504 260 libri.
519 228 551 256 ad
572 236 618 256 eos
639 235 708 264 quos
722 227 837 255 Wolﬁus
853 229 946 263 vnlga-
961 230 982 258 Α
998 233 1155 255 accuratum
1181 229 1312 257 librorum
1344 239 1398 264 xxi,
1421 232 1447 258 in
1477 240 1530 259 uno
1545 232 1637 260 codice
1659 234 1788 263 Vaticano

155 276 236 302 vissct
261 275 393 310 atljuucti,
417 274 509 310 Regiis
530 275 599 310 typis
630 274 835 301 mandarentur.
866 273 945 300 Erant

155 328 210 350 tum
227 330 278 357 ego
299 321 459 357 colligendis
481 321 587 349 Libanii
609 320 737 356 Epistolis
760 321 897 353 intentus,
918 325 946 347 et

156 368 266 394 Latinas
282 367 337 402 jam
358 375 373 394 e
389 367 491 394 Graecis
516 367 633 394 feceram
654 376 708 394 non
734 374 844 402 paucas.
866 365 945 393 Senis

155 414 305 442 doctissimi
325 413 440 440 coasilio
462 414 590 447 jttvenem
608 421 651 439 me
673 418 700 440 et
716 413 849 439 novitium
867 419 945 446 pare—

154 470 182 488 re
200 469 306 495 a'quum
328 460 389 487 fuit.
402 459 521 486 Tametsi
537 460 617 495 igitur
633 459 834 486 atttmttitatibus
850 464 877 485 et
889 458 944 485 ele-

153 507 252 542 gantiis
271 505 428 533 Libanianis
452 506 520 532 mire
547 505 712 536 delectabar,
730 508 758 531 et
777 505 810 531 ab
830 504 862 531 iis
874 509 944 538 aegre

152 552 338 582 discedebant,
357 556 447 578 tattteu
473 551 510 578 illi
530 558 590 578 sunt
613 550 779 581 obsecutus;
797 549 879 584 idque
912 555 945 576 eo

155 599 283 631 maxime,
303 598 375 632 quod
401 597 434 624 ad
453 597 538 631 ipsius
564 596 770 623 adhortationes
797 594 946 622 accedebat

154 645 280 672 voluntas
305 644 479 671 illustrissimi
505 642 735 676 AbbatisCamilli
749 641 870 673 Tellerii,
887 640 944 668 exi-

154 691 206 718 mia
222 690 313 719 indole
336 690 491 726 prtestantis
507 693 535 717 et
559 696 628 724 supa
661 694 769 716 a-tatem
787 688 858 715 docti
879 687 945 715 ado-

154 735 294 768 lescentis,
318 737 361 764 cui
388 744 431 763 me
457 741 484 763 et
507 743 565 763 mea
581 735 672 761 omnia
698 734 788 761 studia
803 741 943 765 voveram,

152 783 325 810 bibliothecae
343 782 434 818 Reglm
460 781 597 816 praefecto,
616 787 697 815 atque
712 788 745 807 eo
763 788 874 806 munere
887 779 943 814 jam

152 835 209 856 tum
223 836 285 856 sese
301 829 411 864 dignum
431 827 567 863 probanti.
581 827 631 854 llic
644 831 674 854 ut
694 827 814 854 laborem
831 826 943 860 imposi-

152 881 209 904 tum
225 876 357 903 alacriore
381 875 473 901 anituo
490 874 669 908 susciperem,
686 873 767 900 etiam
784 872 879 906 patris,
893 872 942 900 viri

151 921 261 954 summi,
277 921 466 948 auctoritatem
497 919 671 955 interposuit,
686 927 739 946 tton
759 920 818 946 belli
843 920 943 951 solum,

151 969 198 996 sed
226 973 253 996 et
271 967 449 1005 seietttiarum
464 967 651 1001 bonarumque
666 966 764 993 artium
789 973 881 992 curam
898 966 944 993 de-

150 1014 304 1042 mandatam
322 1022 337 1040 a
355 1013 427 1049 Rege
444 1017 508 1040 tunc
522 1012 695 1040 sustinentis.

186 1059 234 1087 llis
259 1058 390 1093 auspiciis
415 1058 448 1086 ad
476 1058 560 1085 libros
575 1058 700 1093 Gl‘CgOl‘iB
718 1057 941 1092 interpretandos

155 1113 300 1141 aggressus
325 1104 383 1131 laeta
412 1109 439 1131 et
458 1104 545 1130 fausta
560 1104 650 1130 omnia
668 1104 732 1130 mihi
753 1104 917 1136 spondebant
935 1113 941 1130 :

150 1151 198 1178 sed
226 1158 269 1178 res
304 1151 361 1185 ipsa
390 1150 546 1185 opinionem
577 1157 663 1176 ineant
691 1149 806 1175 multum
839 1149 942 1177 l‘cl‘ellit.

151 1198 257 1225 Etenim
283 1197 378 1232 paucis
393 1201 454 1232 post
471 1196 567 1223 diebus
583 1196 650 1222 obiit
664 1196 686 1222 is
701 1197 745 1230 qui
759 1195 825 1222 mihi
844 1204 943 1223 novatn

150 1246 202 1273 iter
230 1244 353 1280 ingresso
378 1243 474 1278 prteire
499 1250 529 1269 ac
554 1242 705 1276 praelucere
731 1250 801 1268 unus
827 1250 943 1269 maxime

151 1290 273 1318 omniunt
293 1294 409 1325 poterat,
428 1288 548 1323 optimus
573 1293 599 1314 et
615 1288 744 1314 eruditiss
757 1295 817 1314 tttus
834 1288 941 1314 Ducari-

151 1337 221 1372 gius.
231 1335 287 1363 llac
294 1335 449 1370 Byzantina:
463 1331 583 1362 historize
599 1333 658 1360 face
669 1334 814 1362 exstincta.
829 1334 878 1360 via:
889 1340 941 1360 non

153 1385 219 1410 satis
234 1389 335 1417 gnarus
352 1381 474 1408 laborem
497 1387 528 1407 ac
553 1379 721 1415 diligentiam
737 1379 859 1406 subsidio
877 1379 941 1406 mihi

152 1428 328 1463 comparavi;
349 1432 376 1454 et
396 1433 494 1454 eorum
521 1433 567 1453 sex
597 1425 739 1457 librorum,
763 1433 878 1459 quorum
898 1425 942 1453 ille

152 1474 195 1501 vix
214 1482 296 1501 unum
308 1473 404 1500 Latine
415 1480 523 1500 versum
542 1471 683 1506 proximus
703 1471 782 1497 morti
799 1471 942 1506 relegerat,

151 1519 408 1554 interpretationem
425 1518 557 1553 integram
574 1522 634 1551 post
650 1517 753 1544 obitunt
769 1518 827 1550 ejus
843 1522 939 1544 utcun-

998 274 1183 308 exstantium;
1199 283 1315 310 quorum
1334 276 1439 311 printus
1450 282 1523 305 esset
1533 279 1660 313 δευτέρου
1683 279 1787 314 statim.

998 319 1076 354 λόγος
1097 322 1130 354 ζ’,
1145 323 1170 350 id
1186 327 1239 354 est,
1253 322 1382 351 Secunda
1407 325 1494 352 Partis
1508 325 1574 352 liber
1589 326 1725 360 septimus,
1739 335 1786 354 seu

999 367 1081 394 totius
1111 367 1231 396 historiae
1263 369 1387 397 decintus
1421 376 1549 404 octavus;
1579 371 1690 399 ultintus
1722 381 1787 401 vero

997 413 1380 458 inscriberetur,.'Pwy.a'ixﬁ;
1409 419 1529 453 ἱστορίας
1549 417 1600 453 λη’,
1616 426 1663 446 seu
1680 418 1788 454 Byzan-

997 459 1059 485 tina:
1075 460 1201 487 Historia:
1218 460 1283 488 liber
1299 461 1454 490 XXXVIII.

1032 505 1237 540 Peropportune
1265 513 1357 535 autcttt
1388 510 1499 540 accidit,
1519 516 1548 538 ut
1567 511 1660 540 Romae
1684 521 1733 548 per
1761 513 1788 541 id

997 555 1107 585 tempus
1137 559 1354 594 commoraretur
1387 554 1429 581 vir
1458 555 1629 585 humanitate
1657 559 1787 594 singulari

996 597 1125 631 prteditus
1148 597 1168 624 Ι.
1193 590 1346 630 Vivantius.
1377 601 1406 628 S.
1435 601 1467 628 T.
1493 601 1592 630 Doctor
1612 590 1787 638 Parisiensis,

997 642 1124 678 idemque
1141 644 1237 672 Socius
1260 645 1438 674 Sorbonicus.
1451 647 1537 684 Hujus
1548 657 1612 677 cura
1629 641 1657 678 et
1670 650 1787 679 oﬂiciosa

995 688 1028 715 R.
1044 689 1071 716 P.
1099 689 1128 716 D.
1154 690 1326 726 Stephanotii
1355 694 1511 728 sedulitate,
1526 695 1680 730 sumptibus
1695 702 1787 724 autem

996 733 1036 762 lll.
1053 736 1164 766 Abbatis
1176 739 1279 766 Camilli
1296 738 1416 773 Tellerii,
1433 740 1518 768 libros
1535 749 1673 769 uovemex
1692 742 1788 770 codice

996 779 1127 810 Vaticano
1154 784 1306 816 descriptos
1337 790 1365 813 et
1392 786 1477 813 Ruina
1498 787 1532 814 ad
1558 795 1601 814 nio
1616 788 1709 816 allatus
1724 796 1787 816 cum

995 828 1074 855 avide
1109 829 1259 865 legissem,
1287 825 1467 859 animadverti
1504 841 1563 860 eam
1603 834 1687 868 ipsam
1726 842 1788 862 esse

996 873 1140 902 Historiam
1169 876 1383 910 ecclesiasticum,
1399 877 1476 912 cujus
1495 879 1599 906 mentio
1625 879 1693 906 facta
1713 884 1788 907 esset

995 927 1010 947 a
1028 921 1178 949 Possevino
1195 922 1223 949 in
1239 923 1376 957 Apparatu
1392 932 1476 950 sacro.
1496 924 1527 950 lli
1551 932 1647 952 novem
1664 925 1735 960 libri,
1752 926 1787 953 ad

996 965 1122 993 undecim
1138 965 1290 994 Wolﬁanos
1318 972 1346 994 et
1373 970 1406 994 ad
1435 967 1495 994 illos
1508 975 1568 998 sex,
1583 969 1628 1002 qui
1646 976 1727 1003 penes
1742 977 1787 997 me

995 1015 1083 1043 crattt,
1104 1009 1218 1045 adjecti,
1242 1011 1370 1038 litirorutn
1388 1011 1481 1046 viginti
1505 1019 1552 1038 sex
1567 1020 1709 1040 numerum
1727 1013 1786 1040 em-

995 1056 1114 1083 ciebant.
1145 1056 1209 1084 Post
1238 1057 1398 1084 vicesimum
1425 1063 1531 1084 sextum
1567 1058 1661 1085 deerat
1696 1059 1787 1087 adhuc

994 1103 1073 1130 nobis
1088 1103 1234 1130 vicesimus
1259 1104 1401 1138 Septimus.
1421 1103 1539 1131 Caeteros
1568 1103 1595 1130 in
1619 1098 1786 1134 bibliotheca

994 1147 1077 1183 Regia
1098 1149 1276 1180 habebamus,
1299 1148 1419 1184 exceptis
1436 1149 1559 1185 quinque
1579 1149 1692 1180 ubimis.
1714 1152 1786 1180 Tan-

994 1195 1055 1221 dem
1071 1199 1097 1222 ct
1110 1196 1137 1222 hi
1148 1203 1265 1230 quoque,
1275 1204 1326 1223 una
1336 1204 1396 1224 cum
1412 1197 1542 1225 vicesimo
1551 1198 1675 1232 septitno,
1686 1199 1785 1235 integri

993 1240 1026 1266 ad
1043 1247 1093 1266 nos
1115 1246 1310 1275 pervenerunt,
1339 1241 1470 1268 Friderici
1487 1241 1659 1276 Rostgaardii
1684 1244 1784 1271 nobilis

995 1285 1061 1312 Daui
1077 1294 1159 1320 opera
1185 1290 1213 1313 et
1228 1286 1383 1321 sumptibus
1397 1295 1404 1319 ;
1422 1294 1473 1321 qua
1489 1287 1598 1322 quidem
1615 1288 1649 1316 de
1665 1297 1694 1316 re
1712 1289 1785 1318 inl'ra

995 1331 1090 1359 fusius.

1030 1381 1102 1407 Inter
1128 1381 1186 1408 lucc
1202 1381 1329 1415 aequitate
1347 1387 1374 1408 et
1402 1382 1588 1411 moderatione
1606 1383 1716 1412 victoris
1731 1385 1785 1412 Lu-

993 1426 1082 1454 dovici
1112 1426 1199 1462 Magni
1228 1434 1279 1461 pax
1305 1426 1421 1462 Europae
1448 1429 1572 1456 restituta
1602 1434 1654 1457 est.
1672 1431 1784 1459 Solutus

991 1475 1045 1510 jam
1071 1473 1231 1508 urgentibus
1256 1473 1407 1501 diilicilium
1425 1478 1576 1509 temporum
1606 1476 1680 1503 curis
1704 1477 1782 1512 regni

993 1519 1157 1547 administer
1172 1520 1258 1554 (nunc
1284 1519 1405 1547 Francia:
1422 1521 1612 1556 cancellarius)
1627 1521 1783 1551 Ludoricus

151 1573 204 1600 que
218 1564 332 1593 absolvi.
356 1563 431 1591 Bello
457 1563 565 1590 deutunt
593 1562 677 1590 atroci
715 1570 764 1598 per
788 1562 942 1589 universam
957 1573 978 1602 ρ
996 1565 1234 1592 Ponebartra‘nius
1249 1565 1284 1592 ad
1296 1573 1329 1592 ea
1344 1573 1404 1600 qua:
1420 1566 1470 1593 sibi
1488 1567 1675 1595 conniiendata
1690 1577 1704 1595 a
1720 1576 1785 1604 rege

152 1611 291 1646 EurOpam
318 1609 445 1636 smVienle
473 1609 626 1644 interrupta
643 1609 717 1644 pacis
738 1615 830 1643 opera.
849 1609 940 1644 itaque

151 1661 179 1684 et
194 1655 320 1691 Gregorio
337 1655 422 1682 nostri
448 1654 532 1682 editio
559 1655 586 1681 in
608 1654 681 1681 aliud
710 1657 818 1688 tempus
835 1654 915 1681 dilata
935 1664 942 1682 :

153 1702 198 1729 cui
215 1700 314 1729 deinde
328 1708 404 1727 mora
420 1700 470 1727 alia
487 1699 670 1728 funestissima
685 1700 796 1732 accidit,
807 1700 942 1727 marchio-

156 1748 200 1775 nis
216 1747 328 1774 Tcllerii
341 1746 460 1773 Luvoisii
472 1753 546 1773 mors
557 1746 786 1780 repentina;quae
803 1746 944 1781 pr:cc|aras

153 1792 214 1820 illas
252 1792 446 1827 cogitationum
485 1798 605 1818 mearum
642 1798 704 1825 spes
740 1790 852 1817 omnino
888 1790 943 1817 fere

154 1838 263 1867 evertit.

187 1884 324 1912 Ceterum
350 1891 383 1910 ex
411 1882 445 1910 iis
473 1882 539 1917 ipsis
555 1881 671 1917 publicis
687 1881 855 1916 privatisque
869 1881 942 1909 cala-

153 1931 293 1958 mitatibus
306 1930 422 1957 fructum
442 1929 514 1956 hunc
528 1928 601 1963 cepi,
616 1928 688 1963 quod
701 1927 766 1954 mihi
783 1935 830 1962 per
846 1927 940 1954 decem

151 1985 239 2005 annos
255 1985 286 2005 ea
304 1985 364 2011 qua:
381 1975 551 2010 Scripsissem
569 1974 706 2009 corrigere
721 1979 747 2001 et
760 1981 897 2006 accurare,
910 1982 942 2001 ac

153 2030 283 2060 prmterea
301 2023 368 2050 alios
381 2022 507 2057 Grcgora:
532 2021 617 2048 libros
636 2028 733 2047 eruere
749 2028 762 2046 e
777 2020 897 2048 tenebris
915 2026 942 2049 ct

153 2071 189 2098 ad
207 2069 270 2096 illos
289 2075 358 2103 quos
378 2067 495 2102 primum
514 2065 671 2093 habuissent
699 2066 797 2093 addere
826 2067 939 2094 vacavit.

154 2115 242 2143 Variis
270 2121 369 2148 nempe
390 2112 515 2139 codicum
539 2111 786 2145 nanuscriptorutu
815 2111 942 2147 catalogis

157 2161 284 2198 perlectis
310 2159 443 2189 intellexi,
456 2158 544 2184 editos
569 2157 651 2184 [niese
674 2166 687 2184 a
704 2157 858 2191 Niceplioro
873 2157 940 2185 Gre-

155 2216 218 2244 gora
236 2206 360 2244 Historia:
374 2206 527 2240 Byzantina:
546 2206 629 2233 libros
645 2206 730 2232 inulto
746 2205 847 2239 plures,
858 2213 940 2240 quant

994 1616 1083 1642 erant,
1103 1611 1177 1645 paris
1195 1616 1356 1638 ornanteuta
1373 1611 1563 1646 ampliﬁcanda
1577 1616 1663 1640 totum
1677 1621 1707 1641 se
1721 1614 1783 1642 aui-

994 1665 1039 1682 nto
1055 1661 1082 1683 et
1097 1656 1262 1691 cogitatione
1277 1657 1421 1683 convertit.

1030 1699 1169 1734 Lllpitr’diiﬂ
1194 1699 1308 1726 utile-ina:
1335 1703 1413 1734 typos
1439 1699 1568 1733 Graecos,
1591 1709 1711 1729 omnium
1736 1702 1783 1737 qui

994 1753 1114 1781 unquam
1136 1745 1246 1772 fuerunt
1267 1745 1494 1780 elegantissimos,
1510 1746 1622 1774 inutiles
1637 1754 1662 1774 et
1680 1748 1784 1776 otiosos

993 1799 1090 1818 vacare
1118 1798 1191 1826 ψει-ε
1215 1790 1322 1818 ferebat
1351 1790 1471 1818 Joannes
1499 1791 1599 1819 Paulus
1622 1793 1782 1828 Bignouius,

994 1837 1078 1864 abbas
1100 1837 1296 1870 nobilissimus,
1319 1845 1412 1865 centes
1439 1838 1518 1866 hodie
1543 1840 1783 1869 consistorianus:

994 1883 1040 1917 qui
1061 1882 1119 1917 ipso
1149 1883 1211 1910 belli
1242 1888 1375 1918 tempore,
1390 1891 1451 1910 cum
1469 1885 1620 1911 avunculus
1643 1885 1784 1914 Panchar-

993 1929 1105 1956 trmuius
1135 1929 1250 1956 inlinilis
1281 1928 1396 1963 negotiis
1417 1929 1635 1963 distringeretur,
1655 1931 1724 1966 reip.
1737 1933 1784 1959 iit—

995 1975 1102 2002 tcrariaa
1118 1980 1144 2002 et
1170 1974 1368 2007 acadentiarum
1387 1976 1448 2008 jura
1464 1975 1502 2002 sic
1519 1979 1621 2002 tutatus
1637 1975 1736 2006 fuerat.
1753 1983 1784 2005 ut

993 2025 1097 2048 etsuus
1114 2021 1211 2048 litteris
1235 2020 1323 2046 honos
1346 2025 1480 2055 perpetuo
1499 2026 1554 2047 tum
1574 2022 1738 2054 constiterit,
1754 2028 1783 2050 et

992 2059 1243 2094 vi-ris‘academicis
1268 2067 1376 2101 praemia
1401 2066 1434 2094 de
1459 2073 1534 2093 more
1551 2066 1686 2101 persoluta
1713 2068 1781 2097 sint.

992 2113 1021 2140 Ei
1049 2113 1140 2148 igitur,
1164 2111 1266 2147 pacatis
1293 2111 1349 2146 jam
1377 2116 1405 2139 ct
1435 2106 1587 2147 tranqmllts
1605 2112 1698 2146 rebus,
1717 2121 1783 2142 cura

994 2160 1054 2187 haec
1078 2160 1127 2186 luit
1156 2167 1209 2186 non
1241 2163 1386 2192 postrema,
1415 2158 1523 2186 Cra-cos
1549 2159 1631 2186 libros
1659 2165 1785 2194 typorutn

998 2206 1143 2240 ltegiortun
1161 2205 1220 2231 luce
1246 2204 1391 2231 illustrare.
1401 2195 1484 2231 Unde
1499 2209 1527 2231 et
1541 2213 1593 2236 nte,
1610 2205 1690 2240 longo
1704 2206 1784 2233 lanti-

155 2257 221 2288 quot
245 2251 303 2279 sive
327 2249 453 2284 impressi
479 2249 536 2277 sive
560 2257 641 2276 manu
670 2249 763 2284 scripti
791 2249 818 2275 in
843 2249 943 2284 pluteis
959 2251 980 2278 [ι
999 2249 1126 2276 liaruatis
1156 2256 1205 2275 usu
1230 2249 1416 2282 conjunctum,
1445 2248 1568 2276 hortatus
1592 2254 1643 2282 est,
1659 2255 1688 2277 ut
1703 2249 1784 2278 Nice—

159 2296 250 2332 licgiis
273 2298 422 2323 exstarent.
450 2293 553 2320 Docuit.
574 2301 617 2320 me
639 2292 779 2323 Labbeus,
811 2294 942 2328 repositOs

158 2344 241 2371 latere
259 2343 285 2369 in
304 2341 468 2369 bibliotheca
485 2339 649 2366 Scorialensi
677 2339 759 2367 libros
775 2340 833 2375 ejus
848 2346 942 2367 aucto-

158 2395 194 2414 ris
218 2386 361 2414 historicos
395 2383 579 2418 undetriginta
608 2393 615 2410 :
643 2391 693 2410 nec
725 2383 809 2410 tuulto
834 2388 894 2418 post
916 2384 941 2410 in

157 2435 277 2461 codicem
293 2431 406 2467 Regium
434 2430 526 2463 incidi,
541 2429 585 2464 qui
605 2430 763 2456 vicesimum
778 2437 802 2455 οι
814 2434 902 2456 ιίινυειι
917 2434 944 2456 et

156 2479 317 2507 vicesimum
340 2485 442 2504 uomitu
471 2476 618 2503 historicos
636 2475 762 2507 habebat,
786 2483 849 2502 cum
878 2483 945 2510 qua-

159 2533 219 2553 tuor
235 2523 395 2560 tloguiaticis
408 2523 580 2557 conjunctos.
599 2522 685 2549 Didici
703 2529 734 2547 ex
750 2523 889 2555 ,tpparattt
901 2529 945 2548 sa—

157 2581 200 2598 rro
220 2571 329 2598 Antonii
355 2569 494 2596 Possevini
523 2573 551 2595 et
574 2576 607 2595 ex
634 2567 718 2595 veteri
744 2567 942 2602 catalogoms.,

157 2616 291 2645 asservari
319 2616 347 2642 itt
373 2614 537 2642 bibliotheca
565 2612 693 2640 Vaticana
708 2611 854 2640 Historiam
871 2612 944 2645 ejus-

158 2664 219 2690 dem
256 2661 383 2696 Gregora:
420 2659 642 2691 ecclesiasticam,
670 2663 698 2685 et
723 2658 789 2685 Acta
822 2657 943 2689 euneilii,

158 2717 206 2737 seu
229 2709 270 2742 (ut
294 2707 396 2734 ibidctn
419 2708 542 2740 vocatur)
558 2704 757 2740 ΛῌΣΤΡΙΚΗΣ
776 2703 944 2736 ΣΥΝΟΔΟΥ,

159 2763 192 2783 ac
207 2754 392 2782 narrationem
411 2752 609 2788 persecutionis
635 2751 662 2777 in
683 2750 852 2777 erthodoms
868 2755 946 2776 mutze

158 2809 174 2828 a
187 2799 339 2828 Palamitis.
359 2798 474 2826 Domum
491 2797 525 2825 lt.
539 2797 568 2824 P.
583 2796 613 2823 ι).
627 2796 746 2824 Joannes
763 2794 945 2825 lllabillonius,

159 2847 205 2882 qui
222 2851 315 2874 nostra
340 2845 398 2873 haec
425 2843 515 2872 studia
535 2841 680 2877 adjuvautli
697 2841 799 2868 trullam
825 2840 947 2868 occasio-

159 2903 222 2923 nem
247 2893 439 2931 pra‘termittit,
466 2888 677 2919 communicavit
694 2895 801 2916 mecum
823 2887 943 2916 indicem

996 2295 1075 2330 pltori
1093 2294 1219 2328 Gregdra:
1234 2294 1344 2328 scripta,
1356 2289 1421 2328 quae
1443 2298 1536 2328 parata
1559 2294 1658 2321 habere
1675 2303 1718 2321 me
1735 2303 1785 2322 sa:—

995 2340 1056 2373 pius
1069 2338 1215 2370 dixissem,
1231 2336 1308 2373 ltegii
1325 2338 1500 2372 typograpltei
1523 2338 1612 2372 przelis
1628 2339 1785 2366 committe-

996 2393 1051 2412 rent
1068 2385 1279 2418 quamprimum.
1309 2384 1364 2420 Ego
1382 2392 1447 2412 vero
1468 2385 1699 2419 permittentibus,
1730 2386 1787 2413 imo

993 2430 1156 2464 jubentibus
1170 2430 1202 2457 iis
1219 2438 1337 2464 quorum
1363 2438 1468 2457 summa
1491 2435 1533 2457 est
1547 2433 1618 2464 apud
1633 2439 1675 2457 me
1691 2437 1786 2459 aut-to-

996 2481 1072 2508 ritas,
1089 2475 1209 2502 oblatam
1225 2476 1396 2502 occasionem
1408 2475 1497 2502 statim
1512 2475 1632 2509 arripui;
1648 2482 1675 2502 et
1691 2477 1787 2510 paucis

997 2527 1056 2555 post
1072 2521 1170 2548 diebus
1200 2521 1264 2548 tottti
1293 2521 1372 2555 primi
1391 2520 1473 2547 editio
1497 2527 1584 2554 coepta
1608 2527 1659 2548 est.
1683 2522 1740 2554 Qua
1755 2522 1786 2554 in

997 2570 1084 2600 parte,
1102 2565 1230 2599 quoniam
1259 2564 1375 2592 Wolﬁus
1394 2564 1460 2591 mihi
1489 2565 1603 2599 praeivil,
1616 2566 1678 2600 quid
1697 2567 1785 2601 priva-

997 2613 1044 2639 tim
1062 2613 1118 2646 ipsc
1133 2612 1305 2646 praestiterint
1321 2619 1465 2646 exponant.

1033 2658 1106 2685 Inter
1128 2657 1238 2685 codices
1263 2658 1464 2693 ntanuscriptos
1497 2659 1668 2686 bibliothecae
1694 2658 1786 2693 Regia:

997 2711 1068 2731 unus
1085 2703 1205 2730 (il'll'lﬂCt
1216 2711 1257 2736 us,
1272 2704 1315 2730 cui
1333 2704 1481 2739 inscriptus
1496 2710 1538 2732 est
1561 2713 1690 2732 numerus
1702 2706 1785 2737 2558,

998 2755 1096 2786 praeter
1115 2749 1255 2776 historiam
1285 2757 1394 2778 oument
1415 2751 1673 2787 l’acliyntcriauam,
1702 2752 1785 2779 libros

997 2797 1123 2832 Gregorio
1140 2796 1285 2824 historicos
1311 2798 1438 2825 undecim
1464 2799 1663 2833 complectiur,
1679 2808 1726 2826 eos
1746 2800 1785 2825 vi-

998 2843 1097 2870 delieet
1106 2843 1150 2877 qui
1163 2843 1282 2871 aWolllo
1297 2845 1414 2879 primum
1427 2844 1491 2872 editi
1505 2849 1579 2871 sunt.
1597 2844 1623 2871 In
1639 2853 1671 2872 eo
1679 2845 1784 2878 codice,

999 2889 1075 2918 home
1090 2889 1191 2924 alioqui
1220 2895 1288 2918 nota:
1309 2896 1335 2918 ct
1362 2891 1427 2918 satis
1442 2892 1553 2926 antiquo
1570 2892 1641 2925 (nam
1667 2893 1785 2920 Scriptus
