1895 3062
117 186 145 218 t“.
820 180 1028 212 PRAEFATIO.
1696 178 1725 212 lt

110 250 149 272 est
164 249 228 271 ante
249 248 358 278 captam
381 250 395 270 a
418 241 516 269 Turcis
541 240 822 276 Conmutlnopoliu),
843 241 894 267 hoc
909 243 930 270 Α
946 239 1026 274 lmjus
1041 238 1185 266 voluminis
1214 238 1414 274 appendicibus
1436 239 1620 268 anncttcndas
1639 247 1728 267 reser-

107 291 245 326 singulare
276 295 329 323 est,
356 290 427 323 quod
457 296 518 324 qu:e
542 289 569 316 in
591 288 667 315 libris
693 288 774 315 editis
800 294 894 314 manca

109 343 171 364 sunt
193 341 221 364 et
250 335 424 370 imperfecta,
449 343 480 361 ea
511 334 548 362 ibi
582 335 686 369 integra
711 333 893 368 reperiantur;

114 385 227 410 Deerant
238 387 329 409 autem
350 382 376 408 iu
396 381 473 408 libris
494 381 575 408 editis
593 381 643 407 tria
668 380 713 406 illa
733 380 894 415 fragmenta.

110 437 169 463 quat
196 428 323 456 Petavius
343 436 357 454 a
387 427 524 454 Frontone
550 428 646 454 Dueaeo
665 431 772 461 accepta
792 425 895 467 primus

111 474 236 510 vulgavit,
250 477 279 501 et
292 472 439 508 Nicephori
462 472 623 508 patriarchae
648 471 786 500 Breviario
813 471 896 498 histo-

112 521 168 548 rico
183 520 339 554 subiunxit.
359 519 477 546 Deerant
493 523 522 546 et
536 518 588 546 alia
608 526 661 545 non
678 517 804 550 minora;
817 516 896 551 quale

110 565 273 600 estinsignc
302 565 368 592 illud
387 565 421 592 de
445 564 584 592 Athanasii
610 564 772 599 patriarch:e
796 563 898 591 setcri-

112 617 176 644 tate,
192 617 221 638 et
234 612 268 638 de
289 612 485 638 monachorum
511 611 634 638 moribus
652 610 897 642 emendatis;itcm

113 666 170 692 quae
185 658 322 692 pertinent
333 657 366 684 ad
381 656 503 691 ejusdem
520 656 581 683 libri
600 661 682 691 caput
697 656 851 691 septimum.
864 656 897 683 ad

113 704 173 730 libri
192 703 258 730 noni
285 705 369 737 caput
389 702 550 734 secundum.
572 707 598 729 et
614 702 646 728 ad
673 702 734 728 libri
761 700 898 728 undecimi

114 753 196 784 caput
221 749 287 775 item
321 748 482 776 secundum.
512 738 633 782 “cuique
654 748 679 774 in
702 747 816 782 singulis
844 746 900 774 fere

112 795 218 830 paginis
246 795 330 823 dictio
356 794 444 829 aliqua
471 801 517 821 aut
536 796 618 821 etiam
643 795 733 828 plures
760 793 899 822 desidera-

114 843 218 869 bantur.
244 841 297 868 Eos
314 849 409 870 omnes
435 841 556 869 defectus
583 849 615 868 ex
628 841 721 868 codice
744 841 789 867 illo
816 840 899 876 Regio

115 888 298 922 supplevimtts
312 887 339 914 in
357 888 407 915 hac
432 887 563 915 editione.
583 887 682 921 Majora
711 888 898 922 supplementa

116 935 142 960 in
166 934 332 969 marginibus
354 933 470 961 indicata
493 942 500 960 :
527 934 631 961 minora
660 934 786 961 ranccllis
812 933 900 960 inclu-

115 988 162 1011 sa;
185 979 290 1006 menda!
317 985 457 1014 pncterca,
476 988 536 1013 qum
562 981 710 1007 innumera:
738 984 825 1012 erant,
847 987 900 1014 ope

114 1025 236 1060 ejusdem
254 1024 357 1052 codicis
371 1024 495 1052 sublate.

152 1115 256 1143 ltursus
273 1116 302 1142 in
330 1122 363 1142 eo
388 1115 447 1150 ipso
471 1115 566 1143 codice
589 1116 642 1143 hoc
663 1120 759 1144 natatu
774 1116 901 1152 dignissi-

116 1170 190 1188 mum
204 1161 338 1196 est,quod
355 1169 414 1196 quae
424 1161 560 1197 Gregoras
576 1162 651 1189 libris
665 1167 781 1197 quatuor
795 1167 901 1198 postre-

118 1207 171 1234 mis
189 1207 303 1241 plurima
330 1207 456 1238 inseruit.
472 1207 555 1234 variis
582 1208 748 1242 temporibus
769 1215 785 1234 a
802 1215 831 1235 se
845 1207 902 1236 elu-

119 1252 241 1283 eubrata,
263 1259 294 1279 ea
310 1251 366 1279 fere
390 1253 483 1279 omnia
509 1252 608 1280 ibidem
627 1253 734 1286 desint;
752 1253 792 1282 sic
810 1259 900 1281 autem

119 1297 176 1324 suis
189 1305 304 1332 qumque
316 1298 385 1325 locis
395 1298 484 1324 recisa
497 1297 610 1330 fuerint,
622 1304 652 1325 ut
663 1299 827 1326 narrationis
838 1307 902 1327 con-

120 1348 208 1371 textus
232 1343 306 1371 nullo
322 1343 397 1370 hiatu
413 1344 548 1378 abruptus
571 1344 617 1375 sit,
632 1344 679 1371 sed
694 1345 822 1372 omnibus
838 1353 902 1380 par-

123 1390 192 1417 tibus
217 1393 280 1422 apte
297 1389 501 1416 cohaerentibus
518 1389 623 1424 integer
637 1394 665 1416 et
678 1390 824 1419 continuus
838 1399 902 1426 pro-

120 1436 207 1463 cedat.
234 1435 262 1464 ld
286 1435 412 1471 Gregoraa
441 1435 525 1472 ipsius
549 1435 652 1470 judicio
677 1436 776 1471 factum
793 1437 873 1464 velim
893 1446 902 1465 τ

123 1489 209 1516 neque
225 1489 241 1508 a
255 1488 321 1508 vero
330 1481 470 1513 abhorret.
482 1489 545 1508 eum
561 1482 656 1516 prima:
670 1482 798 1510 editionis
810 1491 904 1511 amore

121 1527 280 1562 refrigerato
305 1534 385 1554 suum
411 1534 481 1562 opus
503 1528 706 1563 recognovisse,
730 1534 762 1556 ac
787 1535 818 1555 ea
843 1536 904 1564 quae

946 287 1079 314 vavimus.
1095 286 1208 313 Constat
1227 294 1259 313 ex
1289 286 1459 313 bibliotheca:
1483 286 1667 321 Seguieriana:
1683 294 1729 313 ea-

948 334 1046 369 talogo,
1068 339 1175 360 exstare
1202 333 1274 364 illic.
1302 332 1372 359 inter
1395 332 1502 359 codices
1529 332 1729 368 tnanuscriptos

946 379 1066 412 Grzccos,
1084 378 1225 412 Nirephori
1241 378 1372 414 Syntaain
1385 378 1503 405 historiae
1518 377 1656 411 Romaum,
1666 385 1730 405 cum

946 426 1075 453 Chronico
1104 424 1218 452 lunarat
1250 425 1433 459 conjunctam.
1454 424 1521 452 Eum
1550 424 1682 457 codicem,
1702 424 1730 451 in

947 480 1002 507 quo
1027 472 1112 500 libros
1139 470 1285 506 Nicephori
1314 469 1439 506 Gregoraa
1468 470 1595 499 undecim
1627 470 1732 511 priores

947 518 1044 546 titulus
1056 518 1114 553 ipse
1129 517 1263 545 contineri
1280 517 1382 550 innuit,
1394 524 1484 552 operae
1497 516 1593 546 fuisset
1606 518 1733 546 conferre

948 572 1010 592 cum
1024 564 1172 599 impressis.
1185 563 1240 591 Sed
1262 563 1326 591 mihi
1343 563 1454 611 adfatu
1469 563 1660 593 bibliothecam
1675 563 1733 592 adi-

949 614 993 638 tus
1008 610 1127 638 nondum
1144 611 1241 646 patuit.
1388 610 1392 611 ⁷
1743 635 1747 648 ι

985 701 1109 729 Latinam
1136 701 1403 737 interpretationem,
1432 701 1510 737 cujus
1539 707 1633 729 auctor
1659 706 1734 730 esset

946 747 1134 782 Hieronymus
1158 747 1284 779 Wolﬁus,
1306 756 1431 783 magnum
1448 748 1518 783 apud
1542 748 1664 776 eruditos
1686 755 1754 788 no-l

951 801 1025 825 men,
1041 794 1177 822 sinceram
1196 799 1220 821 et
1234 794 1363 823 intactam
1389 802 1497 822 summa
1513 795 1566 823 (ide
1582 802 1733 830 repraesen-

952 843 1010 866 tare
1032 839 1110 867 initio
1125 841 1298 869 decreveram
1315 841 1442 869 :consilii
1465 841 1563 868 deinde
1579 841 1661 876 hujus
1675 847 1734 869 ntu-

915 907 938 936 Β
953 885 1028 913 tandi
1057 893 1146 914 causa:
1169 887 1261 921 plures
1283 887 1403 915 fuerunt.
1428 887 1561 923 Gregoras
1587 887 1734 922 multijuga

951 931 1112 959 eruditionis
1126 937 1153 960 et
1165 933 1231 960 artis
1246 933 1389 961 rhetorica:
1406 938 1557 962 ostentator
1572 941 1642 968 saepe
1655 933 1734 960 aber-

952 982 1022 1004 rata
1040 979 1188 1014 proposito.
1211 984 1239 1007 et
1264 980 1297 1008 ad
1318 980 1422 1015 ea'qua:
1436 987 1531 1015 parum
1552 984 1598 1007 aut
1613 979 1681 1006 nihil
1701 979 1735 1006 ad

951 1030 1010 1049 rem
1026 1024 1165 1058 pertinent
1194 1024 1353 1059 digreditur.
1368 1025 1396 1052 in
1413 1024 1446 1053 iis
1469 1025 1620 1060 παρέργοις
1635 1024 1734 1053 mirum

952 1073 1090 1104 estquam
1117 1070 1152 1097 sit
1174 1070 1314 1098 verbosus.
1344 1070 1381 1097 Ea
1407 1069 1530 1103 Wolﬁus.
1555 1069 1635 1097 rebus
1650 1070 1736 1104 magis

952 1123 1033 1149 quam
1066 1116 1156 1142 verbis
1181 1115 1324 1147 intentus,
1347 1115 1472 1143 breviora
1501 1116 1592 1143 facere
1620 1115 1735 1142 studuit.

953 1161 1046 1196 Itaque
1065 1167 1092 1189 et
1117 1161 1283 1189 luxuriantia
1306 1161 1484 1196 compescuit.
1498 1166 1526 1188 et
1548 1167 1609 1196 quae
1622 1161 1736 1188 omnino

954 1207 1142 1235 redundabant
1170 1207 1330 1243 suppressit.
1361 1207 1417 1243 Ego
1441 1214 1506 1235 vero
1532 1208 1666 1235 facturum
1691 1213 1737 1233 me

953 1261 1044 1288 Operae
1063 1253 1179 1288 pretium
1209 1254 1311 1289 putavi.
1325 1254 1349 1282 si
1376 1254 1495 1281 auct0ris
1509 1253 1594 1281 Grteci
1616 1252 1738 1288 vestigiis

955 1299 1128 1331 iuhtemrcm,
1142 1304 1222 1334 atque
1251 1299 1311 1334 ejus
1330 1299 1413 1326 verba
1438 1298 1597 1331 lectoribus.
1610 1298 1634 1326 si
1646 1298 1738 1326 minus

953 1345 1173 1376 odnumerarcm,
1201 1343 1296 1371 saltem
1319 1343 1487 1379 religiesect
1508 1342 1624 1372 ﬁdeliter
1636 1350 1740 1377 appeti.

953 1389 1065 1421 derem;
1083 1395 1155 1423 quae.
1171 1393 1200 1415 ut
1213 1388 1320 1423 opinor,
1338 1388 1440 1423 optima
1457 1392 1500 1415 est
1513 1387 1583 1415 ratio
1601 1387 1740 1422 interpre-

956 1434 1039 1462 tandi.
1056 1434 1085 1462 in
1103 1434 1266 1469 quibusdam
1284 1433 1367 1462 etiam
1391 1441 1405 1460 a
1422 1441 1486 1461 vero
1500 1441 1583 1462 sensu
1595 1433 1740 1463 deﬂexisse

955 1481 1022 1510 mihi
1042 1481 1114 1509 vi5ns
1138 1485 1181 1509 est
1207 1480 1342 1516 interpres
1360 1480 1550 1513 doctissimus;
1564 1485 1611 1510 aut
1629 1485 1741 1510 sentcn-

957 1527 1022 1554 liam
1054 1527 1172 1556 auctoris
1198 1528 1315 1555 obscure
1343 1534 1371 1555 et
1407 1531 1532 1554 conten-te
1558 1526 1738 1561 expressisse.

119 1573 273 1600 ostentandi
302 1573 403 1608 ingenii
418 1581 498 1602 eausa
526 1579 656 1606 assuerat,
678 1574 828 1610 monodias,
842 1583 904 1604 ora-
919 1587 948 1619 ον
958 1573 1030 1602 Nihil
1046 1574 1105 1602 dico
1120 1574 1154 1602 de
1169 1567 1321 1602 minoribus
1335 1574 1417 1607 vitiis,
1429 1573 1527 1610 quibus
1542 1572 1646 1604 tullium
1656 1580 1738 1608 ῡθιιε.

121 1619 218 1650 tiones.
231 1619 336 1654 aliaque
351 1619 377 1646 id
404 1627 488 1653 genus
513 1621 673 1649 resccuissc.
686 1621 787 1650 Vereor
804 1628 906 1656 tamen,

123 1671 156 1690 ne
170 1668 197 1690 et
212 1664 305 1698 glorlte
331 1665 411 1698 paulo
432 1665 537 1692 avidior
556 1673 602 1693 eos
628 1674 742 1701 pannus,
766 1667 791 1693 in
819 1667 906 1703 prima

122 1709 270 1744 scriptione
295 1711 422 1741 omissos.
450 1713 568 1746 repetito
594 1712 693 1740 deinde
719 1713 794 1749 operi
822 1713 906 1741 inter-

124 1755 251 1782 texuerit.
282 1754 346 1783 Haec
378 1755 435 1790 ipsa
460 1760 545 1789 certe,
565 1765 625 1792 quae
651 1765 666 1784 a
697 1758 790 1785 codice
822 1758 907 1794 Regio

124 1800 219 1827 abesse
231 1801 359 1834 dicimus,
370 1802 439 1828 nihil
461 1802 494 1830 ad
519 1803 659 1830 historiam
676 1805 810 1838 pertinent
828 1813 835 1831 :
853 1806 907 1832 iuro

125 1845 281 1873 historiram
299 1854 389 1874 rerum
415 1849 514 1875 seriem
537 1849 749 1884 interrumpunt.
762 1854 789 1877 et
812 1850 906 1877 lectori

124 1893 158 1917 ad
176 1892 277 1926 majora
293 1892 428 1920 festinanti
451 1901 554 1920 moram
568 1895 711 1930 objiciunt.
727 1896 829 1923 Tamen
843 1895 906 1931 quia

125 1938 151 1964 in
167 1938 222 1970 illo.
242 1946 297 1973 quo
315 1947 380 1966 usus
399 1943 440 1966 est
458 1939 586 1974 Wolﬁus,
607 1941 699 1969 codice
720 1942 907 1977 manuscripto

122 1993 184 2011 eum
200 1986 288 2013 locum
305 1986 465 2014 obtinebant
475 1995 556 2022 qttem
569 1987 595 2014 in
609 1988 687 2021 libris
700 1988 780 2016 editis
793 1988 905 2020 habent,

124 2039 177 2057 non
192 2031 252 2057 ausi
277 2038 373 2058 sumus
398 2039 429 2059 ea
444 2032 504 2059 loco
533 2040 642 2061 movere
653 2038 681 2060 et
696 2034 749 2061 alio
761 2036 881 2070 relegare
897 2044 904 2062 :

123 2077 170 2103 sed
200 2077 307 2109 eadem,
333 2082 360 2105 et
385 2078 437 2105 alia
457 2079 580 2113 quzcdam
603 2080 680 2108 uncis
701 2080 821 2113 inclusa,
852 2090 904 2108 non

122 2130 282 2157 cuntparere
296 2123 323 2150 in
335 2123 429 2152 codice
443 2122 537 2160 Regio,
558 2124 686 2153 lectorem
706 2126 845 2154 admoneri
864 2135 907 2154 sa-

121 2169 158 2194 tis
167 2176 226 2195 esse
239 2169 404 2203 putarimus.

958 1621 1134 1662 quantumvis
1161 1625 1262 1648 tersum
1288 1625 1318 1648 et
1343 1621 1485 1653 limatum,
1506 1627 1602 1649 carere
1627 1619 1740 1647 omnino

958 1671 1067 1702 potest:
1090 1674 1152 1702 quae
1176 1667 1286 1702 quidem
1307 1665 1374 1695 sitia
1402 1669 1433 1694 ιιι
1460 1667 1615 1701 plumeus
1638 1672 1688 1693 nos
1708 1665 1739 1692 iu

958 1713 1195 1741 lucubrationibus
1218 1712 1321 1741 nostris
1342 1711 1450 1744 fallunt,
1462 1713 1500 1739 ita
1528 1711 1554 1741 in
1579 1711 1675 1741 alienis
1696 1711 1740 1737 vix

958 1767 1078 1795 unquam
1108 1760 1225 1795 fugiunt.
1255 1751 1386 1794 Equidem
1419 1766 1466 1787 eos
1493 1765 1605 1790 neres.
1630 1756 1740 1791 corpori

958 1806 1080 1841 alioquin
1105 1807 1218 1841 egregio
1244 1805 1394 1840 inspersos,
1421 1809 1450 1835 ut
1475 1805 1624 1832 eximes-ein
1643 1804 1740 1831 sedqu

958 1860 1068 1888 operam
1094 1851 1156 1880 dedi
1174 1860 1181 1878 :
1201 1859 1252 1879 nec
1270 1859 1315 1878 me
1336 1858 1370 1879 ea
1395 1858 1424 1878 re
1441 1850 1568 1885 iniuriam
1583 1849 1682 1878 Wolﬁo
1698 1849 1740 1876 ie-

957 1900 1028 1926 cisse
1056 1899 1185 1931 arbitror,
1207 1897 1255 1925 sed
1282 1897 1316 1924 de
1338 1904 1374 1924 co
1399 1896 1469 1924 bene
1493 1895 1628 1923 meruisse
1643 1895 1687 1922 aio
1710 1899 1740 1922 ct

956 1944 1103 1973 contendo.
1128 1944 1182 1972 Nec
1205 1944 1277 1971 enim
1295 1943 1358 1978 quia
1378 1942 1454 1970 illum
1467 1942 1616 1970 mandem
1632 1941 1739 1976 hpsul

958 1991 1074 2025 corrigo,
1096 1989 1198 2018 idcirco
1216 1995 1260 2017 me
1284 1989 1326 2017 vel
1347 1988 1495 2017 doctiorem
1512 1992 1604 2016 statuo
1620 1987 1663 2016 vel
1675 1987 1739 2015 dili‘

958 2037 1123 2072 gentiurcttl;
1142 2043 1231 2070 neque
1249 2035 1274 2063 ei
1291 2039 1437 2072 propterea

1220 2126 1363 2154 detrahere
1387 2126 1475 2154 ausim
1683 2146 1685 2148 ι

1011 2161 1163 2190 lla-n-utctn
1177 2163 1256 2196 capiti
1272 2165 1355 2189 multa
1373 2169 1434 2189 cum
1450 2161 1528 2190 laude
1543 2169 1685 2191 coronam.

162 2247 256 2274 Varias
286 2247 418 2275 lectiones
448 2249 591 2285 plerasque
623 2251 804 2286 suppeditavit
835 2253 906 2280 idem
926 2260 946 2287 υ
995 2251 1024 2278 lu
1044 2251 1116 2278 hunc
1130 2251 1240 2278 modum
1256 2255 1310 2278 tam
1325 2250 1418 2279 Graeca
1431 2259 1512 2287 quam
1526 2251 1619 2280 Latina
1635 2252 1743 2281 anubis

122 2293 296 2321 bibliotheca
320 2293 421 2329 Regia!
442 2296 545 2329 codex;
574 2304 673 2331 paucas
704 2305 767 2325 vero
787 2298 810 2325 is
832 2299 909 2334 cujus

122 2346 256 2366 numerus
273 2343 315 2366 est
329 2339 410 2372 2078,
425 2347 520 2374 parum
538 2341 574 2368 ab
596 2342 676 2369 editis
697 2342 836 2375 diversus,
856 2344 906 2370 nisi

119 2384 235 2418 quodin
254 2384 385 2411 librorum
404 2388 432 2412 et
455 2386 572 2420 capitum
600 2387 735 2414 divisione
753 2388 908 2423 discrepat:

120 2431 207 2457 libros
222 2433 315 2457 autem
339 2437 392 2456 non
424 2431 515 2464 plures
538 2432 661 2458 continet
676 2440 756 2466 quam
781 2438 908 2466 quatuor,

121 2475 230 2503 tametsi
247 2476 373 2510 praefixas
388 2480 430 2503 est
445 2476 525 2504 index
544 2477 673 2504 librorum
689 2485 747 2505 sex.
775 2477 908 2506 Monodiue

118 2522 193 2553 dua,
208 2524 248 2548 ex:
265 2521 370 2548 scilicet
383 2529 444 2556 quae
471 2522 578 2550 initium
606 2523 666 2550 libri
689 2523 786 2551 decimi
801 2525 906 2551 correti-

120 2571 213 2597 tnttnt,
229 2565 367 2600 castigata:
394 2571 421 2594 et
450 2567 551 2609 aliquot
579 2567 740 2596 lectionibus
767 2569 905 2596 illustratte

120 2614 234 2638 luerunt
258 2618 292 2638 ex
317 2612 410 2639 codice
435 2613 591 2641 Coibertino
618 2614 705 2647 4950;
725 2615 802 2649 cujus
828 2615 907 2643 nobis

120 2658 228 2692 copiam
247 2657 312 2685 fecit
332 2657 378 2684 Vir
399 2666 481 2693 quam
508 2660 604 2687 doctus
623 2665 677 2687 tam
693 2661 825 2693 amabilis,
843 2661 908 2688 Ste~

122 2704 230 2737 phanus
261 2703 398 2731 Baluzius.
436 2704 586 2732 Habuimus
622 2711 749 2740 praeterea
779 2707 908 2734 lectiones

122 2749 276 2786 rion-nullas,
295 2758 327 2776 ex
343 2750 473 2777 Vaticano
488 2751 581 2778 codice
599 2751 749 2786 descriptas
774 2752 906 2779 Friderici

122 2794 293 2830 ltostgaardii
311 2795 401 2823 studio
417 2800 444 2823 et
457 2796 608 2832 diligentia.
627 2797 679 2824 Sed
696 2806 753 2830 cas,
766 2798 828 2832 quia
844 2806 907 2825 sct‘o

120 2842 212 2868 allata
234 2846 308 2874 sunt,
342 2841 471 2876 perfectis
497 2850 596 2877 nempe
619 2847 647 2870 et
671 2844 725 2879 jam
753 2844 803 2871 sub
825 2844 908 2878 prrelo

123 2886 312 2922 multiplicatis
325 2888 359 2915 iis
374 2888 478 2924 paginis
488 2889 520 2916 ad
531 2897 598 2921 quas
611 2890 791 2924 pertinebant,
804 2889 811 2916 i
824 2890 907 2918 lcirco

960 2303 1039 2324 aucta
1054 2302 1081 2323 et
1101 2296 1238 2331 recognita
1265 2297 1385 2325 fuerunt.
1399 2297 1439 2325 Ad
1456 2297 1513 2325 hac
1535 2297 1596 2326 libri
1611 2306 1680 2326 nova
1697 2306 1742 2326 ra-

964 2345 1038 2371 tione
1052 2343 1142 2376 divisi;
1152 2343 1278 2378 quoniam
1290 2343 1317 2370 in
1332 2343 1468 2379 prioribus
1482 2345 1649 2375 editionibus
1665 2346 1743 2381 capi-

960 2395 996 2419 ta.
1010 2393 1112 2416 temere
1126 2393 1153 2415 et
1169 2389 1331 2418 inconcinne
1346 2398 1456 2425 prorsus
1468 2391 1580 2426 digesta,
1595 2392 1676 2419 etiam
1690 2400 1742 2420 nu-

960 2433 1041 2460 meris
1066 2433 1207 2460 carebanl.
1218 2433 1324 2461 Addita:
1340 2434 1459 2462 minores
1468 2436 1613 2463 sectiones.
1628 2436 1742 2464 Pet-lixa

960 2478 1075 2513 singulis
1086 2479 1223 2514 capitibus
1230 2485 1402 2515 argumenta,
1417 2488 1463 2509 Seu
1473 2481 1618 2517 breviaria,
1629 2483 1743 2519 vulgatis

959 2524 1126 2552 accuratiora
1140 2529 1168 2552 et
1181 2525 1214 2552 ad
1226 2526 1378 2554 sectionum
1391 2534 1519 2555 numeros
1528 2529 1742 2558 lceommodata.

960 2570 1040 2602 Auni.
1056 2578 1175 2603 menses,
1186 2570 1255 2602 dies.
1268 2571 1388 2600 siderum
1395 2578 1469 2601 ortus
1482 2578 1510 2601 et
1521 2575 1620 2608 obitus,
1636 2575 1703 2603 solis
1718 2579 1745 2603 ct

963 2618 1034 2644 hunc
1046 2613 1209 2648 defectus.et
1222 2617 1287 2645 varii
1301 2623 1452 2653 temporum
1465 2620 1636 2649 characteres
1650 2622 1743 2650 ευιιίηο

961 2666 994 2689 de
1013 2661 1147 2689 adnotati.
1159 2662 1326 2696 Sententias,
1343 2668 1370 2691 ct
1383 2665 1478 2692 crebra
1489 2665 1522 2692 de
1535 2666 1656 2694 moribus
1669 2667 1744 2702 judi-
1774 2688 1780 2694 .

962 2709 1014 2739 cia,
1031 2708 1094 2735 item
1113 2709 1165 2736 alia
1191 2710 1312 2744 quaedam
1325 2709 1434 2738 levioris
1454 2711 1594 2745 momenti,
1610 2721 1644 2740 ne
1665 2716 1742 2742 oneri

961 2759 1052 2781 essent
1065 2754 1241 2789 marginibus,
1253 2756 1380 2783 omittere
1387 2757 1474 2783 visum
1485 2762 1536 2784 est.
1546 2757 1620 2786 Notae
1635 2760 1742 2794 breves,

963 2801 1008 2828 ubi
1023 2809 1091 2836 opus
1114 2802 1289 2837 iuit,adject:e
1304 2803 1464 2832 :ubcriores
1473 2805 1579 2840 rejccue
1594 2806 1628 2833 id
1641 2808 1743 2836 calcent

962 2847 1027 2874 torui
1045 2848 1167 2875 secundi.
1177 2848 1264 2877 Porro
1278 2850 1305 2877 in
1322 2849 1365 2877 his
1378 2850 1480 2885 primas
1489 2856 1584 2880 tenent
1593 2852 1744 2882 doctissimi

962 2893 1090 2929 Ducangii
1103 2893 1178 2922 Nota:
1186 2895 1350 2931 p03lhumtc;
1359 2903 1426 2932 quas
1436 2898 1516 2932 paulo
1527 2899 1665 2934 postillius
1674 2907 1748 2929 mor-
