  <div class='ocr_page' id='page_1' title='image "/cluster/home/n/w/nwhite01/storage/ocr_20150623/148/njp.32101077773164/013.png"; bbox 0 0 1895 3062; ppageno 0'>
   <div class='ocr_carea' id='block_1_1' title="bbox 125 159 902 191">
    <p class='ocr_par' dir='ltr' id='par_1_1' title="bbox 125 159 897 190">
     <span class='ocr_line' id='line_1_1' title="bbox 125 159 897 190; baseline 0.001 -1"><span class='ocrx_word' id='word_1_1' title='bbox 125 160 155 189; x_wconf 78' lang='grc'>15</span> <span class='ocrx_word' id='word_1_2' title='bbox 780 159 897 190; x_wconf 70' lang='grc' dir='ltr'><strong>ΙΟᾹΝΝ</strong></span> 
     </span>
    </p>
   </div>
   <div class='ocr_carea' id='block_1_2' title="bbox 960 159 1740 191">
    <p class='ocr_par' dir='ltr' id='par_1_2' title="bbox 960 160 1740 191">
     <span class='ocr_line' id='line_1_2' title="bbox 960 160 1740 191; baseline 0.001 -1"><span class='ocrx_word' id='word_1_3' title='bbox 960 160 1021 190; x_wconf 81' lang='grc' dir='ltr'><strong>ΒΟΙ</strong></span> <span class='ocrx_word' id='word_1_4' title='bbox 1026 161 1059 189; x_wconf 79' lang='lat' dir='ltr'><strong>Vl</strong></span> <span class='ocrx_word' id='word_1_5' title='bbox 1067 160 1106 190; x_wconf 66' lang='grc' dir='ltr'><strong>ΝἽ</strong></span> <span class='ocrx_word' id='word_1_6' title='bbox 1705 160 1740 191; x_wconf 80' lang='lat'><strong>1‘6</strong></span> 
     </span>
    </p>
   </div>
   <div class='ocr_carea' id='block_1_3' title="bbox 122 218 1741 254">
    <p class='ocr_par' dir='ltr' id='par_1_3' title="bbox 122 218 1741 254">
     <span class='ocr_line' id='line_1_3' title="bbox 122 218 1741 254; baseline 0.001 -9"><span class='ocrx_word' id='word_1_7' title='bbox 122 224 175 246; x_wconf 88' lang='lat' dir='ltr'><strong>tem</strong></span> <span class='ocrx_word' id='word_1_8' title='bbox 195 226 260 246; x_wconf 75' lang='lat' dir='ltr'><strong>mem</strong></span> <span class='ocrx_word' id='word_1_9' title='bbox 277 218 337 246; x_wconf 88' lang='lat' dir='ltr'><strong>lidei</strong></span> <span class='ocrx_word' id='word_1_10' title='bbox 362 219 601 247; x_wconf 79' lang='lat' dir='ltr'><strong>commendaverat</strong></span> <span class='ocrx_word' id='word_1_11' title='bbox 619 218 712 254; x_wconf 88' lang='lat' dir='ltr'><strong>optimi</strong></span> <span class='ocrx_word' id='word_1_12' title='bbox 727 219 811 254; x_wconf 87' lang='lat' dir='ltr'><strong>patris</strong></span> <span class='ocrx_word' id='word_1_13' title='bbox 840 219 910 246; x_wconf 82' lang='lat' dir='ltr'><strong>[ilius</strong></span> <span class='ocrx_word' id='word_1_14' title='bbox 922 221 947 252; x_wconf 78' lang='grc' dir='ltr'><em>Α</em></span> <span class='ocrx_word' id='word_1_15' title='bbox 964 220 1053 247; x_wconf 89' lang='lat' dir='ltr'><strong>tribus</strong></span> <span class='ocrx_word' id='word_1_16' title='bbox 1070 226 1125 246; x_wconf 93' lang='lat' dir='ltr'><strong>non</strong></span> <span class='ocrx_word' id='word_1_17' title='bbox 1141 219 1204 247; x_wconf 89' lang='lat' dir='ltr'><strong>totis</strong></span> <span class='ocrx_word' id='word_1_18' title='bbox 1217 220 1347 253; x_wconf 79' lang='lat' dir='ltr'><strong>exceptis,</strong></span> <span class='ocrx_word' id='word_1_19' title='bbox 1365 218 1486 254; x_wconf 79' lang='lat' dir='ltr'><strong>castigati</strong></span> <span class='ocrx_word' id='word_1_20' title='bbox 1501 225 1533 246; x_wconf 79' lang='lat' dir='ltr'><strong>ex</strong></span> <span class='ocrx_word' id='word_1_21' title='bbox 1547 218 1678 246; x_wconf 77' lang='lat' dir='ltr'><strong>Vaticano</strong></span> <span class='ocrx_word' id='word_1_22' title='bbox 1693 227 1741 247; x_wconf 81' lang='lat' dir='ltr'><strong>ex—</strong></span> 
     </span>
    </p>
   </div>
   <div class='ocr_carea' id='block_1_4' title="bbox 119 263 905 300">
    <p class='ocr_par' dir='ltr' id='par_1_4' title="bbox 119 263 905 300">
     <span class='ocr_line' id='line_1_4' title="bbox 119 263 905 300; baseline -0.001 -8"><span class='ocrx_word' id='word_1_23' title='bbox 119 264 295 300; x_wconf 78' lang='lat' dir='ltr'><strong>dignissimns</strong></span> <span class='ocrx_word' id='word_1_24' title='bbox 311 263 454 299; x_wconf 82' lang='lat' dir='ltr'><strong>Philippus</strong></span> <span class='ocrx_word' id='word_1_25' title='bbox 474 264 638 299; x_wconf 78' lang='lat' dir='ltr'><strong>Dncangins,</strong></span> <span class='ocrx_word' id='word_1_26' title='bbox 655 265 776 291; x_wconf 76' lang='lat' dir='ltr'><strong>Franciae</strong></span> <span class='ocrx_word' id='word_1_27' title='bbox 788 269 905 298; x_wconf 78' lang='lat' dir='ltr'><strong>qtncstor</strong></span> 
     </span>
    </p>
   </div>
   <div class='ocr_carea' id='block_1_5' title="bbox 120 309 907 345">
    <p class='ocr_par' dir='ltr' id='par_1_5' title="bbox 120 309 907 345">
     <span class='ocr_line' id='line_1_5' title="bbox 120 309 907 345; baseline 0 -9"><span class='ocrx_word' id='word_1_28' title='bbox 120 310 191 345; x_wconf 86' lang='lat' dir='ltr'><strong>apud</strong></span> <span class='ocrx_word' id='word_1_29' title='bbox 206 310 338 337; x_wconf 82' lang='lat' dir='ltr'><strong>Pictavos.</strong></span> <span class='ocrx_word' id='word_1_30' title='bbox 353 310 402 338; x_wconf 86' lang='lat' dir='ltr'><strong>llis</strong></span> <span class='ocrx_word' id='word_1_31' title='bbox 425 310 550 345; x_wconf 86' lang='lat' dir='ltr'><strong>partibus</strong></span> <span class='ocrx_word' id='word_1_32' title='bbox 566 318 598 337; x_wconf 86' lang='lat' dir='ltr'><strong>ac</strong></span> <span class='ocrx_word' id='word_1_33' title='bbox 615 310 737 337; x_wconf 87' lang='lat' dir='ltr'><strong>numeris</strong></span> <span class='ocrx_word' id='word_1_34' title='bbox 751 309 834 336; x_wconf 85' lang='lat' dir='ltr'><strong>editio</strong></span> <span class='ocrx_word' id='word_1_35' title='bbox 848 310 907 337; x_wconf 72' lang='lat' dir='ltr'><strong>haec</strong></span> 
     </span>
    </p>
   </div>
   <div class='ocr_carea' id='block_1_6' title="bbox 122 354 905 391">
    <p class='ocr_par' dir='ltr' id='par_1_6' title="bbox 122 354 905 391">
     <span class='ocr_line' id='line_1_6' title="bbox 122 354 905 391; baseline 0 -9"><span class='ocrx_word' id='word_1_36' title='bbox 122 356 202 391; x_wconf 78' lang='lat' dir='ltr'><strong>Itcgia</strong></span> <span class='ocrx_word' id='word_1_37' title='bbox 227 354 320 383; x_wconf 79' lang='lat' dir='ltr'><strong>ditTert</strong></span> <span class='ocrx_word' id='word_1_38' title='bbox 344 363 358 383; x_wconf 84' lang='lat' dir='ltr'><strong>a</strong></span> <span class='ocrx_word' id='word_1_39' title='bbox 383 356 521 391; x_wconf 58' lang='lat' dir='ltr'><strong>vulgatis:</strong></span> <span class='ocrx_word' id='word_1_40' title='bbox 536 363 605 390; x_wconf 88' lang='lat' dir='ltr'><strong>quas</strong></span> <span class='ocrx_word' id='word_1_41' title='bbox 630 363 680 390; x_wconf 77' lang='lat' dir='ltr'><strong>ego</strong></span> <span class='ocrx_word' id='word_1_42' title='bbox 696 355 816 382; x_wconf 88' lang='lat' dir='ltr'><strong>adhunc</strong></span> <span class='ocrx_word' id='word_1_43' title='bbox 833 355 905 383; x_wconf 79' lang='lat' dir='ltr'><strong>diem</strong></span> 
     </span>
    </p>
   </div>
   <div class='ocr_carea' id='block_1_7' title="bbox 121 402 907 437">
    <p class='ocr_par' dir='ltr' id='par_1_7' title="bbox 121 402 907 437">
     <span class='ocr_line' id='line_1_7' title="bbox 121 402 907 437; baseline 0 -9"><span class='ocrx_word' id='word_1_44' title='bbox 121 409 206 436; x_wconf 74' lang='lat' dir='ltr'><strong>usque</strong></span> <span class='ocrx_word' id='word_1_45' title='bbox 231 409 285 429; x_wconf 91' lang='lat' dir='ltr'><strong>non</strong></span> <span class='ocrx_word' id='word_1_46' title='bbox 312 402 404 437; x_wconf 86' lang='lat' dir='ltr'><strong>plures</strong></span> <span class='ocrx_word' id='word_1_47' title='bbox 429 402 483 430; x_wconf 83' lang='lat' dir='ltr'><strong>vidi</strong></span> <span class='ocrx_word' id='word_1_48' title='bbox 500 410 580 437; x_wconf 89' lang='lat' dir='ltr'><strong>quam</strong></span> <span class='ocrx_word' id='word_1_49' title='bbox 605 409 736 437; x_wconf 84' lang='lat' dir='ltr'><strong>quatuor;</strong></span> <span class='ocrx_word' id='word_1_50' title='bbox 753 409 799 429; x_wconf 81' lang='lat' dir='ltr'><strong>sex</strong></span> <span class='ocrx_word' id='word_1_51' title='bbox 815 406 907 429; x_wconf 82' lang='lat' dir='ltr'><strong>tamen</strong></span> 
     </span>
    </p>
   </div>
   <div class='ocr_carea' id='block_1_8' title="bbox 119 447 907 483">
    <p class='ocr_par' dir='ltr' id='par_1_8' title="bbox 119 447 907 483">
     <span class='ocr_line' id='line_1_8' title="bbox 119 447 907 483; baseline 0.001 -10"><span class='ocrx_word' id='word_1_52' title='bbox 119 448 290 481; x_wconf 84' lang='lat' dir='ltr'><strong>prodierunt,</strong></span> <span class='ocrx_word' id='word_1_53' title='bbox 305 454 352 475; x_wconf 87' lang='lat' dir='ltr'><strong>aut</strong></span> <span class='ocrx_word' id='word_1_54' title='bbox 363 448 457 475; x_wconf 86' lang='lat' dir='ltr'><strong>saltent</strong></span> <span class='ocrx_word' id='word_1_55' title='bbox 468 448 600 483; x_wconf 85' lang='lat' dir='ltr'><strong>quinque.</strong></span> <span class='ocrx_word' id='word_1_56' title='bbox 610 448 726 475; x_wconf 86' lang='lat' dir='ltr'><strong>Primam</strong></span> <span class='ocrx_word' id='word_1_57' title='bbox 741 455 813 475; x_wconf 93' lang='lat' dir='ltr'><strong>anno</strong></span> <span class='ocrx_word' id='word_1_58' title='bbox 837 447 907 474; x_wconf 82' lang='grc'><strong>1559</strong></span> 
     </span>
    </p>
   </div>
   <div class='ocr_carea' id='block_1_9' title="bbox 120 493 908 529">
    <p class='ocr_par' dir='ltr' id='par_1_9' title="bbox 120 493 908 529">
     <span class='ocr_line' id='line_1_9' title="bbox 120 493 908 529; baseline 0 -9"><span class='ocrx_word' id='word_1_59' title='bbox 120 494 212 521; x_wconf 66' lang='lat' dir='ltr'><strong>(irmce</strong></span> <span class='ocrx_word' id='word_1_60' title='bbox 229 498 255 521; x_wconf 89' lang='lat' dir='ltr'><strong>ct</strong></span> <span class='ocrx_word' id='word_1_61' title='bbox 271 494 366 522; x_wconf 84' lang='lat' dir='ltr'><strong>Latine</strong></span> <span class='ocrx_word' id='word_1_62' title='bbox 390 495 416 521; x_wconf 93' lang='lat' dir='ltr'><strong>in</strong></span> <span class='ocrx_word' id='word_1_63' title='bbox 433 493 578 522; x_wconf 86' lang='lat' dir='ltr'><strong>Germania</strong></span> <span class='ocrx_word' id='word_1_64' title='bbox 601 495 736 529; x_wconf 88' lang='lat' dir='ltr'><strong>prodiisse</strong></span> <span class='ocrx_word' id='word_1_65' title='bbox 752 494 908 521; x_wconf 85' lang='lat' dir='ltr'><strong>Fridericus</strong></span> 
     </span>
    </p>
   </div>
   <div class='ocr_carea' id='block_1_10' title="bbox 122 539 906 575">
    <p class='ocr_par' dir='ltr' id='par_1_10' title="bbox 122 539 906 575">
     <span class='ocr_line' id='line_1_10' title="bbox 122 539 906 575; baseline 0.001 -10"><span class='ocrx_word' id='word_1_66' title='bbox 122 540 318 575; x_wconf 78' lang='lat' dir='ltr'><strong>llostgaarditts</strong></span> <span class='ocrx_word' id='word_1_67' title='bbox 344 540 489 575; x_wconf 75' lang='lat' dir='ltr'><strong>colligebat</strong></span> <span class='ocrx_word' id='word_1_68' title='bbox 518 548 550 568; x_wconf 80' lang='lat' dir='ltr'><strong>ex</strong></span> <span class='ocrx_word' id='word_1_69' title='bbox 575 540 707 567; x_wconf 80' lang='lat' dir='ltr'><strong>Wolﬁana</strong></span> <span class='ocrx_word' id='word_1_70' title='bbox 736 539 906 573; x_wconf 72' lang='lat' dir='ltr'><strong>Prtefatione,</strong></span> 
     </span>
    </p>
   </div>
   <div class='ocr_carea' id='block_1_11' title="bbox 121 585 907 622">
    <p class='ocr_par' dir='ltr' id='par_1_11' title="bbox 121 585 907 622">
     <span class='ocr_line' id='line_1_11' title="bbox 121 585 907 622; baseline 0 -10"><span class='ocrx_word' id='word_1_71' title='bbox 121 594 168 614; x_wconf 73' lang='lat' dir='ltr'><strong>seu</strong></span> <span class='ocrx_word' id='word_1_72' title='bbox 190 586 288 621; x_wconf 74' lang='lat' dir='ltr'><strong>potius</strong></span> <span class='ocrx_word' id='word_1_73' title='bbox 314 586 435 622; x_wconf 83' lang='lat' dir='ltr'><strong>Epistola</strong></span> <span class='ocrx_word' id='word_1_74' title='bbox 460 586 669 621; x_wconf 77' lang='lat' dir='ltr'><strong>prosphonetica</strong></span> <span class='ocrx_word' id='word_1_75' title='bbox 698 585 732 613; x_wconf 89' lang='lat' dir='ltr'><strong>ad</strong></span> <span class='ocrx_word' id='word_1_76' title='bbox 759 585 907 613; x_wconf 83' lang='lat' dir='ltr'><strong>Antonium</strong></span> 
     </span>
    </p>
   </div>
   <div class='ocr_carea' id='block_1_12' title="bbox 122 631 908 668">
    <p class='ocr_par' dir='ltr' id='par_1_12' title="bbox 122 631 908 668">
     <span class='ocr_line' id='line_1_12' title="bbox 122 631 908 668; baseline -0.001 -8"><span class='ocrx_word' id='word_1_77' title='bbox 122 633 286 668; x_wconf 74' lang='lat' dir='ltr'><strong>Fuggerum,</strong></span> <span class='ocrx_word' id='word_1_78' title='bbox 308 632 353 659; x_wconf 92' lang='lat' dir='ltr'><strong>illo</strong></span> <span class='ocrx_word' id='word_1_79' title='bbox 379 632 437 667; x_wconf 85' lang='lat' dir='ltr'><strong>ipso</strong></span> <span class='ocrx_word' id='word_1_80' title='bbox 448 640 520 660; x_wconf 86' lang='lat' dir='ltr'><strong>anno</strong></span> <span class='ocrx_word' id='word_1_81' title='bbox 536 633 608 660; x_wconf 90' lang='lat' dir='ltr'><strong>data.</strong></span> <span class='ocrx_word' id='word_1_82' title='bbox 623 632 679 660; x_wconf 88' lang='lat' dir='ltr'><strong>lloc</strong></span> <span class='ocrx_word' id='word_1_83' title='bbox 694 633 784 667; x_wconf 81' lang='lat' dir='ltr'><strong>posito</strong></span> <span class='ocrx_word' id='word_1_84' title='bbox 797 631 845 668; x_wconf 75' lang='grc' dir='ltr'><strong>(ὁ),</strong></span> <span class='ocrx_word' id='word_1_85' title='bbox 864 639 908 659; x_wconf 90' lang='lat' dir='ltr'><strong>se-</strong></span> 
     </span>
    </p>
   </div>
   <div class='ocr_carea' id='block_1_13' title="bbox 121 678 907 714">
    <p class='ocr_par' dir='ltr' id='par_1_13' title="bbox 121 678 907 714">
     <span class='ocr_line' id='line_1_13' title="bbox 121 678 907 714; baseline 0 -9"><span class='ocrx_word' id='word_1_86' title='bbox 121 679 207 706; x_wconf 82' lang='lat' dir='ltr'><strong>cunda</strong></span> <span class='ocrx_word' id='word_1_87' title='bbox 222 679 306 706; x_wconf 80' lang='lat' dir='ltr'><strong>fuerit</strong></span> <span class='ocrx_word' id='word_1_88' title='bbox 319 686 349 706; x_wconf 85' lang='lat' dir='ltr'><strong>ea</strong></span> <span class='ocrx_word' id='word_1_89' title='bbox 365 686 425 714; x_wconf 72' lang='lat' dir='ltr'><strong>quae</strong></span> <span class='ocrx_word' id='word_1_90' title='bbox 439 678 534 706; x_wconf 84' lang='lat' dir='ltr'><strong>Latine</strong></span> <span class='ocrx_word' id='word_1_91' title='bbox 552 679 653 714; x_wconf 89' lang='lat' dir='ltr'><strong>prodiit</strong></span> <span class='ocrx_word' id='word_1_92' title='bbox 667 678 777 706; x_wconf 60' lang='lat' dir='ltr'><strong>Basilca‘.</strong></span> <span class='ocrx_word' id='word_1_93' title='bbox 790 686 814 707; x_wconf 87' lang='lat' dir='ltr'><strong>a.</strong></span> <span class='ocrx_word' id='word_1_94' title='bbox 828 678 907 705; x_wconf 73' lang='grc'><strong>1562.</strong></span> 
     </span>
    </p>
   </div>
   <div class='ocr_carea' id='block_1_14' title="bbox 120 723 909 759">
    <p class='ocr_par' dir='ltr' id='par_1_14' title="bbox 120 723 909 759">
     <span class='ocr_line' id='line_1_14' title="bbox 120 723 909 759; baseline -0.001 -8"><span class='ocrx_word' id='word_1_95' title='bbox 120 724 221 757; x_wconf 84' lang='lat' dir='ltr'><strong>Tertia,</strong></span> <span class='ocrx_word' id='word_1_96' title='bbox 249 732 308 759; x_wconf 64' lang='lat' dir='ltr'><strong>quae</strong></span> <span class='ocrx_word' id='word_1_97' title='bbox 339 723 398 751; x_wconf 92' lang='lat' dir='ltr'><strong>Lat.</strong></span> <span class='ocrx_word' id='word_1_98' title='bbox 429 724 515 752; x_wconf 88' lang='lat' dir='ltr'><strong>Paris.</strong></span> <span class='ocrx_word' id='word_1_99' title='bbox 544 732 571 752; x_wconf 87' lang='lat' dir='ltr'><strong>a.</strong></span> <span class='ocrx_word' id='word_1_100' title='bbox 599 725 677 753; x_wconf 78' lang='grc'><strong>1567.</strong></span> <span class='ocrx_word' id='word_1_101' title='bbox 708 724 821 757; x_wconf 77' lang='lat' dir='ltr'><strong>Quarta,</strong></span> <span class='ocrx_word' id='word_1_102' title='bbox 849 731 909 759; x_wconf 61' lang='lat' dir='ltr'><strong>qua</strong></span> 
     </span>
    </p>
   </div>
   <div class='ocr_carea' id='block_1_15' title="bbox 120 769 908 806">
    <p class='ocr_par' dir='ltr' id='par_1_15' title="bbox 120 769 908 806">
     <span class='ocr_line' id='line_1_15' title="bbox 120 769 908 806; baseline 0 -10"><span class='ocrx_word' id='word_1_103' title='bbox 120 770 221 803; x_wconf 88' lang='lat' dir='ltr'><strong>ltalice,</strong></span> <span class='ocrx_word' id='word_1_104' title='bbox 236 771 385 805; x_wconf 84' lang='lat' dir='ltr'><strong>interprete</strong></span> <span class='ocrx_word' id='word_1_105' title='bbox 405 770 474 798; x_wconf 86' lang='lat' dir='ltr'><strong>Lud.</strong></span> <span class='ocrx_word' id='word_1_106' title='bbox 497 769 583 802; x_wconf 84' lang='lat' dir='ltr'><strong>Dulci,</strong></span> <span class='ocrx_word' id='word_1_107' title='bbox 596 774 743 797; x_wconf 85' lang='lat' dir='ltr'><strong>accurante</strong></span> <span class='ocrx_word' id='word_1_108' title='bbox 757 771 908 806; x_wconf 70' lang='lat' dir='ltr'><strong>Augustino</strong></span> 
     </span>
    </p>
   </div>
   <div class='ocr_carea' id='block_1_16' title="bbox 120 815 907 854">
    <p class='ocr_par' dir='ltr' id='par_1_16' title="bbox 120 815 907 854">
     <span class='ocr_line' id='line_1_16' title="bbox 120 815 907 854; baseline 0 -12"><span class='ocrx_word' id='word_1_109' title='bbox 120 816 270 849; x_wconf 83' lang='lat' dir='ltr'><strong>Ferentilli,</strong></span> <span class='ocrx_word' id='word_1_110' title='bbox 286 815 385 844; x_wconf 83' lang='lat' dir='ltr'><strong>Venet.</strong></span> <span class='ocrx_word' id='word_1_111' title='bbox 403 824 429 843; x_wconf 85' lang='lat' dir='ltr'><strong>a.</strong></span> <span class='ocrx_word' id='word_1_112' title='bbox 448 816 516 843; x_wconf 81' lang='grc'><strong>1569</strong></span> <span class='ocrx_word' id='word_1_113' title='bbox 545 815 614 843; x_wconf 72' lang='grc' dir='ltr'><strong>ἰπὶ-4.</strong></span> <span class='ocrx_word' id='word_1_114' title='bbox 627 815 738 849; x_wconf 83' lang='lat' dir='ltr'><strong>Quinta,</strong></span> <span class='ocrx_word' id='word_1_115' title='bbox 758 823 817 850; x_wconf 69' lang='lat' dir='ltr'><strong>quos</strong></span> <span class='ocrx_word' id='word_1_116' title='bbox 845 816 907 854; x_wconf 72' lang='lat' dir='ltr'><strong>Lat.</strong></span> 
     </span>
    </p>
   </div>
   <div class='ocr_carea' id='block_1_17' title="bbox 119 861 908 895">
    <p class='ocr_par' dir='ltr' id='par_1_17' title="bbox 119 861 908 895">
     <span class='ocr_line' id='line_1_17' title="bbox 119 861 908 895; baseline -0.001 -6"><span class='ocrx_word' id='word_1_117' title='bbox 119 862 291 889; x_wconf 84' lang='lat' dir='ltr'><strong>Franeolurti</strong></span> <span class='ocrx_word' id='word_1_118' title='bbox 327 862 360 889; x_wconf 89' lang='lat' dir='ltr'><strong>ad</strong></span> <span class='ocrx_word' id='word_1_119' title='bbox 392 861 532 894; x_wconf 77' lang='lat' dir='ltr'><strong>Moenum,</strong></span> <span class='ocrx_word' id='word_1_120' title='bbox 562 869 588 889; x_wconf 92' lang='lat' dir='ltr'><strong>a.</strong></span> <span class='ocrx_word' id='word_1_121' title='bbox 617 861 695 888; x_wconf 82' lang='lat' dir='ltr'><strong>l587.</strong></span> <span class='ocrx_word' id='word_1_122' title='bbox 722 861 816 894; x_wconf 76' lang='lat' dir='ltr'><strong>Sexta,</strong></span> <span class='ocrx_word' id='word_1_123' title='bbox 848 869 908 895; x_wconf 65' lang='lat' dir='ltr'><strong>qua:</strong></span> 
     </span>
    </p>
   </div>
   <div class='ocr_carea' id='block_1_18' title="bbox 118 897 946 942">
    <p class='ocr_par' dir='ltr' id='par_1_18' title="bbox 118 897 946 942">
     <span class='ocr_line' id='line_1_18' title="bbox 118 897 946 942; baseline -0.001 -6"><span class='ocrx_word' id='word_1_124' title='bbox 118 908 210 936; x_wconf 72' lang='lat' dir='ltr'><strong>Graece</strong></span> <span class='ocrx_word' id='word_1_125' title='bbox 239 913 266 935; x_wconf 89' lang='lat' dir='ltr'><strong>et</strong></span> <span class='ocrx_word' id='word_1_126' title='bbox 290 907 397 940; x_wconf 88' lang='lat' dir='ltr'><strong>Latine,</strong></span> <span class='ocrx_word' id='word_1_127' title='bbox 426 907 546 936; x_wconf 64' lang='lat' dir='ltr'><strong>Colonia:</strong></span> <span class='ocrx_word' id='word_1_128' title='bbox 565 908 749 942; x_wconf 67' lang='lat' dir='ltr'><strong>Allobrogum,</strong></span> <span class='ocrx_word' id='word_1_129' title='bbox 773 915 799 935; x_wconf 90' lang='lat' dir='ltr'><strong>a.</strong></span> <span class='ocrx_word' id='word_1_130' title='bbox 828 907 906 941; x_wconf 74' lang='lat' dir='ltr'><strong>16l5_</strong></span> <span class='ocrx_word' id='word_1_131' title='bbox 927 897 946 924; x_wconf 78' lang='grc' dir='ltr'><strong>Β</strong></span> 
     </span>
    </p>
   </div>
   <div class='ocr_carea' id='block_1_19' title="bbox 119 951 909 989">
    <p class='ocr_par' dir='ltr' id='par_1_19' title="bbox 119 951 909 989">
     <span class='ocr_line' id='line_1_19' title="bbox 119 951 909 989; baseline -0.004 -8"><span class='ocrx_word' id='word_1_132' title='bbox 119 954 239 982; x_wconf 78' lang='lat' dir='ltr'><strong>llanltius</strong></span> <span class='ocrx_word' id='word_1_133' title='bbox 262 954 388 989; x_wconf 70' lang='lat' dir='ltr'><strong>Grcgorae</strong></span> <span class='ocrx_word' id='word_1_134' title='bbox 414 953 560 980; x_wconf 78' lang='lat' dir='ltr'><strong>Historiam</strong></span> <span class='ocrx_word' id='word_1_135' title='bbox 589 952 710 979; x_wconf 77' lang='lat' dir='ltr'><strong>Coloniae</strong></span> <span class='ocrx_word' id='word_1_136' title='bbox 743 951 909 979; x_wconf 73' lang='lat' dir='ltr'><strong>Planieianaa</strong></span> 
     </span>
    </p>
   </div>
   <div class='ocr_carea' id='block_1_20' title="bbox 118 997 910 1030">
    <p class='ocr_par' dir='ltr' id='par_1_20' title="bbox 118 997 910 1030">
     <span class='ocr_line' id='line_1_20' title="bbox 118 997 910 1030; baseline -0.005 -2"><span class='ocrx_word' id='word_1_137' title='bbox 118 1001 199 1028; x_wconf 87' lang='lat' dir='ltr'><strong>etiam</strong></span> <span class='ocrx_word' id='word_1_138' title='bbox 230 1008 256 1027; x_wconf 85' lang='lat' dir='ltr'><strong>a.</strong></span> <span class='ocrx_word' id='word_1_139' title='bbox 283 999 315 1028; x_wconf 89' lang='lat' dir='ltr'><strong>C.</strong></span> <span class='ocrx_word' id='word_1_140' title='bbox 343 999 413 1027; x_wconf 81' lang='grc'>1616</span> <span class='ocrx_word' id='word_1_141' title='bbox 441 999 542 1027; x_wconf 88' lang='lat' dir='ltr'><strong>editam</strong></span> <span class='ocrx_word' id='word_1_142' title='bbox 569 998 713 1030; x_wconf 81' lang='lat' dir='ltr'><strong>observat;</strong></span> <span class='ocrx_word' id='word_1_143' title='bbox 742 997 910 1025; x_wconf 74' lang='lat' dir='ltr'><strong>Warthonus</strong></span> 
     </span>
    </p>
   </div>
   <div class='ocr_carea' id='block_1_21' title="bbox 118 1043 906 1079">
    <p class='ocr_par' dir='ltr' id='par_1_21' title="bbox 118 1043 906 1079">
     <span class='ocr_line' id='line_1_21' title="bbox 118 1043 906 1079; baseline -0.003 -6"><span class='ocrx_word' id='word_1_144' title='bbox 118 1047 185 1074; x_wconf 88' lang='lat' dir='ltr'><strong>duas</strong></span> <span class='ocrx_word' id='word_1_145' title='bbox 204 1044 446 1073; x_wconf 75' lang='lat' dir='ltr'><strong>Franeoiurtenses</strong></span> <span class='ocrx_word' id='word_1_146' title='bbox 469 1049 615 1077; x_wconf 83' lang='lat' dir='ltr'><strong>numerat;</strong></span> <span class='ocrx_word' id='word_1_147' title='bbox 640 1043 754 1079; x_wconf 83' lang='lat' dir='ltr'><strong>primam</strong></span> <span class='ocrx_word' id='word_1_148' title='bbox 781 1051 808 1069; x_wconf 86' lang='lat' dir='ltr'><strong>a.</strong></span> <span class='ocrx_word' id='word_1_149' title='bbox 826 1043 906 1076; x_wconf 81' lang='grc'><strong>1568,</strong></span> 
     </span>
    </p>
   </div>
   <div class='ocr_carea' id='block_1_22' title="bbox 119 1091 404 1120">
    <p class='ocr_par' dir='ltr' id='par_1_22' title="bbox 119 1091 404 1120">
     <span class='ocr_line' id='line_1_22' title="bbox 119 1091 404 1120; baseline -0.007 -1"><span class='ocrx_word' id='word_1_150' title='bbox 119 1091 264 1120; x_wconf 75' lang='lat' dir='ltr'><strong>secundm</strong></span> <span class='ocrx_word' id='word_1_151' title='bbox 281 1099 306 1118; x_wconf 86' lang='lat' dir='ltr'><strong>a.</strong></span> <span class='ocrx_word' id='word_1_152' title='bbox 325 1091 404 1118; x_wconf 81' lang='grc'>1587.</span> 
     </span>
    </p>
   </div>
   <div class='ocr_carea' id='block_1_23' title="bbox 153 1157 906 1193">
    <p class='ocr_par' dir='ltr' id='par_1_23' title="bbox 153 1157 906 1193">
     <span class='ocr_line' id='line_1_23' title="bbox 153 1157 906 1193; baseline -0.004 -7"><span class='ocrx_word' id='word_1_153' title='bbox 153 1159 182 1186; x_wconf 86' lang='lat' dir='ltr'><strong>ltt</strong></span> <span class='ocrx_word' id='word_1_154' title='bbox 199 1163 275 1186; x_wconf 87' lang='lat' dir='ltr'><strong>tomo</strong></span> <span class='ocrx_word' id='word_1_155' title='bbox 288 1157 407 1188; x_wconf 82' lang='lat' dir='ltr'><strong>secundo</strong></span> <span class='ocrx_word' id='word_1_156' title='bbox 423 1157 464 1185; x_wconf 86' lang='lat' dir='ltr'><strong>usi</strong></span> <span class='ocrx_word' id='word_1_157' title='bbox 491 1165 585 1186; x_wconf 88' lang='lat' dir='ltr'><strong>sumus</strong></span> <span class='ocrx_word' id='word_1_158' title='bbox 608 1157 717 1187; x_wconf 79' lang='lat' dir='ltr'><strong>duobus</strong></span> <span class='ocrx_word' id='word_1_159' title='bbox 733 1157 906 1193; x_wconf 74' lang='lat' dir='ltr'><strong>apographis,</strong></span> 
     </span>
    </p>
   </div>
   <div class='ocr_carea' id='block_1_24' title="bbox 119 1202 906 1239">
    <p class='ocr_par' dir='ltr' id='par_1_24' title="bbox 119 1202 906 1239">
     <span class='ocr_line' id='line_1_24' title="bbox 119 1202 906 1239; baseline -0.003 -7"><span class='ocrx_word' id='word_1_160' title='bbox 119 1209 235 1239; x_wconf 87' lang='lat' dir='ltr'><strong>utroque</strong></span> <span class='ocrx_word' id='word_1_161' title='bbox 264 1211 297 1231; x_wconf 79' lang='lat' dir='ltr'><strong>ex</strong></span> <span class='ocrx_word' id='word_1_162' title='bbox 333 1202 473 1231; x_wconf 83' lang='lat' dir='ltr'><strong>veteribus</strong></span> <span class='ocrx_word' id='word_1_163' title='bbox 508 1202 709 1238; x_wconf 77' lang='lat' dir='ltr'><strong>exemplaribus</strong></span> <span class='ocrx_word' id='word_1_164' title='bbox 737 1203 829 1230; x_wconf 81' lang='lat' dir='ltr'><strong>Roma:</strong></span> <span class='ocrx_word' id='word_1_165' title='bbox 857 1203 906 1230; x_wconf 87' lang='lat' dir='ltr'><strong>de-</strong></span> 
     </span>
    </p>
   </div>
   <div class='ocr_carea' id='block_1_25' title="bbox 119 1251 233 1286">
    <p class='ocr_par' dir='ltr' id='par_1_25' title="bbox 119 1251 233 1286">
     <span class='ocr_line' id='line_1_25' title="bbox 119 1251 233 1286; baseline -0.009 -8"><span class='ocrx_word' id='word_1_166' title='bbox 119 1251 233 1286; x_wconf 87' lang='lat' dir='ltr'><strong>scripto.</strong></span> 
     </span>
    </p>
   </div>
   <div class='ocr_carea' id='block_1_26' title="bbox 155 1313 905 1352">
    <p class='ocr_par' dir='ltr' id='par_1_26' title="bbox 155 1313 905 1352">
     <span class='ocr_line' id='line_1_26' title="bbox 155 1313 905 1352; baseline -0.008 -8"><span class='ocrx_word' id='word_1_167' title='bbox 155 1317 276 1344; x_wconf 82' lang='lat' dir='ltr'><strong>Primum</strong></span> <span class='ocrx_word' id='word_1_168' title='bbox 293 1315 490 1352; x_wconf 83' lang='lat' dir='ltr'><strong>apographnm,</strong></span> <span class='ocrx_word' id='word_1_169' title='bbox 508 1313 580 1350; x_wconf 88' lang='lat' dir='ltr'><strong>quod</strong></span> <span class='ocrx_word' id='word_1_170' title='bbox 597 1314 625 1341; x_wconf 91' lang='lat' dir='ltr'><strong>in</strong></span> <span class='ocrx_word' id='word_1_171' title='bbox 640 1313 804 1341; x_wconf 84' lang='lat' dir='ltr'><strong>bibliotheca</strong></span> <span class='ocrx_word' id='word_1_172' title='bbox 822 1313 905 1348; x_wconf 80' lang='lat' dir='ltr'><strong>Regia</strong></span> 
     </span>
    </p>
   </div>
   <div class='ocr_carea' id='block_1_27' title="bbox 119 1361 905 1397">
    <p class='ocr_par' dir='ltr' id='par_1_27' title="bbox 119 1361 905 1397">
     <span class='ocr_line' id='line_1_27' title="bbox 119 1361 905 1397; baseline -0.006 -5"><span class='ocrx_word' id='word_1_173' title='bbox 119 1367 208 1392; x_wconf 78' lang='lat' dir='ltr'><strong>exstat</strong></span> <span class='ocrx_word' id='word_1_174' title='bbox 221 1371 337 1391; x_wconf 89' lang='lat' dir='ltr'><strong>numero</strong></span> <span class='ocrx_word' id='word_1_175' title='bbox 349 1363 430 1396; x_wconf 68' lang='lat'><strong>2079,</strong></span> <span class='ocrx_word' id='word_1_176' title='bbox 444 1362 523 1390; x_wconf 86' lang='lat' dir='ltr'><strong>docta</strong></span> <span class='ocrx_word' id='word_1_177' title='bbox 544 1367 571 1390; x_wconf 89' lang='lat' dir='ltr'><strong>ct</strong></span> <span class='ocrx_word' id='word_1_178' title='bbox 597 1361 713 1397; x_wconf 82' lang='lat' dir='ltr'><strong>eleganti</strong></span> <span class='ocrx_word' id='word_1_179' title='bbox 743 1369 823 1388; x_wconf 90' lang='lat' dir='ltr'><strong>manu</strong></span> <span class='ocrx_word' id='word_1_180' title='bbox 842 1365 905 1388; x_wconf 84' lang='lat' dir='ltr'><strong>ante</strong></span> 
     </span>
    </p>
   </div>
   <div class='ocr_carea' id='block_1_28' title="bbox 119 1407 905 1445">
    <p class='ocr_par' dir='ltr' id='par_1_28' title="bbox 119 1407 905 1445">
     <span class='ocr_line' id='line_1_28' title="bbox 119 1407 905 1445; baseline -0.006 -7"><span class='ocrx_word' id='word_1_181' title='bbox 119 1418 207 1438; x_wconf 89' lang='lat' dir='ltr'><strong>annos</strong></span> <span class='ocrx_word' id='word_1_182' title='bbox 223 1410 286 1445; x_wconf 79' lang='lat' dir='ltr'><strong>plus</strong></span> <span class='ocrx_word' id='word_1_183' title='bbox 300 1413 410 1438; x_wconf 88' lang='lat' dir='ltr'><strong>centum</strong></span> <span class='ocrx_word' id='word_1_184' title='bbox 432 1413 460 1436; x_wconf 88' lang='lat' dir='ltr'><strong>et</strong></span> <span class='ocrx_word' id='word_1_185' title='bbox 474 1409 670 1444; x_wconf 80' lang='lat' dir='ltr'><strong>quinquaginta</strong></span> <span class='ocrx_word' id='word_1_186' title='bbox 685 1412 823 1436; x_wconf 80' lang='lat' dir='ltr'><strong>exaratum</strong></span> <span class='ocrx_word' id='word_1_187' title='bbox 844 1407 905 1439; x_wconf 80' lang='lat' dir='ltr'><strong>fuit,</strong></span> 
     </span>
    </p>
   </div>
   <div class='ocr_carea' id='block_1_29' title="bbox 120 1454 906 1492">
    <p class='ocr_par' dir='ltr' id='par_1_29' title="bbox 120 1454 906 1492">
     <span class='ocr_line' id='line_1_29' title="bbox 120 1454 906 1492; baseline -0.005 -8"><span class='ocrx_word' id='word_1_188' title='bbox 120 1462 150 1485; x_wconf 91' lang='lat' dir='ltr'><strong>ut</strong></span> <span class='ocrx_word' id='word_1_189' title='bbox 169 1460 249 1492; x_wconf 86' lang='lat' dir='ltr'><strong>patet</strong></span> <span class='ocrx_word' id='word_1_190' title='bbox 264 1464 297 1484; x_wconf 83' lang='lat' dir='ltr'><strong>ex</strong></span> <span class='ocrx_word' id='word_1_191' title='bbox 327 1455 413 1491; x_wconf 86' lang='lat' dir='ltr'><strong>ipsius</strong></span> <span class='ocrx_word' id='word_1_192' title='bbox 439 1455 542 1482; x_wconf 86' lang='lat' dir='ltr'><strong>librarii</strong></span> <span class='ocrx_word' id='word_1_193' title='bbox 557 1454 723 1486; x_wconf 87' lang='lat' dir='ltr'><strong>testimonio,</strong></span> <span class='ocrx_word' id='word_1_194' title='bbox 735 1454 780 1488; x_wconf 90' lang='lat' dir='ltr'><strong>qui</strong></span> <span class='ocrx_word' id='word_1_195' title='bbox 796 1457 906 1488; x_wconf 84' lang='lat' dir='ltr'><strong>peracto</strong></span> 
     </span>
    </p>
   </div>
   <div class='ocr_carea' id='block_1_30' title="bbox 119 1499 906 1539">
    <p class='ocr_par' dir='ltr' id='par_1_30' title="bbox 119 1499 906 1539">
     <span class='ocr_line' id='line_1_30' title="bbox 119 1499 906 1539; baseline -0.01 -7"><span class='ocrx_word' id='word_1_196' title='bbox 119 1511 200 1539; x_wconf 79' lang='lat' dir='ltr'><strong>opere</strong></span> <span class='ocrx_word' id='word_1_197' title='bbox 216 1505 273 1531; x_wconf 67' lang='lat' dir='ltr'><strong>haec</strong></span> <span class='ocrx_word' id='word_1_198' title='bbox 292 1501 452 1536; x_wconf 79' lang='lat' dir='ltr'><strong>subscripsit</strong></span> <span class='ocrx_word' id='word_1_199' title='bbox 467 1509 475 1528; x_wconf 87' lang='lat'><strong>:</strong></span> <span class='ocrx_word' id='word_1_200' title='bbox 494 1500 575 1532; x_wconf 77' lang='grc' dir='ltr'>Τέλος</span> <span class='ocrx_word' id='word_1_201' title='bbox 588 1500 685 1527; x_wconf 74' lang='grc' dir='ltr'><strong>ἐλαϐεν</strong></span> <span class='ocrx_word' id='word_1_202' title='bbox 699 1500 778 1526; x_wconf 84' lang='grc' dir='ltr'>τοῦτο</span> <span class='ocrx_word' id='word_1_203' title='bbox 793 1499 824 1525; x_wconf 80' lang='grc' dir='ltr'>τὸ</span> <span class='ocrx_word' id='word_1_204' title='bbox 844 1499 906 1525; x_wconf 87' lang='grc' dir='ltr'><strong>σύν-</strong></span> 
     </span>
    </p>
   </div>
   <div class='ocr_carea' id='block_1_31' title="bbox 119 1545 904 1584">
    <p class='ocr_par' dir='ltr' id='par_1_31' title="bbox 119 1545 904 1584">
     <span class='ocr_line' id='line_1_31' title="bbox 119 1545 904 1584; baseline -0.009 -7"><span class='ocrx_word' id='word_1_205' title='bbox 119 1557 211 1584; x_wconf 83' lang='grc' dir='ltr'>ταγμα</span> <span class='ocrx_word' id='word_1_206' title='bbox 233 1550 265 1584; x_wconf 80' lang='grc' dir='ltr'>τῇ</span> <span class='ocrx_word' id='word_1_207' title='bbox 288 1546 509 1583; x_wconf 76' lang='grc' dir='ltr'><strong>ὀκτωκαιδεκάτῃ</strong></span> <span class='ocrx_word' id='word_1_208' title='bbox 533 1546 581 1573; x_wconf 79' lang='grc' dir='ltr'><strong>τοῦ</strong></span> <span class='ocrx_word' id='word_1_209' title='bbox 604 1545 765 1581; x_wconf 79' lang='grc' dir='ltr'><strong>ὸκτωϐρῐου.</strong></span> <span class='ocrx_word' id='word_1_210' title='bbox 787 1545 841 1571; x_wconf 75' lang='grc' dir='ltr'>ἔτει</span> <span class='ocrx_word' id='word_1_211' title='bbox 863 1554 904 1579; x_wconf 78' lang='grc' dir='ltr'><strong>χι-</strong></span> 
     </span>
    </p>
   </div>
   <div class='ocr_carea' id='block_1_32' title="bbox 120 1590 903 1628">
    <p class='ocr_par' dir='ltr' id='par_1_32' title="bbox 120 1590 903 1628">
     <span class='ocr_line' id='line_1_32' title="bbox 120 1590 903 1628; baseline -0.008 -6"><span class='ocrx_word' id='word_1_212' title='bbox 120 1595 218 1628; x_wconf 81' lang='grc' dir='ltr'>λιοστῷ</span> <span class='ocrx_word' id='word_1_213' title='bbox 232 1593 452 1627; x_wconf 68' lang='grc' dir='ltr'><strong>πεντακοσιοστῷ</strong></span> <span class='ocrx_word' id='word_1_214' title='bbox 468 1591 679 1626; x_wconf 69' lang='grc' dir='ltr'><strong>τεσσαρακοστῷ</strong></span> <span class='ocrx_word' id='word_1_215' title='bbox 694 1591 788 1626; x_wconf 74' lang='grc' dir='ltr'>τρίτῳ,</span> <span class='ocrx_word' id='word_1_216' title='bbox 802 1590 903 1624; x_wconf 79' lang='grc' dir='ltr'><strong>σπουδῇ</strong></span> 
     </span>
    </p>
   </div>
   <div class='ocr_carea' id='block_1_33' title="bbox 119 1636 903 1676">
    <p class='ocr_par' dir='ltr' id='par_1_33' title="bbox 119 1636 903 1676">
     <span class='ocr_line' id='line_1_33' title="bbox 119 1636 903 1676; baseline -0.008 -8"><span class='ocrx_word' id='word_1_217' title='bbox 119 1642 165 1668; x_wconf 73' lang='grc' dir='ltr'><strong>καὶ</strong></span> <span class='ocrx_word' id='word_1_218' title='bbox 180 1641 324 1676; x_wconf 63' lang='grc' dir='ltr'>φιλοπονίᾳ</span> <span class='ocrx_word' id='word_1_219' title='bbox 343 1639 527 1675; x_wconf 68' lang='grc' dir='ltr'><strong>Χριποφόρου</strong></span> <span class='ocrx_word' id='word_1_220' title='bbox 547 1638 594 1664; x_wconf 81' lang='grc' dir='ltr'><strong>τοῦ</strong></span> <span class='ocrx_word' id='word_1_221' title='bbox 617 1637 744 1671; x_wconf 80' lang='grc' dir='ltr'><strong>’Λουέρου</strong></span> <span class='ocrx_word' id='word_1_222' title='bbox 761 1636 903 1672; x_wconf 68' lang='grc' dir='ltr'><strong>Γερμαπωῦ</strong></span> 
     </span>
    </p>
   </div>
   <div class='ocr_carea' id='block_1_34' title="bbox 121 1682 904 1722">
    <p class='ocr_par' dir='ltr' id='par_1_34' title="bbox 121 1682 904 1722">
     <span class='ocr_line' id='line_1_34' title="bbox 121 1682 904 1722; baseline -0.006 -9"><span class='ocrx_word' id='word_1_223' title='bbox 121 1686 381 1722; x_wconf 77' lang='grc' dir='ltr'><strong>μεταγεγραμμένον</strong></span> <span class='ocrx_word' id='word_1_224' title='bbox 393 1693 401 1701; x_wconf 87' lang='grc'><strong>·</strong></span> <span class='ocrx_word' id='word_1_225' title='bbox 417 1684 542 1719; x_wconf 78' lang='grc' dir='ltr'><strong>δαψιλείᾳ</strong></span> <span class='ocrx_word' id='word_1_226' title='bbox 555 1683 584 1710; x_wconf 84' lang='grc' dir='ltr'><strong>δὲ</strong></span> <span class='ocrx_word' id='word_1_227' title='bbox 596 1683 644 1710; x_wconf 76' lang='grc' dir='ltr'><strong>καὶ</strong></span> <span class='ocrx_word' id='word_1_228' title='bbox 654 1682 777 1718; x_wconf 81' lang='grc' dir='ltr'>φλογερῷ</span> <span class='ocrx_word' id='word_1_229' title='bbox 793 1683 859 1717; x_wconf 81' lang='grc' dir='ltr'><strong>πρὸς</strong></span> <span class='ocrx_word' id='word_1_230' title='bbox 872 1683 904 1709; x_wconf 83' lang='grc' dir='ltr'>τὰ</span> 
     </span>
    </p>
   </div>
   <div class='ocr_carea' id='block_1_35' title="bbox 121 1728 903 1766">
    <p class='ocr_par' dir='ltr' id='par_1_35' title="bbox 121 1728 903 1766">
     <span class='ocr_line' id='line_1_35' title="bbox 121 1728 903 1766; baseline -0.005 -8"><span class='ocrx_word' id='word_1_231' title='bbox 121 1731 272 1766; x_wconf 74' lang='grc' dir='ltr'><strong>μαθήματα.</strong></span> <span class='ocrx_word' id='word_1_232' title='bbox 295 1730 370 1766; x_wconf 81' lang='grc' dir='ltr'>πόθῳ</span> <span class='ocrx_word' id='word_1_233' title='bbox 395 1729 532 1764; x_wconf 83' lang='grc' dir='ltr'><strong>Γεωργῑου</strong></span> <span class='ocrx_word' id='word_1_234' title='bbox 558 1728 605 1760; x_wconf 74' lang='grc' dir='ltr'><strong>τ’ᾳῦ</strong></span> <span class='ocrx_word' id='word_1_235' title='bbox 636 1728 832 1764; x_wconf 72' lang='grc' dir='ltr'><strong>Ἀρμηνιακοῠ,</strong></span> <span class='ocrx_word' id='word_1_236' title='bbox 858 1728 903 1755; x_wconf 78' lang='grc' dir='ltr'>τοῦ</span> 
     </span>
    </p>
   </div>
   <div class='ocr_carea' id='block_1_36' title="bbox 127 1773 905 1809">
    <p class='ocr_par' dir='ltr' id='par_1_36' title="bbox 127 1773 905 1809">
     <span class='ocr_line' id='line_1_36' title="bbox 127 1773 905 1809; baseline -0.006 -6"><span class='ocrx_word' id='word_1_237' title='bbox 127 1775 275 1803; x_wconf 72' lang='grc' dir='ltr'><strong>Ῥουῦένων</strong></span> <span class='ocrx_word' id='word_1_238' title='bbox 287 1774 335 1802; x_wconf 80' lang='grc' dir='ltr'><strong>καὶ</strong></span> <span class='ocrx_word' id='word_1_239' title='bbox 350 1774 463 1809; x_wconf 73' lang='grc' dir='ltr'><strong>Βάῆρων</strong></span> <span class='ocrx_word' id='word_1_240' title='bbox 478 1773 637 1805; x_wconf 82' lang='grc' dir='ltr'><strong>ἐπισκόπου,</strong></span> <span class='ocrx_word' id='word_1_241' title='bbox 653 1773 722 1807; x_wconf 70' lang='grc' dir='ltr'>πρὸς</span> <span class='ocrx_word' id='word_1_242' title='bbox 743 1773 847 1799; x_wconf 72' lang='grc' dir='ltr'><strong>Παῦλον</strong></span> <span class='ocrx_word' id='word_1_243' title='bbox 859 1773 905 1798; x_wconf 72' lang='grc' dir='ltr'><strong>τὸν</strong></span> 
     </span>
    </p>
   </div>
   <div class='ocr_carea' id='block_1_37' title="bbox 119 1818 906 1857">
    <p class='ocr_par' dir='ltr' id='par_1_37' title="bbox 119 1818 906 1857">
     <span class='ocr_line' id='line_1_37' title="bbox 119 1818 906 1857; baseline -0.006 -9"><span class='ocrx_word' id='word_1_244' title='bbox 119 1823 220 1857; x_wconf 72' lang='grc' dir='ltr'><strong>τριτον,</strong></span> <span class='ocrx_word' id='word_1_245' title='bbox 238 1821 272 1847; x_wconf 82' lang='grc' dir='ltr'>τὰ</span> <span class='ocrx_word' id='word_1_246' title='bbox 285 1820 334 1855; x_wconf 81' lang='grc' dir='ltr'><strong>τῆς</strong></span> <span class='ocrx_word' id='word_1_247' title='bbox 355 1819 503 1854; x_wconf 75' lang='grc' dir='ltr'><strong>ἱερωσύνης</strong></span> <span class='ocrx_word' id='word_1_248' title='bbox 519 1819 725 1853; x_wconf 59' lang='grc' dir='ltr'><strong>οῐκονομδῦντα,</strong></span> <span class='ocrx_word' id='word_1_249' title='bbox 741 1818 817 1854; x_wconf 85' lang='grc' dir='ltr'>παρὰ</span> <span class='ocrx_word' id='word_1_250' title='bbox 835 1818 906 1844; x_wconf 81' lang='grc' dir='ltr'><strong>Κελ-</strong></span> 
     </span>
    </p>
   </div>
   <div class='ocr_carea' id='block_1_38' title="bbox 120 1864 906 1903">
    <p class='ocr_par' dir='ltr' id='par_1_38' title="bbox 120 1864 906 1903">
     <span class='ocr_line' id='line_1_38' title="bbox 120 1864 906 1903; baseline -0.006 -9"><span class='ocrx_word' id='word_1_251' title='bbox 120 1868 174 1894; x_wconf 83' lang='grc' dir='ltr'><strong>τῶν</strong></span> <span class='ocrx_word' id='word_1_252' title='bbox 195 1866 326 1903; x_wconf 69' lang='grc' dir='ltr'><strong>βασιλέως</strong></span> <span class='ocrx_word' id='word_1_253' title='bbox 353 1866 382 1892; x_wconf 75' lang='grc' dir='ltr'><strong>ἐν</strong></span> <span class='ocrx_word' id='word_1_254' title='bbox 405 1867 439 1901; x_wconf 80' lang='grc' dir='ltr'>τῇ</span> <span class='ocrx_word' id='word_1_255' title='bbox 460 1865 553 1900; x_wconf 82' lang='grc' dir='ltr'><strong>Ῥώμῃ</strong></span> <span class='ocrx_word' id='word_1_256' title='bbox 573 1866 606 1900; x_wconf 81' lang='grc' dir='ltr'>τῇ</span> <span class='ocrx_word' id='word_1_257' title='bbox 626 1864 696 1891; x_wconf 83' lang='grc' dir='ltr'>πάνυ</span> <span class='ocrx_word' id='word_1_258' title='bbox 719 1864 906 1899; x_wconf 67' lang='grc' dir='ltr'><strong>πρεσϐεύσαν-</strong></span> 
     </span>
    </p>
   </div>
   <div class='ocr_carea' id='block_1_39' title="bbox 119 1909 904 1944">
    <p class='ocr_par' dir='ltr' id='par_1_39' title="bbox 119 1909 904 1944">
     <span class='ocr_line' id='line_1_39' title="bbox 119 1909 904 1944; baseline -0.006 -5"><span class='ocrx_word' id='word_1_259' title='bbox 119 1921 174 1944; x_wconf 78' lang='grc' dir='ltr'><strong>τος.</strong></span> <span class='ocrx_word' id='word_1_260' title='bbox 186 1911 211 1940; x_wconf 89' lang='lat' dir='ltr'><strong>id</strong></span> <span class='ocrx_word' id='word_1_261' title='bbox 225 1916 269 1940; x_wconf 89' lang='lat' dir='ltr'><strong>est</strong></span> <span class='ocrx_word' id='word_1_262' title='bbox 283 1920 290 1926; x_wconf 84' lang='lat'>&#39;</span> <span class='ocrx_word' id='word_1_263' title='bbox 306 1910 460 1938; x_wconf 76' lang='lat' dir='ltr'><strong>Absolutum</strong></span> <span class='ocrx_word' id='word_1_264' title='bbox 472 1913 510 1936; x_wconf 79' lang='lat' dir='ltr'><strong>est</strong></span> <span class='ocrx_word' id='word_1_265' title='bbox 533 1909 579 1935; x_wconf 85' lang='lat' dir='ltr'><strong>‘wc</strong></span> <span class='ocrx_word' id='word_1_266' title='bbox 596 1917 660 1943; x_wconf 82' lang='lat' dir='ltr'><strong>opus</strong></span> <span class='ocrx_word' id='word_1_267' title='bbox 676 1909 793 1936; x_wconf 69' lang='lat' dir='ltr'><strong>Octobris</strong></span> <span class='ocrx_word' id='word_1_268' title='bbox 806 1910 847 1935; x_wconf 81' lang='lat' dir='ltr'><strong>die</strong></span> <span class='ocrx_word' id='word_1_269' title='bbox 863 1909 904 1940; x_wconf 89' lang='grc'><strong>18,</strong></span> 
     </span>
    </p>
   </div>
   <div class='ocr_carea' id='block_1_40' title="bbox 120 1954 906 1990">
    <p class='ocr_par' dir='ltr' id='par_1_40' title="bbox 120 1954 906 1990">
     <span class='ocr_line' id='line_1_40' title="bbox 120 1954 906 1990; baseline -0.005 -5"><span class='ocrx_word' id='word_1_270' title='bbox 120 1966 188 1986; x_wconf 65' lang='lat' dir='ltr'><strong>anno</strong></span> <span class='ocrx_word' id='word_1_271' title='bbox 214 1958 285 1985; x_wconf 66' lang='grc'>1545</span> <span class='ocrx_word' id='word_1_272' title='bbox 309 1955 487 1990; x_wconf 79' lang='lat' dir='ltr'><strong>Cltriuophori</strong></span> <span class='ocrx_word' id='word_1_273' title='bbox 513 1955 596 1981; x_wconf 79' lang='lat' dir='ltr'><strong>Aweri</strong></span> <span class='ocrx_word' id='word_1_274' title='bbox 626 1954 750 1982; x_wconf 81' lang='lat' dir='ltr'><strong>Germani</strong></span> <span class='ocrx_word' id='word_1_275' title='bbox 774 1962 851 1988; x_wconf 72' lang='lat' dir='ltr'><strong>opera</strong></span> <span class='ocrx_word' id='word_1_276' title='bbox 876 1962 906 1981; x_wconf 88' lang='lat' dir='ltr'><strong>ac</strong></span> 
     </span>
    </p>
   </div>
   <div class='ocr_carea' id='block_1_41' title="bbox 120 2000 906 2040">
    <p class='ocr_par' dir='ltr' id='par_1_41' title="bbox 120 2000 906 2040">
     <span class='ocr_line' id='line_1_41' title="bbox 120 2000 906 2040; baseline -0.006 -9"><span class='ocrx_word' id='word_1_277' title='bbox 120 2004 255 2040; x_wconf 69' lang='lat' dir='ltr'><strong>diligentia</strong></span> <span class='ocrx_word' id='word_1_278' title='bbox 271 2003 479 2036; x_wconf 69' lang='lat' dir='ltr'><strong>transcriptum;</strong></span> <span class='ocrx_word' id='word_1_279' title='bbox 493 2000 672 2035; x_wconf 74' lang='lat' dir='ltr'><strong>muniﬁcentia</strong></span> <span class='ocrx_word' id='word_1_280' title='bbox 685 2006 770 2027; x_wconf 80' lang='lat' dir='ltr'><strong>autem</strong></span> <span class='ocrx_word' id='word_1_281' title='bbox 787 2007 809 2027; x_wconf 83' lang='lat' dir='ltr'><strong>et</strong></span> <span class='ocrx_word' id='word_1_282' title='bbox 820 2001 906 2027; x_wconf 78' lang='lat' dir='ltr'><strong>studio</strong></span> 
     </span>
    </p>
   </div>
   <div class='ocr_carea' id='block_1_42' title="bbox 120 2044 906 2080">
    <p class='ocr_par' dir='ltr' id='par_1_42' title="bbox 120 2044 906 2080">
     <span class='ocr_line' id='line_1_42' title="bbox 120 2044 906 2080; baseline -0.008 -4"><span class='ocrx_word' id='word_1_283' title='bbox 120 2051 147 2075; x_wconf 86' lang='lat' dir='ltr'><strong>in</strong></span> <span class='ocrx_word' id='word_1_284' title='bbox 163 2049 264 2076; x_wconf 76' lang='lat' dir='ltr'><strong>litteras</strong></span> <span class='ocrx_word' id='word_1_285' title='bbox 293 2046 477 2074; x_wconf 75' lang='lat' dir='ltr'><strong>ardentissima</strong></span> <span class='ocrx_word' id='word_1_286' title='bbox 509 2045 614 2080; x_wconf 82' lang='lat' dir='ltr'><strong>Georgii</strong></span> <span class='ocrx_word' id='word_1_287' title='bbox 644 2045 795 2071; x_wconf 80' lang='lat' dir='ltr'><strong>Armeniaci</strong></span> <span class='ocrx_word' id='word_1_288' title='bbox 813 2044 906 2078; x_wconf 79' lang='lat' dir='ltr'><strong>(D‘Ar-</strong></span> 
     </span>
    </p>
   </div>
   <div class='ocr_carea' id='block_1_43' title="bbox 122 2090 906 2130">
    <p class='ocr_par' dir='ltr' id='par_1_43' title="bbox 122 2090 906 2130">
     <span class='ocr_line' id='line_1_43' title="bbox 122 2090 906 2130; baseline -0.006 -8"><span class='ocrx_word' id='word_1_289' title='bbox 122 2095 243 2130; x_wconf 69' lang='lat' dir='ltr'><strong>magnae)</strong></span> <span class='ocrx_word' id='word_1_290' title='bbox 258 2093 419 2120; x_wconf 79' lang='lat' dir='ltr'><strong>Rutenorum</strong></span> <span class='ocrx_word' id='word_1_291' title='bbox 434 2097 457 2119; x_wconf 85' lang='lat' dir='ltr'><strong>et</strong></span> <span class='ocrx_word' id='word_1_292' title='bbox 481 2090 627 2118; x_wconf 82' lang='lat' dir='ltr'><strong>Vabrorum</strong></span> <span class='ocrx_word' id='word_1_293' title='bbox 645 2091 770 2125; x_wconf 79' lang='lat' dir='ltr'><strong>episcopi,</strong></span> <span class='ocrx_word' id='word_1_294' title='bbox 783 2099 798 2116; x_wconf 91' lang='lat' dir='ltr'><strong>a</strong></span> <span class='ocrx_word' id='word_1_295' title='bbox 815 2090 906 2118; x_wconf 80' lang='lat' dir='ltr'><strong>Collo-</strong></span> 
     </span>
    </p>
   </div>
   <div class='ocr_carea' id='block_1_44' title="bbox 123 2135 906 2174">
    <p class='ocr_par' dir='ltr' id='par_1_44' title="bbox 123 2135 906 2174">
     <span class='ocr_line' id='line_1_44' title="bbox 123 2135 906 2174; baseline -0.008 -7"><span class='ocrx_word' id='word_1_296' title='bbox 123 2149 179 2167; x_wconf 87' lang='lat' dir='ltr'><strong>rum</strong></span> <span class='ocrx_word' id='word_1_297' title='bbox 195 2147 252 2174; x_wconf 80' lang='lat' dir='ltr'><strong>rege</strong></span> <span class='ocrx_word' id='word_1_298' title='bbox 265 2141 298 2166; x_wconf 85' lang='lat' dir='ltr'><strong>ad</strong></span> <span class='ocrx_word' id='word_1_299' title='bbox 315 2146 447 2166; x_wconf 79' lang='lat' dir='ltr'><strong>summum</strong></span> <span class='ocrx_word' id='word_1_300' title='bbox 460 2137 608 2171; x_wconf 77' lang='lat' dir='ltr'><strong>pontificem</strong></span> <span class='ocrx_word' id='word_1_301' title='bbox 626 2136 741 2163; x_wconf 80' lang='lat' dir='ltr'><strong>Paulum</strong></span> <span class='ocrx_word' id='word_1_302' title='bbox 762 2136 806 2162; x_wconf 91' lang='lat' dir='ltr'><strong>III</strong></span> <span class='ocrx_word' id='word_1_303' title='bbox 828 2135 906 2172; x_wconf 72' lang='lat' dir='ltr'><strong>leguli</strong></span> 
     </span>
    </p>
   </div>
   <div class='ocr_carea' id='block_1_45' title="bbox 124 2181 905 2213">
    <p class='ocr_par' dir='ltr' id='par_1_45' title="bbox 124 2181 905 2213">
     <span class='ocr_line' id='line_1_45' title="bbox 124 2181 905 2213; baseline -0.004 -1"><span class='ocrx_word' id='word_1_304' title='bbox 124 2186 229 2213; x_wconf 80' lang='lat' dir='ltr'><strong>Romam</strong></span> <span class='ocrx_word' id='word_1_305' title='bbox 252 2185 336 2211; x_wconf 72' lang='lat' dir='ltr'><strong>missi.</strong></span> <span class='ocrx_word' id='word_1_306' title='bbox 367 2184 405 2211; x_wconf 75' lang='lat' dir='ltr'><strong>Ex</strong></span> <span class='ocrx_word' id='word_1_307' title='bbox 425 2184 476 2210; x_wconf 91' lang='lat' dir='ltr'><strong>hoc</strong></span> <span class='ocrx_word' id='word_1_308' title='bbox 493 2183 552 2210; x_wconf 87' lang='lat' dir='ltr'><strong>cod.</strong></span> <span class='ocrx_word' id='word_1_309' title='bbox 570 2182 652 2209; x_wconf 90' lang='lat' dir='ltr'><strong>libros</strong></span> <span class='ocrx_word' id='word_1_310' title='bbox 674 2181 752 2209; x_wconf 87' lang='lat' dir='ltr'><strong>Tomi</strong></span> <span class='ocrx_word' id='word_1_311' title='bbox 767 2181 844 2209; x_wconf 89' lang='lat' dir='ltr'><strong>istius</strong></span> <span class='ocrx_word' id='word_1_312' title='bbox 861 2189 905 2209; x_wconf 84' lang='lat' dir='ltr'><strong>sc—</strong></span> 
     </span>
    </p>
   </div>
   <div class='ocr_carea' id='block_1_46' title="bbox 123 2227 905 2265">
    <p class='ocr_par' dir='ltr' id='par_1_46' title="bbox 123 2227 905 2265">
     <span class='ocr_line' id='line_1_46' title="bbox 123 2227 905 2265; baseline -0.006 -6"><span class='ocrx_word' id='word_1_313' title='bbox 123 2231 203 2259; x_wconf 83' lang='lat' dir='ltr'><strong>cundi</strong></span> <span class='ocrx_word' id='word_1_314' title='bbox 219 2239 265 2259; x_wconf 76' lang='lat' dir='ltr'><strong>sex</strong></span> <span class='ocrx_word' id='word_1_315' title='bbox 292 2230 398 2265; x_wconf 84' lang='lat' dir='ltr'><strong>priores</strong></span> <span class='ocrx_word' id='word_1_316' title='bbox 424 2233 549 2257; x_wconf 75' lang='lat' dir='ltr'><strong>accurate</strong></span> <span class='ocrx_word' id='word_1_317' title='bbox 574 2227 725 2262; x_wconf 77' lang='lat' dir='ltr'><strong>desetiptos</strong></span> <span class='ocrx_word' id='word_1_318' title='bbox 741 2230 813 2263; x_wconf 82' lang='lat' dir='ltr'><strong>(nam</strong></span> <span class='ocrx_word' id='word_1_319' title='bbox 831 2227 905 2255; x_wconf 86' lang='lat' dir='ltr'><strong>codi-</strong></span> 
     </span>
    </p>
   </div>
   <div class='ocr_carea' id='block_1_47' title="bbox 122 2273 905 2311">
    <p class='ocr_par' dir='ltr' id='par_1_47' title="bbox 122 2273 905 2311">
     <span class='ocr_line' id='line_1_47' title="bbox 122 2273 905 2311; baseline -0.008 -5"><span class='ocrx_word' id='word_1_320' title='bbox 122 2275 281 2311; x_wconf 72' lang='lat' dir='ltr'><strong>cem&#39;ipsmn</strong></span> <span class='ocrx_word' id='word_1_321' title='bbox 305 2276 449 2311; x_wconf 80' lang='lat' dir='ltr'><strong>quominus</strong></span> <span class='ocrx_word' id='word_1_322' title='bbox 475 2273 648 2310; x_wconf 62' lang='lat' dir='ltr'><strong>typographis</strong></span> <span class='ocrx_word' id='word_1_323' title='bbox 673 2274 905 2300; x_wconf 77' lang='lat' dir='ltr'><strong>committerentus</strong></span> 
     </span>
    </p>
   </div>
   <div class='ocr_carea' id='block_1_48' title="bbox 123 2319 868 2359">
    <p class='ocr_par' dir='ltr' id='par_1_48' title="bbox 123 2319 868 2359">
     <span class='ocr_line' id='line_1_48' title="bbox 123 2319 868 2359; baseline -0.008 -8"><span class='ocrx_word' id='word_1_324' title='bbox 123 2324 216 2359; x_wconf 70' lang='lat' dir='ltr'><strong>religio</strong></span> <span class='ocrx_word' id='word_1_325' title='bbox 233 2323 311 2350; x_wconf 85' lang='lat' dir='ltr'><strong>nobis</strong></span> <span class='ocrx_word' id='word_1_326' title='bbox 327 2323 399 2357; x_wconf 74' lang='lat' dir='ltr'><strong>fuit).</strong></span> <span class='ocrx_word' id='word_1_327' title='bbox 414 2321 483 2357; x_wconf 78' lang='lat' dir='ltr'><strong>typis</strong></span> <span class='ocrx_word' id='word_1_328' title='bbox 499 2319 690 2355; x_wconf 71' lang='lat' dir='ltr'><strong>exprimendos</strong></span> <span class='ocrx_word' id='word_1_329' title='bbox 705 2319 868 2346; x_wconf 73' lang='lat' dir='ltr'><strong>curavimus.</strong></span> 
     </span>
    </p>
   </div>
   <div class='ocr_carea' id='block_1_49' title="bbox 155 2365 903 2404">
    <p class='ocr_par' dir='ltr' id='par_1_49' title="bbox 155 2365 903 2404">
     <span class='ocr_line' id='line_1_49' title="bbox 155 2365 903 2404; baseline -0.009 -7"><span class='ocrx_word' id='word_1_330' title='bbox 155 2371 276 2397; x_wconf 86' lang='lat' dir='ltr'><strong>Alterum</strong></span> <span class='ocrx_word' id='word_1_331' title='bbox 293 2370 489 2404; x_wconf 77' lang='lat' dir='ltr'><strong>apographum,</strong></span> <span class='ocrx_word' id='word_1_332' title='bbox 516 2371 578 2393; x_wconf 88' lang='lat' dir='ltr'><strong>ante</strong></span> <span class='ocrx_word' id='word_1_333' title='bbox 594 2367 644 2393; x_wconf 89' lang='lat' dir='ltr'><strong>hos</strong></span> <span class='ocrx_word' id='word_1_334' title='bbox 669 2365 789 2400; x_wconf 87' lang='lat' dir='ltr'><strong>qttinqtte</strong></span> <span class='ocrx_word' id='word_1_335' title='bbox 815 2372 903 2391; x_wconf 82' lang='lat' dir='ltr'><strong>annos</strong></span> 
     </span>
    </p>
   </div>
   <div class='ocr_carea' id='block_1_50' title="bbox 123 2409 903 2449">
    <p class='ocr_par' dir='ltr' id='par_1_50' title="bbox 123 2409 903 2449">
     <span class='ocr_line' id='line_1_50' title="bbox 123 2409 903 2449; baseline -0.009 -7"><span class='ocrx_word' id='word_1_336' title='bbox 123 2415 215 2442; x_wconf 75' lang='lat' dir='ltr'><strong>R&#39;nna:</strong></span> <span class='ocrx_word' id='word_1_337' title='bbox 241 2414 372 2449; x_wconf 88' lang='lat' dir='ltr'><strong>scriptunt</strong></span> <span class='ocrx_word' id='word_1_338' title='bbox 393 2417 420 2440; x_wconf 92' lang='lat' dir='ltr'><strong>et</strong></span> <span class='ocrx_word' id='word_1_339' title='bbox 443 2421 458 2439; x_wconf 90' lang='lat' dir='ltr'><strong>a</strong></span> <span class='ocrx_word' id='word_1_340' title='bbox 483 2412 634 2440; x_wconf 76' lang='lat' dir='ltr'><strong>clarissimo</strong></span> <span class='ocrx_word' id='word_1_341' title='bbox 660 2411 718 2437; x_wconf 86' lang='lat' dir='ltr'><strong>\iro</strong></span> <span class='ocrx_word' id='word_1_342' title='bbox 739 2410 757 2436; x_wconf 92' lang='grc' dir='ltr'>Ι.</span> <span class='ocrx_word' id='word_1_343' title='bbox 778 2409 903 2436; x_wconf 77' lang='lat' dir='ltr'><strong>Virantio</strong></span> 
     </span>
    </p>
   </div>
   <div class='ocr_carea' id='block_1_51' title="bbox 123 2454 902 2491">
    <p class='ocr_par' dir='ltr' id='par_1_51' title="bbox 123 2454 902 2491">
     <span class='ocr_line' id='line_1_51' title="bbox 123 2454 902 2491; baseline -0.012 -4"><span class='ocrx_word' id='word_1_344' title='bbox 123 2461 255 2487; x_wconf 84' lang='lat' dir='ltr'><strong>Lutetiam</strong></span> <span class='ocrx_word' id='word_1_345' title='bbox 270 2461 389 2491; x_wconf 81' lang='lat' dir='ltr'><strong>allatum,</strong></span> <span class='ocrx_word' id='word_1_346' title='bbox 411 2457 488 2485; x_wconf 84' lang='lat' dir='ltr'><strong>valde</strong></span> <span class='ocrx_word' id='word_1_347' title='bbox 507 2457 666 2483; x_wconf 79' lang='lat' dir='ltr'><strong>mendosum</strong></span> <span class='ocrx_word' id='word_1_348' title='bbox 685 2459 752 2482; x_wconf 33' lang='lat' dir='ltr'><strong>erat.</strong></span> <span class='ocrx_word' id='word_1_349' title='bbox 770 2454 902 2481; x_wconf 67' lang='lat' dir='ltr'><strong>Nntiruat</strong></span> 
     </span>
    </p>
   </div>
   <div class='ocr_carea' id='block_1_52' title="bbox 123 2499 903 2540">
    <p class='ocr_par' dir='ltr' id='par_1_52' title="bbox 123 2499 903 2540">
     <span class='ocr_line' id='line_1_52' title="bbox 123 2499 903 2540; baseline -0.012 -7"><span class='ocrx_word' id='word_1_350' title='bbox 123 2513 151 2533; x_wconf 89' lang='lat' dir='ltr'><strong>ut</strong></span> <span class='ocrx_word' id='word_1_351' title='bbox 167 2506 236 2540; x_wconf 86' lang='lat' dir='ltr'><strong>apud</strong></span> <span class='ocrx_word' id='word_1_352' title='bbox 255 2512 315 2537; x_wconf 86' lang='lat' dir='ltr'><strong>nos,</strong></span> <span class='ocrx_word' id='word_1_353' title='bbox 342 2505 377 2530; x_wconf 89' lang='lat' dir='ltr'><strong>ita</strong></span> <span class='ocrx_word' id='word_1_354' title='bbox 402 2504 483 2530; x_wconf 82' lang='lat' dir='ltr'><strong>etiam</strong></span> <span class='ocrx_word' id='word_1_355' title='bbox 500 2501 592 2528; x_wconf 71' lang='lat' dir='ltr'><strong>Roma:</strong></span> <span class='ocrx_word' id='word_1_356' title='bbox 613 2507 709 2534; x_wconf 71' lang='lat' dir='ltr'><strong>magna</strong></span> <span class='ocrx_word' id='word_1_357' title='bbox 727 2503 768 2526; x_wconf 82' lang='lat' dir='ltr'><strong>est</strong></span> <span class='ocrx_word' id='word_1_358' title='bbox 783 2499 903 2534; x_wconf 77' lang='lat' dir='ltr'><strong>paucitas</strong></span> 
     </span>
    </p>
   </div>
   <div class='ocr_carea' id='block_1_53' title="bbox 122 2547 902 2588">
    <p class='ocr_par' dir='ltr' id='par_1_53' title="bbox 122 2547 902 2588">
     <span class='ocr_line' id='line_1_53' title="bbox 122 2547 902 2588; baseline -0.012 -7"><span class='ocrx_word' id='word_1_359' title='bbox 122 2561 215 2582; x_wconf 75' lang='lat' dir='ltr'><strong>eorum</strong></span> <span class='ocrx_word' id='word_1_360' title='bbox 230 2552 467 2588; x_wconf 78' lang='lat' dir='ltr'><strong>calligrapltorunt,</strong></span> <span class='ocrx_word' id='word_1_361' title='bbox 482 2550 526 2585; x_wconf 87' lang='lat' dir='ltr'><strong>qui</strong></span> <span class='ocrx_word' id='word_1_362' title='bbox 544 2557 654 2576; x_wconf 88' lang='lat' dir='ltr'><strong>manum</strong></span> <span class='ocrx_word' id='word_1_363' title='bbox 672 2549 699 2574; x_wconf 85' lang='lat' dir='ltr'><strong>in</strong></span> <span class='ocrx_word' id='word_1_364' title='bbox 713 2547 813 2574; x_wconf 71' lang='lat' dir='ltr'><strong>Graecis</strong></span> <span class='ocrx_word' id='word_1_365' title='bbox 826 2555 902 2574; x_wconf 74' lang='lat' dir='ltr'><strong>excr-</strong></span> 
     </span>
    </p>
   </div>
   <div class='ocr_carea' id='block_1_54' title="bbox 121 2593 904 2630">
    <p class='ocr_par' dir='ltr' id='par_1_54' title="bbox 121 2593 904 2630">
     <span class='ocr_line' id='line_1_54' title="bbox 121 2593 904 2630; baseline -0.009 -4"><span class='ocrx_word' id='word_1_366' title='bbox 121 2601 228 2626; x_wconf 45' lang='lat' dir='ltr'><strong>t&#39;itatam</strong></span> <span class='ocrx_word' id='word_1_367' title='bbox 247 2599 383 2630; x_wconf 82' lang='lat' dir='ltr'><strong>habeant;</strong></span> <span class='ocrx_word' id='word_1_368' title='bbox 408 2597 529 2630; x_wconf 81' lang='lat' dir='ltr'><strong>adeoque</strong></span> <span class='ocrx_word' id='word_1_369' title='bbox 544 2601 656 2622; x_wconf 81' lang='lat' dir='ltr'><strong>necesse</strong></span> <span class='ocrx_word' id='word_1_370' title='bbox 676 2599 716 2621; x_wconf 90' lang='lat' dir='ltr'><strong>est</strong></span> <span class='ocrx_word' id='word_1_371' title='bbox 730 2594 763 2620; x_wconf 88' lang='lat' dir='ltr'><strong>ad</strong></span> <span class='ocrx_word' id='word_1_372' title='bbox 778 2593 904 2620; x_wconf 86' lang='lat' dir='ltr'><strong>librarios</strong></span> 
     </span>
    </p>
   </div>
   <div class='ocr_carea' id='block_1_55' title="bbox 121 2639 904 2680">
    <p class='ocr_par' dir='ltr' id='par_1_55' title="bbox 121 2639 904 2680">
     <span class='ocr_line' id='line_1_55' title="bbox 121 2639 904 2680; baseline -0.009 -8"><span class='ocrx_word' id='word_1_373' title='bbox 121 2646 202 2672; x_wconf 87' lang='lat' dir='ltr'><strong>rudes</strong></span> <span class='ocrx_word' id='word_1_374' title='bbox 217 2650 243 2672; x_wconf 86' lang='lat' dir='ltr'><strong>et</strong></span> <span class='ocrx_word' id='word_1_375' title='bbox 257 2644 400 2680; x_wconf 88' lang='lat' dir='ltr'><strong>imperitos</strong></span> <span class='ocrx_word' id='word_1_376' title='bbox 416 2649 566 2672; x_wconf 80' lang='lat' dir='ltr'><strong>recutrere,</strong></span> <span class='ocrx_word' id='word_1_377' title='bbox 584 2641 799 2675; x_wconf 67' lang='lat' dir='ltr'><strong>quotiescunque</strong></span> <span class='ocrx_word' id='word_1_378' title='bbox 817 2639 904 2674; x_wconf 85' lang='lat' dir='ltr'><strong>agitur</strong></span> 
     </span>
    </p>
   </div>
   <div class='ocr_carea' id='block_1_56' title="bbox 119 2685 904 2719">
    <p class='ocr_par' dir='ltr' id='par_1_56' title="bbox 119 2685 904 2719">
     <span class='ocr_line' id='line_1_56' title="bbox 119 2685 904 2719; baseline -0.009 -2"><span class='ocrx_word' id='word_1_379' title='bbox 119 2691 151 2717; x_wconf 84' lang='lat' dir='ltr'><strong>de</strong></span> <span class='ocrx_word' id='word_1_380' title='bbox 166 2690 349 2717; x_wconf 73' lang='lat' dir='ltr'><strong>exscribendis</strong></span> <span class='ocrx_word' id='word_1_381' title='bbox 364 2688 503 2716; x_wconf 87' lang='lat' dir='ltr'><strong>codicibus</strong></span> <span class='ocrx_word' id='word_1_382' title='bbox 523 2685 635 2713; x_wconf 75' lang='lat' dir='ltr'><strong>Graecis.</strong></span> <span class='ocrx_word' id='word_1_383' title='bbox 652 2685 689 2712; x_wconf 62' lang='lat' dir='ltr'><strong>Et</strong></span> <span class='ocrx_word' id='word_1_384' title='bbox 702 2693 734 2711; x_wconf 86' lang='lat' dir='ltr'><strong>eo</strong></span> <span class='ocrx_word' id='word_1_385' title='bbox 749 2685 904 2719; x_wconf 53' lang='lat' dir='ltr'><strong>apoBrapho</strong></span> 
     </span>
    </p>
   </div>
   <div class='ocr_carea' id='block_1_57' title="bbox 120 2731 903 2771">
    <p class='ocr_par' dir='ltr' id='par_1_57' title="bbox 120 2731 903 2771">
     <span class='ocr_line' id='line_1_57' title="bbox 120 2731 903 2771; baseline -0.009 -8"><span class='ocrx_word' id='word_1_386' title='bbox 120 2737 255 2771; x_wconf 83' lang='lat' dir='ltr'><strong>prodeunt</strong></span> <span class='ocrx_word' id='word_1_387' title='bbox 269 2737 350 2764; x_wconf 90' lang='lat' dir='ltr'><strong>hodie</strong></span> <span class='ocrx_word' id='word_1_388' title='bbox 361 2736 387 2763; x_wconf 90' lang='lat' dir='ltr'><strong>in</strong></span> <span class='ocrx_word' id='word_1_389' title='bbox 406 2736 495 2762; x_wconf 85' lang='lat' dir='ltr'><strong>lucem</strong></span> <span class='ocrx_word' id='word_1_390' title='bbox 510 2733 572 2760; x_wconf 90' lang='lat' dir='ltr'><strong>libri</strong></span> <span class='ocrx_word' id='word_1_391' title='bbox 585 2737 699 2767; x_wconf 83' lang='lat' dir='ltr'><strong>septem,</strong></span> <span class='ocrx_word' id='word_1_392' title='bbox 713 2731 756 2766; x_wconf 86' lang='lat' dir='ltr'><strong>qui</strong></span> <span class='ocrx_word' id='word_1_393' title='bbox 772 2731 903 2765; x_wconf 72' lang='lat' dir='ltr'><strong>reliquam</strong></span> 
     </span>
    </p>
   </div>
   <div class='ocr_carea' id='block_1_58' title="bbox 120 2778 903 2818">
    <p class='ocr_par' dir='ltr' id='par_1_58' title="bbox 120 2778 903 2818">
     <span class='ocr_line' id='line_1_58' title="bbox 120 2778 903 2818; baseline -0.008 -8"><span class='ocrx_word' id='word_1_394' title='bbox 120 2784 200 2818; x_wconf 73' lang='lat' dir='ltr'><strong>hujus</strong></span> <span class='ocrx_word' id='word_1_395' title='bbox 218 2783 283 2810; x_wconf 91' lang='lat' dir='ltr'><strong>tomi</strong></span> <span class='ocrx_word' id='word_1_396' title='bbox 301 2782 413 2810; x_wconf 88' lang='lat' dir='ltr'><strong>secundi</strong></span> <span class='ocrx_word' id='word_1_397' title='bbox 430 2786 534 2817; x_wconf 90' lang='lat' dir='ltr'><strong>partem</strong></span> <span class='ocrx_word' id='word_1_398' title='bbox 551 2779 680 2814; x_wconf 78' lang='lat' dir='ltr'><strong>explent;</strong></span> <span class='ocrx_word' id='word_1_399' title='bbox 702 2778 785 2813; x_wconf 86' lang='lat' dir='ltr'><strong>iique,</strong></span> <span class='ocrx_word' id='word_1_400' title='bbox 802 2778 903 2805; x_wconf 88' lang='lat' dir='ltr'><strong>nltintis</strong></span> 
     </span>
    </p>
   </div>
   <div class='ocr_carea' id='block_1_59' title="bbox 155 2859 708 2899">
    <p class='ocr_par' dir='ltr' id='par_1_59' title="bbox 155 2859 708 2899">
     <span class='ocr_line' id='line_1_59' title="bbox 155 2859 708 2899; baseline -0.011 -7"><span class='ocrx_word' id='word_1_401' title='bbox 155 2865 190 2899; x_wconf 66' lang='lat' dir='ltr'><strong>ib)</strong></span> <span class='ocrx_word' id='word_1_402' title='bbox 213 2864 272 2892; x_wconf 82' lang='lat' dir='ltr'><strong>Vid.</strong></span> <span class='ocrx_word' id='word_1_403' title='bbox 291 2861 456 2894; x_wconf 86' lang='lat' dir='ltr'><strong>Fabricium,</strong></span> <span class='ocrx_word' id='word_1_404' title='bbox 471 2860 540 2888; x_wconf 79' lang='lat' dir='ltr'><strong>intra</strong></span> <span class='ocrx_word' id='word_1_405' title='bbox 562 2859 616 2888; x_wconf 88' lang='lat' dir='ltr'><strong>col:</strong></span> <span class='ocrx_word' id='word_1_406' title='bbox 632 2859 666 2887; x_wconf 85' lang='lat'><strong>99</strong></span> <span class='ocrx_word' id='word_1_407' title='bbox 677 2859 708 2886; x_wconf 90' lang='lat' dir='ltr'><strong>C.</strong></span> 
     </span>
    </p>
   </div>
   <div class='ocr_carea' id='block_1_60' title="bbox 959 265 1742 300">
    <p class='ocr_par' dir='ltr' id='par_1_60' title="bbox 959 265 1742 300">
     <span class='ocr_line' id='line_1_60' title="bbox 959 265 1742 300; baseline 0 -7"><span class='ocrx_word' id='word_1_408' title='bbox 959 265 1093 300; x_wconf 86' lang='lat' dir='ltr'><strong>emplari;</strong></span> <span class='ocrx_word' id='word_1_409' title='bbox 1109 273 1171 292; x_wconf 89' lang='lat' dir='ltr'><strong>cum</strong></span> <span class='ocrx_word' id='word_1_410' title='bbox 1186 273 1240 300; x_wconf 89' lang='lat' dir='ltr'><strong>quo</strong></span> <span class='ocrx_word' id='word_1_411' title='bbox 1256 265 1388 292; x_wconf 85' lang='lat' dir='ltr'><strong>lectiones</strong></span> <span class='ocrx_word' id='word_1_412' title='bbox 1404 265 1500 292; x_wconf 82' lang='lat' dir='ltr'><strong>dubias</strong></span> <span class='ocrx_word' id='word_1_413' title='bbox 1515 265 1681 293; x_wconf 88' lang='lat' dir='ltr'><strong>contulimus</strong></span> <span class='ocrx_word' id='word_1_414' title='bbox 1692 273 1742 300; x_wconf 83' lang='lat' dir='ltr'><strong>per</strong></span> 
     </span>
    </p>
   </div>
   <div class='ocr_carea' id='block_1_61' title="bbox 959 311 1740 346">
    <p class='ocr_par' dir='ltr' id='par_1_61' title="bbox 959 311 1740 346">
     <span class='ocr_line' id='line_1_61' title="bbox 959 311 1740 346; baseline 0 -8"><span class='ocrx_word' id='word_1_415' title='bbox 959 311 1032 338; x_wconf 77' lang='lat' dir='ltr'><strong>viros</strong></span> <span class='ocrx_word' id='word_1_416' title='bbox 1048 311 1259 344; x_wconf 83' lang='lat' dir='ltr'><strong>eruditissimos,</strong></span> <span class='ocrx_word' id='word_1_417' title='bbox 1277 319 1345 345; x_wconf 90' lang='lat' dir='ltr'><strong>quos</strong></span> <span class='ocrx_word' id='word_1_418' title='bbox 1362 311 1463 338; x_wconf 89' lang='lat' dir='ltr'><strong>laboris</strong></span> <span class='ocrx_word' id='word_1_419' title='bbox 1486 311 1568 345; x_wconf 84' lang='lat' dir='ltr'><strong>hujus</strong></span> <span class='ocrx_word' id='word_1_420' title='bbox 1585 319 1634 346; x_wconf 90' lang='lat' dir='ltr'><strong>per</strong></span> <span class='ocrx_word' id='word_1_421' title='bbox 1648 319 1678 340; x_wconf 84' lang='lat' dir='ltr'><strong>se</strong></span> <span class='ocrx_word' id='word_1_422' title='bbox 1698 312 1740 338; x_wconf 92' lang='lat' dir='ltr'><strong>in-</strong></span> 
     </span>
    </p>
   </div>
   <div class='ocr_carea' id='block_1_62' title="bbox 959 353 1741 391">
    <p class='ocr_par' dir='ltr' id='par_1_62' title="bbox 959 353 1741 391">
     <span class='ocr_line' id='line_1_62' title="bbox 959 353 1741 391; baseline 0.003 -11"><span class='ocrx_word' id='word_1_423' title='bbox 959 353 1028 391; x_wconf 76' lang='lat' dir='ltr'><strong>grati</strong></span> <span class='ocrx_word' id='word_1_424' title='bbox 1046 353 1154 380; x_wconf 80' lang='lat' dir='ltr'><strong>taedium</strong></span> <span class='ocrx_word' id='word_1_425' title='bbox 1170 362 1201 381; x_wconf 84' lang='lat' dir='ltr'><strong>ac</strong></span> <span class='ocrx_word' id='word_1_426' title='bbox 1225 354 1362 382; x_wconf 78' lang='lat' dir='ltr'><strong>fastidium</strong></span> <span class='ocrx_word' id='word_1_427' title='bbox 1379 359 1474 382; x_wconf 88' lang='lat' dir='ltr'><strong>nostra</strong></span> <span class='ocrx_word' id='word_1_428' title='bbox 1494 359 1521 382; x_wconf 86' lang='lat' dir='ltr'><strong>et</strong></span> <span class='ocrx_word' id='word_1_429' title='bbox 1534 355 1650 390; x_wconf 71' lang='lat' dir='ltr'><strong>publica:</strong></span> <span class='ocrx_word' id='word_1_430' title='bbox 1665 356 1741 382; x_wconf 92' lang='lat' dir='ltr'><strong>utili-</strong></span> 
     </span>
    </p>
   </div>
   <div class='ocr_carea' id='block_1_63' title="bbox 961 399 1740 435">
    <p class='ocr_par' dir='ltr' id='par_1_63' title="bbox 961 399 1740 435">
     <span class='ocr_line' id='line_1_63' title="bbox 961 399 1740 435; baseline 0.003 -8"><span class='ocrx_word' id='word_1_431' title='bbox 961 400 1022 427; x_wconf 85' lang='lat' dir='ltr'><strong>tatis</strong></span> <span class='ocrx_word' id='word_1_432' title='bbox 1038 407 1118 426; x_wconf 87' lang='lat' dir='ltr'><strong>cansa</strong></span> <span class='ocrx_word' id='word_1_433' title='bbox 1136 399 1208 426; x_wconf 78' lang='lat' dir='ltr'><strong>ferre</strong></span> <span class='ocrx_word' id='word_1_434' title='bbox 1223 407 1277 427; x_wconf 90' lang='lat' dir='ltr'><strong>non</strong></span> <span class='ocrx_word' id='word_1_435' title='bbox 1295 400 1391 435; x_wconf 78' lang='lat' dir='ltr'><strong>piguit.</strong></span> <span class='ocrx_word' id='word_1_436' title='bbox 1408 399 1501 434; x_wconf 89' lang='lat' dir='ltr'><strong>Itaque</strong></span> <span class='ocrx_word' id='word_1_437' title='bbox 1517 400 1550 427; x_wconf 88' lang='lat' dir='ltr'><strong>iis</strong></span> <span class='ocrx_word' id='word_1_438' title='bbox 1565 401 1616 428; x_wconf 87' lang='lat' dir='ltr'><strong>hoc</strong></span> <span class='ocrx_word' id='word_1_439' title='bbox 1631 401 1700 434; x_wconf 85' lang='lat' dir='ltr'><strong>loco,</strong></span> <span class='ocrx_word' id='word_1_440' title='bbox 1716 402 1740 429; x_wconf 94' lang='lat' dir='ltr'><strong>si</strong></span> 
     </span>
    </p>
   </div>
   <div class='ocr_carea' id='block_1_64' title="bbox 959 445 1741 482">
    <p class='ocr_par' dir='ltr' id='par_1_64' title="bbox 959 445 1741 482">
     <span class='ocr_line' id='line_1_64' title="bbox 959 445 1741 482; baseline 0.003 -10"><span class='ocrx_word' id='word_1_441' title='bbox 959 445 1039 472; x_wconf 79' lang='lat' dir='ltr'><strong>facile</strong></span> <span class='ocrx_word' id='word_1_442' title='bbox 1055 451 1224 480; x_wconf 86' lang='lat' dir='ltr'><strong>paterentur,</strong></span> <span class='ocrx_word' id='word_1_443' title='bbox 1248 453 1359 481; x_wconf 76' lang='lat' dir='ltr'><strong>magnas</strong></span> <span class='ocrx_word' id='word_1_444' title='bbox 1376 446 1477 481; x_wconf 78' lang='lat' dir='ltr'><strong>gratias</strong></span> <span class='ocrx_word' id='word_1_445' title='bbox 1496 453 1654 482; x_wconf 83' lang='lat' dir='ltr'><strong>ageremus;</strong></span> <span class='ocrx_word' id='word_1_446' title='bbox 1672 455 1741 482; x_wconf 76' lang='lat' dir='ltr'><strong>pne-</strong></span> 
     </span>
    </p>
   </div>
   <div class='ocr_carea' id='block_1_65' title="bbox 960 491 1742 529">
    <p class='ocr_par' dir='ltr' id='par_1_65' title="bbox 960 491 1742 529">
     <span class='ocr_line' id='line_1_65' title="bbox 960 491 1742 529; baseline 0.001 -11"><span class='ocrx_word' id='word_1_447' title='bbox 960 491 1054 519; x_wconf 76' lang='lat' dir='ltr'><strong>sertim</strong></span> <span class='ocrx_word' id='word_1_448' title='bbox 1073 491 1216 529; x_wconf 74' lang='lat' dir='ltr'><strong>abbatibus</strong></span> <span class='ocrx_word' id='word_1_449' title='bbox 1232 491 1435 523; x_wconf 84' lang='lat' dir='ltr'><strong>illnstrissimis,</strong></span> <span class='ocrx_word' id='word_1_450' title='bbox 1460 492 1606 519; x_wconf 86' lang='lat' dir='ltr'><strong>Laurentio</strong></span> <span class='ocrx_word' id='word_1_451' title='bbox 1623 493 1742 520; x_wconf 78' lang='lat' dir='ltr'><strong>Alexan-</strong></span> 
     </span>
    </p>
   </div>
   <div class='ocr_carea' id='block_1_66' title="bbox 959 537 1742 573">
    <p class='ocr_par' dir='ltr' id='par_1_66' title="bbox 959 537 1742 573">
     <span class='ocr_line' id='line_1_66' title="bbox 959 537 1742 573; baseline -0.001 -8"><span class='ocrx_word' id='word_1_452' title='bbox 959 537 1008 565; x_wconf 92' lang='lat' dir='ltr'><strong>dro</strong></span> <span class='ocrx_word' id='word_1_453' title='bbox 1032 537 1191 573; x_wconf 80' lang='lat' dir='ltr'><strong>Zaccagnio,</strong></span> <span class='ocrx_word' id='word_1_454' title='bbox 1216 543 1242 566; x_wconf 88' lang='lat' dir='ltr'><strong>et</strong></span> <span class='ocrx_word' id='word_1_455' title='bbox 1258 537 1290 565; x_wconf 71' lang='grc'>11.</span> <span class='ocrx_word' id='word_1_456' title='bbox 1311 537 1343 566; x_wconf 87' lang='grc' dir='ltr'><strong>Ρ.</strong></span> <span class='ocrx_word' id='word_1_457' title='bbox 1367 538 1549 571; x_wconf 84' lang='lat' dir='ltr'><strong>D.Delmiro;</strong></span> <span class='ocrx_word' id='word_1_458' title='bbox 1576 539 1621 573; x_wconf 90' lang='lat' dir='ltr'><strong>qui</strong></span> <span class='ocrx_word' id='word_1_459' title='bbox 1646 538 1742 566; x_wconf 87' lang='lat' dir='ltr'><strong>biblio-</strong></span> 
     </span>
    </p>
   </div>
   <div class='ocr_carea' id='block_1_67' title="bbox 961 582 1744 618">
    <p class='ocr_par' dir='ltr' id='par_1_67' title="bbox 961 582 1744 618">
     <span class='ocr_line' id='line_1_67' title="bbox 961 582 1744 618; baseline 0.003 -9"><span class='ocrx_word' id='word_1_460' title='bbox 961 582 1045 610; x_wconf 62' lang='lat' dir='ltr'><strong>thecae</strong></span> <span class='ocrx_word' id='word_1_461' title='bbox 1060 582 1194 610; x_wconf 70' lang='lat' dir='ltr'><strong>Vaticana:</strong></span> <span class='ocrx_word' id='word_1_462' title='bbox 1215 583 1333 618; x_wconf 69' lang='lat' dir='ltr'><strong>praefecti</strong></span> <span class='ocrx_word' id='word_1_463' title='bbox 1349 584 1483 610; x_wconf 85' lang='lat' dir='ltr'><strong>creditum</strong></span> <span class='ocrx_word' id='word_1_464' title='bbox 1499 584 1550 611; x_wconf 88' lang='lat' dir='ltr'><strong>sibi</strong></span> <span class='ocrx_word' id='word_1_465' title='bbox 1579 585 1744 618; x_wconf 70' lang='lat' dir='ltr'><strong>pretiosissi-</strong></span> 
     </span>
    </p>
   </div>
   <div class='ocr_carea' id='block_1_68' title="bbox 961 629 1742 664">
    <p class='ocr_par' dir='ltr' id='par_1_68' title="bbox 961 629 1742 664">
     <span class='ocr_line' id='line_1_68' title="bbox 961 629 1742 664; baseline 0.003 -10"><span class='ocrx_word' id='word_1_466' title='bbox 961 635 1034 655; x_wconf 92' lang='lat' dir='ltr'><strong>mum</strong></span> <span class='ocrx_word' id='word_1_467' title='bbox 1051 629 1208 656; x_wconf 84' lang='lat' dir='ltr'><strong>thesaurum</strong></span> <span class='ocrx_word' id='word_1_468' title='bbox 1225 637 1257 656; x_wconf 89' lang='lat' dir='ltr'><strong>ea</strong></span> <span class='ocrx_word' id='word_1_469' title='bbox 1275 629 1326 656; x_wconf 85' lang='lat' dir='ltr'><strong>(ide</strong></span> <span class='ocrx_word' id='word_1_470' title='bbox 1351 630 1485 664; x_wconf 80' lang='lat' dir='ltr'><strong>integrum</strong></span> <span class='ocrx_word' id='word_1_471' title='bbox 1505 636 1531 657; x_wconf 90' lang='lat' dir='ltr'><strong>et</strong></span> <span class='ocrx_word' id='word_1_472' title='bbox 1548 630 1678 657; x_wconf 71' lang='lat' dir='ltr'><strong>illibatum</strong></span> <span class='ocrx_word' id='word_1_473' title='bbox 1693 639 1742 657; x_wconf 83' lang='lat' dir='ltr'><strong>cu-</strong></span> 
     </span>
    </p>
   </div>
   <div class='ocr_carea' id='block_1_69' title="bbox 960 675 1742 710">
    <p class='ocr_par' dir='ltr' id='par_1_69' title="bbox 960 675 1742 710">
     <span class='ocr_line' id='line_1_69' title="bbox 960 675 1742 710; baseline 0.001 -9"><span class='ocrx_word' id='word_1_474' title='bbox 960 675 1093 707; x_wconf 87' lang='lat' dir='ltr'><strong>stodiunt,</strong></span> <span class='ocrx_word' id='word_1_475' title='bbox 1122 680 1150 702; x_wconf 89' lang='lat' dir='ltr'><strong>ut</strong></span> <span class='ocrx_word' id='word_1_476' title='bbox 1176 679 1265 702; x_wconf 80' lang='lat' dir='ltr'><strong>tamen</strong></span> <span class='ocrx_word' id='word_1_477' title='bbox 1289 683 1415 710; x_wconf 72' lang='lat' dir='ltr'><strong>magnum</strong></span> <span class='ocrx_word' id='word_1_478' title='bbox 1432 683 1465 702; x_wconf 83' lang='lat' dir='ltr'><strong>ex</strong></span> <span class='ocrx_word' id='word_1_479' title='bbox 1484 683 1518 702; x_wconf 90' lang='lat' dir='ltr'><strong>eo</strong></span> <span class='ocrx_word' id='word_1_480' title='bbox 1542 677 1742 704; x_wconf 78' lang='lat' dir='ltr'><strong>communicato</strong></span> 
     </span>
    </p>
   </div>
   <div class='ocr_carea' id='block_1_70' title="bbox 961 720 1742 756">
    <p class='ocr_par' dir='ltr' id='par_1_70' title="bbox 961 720 1742 756">
     <span class='ocr_line' id='line_1_70' title="bbox 961 720 1742 756; baseline 0.001 -10"><span class='ocrx_word' id='word_1_481' title='bbox 961 720 1078 747; x_wconf 83' lang='lat' dir='ltr'><strong>fructum</strong></span> <span class='ocrx_word' id='word_1_482' title='bbox 1095 728 1190 748; x_wconf 87' lang='lat' dir='ltr'><strong>omnes</strong></span> <span class='ocrx_word' id='word_1_483' title='bbox 1202 721 1304 748; x_wconf 76' lang='lat' dir='ltr'><strong>eruditi</strong></span> <span class='ocrx_word' id='word_1_484' title='bbox 1322 721 1484 756; x_wconf 86' lang='lat' dir='ltr'><strong>percipiant,</strong></span> <span class='ocrx_word' id='word_1_485' title='bbox 1502 726 1581 755; x_wconf 82' lang='lat' dir='ltr'><strong>atque</strong></span> <span class='ocrx_word' id='word_1_486' title='bbox 1593 729 1625 749; x_wconf 75' lang='lat' dir='ltr'><strong>ex</strong></span> <span class='ocrx_word' id='word_1_487' title='bbox 1640 722 1682 749; x_wconf 84' lang='lat' dir='ltr'><strong>illa</strong></span> <span class='ocrx_word' id='word_1_488' title='bbox 1700 729 1742 749; x_wconf 92' lang='lat' dir='ltr'><strong>to-</strong></span> 
     </span>
    </p>
   </div>
   <div class='ocr_carea' id='block_1_71' title="bbox 960 766 1743 801">
    <p class='ocr_par' dir='ltr' id='par_1_71' title="bbox 960 766 1743 801">
     <span class='ocr_line' id='line_1_71' title="bbox 960 766 1743 801; baseline 0.004 -9"><span class='ocrx_word' id='word_1_489' title='bbox 960 766 1013 792; x_wconf 91' lang='lat' dir='ltr'><strong>tius</strong></span> <span class='ocrx_word' id='word_1_490' title='bbox 1039 766 1152 793; x_wconf 84' lang='lat' dir='ltr'><strong>litterati</strong></span> <span class='ocrx_word' id='word_1_491' title='bbox 1169 766 1243 794; x_wconf 86' lang='lat' dir='ltr'><strong>orbis</strong></span> <span class='ocrx_word' id='word_1_492' title='bbox 1261 766 1322 794; x_wconf 87' lang='lat' dir='ltr'><strong>luce</strong></span> <span class='ocrx_word' id='word_1_493' title='bbox 1346 766 1493 801; x_wconf 87' lang='lat' dir='ltr'><strong>conspicua</strong></span> <span class='ocrx_word' id='word_1_494' title='bbox 1510 767 1611 794; x_wconf 90' lang='lat' dir='ltr'><strong>clarum</strong></span> <span class='ocrx_word' id='word_1_495' title='bbox 1637 768 1687 795; x_wconf 84' lang='lat' dir='ltr'><strong>sibi</strong></span> <span class='ocrx_word' id='word_1_496' title='bbox 1711 776 1743 795; x_wconf 81' lang='lat' dir='ltr'><strong>ac</strong></span> 
     </span>
    </p>
   </div>
   <div class='ocr_carea' id='block_1_72' title="bbox 960 810 1745 847">
    <p class='ocr_par' dir='ltr' id='par_1_72' title="bbox 960 810 1745 847">
     <span class='ocr_line' id='line_1_72' title="bbox 960 810 1745 847; baseline 0.003 -10"><span class='ocrx_word' id='word_1_497' title='bbox 960 811 1017 838; x_wconf 83' lang='lat' dir='ltr'><strong>suis</strong></span> <span class='ocrx_word' id='word_1_498' title='bbox 1035 810 1125 838; x_wconf 90' lang='lat' dir='ltr'><strong>lunten</strong></span> <span class='ocrx_word' id='word_1_499' title='bbox 1142 811 1303 838; x_wconf 86' lang='lat' dir='ltr'><strong>accendant.</strong></span> <span class='ocrx_word' id='word_1_500' title='bbox 1322 811 1358 838; x_wconf 82' lang='lat' dir='ltr'><strong>Ex</strong></span> <span class='ocrx_word' id='word_1_501' title='bbox 1373 812 1418 839; x_wconf 91' lang='lat' dir='ltr'><strong>illo</strong></span> <span class='ocrx_word' id='word_1_502' title='bbox 1435 812 1493 847; x_wconf 86' lang='lat' dir='ltr'><strong>ipso</strong></span> <span class='ocrx_word' id='word_1_503' title='bbox 1511 812 1640 840; x_wconf 76' lang='lat' dir='ltr'><strong>Vaticano</strong></span> <span class='ocrx_word' id='word_1_504' title='bbox 1653 821 1745 840; x_wconf 79' lang='lat' dir='ltr'><strong>exem-</strong></span> 
     </span>
    </p>
   </div>
   <div class='ocr_carea' id='block_1_73' title="bbox 961 857 1743 894">
    <p class='ocr_par' dir='ltr' id='par_1_73' title="bbox 961 857 1743 894">
     <span class='ocr_line' id='line_1_73' title="bbox 961 857 1743 894; baseline 0.004 -11"><span class='ocrx_word' id='word_1_505' title='bbox 961 857 1030 891; x_wconf 87' lang='lat' dir='ltr'><strong>plari</strong></span> <span class='ocrx_word' id='word_1_506' title='bbox 1048 857 1142 889; x_wconf 84' lang='lat' dir='ltr'><strong>libros,</strong></span> <span class='ocrx_word' id='word_1_507' title='bbox 1159 863 1188 884; x_wconf 90' lang='lat' dir='ltr'><strong>ut</strong></span> <span class='ocrx_word' id='word_1_508' title='bbox 1200 858 1254 893; x_wconf 88' lang='lat' dir='ltr'><strong>jam</strong></span> <span class='ocrx_word' id='word_1_509' title='bbox 1274 858 1339 890; x_wconf 77' lang='lat' dir='ltr'><strong>dixi.</strong></span> <span class='ocrx_word' id='word_1_510' title='bbox 1355 859 1475 893; x_wconf 86' lang='lat' dir='ltr'><strong>quinque</strong></span> <span class='ocrx_word' id='word_1_511' title='bbox 1491 859 1611 894; x_wconf 87' lang='lat' dir='ltr'><strong>integros</strong></span> <span class='ocrx_word' id='word_1_512' title='bbox 1625 859 1743 886; x_wconf 85' lang='lat' dir='ltr'><strong>Frideri-</strong></span> 
     </span>
    </p>
   </div>
   <div class='ocr_carea' id='block_1_74' title="bbox 961 903 1742 940">
    <p class='ocr_par' dir='ltr' id='par_1_74' title="bbox 961 903 1742 940">
     <span class='ocr_line' id='line_1_74' title="bbox 961 903 1742 940; baseline 0.004 -10"><span class='ocrx_word' id='word_1_513' title='bbox 961 911 1009 930; x_wconf 87' lang='lat' dir='ltr'><strong>cus</strong></span> <span class='ocrx_word' id='word_1_514' title='bbox 1024 903 1220 939; x_wconf 78' lang='lat' dir='ltr'><strong>Rustgaardius</strong></span> <span class='ocrx_word' id='word_1_515' title='bbox 1241 912 1288 939; x_wconf 89' lang='lat' dir='ltr'><strong>per</strong></span> <span class='ocrx_word' id='word_1_516' title='bbox 1307 905 1444 932; x_wconf 82' lang='lat' dir='ltr'><strong>hominem</strong></span> <span class='ocrx_word' id='word_1_517' title='bbox 1461 905 1610 938; x_wconf 85' lang='lat' dir='ltr'><strong>eruditum,</strong></span> <span class='ocrx_word' id='word_1_518' title='bbox 1630 905 1742 940; x_wconf 87' lang='lat' dir='ltr'><strong>popula-</strong></span> 
     </span>
    </p>
   </div>
   <div class='ocr_carea' id='block_1_75' title="bbox 961 951 1742 987">
    <p class='ocr_par' dir='ltr' id='par_1_75' title="bbox 961 951 1742 987">
     <span class='ocr_line' id='line_1_75' title="bbox 961 951 1742 987; baseline 0.003 -11"><span class='ocrx_word' id='word_1_519' title='bbox 961 958 1017 977; x_wconf 88' lang='lat' dir='ltr'><strong>rem</strong></span> <span class='ocrx_word' id='word_1_520' title='bbox 1033 957 1123 982; x_wconf 85' lang='lat' dir='ltr'><strong>suum,</strong></span> <span class='ocrx_word' id='word_1_521' title='bbox 1143 951 1323 986; x_wconf 87' lang='lat' dir='ltr'><strong>transeriptos</strong></span> <span class='ocrx_word' id='word_1_522' title='bbox 1339 951 1510 979; x_wconf 60' lang='lat' dir='ltr'><strong>bibliotheca</strong></span> <span class='ocrx_word' id='word_1_523' title='bbox 1527 952 1618 987; x_wconf 73' lang='lat' dir='ltr'><strong>Regia:</strong></span> <span class='ocrx_word' id='word_1_524' title='bbox 1631 951 1742 985; x_wconf 78' lang='lat' dir='ltr'><strong>dicavit,</strong></span> 
     </span>
    </p>
   </div>
   <div class='ocr_carea' id='block_1_76' title="bbox 960 996 1743 1034">
    <p class='ocr_par' dir='ltr' id='par_1_76' title="bbox 960 996 1743 1034">
     <span class='ocr_line' id='line_1_76' title="bbox 960 996 1743 1034; baseline 0.005 -13"><span class='ocrx_word' id='word_1_525' title='bbox 960 1002 1096 1030; x_wconf 88' lang='lat' dir='ltr'><strong>sunntque</strong></span> <span class='ocrx_word' id='word_1_526' title='bbox 1115 996 1179 1024; x_wconf 89' lang='lat' dir='ltr'><strong>illud</strong></span> <span class='ocrx_word' id='word_1_527' title='bbox 1201 1002 1295 1024; x_wconf 85' lang='lat' dir='ltr'><strong>votum</strong></span> <span class='ocrx_word' id='word_1_528' title='bbox 1318 997 1435 1032; x_wconf 72' lang='lat' dir='ltr'><strong>prtelixis</strong></span> <span class='ocrx_word' id='word_1_529' title='bbox 1455 998 1624 1034; x_wconf 85' lang='lat' dir='ltr'><strong>elegantibus</strong></span> <span class='ocrx_word' id='word_1_530' title='bbox 1647 999 1743 1025; x_wconf 63' lang='lat' dir='ltr'><strong>heroe-</strong></span> 
     </span>
    </p>
   </div>
   <div class='ocr_carea' id='block_1_77' title="bbox 960 1041 1743 1079">
    <p class='ocr_par' dir='ltr' id='par_1_77' title="bbox 960 1041 1743 1079">
     <span class='ocr_line' id='line_1_77' title="bbox 960 1041 1743 1079; baseline 0.005 -12"><span class='ocrx_word' id='word_1_531' title='bbox 960 1041 1026 1076; x_wconf 79' lang='lat' dir='ltr'><strong>legis</strong></span> <span class='ocrx_word' id='word_1_532' title='bbox 1043 1041 1226 1077; x_wconf 84' lang='lat' dir='ltr'><strong>consignavit.</strong></span> <span class='ocrx_word' id='word_1_533' title='bbox 1253 1043 1306 1070; x_wconf 91' lang='lat' dir='ltr'><strong>Sed</strong></span> <span class='ocrx_word' id='word_1_534' title='bbox 1324 1044 1357 1071; x_wconf 85' lang='lat' dir='ltr'><strong>de</strong></span> <span class='ocrx_word' id='word_1_535' title='bbox 1377 1043 1410 1071; x_wconf 88' lang='lat' dir='ltr'><strong>iis</strong></span> <span class='ocrx_word' id='word_1_536' title='bbox 1436 1044 1513 1072; x_wconf 84' lang='lat' dir='ltr'><strong>libris</strong></span> <span class='ocrx_word' id='word_1_537' title='bbox 1529 1044 1596 1071; x_wconf 79' lang='lat' dir='ltr'><strong>alias</strong></span> <span class='ocrx_word' id='word_1_538' title='bbox 1611 1049 1743 1079; x_wconf 85' lang='lat' dir='ltr'><strong>opportu-</strong></span> 
     </span>
    </p>
   </div>
   <div class='ocr_carea' id='block_1_78' title="bbox 959 1086 1585 1118">
    <p class='ocr_par' dir='ltr' id='par_1_78' title="bbox 959 1086 1585 1118">
     <span class='ocr_line' id='line_1_78' title="bbox 959 1086 1585 1118; baseline 0.003 -5"><span class='ocrx_word' id='word_1_539' title='bbox 959 1088 1032 1114; x_wconf 82' lang='lat' dir='ltr'><strong>nius.</strong></span> <span class='ocrx_word' id='word_1_540' title='bbox 1054 1086 1196 1115; x_wconf 86' lang='lat' dir='ltr'><strong>Pertinent</strong></span> <span class='ocrx_word' id='word_1_541' title='bbox 1211 1088 1283 1115; x_wconf 90' lang='lat' dir='ltr'><strong>enim</strong></span> <span class='ocrx_word' id='word_1_542' title='bbox 1298 1089 1330 1116; x_wconf 91' lang='lat' dir='ltr'><strong>ad</strong></span> <span class='ocrx_word' id='word_1_543' title='bbox 1345 1089 1454 1116; x_wconf 84' lang='lat' dir='ltr'><strong>tertium</strong></span> <span class='ocrx_word' id='word_1_544' title='bbox 1472 1093 1585 1118; x_wconf 85' lang='lat' dir='ltr'><strong>tomum.</strong></span> 
     </span>
    </p>
   </div>
   <div class='ocr_carea' id='block_1_79' title="bbox 995 1132 1743 1171">
    <p class='ocr_par' dir='ltr' id='par_1_79' title="bbox 995 1132 1743 1171">
     <span class='ocr_line' id='line_1_79' title="bbox 995 1132 1743 1171; baseline 0.001 -11"><span class='ocrx_word' id='word_1_545' title='bbox 995 1132 1084 1160; x_wconf 65' lang='lat' dir='ltr'><strong>Varia:</strong></span> <span class='ocrx_word' id='word_1_546' title='bbox 1107 1133 1240 1161; x_wconf 86' lang='lat' dir='ltr'><strong>lectiones</strong></span> <span class='ocrx_word' id='word_1_547' title='bbox 1255 1134 1335 1162; x_wconf 81' lang='lat' dir='ltr'><strong>nullae</strong></span> <span class='ocrx_word' id='word_1_548' title='bbox 1349 1134 1407 1162; x_wconf 78' lang='lat' dir='ltr'><strong>fere</strong></span> <span class='ocrx_word' id='word_1_549' title='bbox 1430 1135 1456 1161; x_wconf 92' lang='lat' dir='ltr'><strong>in</strong></span> <span class='ocrx_word' id='word_1_550' title='bbox 1470 1135 1551 1170; x_wconf 85' lang='lat' dir='ltr'><strong>hujus</strong></span> <span class='ocrx_word' id='word_1_551' title='bbox 1571 1135 1657 1171; x_wconf 84' lang='lat' dir='ltr'><strong>partis</strong></span> <span class='ocrx_word' id='word_1_552' title='bbox 1673 1142 1743 1162; x_wconf 90' lang='lat' dir='ltr'><strong>mar-</strong></span> 
     </span>
    </p>
   </div>
   <div class='ocr_carea' id='block_1_80' title="bbox 959 1179 1741 1216">
    <p class='ocr_par' dir='ltr' id='par_1_80' title="bbox 959 1179 1741 1216">
     <span class='ocr_line' id='line_1_80' title="bbox 959 1179 1741 1216; baseline 0.003 -13"><span class='ocrx_word' id='word_1_553' title='bbox 959 1179 1066 1213; x_wconf 69' lang='lat' dir='ltr'><strong>ginibus</strong></span> <span class='ocrx_word' id='word_1_554' title='bbox 1083 1180 1220 1207; x_wconf 69' lang='lat' dir='ltr'><strong>adnotata:</strong></span> <span class='ocrx_word' id='word_1_555' title='bbox 1238 1185 1321 1213; x_wconf 83' lang='lat' dir='ltr'><strong>sunt;</strong></span> <span class='ocrx_word' id='word_1_556' title='bbox 1348 1181 1475 1216; x_wconf 89' lang='lat' dir='ltr'><strong>quoniam</strong></span> <span class='ocrx_word' id='word_1_557' title='bbox 1491 1188 1584 1208; x_wconf 90' lang='lat' dir='ltr'><strong>eorum</strong></span> <span class='ocrx_word' id='word_1_558' title='bbox 1597 1181 1741 1211; x_wconf 79' lang='lat' dir='ltr'><strong>librorum,</strong></span> 
     </span>
    </p>
   </div>
   <div class='ocr_carea' id='block_1_81' title="bbox 958 1224 1742 1265">
    <p class='ocr_par' dir='ltr' id='par_1_81' title="bbox 958 1224 1742 1265">
     <span class='ocr_line' id='line_1_81' title="bbox 958 1224 1742 1265; baseline 0.003 -14"><span class='ocrx_word' id='word_1_559' title='bbox 958 1224 1057 1265; x_wconf 84' lang='lat' dir='ltr'><strong>quibus</strong></span> <span class='ocrx_word' id='word_1_560' title='bbox 1074 1230 1183 1252; x_wconf 89' lang='lat' dir='ltr'><strong>constat</strong></span> <span class='ocrx_word' id='word_1_561' title='bbox 1195 1225 1238 1252; x_wconf 91' lang='lat' dir='ltr'><strong>hic</strong></span> <span class='ocrx_word' id='word_1_562' title='bbox 1255 1230 1355 1258; x_wconf 86' lang='lat' dir='ltr'><strong>tomus,</strong></span> <span class='ocrx_word' id='word_1_563' title='bbox 1373 1225 1482 1253; x_wconf 88' lang='lat' dir='ltr'><strong>unicum</strong></span> <span class='ocrx_word' id='word_1_564' title='bbox 1496 1226 1634 1260; x_wconf 81' lang='lat' dir='ltr'><strong>exemplar</strong></span> <span class='ocrx_word' id='word_1_565' title='bbox 1649 1233 1742 1261; x_wconf 86' lang='lat' dir='ltr'><strong>posse-</strong></span> 
     </span>
    </p>
   </div>
   <div class='ocr_carea' id='block_1_82' title="bbox 958 1269 1740 1308">
    <p class='ocr_par' dir='ltr' id='par_1_82' title="bbox 958 1269 1740 1308">
     <span class='ocr_line' id='line_1_82' title="bbox 958 1269 1740 1308; baseline 0.004 -12"><span class='ocrx_word' id='word_1_566' title='bbox 958 1270 1057 1298; x_wconf 88' lang='lat' dir='ltr'><strong>dimtts.</strong></span> <span class='ocrx_word' id='word_1_567' title='bbox 1087 1269 1203 1298; x_wconf 87' lang='lat' dir='ltr'><strong>Unicum</strong></span> <span class='ocrx_word' id='word_1_568' title='bbox 1229 1270 1307 1299; x_wconf 91' lang='lat' dir='ltr'><strong>dico:</strong></span> <span class='ocrx_word' id='word_1_569' title='bbox 1333 1279 1394 1299; x_wconf 84' lang='lat' dir='ltr'><strong>nam</strong></span> <span class='ocrx_word' id='word_1_570' title='bbox 1422 1271 1552 1300; x_wconf 85' lang='lat' dir='ltr'><strong>Vaticana</strong></span> <span class='ocrx_word' id='word_1_571' title='bbox 1575 1272 1740 1308; x_wconf 84' lang='lat' dir='ltr'><strong>exemplaria</strong></span> 
     </span>
    </p>
   </div>
   <div class='ocr_carea' id='block_1_83' title="bbox 959 1315 1740 1354">
    <p class='ocr_par' dir='ltr' id='par_1_83' title="bbox 959 1315 1740 1354">
     <span class='ocr_line' id='line_1_83' title="bbox 959 1315 1740 1354; baseline 0.005 -12"><span class='ocrx_word' id='word_1_572' title='bbox 959 1323 1006 1343; x_wconf 91' lang='lat' dir='ltr'><strong>nec</strong></span> <span class='ocrx_word' id='word_1_573' title='bbox 1021 1324 1104 1351; x_wconf 82' lang='lat' dir='ltr'><strong>penes</strong></span> <span class='ocrx_word' id='word_1_574' title='bbox 1125 1324 1175 1344; x_wconf 91' lang='lat' dir='ltr'><strong>nos</strong></span> <span class='ocrx_word' id='word_1_575' title='bbox 1192 1315 1314 1350; x_wconf 75' lang='lat' dir='ltr'><strong>fuerunt,</strong></span> <span class='ocrx_word' id='word_1_576' title='bbox 1333 1325 1381 1346; x_wconf 86' lang='lat' dir='ltr'><strong>nec</strong></span> <span class='ocrx_word' id='word_1_577' title='bbox 1396 1326 1446 1353; x_wconf 89' lang='lat' dir='ltr'><strong>pro</strong></span> <span class='ocrx_word' id='word_1_578' title='bbox 1462 1318 1576 1347; x_wconf 86' lang='lat' dir='ltr'><strong>diversis</strong></span> <span class='ocrx_word' id='word_1_579' title='bbox 1591 1319 1740 1354; x_wconf 84' lang='lat' dir='ltr'><strong>reputanda</strong></span> 
     </span>
    </p>
   </div>
   <div class='ocr_carea' id='block_1_84' title="bbox 958 1363 1741 1399">
    <p class='ocr_par' dir='ltr' id='par_1_84' title="bbox 958 1363 1741 1399">
     <span class='ocr_line' id='line_1_84' title="bbox 958 1363 1741 1399; baseline 0.005 -11"><span class='ocrx_word' id='word_1_580' title='bbox 958 1365 1034 1394; x_wconf 84' lang='lat' dir='ltr'><strong>sunt,</strong></span> <span class='ocrx_word' id='word_1_581' title='bbox 1052 1370 1113 1390; x_wconf 91' lang='lat' dir='ltr'><strong>eum</strong></span> <span class='ocrx_word' id='word_1_582' title='bbox 1129 1366 1221 1390; x_wconf 86' lang='lat' dir='ltr'><strong>nostra</strong></span> <span class='ocrx_word' id='word_1_583' title='bbox 1237 1371 1268 1390; x_wconf 79' lang='lat' dir='ltr'><strong>ex</strong></span> <span class='ocrx_word' id='word_1_584' title='bbox 1285 1363 1317 1391; x_wconf 91' lang='lat' dir='ltr'><strong>iis</strong></span> <span class='ocrx_word' id='word_1_585' title='bbox 1333 1364 1466 1399; x_wconf 85' lang='lat' dir='ltr'><strong>descripta</strong></span> <span class='ocrx_word' id='word_1_586' title='bbox 1481 1365 1546 1392; x_wconf 84' lang='lat' dir='ltr'><strong>sint.</strong></span> <span class='ocrx_word' id='word_1_587' title='bbox 1562 1365 1634 1397; x_wconf 85' lang='lat' dir='ltr'><strong>Quas</strong></span> <span class='ocrx_word' id='word_1_588' title='bbox 1650 1370 1741 1393; x_wconf 87' lang='lat' dir='ltr'><strong>autem</strong></span> 
     </span>
    </p>
   </div>
   <div class='ocr_carea' id='block_1_85' title="bbox 957 1408 1741 1446">
    <p class='ocr_par' dir='ltr' id='par_1_85' title="bbox 957 1408 1741 1446">
     <span class='ocr_line' id='line_1_85' title="bbox 957 1408 1741 1446; baseline 0.004 -11"><span class='ocrx_word' id='word_1_589' title='bbox 957 1416 989 1436; x_wconf 75' lang='lat' dir='ltr'><strong>ex</strong></span> <span class='ocrx_word' id='word_1_590' title='bbox 1007 1408 1041 1435; x_wconf 88' lang='lat' dir='ltr'><strong>iis</strong></span> <span class='ocrx_word' id='word_1_591' title='bbox 1060 1408 1192 1436; x_wconf 87' lang='lat' dir='ltr'><strong>lectiones</strong></span> <span class='ocrx_word' id='word_1_592' title='bbox 1209 1417 1224 1436; x_wconf 70' lang='grc' dir='ltr'><em>α</em></span> <span class='ocrx_word' id='word_1_593' title='bbox 1240 1409 1307 1437; x_wconf 91' lang='lat' dir='ltr'><strong>viris</strong></span> <span class='ocrx_word' id='word_1_594' title='bbox 1327 1409 1414 1438; x_wconf 79' lang='lat' dir='ltr'><strong>doctis</strong></span> <span class='ocrx_word' id='word_1_595' title='bbox 1437 1411 1623 1446; x_wconf 87' lang='lat' dir='ltr'><strong>suppeditatas</strong></span> <span class='ocrx_word' id='word_1_596' title='bbox 1645 1411 1741 1438; x_wconf 85' lang='lat' dir='ltr'><strong>habui-</strong></span> 
     </span>
    </p>
   </div>
   <div class='ocr_carea' id='block_1_86' title="bbox 958 1455 1741 1491">
    <p class='ocr_par' dir='ltr' id='par_1_86' title="bbox 958 1455 1741 1491">
     <span class='ocr_line' id='line_1_86' title="bbox 958 1455 1741 1491; baseline 0.003 -10"><span class='ocrx_word' id='word_1_597' title='bbox 958 1463 1028 1485; x_wconf 84' lang='lat' dir='ltr'><strong>mns,</strong></span> <span class='ocrx_word' id='word_1_598' title='bbox 1046 1461 1104 1487; x_wconf 88' lang='lat' dir='ltr'><strong>eas,</strong></span> <span class='ocrx_word' id='word_1_599' title='bbox 1133 1459 1163 1482; x_wconf 90' lang='lat' dir='ltr'><strong>ut</strong></span> <span class='ocrx_word' id='word_1_600' title='bbox 1179 1463 1270 1482; x_wconf 86' lang='lat' dir='ltr'><strong>veram</strong></span> <span class='ocrx_word' id='word_1_601' title='bbox 1287 1460 1313 1482; x_wconf 88' lang='lat' dir='ltr'><strong>et</strong></span> <span class='ocrx_word' id='word_1_602' title='bbox 1329 1455 1475 1490; x_wconf 70' lang='lat' dir='ltr'><strong>genuinam</strong></span> <span class='ocrx_word' id='word_1_603' title='bbox 1493 1456 1667 1491; x_wconf 86' lang='lat' dir='ltr'><strong>scripturam,</strong></span> <span class='ocrx_word' id='word_1_604' title='bbox 1685 1464 1741 1484; x_wconf 90' lang='lat' dir='ltr'><strong>non</strong></span> 
     </span>
    </p>
   </div>
   <div class='ocr_carea' id='block_1_87' title="bbox 958 1500 1741 1537">
    <p class='ocr_par' dir='ltr' id='par_1_87' title="bbox 958 1500 1741 1537">
     <span class='ocr_line' id='line_1_87' title="bbox 958 1500 1741 1537; baseline 0.004 -11"><span class='ocrx_word' id='word_1_605' title='bbox 958 1500 983 1526; x_wconf 90' lang='lat' dir='ltr'><strong>in</strong></span> <span class='ocrx_word' id='word_1_606' title='bbox 1003 1500 1150 1534; x_wconf 80' lang='lat' dir='ltr'><strong>margines,</strong></span> <span class='ocrx_word' id='word_1_607' title='bbox 1173 1500 1221 1527; x_wconf 88' lang='lat' dir='ltr'><strong>sed</strong></span> <span class='ocrx_word' id='word_1_608' title='bbox 1237 1501 1264 1528; x_wconf 92' lang='lat' dir='ltr'><strong>in</strong></span> <span class='ocrx_word' id='word_1_609' title='bbox 1281 1502 1397 1527; x_wconf 81' lang='lat' dir='ltr'><strong>mediam</strong></span> <span class='ocrx_word' id='word_1_610' title='bbox 1415 1501 1540 1536; x_wconf 80' lang='lat' dir='ltr'><strong>paginam</strong></span> <span class='ocrx_word' id='word_1_611' title='bbox 1559 1508 1587 1529; x_wconf 89' lang='lat' dir='ltr'><strong>et</strong></span> <span class='ocrx_word' id='word_1_612' title='bbox 1610 1502 1638 1529; x_wconf 90' lang='lat' dir='ltr'><strong>in</strong></span> <span class='ocrx_word' id='word_1_613' title='bbox 1652 1502 1741 1537; x_wconf 88' lang='lat' dir='ltr'><strong>ipsum</strong></span> 
     </span>
    </p>
   </div>
   <div class='ocr_carea' id='block_1_88' title="bbox 958 1545 1742 1583">
    <p class='ocr_par' dir='ltr' id='par_1_88' title="bbox 958 1545 1742 1583">
     <span class='ocr_line' id='line_1_88' title="bbox 958 1545 1742 1583; baseline 0.005 -11"><span class='ocrx_word' id='word_1_614' title='bbox 958 1546 999 1581; x_wconf 85' lang='lat' dir='ltr'><strong>(ut</strong></span> <span class='ocrx_word' id='word_1_615' title='bbox 1023 1545 1112 1581; x_wconf 88' lang='lat' dir='ltr'><strong>aiunt)</strong></span> <span class='ocrx_word' id='word_1_616' title='bbox 1142 1552 1298 1573; x_wconf 75' lang='lat' dir='ltr'><strong>contextum</strong></span> <span class='ocrx_word' id='word_1_617' title='bbox 1332 1548 1539 1580; x_wconf 81' lang='lat' dir='ltr'><strong>transtulimus;</strong></span> <span class='ocrx_word' id='word_1_618' title='bbox 1569 1549 1690 1583; x_wconf 82' lang='lat' dir='ltr'><strong>exceptis</strong></span> <span class='ocrx_word' id='word_1_619' title='bbox 1708 1548 1742 1576; x_wconf 87' lang='lat' dir='ltr'><strong>iis</strong></span> 
     </span>
    </p>
   </div>
   <div class='ocr_carea' id='block_1_89' title="bbox 956 1592 1742 1629">
    <p class='ocr_par' dir='ltr' id='par_1_89' title="bbox 956 1592 1742 1629">
     <span class='ocr_line' id='line_1_89' title="bbox 956 1592 1742 1629; baseline 0.004 -11"><span class='ocrx_word' id='word_1_620' title='bbox 956 1599 1024 1626; x_wconf 87' lang='lat' dir='ltr'><strong>quas</strong></span> <span class='ocrx_word' id='word_1_621' title='bbox 1044 1592 1078 1619; x_wconf 89' lang='lat' dir='ltr'><strong>ab</strong></span> <span class='ocrx_word' id='word_1_622' title='bbox 1091 1592 1178 1619; x_wconf 89' lang='lat' dir='ltr'><strong>amico</strong></span> <span class='ocrx_word' id='word_1_623' title='bbox 1196 1592 1356 1619; x_wconf 86' lang='lat' dir='ltr'><strong>charissimo</strong></span> <span class='ocrx_word' id='word_1_624' title='bbox 1379 1592 1515 1620; x_wconf 89' lang='lat' dir='ltr'><strong>Ludovico</strong></span> <span class='ocrx_word' id='word_1_625' title='bbox 1539 1592 1638 1621; x_wconf 80' lang='lat' dir='ltr'><strong>Tarnio</strong></span> <span class='ocrx_word' id='word_1_626' title='bbox 1654 1601 1742 1629; x_wconf 86' lang='lat' dir='ltr'><strong>nuper</strong></span> 
     </span>
    </p>
   </div>
   <div class='ocr_carea' id='block_1_90' title="bbox 957 1637 1740 1666">
    <p class='ocr_par' dir='ltr' id='par_1_90' title="bbox 957 1637 1740 1666">
     <span class='ocr_line' id='line_1_90' title="bbox 957 1637 1740 1666; baseline 0.003 -2"><span class='ocrx_word' id='word_1_627' title='bbox 957 1637 1052 1665; x_wconf 85' lang='lat' dir='ltr'><strong>allatas</strong></span> <span class='ocrx_word' id='word_1_628' title='bbox 1066 1637 1100 1665; x_wconf 80' lang='lat' dir='ltr'><strong>ad</strong></span> <span class='ocrx_word' id='word_1_629' title='bbox 1119 1637 1220 1665; x_wconf 87' lang='lat' dir='ltr'><strong>calcem</strong></span> <span class='ocrx_word' id='word_1_630' title='bbox 1239 1638 1303 1664; x_wconf 90' lang='lat' dir='ltr'><strong>tomi</strong></span> <span class='ocrx_word' id='word_1_631' title='bbox 1320 1638 1432 1665; x_wconf 81' lang='lat' dir='ltr'><strong>secundi</strong></span> <span class='ocrx_word' id='word_1_632' title='bbox 1450 1638 1475 1665; x_wconf 92' lang='lat' dir='ltr'><strong>in</strong></span> <span class='ocrx_word' id='word_1_633' title='bbox 1492 1643 1571 1666; x_wconf 85' lang='lat' dir='ltr'><strong>notas</strong></span> <span class='ocrx_word' id='word_1_634' title='bbox 1586 1640 1740 1666; x_wconf 73' lang='lat' dir='ltr'><strong>retulimus.</strong></span> 
     </span>
    </p>
   </div>
   <div class='ocr_carea' id='block_1_91' title="bbox 993 1683 1740 1720">
    <p class='ocr_par' dir='ltr' id='par_1_91' title="bbox 993 1683 1740 1720">
     <span class='ocr_line' id='line_1_91' title="bbox 993 1683 1740 1720; baseline 0.001 -10"><span class='ocrx_word' id='word_1_635' title='bbox 993 1683 1125 1718; x_wconf 80' lang='lat' dir='ltr'><strong>Equidem</strong></span> <span class='ocrx_word' id='word_1_636' title='bbox 1149 1683 1199 1710; x_wconf 88' lang='lat' dir='ltr'><strong>hoc</strong></span> <span class='ocrx_word' id='word_1_637' title='bbox 1216 1683 1277 1711; x_wconf 90' lang='lat' dir='ltr'><strong>loco</strong></span> <span class='ocrx_word' id='word_1_638' title='bbox 1296 1687 1447 1718; x_wconf 86' lang='lat' dir='ltr'><strong>temperare</strong></span> <span class='ocrx_word' id='word_1_639' title='bbox 1465 1684 1530 1711; x_wconf 95' lang='lat' dir='ltr'><strong>mihi</strong></span> <span class='ocrx_word' id='word_1_640' title='bbox 1546 1691 1600 1712; x_wconf 90' lang='lat' dir='ltr'><strong>non</strong></span> <span class='ocrx_word' id='word_1_641' title='bbox 1617 1692 1740 1720; x_wconf 84' lang='lat' dir='ltr'><strong>possunt,</strong></span> 
     </span>
    </p>
   </div>
   <div class='ocr_carea' id='block_1_92' title="bbox 956 1729 1740 1765">
    <p class='ocr_par' dir='ltr' id='par_1_92' title="bbox 956 1729 1740 1765">
     <span class='ocr_line' id='line_1_92' title="bbox 956 1729 1740 1765; baseline 0 -10"><span class='ocrx_word' id='word_1_642' title='bbox 956 1729 1022 1763; x_wconf 91' lang='lat' dir='ltr'><strong>quin</strong></span> <span class='ocrx_word' id='word_1_643' title='bbox 1046 1733 1074 1756; x_wconf 91' lang='lat' dir='ltr'><strong>et</strong></span> <span class='ocrx_word' id='word_1_644' title='bbox 1087 1737 1146 1756; x_wconf 89' lang='lat' dir='ltr'><strong>mea</strong></span> <span class='ocrx_word' id='word_1_645' title='bbox 1161 1733 1188 1756; x_wconf 91' lang='lat' dir='ltr'><strong>ct</strong></span> <span class='ocrx_word' id='word_1_646' title='bbox 1203 1729 1350 1764; x_wconf 79' lang='lat' dir='ltr'><strong>Nicephori</strong></span> <span class='ocrx_word' id='word_1_647' title='bbox 1366 1729 1493 1765; x_wconf 76' lang='lat' dir='ltr'><strong>Grcgora:</strong></span> <span class='ocrx_word' id='word_1_648' title='bbox 1509 1737 1590 1757; x_wconf 84' lang='lat' dir='ltr'><strong>causa</strong></span> <span class='ocrx_word' id='word_1_649' title='bbox 1617 1731 1740 1763; x_wconf 80' lang='lat' dir='ltr'><strong>doleam;</strong></span> 
     </span>
    </p>
   </div>
   <div class='ocr_carea' id='block_1_93' title="bbox 957 1774 1740 1811">
    <p class='ocr_par' dir='ltr' id='par_1_93' title="bbox 957 1774 1740 1811">
     <span class='ocr_line' id='line_1_93' title="bbox 957 1774 1740 1811; baseline 0.003 -10"><span class='ocrx_word' id='word_1_650' title='bbox 957 1774 1028 1810; x_wconf 90' lang='lat' dir='ltr'><strong>quod</strong></span> <span class='ocrx_word' id='word_1_651' title='bbox 1054 1782 1116 1802; x_wconf 92' lang='lat' dir='ltr'><strong>cum</strong></span> <span class='ocrx_word' id='word_1_652' title='bbox 1132 1775 1175 1802; x_wconf 88' lang='lat' dir='ltr'><strong>bic</strong></span> <span class='ocrx_word' id='word_1_653' title='bbox 1190 1783 1238 1811; x_wconf 90' lang='lat' dir='ltr'><strong>per</strong></span> <span class='ocrx_word' id='word_1_654' title='bbox 1260 1783 1310 1803; x_wconf 90' lang='lat' dir='ltr'><strong>nos</strong></span> <span class='ocrx_word' id='word_1_655' title='bbox 1333 1780 1434 1810; x_wconf 86' lang='lat' dir='ltr'><strong>posset,</strong></span> <span class='ocrx_word' id='word_1_656' title='bbox 1451 1783 1505 1803; x_wconf 91' lang='lat' dir='ltr'><strong>non</strong></span> <span class='ocrx_word' id='word_1_657' title='bbox 1530 1776 1611 1803; x_wconf 89' lang='lat' dir='ltr'><strong>modo</strong></span> <span class='ocrx_word' id='word_1_658' title='bbox 1624 1776 1740 1810; x_wconf 82' lang='lat' dir='ltr'><strong>integer,</strong></span> 
     </span>
    </p>
   </div>
   <div class='ocr_carea' id='block_1_94' title="bbox 957 1821 1740 1856">
    <p class='ocr_par' dir='ltr' id='par_1_94' title="bbox 957 1821 1740 1856">
     <span class='ocr_line' id='line_1_94' title="bbox 957 1821 1740 1856; baseline 0.001 -9"><span class='ocrx_word' id='word_1_659' title='bbox 957 1821 1005 1847; x_wconf 86' lang='lat' dir='ltr'><strong>sed</strong></span> <span class='ocrx_word' id='word_1_660' title='bbox 1033 1821 1114 1847; x_wconf 86' lang='lat' dir='ltr'><strong>etiam</strong></span> <span class='ocrx_word' id='word_1_661' title='bbox 1136 1826 1225 1848; x_wconf 81' lang='lat' dir='ltr'><strong>tersus</strong></span> <span class='ocrx_word' id='word_1_662' title='bbox 1247 1825 1275 1848; x_wconf 90' lang='lat' dir='ltr'><strong>et</strong></span> <span class='ocrx_word' id='word_1_663' title='bbox 1295 1821 1413 1852; x_wconf 88' lang='lat' dir='ltr'><strong>limatus,</strong></span> <span class='ocrx_word' id='word_1_664' title='bbox 1440 1821 1467 1848; x_wconf 90' lang='lat' dir='ltr'><strong>in</strong></span> <span class='ocrx_word' id='word_1_665' title='bbox 1484 1821 1622 1856; x_wconf 86' lang='lat' dir='ltr'><strong>publicum</strong></span> <span class='ocrx_word' id='word_1_666' title='bbox 1642 1822 1740 1854; x_wconf 83' lang='lat' dir='ltr'><strong>emitti,</strong></span> 
     </span>
    </p>
   </div>
   <div class='ocr_carea' id='block_1_95' title="bbox 958 1866 1741 1902">
    <p class='ocr_par' dir='ltr' id='par_1_95' title="bbox 958 1866 1741 1902">
     <span class='ocr_line' id='line_1_95' title="bbox 958 1866 1741 1902; baseline 0.001 -9"><span class='ocrx_word' id='word_1_667' title='bbox 958 1866 1028 1894; x_wconf 86' lang='lat' dir='ltr'><strong>idem</strong></span> <span class='ocrx_word' id='word_1_668' title='bbox 1044 1871 1135 1894; x_wconf 87' lang='lat' dir='ltr'><strong>tamen</strong></span> <span class='ocrx_word' id='word_1_669' title='bbox 1154 1867 1276 1902; x_wconf 87' lang='lat' dir='ltr'><strong>pluribus</strong></span> <span class='ocrx_word' id='word_1_670' title='bbox 1292 1868 1408 1894; x_wconf 81' lang='lat' dir='ltr'><strong>fortasse</strong></span> <span class='ocrx_word' id='word_1_671' title='bbox 1427 1867 1540 1894; x_wconf 80' lang='lat' dir='ltr'><strong>maculis</strong></span> <span class='ocrx_word' id='word_1_672' title='bbox 1554 1875 1693 1902; x_wconf 83' lang='lat' dir='ltr'><strong>respersus</strong></span> <span class='ocrx_word' id='word_1_673' title='bbox 1709 1875 1741 1894; x_wconf 87' lang='lat' dir='ltr'><strong>ac</strong></span> 
     </span>
    </p>
   </div>
   <div class='ocr_carea' id='block_1_96' title="bbox 957 1912 1739 1948">
    <p class='ocr_par' dir='ltr' id='par_1_96' title="bbox 957 1912 1739 1948">
     <span class='ocr_line' id='line_1_96' title="bbox 957 1912 1739 1948; baseline -0.001 -8"><span class='ocrx_word' id='word_1_674' title='bbox 957 1912 1088 1940; x_wconf 78' lang='lat' dir='ltr'><strong>deformis</strong></span> <span class='ocrx_word' id='word_1_675' title='bbox 1104 1913 1191 1940; x_wconf 90' lang='lat' dir='ltr'><strong>lucem</strong></span> <span class='ocrx_word' id='word_1_676' title='bbox 1207 1913 1316 1940; x_wconf 89' lang='lat' dir='ltr'><strong>demum</strong></span> <span class='ocrx_word' id='word_1_677' title='bbox 1343 1913 1469 1948; x_wconf 85' lang='lat' dir='ltr'><strong>aspiciat.</strong></span> <span class='ocrx_word' id='word_1_678' title='bbox 1490 1913 1559 1939; x_wconf 80' lang='lat' dir='ltr'><strong>Fieri</strong></span> <span class='ocrx_word' id='word_1_679' title='bbox 1575 1913 1647 1939; x_wconf 89' lang='lat' dir='ltr'><strong>enim</strong></span> <span class='ocrx_word' id='word_1_680' title='bbox 1669 1913 1739 1940; x_wconf 84' lang='lat' dir='ltr'><strong>haun</strong></span> 
     </span>
    </p>
   </div>
   <div class='ocr_carea' id='block_1_97' title="bbox 958 1958 1741 1993">
    <p class='ocr_par' dir='ltr' id='par_1_97' title="bbox 958 1958 1741 1993">
     <span class='ocr_line' id='line_1_97' title="bbox 958 1958 1741 1993; baseline 0 -9"><span class='ocrx_word' id='word_1_681' title='bbox 958 1958 1057 1992; x_wconf 86' lang='lat' dir='ltr'><strong>potuit,</strong></span> <span class='ocrx_word' id='word_1_682' title='bbox 1078 1963 1108 1984; x_wconf 91' lang='lat' dir='ltr'><strong>ut</strong></span> <span class='ocrx_word' id='word_1_683' title='bbox 1130 1966 1184 1985; x_wconf 89' lang='lat' dir='ltr'><strong>non</strong></span> <span class='ocrx_word' id='word_1_684' title='bbox 1208 1958 1291 1984; x_wconf 85' lang='lat' dir='ltr'><strong>multa</strong></span> <span class='ocrx_word' id='word_1_685' title='bbox 1311 1958 1335 1984; x_wconf 93' lang='lat' dir='ltr'><strong>in</strong></span> <span class='ocrx_word' id='word_1_686' title='bbox 1361 1959 1515 1993; x_wconf 79' lang='lat' dir='ltr'><strong>apographo</strong></span> <span class='ocrx_word' id='word_1_687' title='bbox 1531 1958 1741 1986; x_wconf 83' lang='lat' dir='ltr'><strong>mettdosissimo</strong></span> 
     </span>
    </p>
   </div>
   <div class='ocr_carea' id='block_1_98' title="bbox 958 2003 1738 2040">
    <p class='ocr_par' dir='ltr' id='par_1_98' title="bbox 958 2003 1738 2040">
     <span class='ocr_line' id='line_1_98' title="bbox 958 2003 1738 2040; baseline 0.001 -11"><span class='ocrx_word' id='word_1_688' title='bbox 958 2004 1052 2030; x_wconf 81' lang='lat' dir='ltr'><strong>oculos</strong></span> <span class='ocrx_word' id='word_1_689' title='bbox 1071 2011 1145 2031; x_wconf 87' lang='lat' dir='ltr'><strong>meos</strong></span> <span class='ocrx_word' id='word_1_690' title='bbox 1170 2003 1299 2040; x_wconf 78' lang='lat' dir='ltr'><strong>fugerint,</strong></span> <span class='ocrx_word' id='word_1_691' title='bbox 1330 2009 1357 2032; x_wconf 86' lang='lat' dir='ltr'><strong>et</strong></span> <span class='ocrx_word' id='word_1_692' title='bbox 1381 2005 1530 2031; x_wconf 86' lang='lat' dir='ltr'><strong>incorrecta</strong></span> <span class='ocrx_word' id='word_1_693' title='bbox 1548 2004 1738 2031; x_wconf 85' lang='lat' dir='ltr'><strong>remanserint.</strong></span> 
     </span>
    </p>
   </div>
   <div class='ocr_carea' id='block_1_99' title="bbox 958 2047 1738 2085">
    <p class='ocr_par' dir='ltr' id='par_1_99' title="bbox 958 2047 1738 2085">
     <span class='ocr_line' id='line_1_99' title="bbox 958 2047 1738 2085; baseline 0.001 -10"><span class='ocrx_word' id='word_1_694' title='bbox 958 2047 1068 2075; x_wconf 87' lang='lat' dir='ltr'><strong>Poterat</strong></span> <span class='ocrx_word' id='word_1_695' title='bbox 1083 2055 1176 2075; x_wconf 86' lang='lat' dir='ltr'><strong>autem</strong></span> <span class='ocrx_word' id='word_1_696' title='bbox 1193 2049 1236 2076; x_wconf 87' lang='lat' dir='ltr'><strong>hic</strong></span> <span class='ocrx_word' id='word_1_697' title='bbox 1249 2050 1369 2083; x_wconf 73' lang='lat' dir='ltr'><strong>scriptor</strong></span> <span class='ocrx_word' id='word_1_698' title='bbox 1388 2049 1466 2084; x_wconf 76' lang='lat' dir='ltr'><strong>longe</strong></span> <span class='ocrx_word' id='word_1_699' title='bbox 1481 2050 1636 2085; x_wconf 79' lang='lat' dir='ltr'><strong>castigatior</strong></span> <span class='ocrx_word' id='word_1_700' title='bbox 1651 2050 1707 2077; x_wconf 86' lang='lat' dir='ltr'><strong>dari</strong></span> <span class='ocrx_word' id='word_1_701' title='bbox 1724 2058 1738 2076; x_wconf 88' lang='lat' dir='ltr'><strong>a</strong></span> 
     </span>
    </p>
   </div>
   <div class='ocr_carea' id='block_1_100' title="bbox 957 2093 1742 2128">
    <p class='ocr_par' dir='ltr' id='par_1_100' title="bbox 957 2093 1742 2128">
     <span class='ocr_line' id='line_1_100' title="bbox 957 2093 1742 2128; baseline 0.003 -9"><span class='ocrx_word' id='word_1_702' title='bbox 957 2093 1045 2125; x_wconf 89' lang='lat' dir='ltr'><strong>nobis,</strong></span> <span class='ocrx_word' id='word_1_703' title='bbox 1072 2093 1095 2120; x_wconf 87' lang='lat' dir='ltr'><strong>si</strong></span> <span class='ocrx_word' id='word_1_704' title='bbox 1119 2101 1178 2128; x_wconf 72' lang='lat' dir='ltr'><strong>quae</strong></span> <span class='ocrx_word' id='word_1_705' title='bbox 1194 2094 1221 2120; x_wconf 92' lang='lat' dir='ltr'><strong>in</strong></span> <span class='ocrx_word' id='word_1_706' title='bbox 1248 2094 1347 2128; x_wconf 86' lang='lat' dir='ltr'><strong>pluteis</strong></span> <span class='ocrx_word' id='word_1_707' title='bbox 1369 2093 1504 2121; x_wconf 80' lang='lat' dir='ltr'><strong>Vaticanis</strong></span> <span class='ocrx_word' id='word_1_708' title='bbox 1521 2099 1612 2121; x_wconf 86' lang='lat' dir='ltr'><strong>vetera</strong></span> <span class='ocrx_word' id='word_1_709' title='bbox 1633 2099 1742 2122; x_wconf 77' lang='lat' dir='ltr'><strong>exstant</strong></span> 
     </span>
    </p>
   </div>
   <div class='ocr_carea' id='block_1_101' title="bbox 959 2138 1739 2173">
    <p class='ocr_par' dir='ltr' id='par_1_101' title="bbox 959 2138 1739 2173">
     <span class='ocr_line' id='line_1_101' title="bbox 959 2138 1739 2173; baseline 0.005 -10"><span class='ocrx_word' id='word_1_710' title='bbox 959 2138 1136 2172; x_wconf 66' lang='lat' dir='ltr'><strong>exemplaria,</strong></span> <span class='ocrx_word' id='word_1_711' title='bbox 1160 2146 1192 2165; x_wconf 87' lang='lat' dir='ltr'><strong>ea</strong></span> <span class='ocrx_word' id='word_1_712' title='bbox 1209 2146 1294 2173; x_wconf 72' lang='lat' dir='ltr'><strong>penes</strong></span> <span class='ocrx_word' id='word_1_713' title='bbox 1318 2147 1367 2166; x_wconf 85' lang='lat' dir='ltr'><strong>nos</strong></span> <span class='ocrx_word' id='word_1_714' title='bbox 1392 2139 1516 2166; x_wconf 76' lang='lat' dir='ltr'><strong>fuissent.</strong></span> <span class='ocrx_word' id='word_1_715' title='bbox 1542 2140 1594 2167; x_wconf 86' lang='lat' dir='ltr'><strong>Sed</strong></span> <span class='ocrx_word' id='word_1_716' title='bbox 1612 2139 1739 2166; x_wconf 89' lang='lat' dir='ltr'><strong>nimirum</strong></span> 
     </span>
    </p>
   </div>
   <div class='ocr_carea' id='block_1_102' title="bbox 959 2183 1740 2220">
    <p class='ocr_par' dir='ltr' id='par_1_102' title="bbox 959 2183 1740 2220">
     <span class='ocr_line' id='line_1_102' title="bbox 959 2183 1740 2220; baseline 0.003 -10"><span class='ocrx_word' id='word_1_717' title='bbox 959 2183 1004 2210; x_wconf 93' lang='lat' dir='ltr'><strong>uni</strong></span> <span class='ocrx_word' id='word_1_718' title='bbox 1021 2191 1075 2211; x_wconf 92' lang='lat' dir='ltr'><strong>non</strong></span> <span class='ocrx_word' id='word_1_719' title='bbox 1097 2184 1186 2211; x_wconf 84' lang='lat' dir='ltr'><strong>omnia</strong></span> <span class='ocrx_word' id='word_1_720' title='bbox 1203 2184 1266 2212; x_wconf 87' lang='lat' dir='ltr'><strong>data</strong></span> <span class='ocrx_word' id='word_1_721' title='bbox 1292 2190 1366 2212; x_wconf 88' lang='lat' dir='ltr'><strong>sunt.</strong></span> <span class='ocrx_word' id='word_1_722' title='bbox 1382 2185 1458 2218; x_wconf 87' lang='lat' dir='ltr'><strong>Quod</strong></span> <span class='ocrx_word' id='word_1_723' title='bbox 1474 2190 1562 2212; x_wconf 85' lang='lat' dir='ltr'><strong>autent</strong></span> <span class='ocrx_word' id='word_1_724' title='bbox 1586 2185 1674 2212; x_wconf 76' lang='lat' dir='ltr'><strong>facere</strong></span> <span class='ocrx_word' id='word_1_725' title='bbox 1689 2193 1740 2220; x_wconf 75' lang='lat' dir='ltr'><strong>ego</strong></span> 
     </span>
    </p>
   </div>
   <div class='ocr_carea' id='block_1_103' title="bbox 922 2226 1740 2264">
    <p class='ocr_par' dir='ltr' id='par_1_103' title="bbox 922 2226 1740 2264">
     <span class='ocr_line' id='line_1_103' title="bbox 922 2226 1740 2264; baseline 0.001 -9"><span class='ocrx_word' id='word_1_726' title='bbox 922 2226 944 2251; x_wconf 75' lang='grc'>1)</span> <span class='ocrx_word' id='word_1_727' title='bbox 959 2236 1014 2255; x_wconf 85' lang='lat' dir='ltr'><strong>non</strong></span> <span class='ocrx_word' id='word_1_728' title='bbox 1038 2229 1124 2264; x_wconf 85' lang='lat' dir='ltr'><strong>potui,</strong></span> <span class='ocrx_word' id='word_1_729' title='bbox 1147 2229 1172 2256; x_wconf 91' lang='lat' dir='ltr'><strong>id</strong></span> <span class='ocrx_word' id='word_1_730' title='bbox 1197 2230 1333 2264; x_wconf 84' lang='lat' dir='ltr'><strong>quondam</strong></span> <span class='ocrx_word' id='word_1_731' title='bbox 1354 2230 1479 2262; x_wconf 76' lang='lat' dir='ltr'><strong>fortasse,</strong></span> <span class='ocrx_word' id='word_1_732' title='bbox 1495 2230 1517 2257; x_wconf 89' lang='lat' dir='ltr'><strong>si</strong></span> <span class='ocrx_word' id='word_1_733' title='bbox 1537 2230 1603 2256; x_wconf 76' lang='lat' dir='ltr'><strong>tanti</strong></span> <span class='ocrx_word' id='word_1_734' title='bbox 1624 2237 1667 2256; x_wconf 88' lang='lat' dir='ltr'><strong>res</strong></span> <span class='ocrx_word' id='word_1_735' title='bbox 1679 2237 1740 2256; x_wconf 86' lang='lat' dir='ltr'><strong>esse</strong></span> 
     </span>
    </p>
   </div>
   <div class='ocr_carea' id='block_1_104' title="bbox 959 2275 1657 2310">
    <p class='ocr_par' dir='ltr' id='par_1_104' title="bbox 959 2275 1657 2310">
     <span class='ocr_line' id='line_1_104' title="bbox 959 2275 1657 2310; baseline 0 -9"><span class='ocrx_word' id='word_1_736' title='bbox 959 2275 1104 2306; x_wconf 74' lang='lat' dir='ltr'><strong>videbitur,</strong></span> <span class='ocrx_word' id='word_1_737' title='bbox 1119 2275 1222 2302; x_wconf 79' lang='lat' dir='ltr'><strong>[elicior</strong></span> <span class='ocrx_word' id='word_1_738' title='bbox 1236 2276 1348 2303; x_wconf 85' lang='lat' dir='ltr'><strong>alterius</strong></span> <span class='ocrx_word' id='word_1_739' title='bbox 1362 2276 1493 2302; x_wconf 78' lang='lat' dir='ltr'><strong>industria</strong></span> <span class='ocrx_word' id='word_1_740' title='bbox 1510 2275 1657 2310; x_wconf 80' lang='lat' dir='ltr'><strong>pra-stabit.</strong></span> 
     </span>
    </p>
   </div>
   <div class='ocr_carea' id='block_1_105' title="bbox 992 2320 1740 2355">
    <p class='ocr_par' dir='ltr' id='par_1_105' title="bbox 992 2320 1740 2355">
     <span class='ocr_line' id='line_1_105' title="bbox 992 2320 1740 2355; baseline 0 -8"><span class='ocrx_word' id='word_1_741' title='bbox 992 2321 1031 2347; x_wconf 79' lang='lat' dir='ltr'><strong>Ad</strong></span> <span class='ocrx_word' id='word_1_742' title='bbox 1048 2320 1172 2347; x_wconf 86' lang='lat' dir='ltr'><strong>Latinam</strong></span> <span class='ocrx_word' id='word_1_743' title='bbox 1199 2321 1451 2355; x_wconf 80' lang='lat' dir='ltr'><strong>interpretationem</strong></span> <span class='ocrx_word' id='word_1_744' title='bbox 1469 2326 1588 2347; x_wconf 75' lang='lat' dir='ltr'><strong>nostram</strong></span> <span class='ocrx_word' id='word_1_745' title='bbox 1611 2320 1683 2354; x_wconf 82' lang='lat' dir='ltr'><strong>quod</strong></span> <span class='ocrx_word' id='word_1_746' title='bbox 1700 2325 1740 2347; x_wconf 87' lang='lat' dir='ltr'><strong>at-</strong></span> 
     </span>
    </p>
   </div>
   <div class='ocr_carea' id='block_1_106' title="bbox 959 2365 1739 2401">
    <p class='ocr_par' dir='ltr' id='par_1_106' title="bbox 959 2365 1739 2401">
     <span class='ocr_line' id='line_1_106' title="bbox 959 2365 1739 2401; baseline 0 -9"><span class='ocrx_word' id='word_1_747' title='bbox 959 2366 1036 2396; x_wconf 84' lang='lat' dir='ltr'><strong>tincl,</strong></span> <span class='ocrx_word' id='word_1_748' title='bbox 1058 2367 1200 2401; x_wconf 73' lang='lat' dir='ltr'><strong>seriptoris</strong></span> <span class='ocrx_word' id='word_1_749' title='bbox 1216 2365 1303 2393; x_wconf 67' lang='lat' dir='ltr'><strong>Ct‘a’ci</strong></span> <span class='ocrx_word' id='word_1_750' title='bbox 1320 2370 1438 2393; x_wconf 73' lang='lat' dir='ltr'><strong>mentem</strong></span> <span class='ocrx_word' id='word_1_751' title='bbox 1457 2367 1479 2393; x_wconf 82' lang='lat' dir='ltr'><strong>si</strong></span> <span class='ocrx_word' id='word_1_752' title='bbox 1496 2374 1537 2392; x_wconf 85' lang='lat' dir='ltr'><strong>me</strong></span> <span class='ocrx_word' id='word_1_753' title='bbox 1554 2366 1653 2400; x_wconf 82' lang='lat' dir='ltr'><strong>ubique</strong></span> <span class='ocrx_word' id='word_1_754' title='bbox 1668 2373 1739 2393; x_wconf 81' lang='lat' dir='ltr'><strong>asse-</strong></span> 
     </span>
    </p>
   </div>
   <div class='ocr_carea' id='block_1_107' title="bbox 957 2411 1740 2446">
    <p class='ocr_par' dir='ltr' id='par_1_107' title="bbox 957 2411 1740 2446">
     <span class='ocr_line' id='line_1_107' title="bbox 957 2411 1740 2446; baseline 0.001 -10"><span class='ocrx_word' id='word_1_755' title='bbox 957 2416 1049 2437; x_wconf 71' lang='lat' dir='ltr'><strong>cnttzm</strong></span> <span class='ocrx_word' id='word_1_756' title='bbox 1069 2411 1152 2437; x_wconf 77' lang='lat' dir='ltr'><strong>fuisse</strong></span> <span class='ocrx_word' id='word_1_757' title='bbox 1177 2412 1318 2443; x_wconf 82' lang='lat' dir='ltr'><strong>allirntent,</strong></span> <span class='ocrx_word' id='word_1_758' title='bbox 1349 2420 1479 2446; x_wconf 78' lang='lat' dir='ltr'><strong>arrogans</strong></span> <span class='ocrx_word' id='word_1_759' title='bbox 1504 2420 1573 2438; x_wconf 82' lang='lat' dir='ltr'><strong>snt;</strong></span> <span class='ocrx_word' id='word_1_760' title='bbox 1593 2413 1740 2445; x_wconf 62' lang='lat' dir='ltr'><strong>prtesertiut</strong></span> 
     </span>
    </p>
   </div>
   <div class='ocr_carea' id='block_1_108' title="bbox 958 2456 1740 2491">
    <p class='ocr_par' dir='ltr' id='par_1_108' title="bbox 958 2456 1740 2491">
     <span class='ocr_line' id='line_1_108' title="bbox 958 2456 1740 2491; baseline -0.001 -8"><span class='ocrx_word' id='word_1_761' title='bbox 958 2465 1019 2483; x_wconf 71' lang='lat' dir='ltr'><strong>cum</strong></span> <span class='ocrx_word' id='word_1_762' title='bbox 1035 2465 1083 2483; x_wconf 84' lang='lat' dir='ltr'><strong>nec</strong></span> <span class='ocrx_word' id='word_1_763' title='bbox 1095 2456 1191 2483; x_wconf 80' lang='lat' dir='ltr'><strong>Wollio</strong></span> <span class='ocrx_word' id='word_1_764' title='bbox 1207 2457 1268 2491; x_wconf 86' lang='lat' dir='ltr'><strong>ipsi.</strong></span> <span class='ocrx_word' id='word_1_765' title='bbox 1283 2461 1411 2483; x_wconf 85' lang='lat' dir='ltr'><strong>veterano</strong></span> <span class='ocrx_word' id='word_1_766' title='bbox 1422 2462 1449 2483; x_wconf 82' lang='lat' dir='ltr'><strong>et</strong></span> <span class='ocrx_word' id='word_1_767' title='bbox 1462 2461 1576 2483; x_wconf 79' lang='lat' dir='ltr'><strong>emerito</strong></span> <span class='ocrx_word' id='word_1_768' title='bbox 1589 2457 1740 2491; x_wconf 81' lang='lat' dir='ltr'><strong>interpreti,</strong></span> 
     </span>
    </p>
   </div>
   <div class='ocr_carea' id='block_1_109' title="bbox 958 2501 1742 2540">
    <p class='ocr_par' dir='ltr' id='par_1_109' title="bbox 958 2501 1742 2540">
     <span class='ocr_line' id='line_1_109' title="bbox 958 2501 1742 2540; baseline -0.001 -12"><span class='ocrx_word' id='word_1_769' title='bbox 958 2502 984 2529; x_wconf 87' lang='lat' dir='ltr'><strong>id</strong></span> <span class='ocrx_word' id='word_1_770' title='bbox 1000 2503 1156 2536; x_wconf 79' lang='lat' dir='ltr'><strong>contigerit.</strong></span> <span class='ocrx_word' id='word_1_771' title='bbox 1182 2501 1331 2529; x_wconf 81' lang='lat' dir='ltr'><strong>Possumus</strong></span> <span class='ocrx_word' id='word_1_772' title='bbox 1341 2511 1410 2540; x_wconf 59' lang='lat' dir='ltr'><strong>tero</strong></span> <span class='ocrx_word' id='word_1_773' title='bbox 1432 2508 1547 2536; x_wconf 87' lang='lat' dir='ltr'><strong>uterque</strong></span> <span class='ocrx_word' id='word_1_774' title='bbox 1571 2502 1622 2529; x_wconf 76' lang='lat' dir='ltr'><strong>liae</strong></span> <span class='ocrx_word' id='word_1_775' title='bbox 1637 2502 1742 2529; x_wconf 85' lang='lat' dir='ltr'><strong>ratione</strong></span> 
     </span>
    </p>
   </div>
   <div class='ocr_carea' id='block_1_110' title="bbox 958 2547 1736 2582">
    <p class='ocr_par' dir='ltr' id='par_1_110' title="bbox 958 2547 1736 2582">
     <span class='ocr_line' id='line_1_110' title="bbox 958 2547 1736 2582; baseline -0.005 -8"><span class='ocrx_word' id='word_1_776' title='bbox 958 2556 1007 2575; x_wconf 85' lang='lat' dir='ltr'><strong>nos</strong></span> <span class='ocrx_word' id='word_1_777' title='bbox 1020 2548 1179 2580; x_wconf 63' lang='lat' dir='ltr'><strong>defendere,</strong></span> <span class='ocrx_word' id='word_1_778' title='bbox 1193 2548 1264 2582; x_wconf 86' lang='lat' dir='ltr'><strong>quod</strong></span> <span class='ocrx_word' id='word_1_779' title='bbox 1279 2548 1324 2582; x_wconf 88' lang='lat' dir='ltr'><strong>qui</strong></span> <span class='ocrx_word' id='word_1_780' title='bbox 1341 2547 1410 2574; x_wconf 76' lang='lat' dir='ltr'><strong>viam</strong></span> <span class='ocrx_word' id='word_1_781' title='bbox 1427 2549 1527 2574; x_wconf 75' lang='lat' dir='ltr'><strong>nullius</strong></span> <span class='ocrx_word' id='word_1_782' title='bbox 1542 2555 1635 2582; x_wconf 76' lang='lat' dir='ltr'><strong>gressu</strong></span> <span class='ocrx_word' id='word_1_783' title='bbox 1648 2547 1736 2573; x_wconf 79' lang='lat' dir='ltr'><strong>tritam</strong></span> 
     </span>
    </p>
   </div>
   <div class='ocr_carea' id='block_1_111' title="bbox 958 2590 1743 2627">
    <p class='ocr_par' dir='ltr' id='par_1_111' title="bbox 958 2590 1743 2627">
     <span class='ocr_line' id='line_1_111' title="bbox 958 2590 1743 2627; baseline -0.001 -9"><span class='ocrx_word' id='word_1_784' title='bbox 958 2593 1135 2627; x_wconf 72' lang='lat' dir='ltr'><strong>ingrediatur,</strong></span> <span class='ocrx_word' id='word_1_785' title='bbox 1158 2593 1181 2619; x_wconf 91' lang='lat' dir='ltr'><strong>ei</strong></span> <span class='ocrx_word' id='word_1_786' title='bbox 1202 2590 1388 2619; x_wconf 77' lang='lat' dir='ltr'><strong>dillieillimuni</strong></span> <span class='ocrx_word' id='word_1_787' title='bbox 1407 2593 1441 2618; x_wconf 78' lang='lat' dir='ltr'><strong>si:</strong></span> <span class='ocrx_word' id='word_1_788' title='bbox 1464 2601 1517 2619; x_wconf 83' lang='lat' dir='ltr'><strong>non</strong></span> <span class='ocrx_word' id='word_1_789' title='bbox 1539 2593 1609 2623; x_wconf 79' lang='lat' dir='ltr'><strong>lab.;</strong></span> <span class='ocrx_word' id='word_1_790' title='bbox 1629 2600 1683 2626; x_wconf 66' lang='lat' dir='ltr'><strong>prie</strong></span> <span class='ocrx_word' id='word_1_791' title='bbox 1700 2599 1743 2617; x_wconf 71' lang='lat' dir='ltr'><strong>er-</strong></span> 
     </span>
    </p>
   </div>
   <div class='ocr_carea' id='block_1_112' title="bbox 957 2638 1740 2674">
    <p class='ocr_par' dir='ltr' id='par_1_112' title="bbox 957 2638 1740 2674">
     <span class='ocr_line' id='line_1_112' title="bbox 957 2638 1740 2674; baseline -0.004 -8"><span class='ocrx_word' id='word_1_792' title='bbox 957 2644 1004 2666; x_wconf 69' lang='lat' dir='ltr'><strong>ttm</strong></span> <span class='ocrx_word' id='word_1_793' title='bbox 1021 2641 1042 2665; x_wconf 71' lang='lat' dir='ltr'><strong>si</strong></span> <span class='ocrx_word' id='word_1_794' title='bbox 1057 2647 1088 2666; x_wconf 84' lang='lat' dir='ltr'><strong>ea</strong></span> <span class='ocrx_word' id='word_1_795' title='bbox 1106 2639 1208 2666; x_wconf 85' lang='lat' dir='ltr'><strong>lubrica</strong></span> <span class='ocrx_word' id='word_1_796' title='bbox 1221 2640 1257 2666; x_wconf 85' lang='lat' dir='ltr'><strong>sit</strong></span> <span class='ocrx_word' id='word_1_797' title='bbox 1271 2643 1297 2665; x_wconf 82' lang='lat' dir='ltr'><strong>et</strong></span> <span class='ocrx_word' id='word_1_798' title='bbox 1310 2639 1469 2674; x_wconf 78' lang='lat' dir='ltr'><strong>confragosa</strong></span> <span class='ocrx_word' id='word_1_799' title='bbox 1484 2645 1511 2666; x_wconf 91' lang='lat' dir='ltr'><strong>et</strong></span> <span class='ocrx_word' id='word_1_800' title='bbox 1523 2639 1635 2666; x_wconf 81' lang='lat' dir='ltr'><strong>salebris</strong></span> <span class='ocrx_word' id='word_1_801' title='bbox 1650 2638 1740 2672; x_wconf 80' lang='lat' dir='ltr'><strong>plena,</strong></span> 
     </span>
    </p>
   </div>
   <div class='ocr_carea' id='block_1_113' title="bbox 957 2685 1742 2721">
    <p class='ocr_par' dir='ltr' id='par_1_113' title="bbox 957 2685 1742 2721">
     <span class='ocr_line' id='line_1_113' title="bbox 957 2685 1742 2721; baseline -0.003 -10"><span class='ocrx_word' id='word_1_802' title='bbox 957 2685 1050 2720; x_wconf 86' lang='lat' dir='ltr'><strong>quales</strong></span> <span class='ocrx_word' id='word_1_803' title='bbox 1066 2687 1164 2720; x_wconf 87' lang='lat' dir='ltr'><strong>passim</strong></span> <span class='ocrx_word' id='word_1_804' title='bbox 1181 2686 1275 2721; x_wconf 74' lang='lat' dir='ltr'><strong>objicit</strong></span> <span class='ocrx_word' id='word_1_805' title='bbox 1293 2685 1461 2720; x_wconf 79' lang='lat' dir='ltr'><strong>Nicepltorus</strong></span> <span class='ocrx_word' id='word_1_806' title='bbox 1478 2690 1588 2718; x_wconf 82' lang='lat' dir='ltr'><strong>noster;</strong></span> <span class='ocrx_word' id='word_1_807' title='bbox 1611 2685 1656 2719; x_wconf 87' lang='lat' dir='ltr'><strong>qui</strong></span> <span class='ocrx_word' id='word_1_808' title='bbox 1671 2692 1742 2718; x_wconf 53' lang='lat' dir='ltr'><strong>quo.</strong></span> 
     </span>
    </p>
   </div>
   <div class='ocr_carea' id='block_1_114' title="bbox 956 2731 1743 2769">
    <p class='ocr_par' dir='ltr' id='par_1_114' title="bbox 956 2731 1743 2769">
     <span class='ocr_line' id='line_1_114' title="bbox 956 2731 1743 2769; baseline -0.005 -10"><span class='ocrx_word' id='word_1_809' title='bbox 956 2733 1006 2759; x_wconf 79' lang='lat' dir='ltr'><strong>ties</strong></span> <span class='ocrx_word' id='word_1_810' title='bbox 1021 2732 1127 2767; x_wconf 76' lang='lat' dir='ltr'><strong>evngari</strong></span> <span class='ocrx_word' id='word_1_811' title='bbox 1143 2732 1220 2759; x_wconf 87' lang='lat' dir='ltr'><strong>libuit</strong></span> <span class='ocrx_word' id='word_1_812' title='bbox 1235 2733 1310 2766; x_wconf 64' lang='lat' dir='ltr'><strong>tlibel</strong></span> <span class='ocrx_word' id='word_1_813' title='bbox 1321 2737 1409 2759; x_wconf 81' lang='lat' dir='ltr'><strong>autem</strong></span> <span class='ocrx_word' id='word_1_814' title='bbox 1423 2732 1505 2758; x_wconf 78' lang='lat' dir='ltr'><strong>nimis</strong></span> <span class='ocrx_word' id='word_1_815' title='bbox 1516 2733 1610 2765; x_wconf 57' lang='lat' dir='ltr'><strong>saepe),</strong></span> <span class='ocrx_word' id='word_1_816' title='bbox 1623 2735 1678 2769; x_wconf 81' lang='lat' dir='ltr'><strong>tum</strong></span> <span class='ocrx_word' id='word_1_817' title='bbox 1695 2731 1743 2756; x_wconf 70' lang='lat' dir='ltr'><strong>tle-</strong></span> 
     </span>
    </p>
   </div>
   <div class='ocr_carea' id='block_1_115' title="bbox 957 2777 1742 2812">
    <p class='ocr_par' dir='ltr' id='par_1_115' title="bbox 957 2777 1742 2812">
     <span class='ocr_line' id='line_1_115' title="bbox 957 2777 1742 2812; baseline -0.006 -7"><span class='ocrx_word' id='word_1_818' title='bbox 957 2786 1030 2805; x_wconf 88' lang='lat' dir='ltr'><strong>mtttn</strong></span> <span class='ocrx_word' id='word_1_819' title='bbox 1045 2778 1177 2805; x_wconf 74' lang='lat' dir='ltr'><strong>disertum</strong></span> <span class='ocrx_word' id='word_1_820' title='bbox 1193 2785 1220 2804; x_wconf 85' lang='lat' dir='ltr'><strong>se</strong></span> <span class='ocrx_word' id='word_1_821' title='bbox 1233 2782 1260 2804; x_wconf 86' lang='lat' dir='ltr'><strong>ct</strong></span> <span class='ocrx_word' id='word_1_822' title='bbox 1274 2778 1423 2812; x_wconf 82' lang='lat' dir='ltr'><strong>elegantem</strong></span> <span class='ocrx_word' id='word_1_823' title='bbox 1438 2777 1534 2809; x_wconf 73' lang='lat' dir='ltr'><strong>credit,</strong></span> <span class='ocrx_word' id='word_1_824' title='bbox 1552 2783 1613 2803; x_wconf 84' lang='lat' dir='ltr'><strong>cum</strong></span> <span class='ocrx_word' id='word_1_825' title='bbox 1631 2780 1742 2801; x_wconf 75' lang='lat' dir='ltr'><strong>sentcn-</strong></span> 
     </span>
    </p>
   </div>
  </div>
