1895 3062
135 140 165 166 Π
375 133 378 137 ’
756 134 759 137 “
846 130 929 160 ΡΠ.ῐί

996 127 1059 160 ’[Ο’.’
1714 118 1745 149 18

135 195 195 219 tiam
211 197 287 217 snam
305 190 447 217 \‘erborum
462 189 620 225 ambagibus
635 197 713 224 quam
729 190 844 216 maxime
856 197 915 225 pcr-
932 191 952 218 Α
969 188 1112 215 barbarum
1134 186 1167 213 dc
1183 184 1252 211 bello
1267 191 1355 214 sacro.
1373 182 1435 209 item
1451 180 1482 207 de
1500 178 1748 211 Constantinopoli-

137 238 218 273 plexis
242 238 381 265 involvere
400 236 499 272 potuit.

171 284 248 311 Tomi
262 284 343 330 primi
360 284 474 319 singulis
486 285 606 320 paginis.
621 284 748 318 quoniam
765 289 917 320 temporum

140 331 206 358 ratio
221 330 248 357 in
264 337 295 357 ea
313 329 433 358 historia:
448 335 524 365 parte
535 338 587 357 non
603 330 668 357 satis
683 334 756 358 certa
775 337 834 357 esse
847 330 919 356 vide-

141 377 227 407 batur,
255 372 357 403 anitum
380 375 558 410 praescribere
582 383 636 402 non
655 376 803 410 potuimus.
827 376 920 409 itaque

141 422 193 450 illic
211 430 262 457 pro
288 422 369 450 annis
393 421 519 457 imperia,
536 430 584 450 seu
612 423 783 458 regnantium
799 422 921 457 Impera-

143 474 226 494 torum
245 467 368 500 nomina,
389 467 478 503 posita
495 472 570 495 sunt.
586 467 617 495 in
634 472 707 495 tomo
724 468 855 500 secundo,
872 475 922 494 an-

143 521 190 539 nos
205 513 291 547 ipsos,
308 513 436 544 quoniam
453 512 487 540 de
502 512 536 542 iis
559 515 711 546 constabat,
729 513 904 547 apposuimus
915 533 923 546 ,

145 559 338 592 imperatorum
367 561 460 584 autem
496 557 609 584 nomina
638 548 792 584 'omisimus.
818 556 924 591 Quippe

143 611 203 630 cum
220 610 269 636 per
283 609 371 630 annos
386 602 480 630 decem
496 607 655 637 perpetuos,
669 609 737 637 quos
749 602 870 629 continet
882 601 926 629 hic

144 653 242 678 tomus,
268 651 389 681 potestas
411 646 586 683 imperatoria
606 654 690 682 penes
704 647 773 674 duos
791 647 927 681 principes

146 691 236 725 fuerit,
261 692 443 728 Palaeologum
462 697 491 719 et
505 692 738 724 Cantacuzenum,
757 692 853 719 inutile
868 699 928 719 esse

146 737 276 764 duximus
291 741 416 772 repetere
432 737 461 764 in
486 737 602 773 singulis
623 737 729 772 paginis
745 737 784 769 id,
799 737 870 771 quod
884 743 927 763 se-

148 781 200 809 mel
223 781 364 809 monuisse
379 781 446 809 satis
461 781 543 809 foret.
567 781 662 809 Libros
678 782 705 809 in
724 783 824 816 capita.
841 783 929 816 capita

148 827 175 853 in
191 826 329 854 sectiones
339 828 434 854 eadem
446 828 575 855 methodo
589 827 741 860 divisimus,
754 835 807 861 qua
818 827 843 854 in
857 832 930 854 tumo

148 873 246 907 primo.
265 872 295 899 In
319 873 464 901 breviariis
484 881 593 908 quoque
617 878 645 900 et
668 873 694 900 in
715 874 787 901 notis
806 873 929 900 eamdem

150 926 262 953 prorsus
277 919 412 947 rationem
428 919 515 946 secuti
532 927 638 946 sumus.

187 964 405 998 Disputationem
431 973 493 993 cum
521 965 655 997 Cabasila.
673 965 750 992 libris
766 965 852 993 tribus
878 973 938 992 non'

152 1009 213 1036 totis
225 1010 447 1044 comprehensam
458 1009 532 1045 (nam
543 1017 573 1037 ea
586 1017 600 1036 a
609 1009 738 1037 vicesimo
756 1010 875 1037 secundo
891 1010 934 1036 in-

151 1054 248 1081 choato
276 1055 308 1082 ad
335 1050 494 1082 vicesimum
511 1060 637 1090 quartum
655 1055 713 1082 fere
739 1055 857 1082 lﬂUdiUlll
885 1063 933 1082 cx-

152 1103 260 1137 currit),
278 1103 349 1137 quod
363 1103 397 1130 ad
412 1103 554 1130 historiam
571 1103 642 1130 haud
661 1104 726 1130 satis
742 1104 880 1137 pertinere
897 1104 936 1130 vi-

152 1148 275 1180 deretur,
291 1148 325 1176 ad
336 1149 452 1176 secundi
469 1149 615 1177 voluminis
631 1149 731 1175 calcent
750 1149 861 1183 rejierre
877 1149 936 1175 aui-

154 1201 217 1220 tntis
241 1193 358 1228 primum
373 1194 435 1223 fuit.
458 1193 582 1226 Demum,
607 1201 640 1221 ne
655 1194 782 1221 continua
807 1194 936 1221 librorum

154 1238 241 1266 series
265 1238 483 1273 abrumperetur,
510 1239 610 1266 rectius
624 1239 760 1266 facturum
775 1246 831 1270 me
844 1239 935 1265 existi-

155 1284 236 1316 mavi,
252 1285 275 1311 si
289 1292 370 1311 suum
381 1284 405 1311 ei
416 1292 448 1312 ac
461 1285 600 1319 proprium
612 1285 700 1312 locum
716 1292 864 1311 servarem.
879 1284 937 1312 Una

156 1337 199 1356 me
217 1337 261 1356 res
274 1330 449 1363 morabatur;
476 1331 545 1364 quod
562 1338 623 1357 eam
638 1330 846 1364 disputationem
869 1337 938 1356 non-

156 1376 220 1402 dum
241 1375 337 1402 Latine
361 1375 517 1408 vertisscm,
533 1383 584 1402 nec
598 1375 665 1402 mihi
681 1375 768 1402 otium
784 1379 940 1410 superesset

156 1421 190 1447 ad
208 1421 280 1447 istud
297 1428 406 1455 quoque
429 1428 543 1456 pensum
568 1420 772 1448 absolvendum.
800 1421 870 1447 Inter
884 1420 941 1447 haec

157 1467 333 1495 commodum
347 1475 423 1494 suam
441 1467 507 1494 mihi
525 1475 635 1501 operam
651 1467 749 1494 obtulit
762 1467 796 1493 ill.
812 1466 941 1493 Claudius

970 234 1051 266 lanis,
1072 230 1305 266 Pclopnnucsiacis
1325 233 1352 256 et
1375 225 1559 260 Neapolitanis
1583 223 1747 250 Francorum

970 278 1201 314 expeditionibus,
1216 277 1315 303 sclrcta
1329 274 1464 301 variorum
1482 270 1610 306 (muscula
1626 268 1749 296 contine-

971 326 1028 357 bit;
1043 332 1076 351 ea
1093 323 1208 354 scilicet,
1223 330 1285 357 qua:
1300 318 1446 354 Nicephori
1464 318 1590 352 Grcgorm
1607 314 1749 342 Historiam

972 374 1086 406 possunt
1098 369 1244 396 illustrare.
1261 367 1288 393 In
1305 366 1337 393 iis
1355 370 1450 392 erunt:

1008 415 1028 442 Ι.
1042 414 1166 442 Narratio
1183 414 1284 440 Nicetac
1298 411 1436 438 (IhOuiatie
1454 409 1486 436 de
1511 407 1606 434 statuis
1621 406 1752 433 Conslan—

975 461 1176 496 tinopolitanis.
1198 467 1266 494 quas
1282 457 1381 488 Latini,
1407 459 1484 489 capta
1502 454 1584 485 Urbe,
1602 451 1754 479 contractas

974 508 1002 535 in
1016 511 1151 534 monetam
1165 505 1362 531 conliavcrunt.
1377 501 1460 534 Cujus
1476 496 1650 527 narrationis,
1666 503 1698 521 ex
1710 502 1755 520 co-

975 554 1035 580 dice
1051 551 1196 579 Bodleiano
1214 548 1367 582 descriptae,
1383 546 1460 580 copia
1479 544 1543 572 mihi
1557 550 1572 570 a
1589 542 1647 568 viro
1662 539 1757 567 claris)

976 599 1044 626 simo
1059 597 1164 624 Joanne
1183 595 1297 621 Erucsto
1310 592 1408 620 Grabio
1424 591 1492 617 facta
1505 592 1556 615 est.

1013 644 1046 672 ll.
1062 641 1195 670 Theodori
1213 639 1338 666 Lascaris
1362 637 1498 664 orationes
1513 635 1584 662 dum.
1609 632 1650 658 in.
1667 631 1757 657 Enco-

978 689 1062 716 mium
1081 682 1165 722 patris
1180 686 1249 720 eius,
1267 683 1380 711 Joannis
1394 683 1472 709 Ducat:
1485 681 1550 714 imp.
1564 679 1607 706 2".
1628 677 1700 704 Laus
1714 683 1758 702 ur-

979 735 1021 763 bis
1039 733 1146 764 Nicmze,
1163 739 1194 757 ex
1211 730 1272 757 cod.
1288 729 1354 761 Reg.

1015 780 1062 808 lli.
1081 779 1287 806 Testamentum
1305 773 1412 802 Arsenii
1438 770 1611 808 patriarchae,
1625 768 1727 795 editum
1745 774 1759 792 a

981 825 1127 854 Cotcierio.

1020 873 1064 900 ιν.
1088 870 1229 899 Athanasii
1248 867 1409 904 patriarchae
1425 864 1458 891 ad
1479 863 1615 890 seniorem
1628 859 1763 888 Androni—

983 926 1043 946 cum
1061 917 1181 951 mustelae
1198 920 1223 942 et
1241 914 1385 942 relationi-s
1408 911 1528 941 selectae,
1548 916 1578 935 ex
1596 907 1689 933 codice
1704 905 1763 931 sin-

984 950 1084 998 gulari,
1103 969 1182 997 quem
1199 960 1370 987 Bibliotheca
1389 955 1479 991 Regia:
1502 961 1563 980 cum
1587 952 1646 978 aliis
1673 950 1765 976 multis

984 997 1070 1043 nuper
1085 1007 1195 1035 (lonavil
1218 1006 1249 1033 C.
1266 1004 1351 1031 Maur.
1375 1001 1517 1032 Tellerius,
1541 997 1765 1032 archiepisCupus

985 1055 1037 1082 dux
1051 1052 1224 1080 Rhemcnsis.

1021 1100 1052 1127 V.
1068 1098 1200 1126 Manuelis
1211 1097 1292 1125 Phila:
1308 1102 1403 1130 poema
1414 1091 1573 1120 historicum
1585 1090 1617 1116 de
1631 1086 1767 1115 Michaelis

987 1146 1076 1174 Glabze
1093 1145 1175 1172 rebus
1189 1144 1286 1178 gestis,
1301 1150 1332 1169 ex
1358 1140 1411 1167 alio
1432 1138 1493 1166 cod.
1511 1136 1595 1171 Regio
1611 1134 1686 1169 (olim
1705 1132 1767 1158 Tel-

989 1189 1102 1225 lcriano)
1121 1189 1299 1222 descriptum.

1024 1236 1069 1263 Vl.
1093 1236 1195 1262 Tomus
1223 1230 1423 1269 pscudosynodi
1450 1225 1729 1258 Palamit':ca1,cditus
1756 1230 1770 1249 a

989 1281 1162 1311 Cotnhefisio.

1027 1327 1257 1361 \'|l.Excerptacx
1265 1324 1375 1359 scriptis
1382 1322 1522 1357 Niccpltori
1532 1316 1773 1354 Blenuuydmﬁrc-

990 1374 1056 1410 gorii
1071 1373 1170 1409 Cyprii,
1182 1371 1313 1398 Theoduli
1328 1368 1468 1400 “lictoris,
1481 1364 1625 1399 Nircpltori
1641 1361 1756 1410 Chumni
1766 1379 1772 1390 .

992 1407 1135 1453 ilarlaami,
1164 1418 1308 1453 Acindyni,
1342 1417 1467 1445 Palmum,
1500 1411 1601 1440 Nicolai
1633 1407 1774 1439 Cabas‘lm,

993 1466 1124 1494 Philuthei
1146 1465 1317 1500 patriarchae,
1344 1461 1439 1489 Medici
1463 1459 1610 1489 'l‘aronitan,
1641 1457 1776 1482 Cautacu-

156 1511 410 1547 Cappcronnerius,
430 1512 599 1540 Licentiatus
611 1513 752 1547 theologus
768 1511 941 1538 Parisiensis.
957 1517 979 1547 ο
996 1515 1065 1546 zcni,
1082 1511 1209 1540 Demetrii
1222 1509 1346 1546 Cydonii,
1359 1508 1445 1543 ipsius
1462 1506 1598 1541 Gregory,
1613 1509 1638 1530 et
1650 1502 1777 1531 aliorum,

159 1558 230 1585 Huic
245 1565 305 1593 ego.
322 1557 416 1586 Graece
430 1563 457 1585 et
472 1557 568 1584 Latine
584 1558 753 1588 doctissimo,
769 1557 848 1584 facile
864 1557 944 1590 equi-

163 1605 222 1629 :em
235 1603 371 1630 adductus
383 1610 456 1635 sum,
469 1607 499 1629 ut
509 1610 555 1629 eas
567 1607 658 1636 partes
670 1601 822 1633 traderem;
836 1609 869 1628 eo
879 1608 947 1635 prae-

159 1649 268 1681 sertim,
297 1649 370 1683 quod
390 1656 450 1682 qum
479 1648 522 1675 ille
539 1648 745 1685 interpretanda
771 1651 947 1682 suscepturus

160 1694 244 1726 foret,
258 1701 289 1721 ea
301 1698 393 1721 essent
404 1694 460 1722 fere
473 1693 637 1733 dogmatica,
649 1694 770 1728 adeoque
781 1693 823 1719 vix
837 1696 949 1727 pussan

159 1739 254 1766 verbis
273 1739 392 1774 propriis
411 1747 443 1766 ac
466 1739 619 1773 perspicuis
638 1747 652 1765 a
668 1746 803 1773 quoquam
822 1737 947 1772 exprimi,

161 1787 217 1814 nisi
241 1787 288 1822 qui
315 1787 344 1813 in
360 1786 441 1813 rebus
458 1785 618 1821 theologicis
641 1786 754 1812 multant
775 1789 899 1811 versatus
923 1787 951 1810 et

162 1833 326 1868 quotidiano
341 1832 496 1860 scholarum
513 1840 563 1859 usu
578 1832 707 1859 subactus
725 1831 811 1858 foret:
828 1830 853 1857 id
867 1829 950 1864 quod,

162 1879 189 1906 si
206 1878 250 1905 cui
265 1886 396 1914 unquam,
413 1877 662 1905 cumulatissimum
681 1881 755 1903 certe
768 1875 810 1902 isti
825 1875 948 1908 contigit.

203 1923 319 1951 Tomum
338 1923 447 1950 tertium
465 1923 632 1950 constituent
649 1922 708 1949 libri
727 1921 952 1956 quatuordccim;

166 1970 292 1998 historici
313 1970 424 2005 quidem
439 1974 510 2001 octo,
525 1969 668 2005 dogmatii-i
685 1976 749 1995 vero
764 1976 828 2000 sex;
846 1967 879 1994 de
893 1967 954 2002 qui-

166 2018 223 2044 bus
240 2017 279 2044 uil
294 2024 408 2044 necesse
424 2021 465 2043 est
483 2015 589 2051 pra-fari
607 2015 684 2042 initio
702 2015 781 2049 hujus
796 2013 952 2040 voluminis.

206 2061 308 2090 Tomus
333 2067 457 2096 quartus.
485 2067 580 2097 prmter
606 2068 702 2094 poema
729 2060 822 2095 ingens
846 2060 953 2086 Graeco-

996 1559 1096 1590 omnia,
1116 1556 1288 1592 paucissimis
1302 1553 1432 1588 exceptis,
1448 1553 1590 1579 anccdota.

1031 1604 1070 1631 lta
1085 1591 1203 1636 quatuor
1221 1600 1301 1629 tomis
1328 1601 1361 1634 (c)
1385 1599 1518 1632 integrum
1541 1602 1609 1630 opus
1627 1591 1779 1620 constabit:

998 1650 1069 1685 quod
1097 1648 1181 1680 brevi,
1207 1652 1236 1674 ut
1263 1653 1353 1681 spero,
1382 1644 1546 1674 absolvetur,
1574 1641 1682 1668 favente
1705 1638 1782 1664 hisce

1000 1682 1097 1721 studiis
1111 1692 1213 1720 nostris
1227 1689 1410 1717 illustrissimo
1421 1687 1529 1719 comite,
1547 1683 1698 1712 caticellarii
1715 1682 1781 1712 ﬁlio.

1000 1740 1164 1773 Hieronymo
1187 1735 1418 1764 Ponchartnenio.
1444 1733 1546 1768 Nempe
1570 1732 1614 1759 hic
1633 1730 1667 1757 ad
1691 1735 1783 1756 secre-

1000 1786 1069 1812 tiora
1086 1784 1168 1818 Regis
1189 1781 1303 1809 consilia
1318 1780 1462 1810 admissus,
1480 1784 1561 1812 atque
1577 1776 1663 1812 ipsius
1678 1775 1716 1802 rei
1736 1781 1784 1801 na-

1001 1830 1069 1857 valis
1095 1826 1323 1855 administrationi
1347 1825 1501 1859 praefectus.
1527 1822 1626 1849 artium
1655 1823 1785 1855 prieterea

1004 1880 1031 1903 et
1050 1873 1255 1902 Academiarum
1282 1870 1365 1897 rebus
1380 1867 1538 1896 ordinandis
1562 1865 1704 1896 incumbit,
1726 1870 1785 1891 suc-

1005 1927 1096 1948 cessor
1109 1919 1180 1946 idem
1196 1922 1223 1945 et
1238 1916 1353 1944 aemulus
1365 1915 1465 1950 patris;
1489 1920 1569 1948 quem
1584 1912 1737 1938 litterarum
1755 1916 1787 1936 ac

1005 1966 1187 1993 litteratorum
1206 1970 1300 1990 amore
1321 1965 1349 1989 et
1368 1960 1475 1988 exculto
1492 1957 1650 1986 liberalibus
1665 1955 1787 1989 discipli-

1006 2013 1049 2039 nis
1064 2010 1173 2047 ingenio
1188 2010 1227 2037 sic
1241 2009 1335 2039 refert.
1352 2013 1382 2036 ut
1394 2008 1419 2034 ei
1435 2014 1489 2034 non
1506 2011 1560 2032 tam
1572 2004 1599 2032 in
1613 2010 1693 2031 curas
1707 2008 1787 2036 quam

1007 2059 1034 2086 in
1050 2058 1156 2084 laudent
1172 2056 1337 2084 successisse
1357 2054 1490 2082 videatur.

203 2165 237 2196 (c)
259 2165 328 2190 Tomi
350 2164 381 2189 ltl
395 2163 473 2196 etﬂlV
485 2163 566 2196 lucrm
584 2169 630 2196 non
653 2161 775 2196 viderunt.
795 2161 828 2186 Ex
842 2160 891 2196 his
911 2162 992 2196 autem
1005 2156 1337 2196 quaaiiicrpromi‘tteiba'ntur
1355 2157 1475 2188 pleraque
1495 2155 1581 2186 postea
1600 2149 1746 2184 prodierunt
1765 2150 1792 2174 et

168 2188 481 2228 exstantinisuperiorihus
491 2194 563 2220 tomis
575 2193 612 2218 vel
625 2191 906 2224 proximesequentlhus
914 2195 1004 2216 nostris
1014 2188 1178 2216 collectiohis.
1192 2189 1261 2214 Εωτ.
1274 2188 1350 2213 Pun.
