  <div class='ocr_page' id='page_1' title='image "/cluster/home/n/w/nwhite01/storage/ocr_20150623/148/njp.32101077773164/015.png"; bbox 0 0 1895 3062; ppageno 0'>
   <div class='ocr_carea' id='block_1_1' title="bbox 86 54 1710 117">
    <p class='ocr_par' dir='ltr' id='par_1_1' title="bbox 86 54 1710 117">
     <span class='ocr_line' id='line_1_1' title="bbox 86 54 1710 117; baseline 0.004 -6"><span class='ocrx_word' id='word_1_1' title='bbox 86 73 125 104; x_wconf 72' lang='grc'>19</span> <span class='ocrx_word' id='word_1_2' title='bbox 636 80 845 112; x_wconf 76' lang='lat' dir='ltr'><strong>NlCEPllORl</strong></span> <span class='ocrx_word' id='word_1_3' title='bbox 866 73 1056 116; x_wconf 69' lang='lat' dir='ltr'><strong>Gnaeum</strong></span> <span class='ocrx_word' id='word_1_4' title='bbox 1078 83 1175 116; x_wconf 79' lang='lat' dir='ltr'><strong>vm.</strong></span> <span class='ocrx_word' id='word_1_5' title='bbox 1300 54 1378 60; x_wconf 17' lang='grc' dir='ltr'>ί</span> <span class='ocrx_word' id='word_1_6' title='bbox 1400 55 1418 57; x_wconf 11' lang='grc' dir='ltr'><strong>’γ</strong></span> <span class='ocrx_word' id='word_1_7' title='bbox 1670 84 1710 117; x_wconf 72' lang='lat'><strong>20</strong></span> 
     </span>
    </p>
   </div>
   <div class='ocr_carea' id='block_1_2' title="bbox 93 171 1702 193">
    <p class='ocr_par' dir='ltr' id='par_1_2' title="bbox 93 171 1702 193">
     <span class='ocr_line' id='line_1_2' title="bbox 93 171 1702 193; baseline -0.001 -13"><span class='ocrx_word' id='word_1_8' title='bbox 93 171 1702 193; x_wconf 47' lang='grc' dir='ltr'>Μ</span> 
     </span>
    </p>
   </div>
   <div class='ocr_carea' id='block_1_3' title="bbox 364 266 1432 352">
    <p class='ocr_par' dir='ltr' id='par_1_3' title="bbox 364 266 1432 352">
     <span class='ocr_line' id='line_1_3' title="bbox 364 266 1432 352; baseline 0.007 -12"><span class='ocrx_word' id='word_1_9' title='bbox 364 266 880 347; x_wconf 80' lang='lat' dir='ltr'><strong>NICEPHORI</strong></span> <span class='ocrx_word' id='word_1_10' title='bbox 947 271 1432 352; x_wconf 61' lang='lat' dir='ltr'><strong>GBEGORZE</strong></span> 
     </span>
    </p>
   </div>
   <div class='ocr_carea' id='block_1_4' title="bbox 750 420 967 467">
    <p class='ocr_par' dir='ltr' id='par_1_4' title="bbox 750 420 967 467">
     <span class='ocr_line' id='line_1_4' title="bbox 750 420 967 467; baseline 0.005 -2"><span class='ocrx_word' id='word_1_11' title='bbox 750 420 967 467; x_wconf 84' lang='lat' dir='ltr'><strong>OPERA.</strong></span> 
     </span>
    </p>
   </div>
   <div class='ocr_carea' id='block_1_5' title="bbox 533 421 697 467">
    <p class='ocr_par' dir='ltr' id='par_1_5' title="bbox 533 421 697 467">
     <span class='ocr_line' id='line_1_5' title="bbox 533 421 697 467; baseline 0.012 -2"><span class='ocrx_word' id='word_1_12' title='bbox 533 421 697 467; x_wconf 85' lang='lat' dir='ltr'><strong>VITA.</strong></span> 
     </span>
    </p>
   </div>
   <div class='ocr_carea' id='block_1_6' title="bbox 1019 422 1259 468">
    <p class='ocr_par' dir='ltr' id='par_1_6' title="bbox 1019 422 1259 468">
     <span class='ocr_line' id='line_1_6' title="bbox 1019 422 1259 468; baseline -0.008 -1"><span class='ocrx_word' id='word_1_13' title='bbox 1019 422 1259 468; x_wconf 87' lang='lat' dir='ltr'><strong>ELOGIA.</strong></span> 
     </span>
    </p>
   </div>
   <div class='ocr_carea' id='block_1_7' title="bbox 87 513 1706 561">
    <p class='ocr_par' dir='ltr' id='par_1_7' title="bbox 87 513 1706 561">
     <span class='ocr_line' id='line_1_7' title="bbox 87 513 1706 561; baseline 0.004 -17"><span class='ocrx_word' id='word_1_14' title='bbox 87 513 135 545; x_wconf 75' lang='lat' dir='ltr'><strong>Ad</strong></span> <span class='ocrx_word' id='word_1_15' title='bbox 163 513 215 546; x_wconf 79' lang='lat' dir='ltr'><strong>Ill.</strong></span> <span class='ocrx_word' id='word_1_16' title='bbox 240 515 390 547; x_wconf 79' lang='lat' dir='ltr'><strong>Abbatem</strong></span> <span class='ocrx_word' id='word_1_17' title='bbox 419 518 585 550; x_wconf 66' lang='lat' dir='ltr'><strong>Camillum</strong></span> <span class='ocrx_word' id='word_1_18' title='bbox 617 519 802 556; x_wconf 68' lang='lat' dir='ltr'><strong>Tellen&#39;um,</strong></span> <span class='ocrx_word' id='word_1_19' title='bbox 833 519 1034 552; x_wconf 69' lang='lat' dir='ltr'><strong>Bibliotheca</strong></span> <span class='ocrx_word' id='word_1_20' title='bbox 1058 521 1161 561; x_wconf 63' lang='lat' dir='ltr'><strong>Regiis</strong></span> <span class='ocrx_word' id='word_1_21' title='bbox 1193 520 1389 560; x_wconf 74' lang='lat' dir='ltr'><strong>Prw/cetum,</strong></span> <span class='ocrx_word' id='word_1_22' title='bbox 1417 519 1542 561; x_wconf 75' lang='lat' dir='ltr'><strong>scripsit</strong></span> <span class='ocrx_word' id='word_1_23' title='bbox 1568 521 1706 552; x_wconf 79' lang='lat' dir='ltr'><strong>Joannes</strong></span> 
     </span>
    </p>
   </div>
   <div class='ocr_carea' id='block_1_8' title="bbox 813 573 977 604">
    <p class='ocr_par' dir='ltr' id='par_1_8' title="bbox 813 573 977 604">
     <span class='ocr_line' id='line_1_8' title="bbox 813 573 977 604; baseline 0 0"><span class='ocrx_word' id='word_1_24' title='bbox 813 573 977 604; x_wconf 79' lang='lat' dir='ltr'><strong>Boivt&#39;mts.</strong></span> 
     </span>
    </p>
   </div>
   <div class='ocr_carea' id='block_1_9' title="bbox 818 726 994 772">
    <p class='ocr_par' dir='ltr' id='par_1_9' title="bbox 818 726 994 772">
     <span class='ocr_line' id='line_1_9' title="bbox 818 726 994 772; baseline -0.034 -1"><span class='ocrx_word' id='word_1_25' title='bbox 818 726 994 772; x_wconf 61' lang='lat' dir='ltr'><strong>VITA-</strong></span> 
     </span>
    </p>
   </div>
   <div class='ocr_carea' id='block_1_10' title="bbox 119 880 1707 919">
    <p class='ocr_par' dir='ltr' id='par_1_10' title="bbox 119 880 1707 919">
     <span class='ocr_line' id='line_1_10' title="bbox 119 880 1707 919; baseline 0.002 -12"><span class='ocrx_word' id='word_1_26' title='bbox 119 881 246 917; x_wconf 70' lang='lat' dir='ltr'><strong>Grcgora:</strong></span> <span class='ocrx_word' id='word_1_27' title='bbox 255 880 338 909; x_wconf 66' lang='lat' dir='ltr'><strong>vitam</strong></span> <span class='ocrx_word' id='word_1_28' title='bbox 349 901 358 914; x_wconf 88' lang='lat'><strong>,</strong></span> <span class='ocrx_word' id='word_1_29' title='bbox 372 888 499 911; x_wconf 78' lang='lat' dir='ltr'><strong>accurate</strong></span> <span class='ocrx_word' id='word_1_30' title='bbox 513 888 675 916; x_wconf 78' lang='lat' dir='ltr'><strong>enarratam.</strong></span> <span class='ocrx_word' id='word_1_31' title='bbox 689 890 743 911; x_wconf 87' lang='lat' dir='ltr'><strong>non</strong></span> <span class='ocrx_word' id='word_1_32' title='bbox 757 883 793 911; x_wconf 86' lang='lat' dir='ltr'><strong>ita</strong></span> <span class='ocrx_word' id='word_1_33' title='bbox 808 883 865 918; x_wconf 91' lang='lat' dir='ltr'><strong>pri-</strong></span> <span class='ocrx_word' id='word_1_34' title='bbox 879 885 902 914; x_wconf 77' lang='grc' dir='ltr'>Α</span> <span class='ocrx_word' id='word_1_35' title='bbox 915 883 991 911; x_wconf 83' lang='lat' dir='ltr'><strong>Asia.</strong></span> <span class='ocrx_word' id='word_1_36' title='bbox 1010 883 1212 919; x_wconf 83' lang='lat' dir='ltr'><strong>Paphlagoncm</strong></span> <span class='ocrx_word' id='word_1_37' title='bbox 1242 889 1304 910; x_wconf 90' lang='lat' dir='ltr'><strong>eum</strong></span> <span class='ocrx_word' id='word_1_38' title='bbox 1333 881 1398 910; x_wconf 78' lang='lat' dir='ltr'><strong>facit</strong></span> <span class='ocrx_word' id='word_1_39' title='bbox 1428 881 1582 917; x_wconf 80' lang='lat' dir='ltr'><strong>patriarcha</strong></span> <span class='ocrx_word' id='word_1_40' title='bbox 1613 881 1707 910; x_wconf 84' lang='lat' dir='ltr'><strong>Philo-</strong></span> 
     </span>
    </p>
   </div>
   <div class='ocr_carea' id='block_1_11' title="bbox 85 927 871 963">
    <p class='ocr_par' dir='ltr' id='par_1_11' title="bbox 85 927 871 963">
     <span class='ocr_line' id='line_1_11' title="bbox 85 927 871 963; baseline 0.005 -9"><span class='ocrx_word' id='word_1_41' title='bbox 85 928 146 956; x_wconf 88' lang='lat' dir='ltr'><strong>dem</strong></span> <span class='ocrx_word' id='word_1_42' title='bbox 154 927 272 963; x_wconf 78' lang='lat' dir='ltr'><strong>vulgavit</strong></span> <span class='ocrx_word' id='word_1_43' title='bbox 281 928 413 957; x_wconf 71' lang='lat' dir='ltr'><strong>Martinus</strong></span> <span class='ocrx_word' id='word_1_44' title='bbox 426 929 556 963; x_wconf 84' lang='lat' dir='ltr'><strong>Hankius,</strong></span> <span class='ocrx_word' id='word_1_45' title='bbox 576 930 618 958; x_wconf 90' lang='lat' dir='ltr'><strong>vir</strong></span> <span class='ocrx_word' id='word_1_46' title='bbox 627 930 723 958; x_wconf 87' lang='lat' dir='ltr'><strong>doctus</strong></span> <span class='ocrx_word' id='word_1_47' title='bbox 734 930 800 958; x_wconf 85' lang='lat' dir='ltr'><strong>etin</strong></span> <span class='ocrx_word' id='word_1_48' title='bbox 815 929 871 958; x_wconf 90' lang='lat' dir='ltr'><strong>his-</strong></span> 
     </span>
    </p>
   </div>
   <div class='ocr_carea' id='block_1_12' title="bbox 88 973 871 1010">
    <p class='ocr_par' dir='ltr' id='par_1_12' title="bbox 88 973 871 1010">
     <span class='ocr_line' id='line_1_12' title="bbox 88 973 871 1010; baseline 0.004 -10"><span class='ocrx_word' id='word_1_49' title='bbox 88 974 168 1001; x_wconf 87' lang='lat' dir='ltr'><strong>toriis</strong></span> <span class='ocrx_word' id='word_1_50' title='bbox 184 973 286 1002; x_wconf 66' lang='lat' dir='ltr'><strong>(iliacis</strong></span> <span class='ocrx_word' id='word_1_51' title='bbox 299 974 457 1010; x_wconf 78' lang='lat' dir='ltr'><strong>Latinisque</strong></span> <span class='ocrx_word' id='word_1_52' title='bbox 469 974 541 1003; x_wconf 83' lang='lat' dir='ltr'><strong>haud</strong></span> <span class='ocrx_word' id='word_1_53' title='bbox 554 975 732 1003; x_wconf 74' lang='lat' dir='ltr'><strong>mediocriter</strong></span> <span class='ocrx_word' id='word_1_54' title='bbox 739 980 871 1004; x_wconf 75' lang='lat' dir='ltr'><strong>versatus.</strong></span> 
     </span>
    </p>
   </div>
   <div class='ocr_carea' id='block_1_13' title="bbox 86 1018 872 1055">
    <p class='ocr_par' dir='ltr' id='par_1_13' title="bbox 86 1018 872 1055">
     <span class='ocr_line' id='line_1_13' title="bbox 86 1018 872 1055; baseline 0.005 -10"><span class='ocrx_word' id='word_1_55' title='bbox 86 1018 140 1046; x_wconf 75' lang='lat' dir='ltr'><strong>Sed</strong></span> <span class='ocrx_word' id='word_1_56' title='bbox 157 1019 180 1046; x_wconf 88' lang='lat' dir='ltr'><strong>is</strong></span> <span class='ocrx_word' id='word_1_57' title='bbox 192 1019 276 1047; x_wconf 89' lang='lat' dir='ltr'><strong>libros</strong></span> <span class='ocrx_word' id='word_1_58' title='bbox 285 1019 413 1055; x_wconf 72' lang='lat' dir='ltr'><strong>G‘regorze</strong></span> <span class='ocrx_word' id='word_1_59' title='bbox 427 1020 495 1048; x_wconf 85' lang='lat' dir='ltr'><strong>alios</strong></span> <span class='ocrx_word' id='word_1_60' title='bbox 510 1028 566 1048; x_wconf 93' lang='lat' dir='ltr'><strong>non</strong></span> <span class='ocrx_word' id='word_1_61' title='bbox 581 1021 696 1054; x_wconf 78' lang='lat' dir='ltr'><strong>viderat,</strong></span> <span class='ocrx_word' id='word_1_62' title='bbox 719 1021 772 1049; x_wconf 83' lang='lat' dir='ltr'><strong>nisi</strong></span> <span class='ocrx_word' id='word_1_63' title='bbox 786 1022 872 1049; x_wconf 86' lang='lat' dir='ltr'><strong>unde-</strong></span> 
     </span>
    </p>
   </div>
   <div class='ocr_carea' id='block_1_14' title="bbox 84 1065 872 1103">
    <p class='ocr_par' dir='ltr' id='par_1_14' title="bbox 84 1065 872 1103">
     <span class='ocr_line' id='line_1_14' title="bbox 84 1065 872 1103; baseline 0.006 -12"><span class='ocrx_word' id='word_1_64' title='bbox 84 1065 138 1091; x_wconf 81' lang='lat' dir='ltr'><strong>cim</strong></span> <span class='ocrx_word' id='word_1_65' title='bbox 151 1065 266 1099; x_wconf 81' lang='lat' dir='ltr'><strong>priores.</strong></span> <span class='ocrx_word' id='word_1_66' title='bbox 282 1065 318 1093; x_wconf 89' lang='lat' dir='ltr'><strong>ab</strong></span> <span class='ocrx_word' id='word_1_67' title='bbox 335 1065 617 1103; x_wconf 35' lang='lat' dir='ltr'><strong>Hieronymo.Wollio</strong></span> <span class='ocrx_word' id='word_1_68' title='bbox 640 1068 740 1096; x_wconf 81' lang='lat' dir='ltr'><strong>editos.</strong></span> <span class='ocrx_word' id='word_1_69' title='bbox 761 1069 826 1103; x_wconf 70' lang='lat' dir='ltr'><strong>Ego,</strong></span> <span class='ocrx_word' id='word_1_70' title='bbox 842 1072 872 1096; x_wconf 88' lang='lat' dir='ltr'><strong>ut</strong></span> 
     </span>
    </p>
   </div>
   <div class='ocr_carea' id='block_1_15' title="bbox 84 1110 872 1149">
    <p class='ocr_par' dir='ltr' id='par_1_15' title="bbox 84 1110 872 1149">
     <span class='ocr_line' id='line_1_15' title="bbox 84 1110 872 1149; baseline 0.009 -13"><span class='ocrx_word' id='word_1_71' title='bbox 84 1113 144 1139; x_wconf 81' lang='lat' dir='ltr'><strong>tute</strong></span> <span class='ocrx_word' id='word_1_72' title='bbox 170 1110 343 1143; x_wconf 71' lang='lat' dir='ltr'><strong>scis,Abbas</strong></span> <span class='ocrx_word' id='word_1_73' title='bbox 368 1111 548 1145; x_wconf 81' lang='lat' dir='ltr'><strong>nobilissime,</strong></span> <span class='ocrx_word' id='word_1_74' title='bbox 568 1113 688 1149; x_wconf 75' lang='lat' dir='ltr'><strong>integros</strong></span> <span class='ocrx_word' id='word_1_75' title='bbox 713 1114 872 1149; x_wconf 87' lang='lat' dir='ltr'><strong>duodequa-</strong></span> 
     </span>
    </p>
   </div>
   <div class='ocr_carea' id='block_1_16' title="bbox 84 1155 871 1191">
    <p class='ocr_par' dir='ltr' id='par_1_16' title="bbox 84 1155 871 1191">
     <span class='ocr_line' id='line_1_16' title="bbox 84 1155 871 1191; baseline 0.005 -9"><span class='ocrx_word' id='word_1_76' title='bbox 84 1155 209 1190; x_wconf 74' lang='lat' dir='ltr'><strong>draginta</strong></span> <span class='ocrx_word' id='word_1_77' title='bbox 222 1155 321 1188; x_wconf 40' lang='lat' dir='ltr'><strong>habuit;</strong></span> <span class='ocrx_word' id='word_1_78' title='bbox 335 1156 400 1183; x_wconf 91' lang='lat' dir='ltr'><strong>item</strong></span> <span class='ocrx_word' id='word_1_79' title='bbox 411 1156 465 1184; x_wconf 84' lang='lat' dir='ltr'><strong>alia</strong></span> <span class='ocrx_word' id='word_1_80' title='bbox 476 1157 602 1191; x_wconf 66' lang='lat' dir='ltr'><strong>quaedam</strong></span> <span class='ocrx_word' id='word_1_81' title='bbox 614 1158 736 1191; x_wconf 79' lang='lat' dir='ltr'><strong>ejusdem</strong></span> <span class='ocrx_word' id='word_1_82' title='bbox 750 1158 871 1186; x_wconf 80' lang='lat' dir='ltr'><strong>auctoris</strong></span> 
     </span>
    </p>
   </div>
   <div class='ocr_carea' id='block_1_17' title="bbox 83 1200 871 1238">
    <p class='ocr_par' dir='ltr' id='par_1_17' title="bbox 83 1200 871 1238">
     <span class='ocr_line' id='line_1_17' title="bbox 83 1200 871 1238; baseline 0.005 -11"><span class='ocrx_word' id='word_1_83' title='bbox 83 1201 226 1232; x_wconf 79' lang='lat' dir='ltr'><strong>anccdota,</strong></span> <span class='ocrx_word' id='word_1_84' title='bbox 246 1200 322 1228; x_wconf 86' lang='lat' dir='ltr'><strong>ac‘in</strong></span> <span class='ocrx_word' id='word_1_85' title='bbox 340 1201 374 1229; x_wconf 87' lang='lat' dir='ltr'><strong>iis</strong></span> <span class='ocrx_word' id='word_1_86' title='bbox 396 1201 533 1237; x_wconf 71' lang='lat' dir='ltr'><strong>dialtrgum</strong></span> <span class='ocrx_word' id='word_1_87' title='bbox 555 1202 592 1229; x_wconf 77' lang='lat' dir='ltr'><strong>De</strong></span> <span class='ocrx_word' id='word_1_88' title='bbox 609 1201 759 1238; x_wconf 71' lang='lat' dir='ltr'><strong>Sapientia,</strong></span> <span class='ocrx_word' id='word_1_89' title='bbox 777 1203 823 1238; x_wconf 88' lang='lat' dir='ltr'><strong>qui</strong></span> <span class='ocrx_word' id='word_1_90' title='bbox 843 1208 871 1232; x_wconf 78' lang='lat' dir='ltr'><strong>et</strong></span> 
     </span>
    </p>
   </div>
   <div class='ocr_carea' id='block_1_18' title="bbox 57 1247 869 1284">
    <p class='ocr_par' dir='ltr' id='par_1_18' title="bbox 57 1247 869 1284">
     <span class='ocr_line' id='line_1_18' title="bbox 57 1247 869 1284; baseline 0.005 -11"><span class='ocrx_word' id='word_1_91' title='bbox 57 1250 63 1255; x_wconf 88' lang='lat'><em>‘</em></span> <span class='ocrx_word' id='word_1_92' title='bbox 85 1247 238 1274; x_wconf 75' lang='lat' dir='ltr'><strong>Florentius</strong></span> <span class='ocrx_word' id='word_1_93' title='bbox 253 1247 420 1275; x_wconf 72' lang='lat' dir='ltr'><strong>inscribitur.</strong></span> <span class='ocrx_word' id='word_1_94' title='bbox 438 1247 486 1275; x_wconf 86' lang='lat' dir='ltr'><strong>llis</strong></span> <span class='ocrx_word' id='word_1_95' title='bbox 507 1248 644 1281; x_wconf 81' lang='lat' dir='ltr'><strong>omnibus,</strong></span> <span class='ocrx_word' id='word_1_96' title='bbox 661 1253 688 1276; x_wconf 87' lang='lat' dir='ltr'><strong>et</strong></span> <span class='ocrx_word' id='word_1_97' title='bbox 713 1249 773 1277; x_wconf 88' lang='lat' dir='ltr'><strong>aliis</strong></span> <span class='ocrx_word' id='word_1_98' title='bbox 801 1257 869 1284; x_wconf 74' lang='lat' dir='ltr'><strong>pm-</strong></span> 
     </span>
    </p>
   </div>
   <div class='ocr_carea' id='block_1_19' title="bbox 86 1293 868 1329">
    <p class='ocr_par' dir='ltr' id='par_1_19' title="bbox 86 1293 868 1329">
     <span class='ocr_line' id='line_1_19' title="bbox 86 1293 868 1329; baseline 0.004 -9"><span class='ocrx_word' id='word_1_99' title='bbox 86 1299 160 1320; x_wconf 81' lang='lat' dir='ltr'><strong>Ierea</strong></span> <span class='ocrx_word' id='word_1_100' title='bbox 171 1293 316 1327; x_wconf 74' lang='lat' dir='ltr'><strong>:equalium</strong></span> <span class='ocrx_word' id='word_1_101' title='bbox 328 1293 454 1328; x_wconf 72' lang='lat' dir='ltr'><strong>Gregone</strong></span> <span class='ocrx_word' id='word_1_102' title='bbox 463 1293 627 1328; x_wconf 88' lang='lat' dir='ltr'><strong>scriptormn</strong></span> <span class='ocrx_word' id='word_1_103' title='bbox 639 1293 716 1322; x_wconf 86' lang='lat' dir='ltr'><strong>libris</strong></span> <span class='ocrx_word' id='word_1_104' title='bbox 730 1293 868 1329; x_wconf 80' lang='lat' dir='ltr'><strong>perlectis,</strong></span> 
     </span>
    </p>
   </div>
   <div class='ocr_carea' id='block_1_20' title="bbox 85 1338 869 1376">
    <p class='ocr_par' dir='ltr' id='par_1_20' title="bbox 85 1338 869 1376">
     <span class='ocr_line' id='line_1_20' title="bbox 85 1338 869 1376; baseline 0.004 -11"><span class='ocrx_word' id='word_1_105' title='bbox 85 1339 203 1374; x_wconf 80' lang='lat' dir='ltr'><strong>plurima</strong></span> <span class='ocrx_word' id='word_1_106' title='bbox 217 1339 338 1367; x_wconf 86' lang='lat' dir='ltr'><strong>adhunc</strong></span> <span class='ocrx_word' id='word_1_107' title='bbox 363 1338 436 1366; x_wconf 89' lang='lat' dir='ltr'><strong>diem</strong></span> <span class='ocrx_word' id='word_1_108' title='bbox 460 1338 556 1374; x_wconf 78' lang='lat' dir='ltr'><strong>paucis</strong></span> <span class='ocrx_word' id='word_1_109' title='bbox 582 1340 743 1376; x_wconf 78' lang='lat' dir='ltr'><strong>investigata</strong></span> <span class='ocrx_word' id='word_1_110' title='bbox 768 1340 869 1374; x_wconf 88' lang='lat' dir='ltr'><strong>didici;</strong></span> 
     </span>
    </p>
   </div>
   <div class='ocr_carea' id='block_1_21' title="bbox 84 1385 870 1421">
    <p class='ocr_par' dir='ltr' id='par_1_21' title="bbox 84 1385 870 1421">
     <span class='ocr_line' id='line_1_21' title="bbox 84 1385 870 1421; baseline 0.001 -10"><span class='ocrx_word' id='word_1_111' title='bbox 84 1391 198 1420; x_wconf 83' lang='lat' dir='ltr'><strong>remque</strong></span> <span class='ocrx_word' id='word_1_112' title='bbox 221 1385 255 1412; x_wconf 90' lang='lat' dir='ltr'><strong>ab</strong></span> <span class='ocrx_word' id='word_1_113' title='bbox 273 1385 384 1412; x_wconf 81' lang='lat' dir='ltr'><strong>homine</strong></span> <span class='ocrx_word' id='word_1_114' title='bbox 399 1385 517 1417; x_wconf 81' lang='lat' dir='ltr'><strong>erudito,</strong></span> <span class='ocrx_word' id='word_1_115' title='bbox 547 1385 594 1413; x_wconf 87' lang='lat' dir='ltr'><strong>sed</strong></span> <span class='ocrx_word' id='word_1_116' title='bbox 622 1385 676 1412; x_wconf 86' lang='lat' dir='ltr'><strong>illis</strong></span> <span class='ocrx_word' id='word_1_117' title='bbox 699 1385 768 1421; x_wconf 84' lang='lat' dir='ltr'><strong>ipsis</strong></span> <span class='ocrx_word' id='word_1_118' title='bbox 788 1385 870 1421; x_wconf 85' lang='lat' dir='ltr'><strong>adju-</strong></span> 
     </span>
    </p>
   </div>
   <div class='ocr_carea' id='block_1_22' title="bbox 85 1430 869 1465">
    <p class='ocr_par' dir='ltr' id='par_1_22' title="bbox 85 1430 869 1465">
     <span class='ocr_line' id='line_1_22' title="bbox 85 1430 869 1465; baseline 0.003 -8"><span class='ocrx_word' id='word_1_119' title='bbox 85 1431 186 1458; x_wconf 81' lang='lat' dir='ltr'><strong>rncntis</strong></span> <span class='ocrx_word' id='word_1_120' title='bbox 199 1430 409 1464; x_wconf 80' lang='lat' dir='ltr'><strong>destituto,jam</strong></span> <span class='ocrx_word' id='word_1_121' title='bbox 428 1430 469 1465; x_wconf 90' lang='lat' dir='ltr'><strong>(ut</strong></span> <span class='ocrx_word' id='word_1_122' title='bbox 497 1430 628 1465; x_wconf 79' lang='lat' dir='ltr'><strong>diximus)</strong></span> <span class='ocrx_word' id='word_1_123' title='bbox 653 1435 808 1464; x_wconf 73' lang='lat' dir='ltr'><strong>tractatam,</strong></span> <span class='ocrx_word' id='word_1_124' title='bbox 834 1431 869 1459; x_wconf 89' lang='lat' dir='ltr'><strong>de</strong></span> 
     </span>
    </p>
   </div>
   <div class='ocr_carea' id='block_1_23' title="bbox 84 1476 866 1512">
    <p class='ocr_par' dir='ltr' id='par_1_23' title="bbox 84 1476 866 1512">
     <span class='ocr_line' id='line_1_23' title="bbox 84 1476 866 1512; baseline 0.004 -9"><span class='ocrx_word' id='word_1_125' title='bbox 84 1484 156 1504; x_wconf 84' lang='lat' dir='ltr'><strong>novo</strong></span> <span class='ocrx_word' id='word_1_126' title='bbox 172 1477 308 1512; x_wconf 80' lang='lat' dir='ltr'><strong>explicare</strong></span> <span class='ocrx_word' id='word_1_127' title='bbox 325 1477 444 1505; x_wconf 82' lang='lat' dir='ltr'><strong>institui.</strong></span> <span class='ocrx_word' id='word_1_128' title='bbox 465 1477 597 1505; x_wconf 66' lang='lat' dir='ltr'><strong>Caeterum</strong></span> <span class='ocrx_word' id='word_1_129' title='bbox 617 1477 640 1505; x_wconf 92' lang='lat' dir='ltr'><strong>si</strong></span> <span class='ocrx_word' id='word_1_130' title='bbox 660 1476 755 1506; x_wconf 73' lang='lat' dir='ltr'><strong>Hankii</strong></span> <span class='ocrx_word' id='word_1_131' title='bbox 775 1485 866 1506; x_wconf 80' lang='lat' dir='ltr'><strong>exem-</strong></span> 
     </span>
    </p>
   </div>
   <div class='ocr_carea' id='block_1_24' title="bbox 86 1523 866 1559">
    <p class='ocr_par' dir='ltr' id='par_1_24' title="bbox 86 1523 866 1559">
     <span class='ocr_line' id='line_1_24' title="bbox 86 1523 866 1559; baseline 0.001 -9"><span class='ocrx_word' id='word_1_132' title='bbox 86 1524 143 1558; x_wconf 79' lang='lat' dir='ltr'><strong>plo,</strong></span> <span class='ocrx_word' id='word_1_133' title='bbox 172 1523 322 1551; x_wconf 80' lang='lat' dir='ltr'><strong>alienarunt</strong></span> <span class='ocrx_word' id='word_1_134' title='bbox 351 1531 463 1559; x_wconf 81' lang='lat' dir='ltr'><strong>operum</strong></span> <span class='ocrx_word' id='word_1_135' title='bbox 486 1523 584 1559; x_wconf 80' lang='lat' dir='ltr'><strong>pannis</strong></span> <span class='ocrx_word' id='word_1_136' title='bbox 606 1523 729 1559; x_wconf 85' lang='lat' dir='ltr'><strong>undique</strong></span> <span class='ocrx_word' id='word_1_137' title='bbox 749 1523 866 1557; x_wconf 76' lang='lat' dir='ltr'><strong>collatis,</strong></span> 
     </span>
    </p>
   </div>
   <div class='ocr_carea' id='block_1_25' title="bbox 86 1569 867 1603">
    <p class='ocr_par' dir='ltr' id='par_1_25' title="bbox 86 1569 867 1603">
     <span class='ocr_line' id='line_1_25' title="bbox 86 1569 867 1603; baseline 0 -7"><span class='ocrx_word' id='word_1_138' title='bbox 86 1569 233 1603; x_wconf 77' lang='lat' dir='ltr'><strong>quemdam</strong></span> <span class='ocrx_word' id='word_1_139' title='bbox 249 1569 332 1597; x_wconf 83' lang='lat' dir='ltr'><strong>veluti</strong></span> <span class='ocrx_word' id='word_1_140' title='bbox 349 1573 492 1597; x_wconf 77' lang='lat' dir='ltr'><strong>centonem</strong></span> <span class='ocrx_word' id='word_1_141' title='bbox 507 1569 667 1603; x_wconf 66' lang='lat' dir='ltr'><strong>tenuissem,</strong></span> <span class='ocrx_word' id='word_1_142' title='bbox 680 1569 782 1597; x_wconf 84' lang='lat' dir='ltr'><strong>veritus</strong></span> <span class='ocrx_word' id='word_1_143' title='bbox 796 1575 867 1602; x_wconf 82' lang='lat' dir='ltr'><strong>sum.</strong></span> 
     </span>
    </p>
   </div>
   <div class='ocr_carea' id='block_1_26' title="bbox 85 1614 869 1652">
    <p class='ocr_par' dir='ltr' id='par_1_26' title="bbox 85 1614 869 1652">
     <span class='ocr_line' id='line_1_26' title="bbox 85 1614 869 1652; baseline 0.003 -10"><span class='ocrx_word' id='word_1_144' title='bbox 85 1624 121 1642; x_wconf 79' lang='lat' dir='ltr'><strong>ne</strong></span> <span class='ocrx_word' id='word_1_145' title='bbox 138 1624 251 1651; x_wconf 81' lang='lat' dir='ltr'><strong>parvum</strong></span> <span class='ocrx_word' id='word_1_146' title='bbox 267 1614 318 1652; x_wconf 67' lang='lat' dir='ltr'><strong>per</strong></span> <span class='ocrx_word' id='word_1_147' title='bbox 329 1623 358 1644; x_wconf 85' lang='lat' dir='ltr'><strong>se</strong></span> <span class='ocrx_word' id='word_1_148' title='bbox 375 1620 563 1651; x_wconf 72' lang='lat' dir='ltr'><strong>argumentum</strong></span> <span class='ocrx_word' id='word_1_149' title='bbox 581 1617 609 1644; x_wconf 89' lang='lat' dir='ltr'><strong>in</strong></span> <span class='ocrx_word' id='word_1_150' title='bbox 624 1623 751 1652; x_wconf 77' lang='lat' dir='ltr'><strong>magnotu</strong></span> <span class='ocrx_word' id='word_1_151' title='bbox 767 1616 869 1644; x_wconf 85' lang='lat' dir='ltr'><strong>sensim</strong></span> 
     </span>
    </p>
   </div>
   <div class='ocr_carea' id='block_1_27' title="bbox 85 1660 869 1697">
    <p class='ocr_par' dir='ltr' id='par_1_27' title="bbox 85 1660 869 1697">
     <span class='ocr_line' id='line_1_27' title="bbox 85 1660 869 1697; baseline -0.001 -8"><span class='ocrx_word' id='word_1_152' title='bbox 85 1662 214 1690; x_wconf 71' lang='lat' dir='ltr'><strong>volumen</strong></span> <span class='ocrx_word' id='word_1_153' title='bbox 230 1667 413 1690; x_wconf 75' lang='lat' dir='ltr'><strong>oxcrescerct.</strong></span> <span class='ocrx_word' id='word_1_154' title='bbox 430 1662 509 1690; x_wconf 84' lang='lat' dir='ltr'><strong>Malui</strong></span> <span class='ocrx_word' id='word_1_155' title='bbox 528 1662 619 1697; x_wconf 86' lang='lat' dir='ltr'><strong>itaque</strong></span> <span class='ocrx_word' id='word_1_156' title='bbox 638 1660 706 1689; x_wconf 83' lang='lat' dir='ltr'><strong>meis</strong></span> <span class='ocrx_word' id='word_1_157' title='bbox 725 1662 824 1693; x_wconf 79' lang='lat' dir='ltr'><strong>verbis,</strong></span> <span class='ocrx_word' id='word_1_158' title='bbox 842 1667 869 1688; x_wconf 89' lang='lat' dir='ltr'><strong>et</strong></span> 
     </span>
    </p>
   </div>
   <div class='ocr_carea' id='block_1_28' title="bbox 85 1707 869 1743">
    <p class='ocr_par' dir='ltr' id='par_1_28' title="bbox 85 1707 869 1743">
     <span class='ocr_line' id='line_1_28' title="bbox 85 1707 869 1743; baseline -0.001 -8"><span class='ocrx_word' id='word_1_159' title='bbox 85 1709 238 1736; x_wconf 75' lang='lat' dir='ltr'><strong>continentl</strong></span> <span class='ocrx_word' id='word_1_160' title='bbox 268 1709 324 1736; x_wconf 85' lang='lat' dir='ltr'><strong>fere</strong></span> <span class='ocrx_word' id='word_1_161' title='bbox 350 1709 517 1741; x_wconf 82' lang='lat' dir='ltr'><strong>narratione,</strong></span> <span class='ocrx_word' id='word_1_162' title='bbox 548 1707 685 1743; x_wconf 74' lang='lat' dir='ltr'><strong>sigillatim</strong></span> <span class='ocrx_word' id='word_1_163' title='bbox 701 1715 815 1742; x_wconf 68' lang='lat' dir='ltr'><strong>quaeque</strong></span> <span class='ocrx_word' id='word_1_164' title='bbox 841 1711 869 1735; x_wconf 89' lang='lat' dir='ltr'><strong>et</strong></span> 
     </span>
    </p>
   </div>
   <div class='ocr_carea' id='block_1_29' title="bbox 84 1752 867 1788">
    <p class='ocr_par' dir='ltr' id='par_1_29' title="bbox 84 1752 867 1788">
     <span class='ocr_line' id='line_1_29' title="bbox 84 1752 867 1788; baseline -0.004 -7"><span class='ocrx_word' id='word_1_165' title='bbox 84 1754 206 1781; x_wconf 87' lang='lat' dir='ltr'><strong>breviter</strong></span> <span class='ocrx_word' id='word_1_166' title='bbox 215 1761 452 1785; x_wconf 77' lang='lat' dir='ltr'><strong>commemorare;</strong></span> <span class='ocrx_word' id='word_1_167' title='bbox 469 1754 597 1781; x_wconf 90' lang='lat' dir='ltr'><strong>nimirum</strong></span> <span class='ocrx_word' id='word_1_168' title='bbox 610 1757 639 1780; x_wconf 94' lang='lat' dir='ltr'><strong>ut</strong></span> <span class='ocrx_word' id='word_1_169' title='bbox 652 1753 732 1788; x_wconf 85' lang='lat' dir='ltr'><strong>cujus</strong></span> <span class='ocrx_word' id='word_1_170' title='bbox 744 1752 867 1779; x_wconf 80' lang='lat' dir='ltr'><strong>historici</strong></span> 
     </span>
    </p>
   </div>
   <div class='ocr_carea' id='block_1_30' title="bbox 85 1797 869 1834">
    <p class='ocr_par' dir='ltr' id='par_1_30' title="bbox 85 1797 869 1834">
     <span class='ocr_line' id='line_1_30' title="bbox 85 1797 869 1834; baseline -0.001 -8"><span class='ocrx_word' id='word_1_171' title='bbox 85 1801 181 1832; x_wconf 80' lang='lat' dir='ltr'><strong>libros,</strong></span> <span class='ocrx_word' id='word_1_172' title='bbox 196 1807 245 1834; x_wconf 86' lang='lat' dir='ltr'><strong>per</strong></span> <span class='ocrx_word' id='word_1_173' title='bbox 258 1800 347 1828; x_wconf 80' lang='lat' dir='ltr'><strong>varias</strong></span> <span class='ocrx_word' id='word_1_174' title='bbox 358 1799 541 1827; x_wconf 84' lang='lat' dir='ltr'><strong>bibliothecas</strong></span> <span class='ocrx_word' id='word_1_175' title='bbox 552 1805 632 1827; x_wconf 82' lang='lat' dir='ltr'><strong>antea</strong></span> <span class='ocrx_word' id='word_1_176' title='bbox 652 1799 800 1834; x_wconf 85' lang='lat' dir='ltr'><strong>dispersos,</strong></span> <span class='ocrx_word' id='word_1_177' title='bbox 816 1797 869 1825; x_wconf 84' lang='lat' dir='ltr'><strong>tuis</strong></span> 
     </span>
    </p>
   </div>
   <div class='ocr_carea' id='block_1_31' title="bbox 84 1844 869 1883">
    <p class='ocr_par' dir='ltr' id='par_1_31' title="bbox 84 1844 869 1883">
     <span class='ocr_line' id='line_1_31' title="bbox 84 1844 869 1883; baseline -0.001 -9"><span class='ocrx_word' id='word_1_178' title='bbox 84 1847 238 1883; x_wconf 83' lang='lat' dir='ltr'><strong>sumptibus</strong></span> <span class='ocrx_word' id='word_1_179' title='bbox 253 1851 363 1882; x_wconf 87' lang='lat' dir='ltr'><strong>tuaque,</strong></span> <span class='ocrx_word' id='word_1_180' title='bbox 381 1846 471 1874; x_wconf 83' lang='lat' dir='ltr'><strong>Abbas</strong></span> <span class='ocrx_word' id='word_1_181' title='bbox 490 1846 682 1877; x_wconf 80' lang='lat' dir='ltr'><strong>illustrissime,</strong></span> <span class='ocrx_word' id='word_1_182' title='bbox 707 1844 869 1873; x_wconf 83' lang='lat' dir='ltr'><strong>auctoritate</strong></span> 
     </span>
    </p>
   </div>
   <div class='ocr_carea' id='block_1_32' title="bbox 84 1891 869 1930">
    <p class='ocr_par' dir='ltr' id='par_1_32' title="bbox 84 1891 869 1930">
     <span class='ocr_line' id='line_1_32' title="bbox 84 1891 869 1930; baseline -0.004 -9"><span class='ocrx_word' id='word_1_183' title='bbox 84 1893 300 1929; x_wconf 80' lang='lat' dir='ltr'><strong>collegisscmus,</strong></span> <span class='ocrx_word' id='word_1_184' title='bbox 315 1894 373 1930; x_wconf 85' lang='lat' dir='ltr'><strong>ejus</strong></span> <span class='ocrx_word' id='word_1_185' title='bbox 390 1897 419 1920; x_wconf 92' lang='lat' dir='ltr'><strong>tu</strong></span> <span class='ocrx_word' id='word_1_186' title='bbox 438 1893 511 1920; x_wconf 84' lang='lat' dir='ltr'><strong>dicta</strong></span> <span class='ocrx_word' id='word_1_187' title='bbox 530 1897 557 1920; x_wconf 88' lang='lat' dir='ltr'><strong>et</strong></span> <span class='ocrx_word' id='word_1_188' title='bbox 577 1892 646 1920; x_wconf 83' lang='lat' dir='ltr'><strong>facta</strong></span> <span class='ocrx_word' id='word_1_189' title='bbox 668 1891 743 1919; x_wconf 84' lang='lat' dir='ltr'><strong>brevi</strong></span> <span class='ocrx_word' id='word_1_190' title='bbox 758 1900 806 1928; x_wconf 87' lang='lat' dir='ltr'><strong>per</strong></span> <span class='ocrx_word' id='word_1_191' title='bbox 819 1899 869 1919; x_wconf 89' lang='lat' dir='ltr'><strong>nos</strong></span> 
     </span>
    </p>
   </div>
   <div class='ocr_carea' id='block_1_33' title="bbox 85 1938 868 1975">
    <p class='ocr_par' dir='ltr' id='par_1_33' title="bbox 85 1938 868 1975">
     <span class='ocr_line' id='line_1_33' title="bbox 85 1938 868 1975; baseline -0.001 -8"><span class='ocrx_word' id='word_1_192' title='bbox 85 1941 177 1968; x_wconf 78' lang='lat' dir='ltr'><strong>libello</strong></span> <span class='ocrx_word' id='word_1_193' title='bbox 189 1940 387 1975; x_wconf 85' lang='lat' dir='ltr'><strong>comprehensa</strong></span> <span class='ocrx_word' id='word_1_194' title='bbox 403 1941 538 1972; x_wconf 79' lang='lat' dir='ltr'><strong>haberes;</strong></span> <span class='ocrx_word' id='word_1_195' title='bbox 553 1945 581 1967; x_wconf 90' lang='lat' dir='ltr'><strong>et</strong></span> <span class='ocrx_word' id='word_1_196' title='bbox 602 1938 667 1966; x_wconf 91' lang='lat' dir='ltr'><strong>hinc</strong></span> <span class='ocrx_word' id='word_1_197' title='bbox 683 1943 783 1974; x_wconf 83' lang='lat' dir='ltr'><strong>quanta</strong></span> <span class='ocrx_word' id='word_1_198' title='bbox 797 1939 868 1974; x_wconf 89' lang='lat' dir='ltr'><strong>apud</strong></span> 
     </span>
    </p>
   </div>
   <div class='ocr_carea' id='block_1_34' title="bbox 85 1985 869 2022">
    <p class='ocr_par' dir='ltr' id='par_1_34' title="bbox 85 1985 869 2022">
     <span class='ocr_line' id='line_1_34' title="bbox 85 1985 869 2022; baseline -0.001 -8"><span class='ocrx_word' id='word_1_199' title='bbox 85 1995 150 2014; x_wconf 81' lang='lat' dir='ltr'><strong>suos</strong></span> <span class='ocrx_word' id='word_1_200' title='bbox 165 1987 324 2014; x_wconf 84' lang='lat' dir='ltr'><strong>celebritate</strong></span> <span class='ocrx_word' id='word_1_201' title='bbox 340 1986 474 2022; x_wconf 76' lang='lat' dir='ltr'><strong>GregOras</strong></span> <span class='ocrx_word' id='word_1_202' title='bbox 490 1991 582 2014; x_wconf 86' lang='lat' dir='ltr'><strong>noster</strong></span> <span class='ocrx_word' id='word_1_203' title='bbox 595 1986 742 2018; x_wconf 78' lang='lat' dir='ltr'><strong>ﬂoruisset,</strong></span> <span class='ocrx_word' id='word_1_204' title='bbox 762 1985 869 2013; x_wconf 79' lang='lat' dir='ltr'><strong>facilius</strong></span> 
     </span>
    </p>
   </div>
   <div class='ocr_carea' id='block_1_35' title="bbox 53 2031 868 2070">
    <p class='ocr_par' dir='ltr' id='par_1_35' title="bbox 53 2031 868 2070">
     <span class='ocr_line' id='line_1_35' title="bbox 53 2031 868 2070; baseline -0.001 -12"><span class='ocrx_word' id='word_1_205' title='bbox 53 2031 68 2070; x_wconf 54' lang='grc' dir='ltr'><strong>ξι</strong></span> <span class='ocrx_word' id='word_1_206' title='bbox 86 2031 273 2066; x_wconf 75' lang='lat' dir='ltr'><strong>iutelligcres;</strong></span> <span class='ocrx_word' id='word_1_207' title='bbox 294 2039 343 2059; x_wconf 86' lang='lat' dir='ltr'><strong>uec</strong></span> <span class='ocrx_word' id='word_1_208' title='bbox 361 2036 387 2058; x_wconf 91' lang='lat' dir='ltr'><strong>te</strong></span> <span class='ocrx_word' id='word_1_209' title='bbox 408 2036 512 2059; x_wconf 62' lang='lat' dir='ltr'><strong>navata:</strong></span> <span class='ocrx_word' id='word_1_210' title='bbox 537 2031 601 2059; x_wconf 87' lang='lat' dir='ltr'><strong>huic</strong></span> <span class='ocrx_word' id='word_1_211' title='bbox 625 2031 753 2066; x_wconf 86' lang='lat' dir='ltr'><strong>scriptori</strong></span> <span class='ocrx_word' id='word_1_212' title='bbox 777 2038 868 2065; x_wconf 66' lang='lat' dir='ltr'><strong>operae</strong></span> 
     </span>
    </p>
   </div>
   <div class='ocr_carea' id='block_1_36' title="bbox 57 2071 866 2113">
    <p class='ocr_par' dir='ltr' id='par_1_36' title="bbox 57 2071 866 2113">
     <span class='ocr_line' id='line_1_36' title="bbox 57 2071 866 2113; baseline 0 -9"><span class='ocrx_word' id='word_1_213' title='bbox 57 2071 68 2092; x_wconf 56' lang='grc' dir='ltr'><strong><em>θ</em></strong></span> <span class='ocrx_word' id='word_1_214' title='bbox 85 2083 185 2106; x_wconf 59' lang='lat' dir='ltr'><strong>nostra:</strong></span> <span class='ocrx_word' id='word_1_215' title='bbox 197 2079 354 2113; x_wconf 75' lang='lat' dir='ltr'><strong>pmuiteret.</strong></span> <span class='ocrx_word' id='word_1_216' title='bbox 372 2078 430 2105; x_wconf 78' lang='lat' dir='ltr'><strong>Non</strong></span> <span class='ocrx_word' id='word_1_217' title='bbox 455 2086 515 2106; x_wconf 87' lang='lat' dir='ltr'><strong>sum</strong></span> <span class='ocrx_word' id='word_1_218' title='bbox 542 2084 632 2106; x_wconf 85' lang='lat' dir='ltr'><strong>autem</strong></span> <span class='ocrx_word' id='word_1_219' title='bbox 653 2078 722 2106; x_wconf 83' lang='lat' dir='ltr'><strong>adeo</strong></span> <span class='ocrx_word' id='word_1_220' title='bbox 745 2078 866 2113; x_wconf 89' lang='lat' dir='ltr'><strong>iniquus,</strong></span> 
     </span>
    </p>
   </div>
   <div class='ocr_carea' id='block_1_37' title="bbox 86 2125 867 2160">
    <p class='ocr_par' dir='ltr' id='par_1_37' title="bbox 86 2125 867 2160">
     <span class='ocr_line' id='line_1_37' title="bbox 86 2125 867 2160; baseline -0.003 -7"><span class='ocrx_word' id='word_1_221' title='bbox 86 2130 116 2153; x_wconf 88' lang='lat' dir='ltr'><strong>ut</strong></span> <span class='ocrx_word' id='word_1_222' title='bbox 133 2125 184 2152; x_wconf 88' lang='lat' dir='ltr'><strong>hac</strong></span> <span class='ocrx_word' id='word_1_223' title='bbox 199 2126 382 2160; x_wconf 81' lang='lat' dir='ltr'><strong>qualicunque</strong></span> <span class='ocrx_word' id='word_1_224' title='bbox 396 2126 465 2159; x_wconf 82' lang='lat' dir='ltr'><strong>grati</strong></span> <span class='ocrx_word' id='word_1_225' title='bbox 477 2125 561 2152; x_wconf 83' lang='lat' dir='ltr'><strong>animi</strong></span> <span class='ocrx_word' id='word_1_226' title='bbox 578 2125 778 2160; x_wconf 77' lang='lat' dir='ltr'><strong>signiﬁcatione</strong></span> <span class='ocrx_word' id='word_1_227' title='bbox 801 2125 867 2151; x_wconf 78' lang='lat' dir='ltr'><strong>satis</strong></span> 
     </span>
    </p>
   </div>
   <div class='ocr_carea' id='block_1_38' title="bbox 84 2170 868 2207">
    <p class='ocr_par' dir='ltr' id='par_1_38' title="bbox 84 2170 868 2207">
     <span class='ocr_line' id='line_1_38' title="bbox 84 2170 868 2207; baseline -0.003 -9"><span class='ocrx_word' id='word_1_228' title='bbox 84 2179 127 2199; x_wconf 85' lang='lat' dir='ltr'><strong>me</strong></span> <span class='ocrx_word' id='word_1_229' title='bbox 152 2171 198 2199; x_wconf 90' lang='lat' dir='ltr'><strong>tibi</strong></span> <span class='ocrx_word' id='word_1_230' title='bbox 229 2179 279 2207; x_wconf 86' lang='lat' dir='ltr'><strong>pro</strong></span> <span class='ocrx_word' id='word_1_231' title='bbox 294 2171 381 2199; x_wconf 74' lang='lat' dir='ltr'><strong>ofﬁcio</strong></span> <span class='ocrx_word' id='word_1_232' title='bbox 404 2178 466 2198; x_wconf 87' lang='lat' dir='ltr'><strong>meo</strong></span> <span class='ocrx_word' id='word_1_233' title='bbox 495 2170 593 2198; x_wconf 85' lang='lat' dir='ltr'><strong>fecisse</strong></span> <span class='ocrx_word' id='word_1_234' title='bbox 615 2170 768 2198; x_wconf 86' lang='lat' dir='ltr'><strong>existimem</strong></span> <span class='ocrx_word' id='word_1_235' title='bbox 789 2178 796 2197; x_wconf 89' lang='lat'><strong>:</strong></span> <span class='ocrx_word' id='word_1_236' title='bbox 817 2178 868 2197; x_wconf 87' lang='lat' dir='ltr'><strong>nec</strong></span> 
     </span>
    </p>
   </div>
   <div class='ocr_carea' id='block_1_39' title="bbox 924 926 1708 965">
    <p class='ocr_par' dir='ltr' id='par_1_39' title="bbox 924 926 1708 965">
     <span class='ocr_line' id='line_1_39' title="bbox 924 926 1708 965; baseline -0.003 -9"><span class='ocrx_word' id='word_1_237' title='bbox 924 929 1003 957; x_wconf 87' lang='lat' dir='ltr'><strong>theus</strong></span> <span class='ocrx_word' id='word_1_238' title='bbox 1029 928 1058 956; x_wconf 91' lang='lat' dir='ltr'><strong>in</strong></span> <span class='ocrx_word' id='word_1_239' title='bbox 1087 928 1279 956; x_wconf 83' lang='lat' dir='ltr'><strong>Autirrheticls</strong></span> <span class='ocrx_word' id='word_1_240' title='bbox 1305 927 1355 963; x_wconf 81' lang='lat' dir='ltr'><strong>(i).</strong></span> <span class='ocrx_word' id='word_1_241' title='bbox 1386 926 1444 963; x_wconf 88' lang='lat' dir='ltr'><strong>Ipse</strong></span> <span class='ocrx_word' id='word_1_242' title='bbox 1473 927 1499 955; x_wconf 89' lang='lat' dir='ltr'><strong>in</strong></span> <span class='ocrx_word' id='word_1_243' title='bbox 1534 928 1638 965; x_wconf 78' lang='lat' dir='ltr'><strong>dialogo</strong></span> <span class='ocrx_word' id='word_1_244' title='bbox 1668 927 1708 955; x_wconf 83' lang='lat' dir='ltr'><strong>De</strong></span> 
     </span>
    </p>
   </div>
   <div class='ocr_carea' id='block_1_40' title="bbox 922 973 1706 1009">
    <p class='ocr_par' dir='ltr' id='par_1_40' title="bbox 922 973 1706 1009">
     <span class='ocr_line' id='line_1_40' title="bbox 922 973 1706 1009; baseline -0.001 -7"><span class='ocrx_word' id='word_1_245' title='bbox 922 974 1059 1009; x_wconf 75' lang='lat' dir='ltr'><strong>Sapientia</strong></span> <span class='ocrx_word' id='word_1_246' title='bbox 1075 978 1155 1003; x_wconf 89' lang='lat' dir='ltr'><strong>vocat</strong></span> <span class='ocrx_word' id='word_1_247' title='bbox 1171 981 1200 1002; x_wconf 87' lang='lat' dir='ltr'><strong>se</strong></span> <span class='ocrx_word' id='word_1_248' title='bbox 1214 973 1412 1002; x_wconf 87' lang='lat' dir='ltr'><strong>Heracleotam.</strong></span> <span class='ocrx_word' id='word_1_249' title='bbox 1435 973 1605 1002; x_wconf 84' lang='lat' dir='ltr'><strong>Avunculum</strong></span> <span class='ocrx_word' id='word_1_250' title='bbox 1629 979 1706 1002; x_wconf 85' lang='lat' dir='ltr'><strong>certe</strong></span> 
     </span>
    </p>
   </div>
   <div class='ocr_carea' id='block_1_41' title="bbox 922 1019 1705 1055">
    <p class='ocr_par' dir='ltr' id='par_1_41' title="bbox 922 1019 1705 1055">
     <span class='ocr_line' id='line_1_41' title="bbox 922 1019 1705 1055; baseline -0.003 -7"><span class='ocrx_word' id='word_1_251' title='bbox 922 1020 1017 1048; x_wconf 86' lang='lat' dir='ltr'><strong>habuit</strong></span> <span class='ocrx_word' id='word_1_252' title='bbox 1042 1019 1174 1048; x_wconf 83' lang='lat' dir='ltr'><strong>Joannem</strong></span> <span class='ocrx_word' id='word_1_253' title='bbox 1203 1020 1242 1055; x_wconf 69' lang='grc' dir='ltr'><strong>(ἓ)</strong></span> <span class='ocrx_word' id='word_1_254' title='bbox 1277 1019 1421 1048; x_wconf 64' lang='lat' dir='ltr'><strong>Heraclea:</strong></span> <span class='ocrx_word' id='word_1_255' title='bbox 1452 1020 1705 1055; x_wconf 80' lang='lat' dir='ltr'><strong>metropolitanum,</strong></span> 
     </span>
    </p>
   </div>
   <div class='ocr_carea' id='block_1_42' title="bbox 921 1064 1706 1101">
    <p class='ocr_par' dir='ltr' id='par_1_42' title="bbox 921 1064 1706 1101">
     <span class='ocr_line' id='line_1_42' title="bbox 921 1064 1706 1101; baseline -0.003 -7"><span class='ocrx_word' id='word_1_256' title='bbox 921 1066 981 1101; x_wconf 81' lang='lat' dir='ltr'><strong>ejus</strong></span> <span class='ocrx_word' id='word_1_257' title='bbox 993 1065 1107 1099; x_wconf 83' lang='lat' dir='ltr'><strong>scilicet,</strong></span> <span class='ocrx_word' id='word_1_258' title='bbox 1126 1073 1186 1101; x_wconf 62' lang='lat' dir='ltr'><strong>quae</strong></span> <span class='ocrx_word' id='word_1_259' title='bbox 1197 1064 1327 1093; x_wconf 83' lang='lat' dir='ltr'><strong>Heraclea</strong></span> <span class='ocrx_word' id='word_1_260' title='bbox 1340 1065 1421 1093; x_wconf 87' lang='lat' dir='ltr'><strong>Ponti</strong></span> <span class='ocrx_word' id='word_1_261' title='bbox 1435 1065 1536 1093; x_wconf 88' lang='lat' dir='ltr'><strong>dicitur</strong></span> <span class='ocrx_word' id='word_1_262' title='bbox 1557 1069 1585 1093; x_wconf 87' lang='lat' dir='ltr'><strong>et</strong></span> <span class='ocrx_word' id='word_1_263' title='bbox 1598 1065 1649 1092; x_wconf 84' lang='lat' dir='ltr'><strong>sita</strong></span> <span class='ocrx_word' id='word_1_264' title='bbox 1665 1069 1706 1092; x_wconf 85' lang='lat' dir='ltr'><strong>est</strong></span> 
     </span>
    </p>
   </div>
   <div class='ocr_carea' id='block_1_43' title="bbox 921 1110 1706 1147">
    <p class='ocr_par' dir='ltr' id='par_1_43' title="bbox 921 1110 1706 1147">
     <span class='ocr_line' id='line_1_43' title="bbox 921 1110 1706 1147; baseline -0.001 -8"><span class='ocrx_word' id='word_1_265' title='bbox 921 1112 949 1139; x_wconf 91' lang='lat' dir='ltr'><strong>iu</strong></span> <span class='ocrx_word' id='word_1_266' title='bbox 978 1111 1078 1140; x_wconf 81' lang='lat' dir='ltr'><strong>ﬁnibus</strong></span> <span class='ocrx_word' id='word_1_267' title='bbox 1103 1111 1305 1147; x_wconf 66' lang='lat' dir='ltr'><strong>Paphlagonia.</strong></span> <span class='ocrx_word' id='word_1_268' title='bbox 1336 1111 1375 1139; x_wconf 83' lang='lat' dir='ltr'><strong>De</strong></span> <span class='ocrx_word' id='word_1_269' title='bbox 1399 1110 1559 1147; x_wconf 84' lang='lat' dir='ltr'><strong>parentibus</strong></span> <span class='ocrx_word' id='word_1_270' title='bbox 1587 1110 1706 1146; x_wconf 79' lang='lat' dir='ltr'><strong>aliisque</strong></span> 
     </span>
    </p>
   </div>
   <div class='ocr_carea' id='block_1_44' title="bbox 921 1156 1630 1193">
    <p class='ocr_par' dir='ltr' id='par_1_44' title="bbox 921 1156 1630 1193">
     <span class='ocr_line' id='line_1_44' title="bbox 921 1156 1630 1193; baseline -0.003 -8"><span class='ocrx_word' id='word_1_271' title='bbox 921 1158 1044 1193; x_wconf 70' lang='lat' dir='ltr'><strong>cognatis</strong></span> <span class='ocrx_word' id='word_1_272' title='bbox 1059 1157 1127 1185; x_wconf 86' lang='lat' dir='ltr'><strong>nihil</strong></span> <span class='ocrx_word' id='word_1_273' title='bbox 1143 1157 1282 1185; x_wconf 63' lang='lat' dir='ltr'><strong>memoriae</strong></span> <span class='ocrx_word' id='word_1_274' title='bbox 1302 1156 1439 1192; x_wconf 88' lang='lat' dir='ltr'><strong>proditum</strong></span> <span class='ocrx_word' id='word_1_275' title='bbox 1455 1161 1507 1184; x_wconf 85' lang='lat' dir='ltr'><strong>est.</strong></span> <span class='ocrx_word' id='word_1_276' title='bbox 1628 1181 1630 1183; x_wconf 93' lang='lat'><strong>.</strong></span> 
     </span>
    </p>
   </div>
   <div class='ocr_carea' id='block_1_45' title="bbox 958 1202 1705 1238">
    <p class='ocr_par' dir='ltr' id='par_1_45' title="bbox 958 1202 1705 1238">
     <span class='ocr_line' id='line_1_45' title="bbox 958 1202 1705 1238; baseline -0.001 -8"><span class='ocrx_word' id='word_1_277' title='bbox 958 1203 988 1230; x_wconf 93' lang='lat' dir='ltr'><strong>ln</strong></span> <span class='ocrx_word' id='word_1_278' title='bbox 1017 1210 1050 1231; x_wconf 86' lang='lat' dir='ltr'><strong>ea</strong></span> <span class='ocrx_word' id='word_1_279' title='bbox 1077 1203 1146 1230; x_wconf 91' lang='lat' dir='ltr'><strong>urbe</strong></span> <span class='ocrx_word' id='word_1_280' title='bbox 1169 1202 1304 1230; x_wconf 85' lang='lat' dir='ltr'><strong>educatus</strong></span> <span class='ocrx_word' id='word_1_281' title='bbox 1329 1204 1416 1238; x_wconf 88' lang='lat' dir='ltr'><strong>prima</strong></span> <span class='ocrx_word' id='word_1_282' title='bbox 1439 1202 1552 1238; x_wconf 83' lang='lat' dir='ltr'><strong>puerilis</strong></span> <span class='ocrx_word' id='word_1_283' title='bbox 1575 1202 1705 1230; x_wconf 79' lang='lat' dir='ltr'><strong>doctrinae</strong></span> 
     </span>
    </p>
   </div>
   <div class='ocr_carea' id='block_1_46' title="bbox 920 1249 1707 1283">
    <p class='ocr_par' dir='ltr' id='par_1_46' title="bbox 920 1249 1707 1283">
     <span class='ocr_line' id='line_1_46' title="bbox 920 1249 1707 1283; baseline -0.003 -7"><span class='ocrx_word' id='word_1_284' title='bbox 920 1249 1073 1277; x_wconf 88' lang='lat' dir='ltr'><strong>rudimenta</strong></span> <span class='ocrx_word' id='word_1_285' title='bbox 1085 1250 1136 1276; x_wconf 85' lang='lat' dir='ltr'><strong>sub</strong></span> <span class='ocrx_word' id='word_1_286' title='bbox 1152 1249 1273 1276; x_wconf 82' lang='lat' dir='ltr'><strong>antiStite</strong></span> <span class='ocrx_word' id='word_1_287' title='bbox 1283 1249 1417 1276; x_wconf 85' lang='lat' dir='ltr'><strong>avunculo</strong></span> <span class='ocrx_word' id='word_1_288' title='bbox 1428 1249 1527 1283; x_wconf 88' lang='lat' dir='ltr'><strong>posuit.</strong></span> <span class='ocrx_word' id='word_1_289' title='bbox 1538 1249 1603 1276; x_wconf 88' lang='lat' dir='ltr'><strong>inde</strong></span> <span class='ocrx_word' id='word_1_290' title='bbox 1616 1255 1707 1276; x_wconf 82' lang='lat' dir='ltr'><strong>trans-</strong></span> 
     </span>
    </p>
   </div>
   <div class='ocr_carea' id='block_1_47' title="bbox 920 1294 1702 1330">
    <p class='ocr_par' dir='ltr' id='par_1_47' title="bbox 920 1294 1702 1330">
     <span class='ocr_line' id='line_1_47' title="bbox 920 1294 1702 1330; baseline -0.001 -7"><span class='ocrx_word' id='word_1_291' title='bbox 920 1296 1002 1330; x_wconf 69' lang='lat' dir='ltr'><strong>latus:</strong></span> <span class='ocrx_word' id='word_1_292' title='bbox 1012 1295 1167 1330; x_wconf 86' lang='lat' dir='ltr'><strong>Byzantium</strong></span> <span class='ocrx_word' id='word_1_293' title='bbox 1183 1294 1221 1330; x_wconf 76' lang='lat'><strong>(3)</strong></span> <span class='ocrx_word' id='word_1_294' title='bbox 1243 1295 1354 1322; x_wconf 82' lang='lat' dir='ltr'><strong>tradidit</strong></span> <span class='ocrx_word' id='word_1_295' title='bbox 1373 1295 1443 1323; x_wconf 87' lang='lat' dir='ltr'><strong>sein</strong></span> <span class='ocrx_word' id='word_1_296' title='bbox 1456 1295 1628 1330; x_wconf 86' lang='lat' dir='ltr'><strong>disciplinam</strong></span> <span class='ocrx_word' id='word_1_297' title='bbox 1653 1303 1702 1330; x_wconf 87' lang='lat' dir='ltr'><strong>pa-</strong></span> 
     </span>
    </p>
   </div>
   <div class='ocr_carea' id='block_1_48' title="bbox 920 1340 1707 1377">
    <p class='ocr_par' dir='ltr' id='par_1_48' title="bbox 920 1340 1707 1377">
     <span class='ocr_line' id='line_1_48' title="bbox 920 1340 1707 1377; baseline 0 -8"><span class='ocrx_word' id='word_1_298' title='bbox 920 1341 1049 1369; x_wconf 83' lang='lat' dir='ltr'><strong>triarchae</strong></span> <span class='ocrx_word' id='word_1_299' title='bbox 1061 1340 1175 1369; x_wconf 84' lang='lat' dir='ltr'><strong>Joannis</strong></span> <span class='ocrx_word' id='word_1_300' title='bbox 1191 1341 1316 1377; x_wconf 80' lang='lat' dir='ltr'><strong>Glyceos,</strong></span> <span class='ocrx_word' id='word_1_301' title='bbox 1332 1341 1379 1376; x_wconf 86' lang='lat' dir='ltr'><strong>qui</strong></span> <span class='ocrx_word' id='word_1_302' title='bbox 1392 1342 1464 1377; x_wconf 87' lang='lat' dir='ltr'><strong>apud</strong></span> <span class='ocrx_word' id='word_1_303' title='bbox 1486 1341 1558 1369; x_wconf 82' lang='lat' dir='ltr'><strong>illius</strong></span> <span class='ocrx_word' id='word_1_304' title='bbox 1583 1342 1645 1369; x_wconf 76' lang='lat' dir='ltr'><strong>:evi&#39;</strong></span> <span class='ocrx_word' id='word_1_305' title='bbox 1657 1341 1707 1369; x_wconf 86' lang='lat' dir='ltr'><strong>ho-</strong></span> 
     </span>
    </p>
   </div>
   <div class='ocr_carea' id='block_1_49' title="bbox 920 1386 1705 1423">
    <p class='ocr_par' dir='ltr' id='par_1_49' title="bbox 920 1386 1705 1423">
     <span class='ocr_line' id='line_1_49' title="bbox 920 1386 1705 1423; baseline -0.003 -7"><span class='ocrx_word' id='word_1_306' title='bbox 920 1388 1009 1416; x_wconf 78' lang='lat' dir='ltr'><strong>mines</strong></span> <span class='ocrx_word' id='word_1_307' title='bbox 1020 1387 1219 1417; x_wconf 84' lang='lat' dir='ltr'><strong>disertissimus</strong></span> <span class='ocrx_word' id='word_1_308' title='bbox 1234 1386 1365 1416; x_wconf 72' lang='lat' dir='ltr'><strong>eLAttici</strong></span> <span class='ocrx_word' id='word_1_309' title='bbox 1375 1388 1509 1416; x_wconf 86' lang='lat' dir='ltr'><strong>sermonis</strong></span> <span class='ocrx_word' id='word_1_310' title='bbox 1521 1388 1705 1423; x_wconf 83' lang='lat' dir='ltr'><strong>peritissimus</strong></span> 
     </span>
    </p>
   </div>
   <div class='ocr_carea' id='block_1_50' title="bbox 920 1433 1707 1470">
    <p class='ocr_par' dir='ltr' id='par_1_50' title="bbox 920 1433 1707 1470">
     <span class='ocr_line' id='line_1_50' title="bbox 920 1433 1707 1470; baseline -0.003 -8"><span class='ocrx_word' id='word_1_311' title='bbox 920 1434 1074 1462; x_wconf 85' lang='lat' dir='ltr'><strong>habebatur</strong></span> <span class='ocrx_word' id='word_1_312' title='bbox 1088 1434 1137 1470; x_wconf 73' lang='grc'><strong>(4).</strong></span> <span class='ocrx_word' id='word_1_313' title='bbox 1157 1433 1222 1468; x_wconf 76' lang='lat' dir='ltr'><strong>Eius</strong></span> <span class='ocrx_word' id='word_1_314' title='bbox 1235 1438 1327 1462; x_wconf 85' lang='lat' dir='ltr'><strong>autem</strong></span> <span class='ocrx_word' id='word_1_315' title='bbox 1345 1433 1484 1469; x_wconf 86' lang='lat' dir='ltr'><strong>pontificis</strong></span> <span class='ocrx_word' id='word_1_316' title='bbox 1505 1434 1707 1462; x_wconf 80' lang='lat' dir='ltr'><strong>consuetudine</strong></span> 
     </span>
    </p>
   </div>
   <div class='ocr_carea' id='block_1_51' title="bbox 919 1478 1706 1515">
    <p class='ocr_par' dir='ltr' id='par_1_51' title="bbox 919 1478 1706 1515">
     <span class='ocr_line' id='line_1_51' title="bbox 919 1478 1706 1515; baseline -0.001 -9"><span class='ocrx_word' id='word_1_317' title='bbox 919 1479 1060 1507; x_wconf 86' lang='lat' dir='ltr'><strong>studiosus</strong></span> <span class='ocrx_word' id='word_1_318' title='bbox 1085 1479 1194 1514; x_wconf 83' lang='lat' dir='ltr'><strong>juvenis</strong></span> <span class='ocrx_word' id='word_1_319' title='bbox 1212 1479 1252 1515; x_wconf 86' lang='lat'><strong>(5)</strong></span> <span class='ocrx_word' id='word_1_320' title='bbox 1278 1482 1423 1514; x_wconf 63' lang='lat' dir='ltr'><strong>tantopere</strong></span> <span class='ocrx_word' id='word_1_321' title='bbox 1447 1478 1646 1511; x_wconf 84' lang='lat' dir='ltr'><strong>delectabatur,</strong></span> <span class='ocrx_word' id='word_1_322' title='bbox 1676 1484 1706 1506; x_wconf 88' lang='lat' dir='ltr'><strong>ut</strong></span> 
     </span>
    </p>
   </div>
   <div class='ocr_carea' id='block_1_52' title="bbox 919 1522 1704 1559">
    <p class='ocr_par' dir='ltr' id='par_1_52' title="bbox 919 1522 1704 1559">
     <span class='ocr_line' id='line_1_52' title="bbox 919 1522 1704 1559; baseline -0.001 -8"><span class='ocrx_word' id='word_1_323' title='bbox 919 1525 967 1552; x_wconf 92' lang='lat' dir='ltr'><strong>diu</strong></span> <span class='ocrx_word' id='word_1_324' title='bbox 980 1529 1116 1558; x_wconf 87' lang='lat' dir='ltr'><strong>noctuque</strong></span> <span class='ocrx_word' id='word_1_325' title='bbox 1130 1524 1163 1551; x_wconf 90' lang='lat' dir='ltr'><strong>ab</strong></span> <span class='ocrx_word' id='word_1_326' title='bbox 1175 1523 1249 1552; x_wconf 90' lang='lat' dir='ltr'><strong>illius</strong></span> <span class='ocrx_word' id='word_1_327' title='bbox 1263 1531 1311 1551; x_wconf 88' lang='lat' dir='ltr'><strong>ore</strong></span> <span class='ocrx_word' id='word_1_328' title='bbox 1323 1524 1466 1559; x_wconf 87' lang='lat' dir='ltr'><strong>penderet.</strong></span> <span class='ocrx_word' id='word_1_329' title='bbox 1498 1522 1626 1552; x_wconf 76' lang='lat' dir='ltr'><strong>Vicissim</strong></span> <span class='ocrx_word' id='word_1_330' title='bbox 1653 1523 1704 1559; x_wconf 88' lang='lat' dir='ltr'><strong>ipsi</strong></span> 
     </span>
    </p>
   </div>
   <div class='ocr_carea' id='block_1_53' title="bbox 920 1570 1706 1606">
    <p class='ocr_par' dir='ltr' id='par_1_53' title="bbox 920 1570 1706 1606">
     <span class='ocr_line' id='line_1_53' title="bbox 920 1570 1706 1606; baseline -0.003 -8"><span class='ocrx_word' id='word_1_331' title='bbox 920 1570 1083 1606; x_wconf 75' lang='lat' dir='ltr'><strong>patriarchae</strong></span> <span class='ocrx_word' id='word_1_332' title='bbox 1114 1570 1154 1598; x_wconf 84' lang='lat' dir='ltr'><strong>sic</strong></span> <span class='ocrx_word' id='word_1_333' title='bbox 1180 1570 1307 1605; x_wconf 82' lang='lat' dir='ltr'><strong>discipuli</strong></span> <span class='ocrx_word' id='word_1_334' title='bbox 1332 1570 1410 1598; x_wconf 86' lang='lat' dir='ltr'><strong>stilus</strong></span> <span class='ocrx_word' id='word_1_335' title='bbox 1432 1570 1568 1606; x_wconf 80' lang='lat' dir='ltr'><strong>placebat.</strong></span> <span class='ocrx_word' id='word_1_336' title='bbox 1584 1574 1614 1597; x_wconf 90' lang='lat' dir='ltr'><strong>ut</strong></span> <span class='ocrx_word' id='word_1_337' title='bbox 1629 1578 1706 1603; x_wconf 87' lang='lat' dir='ltr'><strong>eum,</strong></span> 
     </span>
    </p>
   </div>
   <div class='ocr_carea' id='block_1_54' title="bbox 919 1615 1704 1652">
    <p class='ocr_par' dir='ltr' id='par_1_54' title="bbox 919 1615 1704 1652">
     <span class='ocr_line' id='line_1_54' title="bbox 919 1615 1704 1652; baseline -0.001 -8"><span class='ocrx_word' id='word_1_338' title='bbox 919 1617 1001 1652; x_wconf 77' lang='lat' dir='ltr'><strong>longo</strong></span> <span class='ocrx_word' id='word_1_339' title='bbox 1035 1617 1131 1645; x_wconf 87' lang='lat' dir='ltr'><strong>morbo</strong></span> <span class='ocrx_word' id='word_1_340' title='bbox 1156 1616 1316 1645; x_wconf 84' lang='lat' dir='ltr'><strong>debilitatus</strong></span> <span class='ocrx_word' id='word_1_341' title='bbox 1338 1616 1396 1651; x_wconf 78' lang='grc' dir='ltr'><strong>(ὃ),</strong></span> <span class='ocrx_word' id='word_1_342' title='bbox 1426 1620 1620 1644; x_wconf 84' lang='lat' dir='ltr'><strong>testamentum</strong></span> <span class='ocrx_word' id='word_1_343' title='bbox 1650 1615 1704 1643; x_wconf 90' lang='lat' dir='ltr'><strong>sibi</strong></span> 
     </span>
    </p>
   </div>
   <div class='ocr_carea' id='block_1_55' title="bbox 920 1662 1442 1698">
    <p class='ocr_par' dir='ltr' id='par_1_55' title="bbox 920 1662 1442 1698">
     <span class='ocr_line' id='line_1_55' title="bbox 920 1662 1442 1698; baseline -0.004 -8"><span class='ocrx_word' id='word_1_344' title='bbox 920 1663 1041 1691; x_wconf 83' lang='lat' dir='ltr'><strong>scribere</strong></span> <span class='ocrx_word' id='word_1_345' title='bbox 1051 1667 1079 1690; x_wconf 88' lang='lat' dir='ltr'><strong>et</strong></span> <span class='ocrx_word' id='word_1_346' title='bbox 1094 1669 1258 1698; x_wconf 90' lang='lat' dir='ltr'><strong>componere</strong></span> <span class='ocrx_word' id='word_1_347' title='bbox 1267 1662 1382 1696; x_wconf 87' lang='lat' dir='ltr'><strong>jusserit</strong></span> <span class='ocrx_word' id='word_1_348' title='bbox 1392 1662 1442 1698; x_wconf 86' lang='lat'><strong>(7).</strong></span> 
     </span>
    </p>
   </div>
   <div class='ocr_carea' id='block_1_56' title="bbox 956 1707 1706 1743">
    <p class='ocr_par' dir='ltr' id='par_1_56' title="bbox 956 1707 1706 1743">
     <span class='ocr_line' id='line_1_56' title="bbox 956 1707 1706 1743; baseline -0.001 -7"><span class='ocrx_word' id='word_1_349' title='bbox 956 1708 992 1736; x_wconf 85' lang='lat' dir='ltr'><strong>Ut</strong></span> <span class='ocrx_word' id='word_1_350' title='bbox 1007 1708 1034 1736; x_wconf 94' lang='lat' dir='ltr'><strong>in</strong></span> <span class='ocrx_word' id='word_1_351' title='bbox 1048 1709 1193 1736; x_wconf 88' lang='lat' dir='ltr'><strong>rhetoricis</strong></span> <span class='ocrx_word' id='word_1_352' title='bbox 1207 1708 1400 1743; x_wconf 88' lang='lat' dir='ltr'><strong>patriarcbam,</strong></span> <span class='ocrx_word' id='word_1_353' title='bbox 1417 1708 1454 1735; x_wconf 88' lang='lat' dir='ltr'><strong>ita</strong></span> <span class='ocrx_word' id='word_1_354' title='bbox 1473 1708 1499 1735; x_wconf 90' lang='lat' dir='ltr'><strong>in</strong></span> <span class='ocrx_word' id='word_1_355' title='bbox 1513 1707 1706 1736; x_wconf 86' lang='lat' dir='ltr'><strong>astronomicis</strong></span> 
     </span>
    </p>
   </div>
   <div class='ocr_carea' id='block_1_57' title="bbox 920 1753 1703 1791">
    <p class='ocr_par' dir='ltr' id='par_1_57' title="bbox 920 1753 1703 1791">
     <span class='ocr_line' id='line_1_57' title="bbox 920 1753 1703 1791; baseline -0.001 -9"><span class='ocrx_word' id='word_1_356' title='bbox 920 1762 1048 1791; x_wconf 78' lang='lat' dir='ltr'><strong>magnum</strong></span> <span class='ocrx_word' id='word_1_357' title='bbox 1060 1754 1226 1789; x_wconf 83' lang='lat' dir='ltr'><strong>logotbetam</strong></span> <span class='ocrx_word' id='word_1_358' title='bbox 1239 1754 1397 1789; x_wconf 81' lang='lat' dir='ltr'><strong>magistrum</strong></span> <span class='ocrx_word' id='word_1_359' title='bbox 1407 1754 1584 1782; x_wconf 77' lang='lat' dir='ltr'><strong>excellentem</strong></span> <span class='ocrx_word' id='word_1_360' title='bbox 1597 1753 1703 1782; x_wconf 78' lang='lat' dir='ltr'><strong>imbuit.</strong></span> 
     </span>
    </p>
   </div>
   <div class='ocr_carea' id='block_1_58' title="bbox 921 1800 1701 1836">
    <p class='ocr_par' dir='ltr' id='par_1_58' title="bbox 921 1800 1701 1836">
     <span class='ocr_line' id='line_1_58' title="bbox 921 1800 1701 1836; baseline -0.001 -8"><span class='ocrx_word' id='word_1_361' title='bbox 921 1800 1018 1828; x_wconf 85' lang='lat' dir='ltr'><strong>Eratis</strong></span> <span class='ocrx_word' id='word_1_362' title='bbox 1030 1800 1190 1828; x_wconf 88' lang='lat' dir='ltr'><strong>Theodorus</strong></span> <span class='ocrx_word' id='word_1_363' title='bbox 1208 1800 1370 1828; x_wconf 84' lang='lat' dir='ltr'><strong>Metochites</strong></span> <span class='ocrx_word' id='word_1_364' title='bbox 1386 1809 1393 1828; x_wconf 90' lang='lat'>:</span> <span class='ocrx_word' id='word_1_365' title='bbox 1409 1800 1456 1836; x_wconf 90' lang='lat' dir='ltr'><strong>qui</strong></span> <span class='ocrx_word' id='word_1_366' title='bbox 1472 1800 1582 1836; x_wconf 85' lang='lat' dir='ltr'><strong>quidem</strong></span> <span class='ocrx_word' id='word_1_367' title='bbox 1611 1800 1701 1833; x_wconf 84' lang='lat' dir='ltr'><strong>initio,</strong></span> 
     </span>
    </p>
   </div>
   <div class='ocr_carea' id='block_1_59' title="bbox 919 1846 1704 1883">
    <p class='ocr_par' dir='ltr' id='par_1_59' title="bbox 919 1846 1704 1883">
     <span class='ocr_line' id='line_1_59' title="bbox 919 1846 1704 1883; baseline -0.003 -9"><span class='ocrx_word' id='word_1_368' title='bbox 919 1847 979 1874; x_wconf 83' lang='lat' dir='ltr'><strong>sive</strong></span> <span class='ocrx_word' id='word_1_369' title='bbox 996 1847 1124 1882; x_wconf 78' lang='lat' dir='ltr'><strong>Gregorze</strong></span> <span class='ocrx_word' id='word_1_370' title='bbox 1140 1846 1322 1875; x_wconf 87' lang='lat' dir='ltr'><strong>adolescentis</strong></span> <span class='ocrx_word' id='word_1_371' title='bbox 1337 1846 1478 1883; x_wconf 79' lang='lat' dir='ltr'><strong>ingenium</strong></span> <span class='ocrx_word' id='word_1_372' title='bbox 1504 1846 1625 1874; x_wconf 86' lang='lat' dir='ltr'><strong>nondum</strong></span> <span class='ocrx_word' id='word_1_373' title='bbox 1639 1854 1704 1882; x_wconf 84' lang='lat' dir='ltr'><strong>pcr-</strong></span> 
     </span>
    </p>
   </div>
   <div class='ocr_carea' id='block_1_60' title="bbox 919 1893 1702 1929">
    <p class='ocr_par' dir='ltr' id='par_1_60' title="bbox 919 1893 1702 1929">
     <span class='ocr_line' id='line_1_60' title="bbox 919 1893 1702 1929; baseline 0 -8"><span class='ocrx_word' id='word_1_374' title='bbox 919 1899 1045 1926; x_wconf 86' lang='lat' dir='ltr'><strong>noverat,</strong></span> <span class='ocrx_word' id='word_1_375' title='bbox 1059 1894 1116 1921; x_wconf 88' lang='lat' dir='ltr'><strong>sive</strong></span> <span class='ocrx_word' id='word_1_376' title='bbox 1129 1901 1229 1921; x_wconf 82' lang='lat' dir='ltr'><strong>arcana</strong></span> <span class='ocrx_word' id='word_1_377' title='bbox 1246 1893 1423 1921; x_wconf 88' lang='lat' dir='ltr'><strong>scientiarum</strong></span> <span class='ocrx_word' id='word_1_378' title='bbox 1439 1897 1543 1921; x_wconf 88' lang='lat' dir='ltr'><strong>temere</strong></span> <span class='ocrx_word' id='word_1_379' title='bbox 1566 1893 1702 1929; x_wconf 78' lang='lat' dir='ltr'><strong>divulgari</strong></span> 
     </span>
    </p>
   </div>
   <div class='ocr_carea' id='block_1_61' title="bbox 919 1940 1703 1976">
    <p class='ocr_par' dir='ltr' id='par_1_61' title="bbox 919 1940 1703 1976">
     <span class='ocr_line' id='line_1_61' title="bbox 919 1940 1703 1976; baseline 0.003 -8"><span class='ocrx_word' id='word_1_380' title='bbox 919 1941 997 1968; x_wconf 85' lang='lat' dir='ltr'><strong>nefas</strong></span> <span class='ocrx_word' id='word_1_381' title='bbox 1010 1941 1133 1976; x_wconf 84' lang='lat' dir='ltr'><strong>putabat,</strong></span> <span class='ocrx_word' id='word_1_382' title='bbox 1149 1940 1257 1976; x_wconf 86' lang='lat' dir='ltr'><strong>parcius</strong></span> <span class='ocrx_word' id='word_1_383' title='bbox 1278 1949 1340 1968; x_wconf 92' lang='lat' dir='ltr'><strong>cum</strong></span> <span class='ocrx_word' id='word_1_384' title='bbox 1359 1949 1392 1969; x_wconf 90' lang='lat' dir='ltr'><strong>eo</strong></span> <span class='ocrx_word' id='word_1_385' title='bbox 1408 1940 1626 1976; x_wconf 87' lang='lat' dir='ltr'><strong>colloquebatur,</strong></span> <span class='ocrx_word' id='word_1_386' title='bbox 1650 1950 1703 1971; x_wconf 87' lang='lat' dir='ltr'><strong>nec</strong></span> 
     </span>
    </p>
   </div>
   <div class='ocr_carea' id='block_1_62' title="bbox 920 1986 1702 2022">
    <p class='ocr_par' dir='ltr' id='par_1_62' title="bbox 920 1986 1702 2022">
     <span class='ocr_line' id='line_1_62' title="bbox 920 1986 1702 2022; baseline 0.004 -9"><span class='ocrx_word' id='word_1_387' title='bbox 920 1994 1012 2014; x_wconf 86' lang='lat' dir='ltr'><strong>rerum</strong></span> <span class='ocrx_word' id='word_1_388' title='bbox 1036 1986 1219 2022; x_wconf 76' lang='lat' dir='ltr'><strong>cognitionem</strong></span> <span class='ocrx_word' id='word_1_389' title='bbox 1244 1987 1376 2022; x_wconf 80' lang='lat' dir='ltr'><strong>integram</strong></span> <span class='ocrx_word' id='word_1_390' title='bbox 1413 1986 1438 2014; x_wconf 90' lang='lat' dir='ltr'><strong>ci</strong></span> <span class='ocrx_word' id='word_1_391' title='bbox 1472 1987 1702 2016; x_wconf 89' lang='lat' dir='ltr'><strong>communicabat.</strong></span> 
     </span>
    </p>
   </div>
   <div class='ocr_carea' id='block_1_63' title="bbox 920 2033 1701 2068">
    <p class='ocr_par' dir='ltr' id='par_1_63' title="bbox 920 2033 1701 2068">
     <span class='ocr_line' id='line_1_63' title="bbox 920 2033 1701 2068; baseline 0.004 -9"><span class='ocrx_word' id='word_1_392' title='bbox 920 2033 1023 2060; x_wconf 86' lang='lat' dir='ltr'><strong>Deinde</strong></span> <span class='ocrx_word' id='word_1_393' title='bbox 1039 2033 1127 2060; x_wconf 84' lang='lat' dir='ltr'><strong>enixis</strong></span> <span class='ocrx_word' id='word_1_394' title='bbox 1145 2033 1270 2067; x_wconf 83' lang='lat' dir='ltr'><strong>precibus</strong></span> <span class='ocrx_word' id='word_1_395' title='bbox 1289 2037 1316 2061; x_wconf 88' lang='lat' dir='ltr'><strong>et</strong></span> <span class='ocrx_word' id='word_1_396' title='bbox 1329 2033 1363 2060; x_wconf 89' lang='lat' dir='ltr'><strong>ad</strong></span> <span class='ocrx_word' id='word_1_397' title='bbox 1383 2034 1602 2068; x_wconf 85' lang='lat' dir='ltr'><strong>persuadendum</strong></span> <span class='ocrx_word' id='word_1_398' title='bbox 1624 2042 1701 2062; x_wconf 89' lang='lat' dir='ltr'><strong>com-</strong></span> 
     </span>
    </p>
   </div>
   <div class='ocr_carea' id='block_1_64' title="bbox 919 2076 1704 2114">
    <p class='ocr_par' dir='ltr' id='par_1_64' title="bbox 919 2076 1704 2114">
     <span class='ocr_line' id='line_1_64' title="bbox 919 2076 1704 2114; baseline 0.005 -9"><span class='ocrx_word' id='word_1_399' title='bbox 919 2078 1007 2114; x_wconf 89' lang='lat' dir='ltr'><strong>posita</strong></span> <span class='ocrx_word' id='word_1_400' title='bbox 1021 2079 1143 2114; x_wconf 85' lang='lat' dir='ltr'><strong>ejusdem</strong></span> <span class='ocrx_word' id='word_1_401' title='bbox 1154 2076 1280 2114; x_wconf 68' lang='lat' dir='ltr'><strong>oratione</strong></span> <span class='ocrx_word' id='word_1_402' title='bbox 1293 2079 1382 2107; x_wconf 89' lang='lat' dir='ltr'><strong>victus</strong></span> <span class='ocrx_word' id='word_1_403' title='bbox 1392 2080 1511 2114; x_wconf 84' lang='lat' dir='ltr'><strong>perfecte</strong></span> <span class='ocrx_word' id='word_1_404' title='bbox 1523 2085 1550 2108; x_wconf 87' lang='lat' dir='ltr'><strong>et</strong></span> <span class='ocrx_word' id='word_1_405' title='bbox 1566 2081 1704 2109; x_wconf 84' lang='lat' dir='ltr'><strong>cumulate</strong></span> 
     </span>
    </p>
   </div>
   <div class='ocr_carea' id='block_1_65' title="bbox 919 2124 1700 2161">
    <p class='ocr_par' dir='ltr' id='par_1_65' title="bbox 919 2124 1700 2161">
     <span class='ocr_line' id='line_1_65' title="bbox 919 2124 1700 2161; baseline 0.003 -9"><span class='ocrx_word' id='word_1_406' title='bbox 919 2124 944 2152; x_wconf 86' lang='lat' dir='ltr'><strong>ei</strong></span> <span class='ocrx_word' id='word_1_407' title='bbox 967 2125 1059 2152; x_wconf 86' lang='lat' dir='ltr'><strong>omnia</strong></span> <span class='ocrx_word' id='word_1_408' title='bbox 1089 2125 1236 2152; x_wconf 75' lang='lat' dir='ltr'><strong>recondita:</strong></span> <span class='ocrx_word' id='word_1_409' title='bbox 1262 2125 1331 2152; x_wconf 89' lang='lat' dir='ltr'><strong>artis</strong></span> <span class='ocrx_word' id='word_1_410' title='bbox 1353 2130 1489 2160; x_wconf 60' lang='lat' dir='ltr'><strong>praecepta</strong></span> <span class='ocrx_word' id='word_1_411' title='bbox 1517 2126 1628 2154; x_wconf 88' lang='lat' dir='ltr'><strong>tradidit</strong></span> <span class='ocrx_word' id='word_1_412' title='bbox 1649 2126 1700 2161; x_wconf 88' lang='lat'><strong>(8).</strong></span> 
     </span>
    </p>
   </div>
   <div class='ocr_carea' id='block_1_66' title="bbox 919 2168 1700 2204">
    <p class='ocr_par' dir='ltr' id='par_1_66' title="bbox 919 2168 1700 2204">
     <span class='ocr_line' id='line_1_66' title="bbox 919 2168 1700 2204; baseline 0.001 -7"><span class='ocrx_word' id='word_1_413' title='bbox 919 2168 990 2204; x_wconf 81' lang='lat' dir='ltr'><strong>Quin</strong></span> <span class='ocrx_word' id='word_1_414' title='bbox 1013 2175 1041 2198; x_wconf 79' lang='lat' dir='ltr'><strong>et</strong></span> <span class='ocrx_word' id='word_1_415' title='bbox 1056 2177 1118 2198; x_wconf 89' lang='lat' dir='ltr'><strong>eum</strong></span> <span class='ocrx_word' id='word_1_416' title='bbox 1135 2170 1267 2198; x_wconf 69' lang='lat' dir='ltr'><strong>doctrina:</strong></span> <span class='ocrx_word' id='word_1_417' title='bbox 1289 2170 1427 2198; x_wconf 83' lang='lat' dir='ltr'><strong>haeredem</strong></span> <span class='ocrx_word' id='word_1_418' title='bbox 1451 2179 1464 2197; x_wconf 91' lang='lat' dir='ltr'><strong>a</strong></span> <span class='ocrx_word' id='word_1_419' title='bbox 1488 2178 1519 2198; x_wconf 79' lang='lat' dir='ltr'><strong>se</strong></span> <span class='ocrx_word' id='word_1_420' title='bbox 1545 2172 1700 2198; x_wconf 84' lang='lat' dir='ltr'><strong>institutum</strong></span> 
     </span>
    </p>
   </div>
   <div class='ocr_carea' id='block_1_67' title="bbox 85 2216 1699 2254">
    <p class='ocr_par' dir='ltr' id='par_1_67' title="bbox 85 2216 1699 2254">
     <span class='ocr_line' id='line_1_67' title="bbox 85 2216 1699 2254; baseline -0.001 -9"><span class='ocrx_word' id='word_1_421' title='bbox 85 2222 195 2245; x_wconf 86' lang='lat' dir='ltr'><strong>tuorum</strong></span> <span class='ocrx_word' id='word_1_422' title='bbox 231 2225 294 2254; x_wconf 77' lang='lat' dir='ltr'><strong>erga</strong></span> <span class='ocrx_word' id='word_1_423' title='bbox 321 2225 366 2244; x_wconf 83' lang='lat' dir='ltr'><strong>me</strong></span> <span class='ocrx_word' id='word_1_424' title='bbox 392 2217 550 2245; x_wconf 76' lang='lat' dir='ltr'><strong>meritorum</strong></span> <span class='ocrx_word' id='word_1_425' title='bbox 580 2217 794 2251; x_wconf 71' lang='lat' dir='ltr'><strong>magnitudinem</strong></span> <span class='ocrx_word' id='word_1_426' title='bbox 828 2217 903 2254; x_wconf 83' lang='lat' dir='ltr'><strong>sicc</strong></span> <span class='ocrx_word' id='word_1_427' title='bbox 919 2217 1075 2252; x_wconf 73' lang='lat' dir='ltr'><strong>prmdicavit</strong></span> <span class='ocrx_word' id='word_1_428' title='bbox 1095 2223 1148 2244; x_wconf 89' lang='lat' dir='ltr'><strong>non</strong></span> <span class='ocrx_word' id='word_1_429' title='bbox 1176 2216 1261 2244; x_wconf 83' lang='lat' dir='ltr'><strong>semel</strong></span> <span class='ocrx_word' id='word_1_430' title='bbox 1277 2216 1332 2251; x_wconf 89' lang='lat'><strong>(9);</strong></span> <span class='ocrx_word' id='word_1_431' title='bbox 1365 2217 1446 2251; x_wconf 85' lang='lat' dir='ltr'><strong>idque</strong></span> <span class='ocrx_word' id='word_1_432' title='bbox 1462 2216 1490 2243; x_wconf 88' lang='lat' dir='ltr'><strong>in</strong></span> <span class='ocrx_word' id='word_1_433' title='bbox 1508 2216 1542 2244; x_wconf 90' lang='lat' dir='ltr'><strong>iis</strong></span> <span class='ocrx_word' id='word_1_434' title='bbox 1564 2217 1699 2250; x_wconf 81' lang='lat' dir='ltr'><strong>versibus,</strong></span> 
     </span>
    </p>
   </div>
   <div class='ocr_carea' id='block_1_68' title="bbox 84 2262 869 2300">
    <p class='ocr_par' dir='ltr' id='par_1_68' title="bbox 84 2262 869 2300">
     <span class='ocr_line' id='line_1_68' title="bbox 84 2262 869 2300; baseline -0.004 -8"><span class='ocrx_word' id='word_1_435' title='bbox 84 2265 190 2300; x_wconf 71' lang='lat' dir='ltr'><strong>ignoro.</strong></span> <span class='ocrx_word' id='word_1_436' title='bbox 207 2268 237 2291; x_wconf 92' lang='lat' dir='ltr'><strong>ut</strong></span> <span class='ocrx_word' id='word_1_437' title='bbox 253 2271 333 2299; x_wconf 87' lang='lat' dir='ltr'><strong>pares</strong></span> <span class='ocrx_word' id='word_1_438' title='bbox 350 2270 470 2298; x_wconf 87' lang='lat' dir='ltr'><strong>unquam</strong></span> <span class='ocrx_word' id='word_1_439' title='bbox 485 2262 627 2291; x_wconf 83' lang='lat' dir='ltr'><strong>beneficiis</strong></span> <span class='ocrx_word' id='word_1_440' title='bbox 651 2263 752 2298; x_wconf 80' lang='lat' dir='ltr'><strong>gratias</strong></span> <span class='ocrx_word' id='word_1_441' title='bbox 768 2262 869 2290; x_wconf 84' lang='lat' dir='ltr'><strong>relatu-</strong></span> 
     </span>
    </p>
   </div>
   <div class='ocr_carea' id='block_1_69' title="bbox 85 2311 456 2340">
    <p class='ocr_par' dir='ltr' id='par_1_69' title="bbox 85 2311 456 2340">
     <span class='ocr_line' id='line_1_69' title="bbox 85 2311 456 2340; baseline -0.008 0"><span class='ocrx_word' id='word_1_442' title='bbox 85 2319 146 2340; x_wconf 85' lang='lat' dir='ltr'><strong>rum</strong></span> <span class='ocrx_word' id='word_1_443' title='bbox 170 2318 215 2338; x_wconf 90' lang='lat' dir='ltr'><strong>me</strong></span> <span class='ocrx_word' id='word_1_444' title='bbox 232 2312 293 2339; x_wconf 75' lang='lat' dir='ltr'><strong>es‘Se</strong></span> <span class='ocrx_word' id='word_1_445' title='bbox 311 2311 456 2338; x_wconf 83' lang='lat' dir='ltr'><strong>conﬁdam.</strong></span> 
     </span>
    </p>
   </div>
   <div class='ocr_carea' id='block_1_70' title="bbox 69 2354 866 2391">
    <p class='ocr_par' dir='ltr' id='par_1_70' title="bbox 69 2354 866 2391">
     <span class='ocr_line' id='line_1_70' title="bbox 69 2354 866 2391; baseline -0.004 -6"><span class='ocrx_word' id='word_1_446' title='bbox 69 2354 73 2358; x_wconf 60' lang='grc'><strong>⁷</strong></span> <span class='ocrx_word' id='word_1_447' title='bbox 119 2357 235 2385; x_wconf 88' lang='lat' dir='ltr'><strong>Circiter</strong></span> <span class='ocrx_word' id='word_1_448' title='bbox 251 2365 360 2391; x_wconf 81' lang='lat' dir='ltr'><strong>annum</strong></span> <span class='ocrx_word' id='word_1_449' title='bbox 370 2356 474 2384; x_wconf 88' lang='lat' dir='ltr'><strong>Christi</strong></span> <span class='ocrx_word' id='word_1_450' title='bbox 492 2356 571 2388; x_wconf 77' lang='lat' dir='ltr'><strong>I295.</strong></span> <span class='ocrx_word' id='word_1_451' title='bbox 591 2355 745 2391; x_wconf 84' lang='lat' dir='ltr'><strong>imperante</strong></span> <span class='ocrx_word' id='word_1_452' title='bbox 760 2357 866 2384; x_wconf 81' lang='lat' dir='ltr'><strong>Andro-</strong></span> 
     </span>
    </p>
   </div>
   <div class='ocr_carea' id='block_1_71' title="bbox 84 2389 866 2438">
    <p class='ocr_par' dir='ltr' id='par_1_71' title="bbox 84 2389 866 2438">
     <span class='ocr_line' id='line_1_71' title="bbox 84 2389 866 2438; baseline -0.003 -6"><span class='ocrx_word' id='word_1_453' title='bbox 84 2404 147 2432; x_wconf 87' lang='lat' dir='ltr'><strong>nico</strong></span> <span class='ocrx_word' id='word_1_454' title='bbox 161 2389 282 2435; x_wconf 47' lang='lat' dir='ltr'><strong>senioris,</strong></span> <span class='ocrx_word' id='word_1_455' title='bbox 310 2403 480 2438; x_wconf 76' lang='lat' dir='ltr'><strong>Nicephorus</strong></span> <span class='ocrx_word' id='word_1_456' title='bbox 505 2402 639 2437; x_wconf 74' lang='lat' dir='ltr'><strong>Grcgoras</strong></span> <span class='ocrx_word' id='word_1_457' title='bbox 664 2408 745 2430; x_wconf 86' lang='lat' dir='ltr'><strong>natus</strong></span> <span class='ocrx_word' id='word_1_458' title='bbox 772 2406 815 2430; x_wconf 86' lang='lat' dir='ltr'><strong>est</strong></span> <span class='ocrx_word' id='word_1_459' title='bbox 838 2402 866 2430; x_wconf 95' lang='lat' dir='ltr'><strong>in</strong></span> 
     </span>
    </p>
   </div>
   <div class='ocr_carea' id='block_1_72' title="bbox 121 2480 689 2517">
    <p class='ocr_par' dir='ltr' id='par_1_72' title="bbox 121 2480 689 2517">
     <span class='ocr_line' id='line_1_72' title="bbox 121 2480 689 2517; baseline 0 -8"><span class='ocrx_word' id='word_1_460' title='bbox 121 2483 160 2517; x_wconf 94' lang='grc'><strong>(1)</strong></span> <span class='ocrx_word' id='word_1_461' title='bbox 180 2483 241 2511; x_wconf 81' lang='lat' dir='ltr'><strong>Lib.</strong></span> <span class='ocrx_word' id='word_1_462' title='bbox 253 2489 301 2514; x_wconf 83' lang='lat' dir='ltr'><strong>xu,</strong></span> <span class='ocrx_word' id='word_1_463' title='bbox 316 2481 377 2517; x_wconf 79' lang='lat' dir='ltr'><strong>cod.</strong></span> <span class='ocrx_word' id='word_1_464' title='bbox 397 2488 453 2516; x_wconf 75' lang='lat' dir='ltr'><strong>reg.</strong></span> <span class='ocrx_word' id='word_1_465' title='bbox 467 2480 546 2514; x_wconf 78' lang='lat' dir='ltr'><strong>I996,</strong></span> <span class='ocrx_word' id='word_1_466' title='bbox 565 2481 610 2508; x_wconf 87' lang='lat' dir='ltr'><strong>lol.</strong></span> <span class='ocrx_word' id='word_1_467' title='bbox 624 2481 689 2509; x_wconf 73' lang='lat'><strong>285.</strong></span> 
     </span>
    </p>
   </div>
   <div class='ocr_carea' id='block_1_73' title="bbox 119 2516 594 2552">
    <p class='ocr_par' dir='ltr' id='par_1_73' title="bbox 119 2516 594 2552">
     <span class='ocr_line' id='line_1_73' title="bbox 119 2516 594 2552; baseline -0.004 -6"><span class='ocrx_word' id='word_1_468' title='bbox 119 2518 159 2552; x_wconf 80' lang='lat'><strong>(2)</strong></span> <span class='ocrx_word' id='word_1_469' title='bbox 181 2518 314 2551; x_wconf 73' lang='lat' dir='ltr'><strong>Gregoras</strong></span> <span class='ocrx_word' id='word_1_470' title='bbox 325 2516 395 2544; x_wconf 80' lang='lat' dir='ltr'><strong>Hist.</strong></span> <span class='ocrx_word' id='word_1_471' title='bbox 410 2517 457 2543; x_wconf 88' lang='lat' dir='ltr'><strong>lib.</strong></span> <span class='ocrx_word' id='word_1_472' title='bbox 470 2523 507 2548; x_wconf 83' lang='lat' dir='ltr'><strong>rx,</strong></span> <span class='ocrx_word' id='word_1_473' title='bbox 521 2523 546 2543; x_wconf 92' lang='lat' dir='ltr'><strong>c.</strong></span> <span class='ocrx_word' id='word_1_474' title='bbox 566 2518 594 2544; x_wconf 89' lang='grc'>7.</span> 
     </span>
    </p>
   </div>
   <div class='ocr_carea' id='block_1_74' title="bbox 121 2551 462 2587">
    <p class='ocr_par' dir='ltr' id='par_1_74' title="bbox 121 2551 462 2587">
     <span class='ocr_line' id='line_1_74' title="bbox 121 2551 462 2587; baseline -0.009 -6"><span class='ocrx_word' id='word_1_475' title='bbox 121 2554 159 2587; x_wconf 82' lang='grc'><strong>(5)</strong></span> <span class='ocrx_word' id='word_1_476' title='bbox 178 2554 258 2580; x_wconf 84' lang='lat' dir='ltr'><strong>Anno</strong></span> <span class='ocrx_word' id='word_1_477' title='bbox 271 2552 372 2579; x_wconf 83' lang='lat' dir='ltr'><strong>Christi</strong></span> <span class='ocrx_word' id='word_1_478' title='bbox 383 2551 462 2579; x_wconf 75' lang='grc'><strong>1516.</strong></span> 
     </span>
    </p>
   </div>
   <div class='ocr_carea' id='block_1_75' title="bbox 120 2587 864 2625">
    <p class='ocr_par' dir='ltr' id='par_1_75' title="bbox 120 2587 864 2625">
     <span class='ocr_line' id='line_1_75' title="bbox 120 2587 864 2625; baseline -0.003 -9"><span class='ocrx_word' id='word_1_479' title='bbox 120 2590 158 2625; x_wconf 72' lang='grc' dir='ltr'><strong>(ιι)</strong></span> <span class='ocrx_word' id='word_1_480' title='bbox 179 2589 218 2616; x_wconf 84' lang='lat' dir='ltr'><strong>Eo</strong></span> <span class='ocrx_word' id='word_1_481' title='bbox 237 2587 403 2625; x_wconf 71' lang='lat' dir='ltr'><strong>patriarcha.</strong></span> <span class='ocrx_word' id='word_1_482' title='bbox 421 2595 445 2615; x_wconf 67' lang='grc' dir='ltr'><strong>ιι.</strong></span> <span class='ocrx_word' id='word_1_483' title='bbox 462 2588 493 2616; x_wconf 88' lang='lat' dir='ltr'><strong>C.</strong></span> <span class='ocrx_word' id='word_1_484' title='bbox 511 2588 590 2618; x_wconf 76' lang='grc'><strong>1317.</strong></span> <span class='ocrx_word' id='word_1_485' title='bbox 613 2594 674 2614; x_wconf 91' lang='lat' dir='ltr'><strong>cum</strong></span> <span class='ocrx_word' id='word_1_486' title='bbox 691 2587 864 2625; x_wconf 77' lang='lat' dir='ltr'><strong>Andronicus</strong></span> 
     </span>
    </p>
   </div>
   <div class='ocr_carea' id='block_1_76' title="bbox 84 2622 863 2658">
    <p class='ocr_par' dir='ltr' id='par_1_76' title="bbox 84 2622 863 2658">
     <span class='ocr_line' id='line_1_76' title="bbox 84 2622 863 2658; baseline -0.005 -6"><span class='ocrx_word' id='word_1_487' title='bbox 84 2622 233 2658; x_wconf 82' lang='lat' dir='ltr'><strong>imperator</strong></span> <span class='ocrx_word' id='word_1_488' title='bbox 247 2622 392 2658; x_wconf 75' lang='lat' dir='ltr'><strong>Justiniaui</strong></span> <span class='ocrx_word' id='word_1_489' title='bbox 405 2627 698 2656; x_wconf 52' lang='lat' dir='ltr'><strong>statuam&#39;equestrem,</strong></span> <span class='ocrx_word' id='word_1_490' title='bbox 718 2623 790 2649; x_wconf 81' lang='lat' dir='ltr'><strong>venti</strong></span> <span class='ocrx_word' id='word_1_491' title='bbox 812 2623 863 2649; x_wconf 45' lang='lat' dir='ltr'><strong>im-</strong></span> 
     </span>
    </p>
   </div>
   <div class='ocr_carea' id='block_1_77' title="bbox 84 2657 866 2694">
    <p class='ocr_par' dir='ltr' id='par_1_77' title="bbox 84 2657 866 2694">
     <span class='ocr_line' id='line_1_77' title="bbox 84 2657 866 2694; baseline -0.003 -9"><span class='ocrx_word' id='word_1_492' title='bbox 84 2657 149 2694; x_wconf 74' lang='lat' dir='ltr'><strong>potu</strong></span> <span class='ocrx_word' id='word_1_493' title='bbox 161 2662 328 2694; x_wconf 75' lang='lat' dir='ltr'><strong>quassatam.</strong></span> <span class='ocrx_word' id='word_1_494' title='bbox 348 2657 435 2685; x_wconf 83' lang='lat' dir='ltr'><strong>fulciri</strong></span> <span class='ocrx_word' id='word_1_495' title='bbox 450 2663 478 2685; x_wconf 87' lang='lat' dir='ltr'><strong>et</strong></span> <span class='ocrx_word' id='word_1_496' title='bbox 491 2660 644 2686; x_wconf 88' lang='lat' dir='ltr'><strong>columnam</strong></span> <span class='ocrx_word' id='word_1_497' title='bbox 664 2658 747 2691; x_wconf 80' lang='lat' dir='ltr'><strong>ipsum</strong></span> <span class='ocrx_word' id='word_1_498' title='bbox 762 2664 866 2694; x_wconf 79' lang='lat' dir='ltr'><strong>suppo-</strong></span> 
     </span>
    </p>
   </div>
   <div class='ocr_carea' id='block_1_78' title="bbox 84 2692 865 2728">
    <p class='ocr_par' dir='ltr' id='par_1_78' title="bbox 84 2692 865 2728">
     <span class='ocr_line' id='line_1_78' title="bbox 84 2692 865 2728; baseline -0.003 -7"><span class='ocrx_word' id='word_1_499' title='bbox 84 2692 177 2722; x_wconf 64' lang='lat' dir='ltr'><strong>sitam&#39;</strong></span> <span class='ocrx_word' id='word_1_500' title='bbox 194 2692 320 2728; x_wconf 72' lang='lat' dir='ltr'><strong>resarciri</strong></span> <span class='ocrx_word' id='word_1_501' title='bbox 349 2693 508 2727; x_wconf 76' lang='lat' dir='ltr'><strong>curavisset,</strong></span> <span class='ocrx_word' id='word_1_502' title='bbox 529 2694 662 2728; x_wconf 77' lang='lat' dir='ltr'><strong>Gregoras</strong></span> <span class='ocrx_word' id='word_1_503' title='bbox 686 2700 734 2727; x_wconf 84' lang='lat' dir='ltr'><strong>per</strong></span> <span class='ocrx_word' id='word_1_504' title='bbox 761 2692 865 2728; x_wconf 74' lang='lat' dir='ltr'><strong>ligneos</strong></span> 
     </span>
    </p>
   </div>
   <div class='ocr_carea' id='block_1_79' title="bbox 86 2727 863 2764">
    <p class='ocr_par' dir='ltr' id='par_1_79' title="bbox 86 2727 863 2764">
     <span class='ocr_line' id='line_1_79' title="bbox 86 2727 863 2764; baseline -0.005 -7"><span class='ocrx_word' id='word_1_505' title='bbox 86 2729 199 2764; x_wconf 64' lang='lat' dir='ltr'><strong>gradus,</strong></span> <span class='ocrx_word' id='word_1_506' title='bbox 215 2736 229 2755; x_wconf 92' lang='lat' dir='ltr'><strong>a</strong></span> <span class='ocrx_word' id='word_1_507' title='bbox 241 2727 325 2754; x_wconf 83' lang='lat' dir='ltr'><strong>fabris</strong></span> <span class='ocrx_word' id='word_1_508' title='bbox 336 2729 506 2757; x_wconf 75' lang='lat' dir='ltr'><strong>extrinsecus</strong></span> <span class='ocrx_word' id='word_1_509' title='bbox 528 2727 739 2764; x_wconf 72' lang='lat' dir='ltr'><strong>circumductos,</strong></span> <span class='ocrx_word' id='word_1_510' title='bbox 758 2727 863 2754; x_wconf 87' lang='lat' dir='ltr'><strong>facilem</strong></span> 
     </span>
    </p>
   </div>
   <div class='ocr_carea' id='block_1_80' title="bbox 86 2763 863 2797">
    <p class='ocr_par' dir='ltr' id='par_1_80' title="bbox 86 2763 863 2797">
     <span class='ocr_line' id='line_1_80' title="bbox 86 2763 863 2797; baseline -0.003 -7"><span class='ocrx_word' id='word_1_511' title='bbox 86 2763 229 2792; x_wconf 72' lang='lat' dir='ltr'><strong>ascensum</strong></span> <span class='ocrx_word' id='word_1_512' title='bbox 243 2767 339 2790; x_wconf 85' lang='lat' dir='ltr'><strong>nactus</strong></span> <span class='ocrx_word' id='word_1_513' title='bbox 351 2766 468 2790; x_wconf 85' lang='lat' dir='ltr'><strong>statuant</strong></span> <span class='ocrx_word' id='word_1_514' title='bbox 481 2764 589 2792; x_wconf 83' lang='lat' dir='ltr'><strong>curiose</strong></span> <span class='ocrx_word' id='word_1_515' title='bbox 604 2763 799 2797; x_wconf 66' lang='lat' dir='ltr'><strong>contemplatus</strong></span> <span class='ocrx_word' id='word_1_516' title='bbox 811 2766 863 2792; x_wconf 88' lang='lat' dir='ltr'><strong>est.</strong></span> 
     </span>
    </p>
   </div>
   <div class='ocr_carea' id='block_1_81' title="bbox 87 2798 862 2835">
    <p class='ocr_par' dir='ltr' id='par_1_81' title="bbox 87 2798 862 2835">
     <span class='ocr_line' id='line_1_81' title="bbox 87 2798 862 2835; baseline -0.003 -9"><span class='ocrx_word' id='word_1_517' title='bbox 87 2805 169 2835; x_wconf 80' lang='lat' dir='ltr'><strong>atque</strong></span> <span class='ocrx_word' id='word_1_518' title='bbox 182 2807 214 2827; x_wconf 78' lang='lat' dir='ltr'><strong>ex</strong></span> <span class='ocrx_word' id='word_1_519' title='bbox 228 2805 355 2826; x_wconf 77' lang='lat' dir='ltr'><strong>mensura</strong></span> <span class='ocrx_word' id='word_1_520' title='bbox 372 2800 549 2834; x_wconf 87' lang='lat' dir='ltr'><strong>quarumdam</strong></span> <span class='ocrx_word' id='word_1_521' title='bbox 574 2798 691 2834; x_wconf 61' lang='lat' dir='ltr'><strong>[-artium</strong></span> <span class='ocrx_word' id='word_1_522' title='bbox 714 2798 796 2826; x_wconf 88' lang='lat' dir='ltr'><strong>totius</strong></span> <span class='ocrx_word' id='word_1_523' title='bbox 816 2805 862 2824; x_wconf 89' lang='lat' dir='ltr'><strong>co-</strong></span> 
     </span>
    </p>
   </div>
   <div class='ocr_carea' id='block_1_82' title="bbox 918 2262 1698 2298">
    <p class='ocr_par' dir='ltr' id='par_1_82' title="bbox 918 2262 1698 2298">
     <span class='ocr_line' id='line_1_82' title="bbox 918 2262 1698 2298; baseline 0.001 -9"><span class='ocrx_word' id='word_1_524' title='bbox 918 2270 987 2297; x_wconf 88' lang='lat' dir='ltr'><strong>quos</strong></span> <span class='ocrx_word' id='word_1_525' title='bbox 1013 2262 1090 2289; x_wconf 80' lang='lat' dir='ltr'><strong>exsul</strong></span> <span class='ocrx_word' id='word_1_526' title='bbox 1112 2262 1230 2296; x_wconf 78' lang='lat' dir='ltr'><strong>scripsit,</strong></span> <span class='ocrx_word' id='word_1_527' title='bbox 1258 2262 1380 2296; x_wconf 78' lang='lat' dir='ltr'><strong>apertius</strong></span> <span class='ocrx_word' id='word_1_528' title='bbox 1391 2262 1531 2298; x_wconf 88' lang='lat' dir='ltr'><strong>professus</strong></span> <span class='ocrx_word' id='word_1_529' title='bbox 1547 2268 1600 2290; x_wconf 86' lang='lat' dir='ltr'><strong>est.</strong></span> <span class='ocrx_word' id='word_1_530' title='bbox 1618 2262 1698 2290; x_wconf 86' lang='lat' dir='ltr'><strong>Tanti</strong></span> 
     </span>
    </p>
   </div>
   <div class='ocr_carea' id='block_1_83' title="bbox 917 2308 1701 2345">
    <p class='ocr_par' dir='ltr' id='par_1_83' title="bbox 917 2308 1701 2345">
     <span class='ocr_line' id='line_1_83' title="bbox 917 2308 1701 2345; baseline 0.001 -8"><span class='ocrx_word' id='word_1_531' title='bbox 917 2309 1035 2343; x_wconf 85' lang='lat' dir='ltr'><strong>denique</strong></span> <span class='ocrx_word' id='word_1_532' title='bbox 1049 2309 1137 2343; x_wconf 86' lang='lat' dir='ltr'><strong>ipsum</strong></span> <span class='ocrx_word' id='word_1_533' title='bbox 1155 2308 1230 2341; x_wconf 83' lang='lat' dir='ltr'><strong>fecit,</strong></span> <span class='ocrx_word' id='word_1_534' title='bbox 1242 2313 1271 2335; x_wconf 93' lang='lat' dir='ltr'><strong>ut</strong></span> <span class='ocrx_word' id='word_1_535' title='bbox 1284 2309 1375 2337; x_wconf 89' lang='lat' dir='ltr'><strong>liberis</strong></span> <span class='ocrx_word' id='word_1_536' title='bbox 1387 2310 1445 2338; x_wconf 86' lang='lat' dir='ltr'><strong>suis</strong></span> <span class='ocrx_word' id='word_1_537' title='bbox 1458 2317 1527 2345; x_wconf 84' lang='lat' dir='ltr'><strong>perte</strong></span> <span class='ocrx_word' id='word_1_538' title='bbox 1540 2310 1701 2345; x_wconf 67' lang='lat' dir='ltr'><strong>exaequarit.</strong></span> 
     </span>
    </p>
   </div>
   <div class='ocr_carea' id='block_1_84' title="bbox 917 2354 1700 2391">
    <p class='ocr_par' dir='ltr' id='par_1_84' title="bbox 917 2354 1700 2391">
     <span class='ocr_line' id='line_1_84' title="bbox 917 2354 1700 2391; baseline 0.001 -9"><span class='ocrx_word' id='word_1_539' title='bbox 917 2356 1011 2391; x_wconf 82' lang='lat' dir='ltr'><strong>itaque</strong></span> <span class='ocrx_word' id='word_1_540' title='bbox 1036 2354 1204 2382; x_wconf 81' lang='lat' dir='ltr'><strong>monasterio</strong></span> <span class='ocrx_word' id='word_1_541' title='bbox 1227 2354 1324 2382; x_wconf 70' lang='lat' dir='ltr'><strong>Chorte</strong></span> <span class='ocrx_word' id='word_1_542' title='bbox 1349 2355 1454 2391; x_wconf 77' lang='lat' dir='ltr'><strong>magnis</strong></span> <span class='ocrx_word' id='word_1_543' title='bbox 1477 2357 1632 2391; x_wconf 82' lang='lat' dir='ltr'><strong>sumptibus</strong></span> <span class='ocrx_word' id='word_1_544' title='bbox 1658 2357 1700 2383; x_wconf 92' lang='lat' dir='ltr'><strong>iu-</strong></span> 
     </span>
    </p>
   </div>
   <div class='ocr_carea' id='block_1_85' title="bbox 918 2401 1700 2436">
    <p class='ocr_par' dir='ltr' id='par_1_85' title="bbox 918 2401 1700 2436">
     <span class='ocr_line' id='line_1_85' title="bbox 918 2401 1700 2436; baseline -0.001 -6"><span class='ocrx_word' id='word_1_545' title='bbox 918 2407 1052 2434; x_wconf 87' lang='lat' dir='ltr'><strong>staurato,</strong></span> <span class='ocrx_word' id='word_1_546' title='bbox 1069 2401 1174 2429; x_wconf 75' lang='lat' dir='ltr'><strong>Socium</strong></span> <span class='ocrx_word' id='word_1_547' title='bbox 1190 2401 1245 2428; x_wconf 88' lang='lat' dir='ltr'><strong>illic</strong></span> <span class='ocrx_word' id='word_1_548' title='bbox 1257 2405 1284 2428; x_wconf 85' lang='lat' dir='ltr'><strong>et</strong></span> <span class='ocrx_word' id='word_1_549' title='bbox 1299 2401 1450 2436; x_wconf 71' lang='lat' dir='ltr'><strong>adiutorem</strong></span> <span class='ocrx_word' id='word_1_550' title='bbox 1472 2409 1533 2429; x_wconf 86' lang='lat' dir='ltr'><strong>eum</strong></span> <span class='ocrx_word' id='word_1_551' title='bbox 1548 2402 1582 2429; x_wconf 90' lang='lat' dir='ltr'><strong>ad</strong></span> <span class='ocrx_word' id='word_1_552' title='bbox 1607 2403 1700 2430; x_wconf 89' lang='lat' dir='ltr'><strong>omnia</strong></span> 
     </span>
    </p>
   </div>
   <div class='ocr_carea' id='block_1_86' title="bbox 920 2479 1702 2515">
    <p class='ocr_par' dir='ltr' id='par_1_86' title="bbox 920 2479 1702 2515">
     <span class='ocr_line' id='line_1_86' title="bbox 920 2479 1702 2515; baseline 0 -7"><span class='ocrx_word' id='word_1_553' title='bbox 920 2481 984 2508; x_wconf 76' lang='lat' dir='ltr'><strong>lossi</strong></span> <span class='ocrx_word' id='word_1_554' title='bbox 1013 2481 1227 2515; x_wconf 75' lang='lat' dir='ltr'><strong>magnitudinem</strong></span> <span class='ocrx_word' id='word_1_555' title='bbox 1249 2479 1393 2515; x_wconf 74' lang='lat' dir='ltr'><strong>aestimavit</strong></span> <span class='ocrx_word' id='word_1_556' title='bbox 1415 2488 1422 2506; x_wconf 88' lang='lat'>:</span> <span class='ocrx_word' id='word_1_557' title='bbox 1441 2488 1473 2507; x_wconf 85' lang='lat' dir='ltr'><strong>ca</strong></span> <span class='ocrx_word' id='word_1_558' title='bbox 1500 2481 1605 2508; x_wconf 83' lang='lat' dir='ltr'><strong>scilicet</strong></span> <span class='ocrx_word' id='word_1_559' title='bbox 1618 2488 1702 2515; x_wconf 85' lang='lat' dir='ltr'><strong>opera</strong></span> 
     </span>
    </p>
   </div>
   <div class='ocr_carea' id='block_1_87' title="bbox 920 2514 1702 2550">
    <p class='ocr_par' dir='ltr' id='par_1_87' title="bbox 920 2514 1702 2550">
     <span class='ocr_line' id='line_1_87' title="bbox 920 2514 1702 2550; baseline 0.003 -8"><span class='ocrx_word' id='word_1_560' title='bbox 920 2524 976 2542; x_wconf 82' lang='lat' dir='ltr'><strong>rem</strong></span> <span class='ocrx_word' id='word_1_561' title='bbox 993 2514 1154 2550; x_wconf 76' lang='lat' dir='ltr'><strong>antiquariis</strong></span> <span class='ocrx_word' id='word_1_562' title='bbox 1167 2519 1270 2548; x_wconf 70' lang='lat' dir='ltr'><strong>gratam</strong></span> <span class='ocrx_word' id='word_1_563' title='bbox 1300 2514 1389 2542; x_wconf 85' lang='lat' dir='ltr'><strong>facere</strong></span> <span class='ocrx_word' id='word_1_564' title='bbox 1409 2523 1439 2542; x_wconf 84' lang='lat' dir='ltr'><strong>se</strong></span> <span class='ocrx_word' id='word_1_565' title='bbox 1460 2516 1619 2543; x_wconf 87' lang='lat' dir='ltr'><strong>arbitratus.</strong></span> <span class='ocrx_word' id='word_1_566' title='bbox 1636 2517 1702 2544; x_wconf 83' lang='lat' dir='ltr'><strong>Vide</strong></span> 
     </span>
    </p>
   </div>
   <div class='ocr_carea' id='block_1_88' title="bbox 918 2551 1215 2584">
    <p class='ocr_par' dir='ltr' id='par_1_88' title="bbox 918 2551 1215 2584">
     <span class='ocr_line' id='line_1_88' title="bbox 918 2551 1215 2584; baseline -0.003 -6"><span class='ocrx_word' id='word_1_567' title='bbox 918 2551 985 2578; x_wconf 75' lang='lat' dir='ltr'><strong>Ilist.</strong></span> <span class='ocrx_word' id='word_1_568' title='bbox 1000 2552 1047 2578; x_wconf 88' lang='lat' dir='ltr'><strong>lib.</strong></span> <span class='ocrx_word' id='word_1_569' title='bbox 1066 2559 1111 2584; x_wconf 85' lang='lat' dir='ltr'><strong>vn,</strong></span> <span class='ocrx_word' id='word_1_570' title='bbox 1127 2559 1152 2578; x_wconf 89' lang='lat' dir='ltr'><strong>e.</strong></span> <span class='ocrx_word' id='word_1_571' title='bbox 1172 2551 1215 2577; x_wconf 73' lang='grc'><strong>12.</strong></span> 
     </span>
    </p>
   </div>
   <div class='ocr_carea' id='block_1_89' title="bbox 953 2583 1699 2621">
    <p class='ocr_par' dir='ltr' id='par_1_89' title="bbox 953 2583 1699 2621">
     <span class='ocr_line' id='line_1_89' title="bbox 953 2583 1699 2621; baseline -0.003 -7"><span class='ocrx_word' id='word_1_572' title='bbox 953 2587 991 2621; x_wconf 83' lang='grc'><strong>(5)</strong></span> <span class='ocrx_word' id='word_1_573' title='bbox 1011 2588 1104 2614; x_wconf 78' lang='lat' dir='ltr'><strong>Annos</strong></span> <span class='ocrx_word' id='word_1_574' title='bbox 1118 2591 1196 2613; x_wconf 82' lang='lat' dir='ltr'><strong>natus</strong></span> <span class='ocrx_word' id='word_1_575' title='bbox 1214 2585 1323 2613; x_wconf 86' lang='lat' dir='ltr'><strong>circiter</strong></span> <span class='ocrx_word' id='word_1_576' title='bbox 1336 2585 1381 2611; x_wconf 73' lang='lat'><strong>’21.</strong></span> <span class='ocrx_word' id='word_1_577' title='bbox 1402 2583 1468 2613; x_wconf 74' lang='lat' dir='ltr'><strong>Vide</strong></span> <span class='ocrx_word' id='word_1_578' title='bbox 1481 2585 1530 2613; x_wconf 90' lang='lat' dir='ltr'><strong>lib.</strong></span> <span class='ocrx_word' id='word_1_579' title='bbox 1547 2595 1595 2619; x_wconf 86' lang='lat' dir='ltr'><strong>vn,</strong></span> <span class='ocrx_word' id='word_1_580' title='bbox 1612 2594 1638 2614; x_wconf 86' lang='lat' dir='ltr'><strong>c.</strong></span> <span class='ocrx_word' id='word_1_581' title='bbox 1655 2586 1699 2616; x_wconf 82' lang='grc' dir='ltr'><strong>Η,</strong></span> 
     </span>
    </p>
   </div>
   <div class='ocr_carea' id='block_1_90' title="bbox 916 2623 1701 2698">
    <p class='ocr_par' dir='ltr' id='par_1_90' title="bbox 916 2623 1701 2698">
     <span class='ocr_line' id='line_1_90' title="bbox 916 2623 1701 2698; baseline -0.001 -14"><span class='ocrx_word' id='word_1_582' title='bbox 916 2623 1180 2698; x_wconf 37' lang='lat' dir='ltr'><strong>s_._‘:(_.i)_.&#39;t‘estameuti</strong></span> <span class='ocrx_word' id='word_1_583' title='bbox 1206 2656 1310 2682; x_wconf 85' lang='lat' dir='ltr'><strong>scilicet</strong></span> <span class='ocrx_word' id='word_1_584' title='bbox 1335 2655 1475 2683; x_wconf 76' lang='lat' dir='ltr'><strong>exordium</strong></span> <span class='ocrx_word' id='word_1_585' title='bbox 1515 2655 1586 2690; x_wconf 89' lang='lat' dir='ltr'><strong>quod</strong></span> <span class='ocrx_word' id='word_1_586' title='bbox 1613 2660 1701 2683; x_wconf 83' lang='lat' dir='ltr'><strong>exstat</strong></span> 
     </span>
    </p>
   </div>
   <div class='ocr_carea' id='block_1_91' title="bbox 918 2691 1300 2760">
    <p class='ocr_par' dir='ltr' id='par_1_91' title="bbox 918 2691 1300 2760">
     <span class='ocr_line' id='line_1_91' title="bbox 918 2691 1119 2719; baseline 0 -2"><span class='ocrx_word' id='word_1_587' title='bbox 918 2691 985 2718; x_wconf 79' lang='lat' dir='ltr'><strong>Hist.</strong></span> <span class='ocrx_word' id='word_1_588' title='bbox 1001 2692 1047 2719; x_wconf 90' lang='lat' dir='ltr'><strong>lib.</strong></span> <span class='ocrx_word' id='word_1_589' title='bbox 1063 2700 1119 2719; x_wconf 79' lang='lat' dir='ltr'><strong>\m.</strong></span> 
     </span>
     <span class='ocr_line' id='line_1_92' title="bbox 953 2725 1300 2760; baseline 0 -7"><span class='ocrx_word' id='word_1_590' title='bbox 953 2727 991 2760; x_wconf 82' lang='lat'><strong>(7)</strong></span> <span class='ocrx_word' id='word_1_591' title='bbox 1011 2727 1092 2754; x_wconf 85' lang='lat' dir='ltr'><strong>Anno</strong></span> <span class='ocrx_word' id='word_1_592' title='bbox 1106 2725 1205 2752; x_wconf 75' lang='lat' dir='ltr'><strong>Christi</strong></span> <span class='ocrx_word' id='word_1_593' title='bbox 1221 2726 1300 2753; x_wconf 73' lang='lat' dir='ltr'><strong>i320.</strong></span> 
     </span>
    </p>
   </div>
   <div class='ocr_carea' id='block_1_92' title="bbox 953 2760 1222 2797">
    <p class='ocr_par' dir='ltr' id='par_1_92' title="bbox 953 2760 1222 2797">
     <span class='ocr_line' id='line_1_93' title="bbox 953 2760 1222 2797; baseline -0.004 -9"><span class='ocrx_word' id='word_1_594' title='bbox 953 2763 992 2797; x_wconf 86' lang='lat'><strong>(8)</strong></span> <span class='ocrx_word' id='word_1_595' title='bbox 1012 2761 1070 2797; x_wconf 65' lang='grc' dir='ltr'><strong>μιν.</strong></span> <span class='ocrx_word' id='word_1_596' title='bbox 1083 2769 1143 2792; x_wconf 79' lang='lat' dir='ltr'><strong>vni.</strong></span> <span class='ocrx_word' id='word_1_597' title='bbox 1157 2769 1181 2788; x_wconf 87' lang='lat' dir='ltr'><strong>c.</strong></span> <span class='ocrx_word' id='word_1_598' title='bbox 1196 2760 1222 2797; x_wconf 65' lang='grc' dir='ltr'><strong>ἶ.</strong></span> 
     </span>
    </p>
   </div>
   <div class='ocr_carea' id='block_1_93' title="bbox 953 2796 1226 2832">
    <p class='ocr_par' dir='ltr' id='par_1_93' title="bbox 953 2796 1226 2832">
     <span class='ocr_line' id='line_1_94' title="bbox 953 2796 1226 2832; baseline -0.004 -8"><span class='ocrx_word' id='word_1_599' title='bbox 953 2797 990 2832; x_wconf 85' lang='lat'><strong>(9)</strong></span> <span class='ocrx_word' id='word_1_600' title='bbox 1013 2796 1071 2824; x_wconf 88' lang='lat' dir='ltr'><strong>Lib.</strong></span> <span class='ocrx_word' id='word_1_601' title='bbox 1090 2804 1145 2830; x_wconf 79' lang='lat' dir='ltr'><strong>vui,</strong></span> <span class='ocrx_word' id='word_1_602' title='bbox 1160 2803 1184 2823; x_wconf 92' lang='lat' dir='ltr'><strong>c.</strong></span> <span class='ocrx_word' id='word_1_603' title='bbox 1201 2796 1226 2824; x_wconf 86' lang='lat'><strong>5.</strong></span> 
     </span>
    </p>
   </div>
  </div>
