1895 3062
1012 50 1027 62 κ

122 142 156 173 2'1
666 149 876 180 NiCEPIIORI
894 149 1084 182 GREGORE
1105 152 1203 184 VI'lA.
1701 156 1738 189 28

122 201 185 233 alia,
201 201 296 229 eodem
312 202 370 230 fere
385 205 548 239 spectantia,
564 213 626 234 cum
642 206 765 239 dixisset,
781 208 855 235 visus
866 213 908 235 est
921 208 945 238 Α
959 211 1234 244 vehementissimus;
1255 210 1300 246 qui
1318 211 1429 239 morbus
1449 211 1516 247 (59),
1533 220 1580 248 per
1595 214 1735 242 intervalla

122 247 301 274 eruditiorum
339 249 530 285 episcoporum
566 253 688 287 opinioni
729 255 905 288 congruentia

119 292 232 325 dixisse,
255 301 318 321 cum
337 295 464 329 aliorum,
491 303 548 324 tum
575 299 691 326 maxime
714 298 904 334 Dyrrhachini.

121 339 222 366 iiorum
246 341 436 369 auctoritatem
451 343 554 376 caueri,
571 344 618 378 qui
642 346 797 380 eloquentia
815 347 906 374 minus

120 385 255 417 valebant.
281 388 355 414 omni
381 390 567 417 contentionis
589 392 682 418 studio
698 392 806 426 abiecto
819 394 904 420 secuti

119 435 194 458 sunt.
218 431 256 459 ita
272 431 358 460 Graeci
373 433 493 462 oblatqu
515 443 529 462 a
550 435 652 463 Latinis
668 442 805 464 certamen
819 438 904 465 decli-

119 481 219 505 narunt
232 479 299 513 (50).
315 479 416 507 Tamen
433 480 590 509 Barlaamns
605 490 655 517 pro
672 482 828 511 Griecorum
839 484 904 519 dog-

119 527 191 551 mate
216 525 313 553 multa-
332 531 387 553 tum
422 529 532 563 scripsit
559 529 614 564 (51)
632 530 763 558 adversus
787 531 903 559 Romani

122 569 260 603 pontificis
274 571 376 606 legatos
397 581 404 599 :
425 581 540 607 quorutn
561 582 647 609 pauca
669 576 738 611 typis
761 584 900 612 expressa,

117 614 247 648 pleraque
266 620 356 643 autem
374 622 482 657 existant
503 620 687 655 inanuscripta
709 621 737 648 in
761 622 902 651 codicibus

117 659 200 694 regiis
214 659 283 695 (52).

151 704 237 733 Annis
263 714 295 733 ex
313 714 347 734 eo
365 713 470 743 septem
488 709 588 745 elapsis
604 711 660 746 (53)
671 732 679 744 ,
698 711 770 740 idem
787 713 899 741 Barlaa-

117 756 195 783 mus,
229 750 388 784 Avenione,
417 761 472 787 quo
494 754 528 782 ab
558 755 722 790 imperatore
746 757 780 787 ad
801 751 901 793 Papam

118 793 288 823 clandestina
302 796 358 832 (54)
372 797 506 833 legatione
521 800 620 829 missus
635 801 738 834 fuerat.
754 802 900 832 Thessalo-

118 839 208 868 nicam
233 849 358 870 reversus
382 852 493 880 magnas
519 847 610 875 turbas
625 848 651 874 in
674 848 793 877 Ecclesia
808 850 899 879 Graeca

115 886 263 920 excitavit;
286 896 320 915 ex
348 890 447 923 quibus
469 895 563 925 postea
588 893 679 920 multa:
702 894 727 920 in
753 895 900 931 Gregoram

118 931 252 960 nioiestite
272 935 471 962 redundarunt.
491 936 631 965 Nimirum‘
644 939 690 966 ille
707 940 821 974 advena,
839 950 901 969 mo-

114 977 216 1005 nachos
230 977 339 1006 Graecos
358 985 452 1007 nactus
465 982 510 1016 qui
528 989 557 1009 se
572 983 693 1011 divinum
715 985 901 1015 lumen‘ocu-

116 1021 150 1049 lis
162 1024 302 1057 corporeis
319 1024 419 1052 iutueri
437 1026 584 1061 dicebant,
608 1028 852 1059 Massaiianismum
869 1034 902 1062 iis

116 1072 143 1095 et
157 1067 454 1106 Otnpbaiopsycbomm
472 1073 529 1107 (55)
550 1081 670 1102 errorem
687 1077 796 1110 objecit.
810 1078 902 1107 Mona-

115 1115 228 1142 chorum
248 1117 430 1150 patrociniutn
447 1120 569 1154 suscepit
590 1121 631 1147 vir
647 1129 757 1157 magna:
766 1125 839 1158 apud
854 1132 901 1153 eos

115 1160 328 1190 existimationis
340 1184 347 1195 ,
366 1163 511 1200 Gregorius
522 1166 655 1199 Palamas,
670 1168 832 1203 jampridem
844 1171 901 1206 ipse

114 1213 223 1240 quoque
240 1207 302 1234 ideo
320 1213 448 1240 notatus,
476 1211 548 1244 quod
572 1211 691 1239 divinam
721 1214 900 1244 substantiam

114 1252 200 1279 oculis
212 1254 350 1287 corporeis
368 1255 452 1282 visam
467 1263 482 1282 a
501 1264 530 1284 se
549 1257 719 1291 iactavisset.
741 1260 808 1288 Nam
828 1261 901 1290 hunc

114 1297 249 1331 Gregoras
276 1299 343 1333 (56),
371 1304 398 1326 et
419 1300 443 1327 ci
463 1303 653 1336 cognominem
682 1304 804 1341 Drimyn,
821 1311 899 1334 ante-

115 1350 196 1376 quam
214 1342 271 1378 (57)
295 1343 454 1373 iiariaamus
471 1346 497 1373 in
523 1347 655 1375 Grmciam
674 1350 803 1385 venisset,
822 1352 846 1379 id
867 1353 900 1380 de

114 1396 145 1415 se
158 1388 338 1422 pra-dieanles
353 1391 492 1425 audierat,
505 1395 534 1419 et
549 1394 657 1422 acribus
676 1395 730 1429 jam
742 1400 797 1424 tum
811 1398 900 1426 verbis

118 1439 266 1469 utrumque
277 1436 491 1470 reprehenderat
504 1447 510 1465 :
522 1439 647 1475 idemque
662 1448 721 1469 eam
736 1450 792 1470 rem
804 1451 901 1480 magno

114 1480 276 1515 Lognthetat
294 1487 322 1509 et
336 1483 505 1511 antistitibus
527 1485 630 1520 aliquot
645 1487 732 1515 doctis
743 1489 900 1518 declarave-

114 1526 207 1553 rat.Hi
222 1535 285 1555 vero
301 1535 363 1555 eam
385 1528 609 1558 Massalianorum
625 1532 736 1561 ineresin
750 1542 809 1562 esse
823 1536 897 1563 dixe-

116 1576 189 1604 rant,
205 1576 234 1600 ct
249 1573 383 1608 ejusmodi
408 1575 548 1603 hominum
570 1579 793 1608 consuetudinem
808 1586 837 1609 ut
856 1581 897 1609 iu-

113 1622 190 1651 geret
213 1624 415 1654 praeceperant;
442 1621 525 1656 idque
543 1630 575 1649 eo
592 1624 686 1659 magis,
704 1627 776 1660 quod
800 1635 897 1655 novam

116 1664 242 1697 iireresin,
256 1672 288 1692 ex
303 1666 362 1693 aliis
375 1667 500 1695 omnibus
516 1668 669 1703 conflatam,
692 1671 756 1698 olim
779 1674 899 1700 exoritu-

113 1719 171 1738 ram
190 1719 260 1744 esse,
276 1716 303 1739 et
322 1713 456 1748 generalis
484 1715 591 1742 concilii
610 1715 721 1745 decreto
745 1724 897 1747 correctum

115 1757 161 1790 iri,
181 1758 280 1785 Veteris
297 1760 439 1792 cujusdam
455 1761 604 1795 proiihetire
627 1763 769 1792 admonitu
792 1765 899 1794 didice-

114 1810 187 1830 rant.
207 1804 347 1832 Monaciiis
365 1807 456 1841 igitur,
478 1807 585 1835 Paiama
602 1809 671 1837 duce
685 1831 691 1842 ,
714 1819 763 1845 pro
788 1821 839 1840 suo
855 1822 900 1840 cr-

117 1857 177 1876 rore
196 1853 430 1887 propugnantibus
442 1875 449 1886 ,
465 1858 492 1880 et
522 1854 614 1881 lumen
626 1876 633 1886 ,
650 1857 721 1889 quod
750 1857 778 1884 in
806 1863 899 1886 monte

113 1896 224 1924 Tltabor
240 1898 390 1934 discipulos
407 1899 508 1927 Christi
526 1902 752 1930 circuml'uisissct
766 1924 773 1935 ,
795 1904 899 1933 increa-

115 1946 172 1968 tum
188 1942 269 1970 simul
285 1951 312 1971 et
325 1945 492 1979 aspectabiie
507 1945 590 1973 fuisse
608 1947 815 1982 dictitantibus;
831 1950 898 1978 Bar-

114 1987 202 2015 iaaino
218 1993 307 2016 autem
321 1989 422 2016 διθεῖαν
436 2011 443 2020 .
457 1999 503 2018 seu
517 1991 634 2026 duplicis
653 1993 700 2020 Dei
715 1994 830 2027 cultum,
851 2005 899 2032 per

113 2041 174 2060 eam
190 2035 345 2069 opinionem
365 2036 454 2063 invehi
475 2037 639 2072 alfirmante,
657 2039 831 2068 Andronicus
849 2044 898 2069 im—

114 2082 222 2111 perator
237 2079 293 2105 lilis
309 2079 466 2106 diriincntizu
478 2089 558 2108 causa
576 2083 720 2110 concilium
742 2084 897 2113 habendtun

113 2120 231 2147 censuit.
243 2121 336 2156 itaque
351 2129 423 2149 anno
435 2123 537 2150 Christi
556 2124 636 2157 1511,
654 2134 748 2154 mense
764 2127 854 2162 Junio,
870 2130 897 2157 in

70 2175 74 2178 ·
114 2165 142 2192 S.
161 2165 268 2200 Sophia:
289 2167 374 2194 aadem
391 2168 584 2203 Byzantiorum
599 2171 785 2207 lectissimi‘ac
800 2175 897 2203 doctis-

955 261 983 282 et
1000 256 1083 284 certis
1103 257 1271 292 temporibus
1293 264 1436 284 recurrens
1448 278 1454 290 ,
1471 262 1526 285 tota
1541 259 1606 285 vila'
1618 267 1679 287 eum
1696 260 1736 287 af-

954 301 1079 330 ﬂictavit.
1096 303 1246 338 imperator
1261 304 1306 330 ilia
1320 304 1363 331 die
1383 305 1510 338 pra-clare
1527 309 1553 332 et
1565 314 1662 340 magno
1677 314 1735 334 om-

954 349 1030 376 nium
1054 349 1149 384 plausu
1169 349 1350 377 concionatus
1378 351 1519 378 absentem
1553 351 1734 384 desideravit,

955 401 1042 428 eoque
1059 394 1184 422 auditore
1207 395 1319 423 moleste
1333 396 1430 422 caruit.
1447 395 1582 423 Ca-terum
1597 396 1624 423 in
1644 404 1675 423 ea
1692 404 1736 433 sy—

954 439 1028 466 nodo
1054 440 1119 473 quid
1136 444 1226 466 aetum
1242 441 1276 467 sit
1291 447 1346 466 non
1364 444 1486 472 constat,
1509 445 1649 475 propterea
1661 441 1736 476 quod

954 484 1027 511 illius
1058 485 1108 512 aevi
1140 485 1286 520 scriptores
1310 485 1354 512 alii
1379 486 1467 517 aliter,
1491 490 1518 513 et
1535 494 1584 521 pro
1599 494 1650 513 suo
1662 487 1738 521 quis-

953 537 1007 564 que
1020 530 1128 562 aiiectu,
1144 538 1200 558 rem
1230 536 1343 559 narrant
1362 531 1431 566 (60).
1452 531 1481 559 in
1498 539 1531 559 eo
1557 537 1645 560 tamen
1667 533 1738 559 Can-

953 580 1102 604 tacuzenus
1129 582 1156 603 et
1181 576 1315 611 Gregoras
1341 578 1534 609 consentiunt,
1570 578 1645 612 quod
1671 578 1736 605 Bar—

953 621 1070 648 laamuin
1097 627 1230 653 uterque.
1257 622 1361 656 judicio
1388 623 1520 658 iniurioso
1542 623 1687 656 oliensum,
1709 624 1735 650 in

953 669 1058 696 italiam
1074 669 1168 696 dicant
1185 670 1347 705 remigrasse
1360 690 1367 702 ,
1383 673 1412 696 et
1428 669 1460 697 ad
1475 669 1632 697 Latinorum
1657 670 1736 697 insti-

954 719 1011 741 tuta
1023 722 1055 741 ac
1074 714 1198 749 dogmata
1216 723 1324 741 rursum
1338 722 1368 742 se
1381 716 1560 742 convertisse.
1575 715 1677 742 Triduo
1695 716 1735 742 vel

951 760 1098 795 quatriduo
1122 765 1182 793 post
1199 760 1316 787 habitam
1344 761 1475 795 synodum
1491 761 1637 796 imperator
1654 761 1734 789 morti

952 806 1096 841 proximus
1110 805 1144 833 ad
1169 805 1316 841 Gregoram
1337 806 1432 838 misit,
1448 806 1492 841 qui
1508 814 1540 833 ex
1566 814 1599 834 eo
1613 806 1735 834 sciscita-

953 855 1058 881 rentur.
1075 849 1218 877 facilemne
1233 850 1402 877 curationem
1415 855 1487 877 astra
1503 851 1688 884 sponderent,
1700 857 1734 876 an

948 895 1095 923 conatibus
1115 895 1283 922 medicorum
1299 896 1449 923 obstarent.
1465 897 1604 930 Responso
1617 897 1735 923 nondum

953 947 1075 977 accepto,
1095 942 1124 968 in
1137 942 1287 977 lethargum
1303 941 1437 976 relapsus,
1456 943 1538 969 vitam
1555 942 1641 970 finivit
1660 942 1734 970 Junii

951 986 996 1015 die
1013 988 1055 1019 15,
1070 995 1141 1014 anno
1154 987 1255 1014 Christi
1273 987 1352 1014 15M.
1366 987 1458 1014 Tertio
1474 988 1561 1015 luctus
1577 989 1620 1015 die
1634 988 1735 1023 Grego—

953 1041 997 1060 ras
1013 1033 1056 1060 vix
1072 1038 1128 1060 tum
1141 1033 1346 1066 convalesccns,
1364 1034 1525 1068 patriarcha:
1539 1039 1566 1062 ct
1581 1042 1672 1061 cortnn
1689 1035 1733 1069 qui

952 1079 1068 1106 aderant.
1088 1079 1186 1106 donms
1204 1080 1332 1113 Augusta:
1354 1080 1506 1114 principum
1527 1080 1646 1111 hortatu,
1661 1088 1734 1107 mor-

953 1129 1028 1152 tuum
1043 1125 1234 1159 imperatorem
1250 1124 1331 1151 ﬂebili
1349 1125 1471 1152 oratione
1485 1129 1649 1159 prosecutus
1662 1130 1715 1152 est.

987 1190 1051 1218 Post
1071 1191 1126 1217 haec
1141 1190 1212 1217 civili
1232 1190 1300 1217 bello
1326 1189 1444 1225 Byzantii
1469 1190 1627 1217 iabOraiunt
1647 1198 1655 1217 ξ
1681 1189 1733 1216 Ec-

951 1236 1034 1264 clesia
1049 1237 1106 1272 ipsa
1129 1237 1294 1271 dogntaticis
1315 1235 1506 1263 Paiamitarum
1528 1236 1733 1272 ctAcindynia-

951 1290 1049 1309 norum
1063 1283 1131 1309 rixis
1143 1282 1308 1317 perturbata.
1327 1282 1392 1309 Nam
1403 1281 1547 1317 Gregorius
1565 1283 1731 1317 Acindynus,

951 1327 1090 1355 Bariaamo
1103 1328 1129 1354 in
1150 1328 1252 1355 italiam
1270 1336 1378 1355 reverso
1389 1348 1396 1359 .
1410 1329 1526 1356 desertae
1539 1328 1573 1356 ab
1588 1336 1620 1356 eo
1644 1336 1733 1356 causa:

951 1374 1132 1409 pattocinium
1149 1379 1308 1409 susceperat
1325 1374 1393 1410 (6i);
1413 1380 1440 1402 ct
1458 1382 1611 1410 quanquam
1637 1375 1731 1402 eodem

951 1426 1005 1453 quo
1019 1419 1177 1447 Bariaamus
1193 1424 1266 1447 Iomo
1282 1419 1336 1454 (62)
1350 1420 1489 1455 synodico,
1505 1421 1593 1448 statim
1608 1419 1663 1447 fere
1674 1425 1733 1455 post

951 1466 1101 1493 Andronici
1126 1466 1298 1500 imperatoris
1326 1471 1463 1499 mortem,
1481 1471 1552 1495 esset
1576 1469 1730 1499 damnatus,

952 1511 1087 1538 Paiamam
1111 1512 1287 1539 nihilominus
1301 1512 1437 1540 variorum
1462 1520 1585 1540 errorum
1602 1521 1730 1540 accusare

910 1542 933 1573 (ἶ
951 1558 1090 1591 pergebat.
1108 1557 1177 1584 iiinc
1198 1566 1323 1592 magnum
1341 1559 1412 1586 inter
1429 1559 1567 1594 theologos
1582 1556 1729 1586 certamen.

949 1601 1102 1637 Gregoras,
1119 1603 1198 1637 cujus
1217 1604 1330 1638 paciﬁca
1359 1604 1472 1631 consilia
1491 1604 1559 1631 nihil
1578 1609 1634 1630 tum
1661 1603 1730 1638 apud

948 1655 1112 1682 quemquam
1131 1648 1265 1680 vah-bant.
1281 1649 1315 1676 ab
1333 1649 1401 1676 auia:
1421 1649 1536 1677 tumultu
1550 1654 1576 1676 et
1590 1649 1729 1676 hominum

950 1693 1102 1727 lrequentia
1118 1694 1144 1720 in
1162 1694 1247 1721 otium
1264 1699 1292 1721 et
1307 1695 1479 1722 solitudinem
1496 1695 1567 1722 uitro
1579 1695 1730 1726 concessit,

949 1742 1029 1772 atque
1041 1738 1075 1765 ab
1089 1739 1161 1765 omni
1178 1738 1364 1773 disputatione
1375 1739 1420 1767 diu
1436 1740 1577 1767 abstinuit.

985 1806 1091 1834 interea
1106 1806 1261 1842 astrologus
1288 1807 1409 1841 quidam,
1425 1815 1441 1835 e
1465 1807 1549 1835 Gallia
1574 1808 1729 1843 profectus.

950 1853 1203 1889 Constantinopolin
1221 1853 1307 1884 venit,
1329 1859 1356 1881 ct
1376 1854 1481 1881 felicem
1501 1854 1564 1882 belli
1582 1855 1683 1883 exitum
1702 1855 1728 1882 in

950 1900 1010 1927 aula
1026 1900 1188 1927 vaticinatus
1205 1905 1247 1928 est
1263 1900 1330 1934 (65).
1341 1900 1473 1936 Gregoras
1493 1903 1528 1929 ab
1549 1902 1668 1937 Augusta
1685 1910 1730 1930 ac-

950 1945 1030 1977 citus,
1047 1953 1078 1972 ac
1090 1945 1123 1972 de
1138 1946 1215 1973 novis
1232 1946 1284 1973 illis
1306 1947 1525 1980 praedictionibus
1538 1948 1602 1981 quid
1618 1948 1730 1975 sentiret

949 1989 1039 2024 eloqui
1064 1990 1154 2024 iussus
1167 2010 1174 2021 ,
1191 1998 1273 2017 vanas
1289 1998 1335 2017 eas
1351 1999 1412 2019 esse
1429 1993 1527 2026 arguit.
1549 1993 1588 2020 ita
1613 1993 1730 2020 rcfutato

951 2036 1058 2063 hariolo
1073 2037 1221 2070 Augustam
1233 2044 1247 2064 a
1259 2044 1288 2064 se
1299 2037 1437 2069 alienavit,
1455 2039 1557 2066 homini
1573 2039 1626 2071 illi,
1643 2047 1729 2074 popu-

950 2083 999 2109 lari
1016 2090 1066 2109 suo
1081 2089 1107 2109 et
1128 2083 1262 2117 placentia
1282 2084 1454 2111 aununtianti
1466 2104 1473 2117 ,
1487 2084 1655 2126 beneyoiam.
1675 2085 1728 2112 Ta.

950 2136 1011 2156 men
1030 2129 1098 2161 haec,
1115 2129 1284 2156 dissimulata
1300 2129 1350 2162 ira,
1369 2130 1436 2157 nihil
1454 2134 1511 2157 tum
1527 2131 1622 2158 durius
1640 2131 1727 2165 dixit;

951 2175 998 2202 scd
1026 2182 1119 2202 eorum
1135 2174 1181 2209 qui
1195 2174 1307 2202 aderant
1329 2176 1413 2209 gratia
1431 2175 1533 2203 vultum
1548 2176 1660 2204 hilarem
1687 2177 1730 2204 in-

112 2211 174 2237 simi
192 2218 382 2240 convcnerunt
395 2213 464 2248 (58).
480 2213 628 2250 Gregoram
650 2217 683 2244 ab
695 2217 858 2252 imperatore
868 2225 895 2248 et
909 2211 934 2241 D
948 2221 1017 2254 duit,
1032 2225 1059 2248 et
1075 2221 1205 2248 ultionem
1223 2221 1248 2247 in
1270 2221 1342 2248 aliud
1362 2226 1467 2256 tempus
1481 2222 1598 2250 distulit.
1611 2223 1647 2250 At
1661 2222 1729 2250 Gre-

116 2263 131 2283 a
146 2256 300 2292 patriarcha
321 2258 465 2286 invitatum
479 2259 551 2287 domi
568 2260 796 2298 detinuitcapitis
817 2263 895 2293 dolor

152 2328 208 2363 (50)
227 2328 307 2355 anv.
327 2329 358 2356 ad
374 2338 439 2357 ann.
457 2330 526 2358 1555
543 2339 619 2359 nttm.
643 2333 668 2359 i.
686 2332 741 2360 Leo
757 2333 837 2362 Aliat.
856 2335 895 2363 De

119 2362 218 2401 Εεςζςι.
230 2363 326 2401 ριὀἰά.
342 2370 364 2391 et
381 2364 482 2401 Qricnt.
499 2374 571 2401 prrp.
588 2376 660 2394 cum.
677 2368 728 2395 col.
744 2369 805 2396 800.

148 2398 206 2439 (5i)
220 2398 370 2439 pantacum.
388 2398 598 2439 Hist._lib._t_i._c.
614 2403 647 2430 59
660 2411 666 2435 ;
678 2402 787 2439 Odoric.
806 2404 892 2439 Rayn.

113 2433 147 2472 _ad
170 2433 202 2472 A_.
217 2433 344 2472 @1353,
360 2435 504 2472 ωιτη-18.
520 2435 588 2472 Vide
609 2443 637 2464 ei.
658 2433 801 2472 epistolam
829 2433 894 2466 nitr-

112 2467 237 2508 iaamiati
255 2468 417 2508 Demetrium
433 2467 716 2508 Thessalonicensem,
733 2481 792 2508 quae
806 2479 896 2502 exstat

111 2503 182 2543 apud
200 2503 279 2531 Bzov.
296 2504 340 2530 ad.
356 2511 419 2530 ann.
439 2504 516 2536 1553,
531 2514 605 2533 num.
623 2507 667 2535 ii.

148 2538 205 2573 (52)
218 2539 302 2566 Codd.
320 2539 399 2571 1997,
412 2538 492 2572 2951),
507 2541 587 2568 2951.

258 2549 302 2566 uti.
320 2549 399 2571 ιυυι,
413 2549 492 2572 ZUDU,
507 2549 587 2568 130'.

149 2573 204 2607 (53;
222 2575 302 2601 Δία.
319 2573 397 2601 isto.

147 2608 330 2646 (54)»9doric.
348 2609 434 2644 ltayn.
453 2609 487 2638 ad
499 2618 564 2638 attn.
581 2611 659 2646 1539,
673 2621 750 2641 nunt.
765 2614 807 2642 19.
829 2614 896 2642 itrm

111 2650 187 2670 nunt.
203 2644 238 2670 25
247 2650 274 2672 et
288 2646 333 2672 51.

220 2678 503 2706 Umbiiicanimnrnm.

219 2713 285 2757 Yide
299 2715 365 2741 ΙΙίει.
382 2715 508 2757 Byf;
526 2723 585 2750 tux,
606 2725 632 2745 c.
648 2719 674 2752 1,
695 2723 761 2748 sect.
782 2719 809 2746 1i.

222 2751 289 2786 ante
305 2748 411 2786 annum
422 2750 499 2777 1528.

148 2775 205 2818 {58.3
223 2775 288 2810 Hist.
307 2775 357 2812 ut};
370 2775 406 2816 xl,
422 2793 446 2811 ρ.
461 2775 507 2813 eo;

155 2818 210 2851 [59)
225 2818 357 2853 Gregoras
378 2819 477 2853 possint
503 2821 527 2846 in
551 2820 626 2849 libris
649 2824 705 2850 suis
731 2824 894 2851 mentionem

117 2859 208 2885 (χιιι-τυ
237 2854 325 2881 nimbi
360 2854 483 2882 imulral.
497 2855 560 2884 Vide
587 2857 715 2892 libciinni,
741 2861 818 2886 Κατὰ
844 2860 896 2886 τῶν

947 2275 1038 2303 geras,
1052 2266 1163 2293 domum
1180 2273 1321 2300 reversus,
1335 2267 1447 2294 omniin
1461 2272 1599 2302 posterum
1614 2273 1728 2296 conten—

947 2336 993 2364 τοῦ
1009 2337 1138 2371 Γρηγορᾶ
1151 2336 1329 2372 ληρημότων.

984 2372 1039 2406 (60)
1062 2372 1270 2400 Cantacnzenus
1297 2373 1396 2400 victum
1422 2373 1592 2400 Barlaamutn
1619 2373 1725 2401 veniam

967 2407 1060 2434 etiisse
1083 2411 1110 2434 et
1132 2407 1247 2442 Palama:
1262 2408 1413 2435 doctrinam
1434 2409 1598 2442 approbasse
1620 2409 1724 2436 scribit.

967 2414 1060 2434 etnsse
1083 2414 1110 2434 et
1132 2414 1247 2434 ratamae
1262 2414 1413 2435 doctrinam
1434 2414 1598 2442 approbasse
1620 2414 1724 2436 SCI'iDil.

946 2414 1067 2470 Fonunes
1080 2441 1244 2478 patriarcha,
1258 2443 1303 2476 qui
1315 2443 1418 2478 synodo
1437 2443 1554 2478 praefuit,
1571 2443 1604 2470 de
1621 2443 1727 2470 duobus

949 2481 1053 2503 tantum
1066 2477 1202 2510 capitulis.
1216 2485 1312 2511 uentpe
1328 2477 1361 2505 de
1374 2477 1509 2505 Thaborio
1525 2478 1628 2504 iuntine
1644 2483 1671 2505 ct
1694 2480 1728 2506 de

948 2512 1107 2547 precatione
1124 2512 1204 2547 iniam
1226 2514 1391 2547 sententiain
1405 2513 1443 2539 ait
1458 2513 1528 2547 apud
1550 2512 1633 2539 Leon.
1647 2513 1724 2540 Allat.

949 2545 989 2582 De
1006 2545 1106 2573 Ειτιινι.
1122 2546 1209 2573 Occid.
1227 2551 1250 2572 el
1266 2546 1366 2575 Orient.
1388 2556 1461 2582 ρετ-ρ.
1475 2545 1553 2576 ὶοηδ.
1579 2548 1626 2574 lib.
1653 2556 1682 2580 ιι,
1700 2556 1725 2575 c.

948 2581 992 2608 17.
1008 2581 1140 2616 GregOras
1157 2581 1273 2615 denique
1286 2583 1369 2609 solam
1387 2581 1562 2616 quaest-onem
1584 2583 1617 2609 de
1634 2590 1728 2617 preca-

948 2616 1021 2643 tione
1040 2616 1173 2652 agitatam
1189 2624 1195 2648 ;
1213 2617 1297 2652 quod
1319 2618 1351 2644 ad
1371 2624 1467 2644 uetera
1484 2619 1621 2651 attineret,
1635 2616 1728 2652 cogni-

945 2652 1047 2677 tionem
1067 2650 1178 2678 dilatam
1210 2650 1296 2678 fuisse
1321 2653 1463 2679 contrudit
1484 2663 1490 2680 :
1514 2654 1605 2686 itaque
1628 2650 1727 2679 uectio

944 2686 1154 2713 biassaiianismo
1166 2705 1173 2717 ,
1189 2693 1239 2712 ncc
1254 2686 1287 2713 de
1301 2687 1361 2714 aliis
1377 2688 1536 2715 criminibus
1552 2687 1665 2714 i’aiannv.
1680 2688 1728 2714 ob-

941 2721 1031 2756 jectis,
1045 2719 1241 2756 artumiuisse.

980 2756 1035 2790 (61)
1053 2754 1203 2791 Vitierllist.
1215 2755 1279 2791 Byz.
1296 2757 1344 2784 iii).
1361 2766 1415 2790 Χιν,
1431 2766 1454 2784 c.
1468 2758 1495 2784 8.

982 2791 1037 2830 (iii)
1056 2790 1168 2816 Συνὸδυυ
1191 2793 1420 2827 συγκξοτηοείσης
1445 2792 1582 2827 διυτέρσς,
1602 2791 1729 2818 t0iu.i‘a-

945 2824 1037 2895 1.113213.)
1055 2859 1120 2887 Vide
1135 2861 1203 2888 llis-1.
1219 2861 1280 2895 ηιμ,
1292 2861 1339 2889 lib.
1357 2870 1412 2895 nv,
1425 2872 1448 2890 ς.
1464 2862 1489 2888 8.
