1895 3062
114 109 149 145 3ἷ

656 101 870 146 NICEPIIORI
890 114 1084 146 GREGORE
1102 117 1197 148 VITA.

1708 120 1750 150 3.“!

112 168 229 202 lberius
250 174 322 200 'mne
346 182 460 209 arguere
485 175 613 207 instituit,
631 181 660 202 nt
680 175 720 201 vel
745 176 899 202 rum-ictum
918 182 936 209 Α
952 181 1056 211 partem
1075 176 1203 209 indoctis,
1219 175 1352 210 judicium
1379 176 1558 211 permitteret,
1574 176 1654 204 enixe
1678 184 1745 204 cott-

114 220 217 254 pttdoru
232 221 359 252 alliceret,
371 222 412 248 vel
430 222 487 256 ipse
505 222 633 257 Byzantio
648 226 759 249 exactus
776 222 900 248 I‘Iccles’aa

113 272 251 298 oppr-essm
269 271 416 301 conspectu
439 267 534 294 saltem
553 273 670 295 careret.
695 267 728 294 At
751 267 796 294 ille
822 271 900 294 tenax

116 312 260 345 propositi.
280 320 331 339 nec
356 313 474 340 hominis
490 314 550 340 irati
571 313 663 340 verbis
687 312 819 344 oﬂ'enstts,
845 313 901 347 pari

118 363 203 390 usque
223 356 283 391 jure
300 357 449 392 imperator
471 366 532 385 cum
551 359 657 393 privato
678 359 851 392 disputabat;
875 364 903 385 ttt

118 400 190 428 illius
203 401 386 434 clementiam,
404 403 490 437 magis
511 411 590 437 quam
612 403 693 437 hujus
703 397 805 435 14mm,
823 404 904 437 pleri-

117 453 169 477 que
183 446 393 475 admirarentur.
410 447 529 474 Tandem
547 448 689 483 Gt'egoras.
705 449 830 482 quoniam
855 450 904 475 ltac

118 491 209 517 minus
224 492 396 521 succedebat.
412 493 491 519 aliam
505 494 574 520 viam
594 494 755 529 ingreditur.
769 495 860 521 Canta'
872 503 900 521 ιιε

118 544 186 562 aeno
202 536 418 571 Didymotichnnt
434 539 555 572 profecto
570 539 636 574 (7'2),
651 540 744 566 lreucn
761 541 817 567 ad't
833 541 905 567 illius

119 589 241 613 uxorem,
263 584 365 609 recenti
389 583 435 609 filii
458 588 545 611 morte
561 584 697 611 aﬂlictam.
715 585 779 612 Eam
801 585 905 612 cladem

118 627 219 654 erroris
239 636 288 662 per
302 628 521 656 Catttacuzenum
540 630 688 664 grassantis
709 631 828 657 fruettttn
846 638 906 658 esse

119 672 244 705 alI‘trntat.
271 680 298 700 et
324 674 402 701 fidem
425 675 498 702 facit.
522 676 559 702 lta
583 684 646 703 suas
669 682 759 710 partes
780 677 907 710 Augusta:

120 719 273 752 patrocinio
290 719 412 746 roborat.
431 720 467 746 Ea
487 728 517 747 re
540 720 631 748 audita
652 720 799 754 Palamita',
821 728 853 748 ac
879 721 906 747 in

120 764 214 798 primis
240 756 361 793 Isidorus
392 767 557 801 patriarcha,
583 768 616 794 ad
643 767 737 794 Irenen
763 770 909 800 accedunt,

120 811 212 845 eique.
231 815 260 838 ut
275 812 308 838 ab
329 812 402 839 omni
420 819 480 839 cum
498 812 614 847 Gregora
636 812 832 839 consuetudine
845 812 908 839 abs-

122 857 218 886 tiucal.
236 857 400 891 persuadere
431 859 609 886 contendunt.
634 858 743 893 Repulsi
772 858 908 885 Cantacu-
923 851 946 880 Β

122 910 218 930 zenutn
237 902 425 939 Didymoticho
439 909 564 932 evocant.
580 903 631 932 llic
645 905 791 931 tumultum
806 903 908 930 veritus

123 949 281 984 Byzantium
297 950 405 977 advolat
429 955 456 977 et
480 951 618 985 litigantes
637 951 757 982 arcessit.
776 949 909 977 lsidorum

125 1003 221 1029 nempe
236 1000 262 1022 ct
284 995 441 1031 Grcgoram.
458 996 547 1023 Multis
571 997 642 1024 ultro
662 997 785 1031 citroque
804 1004 909 1024 sermo-

124 1041 204 1068 nibus
216 1041 322 1072 habitis,
334 1042 444 1075 pervicit
460 1042 604 1076 Gregoras,
621 1047 650 1069 ut
665 1042 759 1070 lsidori
772 1042 908 1074 Canones,

125 1095 172 1114 seu
197 1087 365 1122 lIytnnodim,
390 1088 450 1123 igne
474 1089 642 1121 delerentur,
669 1096 699 1115 ac
726 1094 754 1122 ut
781 1088 909 1123 loquendi

124 1133 131 1159 l
146 1134 275 1160 hertatcut
295 1133 311 1160 ii
330 1134 492 1168 reciperent,
508 1135 608 1168 qttibus
623 1135 746 1169 adempta
762 1139 845 1162 esset.
865 1134 911 1161 llis

125 1179 326 1206 conditionibus
350 1181 376 1206 in
398 1180 572 1207 concordiam
590 1180 705 1207 reditum
723 1184 774 1211 est,
792 1185 819 1208 et
836 1188 910 1207 sum-

127 1231 223 1259 ptuoso
238 1225 364 1252 convivio
375 1225 478 1252 sant-ita
496 1233 557 1260 pax.
574 1225 626 1252 Sed
639 1233 677 1252 etc
691 1225 798 1259 quidem
815 1225 911 1253 breves

82 1271 87 1275 ”
128 1271 240 1298 induciae
263 1271 381 1298 fuerunt.
398 1271 463 1297 Nam
478 1271 612 1301 Palamas.
633 1271 705 1304 quod
722 1271 760 1297 illi
776 1271 911 1305 colloquio

127 1325 246 1352 praesens
261 1318 330 1344 ltand
347 1318 524 1347 interfuisset,
540 1316 726 1352 Didymoticho
740 1317 911 1350 postmodum

127 1365 240 1395 accitus,
264 1364 326 1391 lites
353 1364 502 1391 renovavit.
530 1363 698 1398 Disputatum
721 1370 815 1389 rursus
840 1363 911 1397 apttd

128 1413 320 1445 imperatorem
336 1411 391 1437 acri
404 1410 589 1441 contentione,
608 1409 684 1435 nullo
699 1413 787 1435 atttem
803 1416 913 1436 succes-

127 1466 170 1484 su.
187 1458 222 1483 De
239 1462 295 1483 toto
312 1457 358 1484 illo
373 1456 481 1491 negotio
499 1457 575 1490 plttra
591 1456 661 1482 scire
674 1455 719 1489 qtti
738 1455 881 1486 voluerint,
895 1454 911 1481 ii

127 1504 274 1537 Gregoram
292 1504 379 1537 ipsutn
397 1503 504 1534 adeant,
520 1502 645 1529 Historia:
663 1502 731 1528 libro
749 1510 793 1534 xv,
808 1509 867 1536 cap.
884 1501 911 1528 5.

164 1550 276 1576 Biennio
292 1549 350 1576 fere
366 1554 508 1583 postquam
530 1549 586 1574 haec
603 1552 677 1582 gesta
694 1551 767 1579 sunt,
785 1546 835 1573 sub
852 1546 911 1573 exi-

129 1601 186 1630 tum
203 1597 266 1623 anni
287 1595 362 1626 1549,
380 1595 447 1621 obiit
464 1594 785 1629 Constantiuopolitanus
797 1593 913 1628 patriar-

127 1645 180 1670 cha
209 1643 337 1669 Isidorus.
365 1642 572 1669 Cantacuzcnus
605 1641 752 1674 imperator
780 1644 807 1666 et
838 1639 913 1665 lrene

129 1691 248 1723 Augusta
277 1688 403 1723 Grcgora:
436 1687 556 1714 animum
585 1686 732 1716 blanditiis.
760 1685 912 1720 promissis,

130 1735 328 1769 largitionibus.
347 1734 460 1768 aliisque
486 1733 589 1760 artibus
611 1733 663 1767 iatn
681 1740 752 1765 smpe
771 1736 913 1763 tentatum,

130 1794 135 1807 ι
148 1783 210 1808 tiatn
227 1780 400 1816 patriarchali
412 1780 540 1814 dignitate
556 1783 687 1807 ostentata
702 1779 810 1805 ﬂectere
825 1783 852 1804 ct
863 1777 914 1804 sibi

131 1828 287 1863 mancipare
315 1826 406 1854 conati
439 1832 512 1853 sunt.
535 1825 669 1859 Grcgoras
698 1829 727 1852 ttt
752 1824 914 1851 sententiam

131 1880 248 1901 mutaret
261 1874 356 1900 adduci
370 1881 424 1900 non
441 1872 547 1907 potuit:
561 1871 608 1898 scd
623 1876 649 1898 et
662 1871 722 1897 illos
735 1870 824 1897 vcrbis
837 1869 916 1896 casti-

131 1925 207 1956 gatos
222 1920 300 1948 olIicii
315 1919 468 1950 atlmonnil,
485 1923 512 1944 et
536 1917 655 1944 oblatum
678 1917 809 1944 honorem
834 1923 916 1950 repu—

926 1518 947 1547 ε

132 1968 223 1994 diavit.
241 1966 332 2000 Itaque
347 1970 454 1992 creatus
475 1963 629 1998 patriarcha
649 1964 799 1990 monachus
817 1964 918 1991 montis
942 1957 944 1960 V

132 2014 213 2045 Atho,
225 2013 333 2039 nomine
344 2011 481 2041 Callistus,
497 2010 537 2036 vir
549 2010 702 2037 illitteratus
711 2015 736 2037 et
751 2010 919 2045 Acindyuia-

135 2068 231 2088 norunt
256 2058 342 2085 hostis
362 2058 521 2084 acerrimus.
542 2056 620 2082 Anno
635 2056 744 2083 demum
768 2056 831 2082 1551
851 2056 920 2082 Can-

134 2112 292 2135 tacuzenus,
307 2108 336 2131 ut
350 2102 544 2138 Acindynianis
562 2102 735 2130 turbantibus
747 2107 774 2129 et
789 2102 922 2129 Constan-

136 2152 340 2187 tnopolitanam
371 2149 520 2177 Ecclesium
549 2149 756 2176 criminantibus
781 2148 918 2176 silentium

135 2198 142 2225 i
156 2201 298 2231 uponcret.
317 2195 450 2230 synodum
465 2201 614 2221 convocare
627 2193 722 2220 statuit
738 2193 803 2229 (70),
821 2198 848 2220 at
862 2201 918 2220 non
936 2187 956 2214 ῐ)

136 2242 343 2273 ueeutncnieam.
374 2245 403 2268 ut
426 2248 499 2275 saepe
520 2245 547 2267 et
560 2239 626 2274 .jam
651 2239 758 2274 pridem
783 2238 919 2273 pollicitus

137 2286 233 2318 fuerat.
253 2289 397 2323 Gregoras,
414 2295 446 2314 ea
464 2295 493 2314 re
505 2286 608 2319 audita,
625 2285 750 2321 privatim
766 2285 840 2311 illum
853 2293 918 2312 eon-

136 2337 222 2369 vcnit,
232 2341 312 2370 atque
324 2339 352 2362 ut
368 2342 402 2362 ne
418 2332 554 2369 episcopis
564 2332 667 2367 paucis,
678 2331 765 2366 iisque
775 2331 919 2358 maximam

173 2406 228 2440 (79.)
252 2405 281 2431 Δ.
296 2404 326 2432 C.
340 2404 417 2436 1547,
427 2407 562 2440 autumno
580 2405 707 2440 exeunte.

175 2436 229 2476 (70)
251 2441 396 2467 Canlacuz.
423 2437 492 2465 ΙΙὶει.
516 2437 564 2464 lib.
587 2445 623 2470 tv,
643 2445 666 2464 e.
682 2436 727 2463 25.
752 2436 831 2472 Greg.
849 2436 917 2464 Ilist.

138 2478 186 2505 lib.
204 2484 279 2506 xvnt,
294 2484 318 2502 c.
338 2475 364 2502 5.
868 2492 873 2497 ι

175 2513 230 2546 (71)
253 2512 345 2538 Exstat
361 2509 448 2546 oratio
464 2508 510 2535 lib.
528 2515 605 2540 xvnt,
624 2515 648 2535 c.
665 2507 692 2534 4.

175 2547 230 2581 (7⁸2)
248 2546 319 2584 lhidl
330 2545 466 2584 sect_._4._‘
486 2578 502 2584 η
528 2578 544 2584 __

177 2578 232 2618 (75)
254 2584 284 2609 Α.
299 2582 330 2609 c.
349 2578 502 2618 panitet
520 2578 562 2606 die
575 2578 623 2618 fit.

178 2613 232 2653 (7-1)
251 2618 329 2645 Joan.
348 2614 545 2653 Cyparissioti-s
571 2613 919 2653 Rufumic._transgt'ession.

144 2649 213 2681 libro
226 2649 360 2684 secundo,
370 2649 433 2684 ’cap.
449 2649 497 2685 ult.
511 2654 565 2685 tres
578 2649 778 2685 Acindynianos
791 2652 923 2685 memorat

145 2695 170 2716 ut
188 2689 317 2718 illustres,
335 2683 452 2717 Bardi-tt,
471 2683 671 2717 I’olcrianitant,
684 2691 709 2711 et
725 2683 871 2718 Lyhdiccn.

181 2724 236 2757 (75)
255 2723 330 2756 Quod
349 2726 406 2749 erat
423 2721 450 2747 in
470 2720 659 2746 lilacheruensi
679 2720 787 2754 palatio.

179 2759 235 2792 ('Ili)
257 2766 332 2790 .\'\‘llI,
347 2759 401 2788 xta,
417 2765 463 2787 xx.
484 2763 538 2782 x.\'t.

180 2789 233 2828 (77)
254 2794 403 2827 Mevia-tat;
420 2789 712 2828 ᾳᾳὶξρρκιιιδεστάτᾳις
724 2789 805 2828 fitng
821 2789 926 2828 ᾀποκη-

148 2824 309 2866 ρυλοέντχςξ
322 2828 407 2862 inquit
423 2825 580 2853 l’hilozlteus
605 2824 766 2859 patriarcha.
780 2824 846 2851 Cod.
869 2832 925 2860 reg.

954 223 1058 249 tendit:
1080 227 1135 250 tttnt
1163 230 1196 248 ne
1212 221 1299 249 errori
1323 221 1528 257 suﬂ‘ragarctur,
1547 223 1640 250 ntultis
1661 223 1746 250 ratio-

954 269 1033 295 nibus
1057 269 1195 296 deterrere
1220 269 1309 303 ipsum
1332 275 1448 296 conatus
1472 273 1524 296 est.
1542 269 1594 296 Sed
1612 269 1691 303 longa
1717 271 1746 296 et

954 322 1051 349 aspera
1066 315 1252 341 admonitione
1266 315 1321 349 (TI)
1344 315 1411 341 nihil
1430 315 1564 349 profecit:
1583 315 1637 342 into
1659 315 1746 342 homi-

955 367 1016 386 nem
1043 361 1128 395 magis
1153 368 1166 386 a
1192 369 1220 387 sc
1244 361 1382 388 alienavit.
1400 360 1534 387 Czeterum
1559 368 1593 387 ne
1621 361 1744 396 religioni

955 407 1118 440 periclitanti
1144 408 1170 433 itt
1196 408 1255 442 ipso
1271 407 1384 434 articulo
1404 408 1523 438 deesset,
1548 408 1638 434 statim
1657 415 1686 434 se
1712 407 1744 433 ad

956 459 1093 479 certamen
1111 453 1237 484 ﬂt‘iillxil,
1255 458 1281 479 et
1297 453 1321 480 ci
1341 453 1385 487 qui
1407 461 1455 487 pro
1473 453 1533 479 ﬁdei
1557 454 1671 480 veritate
1695 460 1747 486 pu-

955 504 1088 533 gnaturus
1115 499 1179 526 foret
1214 499 1422 526 convenientem
1450 504 1615 525 armaturam
1645 498 1745 531 ittdu't,

957 545 1078 571 habitum
1094 545 1219 572 videlicet
1233 545 1426 572 monastieum.
1441 545 1469 572 Id
1484 553 1547 572 vero
1563 545 1662 572 factum
1677 545 1743 572 citra

958 590 1039 617 ullatn
1062 591 1265 620 cterentoniam.
1291 592 1373 617 uttius
1390 591 1539 618 sacerdotis
1562 590 1678 624 religiosi
1703 591 1747 616 in-

957 640 1098 668 terventu;
1113 643 1128 663 e
1142 637 1221 670 cujus
1233 644 1313 662 manu
1329 641 1430 663 vestem
1444 644 1504 662 cum
1519 635 1665 670 acciperet,
1681 643 1744 670 pro-

958 680 1047 707 fessus
1064 686 1116 713 est,
1134 689 1164 708 se
1181 686 1285 708 mutato
1301 681 1429 716 deinceps
1445 681 1552 708 vivendi
1570 689 1670 717 genere
1683 681 1747 709 vitae

958 725 1054 753 aulica!
1071 734 1184 760 prorsus
1200 727 1419 754 renuotiaturnm
1431 727 1499 761 (72).

996 772 1049 800 Ubi
1071 772 1189 799 indictus
1209 772 1267 800 dies
1293 773 1412 806 advenit,
1433 781 1586 801 convenere
1610 774 1636 801 in
1657 773 1746 801 aulam

960 825 1056 845 omnes
1070 818 1196 845 factionis
1217 818 1381 846 Palamiticzc
1402 819 1524 854 episcopi
1551 819 1618 855 (75).
1642 820 1746 848 Eodem

960 871 1067 898 quoque
1091 863 1224 899 Gregoras
1247 872 1307 891 cum
1334 865 1417 892 sociis
1432 869 1457 892 et
1482 865 1623 900 discipulis
1646 865 1746 893 adfuit.

959 909 1033 936 Inter
1056 910 1137 944 hujus
1156 910 1247 938 socios
1268 911 1423 938 eminebant
1440 917 1494 939 tres
1517 913 1674 947 pontifices:
1691 912 1748 946 pri-

959 959 1021 980 mus
1045 953 1157 988 Ephesi,
1180 954 1249 981 alter
1270 954 1338 982 Gani
1362 956 1550 990 tnctropolita;
1571 957 1667 984 tertius
1683 957 1746 992 Tyri

959 998 1115 1033 episcopus,
1140 999 1265 1034 idemque
1286 998 1448 1027 Antiocheni
1475 1001 1635 1035 patriarchzc
1663 1003 1747 1029 vicem

959 1050 1070 1077 gerens;
1088 1051 1140 1071 nec
1163 1053 1217 1071 non
1242 1046 1291 1073 viri
1316 1046 1371 1072 duo
1397 1047 1551 1074 eruditione
1577 1052 1748 1082 prazstautes,

961 1089 1059 1117 Dexius
1078 1095 1105 1117 et
1121 1091 1287 1118 Athanasius
1304 1092 1370 1127 (74).
1387 1093 1454 1119 Cum
1473 1093 1515 1120 his
1532 1094 1675 1128 Grcgoras,
1694 1094 1747 1121 cir-

960 1136 1029 1163 citer
1053 1136 1145 1163 ltorattt
1169 1137 1222 1164 diei
1250 1138 1409 1170 secundam,
1436 1139 1569 1173 palatium
1597 1140 1750 1175 ingressus,

960 1187 1042 1216 atque
1054 1182 1087 1208 ah
1101 1182 1241 1210 interioris
1255 1184 1324 1211 aula:
1335 1185 1410 1211 aditu
1424 1193 1473 1220 per
1489 1186 1598 1214 lictores
1610 1188 1749 1220 exclusus,

962 1227 1008 1254 diu
1030 1227 1129 1254 mansit
1150 1227 1175 1254 in
1191 1228 1337 1260 Vestibula,
1360 1229 1532 1263 epulantibus
1551 1231 1654 1258 interea
1677 1232 1750 1267 apud

962 1269 1155 1303 imperatorem
1179 1271 1327 1299 Palatnitis.
1351 1272 1455 1305 Quibus
1476 1279 1538 1308 post
1561 1276 1706 1310 prandium
1722 1278 1750 1304 in

961 1315 1049 1342 Alexii
1072 1316 1232 1344 Triclinium
1250 1318 1307 1353 (75)
1326 1319 1392 1346 hora
1418 1320 1475 1355 ipsa
1491 1321 1641 1349 meridiana
1665 1323 1753 1350 intro-

962 1362 1060 1395 ductis,
1085 1367 1110 1390 et
1132 1370 1194 1390 cum
1214 1363 1407 1392 Cantacuzcno
1431 1367 1495 1400 qttid
1519 1368 1653 1402 agendum
1676 1374 1752 1396 chet

962 1408 1164 1442 prmtneditatis,
1185 1410 1290 1436 tandem
1303 1416 1332 1437 ct
1348 1411 1526 1446 Acindyniani
1540 1412 1669 1446 impransi
1680 1413 1751 1448 jttssi

964 1458 1027 1480 sunt
1043 1454 1158 1482 intrare.
1174 1455 1284 1490 Singula
1303 1456 1383 1490 hujus
1407 1449 1609 1492 pseudosynodi
1627 1463 1687 1486 aeta
1710 1467 1752 1487 rc-

964 1507 1075 1527 censere
1095 1500 1203 1535 longum
1223 1501 1319 1534 fuerit;
1337 1510 1386 1529 nec
1408 1510 1473 1529 vero
1494 1511 1608 1531 necesse
1624 1509 1675 1538 est,
1688 1513 1750 1533 cum

963 1551 994 1571 ea
1013 1545 1101 1580 quivis
1118 1546 1203 1579 possit
1218 1554 1250 1573 ex
1268 1546 1354 1581 ipsius
1370 1546 1496 1582 Gregora:
1511 1549 1588 1576 libris
1606 1549 1662 1584 (76)
1676 1554 1701 1577 ct
1717 1557 1751 1577 ex

963 1590 1049 1618 Tomo
1062 1591 1219 1619 Palamitico
1234 1593 1343 1620 abunde
1358 1601 1534 1628 cognoscere.
1547 1594 1643 1622 Totius
1657 1596 1752 1630 dispu-

965 1639 1085 1671 tationis,
1102 1648 1162 1674 quae
1180 1639 1250 1667 intra
1267 1641 1421 1674 quindecim
1436 1642 1494 1669 dies
1506 1635 1752 1679 sessionibus'qna-

965 1689 1027 1712 tuor
1056 1686 1178 1713 absoluta
1209 1691 1267 1719 est,
1294 1687 1385 1714 exitus
1422 1687 1466 1715 ltic
1495 1688 1554 1715 fuit.
1587 1689 1752 1718 Conﬁrmata

964 1730 1080 1758 Palatinae
1107 1732 1238 1759 doctrina.
1267 1732 1294 1759 In
1330 1733 1499 1760 Barlaamum
1528 1739 1557 1761 et
1585 1736 1750 1770 Acindynum

966 1782 1088 1805 mortuos
1103 1778 1230 1805 horrendi
1247 1779 1378 1806 carminis
1394 1780 1448 1814 (77)
1468 1781 1613 1807 anathema
1631 1790 1754 1816 pronun-

967 1824 1061 1851 tiatunt
1081 1824 1148 1860 (78).
1167 1824 1265 1859 Ephesi
1287 1830 1315 1852 et,
1338 1825 1405 1852 Gani
1432 1827 1611 1860 metropolitis
1626 1827 1752 1862 adempta

967 1877 1016 1904 per
1038 1870 1091 1896 vim
1119 1869 1234 1905 insignia
1259 1869 1417 1906 dignitatis;
1448 1879 1502 1898 non
1532 1872 1596 1899 item
1624 1873 1753 1908 episcopo

967 1916 1041 1950 'I‘yri,
1064 1916 1108 1950 qui
1125 1916 1225 1943 ultima:
1243 1917 1357 1943 sessioni
1375 1917 1446 1944 haud
1473 1918 1607 1945 interfuit.
1629 1918 1755 1955 Gregora:

969 1961 1093 1996 discipuli
1111 1961 1156 1988 alii
1177 1962 1205 1989 in
1229 1963 1366 1990 custodias
1394 1963 1460 1995 dati,
1488 1964 1534 1991 alii
1557 1972 1665 1992 omnetn
1692 1974 1753 1993 cutn

970 2008 1098 2044 magistro
1119 2008 1344 2036 consuetudinem
1375 2010 1461 2037 coacti
1487 2012 1606 2046 ejurare.
1621 2012 1755 2048 Grcgoras

971 2059 1059 2081 tamen
1076 2054 1135 2089 ipse
1148 2054 1222 2082 nullo
1236 2055 1309 2082 dicto
1323 2055 1456 2089 violatus;
1474 2057 1523 2084 sed
1541 2057 1566 2084 ei
1579 2062 1607 2085 et
1624 2058 1683 2085 aliis
1696 2059 1756 2093 qui-

970 2100 1083 2128 busdam
1107 2100 1184 2128 facile
1204 2101 1367 2135 permissum
1384 2107 1435 2135 est.
1458 2103 1569 2131 domum
1584 2109 1613 2131 ttt
1637 2105 1754 2132 abirent.

972 2146 1073 2173 Toutus
1095 2146 1239 2181 synodicus
1263 2146 1319 2182 (79)
1337 2155 1392 2174 non
1416 2148 1519 2179 statim,
1535 2149 1582 2176 sud
1609 2155 1670 2183 post
1687 2149 1755 2176 duos

971 2200 1079 2220 menses
1097 2193 1284 2229 promulgatas
1303 2194 1369 2229 (80).
1398 2194 1592 2230 Snbscripsere
1608 2195 1756 2230 imperato-

972 2247 1027 2272 res,
1043 2239 1162 2267 Joannes
1176 2240 1396 2273 Cantacuzcnus,
1418 2245 1445 2268 et
1459 2240 1519 2275 ejus
1534 2249 1616 2276 gener
1636 2241 1756 2269 Joannes

973 2285 1154 2318 Palaeologus;
1170 2289 1226 2312 tum
1240 2285 1367 2312 Callistus
1383 2285 1550 2320 patriarcha,
1562 2290 1590 2312 et
1603 2285 1648 2312 alii
1665 2285 1756 2320 ponti-

975 2331 1038 2357 fices
1060 2330 1126 2364 (Si).
1145 2330 1228 2357 Paulo
1253 2337 1311 2365 post
1335 2331 1390 2365 (εἰ)
1406 2330 1622 2363 Cantaeuzcnus,
1647 2336 1755 2366 sump'o

976 2402 1051 2432 l996,
1074 2401 1119 2428 fol.
1136 2401 1196 2428 519.

1009 2437 1064 2469 (78)
1086 2437 1122 2464 Ut
1135 2436 1161 2463 in
1176 2443 1349 2471 cosquorutn
1366 2437 1438 2464 salus
1453 2443 1524 2464 esset
1538 2437 1691 2471 desperata.

1010 2473 1067 2507 (79)
1087 2472 1209 2508 Editttsa
1221 2470 1383 2500 Combefisio
1395 2473 1515 2500 Auctarii
1527 2473 1668 2500 novissimi
1682 2479 1758 2508 parte

975 2507 1057 2535 altera
1076 2515 1136 2542 pag.
1156 2506 1216 2533 170.

1010 2543 1063 2577 (80)
1083 2543 1114 2569 Α.
1133 2542 1163 2578 ti.
1182 2542 1260 2575 1551,
1289 2550 1382 2570 mense
1408 2543 1541 2578 Augusto,
1565 2547 1628 2571 ante
1658 2543 1757 2571 festum

974 2577 1184 2611 Assntnptionis.

1011 2613 1065 2647 (81)
1083 2612 1309 2646 Subscripserunt
1319 2613 1518 2647 metropolitani
1531 2614 1638 2648 propria
1650 2614 1758 2648 quidcnt

977 2656 1058 2675 manu
1084 2647 1176 2681 viginti
1207 2648 1344 2681 quinque;
1368 2648 1423 2674 dtto
1447 2647 1537 2675 autent
1565 2649 1608 2675 διὰ
1632 2647 1759 2682 γύωμῶν.

978 2683 1132 2710 Adfuerunt
1148 2687 1277 2716 prmterea
1292 2683 1410 2717 episcopi
1428 2688 1542 2716 septem,
1560 2689 1588 2710 ut
1608 2687 1713 2710 constat
1729 2691 1760 2709 cx

980 2718 1441 2753 sttltscriptionibusipsettdosynodi
1461 2718 1632 2749 Palamiticre,
1649 2726 1663 2745 a
1681 2719 1763 2745 (Zom—

980 2754 1076 2781 hetisio
1102 2753 1190 2779 editte.
1219 2752 1320 2779 Tamen
1351 2753 1484 2788 Greguras
1512 2753 1580 2780 duos
1608 2757 1711 2780 tantum
1736 2757 1762 2779 et

980 2789 1074 2823 viginti
1090 2788 1233 2815 arcessitos
1249 2788 1372 2814 aﬂirtuat.

1017 2824 1070 2858 (32)
1092 2825 1118 2850 111
1132 2823 1200 2850 ft‘S'o
1216 2823 1426 2857 As~omptiouts.
