1895 3062
113 155 149 186 35
660 158 870 195 PUCEPIIORI
890 162 895 188 1

949 159 1085 190 EGORIE
1104 160 1203 191 VITA.
1421 166 1437 192 ἠ
1702 162 1738 193 36

111 223 173 249 gum
196 219 318 248 mutata,-
335 222 368 242 ρο
382 215 487 243 scilicet
499 217 622 250 consflio,
642 223 670 244 ut
685 224 775 252 posset
790 218 902 246 alterius
916 222 940 250 Α
952 219 977 246 ei
998 219 1138 254 scriptioni
1157 218 1319 253 impenderit
1334 218 1401 253 (95).
1420 218 1438 246 li
1457 223 1521 246 sunt
1538 218 1605 246 liber
1616 218 1739 247 decimus

112 260 201 287 verbis
222 264 279 286 tum
305 260 478 288 adversarios
504 270 618 297 arguere
640 263 762 295 liberius,
787 268 844 290 tum
871 271 900 291 se

112 305 201 338 ipsum
217 305 324 332 minore
338 306 438 333 invidia
455 307 574 339 laudare,
597 308 641 334 ubi
666 316 709 334 res
724 309 874 343 postularet
891 316 898 336 :

112 351 138 377 id
162 351 233 385 quod
261 351 361 386 alioqui
386 357 466 387 turpe
489 357 516 380 ct
533 354 702 386 indecorum,
726 355 841 382 fortasse
857 356 899 382 isti

110 397 321 424 condonandum
341 403 394 429 est,
411 399 541 433 optimam
558 407 668 427 causam
688 400 855 431 defendenti.
873 405 901 428 ct

111 451 172 470 cum
200 443 336 471 haereticis
359 444 519 471 decertanti.
542 444 607 472 Mihi
628 445 736 480 quidem
753 446 900 473 verisimile

112 489 152 522 ﬂt,
168 493 254 516 totum
271 489 336 516 illud
352 489 530 526 Agathangeli
545 491 661 518 subinde
676 492 767 519 euntis
784 492 901 519 redeun-

112 535 200 568 iisque
221 535 371 569 cpisodium
399 536 545 563 conﬂctum
571 544 632 564 esse
655 537 690 564 ab
716 537 846 565 historico
868 545 900 565 ea

112 580 232 611 licentia.
248 589 299 616 qua
316 582 469 616 philosophi
483 587 511 610 et
522 587 645 611 oratores
660 583 781 618 plerique
800 584 825 610 in
840 584 901 611 dia-

112 626 180 662 logis
203 628 239 653 iiIi
255 627 364 654 solent:
381 636 534 663 quanquam
559 630 610 656 lioc
635 634 700 656 satis
716 636 832 661 constat.
850 630 900 657 llo-

113 672 201 699 ruisse
223 672 269 700 illo
294 681 352 700 :evo
375 674 520 708 quemdam
542 675 653 702 nomine
672 675 898 711 Agatliaugelum,

112 718 157 750 qui
176 721 203 744 et
225 718 356 746 advorsus
384 719 531 756 Gregoram
557 721 655 748 librum
679 730 730 756 pro
752 722 899 749 Aristotele

112 762 308 796 apologetieum
322 765 377 798 (90)
389 766 543 810 scripserit.

149 816 189 842 Ab
200 816 246 843 illo
261 823 393 851 ieiiiporc,
407 827 460 852 quo
476 824 567 846 tonius
583 819 756 846 l‘alamiticns
772 820 897 854 proinul-

113 866 193 894 gatus
207 868 260 894 cst,
277 863 308 889 ad
326 863 401 889 illuni
420 864 502 895 diem,
515 873 569 898 quo
584 865 702 892 Joannes
721 865 897 900 Paluiologus,

113 907 271 941 Byzantium
286 914 398 942 repente
412 910 561 944 ingressus,
579 918 712 937 summam
734 916 895 945 potestatem

114 955 226 988 recepit,
243 955 376 989 (ircgoi'as
394 956 475 982 domo
494 961 623 990 tanquam
642 965 751 984 carcere
776 957 896 984 inclusus

113 1000 198 1027 multa
226 1000 396 1027 incommoda
413 1002 533 1035 pertulit.
564 1002 623 1037 Ipse
650 1003 681 1029 ad
698 1011 758 1029 eam
777 1004 895 1038 inopiam

113 1046 250 1072 redactum
271 1054 300 1073 se
314 1049 446 1081 qucrilur,
462 1052 490 1074 ut
504 1055 565 1074 cum
581 1048 679 1075 hiemis
697 1048 781 1084 frigus
797 1051 897 1076 acutis-

112 1091 210 1117 simum
227 1096 308 1123 esset,
323 1092 417 1127 gelida:
434 1100 511 1127 aqua:
529 1093 624 1127 poeula
648 1093 726 1120 aliter
742 1095 896 1128 tepciziCi-re

114 1138 184 1165 haud
201 1143 329 1173 potuerit,
348 1140 398 1166 nisi
411 1140 477 1166 solis
492 1140 572 1172 radiis
585 1148 631 1174 per
647 1140 792 1167 fenestram
808 1140 834 1167 in
849 1149 896 1167 cii-

113 1185 232 1211 biculiiiii
257 1185 498 1220 introniissis(9|).
516 1185 587 1212 Idem
604 1192 849 1221 inciiioral,aquam
868 1194 898 1214 se

110 1238 142 1256 ex
152 1234 233 1264 puteo
245 1236 367 1257 coactum
379 1231 489 1257 haurire
501 1230 534 1257 ad
545 1239 638 1257 saxum
648 1237 729 1258 noctu
741 1232 897 1264 oﬂendissc,

112 1281 192 1311 atque
210 1276 272 1302 hinc
288 1276 380 1302 uiu'tis
397 1276 492 1303 diebus
527 1276 594 1309 pede
611 1281 760 1311 aegrotante
782 1286 895 1305 necesse

112 1322 162 1349 sibi
182 1321 266 1348 fuisse
286 1329 383 1355 aquam
400 1322 504 1356 pigram
522 1327 549 1349 ct
573 1323 707 1356 pulridani
726 1328 829 1357 potare,
850 1325 898 1350 do-

112 1375 162 1394 nec
185 1367 361 1402 Agathattgi-li
383 1367 533 1394 ministerio
564 1369 643 1395 aliam
673 1368 897 1403 paravissct(9‘2).

113 1412 213 1439 Basilio
229 1411 324 1446 Magno
355 1417 382 1438 et
409 1411 470 1439 aliis
483 1412 670 1447 compluribus
696 1412 762 1439 viris
785 1414 897 1446 sanctis,

110 1458 156 1493 qui
174 1457 374 1492 persecutionis
388 1463 461 1485 metu
476 1459 503 1484 in
519 1459 666 1493 speluncas
682 1465 709 1486 (ιι
730 1459 756 1486 in
774 1461 900 1488 solitudi-

111 1512 161 1531 nes
176 1503 318 1539 fugissent,
337 1505 499 1539 permissum
521 1505 584 1532 olim
610 1505 670 1539 fuit,
697 1506 742 1532 ubi
774 1507 898 1534 sacerdos

110 1550 230 1581 abesset.
243 1555 448 1577 sacrosanctum
464 1551 565 1577 (Iliristi
582 1558 683 1585 corpus
699 1552 816 1586 propriis
842 1560 899 1578 nia—

112 1596 193 1622 iiibiis
209 1603 318 1623 sumere
335 1600 362 1623 et
377 1597 418 1622 ori
437 1603 488 1623 suo
505 1597 663 1624 admovere.
677 1597 787 1625 Illorum
805 1606 897 1624 excin-

111 1642 157 1676 pio
173 1641 318 1676 Gregoras,
346 1649 408 1668 cuni
435 1641 514 1669 aliter
547 1650 601 1669 non
628 1642 732 1673 liceret,
755 1649 896 1678 propterea

111 1687 184 1722 quod
198 1687 289 1714 nullus
307 1687 338 1714 ad
356 1695 417 1714 eum
434 1688 516 1715 donio
530 1688 666 1715 inclusum
697 1689 825 1716 sacerdos
852 1697 897 1716 or-

111 1733 249 1760 thodoxus
266 1733 397 1760 accedere
411 1733 537 1764 audebat.
553 1734 731 1761 Eucliaristia:
742 1742 897 1762 sacramen-

112 1784 168 1806 tum
187 1779 238 1806 sibi
255 1779 306 1814 ipsi
321 1780 444 1813 privatim
465 1780 641 1807 ministravit.
668 1780 800 1807 Nimirum
817 1780 898 1808 habe-

111 1827 158 1852 bat
170 1833 252 1860 pones
264 1832 293 1852 se
305 1825 456 1852 hostiarum
468 1831 689 1853 consecratarum
699 1827 804 1862 copiam
816 1827 897 1862 longo

111 1876 173 1898 ante
188 1872 407 1906 provisam,qiias
417 1877 557 1906 postquam
567 1880 662 1900 omnes
672 1874 895 1907 consumpsisset,

112 1917 228 1944 amicum
246 1917 465 1952 Agatliangcliim
482 1924 591 1952 rogasse
606 1924 635 1944 se
654 1917 703 1949 ait,
719 1922 747 1945 ut
766 1918 836 1945 alias
846 1919 897 1946 sibi

111 1971 172 1990 cum
187 1964 337 1996 Antidoris,
354 1971 402 1991 seu
419 1964 498 1998 panis
508 1964 646 1991 benedicti
658 1963 763 1996 frustis,
774 1965 895 1994 aﬂ'errct.

111 2009 204 2044 Itaque
217 2009 239 2037 ei
255 2010 289 2037 ab
305 2010 468 2037 adversariis
482 2010 554 2036 omni
578 2011 634 2037 fere
646 2015 698 2038 tam
710 2013 806 2039 anima:
816 2020 897 2046 quam

111 2056 235 2090 corporis
251 2055 346 2083 solatio
361 2055 538 2083 interdictum
560 2056 621 2084 luit.
637 2057 679 2084 Ab
691 2056 787 2085 iisdem
807 2059 898 2086 adcm-

63 2099 65 2102 ⁴
113 2107 176 2135 pios
210 2101 261 2128 sibi
290 2109 339 2136 per
369 2102 422 2128 vim
457 2110 541 2130 sacrae
563 2102 708 2138 Scriptura:
736 2104 819 2132 libros
842 2106 897 2140 (95)

114 2153 222 2180 narrat;
253 2148 318 2175 itulll
348 2156 420 2175 anno
437 2157 546 2184 quoque
574 2150 705 2178 redeunte
721 2156 852 2181 tentatum
868 2161 898 2182 se

113 2200 127 2217 a
153 2191 322 2226 principibus
346 2199 394 2227 per
417 2193 574 2220 emissarios
596 2195 675 2228 (quos
697 2195 898 2232 αὕθημερινοὺς

952 269 1066 292 octavus
1081 269 1110 291 et
1125 272 1224 291 novem
1239 265 1369 299 deinceps
1392 265 1534 296 continui;
1561 265 1661 298 quibus
1681 269 1737 291 tum

951 310 1003 337 alia
1024 311 1108 337 multa
1124 311 1311 342 continentur,
1343 315 1399 336 lum
1416 307 1482 336 Act'a
1503 310 1597 344 synodi
1620 310 1737 337 Palami-

952 356 1022 388 ticaz,
1047 361 1074 382 et
1086 356 1177 384 habita
1190 364 1251 383 cuni
1267 356 1391 383 Cabasila
1411 355 1576 389 disputatio;
1608 363 1656 383 nec
1682 363 1735 382 non

950 401 1049 435 triplex
1066 409 1127 428 cum
1139 401 1324 437 Agathangelo
1343 401 1519 434 colloquium.
1552 401 1636 427 Porro
1649 402 1676 427 in
1693 401 1737 427 his

950 447 1087 482 praecipua
1119 448 1312 474 observatione
1332 447 1445 481 dignum
1462 447 1570 483 videtur
1587 451 1738 473 tvstamen-

951 497 1007 520 liiiii
1025 493 1248 528 ipsumaactoris
1262 492 1319 527 (96)
1333 502 1339 519 :
1361 492 1440 526 cujus
1455 492 1565 526 quidem
1583 492 1737 526 testamenti

950 539 1000 566 tria
1018 545 1082 565 sunt
1099 539 1199 573 capita.
1216 538 1309 565 Primo
1321 538 1399 573 jubet
1415 537 1548 573 Grcgoras
1562 537 1669 564 illorum
1687 537 1736 564 de-
1754 563 1758 566 ,

949 592 1008 612 cem
1026 584 1158 611 libroruin
1180 584 1346 618 exemplaria
1374 591 1455 618 quam
1485 583 1601 617 plurima
1631 590 1736 610 summa

950 632 1077 659 cautione
1092 631 1222 662 describi;
1239 637 1266 658 et
1283 630 1379 657 amicis
1409 629 1507 664 ubique
1524 632 1657 656 terrarum
1685 628 1736 654 de-

949 678 1078 711 gentibus
1092 675 1230 703 distribui.
1247 676 1358 713 ‘Altero
1381 675 1461 702 ﬂdein
1477 675 1600 708 exponit,
1617 673 1650 701 de
1669 672 1734 700 Bar-

949 724 1038 750 laauio
1051 728 1078 750 et
1091 723 1232 757 Acindyno
1245 721 1372 749 Ecclesim
1387 722 1493 748 decreta
1511 720 1653 755 approbat,
1670 715 1698 746 et
1708 719 1734 746 in

949 775 1122 797 sacramento
1137 769 1316 796 Eiicliaristia:
1334 775 1428 796 verum
1450 768 1551 794 Christi
1576 774 1675 800 corpus
1707 771 1735 792 et

949 817 1109 851 sanguinein
1128 815 1261 849 agnoscit.
1287 814 1381 841 Tertio
1399 814 1515 840 cadavcr
1538 820 1630 843 suum.
1663 812 1735 846 quod

951 862 1087 888 Palainita:
1103 860 1268 895 insepultum
1284 860 1431 894 projectiiri
1448 859 1514 890 sint,
1530 859 1637 893 sepeliri
1650 864 1734 885 vetat.

949 905 1009 932 Han:
1026 913 1091 932 vero
1108 907 1201 932 omnia
1216 905 1296 932 dot-ct
1310 905 1453 939 scripsisse
1468 912 1496 931 se
1514 904 1610 938 raptim
1632 911 1663 930 ac
1677 903 1734 930 fur-

948 942 998 979 tini
1011 953 1037 979 in
1050 953 1142 979 charta
1161 952 1301 982 vilissima,
1327 958 1378 978 nec
1395 955 1442 977 aut
1467 949 1604 984 corrigere
1620 955 1666 976 aut
1689 956 1735 976 ex-

949 999 1034 1034 polire
1053 998 1185 1033 potuisse,
1201 998 1312 1024 anxium
1332 992 1470 1028 videlicct‘,
1488 1003 1519 1022 ac
1536 1002 1570 1022 ne
1588 996 1621 1021 ab
1641 994 1733 1021 inimi-

948 1044 987 1071 cis
996 1044 1247 1078 deprehenderetur
1257 1048 1388 1077 perpetuo
1401 1042 1556 1069 sollicitum.
1566 1041 1623 1068 Non
1637 1041 1734 1067 mirum

949 1090 1051 1124 itaque,
1069 1089 1090 1116 si
1106 1089 1143 1116 illi
1164 1089 1259 1115 decem
1277 1088 1338 1115 libri
1360 1093 1387 1115 et
1402 1088 1492 1115 uiinus
1518 1086 1643 1122 castigati
1658 1091 1733 1117 sunt,

948 1140 975 1163 et
996 1143 1118 1170 magnam
1136 1135 1238 1162 doloris
1251 1135 1426 1162 acerbitatem
1439 1134 1572 1168 produnt;
1589 1141 1649 1167 qua:
1663 1137 1690 1159 ct
1705 1132 1732 1158 iii

948 1181 1071 1216 reliquis,
1087 1181 1119 1208 ad
1133 1182 1194 1208 illos
1210 1186 1301 1215 postea
1318 1180 1441 1214 adjectis.
1457 1186 1509 1206 nou
1522 1179 1611 1206 minor
1624 1178 1732 1213 quidem

948 1228 1064 1260 exsistit,
1097 1228 1175 1254 abest
1192 1232 1282 1253 alitem
1308 1235 1322 1253 a
1352 1226 1549 1260 septemdecim
1577 1225 1732 1260 prioribus;

949 1280 1018 1306 quos
1034 1280 1066 1299 ex
1082 1280 1114 1300 co
1131 1277 1253 1307 apparet.
1269 1276 1297 1299 ct
1316 1272 1426 1299 aliunde
1439 1272 1520 1298 etiam
1534 1276 1653 1302 constat,
1671 1275 1734 1297 ante

949 1318 1082 1352 synodum
1103 1318 1287 1344 I’alamiticain
1300 1318 1402 1352 integra
1415 1317 1504 1344 adhuc
1521 1318 1640 1344 auctoris
1654 1317 1738 1344 liber-

950 1362 1004 1391 tate
1023 1363 1149 1390 conditos
1164 1364 1259 1391 fuisse.
1275 1363 1409 1390 Praeterea
1426 1363 1510 1391 libros
1520 1363 1614 1391 decem
1631 1363 1657 1389 in
1675 1361 1732 1389 To-

949 1418 1023 1437 rniim
1039 1411 1227 1437 Palamiticum
1243 1411 1443 1441 Anlirrlielicm,
1467 1409 1562 1436 eodem
1578 1409 1623 1436 illo
1639 1409 1732 1436 dome-

949 1457 1018 1484 stico
1031 1465 1140 1485 carcere
1156 1457 1290 1490 inclusus,
1300 1457 1410 1492 scripsit
1423 1466 1431 1488 ;
1446 1465 1555 1484 manum
1567 1461 1657 1483 autem
1671 1457 1734 1484 huic

949 1504 1023 1537 operi
1044 1509 1100 1530 tum
1126 1503 1244 1538 primum
1263 1503 1406 1536 admovit,
1435 1510 1497 1530 cum
1522 1502 1732 1539 Agatliangelus,

910 1564 931 1595 Ο
949 1553 1048 1584 quarta
1063 1549 1120 1576 vice
1150 1549 1176 1576 in
1197 1549 1257 1589 ejus
1273 1549 1428 1576 cubiculum
1459 1549 1552 1576 furtim
1579 1549 1730 1583 ingressus,

949 1594 1144 1630 proli-ssioimm
1160 1595 1220 1623 ﬂdci
1241 1595 1340 1622 editam
1358 1603 1372 1622 a
1388 1595 1508 1627 Palama,
1534 1600 1561 1623 et
1582 1596 1682 1623 sclecta
1698 1603 1731 1622 ex

947 1641 1076 1675 synodico
1092 1640 1177 1668 Toiiio
1189 1641 1290 1676 capita,
1306 1641 1343 1668 ita
1363 1646 1393 1668 ut
1416 1642 1574 1669 mandatum
1590 1642 1614 1669 ei
1643 1649 1657 1668 a
1674 1649 1730 1669 ma-

948 1688 1031 1722 gistro
1046 1686 1142 1718 fuerat,
1155 1694 1246 1714 secum
1257 1687 1392 1714 attulisset
1406 1687 1472 1722 (97).
1482 1686 1580 1714 Eorum
1597 1686 1728 1713 librorum

948 1733 1096 1768 fragmenta
1112 1737 1222 1760 exstant
1247 1733 1317 1767 apud
1338 1732 1510 1760 Pliilotlieiim
1531 1732 1730 1767 patriarcliam:

947 1780 994 1814 qui
1009 1779 1085 1806 Tomi
1100 1779 1246 1806 Palamitici
1263 1779 1423 1807 defensiOnc
1442 1784 1578 1814 suscepta,
1589 1779 1732 1806 Antirrhc—

948 1826 1016 1852 tieos
1046 1825 1240 1852 Antirrhciicis
1270 1825 1414 1860 opposuit,
1440 1833 1472 1852 ac
1499 1831 1635 1852 mortuum
1663 1825 1731 1854 Grc-

947 1878 1040 1906 goram
1055 1870 1174 1898 refutare
1192 1871 1385 1898 Cantacuzeno
1402 1870 1528 1897 hortante
1548 1875 1661 1910 conatus
1676 1871 1730 1897 est.

982 1923 1062 1949 Anno
1073 1922 1174 1950 Christi
1190 1923 1258 1950 1554
1272 1931 1335 1950 vere
1347 1923 1457 1950 iiii-uate
1468 1923 1619 1954 Manlia-us,
1632 1923 1729 1950 Canta-

948 1967 1140 2000 cuseiiiﬂlius,
1173 1968 1201 1994 in
1229 1969 1331 2003 templo
1349 1969 1565 2001 Dlachernensi,
1596 1968 1731 1996 l’bilotliei

950 2013 1113 2048 patiiarcha:
1135 2021 1216 2048 opera
1238 2021 1270 2041 ac
1289 2014 1452 2047 ministerio,
1471 2020 1618 2041 coronatus
1637 2019 1665 2041 et
1686 2022 1732 2041 so-

949 2058 1030 2085 lemni
1047 2058 1100 2085 ritu
1114 2059 1205 2086 socius
1222 2058 1329 2094 imperii
1345 2060 1486 2094 cooptatus
1499 2065 1564 2087 esta
1574 2065 1650 2095 patre
1662 2060 1730 2096 (98):

949 2109 1031 2140 atque
1044 2105 1127 2140 hujus
1138 2104 1221 2132 missu
1240 2106 1333 2139 paucis
1346 2110 1407 2140 post
1424 2106 1519 2133 diebus
1535 2106 1569 2133 ad
1583 2105 1730 2141 Gregorain

949 2152 1074 2184 accessit,
1083 2151 1204 2178 animum
1214 2151 1273 2186 ejus
1282 2151 1372 2179 denuo
1388 2156 1585 2185 teutaturus,et
1603 2151 1730 2187 praemio-

949 2204 1008 2235 rum
1024 2203 1072 2230 spe
1083 2196 1171 2235 oblata
1183 2204 1313 2223 suasurus
1322 2197 1386 2224 utin
1399 2198 1487 2224 aulam
1500 2197 1729 2232 quemadmodum

112 2237 266 2271 θενιλόγους,
279 2245 326 2265 seu
348 2238 424 2265 liuius
440 2238 493 2265 diei
510 2227 654 2275 theologos,
677 2227 776 2276 vocati,
849 2227 896 2270 aut
912 2231 934 2259 Ι)
948 2227 1027 2270 antea
1039 2227 1167 2277 l‘rcquciis
1180 2243 1428 2277 vcnirct.,Cuinque
1441 2244 1463 2270 is
1478 2227 1528 2271 nec
1535 2244 1733 2271 adhortationi-

112 2282 241 2317 captiosis
249 2284 529 2319 argumentationibus
537 2285 667 2321 deceptus
678 2292 894 2322 perverterctur;

113 2333 171 2360 aut,
200 2329 222 2355 si
236 2336 298 2356 eum
322 2330 396 2357 nulla
412 2330 518 2358 ratione
551 2330 621 2359 ﬂecti
638 2339 717 2367 posse
738 2338 892 2368 appareret,

112 2379 280 2403 statueretur
305 2375 435 2411 denique,
462 2381 554 2404 utrum
572 2378 723 2416 expediret,
741 2380 894 2408 carcerisue

112 2420 242 2447 airuinnis
262 2425 290 2447 et
314 2420 395 2456 longa
423 2421 507 2449 veluti
535 2427 623 2450 morte
650 2431 712 2451 eum
732 2425 840 2457 conﬁci,
864 2433 898 2452 an

113 2471 196 2492 manu
215 2465 331 2493 violenta
348 2467 440 2494 subito
453 2467 570 2502 opprimi
583 2467 650 2502 (94).

148 2510 221 2539 Inter
236 2511 285 2539 hos
299 2516 389 2539 metus
400 2500 484 2540 libros
491 2500 621 2541 imitor-ile
630 2500 790 2550 Byzantina!
805 2516 898 2543 decem

113 2557 264 2592 ceinposuit
280 2561 354 2585 tanta
372 2558 522 2592 celeritate,
535 2563 564 2586 ut
577 2560 622 2587 vix
644 2561 704 2588 dies
721 2562 900 2598 quadraginta

115 2646 208 2710 luga).
225 2646 376 2676 iudicatum
403 2649 431 2677 in
445 2649 575 2687 Catalogo
597 2652 770 2682 bibliotheca:
789 2654 898 2683 Scoria-

102 2725 104 2729 ι
149 2717 205 2752 (9|)
224 2718 306 2752 Hice,
322 2720 370 2748 lib.
384 2727 480 2750 xxviii.

148 2753 204 2788 (1)2)
222 2753 308 2788 llist.,
323 2757 371 2782 lib.
385 2764 470 2784 xuii.

220 2788 354 2832 (iregorIas
367 2791 451 2832 libros
464 2792 557 2832 habuit
566 2793 636 2832 bene
648 2794 757 2832 inultos,
773 2800 803 2823 ut
813 2804 893 2832 supra

113 2822 295 2867 observatum.
317 2825 502 2867 Quosdamﬂjli
515 2828 678 2867 Bibliotheca
687 2822 769 2867 Regia
785 2822 892 2867 agiidvi;

113 2865 155 2884 ac.
173 2860 200 2885 in
233 2860 265 2888 iis
283 2861 404 2889 codicem
433 2860 515 2898 2259,
547 2865 594 2900 qui
624 2870 651 2895 et
681 2860 891 2903 chirographum

948 2288 1000 2316 bus
1016 2296 1066 2315 nec
1083 2289 1224 2323 promissis
1239 2289 1302 2316 ullis
1319 2288 1486 2322 ﬂecteretur,
1498 2288 1592 2316 saltem
1607 2289 1659 2316 hoc
1668 2297 1731 2325 per-

947 2335 1062 2362 suadere
1079 2340 1193 2362 conatus
1207 2339 1261 2368 est,
1272 2335 1442 2370 publicarum
1468 2335 1651 2363 calamitatum
1666 2344 1732 2363 cau-

947 2389 1004 2409 sam
1019 2389 1073 2408 non
1090 2380 1284 2408 Cantacuzcuo
1298 2381 1467 2416 imperatori.
1488 2382 1534 2409 sed
1551 2382 1732 2410 Providentim

948 2427 1051 2455 divina:
1063 2428 1182 2455 decretis
1196 2432 1224 2454 et
1244 2428 1318 2455 fatali
1342 2428 1498 2456 necessitati
1517 2428 1729 2457 attribuendam.

946 2473 1081 2507 Crcgoras
1094 2478 1189 2500 contra
1208 2474 1386 2501 Valid‘oribus
1399 2475 1565 2510 argumentis
1592 2471 1745 2510 probavit.‘

946 2526 1116 2554 quaecunque
1133 2519 1257 2546 homines
1269 2519 1401 2551 facerent,
1427 2527 1458 2548 ea
1474 2521 1547 2554 ipsos
1564 2529 1618 2548 non
1637 2521 1726 2548 divina

947 2564 1120 2599 pratsclentia
1131 2568 1177 2591 aut
1185 2563 1241 2591 fato
1256 2570 1381 2599 cogi-nte,
1394 2566 1441 2592 sed
1456 2567 1567 2601 private
1581 2567 1727 2594 voluntatis

951 2657 1010 2683 eius
1026 2658 1144 2692 pra‘fcrt.
1179 2659 1228 2686 Est
1252 2665 1341 2687 autem
1370 2660 1392 2687 is
1407 2662 1508 2689 codex,
1530 2659 1730 2694 FlaviiJosep/u'

952 2691 1073 2719 Historia
1085 2693 1201 2721 Iudaica
1216 2698 1247 2721 ac
1261 2696 1361 2722 excidio
1377 2696 1624 2722 Hierosoliimilaiiu.

986 2698 1073 2719 ’δῖοι-ιιι
1085 2698 1201 2721 Iudaica
1216 2698 1247 2721 ac
1261 2698 1361 2722 excidio
1377 2698 1624 2729 Hierosolymilaiiu.

986 2728 1042 2761 (Μ)
1061 2729 1140 2763 "iit"
1157 2730 1203 2756 lib.
1217 2737 1313 2762 xniii,
1335 2731 1414 2761 Ηὶει..
1432 2731 1478 2758 lib.
1497 2738 1579 2757 xxvii.

1057 2765 1088 2801 Ar.
1102 2765 1133 2791 G.
1143 2765 1231 2801 _135‘2,
1245 2765 1316 2792 Julii)
1332 2771 1358 2792 et
1375 2769 1494 2801 Augusto
1511 2766 1662 2794 mensibus.

983 2798 1037 2833 (96)
1056 2800 1126 2834 ῌὲκι.
1138 2799 1215 2834 Byz.,
1231 2801 1279 2829 lib.
1301 2810 1383 2829 miti.

982 2833 1038 2870 (9])
1054 2833 1123 2870 (list.
1135 2833 1212 2870 liga,
1230 2836 1277 2863 lib.
1288 2845 1374 2868 xxvu.
1390 2836 1418 2864 in
1432 2837 1496 2866 ﬁne.

980 2867 1036 2905 (98}
1053 2868 1122 2898 ΙΙὶει.
1139 2867 1212 2906 Βξιῇ
1234 2872 1281 2900 lib.
1299 2879 1392 2900 xxvm.

1090 2981 1096 2993 Ι
