1895 3062
134 178 167 208 3"]
678 178 889 210 NICEPHORI
909 177 1100 208 GREGORIE
1120 177 1221 208 VlTA.
1522 220 1527 222 Δ
1713 172 1750 204 38

135 231 223 257 libero
239 230 371 258 instinctu
387 231 485 258 ductos
501 231 610 264 facere;
637 240 668 260 ac
685 233 801 267 proinde
816 233 915 259 frustra
932 236 953 262 Α
969 231 1030 264 luit,
1048 233 1112 265 quin
1132 231 1228 266 pedem
1254 229 1346 258 statim
1376 229 1500 256 referret.
1529 227 1631 255 Deinde
1658 228 1751 255 animo

134 276 356 304 Cantacuzenum
371 284 402 304 ea
419 278 526 305 ratione
540 278 684 311 excusari,
698 279 769 313 qttod
785 278 917 313 quidquid

136 324 312 358 peccavisset.
325 324 350 351 id
368 332 422 351 non
440 329 548 359 sponte,
565 326 612 352 sed
629 326 683 352 fato
698 326 839 360 subigente
855 333 918 360 pec-

136 374 233 396 casset.
250 371 286 396 At
301 369 455 402 Matthacus,
478 370 522 397 ubi
548 370 621 397 illum
639 371 704 398 vidit
726 371 866 398 immotum
892 376 920 398 ct

137 415 331 454 inexorabilem
352 416 378 441 in
405 416 540 442 sententia
556 421 689 450 perstare,
719 423 750 443 ac
768 416 820 443 sibi
842 416 919 451 plura

135 460 241 487 dicturo
254 459 422 487 audientiam
435 460 582 494 denegare,
599 461 685 488 tristis
699 461 765 488 abiit
778 469 785 488 :
803 462 921 488 l'actum-

136 513 187 540 que
213 505 289 538 inde,
306 510 335 532 ut
350 505 472 532 severius
487 514 567 540 quam
585 511 663 533 antea
675 502 808 541 Gregoras
828 511 921 534 custo-

136 551 220 583 ditus,
245 551 408 586 gravissimo
438 556 518 578 terra;
550 557 623 578 motu
639 553 693 588 (99)
713 553 855 579 concussis
870 552 920 579 a'i-

137 602 238 631 quanto
255 593 316 631 post
328 597 427 624 donius
441 604 497 624 suae
523 598 684 631 parietibus,
711 605 764 625 non
782 606 866 625 ausus
886 598 922 625 sit

137 643 210 670 foras
228 643 303 670 exire
318 643 370 677 (Ι).

172 687 273 715 Eodem
306 696 379 715 anno
409 692 527 715 exeunte
541 687 578 723 (Ξ)
599 688 720 716 Joannes
749 687 921 723 Palaeologus

138 735 268 770 Byzantio
284 735 387 769 potitus
407 739 448 762 est
462 743 469 761 :
486 734 620 770 Gregm-as
632 755 640 766 ,
667 739 777 769 recepta
796 735 922 762 libertate

137 786 163 808 et
171 781 315 808 custodqu
334 785 409 807 metu
426 787 556 812 excusso,
584 788 645 807 eum
664 780 692 807 in
705 780 793 807 aulam
809 788 838 808 se
858 788 922 807 con.

138 827 255 858 tulisset,
290 826 323 853 de
348 833 480 853 novorum
505 827 661 861 dogmatqu
690 826 831 860 impietate
851 826 921 861 apud

139 871 286 905 principem
307 879 361 898 non
379 871 448 898 adeo
464 879 571 906 aequum
590 872 626 906 (ὃ)
645 871 785 898 Palamitis
810 871 922 899 liberius

136 918 283 945 dtSseruit:
303 917 428 944 hortatus
440 923 491 947 est.
511 922 540 943 ut
555 917 714 952 religionem
728 918 853 944 aillictatu
869 918 918 944 eri-
939 905 956 932 Β

138 969 230 997 geret;
262 966 440 997 paratumque
465 969 495 989 se
520 963 639 989 ostendit
666 963 743 990 adea
760 963 920 995 refellenda,

137 1015 197 1042 quae
213 1006 423 1034 Cautaetm-nus
439 1013 467 1034 et
485 1007 609 1034 Palamas
621 1027 629 1039 ,
654 1008 773 1035 decretis
799 1008 855 1035 suis
874 1015 922 1042 per

138 1053 189 1078 vim
212 1052 394 1083 continuatis.
419 1052 512 1086 iniqua
546 1057 574 1079 et
587 1052 704 1079 absurda
721 1052 920 1080 deﬁnivissent.

139 1099 171 1124 At
183 1097 338 1132 .loasapbus
357 1097 395 1132 (id
409 1098 600 1125 Cantacuzeno
613 1117 619 1128 .
643 1098 821 1125 monasticam
840 1098 923 1125 disci-

138 1142 238 1176 plinam
254 1141 389 1176 professo.
409 1149 507 1168 nomen
524 1147 592 1174 erat)
610 1141 654 1168 ubi
684 1141 741 1167 haec
762 1141 857 1175 agitari
880 1148 924 1168 re-

138 1189 227 1217 scivit.
243 1188 391 1219 Palamam,
405 1188 451 1222 qui
471 1192 526 1215 tum
544 1195 558 1213 a
576 1186 673 1214 Turcis
697 1187 821 1221 captiuis
847 1193 924 1214 tene-

138 1234 228 1264 batur,
245 1233 340 1267 grandi
359 1235 473 1267 pecunia
488 1233 580 1260 statim
607 1233 701 1260 redimi
716 1233 837 1265 curavit,
853 1237 882 1259 ut
900 1232 923 1260 is

137 1286 247 1305 causam
262 1286 339 1305 suam
358 1285 406 1312 per
425 1285 453 1304 se
465 1286 522 1312 ipse
537 1282 753 1312 pra-sensageret
772 1285 778 1303 :
795 1281 850 1304 tum
864 1277 924 1304 lilia:

142 1321 264 1354 nolente,
284 1323 381 1351 Joanni
401 1323 550 1358 Palmologo
577 1323 731 1356 imperatori
760 1327 860 1356 nuptae,
877 1330 924 1348 au-

136 1370 292 1397 ctoritatem
306 1369 480 1404 interpOsuit,
496 1377 534 1396 ne
557 1369 687 1404 judicium
704 1368 921 1400 constitueretur,

136 1416 209 1450 quod
223 1415 275 1442 sibi
289 1415 410 1441 futurum
425 1420 498 1442 esset
509 1414 732 1450 ignominiosum.
746 1413 783 1441 Ita
794 1413 922 1449 Gregora

136 1461 258 1488 Sludlllln
278 1468 360 1489 onme
376 1461 402 1487 in
423 1468 544 1494 praesens
561 1460 669 1487 irritum
689 1460 751 1487 luit.

172 1507 254 1534 Auno
273 1507 396 1541 proxime
413 1507 538 1533 insecuto
562 1506 707 1541 episcopus
724 1506 838 1535 Latinus
850 1527 857 1540 ,
874 1502 924 1534 Fa-

136 1552 242 1587 la-ologi
264 1552 380 1583 amicus,
407 1550 566 1586 Byzantiu‘tn
588 1552 693 1586 legatus
708 1552 830 1579 advenit.
862 1553 924 1587 lijus

137 1605 239 1624 nomen
255 1597 317 1624 silet
334 1597 478 1633 Gregoras,
505 1597 659 1624 doetrinam
673 1602 764 1625 autem
782 1605 922 1626 commen-

135 1644 195 1675 dat,
222 1648 251 1670 ut
267 1643 387 1670 hominis
414 1643 441 1670 in
462 1651 602 1672 sacrarum
631 1643 833 1679 Scripturnrum
849 1652 923 1672 com-

140 1690 313 1716 mentatione
331 1689 444 1722 versati,
461 1695 488 1716 et
508 1690 751 1717 exercitationibus
766 1691 923 1727 tlteologicis

137 1736 166 1762 in
184 1735 284 1761 scholis
300 1734 457 1762 Latinorum
475 1736 585 1762 eruditi.
613 1735 679 1763 Erat
695 1736 718 1762 is
734 1737 826 1771 procul
840 1737 923 1764 dubio

139 1781 240 1807 Paulus
255 1780 294 1816 (4)
311 1780 536 1815 archiepiscopus
556 1781 743 1816 Smyrnensis,
776 1789 857 1817 quem
878 1790 922 1808 ex-

139 1829 222 1851 eunte
237 1832 312 1852 anuo
327 1824 395 1852 l555
410 1825 571 1859 obsequium
601 1830 627 1852 et
653 1826 770 1852 debitam
796 1826 924 1853 Romanae

140 1871 198 1898 sedi
217 1871 398 1898 reverentiam
424 1879 437 1897 a
463 1871 569 1898 Joanne
585 1871 734 1907 Palmologo
760 1871 924 1906 imperatore

142 1922 249 1951 pactum
268 1917 361 1947 fuisse,
374 1917 504 1944 discimus
513 1925 543 1943 cx
555 1917 706 1944 Annalibus
718 1917 923 1945 ecclesiasticis.

142 1962 189 1989 llic
200 1971 262 1990 cum
274 1962 307 1990 de
322 1961 449 1990 Ecclesia:
462 1963 560 1990 Graeca:
575 1963 832 2003 opinionibusnoris
841 1964 924 1991 multa

143 2009 301 2041 audit-isset,
328 2009 362 2036 ab
383 2007 549 2044 imperatore
565 2007 724 2044 postulavit,
751 2015 780 2037 ut
793 2009 845 2037 sibi
862 2017 923 2036 cum

141 2053 260 2086 Palama,
275 2063 369 2082 earum
382 2055 541 2090 opinionum
558 2060 679 2088 auctore,
692 2056 818 2091 eongrcdi
833 2063 924 2082 coram

142 2101 255 2128 liccret:
271 2109 334 2129 mox
348 2107 450 2134 autem,
472 2102 543 2129 facta
558 2101 731 2136 colloquendi
761 2102 847 2136 copia,
880 2102 925 2129 ubi

142 2154 204 2173 eum
219 2154 247 2173 re
266 2147 323 2182 ipsa
340 2147 433 2174 ntultis
449 2147 611 2182 magnisque
627 2147 769 2174 erroribus
788 2147 924 2182 imbutum

142 2201 202 2220 esse
226 2194 370 2228 comperit,
400 2193 488 2228 ipsum
503 2201 614 2228 quoque
628 2192 776 2228 Gregoraut
803 2201 864 2220 cum
892 2200 925 2220 co

143 2239 327 2274 disputantem
344 2239 412 2267 velle
427 2247 456 2266 se
468 2240 562 2266 audire
578 2239 741 2274 signiﬁcavit
755 2239 806 2274 (5).
832 2239 925 2273 Itaque

144 2284 285 2320 Gregoras,
315 2293 364 2320 per
379 2293 506 2321 magnum
530 2286 695 2321 logothetam
710 2285 745 2312 ab
762 2286 926 2318 imperatore

143 2334 255 2363 accitus,
285 2332 312 2358 in
332 2332 421 2358 aulam
437 2331 522 2362 vertit,
538 2331 648 2367 ignarus
673 2339 754 2366 quam
768 2331 802 2358 ob
814 2338 924 2358 causam

143 2382 296 2406 vocaretur.
323 2378 390 2405 Nam
417 2378 490 2405 illum
509 2377 610 2405 llelena
640 2379 773 2412 Augusta,
802 2378 925 2413 parentis

144 2423 184 2450 sui
199 2423 380 2450 Cautacuzeui
394 2424 488 2451 amicis
503 2423 608 2455 laveris,
619 2424 777 2457 [nm-moneri
791 2428 925 2456 vetuerat,

143 2476 177 2496 ne
189 2468 394 2503 praetueditatus
421 2469 454 2496 ad
477 2469 671 2503 disputandum
692 2461 844 2495 accederet.
878 2467 926 2496 Vix

145 2515 270 2550 palatium
287 2516 410 2550 ingresso
426 2516 577 2547 nuntiatur,
596 2515 733 2542 l’alamam
748 2514 802 2541 illic
816 2514 923 2542 adessr.

144 2562 181 2590 Eo
197 2562 293 2589 nuntio
307 2561 425 2597 primum
442 2561 583 2597 perclusus
599 2562 695 2593 lncsit;
717 2565 744 2588 et
759 2568 855 2595 parum
871 2560 920 2588 ab-

178 2632 231 2669 (99)
242 2632 309 2669 Eum
325 2637 404 2669 terra-
419 2637 520 2669 m_otutu
530 2631 648 2659 Villanus
662 2631 768 2660 confert
781 2631 808 2658 in
817 2639 918 2659 annum

144 2667 220 2700 1554,
239 2667 354 2694 Kalend.
374 2667 470 2693 Martii.

176 2704 214 2738 (Ι)
232 2702 433 2738 Εῇυεύειιινιιὺτὶ
452 2709 511 2736 cap.
531 2702 580 2728 ult.

176 2737 214 2772 (ξ)
235 2739 266 2764 Α.
278 2738 308 2764 C.
327 2737 407 2772 15M.
421 2741 554 2772 autumno
568 2741 696 2764 exeunte.

176 2774 215 2807 (5)
228 2773 280 2800 Cur
288 2771 426 2799 Palanlttis
440 2771 562 2799 infensus
578 2772 669 2805 fuerit,
683 2773 760 2800 docet
778 2772 921 2809 Cregoras.

142 2808 224 2839 Iliso,
238 2809 283 2834 lib.
302 2815 384 2834 xxvtt.

176 2843 214 2878 (ιι)
234 2843 284 2869 llic
301 2840 402 2878 Paulus
419 2846 498 2878 posta
522 2841 846 2878 goustantinopotitanus
874 2850 923 2877 pa-

140 2872 258 2906 triarcha
288 2872 484 2912 ululatii-luit.
525 2877 589 2912 I‘ljus
620 2886 679 2904 cum
697 2872 801 2904 Ιτιίιηιιῑξ
826 2872 925 2904 uerita-

969 278 1123 309 obﬁrmato,
1140 282 1167 304 et
1185 284 1201 303 e
1218 284 1247 303 re
1262 281 1324 303 nata
1340 275 1481 302 consilium
1499 274 1620 309 capiens,
1638 274 1752 302 ulterius

969 323 1100 357 perrexit.
1120 323 1219 349 Aderat
1239 326 1295 348 tum
1316 321 1386 355 apud
1417 320 1594 354 Paltrologum
1620 327 1750 355 generum

969 377 1049 397 suum
1067 369 1142 396 lrene
1159 369 1296 402 Augusta:
1317 367 1434 393 aderant
1445 365 1513 393 aula:
1522 366 1666 400 primores.
1682 366 1751 394 Gre-

970 423 1049 450 goras
1065 415 1181 441 salutato
1199 414 1372 448 imperatore,
1398 411 1539 443 consedit;
1566 415 1647 446 atque
1665 416 1694 439 ut
1717 419 1753 439 ne

971 461 998 488 in
1014 461 1151 495 prteludiis
1166 452 1340 487 recensendis
1354 458 1458 486 diutius
1473 458 1661 489 immorentur,
1689 465 1752 493 pro-

971 506 1057 540 posita
1072 506 1104 533 ab
1120 505 1277 532 adversario
1303 504 1455 539 quaestione
1481 504 1522 530 de”
1545 503 1698 530 substantia
1725 509 1754 529 et

970 551 1176 585 operationibus
1205 550 1323 583 divitiis,
1350 549 1408 577 lmc
1428 550 1455 576 iu
1483 548 1538 576 lleo
1560 548 1628 576 nihil
1644 547 1754 576 dill‘erre

971 596 1064 623 multis
1075 595 1226 623 rationibus
1236 595 1367 630 probavit.
1382 595 1540 629 Imperator,
1552 600 1666 628 utraque
1677 598 1753 628 parte

971 642 1073 673 audita,
1107 641 1165 668 sive
1190 642 1322 668 incertior
1344 646 1416 668 esset
1448 648 1528 675 quant
1553 640 1679 672 antehac,
1698 639 1756 666 sive

973 687 1193 714 Caulacuzcnum
1232 694 1357 714 socerum
1386 693 1466 713 suum
1490 686 1618 713 damnato
1647 685 1755 712 Palama

973 733 1056 759 llOllt‘I
1072 732 1244 763 toutristare,
1264 731 1428 759 sententiam
1442 731 1513 758 ferre
1531 731 1630 770 noluit.
1656 731 1690 756 At
1703 731 1756 756 Pa-

971 777 1068 808 lamas,
1085 777 1193 812 benigni
1213 777 1346 812 principis
1365 777 1504 813 silentium
1520 781 1601 811 prout
1616 776 1694 803 libttit
1712 775 1756 802 in-

973 827 1148 856 terpretatus.
1165 823 1294 855 postridie
1312 830 1359 856 per
1389 827 1473 849 totam
1492 822 1585 848 urbem
1615 822 1755 852 discurrit.

974 873 1001 895 et
1015 876 1071 895 sua:
1090 868 1130 902 (ut
1144 867 1244 902 aiebat)
1261 868 1381 895 victoriae
1399 868 1496 894 lautam
1513 868 1614 902 ubique
1630 869 1755 894 dissenti-

973 914 1058 941 navit.
1089 913 1125 940 Ea
1143 921 1171 940 re
1187 914 1380 948 imperatorem
1407 914 1484 941 valde
1506 913 1635 944 ollcudit;
1653 914 1757 940 aulicos

973 967 1048 990 vero,
1060 959 1104 993 qui
1120 960 1248 986 hesterno
1262 960 1398 994 colloquio
1410 963 1556 994 praesentes
1566 959 1754 990 interfuerant,

973 1005 1012 1032 sic
1027 1005 1152 1035 irritavit.
1172 1010 1199 1032 ut
1218 1013 1250 1032 ex
1271 1006 1336 1032 urbe
1354 1006 1380 1032 in
1399 1007 1486 1040 aulam
1508 1013 1633 1032 reversus
1647 1006 1716 1032 male
1730 1010 1757 1032 et

973 1051 1084 1077 sinistre
1099 1051 1133 1077 ab
1149 1050 1180 1077 iis
1196 1056 1324 1085 exceptus
1343 1056 1388 1078 sit.
1406 1051 1433 1077 In
1452 1059 1484 1078 ea
1498 1052 1679 1086 disputatione
1692 1052 1757 1086 quid

973 1101 1075 1128 actum,
1094 1096 1192 1130 quidve
1203 1103 1218 1122 a
1229 1104 1258 1123 se
1274 1101 1320 1123 aut
1330 1097 1366 1123 ab
1380 1097 1538 1123 adversario
1548 1098 1651 1124 dictum
1666 1098 1755 1127 fuerit,

973 1140 1106 1175 Gregoras
1134 1141 1239 1168 duobus
1268 1142 1302 1169 de
1330 1150 1360 1168 ea
1389 1150 1417 1169 re
1434 1143 1542 1178 scriptis
1561 1143 1674 1177 dialogis
1699 1143 1758 1170 fuso

975 1187 1085 1214 tradidit
1100 1180 1150 1222 (6).
1168 1187 1204 1214 De
1221 1186 1317 1214 Latino
1332 1187 1471 1222 episcopo.
1497 1188 1577 1222 cujus
1596 1189 1684 1224 gratia
1700 1189 1757 1215 dis-

974 1235 1097 1266 putatum
1115 1237 1184 1262 erat,
1206 1231 1299 1258 dicere
1323 1231 1424 1259 oblitus
1444 1236 1486 1259 est
1500 1233 1636 1267 quodnam
1651 1233 1684 1260 dc
1702 1237 1758 1260 tota

975 1277 1019 1304 illa
1035 1277 1237 1304 concertatione
1251 1277 1382 1312 judicium
1401 1278 1460 1313 ejus
1476 1279 1621 1306 exstiterit.

1008 1322 1142 1349 Cancrum
1154 1323 1359 1350 Cautacuzcnus
1371 1331 1404 1350 ex
1419 1325 1581 1358 imperatore
1592 1326 1756 1357 monachus,

974 1375 1035 1395 cum
1054 1376 1140 1406 novos
1157 1368 1278 1404 dialogos
1292 1369 1402 1403 publice
1432 1369 1548 1396 lectitari
1579 1375 1606 1397 et
1637 1373 1758 1398 omnium

975 1414 1100 1443 manibus
1123 1415 1171 1441 teri
1201 1415 1315 1448 videret,
1345 1423 1393 1442 sua
1414 1415 1547 1448 interesse
1575 1417 1700 1449 credidit,
1731 1423 1760 1444 ut

974 1469 1055 1495 quam
1076 1462 1193 1496 primttm
1211 1461 1397 1488 refellerentur
1412 1463 1461 1496 (7).
1487 1462 1585 1489 Statim
1606 1463 1708 1497 itaque,
1725 1470 1758 1490 eo

976 1513 1099 1542 urgente,
1120 1507 1185 1534 varii
1212 1507 1294 1534 libelli
1320 1516 1334 1534 a
1367 1507 1505 1534 Palatuitis
1525 1508 1667 1542 compositi
1694 1516 1758 1543 pro-

975 1543 1094 1585 dierunt.
1114 1554 1208 1579 Exstat
1220 1561 1294 1580 nunc
1309 1561 1420 1589 quoque
1438 1554 1465 1581 in
1481 1554 1542 1581 cod.
1558 1561 1609 1581 ms.
1628 1554 1755 1582 bilitiotli.

977 1599 1066 1634 Regia:
1083 1600 1144 1633 (8),
1173 1599 1246 1626 inter
1282 1607 1365 1634 opera
1394 1600 1453 1627 Nic.
1482 1599 1634 1633 Cabasilaa,
1664 1606 1761 1636 satyr—

977 1651 1038 1672 cnm
1065 1644 1226 1678 opusculum
1258 1645 1310 1672 hoc
1336 1645 1429 1674 titulo:
1459 1646 1535 1672 Κατά
1556 1645 1610 1672 τῶν
1633 1646 1762 1681 Γρηγορὶ

976 1690 1159 1725 ληρημάῖων,
1186 1692 1214 1717 in
1239 1690 1359 1726 Gregorii:
1392 1692 1574 1719 deliramenta.
1611 1692 1705 1720 Exstat
1731 1692 1760 1719 in

977 1736 1002 1762 iu
1017 1737 1068 1762 alio
1083 1737 1143 1764 cod.
1157 1737 1195 1772 (9)
1224 1737 1367 1772 Ἑπξτομος
1384 1738 1454 1764 κατὰ
1470 1738 1500 1764 τὸ
1513 1737 1622 1765 δυνατὸν
1636 1739 1760 1774 διήγησις

976 1781 1025 1814 τῆς
1041 1783 1086 1807 ἐπὶ
1100 1782 1144 1807 τσῦ
1163 1782 1295 1808 παλατίου
1313 1781 1430 1809 ἐνώπιον
1447 1783 1493 1809 τοῦ
1522 1783 1658 1818 βασιλέως
1682 1792 1760 1817 γενο-

978 1827 1062 1861 μένης
1087 1827 1230 1860 δια).ἐξεως
1246 1828 1293 1854 τοῦ
1315 1829 1343 1854 ἐν
1359 1828 1446 1862 ἁγίοις
1464 1829 1570 1864 Πατμὺς
1591 1830 1669 1864 ἡμῶν
1684 1830 1762 1862 -Γρη-

980 1874 1074 1907 γορίου
1091 1874 1306 1908 ἀρχιεπίσκόπου
1324 1874 1525 1910 Θεσσαλονίκης
1560 1877 1609 1902 καὶ
1634 1876 1762 1911 Γρηγὺρᾶ

977 1919 1023 1945 τοῦ
1039 1920 1194 1954 otiosos».
1213 1919 1241 1946 Id
1257 1925 1310 1953 est,
1325 1920 1450 1946 Narratio
1467 1929 1546 1955 quam
1559 1922 1672 1948 niaxime
1690 1930 1762 1948 cout-

977 1967 1113 1999 pendiaria
1123 1966 1308 2000 disputationis
1320 1967 1389 1993 inter
1399 1971 1519 1994 sanetum
1529 1967 1635 1994 Putrem
1644 1973 1761 1995 nostrum

979 2011 1132 2045 Gregorium
1149 2012 1376 2047 archiepiscopum
1393 2013 1647 2041 Thessalonicensem
1658 2021 1680 2040 et
1697 2014 1749 2041 (ire

978 2064 1068 2091 gorem
1085 2057 1265 2090 philosophum
1277 2057 1302 2083 in
1312 2057 1415 2091 palatio
1428 2065 1517 2084 corum
1534 2059 1692 2092 imperulore
1714 2062 1764 2084 [μιν

978 2101 1058 2134 bitat;
1083 2109 1170 2136 eaque
1188 2103 1309 2129 narratio
1324 2103 1483 2136 dogmaticis
1503 2103 1618 2131 l‘alamm
1633 2105 1763 2139 operibus

979 2147 1086 2182 praeﬁxa
1104 2151 1157 2174 est.
1185 2147 1210 2174 ls
1237 2146 1328 2174 autem
1355 2148 1399 2182 qui
1426 2155 1485 2175 eam
1515 2150 1762 2186 tz-xuitGregoram

980 2195 1147 2230 argumentis
1163 2194 1287 2223 futilibus
1299 2200 1326 2222 et
1339 2202 1467 2223 sermone
1483 2197 1648 2226 inconcinna
1661 2218 1669 2230 .
1684 2196 1761 2226 Pala-

980 2248 1050 2269 utam
1067 2248 1132 2268 vero
1146 2249 1202 2268 non
1218 2242 1353 2270 rationum
1371 2243 1395 2270 vi
1411 2243 1498 2270 solum
1513 2262 1521 2275 ,
1542 2243 1590 2271 sed
1616 2249 1643 2272 et
1673 2252 1728 2272 vers
1741 2245 1764 2272 is

978 2287 1151 2322 elegantibus
1175 2295 1236 2315 sese
1269 2288 1463 2316 defemleutem
1496 2289 1610 2317 inducit.
1643 2289 1758 2324 Deniqut

978 2332 1120 2360 Mediolani
1138 2332 1165 2359 in
1189 2333 1355 2361 bibliotheca
1372 2334 1555 2362 Ambrosiam
1584 2335 1692 2363 libellus
1706 2338 1765 2372 (to)

977 2382 1068 2406 exstat
1094 2378 1251 2413 inscriptus,
1284 2380 1351 2414 Περὶ
1377 2380 1428 2413 τῆς
1455 2376 1503 2406 τόῦ
1519 2380 1645 2415 Γρηγορᾶ
1668 2382 1764 2416 ψευδη-

977 2424 1097 2459 γραφίας
1112 2423 1181 2458 (δμοῦ
1197 2425 1243 2451 καὶ
1265 2425 1425 2457 δυσσεϐείας
1436 2445 1444 2456 ,
1471 2426 1504 2453 de
1524 2426 1646 2462 (ἔταροι-αξ
1660 2428 1717 2460 uri,
1731 2429 1764 2454 Iis

977 2469 1158 2502 nreudacibus,
1183 2475 1207 2497 et
1227 2471 1260 2497 de
1282 2471 1399 2504 ejusdem
1416 2471 1551 2506 impietate
1569 2479 1579 2499 :
1608 2480 1688 2507 quem
1712 2475 1758 2507 qui

975 2518 1137 2549 L'OlllpOSllll,
1154 2515 1175 2542 is
1192 2515 1218 2542 iu
1235 2515 1294 2550 ipso
1310 2517 1423 2544 exordio
1446 2516 1591 2552 signiﬁcat,
1609 2519 1758 2552 oppugnari

972 2569 987 2588 ει
1004 2569 1033 2588 se
1047 2560 1096 2596 τὴν
1109 2562 1156 2596 τῆς
1174 2561 1319 2595 διαλέξεως
1334 2562 1477 2598 διήγησιν,
1504 2563 1531 2590 id
1557 2569 1614 2595 est.
1632 2565 1761 2590 narratio-

972 2640 1076 2668 euzeno
1097 2631 1255 2668 disputatio
1289 2633 1471 2668 manuscripta
1496 2637 1583 2660 exstat
1606 2632 1631 2659 iu
1667 2631 1758 2659 co.'irc

976 2667 1061 2703 Regio
1074 2666 1154 2703 1999.

1013 2700 1050 2737 (5)
1069 2701 1139 2728 Hist.
1153 2700 1229 2737 Βῃι..
1244 2703 1290 2730 lib.
1312 2711 1386 2732 xxix.
1406 2711 1464 2735 rap.
1482 2703 1531 2729 ult.

1014 2736 1052 2773 (6)
1069 2737 1136 2773 ῌὶδῑ.
1154 2736 1231 2773 liga“
1251 2739 1295 2765 ltb.
1320 2747 1372 2765 xxx
1389 2743 1417 2765 et
1432 2746 1505 2765 xxxi.

1013 2771 1051 2808 (ἲ)
1070 2771 1138 2808 [ζέει.
1157 2771 1232 2805 Βυι..
1249 2774 1294 2800 lib.
1313 2781 1396 2801 xxxu.

1015 2806 1052 2842 (Β)
1069 2806 1147 2832 Νιιιιι.
1166 2808 1246 2838 Ἒυύῦ,
1266 2810 1310 2834 tot.
1326 2810 1389 2834 282.

1016 2845 1054 2876 (υ)
1072 2843 1149 2876 t\utn.
1167 2842 1248 2876 24,09,
1266 2844 1312 2870 lol.
1329 2844 1374 2871 41.

1016 2875 1072 2913 (⁷10)
1085 2875 1166 2903 Num.
1183 2875 1249 2904 0.1.
