1895 3062
152 150 186 182 43

151 210 222 237 erat,
238 205 271 233 ad
285 205 406 242 martyrii
428 207 544 242 palmam
561 208 704 244 aspiranti.
722 208 816 243 Itaque
836 215 865 237 et
887 209 938 236 hoc
953 214 974 240 Α

152 257 250 287 prmter
265 252 315 279 alia
343 252 529 289 Agathangelo
553 259 721 289 praeceperat
737 255 805 291 (‘25),
829 259 859 282 ut
875 262 936 282 cum

151 304 212 323 sese
243 301 380 324 mortuum
408 297 530 333 ferisque
557 299 710 334 expositum
742 302 937 334 conspecturus

151 346 239 374 esset,
255 343 329 369 omni
356 349 469 377 prorsus
497 344 638 372 cadaveris
666 344 795 371 humandi
821 351 886 372 cura
909 349 937 372 et

150 389 224 416 inani
246 388 340 416 labore
364 391 567 424 supersederet.
594 390 680 418 Porro
700 395 727 418 et
747 389 936 418 Palamitarum

151 428 231 466 mimo
252 442 281 466 et
307 439 434 474 (ἔνθεοι-ιη
457 445 520 467 vota
547 440 681 467 hactenus
708 445 767 468 rata
800 440 935 468 fuerunt:

152 485 330 518 Spectandum
346 485 414 512 illud
428 493 521 520 corpus
541 487 630 521 magni
644 486 706 520 ﬁdei
725 494 793 513 uera:
809 487 936 521 praeconis

151 529 254 565 [inquit
274 531 470 566 Cyparissiotes
483 530 552 567 (ἒϐη
576 532 622 559 diu
645 532 758 558 ludibrio
777 531 895 558 habitum
912 536 936 558 et

150 576 352 609 circumlatum;
372 577 431 612 ejus
446 585 537 612 nempe
554 578 612 611 viri,
629 586 679 613 quo
698 586 743 605 nec
758 579 829 605 inter
849 578 936 612 philo-

149 622 242 652 sophos
257 622 394 657 quisquam
405 623 583 655 excellentior,
601 632 646 650 nec
662 625 728 650 inter
742 629 842 651 ascetas
858 625 937 652 disci-

149 666 229 701 plinw
245 668 439 700 observantior;
452 676 497 695 nec
512 669 540 695 in
552 670 675 696 obeundis
686 678 733 705 pro
744 670 869 706 religione
881 678 937 697 cer-

151 713 302 743 taminibus,
318 722 363 740 nec
374 714 399 741 in
417 714 448 741 iis
463 715 555 749 quibus
576 719 717 743 tentatores
734 725 792 743 eum
808 720 936 743 vexarunt

149 759 382 792 persecutiouibus.
410 761 591 793 contumeliis,
619 761 783 794 carcerisquc
808 761 936 797 angustiis

150 806 294 833 tolerandis
310 808 473 835 constantior
486 808 553 843 fuit;
568 807 720 835 admirandi
741 809 850 844 inquam
864 808 936 836 illius

150 851 290 886 Nieephori
311 851 442 888 Gregorn',
463 854 494 880 de
515 862 566 888 quo
587 862 633 888 per
659 859 798 889 utramque
818 853 937 889 appella-

150 899 247 925 tionem
264 899 331 925 nihil
345 899 412 926 Deus
427 899 501 926 aliud
515 899 683 934 signiﬁcavit,
706 900 758 927 nisi
772 908 830 927 eum
847 899 934 927 animo

147 946 220 980 vigili
236 951 260 973 et
275 952 426 981 experrecto
440 947 564 974 victorias
579 948 611 974 ob
628 947 743 974 hostibus
759 947 876 974 ueritatis
891 953 934 973 re-

147 997 324 1024 pormturum.
336 991 392 1020 Hoc
404 993 493 1029 elogio
505 997 642 1021 mortuum
656 992 805 1028 Gregoram
820 992 934 1020 ornabat

149 1035 268 1064 Joannes
282 1037 494 1073 Cyparissiotes;
516 1045 548 1065 ex
574 1037 651 1073 cujus
675 1037 771 1073 grandi
796 1037 934 1065 volumine

148 1081 316 1118 Παλαμικῶν
329 1083 514 1118 παραόάσεων
527 1083 611 1110 libros
623 1083 692 1111 duos
708 1083 824 1110 seiectos
839 1082 935 1110 Latine

147 1129 241 1158 vertit.
257 1129 324 1156 etin
338 1128 428 1156 lucem
440 1129 547 1165 primus
559 1129 656 1162 edidit,
675 1129 709 1156 li.
724 1128 755 1156 P.
773 1128 943 1157 Franciscus’

147 1174 339 1202 Combelisius.

183 1220 310 1255 Gregorae
326 1220 392 1247 vitia
417 1220 517 1255 (neque
539 1219 612 1247 enim
640 1219 699 1255 ejus
724 1220 863 1255 scriptoris
881 1225 934 1248 lam

148 1267 242 1301 inepte
256 1274 317 1294 sum
338 1266 436 1297 fautor,
454 1271 484 1292 ut
503 1265 722 1294 nulla‘habuisse
741 1274 802 1293 eum
821 1271 935 1294 conten-

150 1311 224 1349 dam)
242 1313 360 1340 maxime
383 1311 530 1346 conspicua
545 1311 604 1339 haec
625 1311 746 1340 luerunt.
769 1312 865 1347 Asper,
889 1320 937 1340 au-

185 1380 242 1415 (25)
263 1379 345 1413 Hist.,
359 1379 406 1408 lib.
422 1386 506 1407 uvtt.

952 884 973 912 Β

684 153 891 186 NICEPHORl
914 155 1106 187 GREGORJE
1126 157 1262 189 OPEHA.

1749 162 1791 193 4t

990 215 1090 244 sterns,
1106 214 1244 246 pertinax,
1262 213 1403 248 principes
1424 221 1501 249 asque
1525 222 1555 242 ac
1576 215 1696 250 privatos
1724 217 1790 244 lin-

988 265 1047 292 guas
1063 258 1210 293 petulantia
1226 258 1342 286 oﬂendit
1358 268 1364 285 :
1383 259 1574 294 philosophus,
1591 261 1682 288 animo
1702 262 1786 290 haud

987 304 1133 338 imperavit
1146 313 1153 332 :
1168 305 1324 337 historicus,
1339 305 1457 340 partium
1471 306 1597 333 allectum
1610 315 1664 333 non
1679 308 1761 335 exuit
1777 318 1787 336 :

971 349 1080 385 -gloriaz
1095 350 1213 385 denique
1228 350 1375 384 cupiditate
1394 356 1421 378 et
1446 359 1540 378 amore
1557 351 1598 378 sui
1623 352 1709 387 ipsius
1736 354 1787 380 ui-

988 394 1044 422 mio
1065 395 1208 423 laboravit.
1232 396 1312 423 Plura
1338 397 1364 423 in
1389 396 1457 432 stylo
1481 397 1724 431 reprehendenda;
1753 400 1785 425 in

988 437 1083 472 primis
1097 439 1259 474 κακοζηλία,
1278 448 1326 467 seu
1347 440 1490 468 ambitiosa
1506 441 1647 477 elegantiae
1660 443 1785 470 affecta-

988 484 1043 517 tio;
1060 485 1164 519 poetica
1179 486 1324 513 verborum
1342 486 1481 520 luxuries;
1498 487 1589 523 ﬁgura‘
1604 488 1760 516 insolentes
1775 498 1783 521 ;

988 530 1151 565 hyperbata;
1166 532 1268 559 crebrae
1281 540 1335 559 non
1348 533 1428 560 modo
1438 534 1594 566 verborum,
1605 534 1652 561 sed
1664 538 1692 561 et
1708 542 1784 561 sen-

988 576 1133 602 tentiarum
1143 576 1331 611 repetitiones.
1346 576 1423 609 Quod
1435 577 1457 604 si
1471 575 1668 604 conferendum
1678 585 1784 604 exem-

988 622 1062 656 plum
1083 627 1134 654 est,
1154 623 1180 649 in
1205 622 1282 650 libris
1304 622 1426 657 ejusdem
1455 624 1608 658 argumenti
1633 623 1783 651 historicis

987 667 1195 695 Cantacuzenus
1210 668 1289 704 longe
1307 673 1430 703 praestat.
1446 668 1475 695 ln
1491 668 1664 703 chronologia
1682 674 1782 696 tamen

987 712 1120 749 Gregoras
1133 713 1287 749 diligentior
1301 723 1307 740 :
1325 714 1381 741 imo
1392 715 1464 749 apud
1477 713 1698 741 Cantacuzcuum
1717 714 1782 742 fet'e

987 759 1073 786 nulla.
1089 759 1297 787 Cantacuzenus
1309 760 1432 794 quaedam
1446 760 1553 787 videtur
1566 760 1691 787 consulto
1706 760 1783 787 omi-

987 807 1066 839 sisse,
1092 815 1152 842 qua:
1168 807 1302 842 Cregoras
1327 808 1400 835 haud
1425 807 1609 842 praetermisit.
1635 807 1780 842 Ejusmodi

988 858 1052 880 sunt
1067 860 1099 880 ea
1111 860 1172 887 qua:
1187 852 1231 880 hic
1244 857 1339 879 narrat
1352 852 1385 880 de
1400 852 1536 888 Synadeni
1553 858 1616 886 erga
1631 851 1780 878 Androni-

989 905 1051 925 cum
1065 898 1203 925 seniorem
1221 897 1432 928 inhumanitate.
1453 897 1488 924 de
1502 895 1615 923 Joannis
1631 895 1779 930 Palicologi

987 944 1137 981 natalibus,
1153 943 1187 971 de
1203 944 1299 979 legatis
1318 952 1333 971 a
1350 943 1421 979 Papa
1437 942 1690 977 Constantinopolin
1708 942 1780 969 mis-

988 990 1036 1023 sis,
1050 994 1077 1017 et
1093 990 1144 1017 alia
1160 990 1316 1017 innumera.
1331 989 1403 1023 Haec,
1425 989 1548 1024 inquam,
1563 989 1654 1016 omnia
1670 988 1779 1023 Grego-

987 1045 1042 1070 ras,
1058 1036 1104 1071 qui
1120 1044 1172 1064 nec
1190 1036 1277 1064 illatas
1299 1044 1313 1064 a
1338 1036 1464 1064 Barbaris
1489 1035 1581 1062 clades
1606 1034 1775 1062 dissimulat.

992 1083 1201 1110 Cantacuzeuus
1217 1091 1282 1110 vero
1297 1090 1347 1110 nec
1364 1083 1397 1110 de
1413 1080 1569 1109 Nicomedia
1586 1080 1695 1115 quidem
1724 1084 1775 1107 aut

987 1129 1021 1157 de
1038 1127 1128 1157 Nicaea
1150 1129 1209 1164 ipsa
1234 1130 1332 1157 amissa
1357 1129 1523 1156 mentionem
1541 1127 1614 1155 iecit.
1635 1126 1683 1155 llic
1698 1125 1774 1153 solas

986 1175 1187 1210 quodammodo
1206 1183 1250 1203 res
1266 1174 1438 1210 Byzantinas,
1458 1179 1552 1201 noster
1576 1173 1657 1200 etiam
1680 1176 1774 1198 exter-

986 1229 1036 1248 nas
1053 1220 1171 1248 Historia
1190 1229 1239 1248 sua
1257 1223 1416 1256 complexus
1429 1225 1479 1249 est.
1500 1220 1619 1255 Uterque
1637 1218 1717 1254 igitur
1732 1216 1775 1245 le-

987 1268 1090 1303 gendus
1107 1273 1134 1294 et
1150 1267 1218 1295 alter
1231 1275 1264 1295 ex
1280 1268 1366 1295 altero
1378 1267 1554 1302 supplendus.

1021 1380 1078 1416 (26)
1097 1380 1201 1408 Palam.
1217 1384 1381 1416 transgress.
1395 1387 1478 1407 serm.
1495 1380 1524 1413 4,
1540 1387 1601 1415 cap.
1619 1380 1645 1414 l,

848 1478 1110 1553 OPEBAI’

185 1584 302 1620 Scripsit
334 1583 470 1619 Gregoras
501 1582 635 1618 permulta
666 1581 747 1609 variae
773 1580 969 1612 eruditionisc

149 1631 290 1667 opuscula,
309 1637 425 1665 quorum
441 1637 526 1664 pauca
542 1629 612 1665 typis
634 1628 782 1660 mandata;
801 1627 929 1662 pleraque

149 1680 241 1703 autem
261 1678 373 1702 exstant
393 1675 576 1709 manuscripta
587 1674 615 1701 in
626 1673 766 1701 codicibus
784 1671 933 1704 Vaticanis,

148 1721 291 1753 tlmsareis,
305 1720 539 1752 Scorialensibus,
552 1718 737 1751 Barocciahis,
751 1722 779 1745 et
790 1717 851 1745 aliis
866 1717 934 1744 ntul-

149 1769 194 1800 tis,
210 1772 239 1794 ut
251 1766 351 1802 Regios
369 1766 464 1794 sileam
481 1774 489 1793 :
505 1767 628 1799 quaedam
644 1766 711 1793 item
729 1765 855 1792 videntur
867 1768 934 1791 t'cm~

149 1814 222 1849 poris
234 1813 308 1848 longi
324 1813 423 1848 injuria
438 1812 616 1840 intercidisse.
634 1811 732 1838 Eorum
745 1810 800 1837 fere
811 1810 933 1837 omnium

148 1855 271 1888 notitiam
291 1858 367 1886 dabit.
382 1858 464 1886 index
482 1858 648 1889 uberrimus,
667 1864 700 1884 ex
719 1857 751 1884 ﬂ.
771 1856 801 1883 P.
818 1856 849 1883 ι).
871 1855 935 1882 Ber-

148 1905 225 1933 nardi
242 1905 296 1940 (27)
314 1905 432 1937 schedis,
449 1904 534 1931 Roma
549 1903 583 1930 ad
598 1910 648 1930 nos
664 1902 843 1934 transmiSsis,
860 1906 887 1928 et
899 1909 933 1929 ex

147 1952 230 1979 variis
254 1951 379 1978 codicum
397 1949 650 1984 manuscriptorum
671 1947 800 1983 catalogis
824 1947 934 1974 concin-

148 2002 240 2024 natus.
257 1996 336 2022 Hunc
354 1999 382 2021 tu
399 2001 491 2028 quaeso
508 1993 638 2025 indicem,
651 1991 742 2019 Abbas
754 1991 932 2022 nobilissime,

148 2041 324 2077 quantumvis
335 2040 456 2076 longum,
470 2042 555 2082 totum
568 2037 654 2065 oculis
664 2043 804 2072 percurre.
818 2036 847 2063 ln
857 2041 933 2063 tanta

148 2088 279 2114 librorum
296 2086 383 2120 copia,
397 2089 464 2119 quot
489 2083 532 2112 hic
547 2083 652 2111 videbis
673 2088 860 2115 enumeratos,
879 2082 934 2109 erit

150 2133 232 2160 credo
257 2131 357 2166 aliquid
381 2130 453 2165 quod
470 2130 530 2164 ipso
546 2134 706 2165 argumento
722 2128 845 2162 placeat;
860 2126 932 2162 quod

148 2179 279 2206 amissum
298 2176 408 2207 doleas;
428 2175 502 2210 quod
516 2182 549 2202 ex
571 2172 932 2207 bibliothecarunvpulrere

148 2224 207 2252 erui
222 2223 326 2257 cupias.
345 2222 435 2249 Erunt
453 2221 535 2248 etlam
561 2220 651 2255 aliqua
670 2219 797 2251 fortasse,
814 2224 931 2253 quorum

147 2270 280 2305 iacturam
297 2268 374 2295 facile
389 2268 470 2295 feras.
487 2267 553 2295 nun
575 2266 693 2302 quidem
709 2266 842 2294 librorum
858 2270 930 2292 cata-
947 2257 970 2284 D

147 2315 224 2350 logos
245 2314 391 2349 perlegisse
408 2314 459 2341 hoc
474 2320 545 2348 saepe
558 2312 708 2349 jucundum
727 2312 789 2344 fuit,
803 2311 876 2346 quod
895 2318 927 2338 ex

148 2360 182 2387 iis
197 2359 380 2386 intellexerim
396 2359 490 2386 deesse
501 2358 569 2386 mihi
585 2358 682 2390 multa,
696 2357 738 2384 vel
757 2355 874 2390 inutilia,
887 2355 929 2384 vel

147 2405 229 2432 etiam
246 2402 328 2430 mala.

437 2447 525 2482 Opera
540 2447 644 2474 biblica.

183 2493 222 2520 De
237 2501 360 2520 mensura
377 2496 452 2520 Arcto
470 2493 538 2524 Noe‘,
554 2501 586 2520 ex
602 2492 724 2527 Origene.
741 2491 808 2520 Cod.
823 2491 935 2519 Barocc.

148 2540 192 2568 ts.
211 2539 253 2567 πθ.
590 2574 595 2579 ¹

182 2585 224 2613 Ex
237 2585 367 2620 prophetis
379 2585 522 2619 majoribus
532 2590 557 2611 et
565 2584 708 2611 minoribus
722 2584 792 2610 dicta
802 2588 933 2617 excerpta,

148 2640 207 2659 cum
216 2632 323 2667 prologo
335 2637 360 2659 et
369 2631 575 2659 commentariis.
587 2630 651 2658 Cod.
661 2630 759 2658 Caesar.
774 2629 929 2658 Vindobon.

184 2722 240 2757 (Ἦ)
260 2723 297 2750 De
312 2723 495 2751 lilonttaucon.

185 2756 241 2792 (28)
257 2758 314 2784 Hoc
329 2762 381 2789 est,
398 2763 460 2784 ante
472 2764 572 2784 annum
591 2756 669 2792 αξη.

185 2790 241 2826 (29)
269 2792 432 2819 Eorumdem
449 2793 574 2819 meminit
601 2790 671 2818 llist.
687 2790 736 2818 lib.
764 2798 839 2824 xvtn,
861 2798 891 2826 c.
902 2790 926 2823 7,

148 2835 172 2856 ε.
190 2825 293 2866 ξιιμ).
311 2835 466 2866 xxtn,_pag.
482 2827 551 2866 697,
570 2826 616 2866 lib.
629 2834 743 2866 xxtvhp.
757 2825 850 2866 _7_(_)B_e_t
864 2825 926 2852 715.

186 2861 242 2897 (30)
257 2861 295 2889 ita
310 2863 370 2889 eod.
391 2861 511 2889 Vaticani
528 2861 633 2889 titulus.
653 2862 687 2888 At
705 2861 744 2888 illi
756 2861 818 2888 libri
834 2862 862 2888 in
879 2868 927 2888 co-

989 1582 1106 1617 theolog.
1133 1581 1193 1609 174.
1210 1581 1277 1610 Vide
1299 1587 1326 1610 et
1350 1581 1467 1611 indicem
1496 1583 1669 1619 prologorum
1699 1584 1772 1614 inter

986 1628 1114 1662 opuscula
1132 1628 1275 1655 rhetorica.
1391 1620 1394 1629 ⁷

1020 1671 1130 1707 Ἀρίστη
1158 1673 1269 1707 ὲπιλογὴ
1288 1672 1367 1699 θείων
1385 1672 1467 1700 τινῶν
1495 1673 1601 1708 ῥήσεων
1616 1675 1663 1702 τοῦ
1680 1684 1768 1710 μακα-

987 1717 1045 1752 ρίου
1060 1717 1105 1743 καὶ
1124 1717 1248 1751 γενναίου
1270 1717 1343 1752 Ἰὼϐ,
1366 1719 1573 1755 συμὸαλλομένη
1604 1721 1685 1747 παντὶ
1700 1722 1768 1756 Χρι-

984 1762 1086 1797 στιανῷ
1114 1765 1154 1795 εἰς
1180 1763 1325 1798 ὠφέλειαν.
1350 1764 1470 1798 Optimus
1495 1766 1608 1793 delectus
1630 1775 1767 1794 sacrarum

983 1810 1151 1844 quarundam
1167 1811 1358 1837 sententiarum
1380 1811 1449 1838 beati
1464 1816 1487 1838 et
1502 1811 1579 1846 [ortis
1596 1812 1665 1845 Jobi,
1687 1813 1766 1840 cuivis

984 1854 1134 1883 Christiano
1156 1857 1321 1884 utilissimus.
1349 1856 1471 1890 Initium,
1498 1858 1554 1885 Καὶ
1578 1859 1685 1892 ἐγένετο
1699 1859 1765 1895 ὠςή

983 1898 1077 1937 ἡμέρο.
1090 1901 1172 1936 α’ύτη,
1189 1903 1236 1929 καὶ
1252 1903 1307 1929 ἰδοὺ
1323 1900 1403 1938 ἦλθον
1417 1904 1440 1929 oi
1453 1903 1564 1937 ἄγγελοι
1578 1904 1624 1931 τοῦ
1635 1904 1701 1931 Θεοῦ
1715 1913 1766 1931 πα-

984 1950 1121 1984 ραστῆναι
1137 1947 1252 1975 ἐνώπιον
1264 1946 1310 1975 τοῦ
1329 1948 1444 1984 Κυρίου.
1462 1949 1529 1977 Cod.
1547 1950 1647 1978 Ctesar.
1663 1950 1765 1978 Vindo-

986 1995 1050 2022 bon.
1070 1992 1187 2030 tltcolog.
1207 1995 1267 2022 174.

1290 2037 1454 2074 Dogmatica.

1018 2085 1191 2112 Antirrhetici
1205 2084 1392 2118 etSteliteutici
1405 2086 1515 2120 priores.
1530 2086 1683 2121 Scripserat
1699 2086 1763 2114 Gre-

984 2138 1063 2165 goras
1087 2131 1171 2158 libros
1196 2131 1222 2158 in
1237 2130 1353 2159 Palamte
1385 2131 1587 2167 Autirr/«eticos,
1619 2138 1762 2168 antequam

982 2175 1188 2202 Cantacuzenus
1216 2175 1330 2210 imperio
1351 2176 1454 2211 politus
1477 2183 1550 2204 esset
1571 2177 1639 2213 ('28),
1661 2182 1691 2205 ut
1705 2178 1762 2211 ipse

984 2224 1109 2253 testatur,
1123 2220 1249 2248 Historiae
1263 2221 1333 2248 libro
1353 2229 1405 2248 xxv
1421 2222 1488 2255 (29).
1504 2221 1555 2250 Eos
1569 2223 1662 2250 decem
1679 2224 1761 2252 fuisse

983 2265 1084 2293 indicat
1098 2266 1149 2293 hoc
1161 2274 1342 2301 programma,
1355 2267 1442 2294 codici
1459 2266 1589 2295 Vaticano
1604 2269 1739 2302 przetixum
1753 2279 1759 2296 :

988 2311 1071 2343 Πίναξ
1085 2311 1139 2337 τῶν
1147 2310 1312 2344 ἐκλεγέντων
1325 2312 1357 2338 ἐκ
1369 2311 1418 2346 τῆς
1431 2312 1545 2339 καθόλου
1563 2313 1681 2347 ἱστορίας
1699 2315 1762 2340 Ῥω-

987 2354 1094 2391 μαῖκῆς
1123 2355 1208 2389 λόγων
1227 2355 1273 2382 τοῦ
1293 2357 1432 2392 Γρηγορᾶ,
1458 2358 1504 2383 καὶ
1529 2359 1706 2385 συντεθέντων
1722 2362 1761 2386 ὲν-

985 2401 1070 2428 ταῦθα
1093 2402 1148 2432 τοῖς
1161 2401 1350 2428 ΠΡΟΤΕΡΟΙΣ
1365 2401 1446 2427 αὐτοῦ
1461 2402 1552 2428 ΔΕΚΑ
1576 2399 1631 2437 (50)
1646 2404 1763 2430 ΑΝἸΙΡ-

985 2445 1160 2472 ΡΗΤΙΚΟΙΣ.
1188 2446 1227 2479 Μ,
1242 2451 1284 2473 est
1302 2455 1308 2472 :
1327 2445 1410 2473 Infice;
1432 2445 1558 2474 librorum
1583 2447 1705 2483 (ἔναιον-(ι’
1733 2458 1762 2476 ωε

985 2490 1103 2525 generali
1127 2490 1243 2518 Historia
1267 2491 1386 2518 Romana
1407 2491 1570 2525 selectorum,
1588 2498 1685 2520 etcum
1705 2494 1761 2521 Ι)Ιέ-

984 2536 1058 2563 CEM
1077 2536 1133 2570 ejus
1147 2536 1336 2565 PRIORIBUS
1351 2538 1631 2567 ANTIRRIIETICIS
1652 2542 1693 2567 llic
1705 2549 1761 2567 cou-

980 2581 1144 2616 junctorum.
1159 2581 1193 2608 At
1210 2582 1236 2608 in
1252 2582 1410 2611 Colvilliano
1434 2585 1612 2613 Scorialcnsis
1623 2586 1760 2614 bibliothe-

981 2635 1019 2655 ca:
1032 2628 1154 2664 catalogo
1167 2629 1221 2665 (51)
1250 2627 1306 2664 (qdi
1321 2629 1347 2656 in
1364 2629 1629 2675 Mediolattcttsi.seu
1647 2633 1759 2660 Ambro-

985 2720 1043 2747 dice
1055 2721 1114 2754 ipso
1125 2720 1325 2752 desiderantur.

1019 2756 1074 2789 (3t)
1095 2756 1180 2790 Cujus
1202 2763 1317 2791 partem,
1333 2765 1366 2785 ex
1382 2765 1431 2785 ms.
1452 2757 1626 2786 bibliothecae
1649 2759 1760 2786 Ambro-

983 2790 1065 2828 sianae
1077 2791 1170 2828 collicc
1180 2790 1353 2828 descriptam,
1363 2793 1573 2822 communicavit
1585 2802 1690 2823 mecum
1702 2793 1756 2822 Fri-

981 2825 1089 2853 dericus
1105 2825 1290 2861 ROSIgardius.
