1895 3062
123 136 160 167 65
650 141 861 172 ΝῘΟΕΡΗΟΗΙ

1017 142 1074 172 [UE
1096 142 1252 172 ELOGIA.
1730 143 1765 175 6‘}

124 200 245 224 νετκιις,
268 194 340 228 μετὰ
363 193 463 228 ταύτης
484 193 571 229 δήπου
595 197 642 223 καὶ
665 198 722 229 τοῖς
745 199 809 234 περὶ
831 199 872 225 air

1019 197 1051 223 od
1061 201 1149 223 autem
1166 206 1217 223 nou
1233 201 1328 224 temere
1344 198 1371 224 id
1388 207 1403 224 a
1419 207 1458 225 me
1472 207 1517 226 ηδε
1529 199 1564 226 ad
1581 201 1694 234 gratiam
1712 200 1765 227 ulla

125 239 251 269 ἑπιῐνοις
266 239 439 275 ἐγχειρῆσαι.
453 240 488 267 Σὺ
501 241 523 267 δ’
535 242 608 276 ἡμᾶς
622 242 717 278 ὥσπερ
732 243 837 279 παρὼν,
851 245 922 272 οὕτω

126 283 175 308 καὶ
193 283 273 310 ἀπὼν
289 285 460 318 εὐφραίνεις.
477 287 606 322 Ἔχοντες
626 289 675 323 μὲν
691 290 745 324 γὰρ
760 291 879 323 mat-{son
894 292 922 317 ὲν

128 330 232 364 χεραίν,
254 329 352 366 ὥσπερ
373 332 456 365 εἰκὸς,
477 334 693 368 ἐκαρπούμεθα·
715 337 745 362 τὸ
765 336 786 363 δ’
800 335 869 364 εἶναι
890 339 923 372 τῇ

129 374 248 409 βασιλίδι
263 376 318 402 τῶν
335 377 440 403 πόλεων
458 379 505 404 καὶ
520 380 644 415 ἡμετέρᾳ
659 382 771 415 πατρίδι
788 383 924 417 τοσαύτην

129 422 299 456 φιλοτιμίαν,
316 423 408 457 πάσης
422 424 518 459 ἡδονῆς
533 427 698 462 ἐμπίπλησι.
709 428 768 454 Καὶ
783 429 857 464 τόπῳ
874 430 923 463 μὲν

129 467 306 501 διεστηκότες
325 468 456 504 φιλοῦμεν
471 470 520 505 οὐχ
537 468 617 506 ἧττον
635 473 805 508 ἢ⁴παρόντες
817 483 824 489 ⁸
842 475 923 502 αὑτο-

131 513 290 547 προσώπως
312 514 341 541 δὲ
364 516 412 541 οὐκ
433 516 503 550 ἐξδν,
527 518 648 550 διανοίας
672 519 712 546 σοί
733 528 768 553 γε
791 521 924 555 κινήμασι

131 558 280 594 σύνεσμεν.
296 560 353 596 Τὴν
370 562 460 596 μέντοι
481 563 563 597 φύσιν
579 564 626 598 τὴν
643 565 692 599 σὴν
707 567 763 597 τοῖς
782 567 924 602 ὑμετέροις

130 600 224 639 λῦγοις
245 607 396 643 ἐνορῶμεν,
417 610 464 635 καὶ
480 609 530 644 τῆς
552 611 601 646 σῆς
621 611 659 642 εἰς
683 600 924 648 μνήμηννῆκοντες

131 651 286 687 διατριϐῆς,
301 654 350 679 καὶ
365 654 418 680 τῶν
430 655 565 690 ὁσημέραι
579 657 737 690 φοιτώντων
749 658 799 692 τὴν
813 658 925 693 Ἀκαδη-

135 697 201 730 μίαν
218 699 266 724 καὶ
281 699 313 725 τδ
332 699 448 726 Λύκειον
466 702 669 736 φανταζόμεοα.
689 703 744 729 Καὶ
765 705 806 731 σοὶ
826 703 874 738 μὲν
892 704 926 730 τὰ

134 743 268 770 κάλλιστα
283 745 371 772 ταῦτα
389 748 574 782 συγχαίρομεν
585 755 593 761 ⁸
611 750 802 785 μακαρίζομεν
816 751 838 777 δ’
851 752 925 787 ἡμᾶς

135 790 237 821 αὐτοὺς
254 791 305 825 τῆς
327 791 379 826 σῆς
401 794 470 820 κατὰ
489 794 534 820 τὸν
552 794 610 829 βίον
630 796 716 829 φορᾶς
737 796 784 823 καὶ
805 797 924 824 συνόδου.

137 835 187 869 Εῑη
212 836 240 861 δέ
266 844 297 862 σε
323 837 392 864 κάπὶ
418 838 545 866 πλεῖστον
569 841 714 876 προελθεῖν
738 842 785 869 τοῦ
810 843 924 878 χρόνον,

976 243 1051 270 modo
1069 244 1251 273 dicatur,‘cum
1267 245 1320 270 alia
1336 245 1417 271 multa
1431 246 1532 272 abunde
1549 246 1697 279 declarant,
1711 254 1766 273 tum

975 298 1014 318 ea.
1031 298 1089 324 qure
1110 291 1200 316 statim
1218 291 1336 316 dicturus
1357 299 1425 318 sunt.
1441 291 1493 318 Alii
1506 292 1611 326 quidem
1635 293 1704 319 alias
1723 294 1766 319 tli-

974 335 1100 369 sciplinas
1118 340 1142 361 et
1157 336 1211 362 alia
1226 337 1314 363 studia
1330 338 1439 371 professi
1460 343 1532 368 sunt,
1549 343 1625 371 prout
1644 339 1768 372 cujusque

976 381 1094 408 voluntas
1110 387 1133 408 et
1147 383 1297 409 institutum
1311 383 1372 417 fuit.
1387 389 1432 409 aut
1450 388 1488 413 tut
1507 385 1591 410 verius
1606 385 1702 418 dicam)
1720 393 1767 410 na-

976 432 1035 454 tura
1055 436 1064 455 :
1083 429 1109 454 in
1130 428 1221 462 quibus
1242 437 1299 454 cum
1320 429 1501 456 emcelluisseut
1528 435 1550 456 et
1578 430 1612 455 ad
1636 438 1767 456 sununum

974 475 1159 506 pervenissent,
1178 480 1231 500 tum
1255 475 1358 501 demum
1379 475 1485 502 a’ntulos
1507 479 1531 501 et
1547 476 1675 502 sitnilibus
1690 476 1764 503 labo-

975 519 1045 546 ribus
1061 521 1216 550 exercitatos
1240 521 1287 547 visi
1299 527 1357 547 sunt
1382 529 1530 554 superasse.
1550 522 1582 547 At
1603 526 1629 547 tu
1652 521 1718 548 nihil
1731 526 1767 548 est

975 565 1010 592 ad
1029 570 1097 600 quod
1120 571 1200 594 natus
1221 575 1270 592 non
1289 568 1341 599 sis;
1357 567 1433 596 nihil,
1449 576 1499 600 quo
1517 576 1567 594 non
1586 573 1609 594 te
1624 568 1708 601 ipsum
1721 576 1769 602 age

975 613 1142 646 gregaveris;
1164 612 1238 642 nihil.
1254 613 1279 639 in
1295 621 1345 647 quo
1362 613 1431 639 haud
1449 613 1598 647 felicissime
1613 613 1767 640 e’aboraris.

977 658 1030 685 Sed
1047 658 1073 684 in
1098 658 1216 685 omnibus
1238 659 1275 685 sic
1301 665 1432 688 versatus.
1459 665 1488 686 ut
1512 668 1585 685 nemo
1606 660 1630 686 in
1646 660 1767 694 singulis,

977 703 1016 730 tui
1030 707 1054 729 et
1071 707 1224 740 aeterm-um
1243 704 1383 730 discrimen
1407 705 1510 731 evidens
1533 705 1626 736 fecisti.
1652 705 1720 731 Nam
1742 708 1769 732 in

975 749 1068 784 quibus
1082 749 1264 783 particulatim
1279 751 1387 785 quisque
1399 751 1560 785 prtzcipuam
1572 757 1595 777 et
1607 752 1768 784 singularem

977 803 1082 829 operam
1105 800 1258 829 posuerunt,
1280 796 1307 822 in
1322 797 1354 823 iis
1376 798 1503 831 quosdam
1527 805 1709 835 supergressus
1731 807 1768 829 es,

977 849 1035 867 eum
1051 841 1111 868 aliis
1128 842 1159 868 de
1174 842 1264 874 palma
1280 843 1451 873 contendisti;
1467 851 1596 878 nusquam
1619 845 1689 876 infra
1711 846 1769 879 pri«

136 880 212 912 ὅπως
227 881 274 908 καὶ
290 883 411 910 πλεῖστοι
425 884 477 911 τῶν
494 886 558 921 (95)
574 887 685 920 ἀγαθῶν
701 877 864 924 μετάσχοιεν
879 891 884 916 i

1021 894 1033 913 s
1049 886 1208 913 substitisti:
1229 887 1290 918 imo,
1306 893 1333 913 ut
1348 889 1502 916 summatim
1523 890 1619 920 dicam,
1639 899 1705 916 unus
1723 891 1768 916 hos

136 927 150 951 0
155 936 193 961 μω
197 936 228 953 πε
232 937 252 954 ι.

289 975 439 1011 Lampenus
451 978 638 1007 Tarchoniotes
651 979 782 1016 Grcgoraz.
803 976 806 977 ν

175 1019 276 1054 Nempe
290 1023 407 1056 quilibet,
430 1025 511 1051 habili
528 1026 562 1051 ad
576 1027 772 1060 percipiendam
790 1031 873 1054 artem
887 1029 929 1055 in-

137 1067 214 1100 genio
235 1068 375 1102 pra'ditus,
394 1069 417 1096 si
433 1070 605 1097 simulacrum
624 1073 768 1106 aspexerit,
786 1081 837 1100 non
851 1073 929 1108 facile

138 1111 172 1137 ab
188 1119 217 1138 eo
233 1116 281 1139 nec
293 1114 343 1140 nisi
358 1114 462 1142 moleste
471 1117 593 1150 discedet,
608 1125 638 1144 ac
652 1118 787 1152 spectandi
797 1119 929 1154 voluptate

137 1159 240 1192 expleri
263 1168 315 1187 non
343 1162 462 1194 poterit:
482 1163 542 1190 illos
568 1169 656 1190 autem
682 1165 725 1200 qui
744 1166 770 1192 in
796 1167 928 1194 orationes

138 1210 211 1237 tuas,
226 1207 303 1240 quasi
317 1207 344 1233 in
358 1207 501 1236 simulacra
516 1210 649 1242 animata.
670 1210 751 1238 oculis
772 1211 866 1246 deﬁxis
875 1213 928 1240 hae-

136 1257 208 1284 rent,
226 1252 295 1283 illos.
312 1253 432 1288 inquam,
443 1255 546 1288 pulchri
555 1256 666 1283 satietas
679 1258 775 1291 capiet,
786 1262 833 1284 aut
851 1258 928 1286 citius

135 1299 156 1325 ii
171 1299 304 1326 discedent
322 1299 354 1326 ab
368 1300 421 1327 illis
436 1301 519 1333 rebus,
536 1310 594 1336 quae
608 1303 743 1330 oculorum
759 1305 852 1330 mentis
865 1312 928 1338 epu-

137 1343 172 1370 lie
187 1350 211 1372 et
227 1344 327 1372 delicice
341 1352 399 1372 sunt
411 1347 424 1373 ?
445 1346 477 1373 Id
491 1348 595 1382 quidem
615 1357 699 1380 nemo,
718 1354 745 1376 ut
762 1351 865 1384 opinor,
889 1351 929 1378 di-

138 1396 229 1418 cturus
246 1396 294 1424 est,
312 1393 356 1427 qui
375 1393 485 1421 rationis
504 1403 554 1420 usu
578 1395 723 1422 instructus
737 1397 782 1424 sit.
797 1396 863 1432 Ego,
878 1405 928 1432 quo

138 1442 253 1470 tempore
270 1446 393 1472 magnam
410 1440 498 1466 urbem
513 1440 677 1474 habitabam,
699 1442 842 1477 prwcluras
869 1447 929 1470 tuas

137 1483 331 1518 disputationes
356 1485 450 1511 mirari
473 1486 545 1512 haud
569 1486 718 1514 desinebant
748 1495 850 1515 :nemo
872 1493 928 1515 erat

136 1530 266 1562 eruditus,
283 1531 328 1565 qui
345 1539 398 1557 non
412 1532 528 1559 conscius
544 1533 607 1560 mihi
623 1538 689 1560 esset
701 1534 873 1569 applaudenti
886 1535 925 1561 in-
942 1547 964 1575 ο

137 1576 208 1610 genii
228 1576 268 1602 tui
298 1577 401 1611 fetibus,
424 1583 449 1605 et
469 1578 617 1612 honoriﬁcis
640 1580 778 1613 praeconiis
801 1588 843 1607 eos
861 1588 930 1607 com-

139 1623 288 1650 mendanti.
304 1622 334 1649 At
351 1631 419 1650 nunc
440 1631 482 1651 eos
500 1624 589 1658 libros,
607 1633 671 1658 quos
685 1626 732 1652 hoc
749 1634 819 1652 anno
840 1626 867 1653 in
892 1626 931 1653 lu-

141 1676 194 1694 cem
220 1668 342 1701 emisisti,
362 1669 446 1704 magis
470 1670 604 1703 admiror;
630 1679 781 1706 quanquam
812 1673 931 1707 egregias

141 1715 275 1741 orationes
297 1723 373 1751 quam
393 1716 522 1749 plurimas
532 1716 592 1751 jam
605 1722 666 1743 ante
682 1718 811 1750 edideras,
828 1727 930 1746 morum

140 1761 283 1794 gratitate,
296 1762 484 1788 sententiarum
498 1762 634 1796 dignitate,
647 1763 781 1789 verborum
792 1763 931 1798 majestate

141 1806 222 1832 nihilo
246 1807 382 1840 inferiores
405 1806 524 1833 Platonis
545 1808 717 1834 oratiombus.
739 1808 841 1843 Quippe
854 1813 878 1835 et
898 1809 930 1843 ﬁ-

140 1853 212 1886 guris
228 1857 252 1878 et
270 1853 454 1887 compositione
470 1857 494 1879 et
522 1854 655 1880 verborum
679 1859 741 1888 apta
761 1854 930 1882 collocatione

141 1904 164 1923 et
180 1898 319 1931 conjuncta
340 1907 399 1925 cum
416 1900 546 1926 suavitate
569 1900 644 1934 copia
665 1905 689 1927 et
710 1894 886 1934 persuadendi
905 1902 930 1929 vi

143 1945 271 1970 rhetorica
300 1945 361 1970 illas
384 1945 562 1979 tequiparaat,
586 1954 644 1980 qua:
665 1945 697 1972 ab
716 1948 839 1973 oratorite
864 1948 930 1974 artis

142 1991 259 2025 principe
270 1990 426 2018 elucubrata:
444 1992 560 2026 fuerunt.
574 1991 615 2018 Ad
627 1992 785 2026 ejuscemodi
801 1993 932 2020 orationes

143 2045 200 2063 cum
220 2041 244 2063 et
262 2038 424 2071 magnanimi
444 2037 581 2069 Demetrii,
598 2043 622 2064 et
639 2039 696 2073 ejus
709 2047 766 2074 qua:
788 2039 868 2066 Deum
884 2047 932 2066 ar-

143 2084 218 2110 canis
234 2084 379 2110 rationibus
396 2084 505 2118 peperit,
522 2083 613 2110 laudes
634 2084 800 2120 adjunxeris.
817 2092 931 2120 quonam

146 2131 246 2166 (putas)
267 2138 328 2165 erga
348 2135 372 2157 te
391 2139 468 2157 sensit
495 2131 603 2165 affecisti
625 2131 753 2164 politioris
775 2131 932 2158 litteratura:

145 2177 295 2203 studiosos?
312 2176 439 2210 Equidem
459 2181 583 2212 quotquot
604 2177 644 2204 hic
660 2177 766 2212 degunt,
779 2185 821 2203 eos
832 2177 931 2211 primus

978 939 1065 958 omnes
1082 940 1109 958 re
1131 933 1187 967 ipsa
1207 934 1347 967 superasti,
1366 942 1396 960 eo
1417 936 1486 968 quod
1510 936 1542 961 ab
1566 935 1619 962 illis
1645 936 1769 970 pleraque

979 978 1132 1011 multiplicis
1155 979 1282 1011 doctrinae
1307 988 1402 1014 genera
1428 980 1541 1014 neglecta
1561 987 1638 1013 sunt;
1657 987 1684 1008 tu
1709 990 1769 1008 rero

978 1025 1099 1052 universa
1110 1025 1190 1052 simul
1202 1030 1382 1059 perscrutatus
1397 1034 1434 1058 es,
1453 1031 1476 1052 et
1488 1034 1519 1053 ea:
1532 1027 1603 1054 omni
1615 1027 1769 1054 eruditionis

977 1075 1053 1104 parte
1074 1071 1175 1105 fructus
1194 1071 1304 1096 eximios
1329 1071 1489 1104 produxisti,
1508 1071 1635 1106 habesque
1650 1073 1682 1099 ab
1697 1073 1769 1099 omni

977 1117 1087 1145 scientia
1109 1117 1210 1150 famam
1224 1121 1248 1143 et
1274 1124 1386 1149 nomen;
1402 1117 1439 1143 sic
1455 1124 1481 1143 ut
1500 1123 1602 1152 poetam
1623 1123 1656 1148 te.
1680 1122 1770 1145 orato-

979 1170 1044 1193 rem,
1061 1162 1214 1196 sophistam,
1232 1161 1398 1194 historicum,
1416 1167 1439 1188 et
1454 1162 1514 1189 aliis
1532 1162 1640 1196 singulis
1655 1163 1768 1189 tramitti-

980 1209 1026 1235 bus
1042 1208 1064 1234 si
1080 1209 1138 1242 quis
1159 1207 1303 1241 compellet.
1323 1209 1345 1234 is
1357 1216 1373 1234 a
1391 1216 1448 1234 vero
1470 1208 1642 1234 aberraturus
1659 1217 1708 1234 non
1724 1209 1767 1235 sit.

979 1254 1041 1281 Jam
1065 1254 1096 1280 ab
1120 1253 1293 1288 philosophia,
1313 1254 1483 1280 scientiarum
1502 1254 1697 1288 augustissima,
1712 1254 1770 1286 quis

980 1308 1039 1335 vere
1062 1305 1098 1326 est
1114 1300 1319 1327 denominatus?
1336 1298 1430 1326 Nonne
1449 1299 1481 1330 is,
1501 1299 1546 1334 qui
1566 1307 1616 1326 nan
1637 1299 1719 1325 solum
1742 1307 1770 1325 re

980 1346 1020 1381 (ut
1033 1346 1071 1372 ita
1087 1346 1183 1379 dicam)
1199 1346 1366 1379 philosophus
1379 1349 1427 1377 est,
1438 1344 1482 1371 sed
1495 1345 1538 1371 cui
1550 1344 1597 1371 hoc
1605 1353 1697 1371 nomen
1713 1344 1769 1378 (9-4)

979 1392 1011 1418 ab
1029 1392 1148 1418 omnibus
1175 1399 1221 1425 pro
1245 1391 1298 1417 alia
1324 1391 1416 1425 quavis
1434 1391 1610 1425 appellatione
1628 1389 1772 1416 tribuitur?

981 1437 1059 1464 Multi
1075 1437 1244 1471 philosophia:
1261 1437 1416 1463 studuerunt
1431 1444 1440 1462 :
1455 1444 1522 1462 uitus
1541 1441 1568 1462 tu
1588 1444 1682 1462 nomen
1695 1444 1727 1462 ex
1738 1444 1770 1463 ea

980 1484 1087 1511 sortitus
1107 1491 1134 1510 es
1150 1484 1285 1509 exirnium.
1305 1482 1409 1509 Etenim
1424 1491 1512 1509 rerum
1527 1483 1699 1517 cognitionem
1716 1490 1771 1509 cer-
1808 1508 1810 1511 _

981 1534 1035 1555 tam
1056 1527 1102 1554 tibi
1122 1528 1257 1562 providere
1275 1532 1298 1554 et
1313 1528 1408 1554 harum
1427 1535 1523 1554 causas
1543 1527 1657 1562 perfecte
1680 1527 1770 1560 ca'plo-

982 1584 1041 1602 rare
1056 1585 1115 1603 cum
1131 1576 1218 1610 velles,
1235 1576 1424 1612 physiologiam
1440 1577 1544 1611 quidem
1568 1577 1726 1608 universam,
1746 1579 1770 1603 et

982 1623 1152 1658 theologiam,
1175 1628 1199 1650 et
1226 1623 1324 1658 logicas
1351 1623 1593 1658 argumentationes
1617 1623 1770 1657 diligentius

981 1669 1171 1704 perbestigasti,
1187 1678 1267 1704 quam
1279 1678 1310 1696 ea
1323 1678 1380 1703 qua:
1394 1669 1519 1696 dicamur
1530 1669 1677 1695 rudimenta
1691 1667 1771 1701 primi

981 1723 1121 1748 puerorum
1143 1716 1271 1742 doctores.
1300 1715 1365 1741 Tum
1391 1715 1558 1742 scientiarum
1579 1715 1770 1749 primariariun

981 1769 1026 1787 seu
1045 1761 1235 1789 mat/tematum
1261 1761 1347 1787 studio
1371 1761 1397 1787 id
1430 1766 1562 1788 assecutus
1585 1769 1622 1790 es.
1647 1766 1674 1786 ut
1706 1760 1769 1786 solis

982 1811 1081 1834 mutum
1095 1811 1120 1833 et
1140 1801 1257 1838 cu‘rsum,
1287 1807 1448 1841 reliquorum
1477 1808 1592 1833 siderum
1619 1812 1768 1841 potestates,

983 1855 1062 1881 totius
1084 1854 1176 1881 mundi
1201 1858 1225 1881 et
1248 1855 1364 1889 partium
1381 1854 1438 1888 ejus
1460 1854 1527 1880 inter
1549 1862 1576 1880 se
1595 1861 1770 1879 camerarum

982 1906 1134 1928 concentum
1145 1922 1152 1934 ,

1189 1901 1404 1935 dispositionem,
1435 1900 1646 1934 proportionem,
1686 1901 1770 1933 magis

978 1943 1062 1983 quam
1075 1947 1144 1973 alius
1164 1948 1301 1982 quisquam
1320 1946 1486 1980 intelliget-es.
1510 1944 1575 1977 Qua:
1602 1949 1629 1970 tu
1654 1945 1770 1971 docendo

983 2003 1041 2021 cum
1056 2001 1171 2028 ~enarres
1198 1998 1221 2020 et
1250 1991 1534 2026 plurimisrdiscipulis
1554 1991 1656 2023 tradas,
1680 1992 1770 2024 singu—

983 2041 1014 2068 lis
1027 2048 1074 2074 pro
1087 2048 1134 2066 suo
1156 2045 1236 2074 captu
1260 2039 1459 2074 accipientibus,
1482 2046 1533 2064 non
1559 2038 1627 2064 sines
1655 2037 1771 2071 philoso-

982 2087 1082 2123 phiam,
1100 2086 1174 2118 cuius
1200 2086 1237 2112 rei
1258 2086 1384 2119 possessio
1400 2084 1499 2111 homini
1523 2083 1699 2118 pulcherrima
1721 2088 1769 2114 cst,

983 2133 1084 2168 penitus
1099 2140 1130 2158 ea;
1143 2130 1290 2158 hominibus
1307 2130 1438 2158 sublatam
1457 2129 1593 2157 obscurari
1609 2136 1618 2155 :
1636 2128 1680 2155 sed
1696 2128 1771 2155 libris

983 2178 1080 2212 majori
1102 2177 1287 2212 perspicuitate
1304 2177 1455 2210 compositis
1474 2175 1646 2210 quorumdam
1666 2176 1772 2201 obscure

146 2231 175 2248 ac
196 2222 267 2249 solus
286 2230 385 2248 mecum
405 2222 432 2248 in
450 2223 654 2249 admirationem
678 2223 765 2257 rapui.
779 2221 853 2254 Quod
872 2222 895 2248 si
911 2225 935 2248 et
950 2217 972 2246 ο
986 2225 1055 2251 dicta
1067 2222 1232 2258 t-eformabis,
1254 2221 1566 2256 interpretatiouibusque
1586 2225 1609 2247 et
1637 2221 1773 2253 prarcrptis

147 2269 212 2295 illud
226 2270 278 2295 dici
293 2268 375 2300 debet,
400 2269 482 2303 magis
502 2268 618 2302 profecto
632 2277 711 2302 quam
733 2273 812 2295 antea
835 2269 934 2303 ingenii

147 2315 183 2339 tui
198 2314 350 2348 magnitudo
365 2321 433 2340 nunc
454 2313 559 2339 deruunt
573 2312 667 2339 elusit.
686 2312 819 2339 Nimirum
836 2313 933 2338 doctri—

149 2367 208 2385 nam
222 2359 249 2385 in
264 2359 315 2385 tuis
333 2358 453 2392 operibus
470 2357 643 2390 reconditam,
661 2358 759 2392 partim
774 2366 789 2384 a
805 2357 934 2392 plerisque

149 2405 304 2440 ignoratum,
322 2403 419 2438 partim
431 2411 533 2435 eorum,
549 2404 592 2438 qui
606 2408 735 2436 utcunque
750 2402 932 2438 intelligerent,

149 2453 334 2487 pnrmeditata:
353 2452 457 2478 invidia:
482 2451 633 2482 obnoxiam,
658 2454 786 2485 quantum
811 2450 837 2476 in
859 2450 932 2476 nobis

149 2499 195 2533 fuit
212 2500 247 2525 ita
264 2496 446 2533 explicuimus,
464 2503 493 2524 ut
509 2502 532 2524 et
554 2496 633 2523 invidi
646 2496 774 2531 prtvcluso
786 2504 829 2522 ore
842 2495 933 2522 obmu-

149 2551 285 2576 te;.ccrent,
304 2550 326 2571 et
347 2549 441 2571 nostra:
464 2542 648 2578 approbotioni
666 2542 780 2569 aliorum
804 2547 932 2576 pi'wterea

148 2591 319 2624 complurium
333 2591 463 2625 suffragia
490 2589 652 2616 accederent.
681 2589 796 2623 Jamque
819 2589 883 2615 adeo
910 2593 932 2615 te

148 2645 196 2664 non
220 2638 295 2672 hujus
321 2642 426 2664 tantum
449 2641 558 2668 nostrco,
584 2641 629 2662 aut
653 2637 709 2670 ejus
734 2643 792 2670 qua’
815 2636 935 2669 proxime

147 2684 275 2717 prtccessit
286 2684 383 2716 a'tutis,
397 2683 442 2709 sed
451 2687 476 2709 et
488 2681 651 2716 superiorum
665 2685 806 2715 temporum
823 2680 934 2707 eruditis

147 2728 276 2759 cornibus,
299 2737 409 2762 quarunt
432 2728 495 2755 libri
518 2731 686 2753 monumenta
703 2730 763 2753 sunt
779 2733 934 2760 magnorum

148 2775 319 2810 ingeniorum,
343 2776 473 2810 majorem
496 2779 574 2809 atque
599 2772 804 2800 excellentiorcm
835 2775 933 2800 statuo.

181 2833 235 2868 (95)
266 2833 338 2860 Fort.
359 2833 423 2868 adn,

985 2270 1116 2297 auditores
1137 2270 1174 2296 ita
1198 2268 1310 2300 erudias,
1335 2273 1362 2294 ut
1385 2275 1443 2294 eam
1467 2267 1603 2293 scientiam
1626 2266 1772 2299 posteritati

984 2317 1119 2350 ﬂorentem
1150 2314 1353 2347 transmissurus
1383 2313 1428 2340 sis.
1455 2314 1491 2339 Ac
1522 2311 1640 2338 nonnulli
1669 2312 1772 2346 quidem

985 2366 1111 2394 oratores,
1129 2369 1188 2387 cum
1204 2360 1307 2394 ingenio
1328 2360 1413 2385 minus
1431 2359 1559 2390 valerent,
1577 2359 1684 2384 dicendo
1699 2358 1773 2392 longe

984 2409 1172 2443 prmstiterunt.
1191 2407 1243 2433 Alii
1257 2411 1349 2433 contra
1364 2406 1527 2440 intelligendi
1541 2405 1693 2441 facultatep
1705 2405 1772 2430 [leu-

986 2459 1023 2481 tes
1041 2454 1101 2481 rudi
1114 2458 1138 2481 et
1158 2453 1330 2487 incomposito
1347 2460 1465 2479 sermone
1493 2452 1533 2478 usi
1550 2456 1620 2477 sunt.
1639 2450 1773 2482 Quosdam

983 2501 1082 2532 vit/eas,
1106 2501 1186 2526 etiam
1209 2498 1277 2533 quod
1294 2499 1327 2524 ad
1344 2498 1545 2532 grammaticam
1564 2501 1646 2522 artem
1669 2495 1771 2524 attinet.

983 2546 1047 2573 nihil
1063 2546 1096 2572 ab
1108 2545 1159 2572 illis
1178 2545 1294 2579 differre,
1311 2545 1355 2578 qui
1373 2543 1479 2569 minime
1496 2543 1564 2576 loqui
1579 2542 1676 2571 sciunt,
1701 2545 1726 2565 ut
1741 2541 1772 2566 iis

982 2593 1065 2626 magis
1087 2591 1209 2625 expediat
1233 2590 1319 2622 silere,
1346 2597 1426 2624 quant
1448 2591 1516 2621 turpi
1542 2587 1700 2621 ignorantia:
1721 2588 1774 2612 cri-

983 2638 1051 2664 mine
1064 2638 1150 2672 argui.
1170 2636 1208 2663 Tu
1228 2637 1347 2662 doctrina
1367 2640 1390 2661 et
1406 2635 1509 2668 ingenio
1528 2641 1570 2660 ets
1587 2632 1631 2663 qui
1646 2631 1684 2658 his
1699 2633 1774 2657 rebus

983 2683 1179 2710 instructissimi
1202 2683 1320 2718 fuerunt,
1338 2680 1463 2716 facundia
1482 2685 1505 2706 et
1522 2678 1657 2705 verborum
1672 2677 1773 2704 drlectu

975 2723 1025 2756 eos
1043 2730 1088 2762 qui
1101 2729 1127 2755 in
1137 2729 1185 2755 hac
1201 2733 1275 2763 parte
1288 2727 1467 2754 excelluerunt
1480 2725 1618 2753 ternulatus
1630 2733 1665 2751 es.
1681 2724 1774 2758 Itaque

985 2780 1058 2800 tuam
1077 2774 1251 2810 eloquentiam
1265 2781 1297 2801 ex
1315 2773 1376 2806 ipsis
1398 2772 1474 2806 quasi
1501 2771 1582 2797 hortis
1605 2771 1696 2797 Atticis
1711 2777 1772 2804 pve-

183 2866 238 2903 (94)
255 2868 387 2904 (it-egeras
412 2867 586 2902 Philosophus
601 2874 649 2901 per
667 2866 884 2894 antonomasiam
902 2866 1002 2894 dictus.
