1895 3062
140 127 195 159 H7
854 130 1061 161 PREFATIO.
1717 127 1766 159 118

158 189 322 222 .Alterum
344 188 489 221 codicem
503 188 712 220 Parisiensem
728 190 824 227 priori
840 190 1024 230 supplendo
1040 189 1256 230 comperimus
1272 197 1290 225 α
1307 189 1470 220 Friderico
1497 187 1704 227 Rostgaardio
1728 197 1768 220 ex

135 241 294 272 Vaticano
304 235 509 280 exscriptum,
534 241 731 280 missumque
743 241 880 273 Parisios
894 242 947 273 tali
963 241 1186 282 propemptico
1203 249 1210 271 :

538 333 571 352 AD
591 322 690 352 LIBIiUIl
708 333 811 353 DUPLIZX
831 332 1045 353 DODECASTICHON
1062 333 1197 354 FRIBERICI
1215 333 1378 353 ROSTGAARD.

136 404 227 430 Parve
243 403 323 434 liber.
333 410 450 438 propera
461 402 599 430 dominam
607 404 765 438 pertingere
776 403 926 437 ndurbem,
978 403 1084 437 Nempe
1095 403 1211 438 iubente
1224 403 1271 431 illo
1284 403 1377 432 cuncti
1394 407 1507 437 patuere
1526 409 1651 429 recessus

177 441 263 475 Quam
279 449 326 468 rex
341 442 456 477 Europa:
471 446 561 469 terror
574 449 707 477 amorque
718 440 804 471 fovet.
1015 444 1083 472 Dum
1097 448 1142 470 tua
1156 451 1211 474 me,
1227 444 1304 471 dlvcs
1317 443 1454 477 Sequana.
1472 443 1530 477 ripa
1546 447 1631 473 tenet.

136 482 209 509 Inde
221 481 397 509 verecundus
412 486 439 508 te
453 489 546 509 sacras
561 481 657 509 confer
671 483 697 509 in
715 482 787 510 aedes
980 482 1137 518 Utiliusque
1155 483 1248 511 datum
1261 487 1302 510 est
1319 482 1420 517 regalia
1436 487 1505 509 tecta
1520 482 1615 509 subire

178 522 252 555 Quas
264 522 318 549 late
335 520 448 556 Augusti
466 520 634 549 bibliotheca
655 522 753 557 replet.
1016 523 1195 558 Millenosque
1211 523 1287 550 libris
1305 521 1464 556 invigilassc,
1479 521 1548 548 dics.

136 563 195 589 Par
211 562 259 588 tibi
276 562 408 588 continuo
424 565 523 595 praesto
536 565 578 589 est
593 562 701 596 insigne
716 564 846 595 virorum,
981 564 1029 591 Dic
1056 571 1104 598 pro
1121 567 1161 590 tot
1176 563 1281 590 meritis
1295 568 1348 596 qua
1366 561 1419 587 late
1431 562 1588 589 extenditur
1602 561 1689 592 orbis.

178 602 225 629 Ille
241 608 318 629 meus
335 600 463 628 Clemens
478 601 665 636 Boivinusque
684 609 772 630 meus.
1018 603 1128 630 Tellerii
1146 603 1241 630 laudes
1255 610 1298 628 me
1312 605 1453 637 praeeunte
1468 603 1539 634 cani,
1654 627 1656 633 ,

138 642 283 669 Atteruter
300 646 325 668 te
338 641 472 674 deducet;
492 641 637 677 veLforsan
653 647 769 677 uterque
785 651 793 669 :
981 644 1103 678 Quaeque
1121 651 1187 670 meae
1201 646 1320 669 renuunt
1334 646 1429 668 tenues
1443 642 1599 676 persolvere
1614 642 1697 673 vires.

176 681 269 708 Cumis
283 682 357 708 enim
374 685 430 708 tota
446 686 490 709 est
504 681 579 709 natio
598 681 796 718 Franqigenum
811 691 819 711 :
1021 683 1073 710 Pro
1086 691 1129 711 me
1149 683 1287 710 Musarum
1306 679 1422 708 reddere
1438 681 1508 708 velle
1525 682 1655 709 chorum.

138 721 176 748 Et
194 726 218 748 te
234 721 352 749 Tellerio
367 722 462 754 sistet;
485 726 514 749 tu
533 726 656 757 tempora
670 722 745 751 laindl
985 724 1076 752 Unum
1093 723 1146 750 hoc
1159 722 1239 754 adde.
1250 721 1330 754 liber,
1347 727 1404 750 non
1420 725 1445 747 ω
1460 729 1510 756 pro
1523 729 1635 749 munere
1651 721 1734 753 mitti,

179 761 325 795 Exspecta,
343 765 371 788 et
388 760 466 788 venia
478 761 582 789 dissere
598 770 683 796 pauca
700 762 774 790 data.
1021 763 1074 792 Sed
1094 762 1138 790 ﬁdi
1155 762 1255 797 pignus
1265 762 1356 790 cordis
1369 768 1397 790 et
1413 761 1550 796 obsequii.

137 800 193 827 Dic
219 807 234 826 ιι
265 808 321 835 quo
344 801 444 827 missus
459 801 566 831 venias.
581 806 608 828 et
620 809 703 837 quam
720 809 826 830 memor
842 809 929 838 usque
981 802 1015 830 Et
1031 802 1141 829 dubitur
1156 802 1260 833 forsan,
1278 801 1300 828 si
1318 802 1441 829 credetis
1456 801 1532 829 utilis
1547 801 1606 833 ulli,

179 840 290 868 Mittens
307 841 418 869 Tellerii
437 841 547 869 nomina
563 846 658 870 sancta
671 842 755 870 colat.
1016 842 1132 876 Augusti
1148 840 1175 868 in
1192 840 1291 868 forulis
1307 845 1337 868 ut
1349 841 1455 876 potiare
1473 842 1545 868 loco.

858 899 986 930 Scriptum
1001 898 1083 924 Romae
1096 907 1118 924 ιι.
1136 899 1161 924 d.
1178 898 1243 924 XXII
1255 898 1311 924 Maii
1323 897 1469 924 MDCXCIX.

182 985 370 1016 Versionem
386 984 628 1016 Latinam'inter
641 992 675 1015 sc
687 984 791 1023 partiti
810 985 883 1014 sunt
901 984 1122 1015 adolescentes
1146 987 1223 1018 tres,
1245 983 1486 1014 seminariorum
1513 983 1726 1014 Beroliuensis
1743 987 1773 1014 et

140 1037 325 1069 Bonuensis
338 1037 468 1068 alumni.
488 1037 598 1077 Itaque
616 1036 715 1068 libros
730 1036 780 1073 24,
797 1036 847 1074 25,
871 1036 908 1067 26
923 1037 1152 1076 interpretatus
1168 1039 1215 1067 est
1237 1035 1416 1067 Guilelmus
1432 1035 1553 1072 Kundt,
1574 1035 1770 1070 Marchicus;

140 1092 179 1122 27
206 1091 246 1121 ad
269 1088 305 1121 37
332 1089 399 1121 sive
427 1089 477 1128 38,
496 1089 656 1130 Iosephus
675 1089 858 1124 Reisacker.
888 1089 1193 1129 Dusseldorpiensis,
1226 1091 1256 1119 et
1285 1088 1406 1120 Natlian
1432 1088 1632 1124 Rosenstein,
1664 1088 1770 1118 Danti-

139 1151 275 1174 SCﬂth‘.
