1906 3064
147 139 199 172 163
227 124 234 132 ’
289 137 328 173 [Α.
350 145 378 165 ιι.
401 136 524 165 διδοίη
545 135 629 173 (5765]

772 138 982 169 NlCEl‘IIORI
1002 139 1195 170 GliEGOR/E
1229 150 1231 153 ·

1345 139 1413 174 [.nr.
1435 147 1510 167 mu.
1532 138 1624 175 DIICAS]
1725 140 1777 173 υἷι

149 197 194 223 nis
208 195 369 222 interiorem
385 203 495 231 quoque
509 195 598 222 Asiam
623 195 764 231 pervagari
782 200 809 222 et
831 195 927 230 imperi

998 195 1117 230 Ἰἦηρίας
1132 205 1138 211 ·
1155 196 1252 229 ἔμελλε
1267 196 1295 223 δὲ
1311 197 1361 232 ἤδη
1374 198 1403 229 ἐς
1418 199 1456 224 το·
1467 207 1481 229 ς
1496 198 1622 229 ἐπιόντας
1638 198 1777 228 ἐνιαυτοὺς

144 242 186 268 sui
213 241 313 268 limites
342 242 435 269 aienis
462 241 598 272 liitorum,
626 249 678 275 qua
706 249 780 268 mare
808 246 835 268 et
864 247 935 268 terra

144 287 418 318 coeunt,.terminare
442 295 448 313 :
465 294 552 321 neque
570 287 642 314 enim
662 287 802 314 ferendum
818 294 889 318 esse,
908 291 936 313 ut

145 333 199 360 ulla
214 340 282 368 gens
293 334 352 368 ejus
366 333 462 361 ditioni
481 341 534 360 non
559 334 695 364 subesset.
714 341 774 368 qme.
786 341 834 368 per
851 339 934 359 totam

144 378 214 405 Asia:
231 379 415 406 continentem
431 379 463 406 ad
481 379 587 406 marina
609 387 696 414 usque
718 379 862 406 habitaret.
879 370 945 406 Sed.

145 428 200 450 tum
215 425 305 459 quiete
322 424 360 451 ibi
386 425 529 452 considere
555 425 746 456 decreverunt,
772 425 931 459 provinciis,

145 469 270 501 urbibus,
289 470 516 501 habitationibus,
534 469 703 504 aliarumque
719 478 809 497 rerum
823 478 934 505 posscs-

145 514 269 541 sionibus
297 514 459 550 prmdiisque
487 515 645 549 voluptariis
675 520 702 543 et
739 516 933 543 alumnissimis

113 587 115 589 _
143 559 214 587 inter
231 568 259 587 se
274 561 438 588 distributis.

991 244 1038 269 xui
1051 242 1095 268 διὰ
1116 242 1168 277 τῆς
1182 243 1324 278 ἐνδοτὲρας
1348 244 1443 270 ἐλάσαι
1466 244 1558 274 Ἀσίας
1573 244 1621 269 καὶ
1634 244 1714 277 Epp;
1727 244 1778 277 τῆς

989 289 1094 320 οἰκείας
1109 290 1196 324 ἀρχῆς
1213 289 1382 324 ποιήσασθαι
1397 289 1445 322 τὰς
1470 290 1617 323 παραλίους
1632 289 1776 327 ψᾲμμους,

989 336 1055 362 ὅπου
1074 335 1197 362 θάλασσά
1210 344 1238 361 τε
1253 335 1300 361 καὶ
1317 336 1430 370 ἤπειρος
1448 335 1606 361 σπέιδονται
1616 343 1624 350 '
1640 334 1707 368 μηδὲ
1721 335 1777 369 γὰρ

988 377 1061 406 εἶναι
1077 381 1132 406 τῶν
1155 379 1287 411 ἁνεκτῶν,
1307 379 1360 411 ἔξω
1379 387 1406 405 τι
1426 379 1475 412 τῆς
1492 377 1584 405 αὐτῶν
1602 377 1777 411 ἐλλελεῖφθαι

988 425 1091 460 χειρὸς,
1110 425 1195 451 ὁπόσα
1207 424 1256 458 τὴν
1275 424 1324 458 τῆς
1344 425 1437 456 Ἀσίας
1453 423 1567 459 ἡττειρον
1584 422 1694 450 ἃπασαν
1709 424 1776 458 ἄχρι

987 468 1130 495 θαλασςῶν
1143 467 1265 494 οἰκοῦσιν
1288 467 1388 494 αὐτῶν.
1404 467 1480 499 Τέως
1502 466 1524 494 δ’
1543 467 1638 494 αὐτόθι
1654 467 1778 501 καταμέη

987 523 1043 540 νειν
1060 508 1229 549 ἠρεμοῦντες
1254 514 1435 547 ἐγνώκεισαν,
1451 513 1568 548 κλήρους
1594 513 1701 544 ἑαυτοῖς
1716 513 1776 538 δια-

987 559 1132 594 νείμαντες
1156 558 1252 593 χωρῶν
1267 560 1314 584 καὶ
1339 558 1453 592 πόλεων,
1472 558 1609 593 διαφόρων
1631 566 1661 583 τε
1680 558 1777 584 οίκιῶν

115 593 126 643 ξ
146 609 193 634 xui
221 609 370 643 κτημάτων
399 609 509 643 κτήσεις
537 609 584 634 καὶ
616 607 802 642 καταγωγὰς,
831 607 931 642 πολλὴν
951 605 1180 642 ὲμτεαρεχομένας
1189 603 1228 639 τῷ
1246 604 1353 637 σώματι
1369 603 1504 638 θυμηδίαν
1519 604 1565 630 καὶ
1580 604 1697 638 τρυφήν.

182 652 225 680 Vl.
247 654 350 680 Aurum
367 661 443 685 vero,
458 658 612 688 argentum,
632 654 722 680 varias
735 653 858 688 pecunias
872 661 934 688 spe-

142 699 208 731 cies,
223 704 450 734 sumptuosasque
463 699 583 732 dixitias,
597 699 697 734 quibus
714 699 770 726 loca
788 699 831 726 illa
847 700 933 726 abun-

141 745 218 777 dant,
238 746 281 772 cui
303 745 365 772 usui
381 749 474 772 essent
493 753 556 772 cum
581 746 671 772 adhuc
692 746 860 780 ignorarent,
879 754 931 772 non

141 798 221 818 secus
242 799 273 818 ac
295 791 382 818 lutum
407 799 439 818 ac
464 791 548 818 veluti
569 799 610 818 res
629 791 750 825 abiectas
770 796 796 819 et
824 791 933 818 inutiles

1023 650 1070 686 ς’.
1086 651 1191 687 Χρυσὸς
1210 651 1238 677 δὲ
1252 651 1300 677 και
1323 650 1442 685 ἄργυρος
1468 651 1515 676 καὶ
1542 652 1693 686 χρημάτων
1717 659 1778 677 ποι-

987 700 1060 726 κιλία
1077 701 1124 726 καὶ
1143 695 1303 725 πολυτέλεια
1329 697 1427 732 (πολλὰ
1440 698 1468 724 δὲ
1482 698 1570 724 ταῦτα
1593 699 1775 733 ἐπιχωριάζει

986 745 1047 772 κατ’
1074 745 1197 776 ἐκείνους
1218 744 1288 775 τοὺς
1304 744 1420 779 χώρους)
1440 743 1517 770 οὔπω
1535 744 1701 778 ἐγινώσκετο
1714 746 1777 771 τού-

986 801 1045 823 τοις
1061 792 1100 822 είς
1114 792 1128 817 ὅ
1141 800 1166 817 τι
1182 791 1306 826 χρήσιμα
1320 790 1363 825 εἴη
1380 792 1436 822 τοῖς
1447 790 1538 825 ἔχουσι
1551 799 1557 806 ³
1574 791 1615 817 διὸ
1630 791 1677 817 xui
1695 792 1777 826 παρέ·

120 842 123 874 ς
141 836 323 872 negligebant.
340 835 441 862 Natura
457 835 529 862 enim
545 844 588 862 res
606 837 776 863 necessarias
794 837 821 862 in
837 836 931 871 primis

987 846 1083 874 τρεχον
1099 838 1168 864 αὐτὰ
1193 837 1238 862 ἴσα
1255 836 1303 863 καὶ
1319 837 1404 868 κόνιν,
1418 837 1466 863 καὶ
1481 836 1531 863 ὅσα
1553 836 1582 868 ἐς
1597 835 1664 871 ὓλην
1680 837 1777 871 ἀνόνη-

118 877 120 880 ’
140 886 285 913 monstrat,
304 889 364 915 quae
379 881 402 908 si
426 886 537 916 propter
562 882 704 916 penuriam
730 887 854 916 angustae
880 889 934 908 non

89 944 95 946 »
139 929 204 957 sint.
220 929 266 955 sed
282 928 449 962 benignitate
463 927 576 955 fortuna:
589 928 736 964 supersint,
749 933 806 967 tum
833 933 936 955 naturai

140 974 309 1008 providentia
327 974 409 1001 veluti
426 982 475 1009 per
488 975 688 1002 aemulationem
722 982 817 1001 rursus
835 976 936 1002 excita-

142 1025 186 1047 tur
199 1025 335 1055 quatenus
356 1025 445 1054 potest
459 1020 494 1048 ad
510 1028 541 1048 ea
559 1020 707 1056 diligenda,
726 1028 787 1055 qua:
802 1020 932 1047 sensibus

143 1067 228 1101 magis
243 1066 426 1093 blandiantur.
444 1065 564 1099 Quorum
576 1066 689 1093 satietas
703 1066 724 1093 si
741 1066 933 1100 subsequatur,

140 1113 233 1138 statim
248 1120 278 1138 ea
295 1112 484 1146 patrocinatur
497 1113 579 1139 rebus
592 1114 738 1147 supcrlluis
751 1122 757 1145 ;
775 1117 801 1139 et
818 1113 933 1147 primum

139 1158 289 1192 quamdam
303 1158 385 1185 veluti
404 1158 527 1186 fraudem
544 1159 726 1192 machinatur,
751 1166 784 1185 ar.
806 1164 934 1193 tanquam

139 1210 234 1230 escam
257 1205 414 1242 varietatem
429 1211 521 1230 earum
548 1211 640 1230 rerum
659 1208 687 1230 et
705 1204 934 1238 compositionem

141 1249 316 1283 multiplicem
343 1249 455 1283 objicit;
477 1249 577 1276 deinde
603 1257 728 1276 arcanam
769 1249 933 1284 voluptatem

140 1295 217 1328 quasi
242 1302 290 1328 per
313 1295 432 1329 magicas
455 1294 607 1329 pnestigias
630 1295 761 1327 insinuat,
789 1303 824 1321 ne
851 1295 934 1322 nimia

141 1348 232 1366 rerum
258 1339 458 1374 superﬂuarum
477 1340 554 1375 copia
572 1340 662 1376 gravis
681 1345 708 1367 et
733 1340 847 1367 molesta
876 1341 931 1368 ﬁat.

140 1385 179 1412 lla
196 1386 222 1412 1ιί
237 1385 293 1421 ﬁo
304 1393 412 1420 quoque
427 1386 562 1421 principio
579 1386 644 1413 solis
654 1386 828 1417 necessariis.
845 1386 934 1421 iisque

141 1431 265 1465 angustis
290 1431 393 1458 assueti
412 1430 531 1458 :deinde
558 1430 585 1457 in
606 1434 646 1456 tot
673 1438 766 1456 earum
790 1430 933 1464 regionum

141 1475 348 1503 anetenitatibus
365 1476 476 1508 versati,
493 1481 559 1510 quot
578 1475 789 1511 Babyloniorum
806 1480 833 1502 et
848 1475 931 1510 Assy-

987 893 1032 909 τον
1045 884 1184 919 ἔρριπται.
1209 883 1242 909 Ἥ
1256 883 1310 918 γὰρ
1323 883 1404 916 φύσις
1423 883 1478 909 τῶν
1497 883 1654 917 ἀναγκαίων
1671 883 1776 917 γίνεται

988 930 1096 964 πρῶτον
1109 929 1270 960 διδάσκαλος
1281 937 1287 944 ·
1308 929 1341 955 ἂν
1356 928 1421 962 γοῦν
1435 928 1522 955 ταῦτα
1549 928 1586 963 μὴ
1602 929 1700 959 σπάνις
1711 937 1777 961 ηστε-

987 977 1094 1011 νοχωρῇ
1111 984 1163 1007 τις,
1179 975 1237 1001 ἀλλ’
1253 976 1280 1006 ἐς
1306 975 1409 1009 πλῆθος
1421 976 1438 1009 ἡ
1454 975 1523 1010 τύχη
1541 975 1650 1010 παρέχῃ
1666 977 1778 1009 προκεῖ-

988 1021 1062 1053 σθαι,
1078 1021 1230 1056 τηνικαῦτα
1250 1021 1288 1052 ὡς
1301 1021 1333 1047 ὲκ
1351 1021 1522 1056 συγκρίσεως
1537 1021 1680 1056 προμηθὴς
1697 1019 1776 1052 αὖθις

986 1067 1002 1101 ἡ
1017 1067 1097 1101 φύσις
1115 1067 1289 1100 καθίσταται,
1308 1067 1368 1094 κατ’
1393 1065 1519 1098 ἐξουσίαν
1536 1067 1566 1093 τὺ
1587 1066 1775 1101 προσηνέστε-

988 1121 1033 1147 ρον
1067 1112 1237 1146 ὲκλεγομένη
1267 1113 1360 1146 σαφῶς
1385 1113 1446 1143 ταῖς
1473 1111 1644 1146 αἰσθήσεσιν.
1667 1112 1717 1140 "Av
1746 1110 1775 1138 δὲ

986 1159 1067 1193 κόρος
1084 1159 1132 1184 ἐπὶ
1149 1158 1256 1190 τούτοις
1272 1159 1397 1193 γένηται,
1416 1159 1565 1194 συνήγορος
1581 1155 1659 1191 οὗτος
1676 1158 1774 1184 αὐτίκα

986 1203 1094 1236 καθίζει
1116 1206 1172 1235 τοῖς
1190 1206 1340 1239 περιττοῖς,
1368 1204 1497 1240 καθάπερ
1519 1205 1582 1231 τινὰ
1604 1205 1708 1240 πλάνην
1726 1206 1774 1230 καὶ

985 1248 1080 1283 δέλεαρ
1097 1249 1295 1284 μηχανώμενος
1314 1250 1422 1285 πρῶτον
1438 1250 1486 1285 τὴν
1505 1249 1596 1276 αὐτῶν
1613 1251 1643 1281 ἐς
1659 1250 1775 1284 διάφορα

985 1294 1042 1329 εἴδη
1060 1295 1198 1321 ποικιλίαν
1217 1296 1265 1321 καὶ
1289 1295 1435 1322 σύνθεσιν
1458 1296 1576 1322 κᾶπειτα
1601 1297 1774 1331 ὲγγοητεύων

984 1338 1087 1365 οὑτωσί
1111 1348 1169 1370 πως
1185 1339 1343 1375 ἀπόρρητον
1359 1339 1468 1375 ἡδονὴν,
1485 1340 1529 1366 ἵνα
1548 1340 1586 1375 μὴ
1603 1340 1634 1367 τὸ
1657 1341 1706 1374 τῆς
1723 1349 1774 1367 πε-

985 1384 1145 1418 ριττότητος
1160 1384 1290 1419 ὲμῦριθὲς
1306 1384 1426 1419 ἐπαχθὲς
1440 1385 1567 1419 φαίνηται
1585 1384 1644 1419 ἅμα
1660 1386 1705 1411 καὶ
1728 1385 1775 1410 λυ-

984 1427 1084 1462 πηρόν.
1100 1426 1143 1463 [Ρ.
1163 1427 1211 1463 ἓό]
1231 1427 1275 1459 Ὠς
1304 1429 1352 1455 νῦν
1375 1437 1407 1463 γε
1433 1430 1478 1455 καὶ
1506 1426 1579 1455 οὗτοι
1597 1430 1688 1464 μόνοις
1717 1432 1773 1462 ταῖς

985 1473 1148 1506 ἀναγκαίοις
1167 1473 1243 1505 ὅντες
1261 1473 1366 1507 ἐθάδες,
1381 1474 1428 1500 καὶ
1441 1474 1547 1505 τούτοις
1564 1475 1771 1508 ὲστενωμένοις,

140 1522 242 1548 ι·ἰυι·ιιιιι
259 1522 376 1549 conlinia
390 1522 575 1557 suppeditant,
590 1529 638 1549 eas
651 1529 704 1548 non
719 1529 780 1548 esse
792 1521 925 1548 deseren-

987 1517 1078 1545 ἔπειτα
1095 1518 1244 1550 τοσαύταις
1259 1519 1314 1546 τῶν
1329 1521 1421 1547 τόπων
1439 1521 1552 1547 ἐκείνων
1567 1521 1676 1556 χάρισιν
1697 1522 1774 1546 ἐντυ-

141 1567 189 1592 das
214 1567 371 1602 iudicarunt
397 1566 470 1594 :sed
498 1567 633 1594 diuturnis
662 1567 715 1594 illis
741 1566 881 1593 laboribus
903 1572 932 1593 et

141 1612 215 1648 vagis
247 1613 373 1639 cursibus
402 1613 567 1648 repudiatis,
599 1613 635 1640 ibi
666 1614 862 1641 considet-dum
903 1617 930 1640 et

140 1658 270 1692 deinceps
289 1659 436 1685 vivendum
453 1666 524 1686 esse.
542 1659 621 1686 Unde
647 1659 680 1687 iis
703 1660 844 1695 gentibus,
862 1668 930 1695 quas

141 1703 312 1735 invaserunt,
327 1711 418 1730 annua
438 1703 539 1730 tributa
558 1705 760 1738 imposuerunt,
777 1712 827 1732 nec
847 1712 879 1731 ex
898 1712 931 1731 eo

142 1749 279 1776 desistunt
292 1757 339 1776 eas
355 1749 544 1776 exactionibus
560 1749 701 1777 et'edictis
725 1757 774 1785 pro
790 1750 931 1785 mancipiis

141 1797 289 1831 quotannis
315 1797 463 1832 exagitare,
489 1801 515 1823 ct
535 1797 610 1824 velut
636 1804 669 1824 ex
700 1804 798 1832 magno
825 1797 931 1831 tripode

140 1835 255 1869 oracula
280 1843 405 1876 reddere,
425 1850 456 1870 ac
480 1850 530 1878 pro
555 1850 603 1869 sua
628 1843 741 1870 libidine
773 1843 880 1879 quidvis
903 1843 930 1870 in

141 1889 202 1915 illas
213 1888 374 1915 decernere.

176 2023 233 2051 VII.
254 2023 375 2051 Tandem
396 2022 558 2050 cultioribus
579 2020 764 2057 Assyriorum,
788 2021 930 2049 Persarum

142 2076 170 2098 et
195 2070 383 2097 Chaldaeorum
409 2069 533 2096 moribus
564 2068 754 2100 mansuefacti,
779 2068 811 2095 ad
837 2076 931 2101 eorum

143 2117 303 2151 religionem
320 2115 500 2149 inclinarunt,
522 2115 612 2151 patrio
636 2115 758 2142 numinis
775 2119 933 2150 contemptu

146 2164 253 2195 relicto,
268 2162 429 2196 illorumque
454 2169 543 2189 mores
564 2166 591 2188 ct
610 2161 733 2188 instituta
751 2161 778 2188 in
797 2161 930 2193 vestibus,

125 2209 171 2239 ,ain
189 2211 350 2242 sumptuoso
366 2207 451 2238 victu,
468 2207 629 2242 exterisque
647 2207 709 2234 vitae
735 2206 841 2234 deliciis
856 2214 933 2234 rece-

143 2259 253 2291 perunt,
271 2258 346 2281 tanta
362 2253 514 2280 mutatione
534 2253 614 2285 facta,
632 2257 662 2280 ut
681 2259 742 2280 cum
757 2253 833 2287 prius
849 2257 932 2287 caput

145 2309 239 2328 crasso
253 2305 280 2328 et
297 2299 431 2335 promisso
450 2299 520 2334 pileo
542 2303 675 2334 tegerent,
693 2303 726 2338 et,
738 2298 835 2333 reliqui
849 2299 934 2326 vesti-

143 2352 187 2375 tus
213 2347 303 2374 omnis
319 2346 433 2374 felicitas
451 2346 477 2372 in
494 2345 610 2381 pellibus
628 2345 786 2372 animalium
802 2350 829 2373 et
851 2345 933 2373 coriis

143 2393 297 2421 illalioratis
326 2392 395 2426 apud
420 2399 467 2419 eos
492 2391 666 2424 consisteret,
699 2399 774 2418 arma
802 2399 867 2419 vero
894 2391 934 2419 eis

142 2445 236 2468 essent
251 2440 344 2472 clavae,
361 2439 462 2472 fundat,
489 2439 584 2469 hastm,
602 2438 707 2471 sagitta:
723 2443 750 2464 et
764 2445 854 2470 arcus,
873 2445 931 2464 om-

143 2488 188 2515 nia
215 2495 247 2514 ex
277 2491 399 2521 tempore
424 2486 536 2520 quernis
555 2489 584 2512 et
607 2485 667 2511 aliis
691 2484 828 2511 similibus
853 2483 932 2519 lignis

143 2533 286 2565 fabricata,
303 2531 394 2566 qualia
412 2534 519 2557 montes
542 2535 569 2556 et
587 2531 671 2564 sylvas
690 2529 773 2556 certis
788 2534 933 2564 tempesta-

145 2578 216 2606 tibus
242 2582 340 2612 sponte
364 2576 504 2604 uascentia
533 2576 701 2610 producunt,
730 2575 812 2602 iidem
841 2581 932 2610 postea

143 2630 234 2651 vestes
249 2625 367 2659 integras
382 2622 482 2649 sericas
495 2627 523 2649 et
538 2630 605 2648 auro
630 2621 792 2660 intertextus
819 2629 933 2656 usurpa-

146 2673 222 2700 rent;
250 2675 338 2702 usque
362 2666 430 2694 adeo
455 2666 519 2693 luxu
545 2665 693 2692 immodico
709 2665 830 2692 dillluere
843 2673 935 2700 coepe—

146 2719 219 2746 runt,
236 2714 351 2749 pristina
374 2713 437 2740 vita:
461 2712 567 2739 ratione
583 2718 695 2746 prorsus
716 2711 742 2738 in
766 2713 933 2739 contrarium

146 2765 261 2788 muala.

983 1565 1087 1598 χὸντες,
1109 1565 1210 1596 ὁπόσας
1227 1565 1244 1600 ἡ
1262 1565 1441 1592 Βαῦυλωνίων
1458 1566 1507 1592 καὶ
1524 1566 1678 1601 Ἀσσυρίων
1692 1568 1770 1601 φέρει

983 1612 1147 1646 περίχωρος,
1175 1612 1269 1638 οὐκέτι
1294 1611 1398 1637 τούτων
1423 1611 1643 1638 ἀπαλλάττεσθαι
1661 1613 1772 1647 ἔκριναν

983 1655 1050 1688 δεῖν,
1071 1655 1138 1682 ἀλλὰ
1155 1655 1262 1690 χαίρειν
1278 1656 1403 1686 εἰπόντες
1418 1656 1482 1686 τοὺς
1505 1656 1628 1689 μακροὺς
1648 1656 1772 1687 ἐκείνους

984 1703 1083 1733 πόνους
1106 1703 1153 1729 καὶ
1172 1702 1366 1737 περιδρόμους,
1387 1702 1478 1728 ἐκεῖσε
1500 1701 1548 1728 τοῦ
1564 1702 1657 1728 λοιποῦ
1682 1702 1772 1727 ποιεῖ-

984 1747 1045 1774 σθαι
1062 1747 1235 1783 καθημένους
1260 1748 1310 1782 τὴν
1328 1748 1445 1775 διαιταν.
1471 1748 1591 1774 Ἐκεῖθεν
1615 1748 1638 1774 δ’
1661 1749 1771 1778 ὁπόσοις

984 1793 1101 1829 ἐπῆλθον
1127 1794 1229 1826 ἔθνεσι,
1252 1795 1352 1830 φόρους
1379 1795 1560 1827 συντάξαντες
1583 1795 1697 1827 ἆπασιν,
1722 1795 1772 1821 ενὰ

984 1842 1039 1867 πᾶν
1053 1841 1082 1867 ού
1104 1841 1291 1867 διαλείπουσιν
1311 1840 1370 1872 ἔτος
1392 1840 1623 1875 δασμολογοῦντες
1638 1841 1686 1867 καὶ
1713 1841 1746 1866 ἐτι
1759 1855 1772 1860 -

982 1888 1127 1918 τάττοντες
1139 1887 1190 1913 ὅσα
1209 1887 1257 1913 καὶ
1273 1887 1319 1912 καὶ
1328 1886 1442 1918 δούλοις,
1460 1886 1674 1922 χρηματίζοντες
1692 1887 1727 1917 ὼς
1739 1888 1772 1912 ἐκ

985 1933 1104 1968 μεγάλου
1131 1933 1266 1968 τρίποδος⁹
1282 1933 1329 1959 καὶ
1355 1933 1560 1968 θεμιστεύοντες
1585 1934 1670 1960 ὁπόσα
1696 1934 1771 1968 σφίσι

982 1980 1074 2015 δοκοίη
1089 1981 1118 2011 ἐς
1133 1980 1254 2011 ἐκείνους
1271 1979 1414 2016 καθήκειν.

1020 2026 1058 2053 Ζ¹.
1076 2026 1121 2060 Τῷ
1148 2025 1177 2052 δὲ
1194 2026 1283 2061 χρόνῳ
1302 2027 1360 2058 τοῖς
1385 2026 1441 2053 τῶν
1464 2026 1614 2062 Ἀσσυρίων
1639 2027 1688 2054 καὶ
1703 2026 1773 2062 Πιρ-

986 2070 1041 2097 σῶν
1054 2071 1102 2097 καὶ
1116 2070 1259 2099 Χαλδαίων
1274 2072 1455 2107 ὁμιλήσαντες
1468 2073 1697 2108 πεπαιδευμένοις
1710 2073 1775 2107 110e-

986 2123 1038 2148 σιν,
1060 2115 1088 2147 ἐς
1112 2124 1142 2141 τε
1167 2116 1198 2142 τὸ
1215 2116 1306 2144 αὐτῶν
1329 2116 1438 2143 ἔκλιναν
1463 2117 1556 2150 σέόας,
1580 2117 1631 2151 τὴν
1657 2117 1772 2151 πάτριον

986 2162 1081 2189 ἀθεῖαν
1111 2162 1238 2196 ἀφέντες,
1262 2162 1310 2189 καὶ
1339 2162 1396 2194 τοῖς
1430 2163 1522 2189 αὐτῶν
1554 2163 1773 2197 κεκοινωνήκασι

986 2209 1082 2243 νόμοις
1101 2209 1149 2234 καὶ
1163 2208 1262 2242 ἔθεσιν,
1285 2209 1371 2235 ὁπόσα
1384 2217 1413 2235 τε
1433 2209 1462 2240 ἐς
1478 2208 1581 2243 ἐσθῆτα
1603 2209 1651 2235 καὶ
1669 2209 1774 2244 τράπε-

986 2255 1037 2287 ζαν
1053 2255 1116 2288 ἄγει
1132 2254 1280 2289 πολυτελῆ,
1296 2255 1344 2280 καὶ
1361 2255 1447 2281 ὁπόσα
1469 2255 1519 2290 τὴν
1538 2254 1588 2289 τῆς
1606 2255 1689 2290 ἄλλης
1701 2255 1772 2282 δισί-

983 2308 1033 2336 της
1061 2301 1227 2335 ὑπαγορεύει
1257 2302 1376 2336 τρυφήν.
1406 2301 1452 2332 Ἐς
1482 2301 1619 2336 τοσαύτην
1643 2303 1697 2337 γὰρ
1722 2298 1772 2338 τῆν

986 2346 1194 2382 μεταδιαίτησιν
1207 2346 1257 2382 ἤδη
1273 2347 1461 2383 παρήλλαξαν,
1478 2347 1549 2374 ὥστε
1574 2349 1706 2384 πρότερον
1723 2349 1772 2384 τὴν

988 2393 1037 2426 μὲν
1050 2392 1174 2427 κεφαλὴν
1193 2393 1277 2428 παχεῖ
1291 2401 1345 2419 τινι
1361 2393 1432 2427 πίλῳ
1451 2393 1497 2420 καὶ
1508 2393 1643 2429 ἀνειμένῳ
1658 2394 1773 2421 σκέπον-

985 2445 1040 2470 τες,
1056 2439 1106 2473 τῆς
1132 2438 1154 2465 δ’
1172 2439 1256 2473 ἄλλης
1284 2440 1375 2474 πάσης
1402 2440 1516 2474 ἐσθῆτος
1538 2440 1568 2466 τὸ
1585 2440 1714 2475 εύδαιμον
1731 2444 1771 2471 εἰς

984 2483 1109 2518 δέρματα
1127 2484 1204 2516 ζώων
1229 2484 1334 2520 ἀγρίων
1359 2485 1541 2520 ὲγκλείοντες,
1567 2487 1614 2512 καὶ
1641 2487 1773 2521 διφθέρας

987 2530 1229 2564 ἀνεπιτηδεύτως,
1253 2531 1345 2563 ὅπλοις
1372 2532 1394 2558 δ’
1413 2533 1516 2568 ὁμοίως
1531 2533 1668 2568 χρώμενοι
1685 2533 1771 2568 ῥοπά-

987 2577 1043 2608 λοις
1055 2577 1122 2614 τισὶ,
1142 2579 1188 2603 καὶ
1206 2577 1375 2612 σφενδόναις,
1393 2579 1488 2613 δόρασι
1511 2588 1541 2605 τε
1557 2580 1604 2606 καὶ
1622 2580 1712 2614 βέλεσι
1726 2580 1770 2605 καὶ

987 2623 1075 2655 τόξοις
1102 2624 1284 2659 αὐτοσχεδίοις
1315 2625 1417 2652 ἅπασιν
1435 2625 1466 2652 ἔκ
1487 2635 1516 2652 τε
1537 2626 1625 2660 δρυῶν
1645 2627 1692 2653 καὶ
1718 2625 1771 2651 τῶν

986 2669 1088 2703 ὁμοίων
1101 2668 1230 2704 δένδρων,
1245 2670 1295 2696 ὅσα
1308 2670 1358 2705 ὅρη
1375 2670 1423 2697 καὶ
1435 2671 1534 2706 λόχμαι
1548 2673 1607 2702 ταῖς
1619 2671 1703 2706 ι’ἱιραις
1715 2670 1774 2696 δου-

989 2707 1103 2740 λεύοντα
1123 2716 1252 2750 φέρουσιν
1280 2717 1404 2752 αὐτοφυῆ
1432 2717 1620 2753 βλαστήματα,
1650 2725 1773 2751 impiam;

990 2761 1038 2787 xui
1056 2761 1240 2796 χρυσοῡφέσιν
1264 2761 1377 2797 ὕστερον
1402 2763 1555 2798 ἐχρήσαντο
1576 2763 1632 2794 τοῖς
1647 2762 1718 2792 ὅλοις
1733 2761 1774 2787 ιν-

146 2808 263 2842 δύμασιν
273 2817 279 2823 ·
295 2810 323 2841 ἐς
337 2808 477 2836 τοσοῦτονς
486 2807 621 2842 ἀμετρίας
651 2807 805 2844 ἐξήνεγκαν
837 2806 886 2842 τὴν
900 2840 907 2844 _
919 2807 1057 2844 ἁϐρᾶτητα
1071 2809 1120 2844 τῆς
1132 2809 1248 2844 τρυφῆς,
1267 2811 1300 2837 ἐκ
1314 2810 1463 2846 διαμέτρου
1481 2810 1609 2844 καθάπαξ
1627 2811 1774 2845 στήσαντες

147 2856 260 2886 ἑαυτοϋς
277 2856 325 2891 τῆς
341 2856 475 2892 προτέρας
491 2854 609 2890 διαίτης.
