1906 3064
153 162 207 194 203
299 160 338 197 [Α.
359 168 390 189 Il.
410 161 478 189 6767
497 169 531 188 AD
552 161 655 197 6768]-

787 163 997 194 NICEPHORI
1026 164 1219 196 GREGOILE

1373 162 1440 200 itur.
1460 170 1535 191 10AM.
1556 164 1644 201 ιιι-λα]

1735 168 1788 200 204

153 222 260 259 agmine
278 222 455 250 formicarum
481 231 593 258 prorsus
618 223 687 251 nihil
712 223 834 251 differre.
851 224 935 258 ltaqut

999 225 1103 260 οὐδαμῆ
1119 226 1275 261 διενήνοχε,
1298 225 1335 260 μὴ
1357 212 1552 261 συναιρομένου
1573 227 1652 255 Θεοῦ.
1679 229 1725 255 Διὺ
1739 231 1788 257 καὶ

153 269 317 304 arrogantia:
332 275 359 297 et
374 271 501 305 superbis
517 271 617 298 animis
631 275 685 298 tota
700 279 729 298 re
743 272 876 306 permissa
891 271 946 297 Ro-

155 323 253 342 manos
270 315 416 349 invadunt,
435 322 517 351 atque
538 317 606 344 adeo
632 317 843 352 cogitationibus
868 316 946 345 vanis

155 362 365 390 convenientem
382 363 484 390 exitum
502 363 665 390 sortiuntur.
683 362 799 390 Romani
812 371 885 397 Vero,
899 363 944 398 qui

155 415 217 434 sese
232 408 335 442 absque
352 408 441 435 divina
459 416 510 444 ope
527 409 594 436 nihil
606 417 667 437 esse
682 409 876 445 intelligerent,
891 410 945 437 Deo

151 459 179 481 et
196 455 301 482 caelesti
320 455 437 488 auxilio,
453 455 587 490 quidquid
612 457 840 491 aggrederentur,
864 456 944 484 unice

152 499 261 532 confisi,
278 499 410 528 dimicare
428 508 488 528 cum
505 501 585 537 longe
609 502 736 536 pluribus
756 510 811 529 non
834 503 943 530 dubita—

152 550 227 578 runt,
245 551 273 573 et
293 546 425 574 illustrem
453 547 597 575 victoriam
621 548 741 583 propitio
757 548 811 584 74
827 548 943 577 Numine

154 597 341 626 repertarum,
357 598 386 620 ut
399 594 492 621 statim
508 593 606 622 dicturi
625 602 730 622 sumus.

187 682 232 709 IV.
249 683 316 711 Nam
332 692 393 712 cum
409 685 522 720 propius
541 685 645 713 hostem
670 691 759 714 castra
774 688 940 721 posuissent,

151 729 296 763 quemdam
312 730 422 757 mittunt
436 731 573 758 hominem
590 731 667 758 valde
682 731 810 759 idoneum
822 733 856 759 ad
868 741 943 760 com-

150 775 300 803 mitteudos
317 776 389 803 inter
409 785 439 804 se
454 781 481 803 et
497 777 600 805 mutuis
613 778 758 806 discordiis
776 780 942 806 conturban-

150 822 199 850 dos
213 822 325 850 hostiles
338 823 484 850 exercitus.
499 824 592 859 Neque
615 825 687 852 enim
706 826 732 853 id
749 826 816 853 adeo
831 826 940 854 dillicile

149 872 217 900 erat,
237 873 265 895 ut
281 870 338 895 fieri
356 876 411 896 non
436 875 546 904 posset,
562 878 623 897 eum
645 871 756 898 Achaia:
769 872 896 906 prinCeps
912 877 940 900 et

148 915 250 944 Siciliae
277 923 322 943 rex
350 917 487 952 peregrini
503 922 607 950 essent,
626 924 681 944 non
709 918 832 953 ejusdem
850 921 939 954 gentis

148 963 227 997 cuius
243 963 363 998 Angelus
378 964 504 991 Michael.
526 964 618 999 Surgit
634 965 726 1000 itaque
745 965 767 993 is
782 967 939 998 confestim,

148 1019 180 1038 ac
194 1018 244 1046 per
264 1010 382 1046 speciem
397 1011 545 1045 transfuga:
560 1011 592 1038 ad
612 1011 704 1039 hostes
720 1018 804 1039 noctu
824 1013 938 1044 transit.

147 1062 175 1084 et
191 1057 260 1084 clam
273 1065 335 1084 cum
347 1057 451 1091 Augelo
466 1057 600 1085 Michaele
615 1058 739 1093 principe
749 1057 856 1086 Etolia:
872 1067 940 1085 Cult—

147 1111 277 1138 gressus,
297 1112 306 1129 ι
327 1103 412 1135 Scito,
442 1104 541 1138 inquit,
572 1104 652 1131 hodie
672 1105 721 1131 tibi
740 1109 768 1132 et
784 1105 837 1132 tuis
850 1105 939 1132 omni—

147 1149 200 1176 bus
230 1157 358 1185 magnum
384 1150 537 1184 periculum
563 1150 732 1185 impendere.
756 1151 843 1177 Ambo
866 1151 938 1178 enim

147 1195 242 1230 generi
274 1196 312 1223 tui
339 1196 478 1230 iidemque
504 1196 589 1229 socii,
627 1202 682 1223 tam
707 1196 887 1232 Peloponnesi
913 1202 940 1225 et

154 1242 258 1269 fiehaia:
278 1242 407 1277 princeps
421 1250 502 1277 quam
520 1242 620 1269 Siciliae
636 1250 694 1274 rex,
713 1242 782 1270 clam
799 1251 847 1277 per
864 1244 939 1278 lega-

149 1292 191 1316 tos
207 1295 302 1323 pacem
315 1288 449 1316 Romanis
461 1288 596 1321 offerunt,
611 1289 635 1316 si
656 1289 708 1316 sibi
722 1295 804 1317 certte
818 1290 938 1325 largitio—

148 1341 199 1362 nes
214 1334 324 1362 dentur.
339 1333 368 1361 Si
388 1342 453 1370 ergo
471 1335 544 1362 salus
564 1339 610 1362 tua
627 1343 699 1363 curae
714 1335 763 1362 tibi
787 1341 841 1366 est.
858 1344 938 1370 quam

147 1381 266 1416 primum
292 1381 339 1408 tibi
356 1382 515 1416 prospicito,
535 1381 694 1417 priusquam
714 1382 821 1409 illorum
837 1383 938 1411 fmdera

148 1432 174 1454 et
191 1432 269 1462 pacta
285 1427 319 1454 ad
333 1428 435 1454 exitum
452 1428 647 1463 perducantur.
665 1437 674 1454 ι
694 1428 786 1456 Credit
798 1429 912 1456 Michael
929 1437 938 1456 ;

147 1480 175 1500 et
192 1482 220 1501 re
235 1474 326 1509 paucis
346 1482 470 1508 suorum,
484 1475 586 1510 quibus
602 1479 711 1510 poterat
731 1480 759 1502 et
775 1481 882 1511 tempus
903 1476 938 1503 si-

148 1520 234 1548 nebat
245 1542 251 1553 ,
265 1521 335 1548 clam
350 1521 481 1555 indicata,
495 1527 560 1548 ante
575 1521 640 1549 solis
659 1526 747 1549 ortum
764 1522 842 1558 fugit,
859 1530 937 1550 eum-

997 271 1143 308 ἀλαξονείᾳ
1159 273 1189 299 τὸ
1213 273 1268 300 πᾶν
1293 272 1493 307 ἐπιτρέψαντες
1524 274 1571 300 καὶ
1588 275 1677 308 οἰήσει
1701 275 1788 308 οὕτως

996 317 1119 353 ἐχώρουν
1144 319 1216 345 κατὰ
1239 318 1395 353 Ῥωμαίων.
1417 317 1499 346 Ταῦτ’
1515 319 1569 354 ἄρα
1597 320 1716 353 καὶτοῖς
1738 331 1787 356 μα·

996 364 1081 395 ταίοις
1109 365 1250 398 λογισμοῖς
1275 365 1407 399 ἀνάλογον
1437 365 1620 401 ἐπηκολούθει
1644 367 1676 393 τὸ
1698 367 1786 400 τέλος.

997 411 1028 437 Οί
1057 411 1086 437 δὲ
1114 411 1247 445 Ῥωμαῖοι
1278 411 1355 437 οὐδὲν
1380 411 1495 443 ἑαυτοὺς
1513 411 1687 447 λογιζόμενοι
1717 413 1787 449 πλὴν

995 457 1044 492 τῆς
1060 457 1153 483 θεόθεν
1174 457 1337 492 ἐπικουρίας
1358 457 1417 492 Θεῷ
1443 458 1490 484 καὶ
1505 459 1538 493 τῇ
1564 459 1671 485 ἐκεῖθεν
1689 460 1785 495 ἀρωγῇ

996 505 1086 530 πᾶσαν
1097 503 1146 538 τὴν
1160 504 1234 538 σφῶν
1249 504 1340 530 αὐτῶν
1354 504 1552 538 ἐπιτρέψαντες
1568 505 1676 540 κίνησιν
1688 506 1788 540 διαγω-

995 550 1117 583 νίζεσθαι
1129 551 1198 584 πρὺς
1211 550 1430 582 πολλαπλασίους
1446 550 1616 586 ἐθάρρησαν·
1634 552 1681 578 καὶ¹
1695 553 1787 587 μέντοι

995 596 1044 624 καὶ
1070 597 1202 631 λαμπρὰν
1228 597 1428 632 συναιρομένου
1442 596 1509 623 Θεοῦ
1524 597 1574 632 τὴν
1590 597 1670 633 νίκην
1687 599 1785 634 εἰργά-

995 652 1088 676 σαντο,
1111 643 1149 674 ὡς
1167 644 1267 670 αὐτίκα
1287 644 1438 679 εἰρήσεται.

1029 689 1066 717 Δ’.
1092 689 1172 716 Ἐπεὶ
1186 691 1240 725 γὰρ
1261 691 1344 724 ἐγγυς
1368 691 1417 726 ἤδη
1442 691 1496 718 τῶν
1522 691 1661 726 πολεμίων
1678 693 1702 719 οἱ
1724 692 1787 718 Ῥω-

995 738 1070 771 μαῖοι
1088 736 1226 771 ἐπήξαντο
1242 737 1276 763 τὰ
1297 737 1482 771 στρατόπεδα,
1509 739 1651 772 πέμπουσι
1668 739 1700 773 δή
1724 747 1785 766 τινα

991 782 1046 808 τῶν
1065 782 1138 816 μάλα
1157 782 1318 815 ἐπιτηδείων
1333 782 1526 817 ἐκπολεμῶσαι
1543 784 1590 809 καὶ
1617 783 1785 819 συνταράξαι

992 829 1054 855 κατ’
1090 828 1214 863 ἀλλήλων
1262 830 1296 855 τὰ.
1326 829 1380 856 τῶν
1415 829 1550 864 πολεμίων
1580 830 1784 865 στρατεύματα.

992 876 1030 903 Οὐ
1045 876 1099 911 γὰρ
1120 876 1149 902 ἓν
1164 885 1191 902 τι
1207 876 1260 902 τῶν
1287 877 1428 903 ἀδυνάτων
1445 877 1488 912 [Ρ.
1506 875 1550 911 Μ]
1578 877 1657 903 τοῦτό
1684 885 1716 911 γε
1739 875 1784 912 ἦν,

991 922 1038 950 τοῦ
1074 932 1104 950 τε
1133 923 1182 958 τῆς
1221 923 1332 958 Ἀχαΐας
1362 923 1512 958 πρίγκιπος
1547 924 1594 950 καὶ
1623 923 1672 950 τοῦ
1699 923 1785 959 pm;

990 971 1113 1003 Σικελίας
1138 972 1309 1006 ἑτεροφύλων
1342 971 1427 998 ὄντων
1464 973 1511 998 καὶ
1549 972 1598 1007 οὐχ
1643 972 1785 1007 ὁμογενῶν

989 1018 1029 1054 τῷ
1051 1018 1173 1053 ’Δγγέλῳ
1188 1019 1310 1053 Μιχαήλ.
1330 1018 1481 1049 Διαναστὰς
1503 1017 1550 1044 οὖν
1575 1019 1678 1049 ἐκεῖνος
1696 1019 1775 1045 αὺτὰ

991 1065 1037 1091 θεν
1053 1065 1203 1099 αὐτόμολος
1217 1064 1298 1099 δῆθεν
1321 1063 1406 1099 ἀπῄει
1429 1064 1539 1099 νύκτωρ
1564 1065 1591 1095 ἐς
1614 1065 1676 1095 τοὺς
1705 1065 1783 1092 πολε-

991 1111 1070 1146 μίους
1101 1112 1149 1137 καὶ
1174 1108 1333 1144 προσελθὼν
1353 1109 1441 1144 λάθρα
1458 1109 1496 1144 τῷ
1515 1109 1565 1144 τῆς
1580 1109 1714 1141 Αἰτωλίας
1729 1110 1780 1145 ἆρ-

990 1166 1064 1192 χοντι
1088 1156 1200 1192 Μιχαὴλ
1217 1157 1255 1191 τῷ
1277 1156 1398 1191 ’Δγγέλῳ
1413 1176 1420 1189 ,
1442 1165 1450 1182 ι
1470 1156 1554 1190 Ἴσοι,
1577 1165 1586 1182 ι
1601 1156 1694 1191 φησὶν,
1717 1167 1726 1182 ι
1745 1157 1783 1189 ὡς

992 1204 1034 1230 σοί
1052 1212 1080 1229 τε
1098 1204 1144 1230 καὶ
1161 1203 1229 1230 πᾶσι
1245 1203 1301 1233 τοῖς
1322 1203 1376 1228 ὑπό
1401 1211 1431 1228 σε
1451 1203 1540 1237 μέγας
1555 1203 1710 1237 ἐπήρτηται
1723 1203 1783 1230 κίν-

990 1250 1068 1281 δυνος
1093 1250 1224 1284 σήμερον-
1241 1250 1325 1284 ἄμφω
1349 1249 1404 1284 γὰρ
1435 1251 1460 1276 oi
1479 1249 1529 1276 σοὶ
1555 1250 1676 1285 γαμϐροί
1691 1259 1719 1276 τε
1737 1251 1784 1277 καὶ

991 1295 1144 1330 σύμμαχοι,
1163 1295 1176 1321 ὅ
1197 1303 1227 1321 τε
1243 1294 1362 1331 πρίγκιψ
1375 1294 1590 1330 ,Πελοποννήσου
1605 1296 1653 1322 καὶ
1672 1297 1784 1331 ’Δχαῑας

990 1341 1038 1368 καὶ
1051 1342 1064 1367 ὁ
1076 1341 1126 1376 τῆς
1141 1341 1268 1373 Σικελίας
1282 1340 1333 1376 ρὴξ
1347 1340 1437 1376 λάθρα
1451 1341 1698 1376 διαπρεσϐεύονται
1713 1341 1782 1377 πρὸς

996 1386 1151 1421 Ῥωμαίους
1170 1387 1234 1422 περὶ
1263 1386 1387 1414 σπονδῶν
1411 1387 1457 1412 ἐπὶ
1484 1386 1581 1422 δώροις
1611 1387 1732 1418 τακτοῖς.
1750 1386 1787 1413 El

991 1443 1032 1461 σοι
1057 1433 1148 1460 τοίνυν
1176 1433 1250 1468 ζωῆς
1278 1433 1367 1468 μέλει,
1396 1432 1567 1468 προνοήθητι
1584 1433 1635 1466 τὴν
1652 1432 1784 1468 ταχίστην

992 1482 1104 1514 σαυτοῦ,
1122 1482 1187 1516 πρὶν
1207 1481 1248 1512 εἰς
1268 1481 1356 1516 πέρας
1372 1481 1459 1507 ἐλθεῖν
1472 1481 1521 1511 τὰς
1534 1480 1650 1506 ἐκείνων
1668 1479 1785 1511 σπονδάς

989 1537 1019 1555 τε
1033 1529 1080 1555 καὶ
1093 1528 1264 1562 συμφωνίας.
1290 1536 1298 1553 ι
1314 1527 1443 1553 Πείθεται
1456 1527 1470 1552 ὁ
1484 1525 1596 1561 Μιχαὴλ
1618 1526 1663 1552 καὶ
1677 1525 1781 1560 διαμη-

147 1574 203 1601 que
218 1567 264 1594 alii
280 1571 362 1602 atque
378 1567 436 1600 alii,
453 1575 516 1595 eum
524 1569 558 1595 de
569 1568 630 1604 ejus
640 1568 702 1604 fuga
719 1569 820 1603 aliquid
838 1577 934 1596 susur-

999 1575 1138 1610 ιυσὰμενος
1164 1573 1253 1610 ἡσυχῆ
1285 1573 1340 1600 τῶν
1365 1573 1477 1599 οἰκείων
1500 1573 1617 1604 ὁπόσους
1644 1571 1726 1603 αὐτός
1754 1580 1785 1598 τι

150 1613 205 1640 rari
219 1613 358 1645 audirent,
370 1619 522 1649 sequuntur
534 1622 541 1640 :
554 1619 637 1649 atque
660 1615 697 1642 ita
710 1615 826 1649 sparsim
841 1623 940 1643 omnes

148 1660 208 1695 ejus
226 1661 326 1688 milites
339 1660 384 1687 alii
415 1661 484 1688 alios
500 1660 562 1696 fuga
586 1665 760 1689 anteverterc
787 1662 942 1694 studentes,

150 1709 179 1736 in
197 1709 280 1743 pedes
293 1716 355 1737 sese
375 1709 566 1744 coniecerunt.

184 1853 216 1881 ν.
234 1853 311 1881 illane
333 1861 398 1880 vero
425 1853 491 1881 socii
516 1853 688 1889 experrecti,
712 1853 775 1890 fuga
801 1854 942 1883 Michaelis

150 1900 259 1935 cognita
274 1899 434 1935 (cujusque:
456 1907 539 1927 causa
559 1904 654 1933 esset,
680 1900 752 1927 nulla
780 1902 942 1936 conjectura

151 1947 283 1982 consequi
300 1947 449 1982 poterant).
464 1954 520 1982 pm
535 1952 649 1982 stupore
668 1947 875 1980 obmutuerunt,
890 1948 942 1984 75

151 1997 178 2020 et
197 1993 335 2021 Romanos
350 1993 435 2020 armis
453 1993 590 2020 lacessere
607 1992 686 2020 vcriti
701 1998 783 2026 sunt,
799 1998 857 2021 tum
871 1995 942 2029 quod

151 2041 216 2075 quid
231 2044 360 2076 agt-retur
390 2040 560 2075 ignorarent,
573 2045 630 2067 tum
643 2040 717 2075 quod
731 2040 782 2075 ipsi
799 2041 944 2075 pauciores

149 2087 204 2122 jam
222 2092 324 2117 eSsent,
340 2087 386 2122 qui
403 2086 624 2113 numerosissimi
649 2091 729 2114 antea
747 2086 868 2115 fuerant.
887 2087 943 2114 lta-

151 2142 205 2169 que
223 2134 248 2160 iu
277 2133 368 2168 fugam
398 2138 554 2166 vertuntur,
573 2141 603 2161 se
628 2142 642 2161 a
665 2133 798 2162 Michacle
821 2134 944 2169 proditos

152 2180 295 2207 rati.'Eos
310 2181 393 2216 igitur
411 2181 448 2208 ita
471 2181 594 2208 turbatos
615 2181 730 2208 Romani
756 2181 828 2209 facto
848 2181 941 2209 statim

151 2227 254 2261 impetu
272 2227 358 2253 adorti
381 2228 526 2254 maximam
555 2232 660 2262 partem
685 2229 866 2255 ceciderunt:
888 2236 942 2255 cae-

152 2278 236 2304 teros,
255 2274 349 2308 paucis
364 2274 500 2309 exceptis,
514 2274 592 2301 rivos
613 2278 760 2308 ceperunt,
778 2274 849 2301 inter
873 2282 941 2309 quos

152 2320 211 2356 ipse
223 2320 405 2356 Peloponnesi
430 2326 457 2349 et
473 2322 581 2349 Achaim
604 2322 733 2357 princeps
755 2321 816 2348 fuit.
842 2320 942 2349 Siciliae

151 2374 218 2394 vero
234 2375 281 2394 rex
302 2375 363 2395 eum
385 2369 528 2404 perpaucis
545 2377 657 2397 suorum
679 2369 749 2395 clum
764 2368 868 2404 effugit.

996 1621 1108 1649 ἐδύνατο
1128 1621 1175 1647 καὶ
1193 1621 1207 1646 ὁ
1221 1621 1316 1654 καιρὸς
1334 1619 1473 1654 ἐχορήγει,
1492 1618 1601 1652 φεύγων
1616 1618 1702 1653 ᾣχετο
1719 1618 1786 1652 πρὶν

994 1666 1164 1702 ἦᾰνατεῖλαι
1186 1667 1232 1692 τὸν
1255 1666 1342 1700 ἣλιον.
1370 1665 1425 1692 Καὶ
1453 1665 1548 1691 τούτου
1575 1665 1692 1690 κατόπιν
1706 1663 1785 1694 ἄλλος

996 1713 1025 1745 ἐξ
1042 1712 1122 1739 ἄλλον
1141 1711 1190 1747 τὴν
1219 1710 1309 1746 φυγὴν
1337 1709 1554 1745 ψιθυριζομένην
1573 1708 1718 1739 ἀκούοντες
1737 1706 1784 1734 τοῦ

996 1759 1106 1795 Μιχαὴλ
1123 1759 1257 1794 σποράδες
1277 1758 1353 1784 ἔθεον
1379 1757 1501 1787 ἇπαντες
1518 1756 1543 1782 οι
1559 1755 1736 1791 στρατιῶται,
1750 1754 1783 1788 τῇ

996 1808 1070 1841 φυγῇ
1084 1806 1288 1841 προλαμϐάνειν
1302 1804 1396 1840 ἔτερος
1409 1804 1505 1838 ἕτερον
1523 1801 1693 1832 σπεύδοντες.

1033 1853 1069 1880 E’.
1090 1853 1167 1886 ’Ἅμα
1178 1852 1200 1878 δ’
1220 1852 1257 1886 ἓῳ
1271 1851 1458 1886 διεγερθέντες
1477 1850 1502 1875 at
1519 1849 1658 1883 σύμμαχοι
1671 1847 1717 1874 καὶ
1736 1847 1785 1882 τὴν

999 1900 1047 1936 μὲν
1059 1902 1148 1935 φυγὴν
1164 1899 1296 1934 μαθόντες
1311 1897 1357 1924 τοῦ
1374 1896 1495 1932 Μιχαὴλ,
1517 1896 1568 1930 τὴν
1582 1895 1610 1922 δὲ
1629 1895 1678 1929 τῆς
1694 1894 1783 1930 φυγῆς

996 1948 1086 1974 αἰτίαν
1097 1947 1147 1973 οὐκ
1159 1945 1265 1981 ἔχοντες
1281 1944 1441 1978 συμϐαλεῖν,
1461 1943 1570 1977 ἀχανεῖς
1588 1939 1669 1976 ἦσαν.
1687 1941 1743 1968 Καὶ
1754 1941 1785 1967 τὺ

997 1994 1047 2028 μὲν
1057 1993 1129 2020 ὅπλα
1150 1991 1221 2019 κατὰ
1241 1991 1388 2026 Ῥωμαίων
1404 1991 1491 2016 κινεῖν
1502 1989 1685 2024 ἀπηγόρευον,
1705 1987 1786 2015 τοῦτο

997 2039 1046 2073 μὲν
1063 2037 1111 2064 καὶ
1130 2036 1168 2069 ὡς
1189 2035 1352 2070 ἀγνοοῦντες
1374 2035 1408 2061 τὰ
1430 2032 1571 2070 δρώμενα,
1588 2032 1669 2058 τοῦτο
1689 2030 1717 2057 δὲ
1736 2030 1786 2057 καὶ

995 2085 1032 2116 ὡς
1050 2083 1214 2119 βραχύτεροι
1228 2081 1275 2107 τὸν
1290 2080 1407 2115 ἀριθμὸν
1430 2080 1462 2105 ὲκ
1483 2081 1554 2106 πάνυ
1576 2078 1681 2105 πολλῶν
1698 2085 1785 2104 κατα-

995 2131 1120 2161 στάντες.
1134 2128 1217 2156 Ὅθεν
1232 2127 1281 2154 καὶ
1303 2127 1372 2162 πρὸς
1385 2125 1475 2161 φυγὴν
1487 2125 1539 2160 ἤδη
1553 2124 1699 2160 ἐτρέποντο
1719 2131 1786 2158 προ-

994 2177 1152 2212 δεδομένους
1167 2176 1280 2205 ὲαυτοὶις
1301 2173 1354 2200 ὑπὸ
1370 2172 1482 2208 Μιχαὴλ
1509 2171 1696 2205 λογισάμενοι.
1715 2170 1785 2196 Τού-

994 2233 1051 2255 τοις
1080 2223 1150 2250 οὕτω
1180 2222 1398 2256 τεταραγμένοις
1424 2219 1566 2253 αἰφνιδίως
1593 2219 1619 2244 οι
1653 2217 1785 2250 Ῥωμαῖοι

995 2270 1206 2301 ἐπεισπεσόντες
1226 2268 1290 2299 τοὺς
1311 2268 1360 2302 μὲν
1383 2266 1526 2296 πλείστους
1546 2264 1625 2299 ἔργον
1641 2263 1786 2297 ἀπέφηναν

996 2317 1110 2350 ξίφους,
1131 2316 1195 2346 τοὺς
1215 2314 1238 2340 δ’
1259 2313 1358 2344 ἄλλους
1388 2312 1458 2346 πλὴν
1482 2311 1581 2342 ὀλίγων
1611 2309 1784 2344 ἐζώγρησαν,

997 2363 1056 2399 μεθ’
1070 2359 1107 2390 ὧν
1120 2360 1153 2397 ἦν
1167 2362 1212 2388 καὶ
1224 2361 1237 2387 ὁ
1253 2358 1372 2395 πρίγκιψ
1385 2357 1590 2392 Πελοποννήσου
1604 2355 1651 2382 καὶ
1660 2355 1784 2389 Ἀχαΐας.

1000 2411 1032 2437 '0
1061 2409 1089 2436 δὲ
1115 2409 1163 2443 τῆς
1181 2407 1309 2437 Σικελίας
1327 2405 1378 2441 ρὴξ
1403 2403 1495 2440 διέδρα
1512 2403 1602 2430 λαθὼν
1620 2402 1669 2428 σὺν
1683 2401 1786 2435 ὀλίγοις

995 2457 1066 2484 πάνυ
1080 2456 1135 2483 τῶν
1146 2454 1256 2482 ἑαυτοῦ.
