1906 3064
141 99 196 130 Ξίτι
271 99 298 134 [λ
331 107 354 126 ε.
380 100 448 128 1259
469 109 500 127 At)
523 101 603 137 1282]

661 105 881 135 llYZA‘leNJi
894 105 1086 137 lllethI/E
1099 106 1172 139 LIB.
1188 107 1233 137 IV.

1292 104 1358 140 [una
1379 112 1452 133 men.
1472 105 1657 142 mmotoci

1713 109 1790 141 ιιι

136 159 250 185 ouube
260 160 308 186 nat
318 159 480 187 Θετταλικόν
491 160 595 187 ἔπαυσε
607 161 680 196 δόρυ,
693 170 742 196 την
755 163 845 198 μάχην
857 163 929 198 φημὶ

988 155 1148 198 -ειιτ-σδδετςςι
1162 164 1205 199 (de
1228 173 1316 200 pugna
1333 166 1505 193 Acarnanum
1523 171 1549 194 et
1562 166 1714 194 [Etolorum
1733 168 1772 196 lo-

137 204 194 231 τῶν
208 213 238 230 τε
258 203 433 240 Ἀκαρνάνων
452 206 500 233 καὶ
520 207 657 241 Αἰτωλῶν,
677 209 724 234 καὶ
745 209 791 243 τῆς
809 211 931 244 πονηρᾶς

137 251 250 285 ἐκείνης
271 251 349 286 ῥίζης
372 252 452 278 πάλιν
474 253 626 287 ὁπεφύοντο
651 256 757 290 πονηρὰ
783 258 829 283 καὶ
849 257 932 283 ἀκαν-

139 297 213 332 θώδη
231 297 421 333 βλαστήματα,
444 299 491 325 καὶ
507 299 587 326 πάλιν
602 300 692 334 ὅρκων
716 301 869 336 ἀνατροπαὶ
884 303 931 329 καὶ

141 345 231 379 μάχαι
257 346 406 380 πολεμικαὶ
428 345 475 372 τοῦ
499 346 653 374 ἁποστάτου
675 347 795 382 Μιχαὴλ.
823 348 930 382 Πέμπει

138 391 290 425 τοιγαροῦν
299 392 368 418 κατὰ
378 392 459 427 τάχος
472 392 516 419 ἐπ’
526 393 629 419 ἐκεῖνον
641 394 655 419 ὁ
667 392 794 428 βασιλεὺς
804 394 932 429 Καίσαρα

140 437 188 463 τὸν
209 437 462 472 Στραηγόπουλον,
487 438 548 470 δοὺς
570 439 644 474 αὐτῷ
667 439 714 466 καὶ
733 439 862 471 Βιθυνοὺς
883 441 932 476 μὲν

140 482 257 514 ὁπλίτας
269 483 366 518 μικρὸν
376 483 446 518 ὑπὲρ
458 484 520 515 τοὺς
530 485 719 518 ὀκτακοσίους,
729 485 791 517 τοὺς
805 486 826 512 δ’
835 485 931 518 ἄλλους

140 528 259 559 ὁπόσους
273 529 290 562 ή
302 528 380 562 χρεία
393 528 499 563 ζητοίη,
513 530 743 565 στρατολογήσειν
759 531 842 557 αὐτὸν
855 531 887 558 ἔκ
902 540 931 558 τε

141 573 254 608 Θράκης
267 575 313 600 καὶ
321 575 503 607 Μακεδονίας.
516 576 681 610 Προστάττει
691 577 712 603 δ’
724 577 798 612 αὐτῷ
807 578 852 604 καὶ
863 578 934 613 πάρ-

142 627 224 654 εργον
241 619 301 645 ὁδοῦ
317 621 483 654 ποιήσασθαι
499 621 559 656 μεθ’
575 618 611 648 ὧν
632 622 796 657 ἐπιφέρεται
812 623 933 649 Βιθυνῶν

142 664 264 690 ὁπλιτῶν
276 665 325 698 τὴν
340 665 382 691 διὰ
396 666 451 692 τῶν
462 666 509 692 τοῦ
523 667 671 698 Βυζαντίου
688 669 860 702 προαστείων
877 670 934 697 διά-

143 710 235 744 ϐασιν,
256 711 372 746 θορύϐου
388 713 460 743 τινὸς
477 713 559 741 ἕνεκα
574 714 628 741 τῶν
649 714 677 740 ἐν
695 714 835 750 Βυζαντίῳ
852 716 934 742 Λατί-

141 766 198 785 νων
214 758 322 785 καὶτοῦ
336 759 374 793 μὴ
388 759 459 786 πάνυ
473 760 614 794 σχολάζειν
637 762 737 793 αὐτοὺς
764 762 811 789 καὶ
833 763 934 789 ἀναπε-

146 804 289 832 πτωκέναι
306 807 531 841 συγκεχωρῆσθαι
543 808 610 834 κάπὶ
624 808 749 834 πλεῖστον
763 809 816 835 τῶν
835 810 933 844 τειχῶν

141 847 305 884 παρεξιέναι
318 850 398 876 ὁπότε
418 851 565 885 βούλοιντο,
589 852 645 878 ἀλλ’
660 850 729 881 εἷναι
743 854 876 889 περιδεεῖς
891 854 934 881 ἀεὶ

141 896 190 922 καὶ
207 894 264 922 οἷον
278 897 308 922 ἐν
322 897 416 931 εἱρκτῇ
435 899 669 933 φρουρουμένους.

178 941 217 968 Β¹.
238 942 292 969 Καὶ
305 943 355 977 μὲν
368 942 400 978 δὴ
412 943 684 980 διαπεραιωσάμενος
702 946 751 983 τὴν
766 948 935 983 Προποντίδα

141 989 156 1014 ὁ
177 988 290 1024 Καῖσαρ
307 988 517 1023 στρατοπεδεύει
536 991 600 1025 περὶ
614 991 645 1017 τὸ
664 991 774 1026 Ῥήγιον
787 1001 794 1008 ·
812 993 875 1021 ἔνθα
887 1004 935 1021 πε-

143 1034 305 1069 ριτυγχάνει
319 1036 390 1062 τισὶν
405 1036 545 1072 ἀγοραίοις
560 1037 673 1073 ἀνδράσι
690 1038 755 1074 (Gl),
775 1039 863 1073 λόγοις
886 1049 933 1075 με-

143 1081 240 1114 γάλοις
249 1081 296 1107 καὶ
305 1082 471 1117 ἀπορρήτοις
478 1084 528 1118 τῆς
535 1083 623 1111 πάντα
631 1084 784 1120 διοικούσης
795 1086 931 1120 προνοίας,

142 1129 161 1162 ἢ
176 1128 275 1163 πλήθει
292 1129 341 1163 μὲν
354 1130 437 1157 ίππου
451 1132 498 1157 καὶ
513 1132 642 1166 στρατιᾶς
659 1133 708 1167 οὐχ
724 1132 856 1168 ὑπηρετεῖ
871 1134 934 1160 πολ-

142 1174 236 1207 λάκις,
253 1175 367 1211 βραχείᾳ
377 1176 404 1202 δέ
413 1185 466 1203 τινι
477 1177 590 1212 δυνάμει
602 1179 649 1204 καὶ
660 1178 761 1214 πολλὴν
770 1180 828 1210 ταῖς
842 1180 934 1207 ἐλπίσι

143 1220 253 1255 τρυφὴν
267 1222 396 1256 χορηγεῖν
415 1222 464 1248 οὐκ
478 1223 577 1258 ἐχούσῃ
591 1224 748 1259 συναίρεται
764 1225 865 1260 μᾶλλον
887 1226 934 1253 καὶ

143 1267 225 1298 νίκας
241 1267 373 1301 μεγίστας
391 1269 553 1304 παρέχεται.
571 1269 632 1297 Τῶν
648 1271 697 1305 μὲν
710 1271 764 1307 γὰρ
777 1271 827 1306 τὴν
839 1273 934 1300 ἐλπίδα

144 1312 302 1346 κιϐδηλεὺει
317 1313 352 1340 τὰ
375 1313 445 1340 ὅπλα
465 1315 595 1347 πολλάκις
610 1317 657 1343 καὶ
672 1317 688 1351 ἡ
708 1317 758 1352 τῆς
771 1318 854 1352 ἄλλης
869 1317 934 1352 ἴσως

145 1358 328 1393 παρασκευῆς
341 1359 469 1394 ἀφθονία,
483 1360 578 1396 [Ρ.49]
591 1363 639 1388 καὶ
651 1363 701 1390 οὐκ
715 1364 747 1398 ἐᾷ
761 1364 861 1400 ῥᾳδίως
878 1366 934 1392 ἄνω

144 1404 280 1438 φέρεσθαι
307 1405 376 1440 πρὸς
390 1405 436 1432 τὸν
451 1407 524 1442 ζωῆς
539 1407 586 1434 καὶ
609 1408 724 1436 θανάτου
737 1409 849 1445 Κύριον,
866 1411 935 1438 ἀλλὰ

144 1449 277 1484 κατασπᾷ
293 1450 340 1476 καὶ
354 1449 466 1484 βαρύνει
480 1452 603 1487 καὶπερὶ
617 1452 667 1487 τὴν
681 1454 732 1489 γῆν
747 1454 785 1486 ὡς
798 1455 832 1481 τὰ
850 1456 933 1483 πολλὰ

983 209 1073 242 quor),
1090 217 1151 235 eum
1170 210 1247 236 malm
1269 210 1340 237 illius
1353 210 1451 238 radicis
1464 212 1532 238 maia
1546 217 1574 239 ct
1589 213 1697 247 spinosa
1711 221 1771 249 ger-

984 254 1057 280 mina
1076 255 1288 288 repullularunt.
1312 256 1420 284 violatis
1441 265 1548 284 rursum
1566 257 1722 290 foederibus,
1738 263 1765 286 et

984 299 1054 326 bello
1068 299 1209 327 Michaelis
1237 301 1408 329 rebellatoris
1431 303 1543 336 pertidia
1559 304 1701 331 suscitato.
1717 304 1771 331 lm-

984 351 1093 380 perator
1110 346 1188 381 igitur
1203 348 1327 374 celeriter
1352 348 1482 376 adversus
1507 349 1582 376 illum
1611 351 1694 377 mittit
1714 350 1772 378 (Σιε-

983 400 1072 419 sarem
1101 394 1330 429 Strategopulum,
1343 395 1468 431 Bithynis
1487 396 1524 423 illi
1557 397 1665 430 paulum
1689 405 1770 432 supra

983 445 1047 466 occc
1060 439 1133 466 datis
1150 448 1158 467 :
1172 440 1292 475 reliquos
1310 442 1410 469 milites
1422 462 1430 474 ,
1445 447 1576 477 quotquot
1592 451 1635 470 res
1651 444 1772 478 postula-

985 488 1037 517 ret,
1057 492 1072 511 e
1097 484 1212 512 Thracia
1228 491 1255 513 et
1277 486 1433 514 Macedonia
1451 495 1547 522 cogere
1560 488 1647 524 jubet.
1662 489 1771 517 Mandat

984 530 1080 562 etiam,
1092 536 1123 558 ut
1139 538 1200 558 cum
1215 531 1340 567 Bithynis
1361 533 1495 561 militibus
1511 535 1599 562 obiter
1615 542 1663 569 per
1677 536 1772 563 subur-

984 575 1027 602 bia
1051 575 1172 611 Byzantii
1188 578 1326 611 transiret,
1355 579 1387 606 ad
1404 579 1515 607 Latinos
1540 580 1586 614 qui
1603 580 1631 607 in
1648 581 1713 608 urbe
1729 588 1772 608 es-

984 626 1045 649 sent
1074 622 1246 657 aliquatenus
1274 626 1486 658 perturbandos,
1505 634 1540 654 ne
1555 635 1665 660 prorsus
1686 627 1771 655 otium

984 675 1064 702 agere
1082 673 1109 695 et
1124 669 1228 696 resides
1244 677 1306 697 esse
1320 671 1490 704 sinerentur,
1512 677 1559 699 aut
1572 673 1679 708 longius
1696 678 1771 700 extra

985 712 1086 739 muenia
1110 713 1218 748 quoties
1249 715 1355 742 libitum
1381 720 1454 743 esset
1468 722 1660 752 evagarentur;
1676 718 1723 746 sed
1743 718 1770 745 in

986 763 1118 793 perpetuo
1142 763 1216 787 metu
1238 768 1347 794 essent,
1368 767 1396 789 et
1413 767 1542 794 tanquam
1565 763 1591 790 in
1606 771 1716 791 carcere
1732 764 1772 790 in-

985 805 1063 833 clusi.

1022 942 1055 970 ll.
1072 943 1165 978 itaque
1182 944 1273 971 Cmsar
1288 944 1455 980 Propontide
1469 947 1594 980 trajecta,
1619 948 1771 982 castrisque

985 990 1059 1017 circa
1075 989 1211 1024 Rhegium
1227 991 1322 1024 positis
1332 1011 1339 1023 ,
1353 991 1380 1018 in
1395 991 1628 1019 eircuml‘oraneos
1637 992 1769 1027 quosdam

986 1033 1110 1061 homines
1132 1033 1244 1064 incidit.
1260 1042 1358 1068 magno
1383 1042 1537 1070 arcanoqne
1557 1041 1655 1062 cuncta
1671 1036 1771 1072 guber-

985 1080 1076 1107 nantis
1087 1079 1267 1107 Providentize
1282 1080 1398 1107 consilio
1411 1099 1418 1111 .
1435 1088 1495 1115 qua:
1512 1088 1584 1115 ξιξερο
1602 1082 1769 1110 multitudini

985 1134 1117 1161 equorum
1130 1131 1155 1153 cl
1171 1126 1340 1154 exercituum
1355 1135 1409 1154 non
1423 1127 1582 1160 subservit;
1602 1128 1708 1163 exiguis
1721 1136 1769 1156 au-

986 1176 1041 1200 tem
1069 1172 1184 1204 viribus,
1214 1180 1274 1207 qua:
1290 1180 1367 1207 spem
1394 1180 1447 1199 non
1473 1172 1619 1200 admodum
1641 1173 1769 1202 blandam

985 1223 1135 1254 suggerunt
1147 1239 1154 1250 ,
1170 1219 1257 1254 magis
1276 1219 1353 1246 adest
1370 1219 1554 1254 maximasque
1569 1220 1697 1248 victorias
1716 1221 1771 1248 lar-

984 1265 1067 1301 gitur.
1084 1265 1150 1292 Nam
1170 1264 1276 1292 illorum
1294 1264 1403 1299 quidem
1423 1272 1500 1299 spem
1515 1273 1590 1292 arma
1604 1273 1674 1300 szepe
1687 1270 1714 1294 et
1729 1274 1771 1294 re-

985 1312 1050 1347 liqui
1065 1317 1212 1347 apparatus
1236 1311 1395 1347 magnitudo
1413 1311 1585 1344 adulteram,
1604 1311 1660 1347 84
1671 1315 1699 1338 et
1711 1319 1772 1339 sur-

985 1365 1045 1385 sum
1060 1358 1124 1386 l'erri
1140 1366 1195 1386 non
1211 1358 1306 1385 sinunt
1321 1359 1353 1385 ad
1378 1358 1438 1385 vitae
1449 1358 1581 1392 necisque
1604 1358 1749 1386 Dominum
1762 1379 1770 1390 .

985 1406 1032 1433 sed
1049 1406 1124 1440 gravi
1134 1405 1250 1439 quodam
1262 1404 1384 1440 pondere
1396 1405 1523 1432 deorsum
1536 1412 1658 1440 pressam
1669 1406 1770 1432 versari

986 1451 1058 1479 humi
1087 1451 1246 1486 plerumque
1269 1455 1380 1486 cogunt.
1403 1451 1506 1478 Contra
1529 1452 1624 1479 horum
1642 1451 1770 1478 ﬁduciam

144 1493 332 1521 καλινδεῖσθαι
356 1495 493 1530 βιάζεται*
508 1497 563 1524 τῶν
579 1498 607 1524 δέ
632 1499 785 1527 τούναντίον
802 1501 817 1535 ὴ
835 1502 932 1533 σπάνις

988 1497 1099 1533 penuria
1125 1504 1216 1524 rerum
1234 1497 1453 1524 necessariarum
1469 1497 1665 1532 expeditiorem
1693 1497 1768 1529 facit,

144 1539 201 1566 τῶν
211 1540 369 1574 ἀναγκαίων
379 1543 562 1577 κουφοτέρους
575 1546 647 1570 ποιεῖ
660 1545 706 1571 καὶ
716 1543 771 1572 οἷον
782 1547 935 1583 αἰθεροδρο-

147 1587 210 1621 μεῖν
223 1595 251 1613 τε
269 1587 420 1621 ἀναγκάζει
435 1589 482 1615 καὶ
494 1588 658 1624 θερμότερον
673 1591 722 1626 τὴν
735 1592 836 1620 ἄνωθεν
853 1595 935 1621 ἐκκα-

144 1632 252 1659 λεῖσθαι
265 1633 366 1665 δεξιάν.
378 1633 418 1660 Δι’
430 1635 495 1661 αὑτό
509 1643 540 1668 γε
557 1635 611 1670 μὴν
625 1636 703 1663 τοῦτο
716 1639 764 1665 καὶ
778 1638 871 1667 πολλοὶ
884 1649 934 1676 με-

145 1678 219 1712 γάλα
242 1679 405 1711 ἐλπίσαντες
429 1680 585 1708 τούναντίον
609 1682 626 1716 ἢ
653 1683 723 1710 κατὰ
747 1684 796 1716 τὰς
825 1685 935 1719 ἐλπίδας

146 1725 320 1760 ἀπήλλαξαν.
342 1727 450 1762 Ἐτεροι
468 1727 496 1754 δὲ
509 1727 543 1754 δι’
556 1728 673 1763 ἀπορίαν
689 1729 735 1756 καὶ
747 1730 851 1758 ἑαυτῶν
866 1733 935 1759 ἀπο-

145 1771 259 1804 γνόντες
276 1773 415 1806 τροπαίων
430 1773 565 1807 μεγίστων
579 1775 720 1810 ἐπέτυχον.
741 1776 806 1803 Ἰδοὺ
818 1777 871 1812 γὰρ
884 1779 935 1805 κάν

145 1816 187 1851 τῷ
214 1817 328 1852 παρόντι
351 1817 470 1852 βασιλεῖς
486 1818 540 1846 τῶν
554 1819 639 1853 τριῶν
655 1820 705 1846 οὐκ
723 1820 852 1853 ἐλάττους
873 1823 936 1850 πολ-

146 1862 208 1892 λαῖς
237 1864 367 1895 πολλάκις
395 1864 499 1898 χιλιάσι
526 1865 643 1900 στρατοῦ
669 1866 870 1901 προσϐαλόντες
899 1871 933 1905 τῇ

147 1909 354 1936 Κωνσταντίνου
369 1910 505 1943 ἄπρακτοι
519 1912 667 1946 ἐπανῆκον,
683 1913 744 1939 οὐδὲ
759 1915 815 1946 τοῖς
833 1914 934 1950 τείχεσι

146 1955 278 1990 καθαρῶς
297 1955 456 1990 δυνηθέντες
473 1957 594 1991 ἐγγίσαι.
620 1958 701 1985 Ἀλλὰ
716 1958 817 1996 ταύτην
833 1961 847 1986 ίι
865 1962 935 1988 Καῖ-

147 2009 202 2035 σαρ
217 1999 288 2027 εἷλεν
301 2001 486 2036 αἰχμάλωτον,
504 2002 565 2038 μηδ’
581 2003 644 2039 ἄχρι
662 2003 778 2038 χιλιάδος
796 2006 860 2040 μιᾶς
879 2005 935 2042 (62)

145 2047 319 2082 ἐπαγόμενος
335 2048 503 2083 στράτευμα,
519 2049 586 2084 μηδὲ
598 2049 697 2084 τειχῶν
708 2050 876 2085 ἀμυντήριον
890 2051 936 2087 ὅρ-

146 2100 231 2126 γανον
243 2093 328 2123 οὐδὲν.
344 2093 411 2128 μηδὲ
425 2094 628 2129 μηχανημάτων
638 2094 715 2130 ὄχλον
724 2096 854 2129 ὁντινοῦν,
867 2097 935 2124 ἀλλὰ

147 2139 218 2174 μόνῃ
235 2141 269 2174 τῇ
286 2140 347 2175 θείᾳ
367 2140 511 2176 ἐπικουρίᾳ
525 2141 555 2168 τὸ
577 2142 631 2168 πᾶν
644 2142 809 2177 ἀναρτήσας.
826 2142 888 2170 Εἷλε
907 2144 935 2172 δὲ

147 2184 247 2216 οὕτως.

183 2230 222 2258 Γ’.
247 2231 324 2257 Ἐπεὶ
334 2231 387 2266 γὰρ
399 2233 455 2263 τοῖς
470 2232 598 2267 ἀνδράσιν
615 2233 729 2265 ἐκείνοις
744 2235 757 2260 ὁ
774 2234 878 2270 Καῖσαρ
890 2237 935 2264 ἐν-

147 2277 239 2312 έτυχε,
265 2277 409 2312 Ῥωμαίοις
434 2272 484 2312 μὲν
508 2275 567 2304 οὖσι
588 2278 619 2304 τὸ
639 2279 729 2312 γένος,
749 2280 893 2315 αὐτόχθοσι
906 2282 934 2309 δὲ

147 2325 471 2357 Κωνσταντινουπόλεως,
496 2325 566 2352 κατὰ
592 2325 620 2352 δέ
645 2326 740 2361 χρείαν
762 2327 864 2359 ἅλωνος
888 2329 935 2355 καὶ

148 2371 265 2406 καρπῶν
276 2370 406 2405 συλλογῆς
415 2370 468 2403 ἔξω
478 2370 665 2405 διαιτωμένοις
672 2371 720 2405 τῆς
730 2371 842 2406 πόλεως,
855 2373 937 2408 ἤρετο

149 2417 216 2453 περί
231 2426 261 2443 τε
273 2417 322 2451 τῆς
335 2417 389 2443 τῶν
404 2416 528 2444 Λατίνων
543 2416 684 2451 δυνάμεως
700 2417 749 2451 ὅση
767 2418 812 2444 καὶ
824 2419 876 2450 οἶα,
891 2419 937 2446 καὶ

152 2463 217 2496 περὶ
232 2462 302 2488 ὅσων
315 2461 402 2488 ἄλλων
414 2462 487 2492 είκὸς
498 2459 532 2495 ἦν
541 2460 772 2495 περιεργάζεσθαι
785 2463 939 2498 στρατηγὸν

149 2508 235 2542 ἂνδρα
259 2507 305 2534 καὶ
322 2506 427 2533 πολλῶν
445 2506 616 2541 ὀλυμπιάδων
634 2507 762 2535 τοιούτων
778 2510 886 2543 μεστόν.
907 2510 938 2536 Ol

986 1551 1018 1570 ac
1031 1543 1227 1578 propemodum
1242 1543 1274 1570 ad
1291 1544 1504 1577 percurrendum
1521 1544 1620 1571 cmlum
1634 1543 1748 1579 impellit
1761 1563 1769 1575 ,

985 1593 1012 1616 et
1029 1589 1062 1616 ad
1077 1596 1223 1624 supernam
1248 1588 1385 1616 dexteram
1409 1589 1480 1616 votis
1494 1589 1693 1617 ardentioribus
1707 1596 1774 1617 ero-

986 1634 1111 1662 candam.
1126 1633 1194 1661 llinc
1210 1638 1251 1661 est
1270 1634 1342 1668 quod
1364 1634 1440 1661 multi
1461 1642 1559 1669 magna
1573 1641 1621 1669 spe
1637 1639 1769 1670 concepta

985 1680 1153 1708 contrarium
1180 1687 1212 1707 ac
1227 1685 1406 1714 speraverant
1422 1681 1603 1715 experiuntur
1618 1689 1625 1708 :
1646 1680 1691 1708 alii
1704 1687 1770 1708 vero

985 1734 1017 1754 ex
1032 1727 1145 1754 summis
1156 1726 1298 1761 angustiis,
1311 1734 1373 1753 cum
1384 1726 1418 1753 de
1431 1734 1461 1754 se
1477 1726 1543 1761 ipsis
1556 1727 1748 1761 desperassent
1761 1747 1770 1760 ,

986 1772 1118 1800 maximos
1130 1772 1283 1807 triumphos
1299 1777 1363 1799 sunt
1373 1772 1475 1807 adepti.
1491 1772 1560 1800 Ecce
1575 1773 1647 1800 enim
1666 1772 1691 1799 in
1702 1779 1770 1807 pra:-

986 1818 1058 1846 senti
1079 1818 1188 1853 negotio
1217 1825 1270 1845 non
1294 1818 1386 1845 minus
1403 1826 1483 1852 quam
1509 1822 1565 1846 tres
1590 1819 1771 1853 imperatores

986 1871 1048 1890 cum
1066 1863 1157 1890 multis
1167 1869 1238 1896 saepe
1254 1862 1393 1890 hominum
1407 1861 1526 1890 millibus
1539 1861 1771 1896 Constantinopo-

987 1909 1034 1936 lim
1055 1908 1175 1944 aggressi
1199 1916 1228 1935 re
1255 1907 1354 1935 infecta
1372 1907 1568 1940 discesserunt,
1589 1915 1651 1936 cum
1668 1914 1719 1935 nec
1737 1907 1769 1934 ad

987 1955 1044 1990 ipsa
1073 1955 1174 1982 moenia
1202 1954 1316 1989 propius
1331 1954 1460 1981 accedere
1481 1954 1613 1982 licuisset.
1630 1953 1665 1980 At
1679 1953 1770 1986 Cmsar

986 2001 1109 2030 eamdem
1141 2001 1223 2035 cepit,
1241 2008 1301 2027 cum
1330 2007 1364 2027 ne
1392 2000 1465 2026 mille
1492 1999 1602 2034 quidem
1626 1999 1767 2026 hominum

987 2048 1136 2075 exercitum
1152 2047 1366 2078 adduceret,nec
1379 2046 1463 2073 ullum
1477 2050 1641 2073 tormentum
1653 2046 1768 2078 murale,

987 2100 1037 2120 nec
1065 2092 1248 2119 machinarum
1266 2092 1371 2127 copiam
1394 2096 1515 2126 paratam
1535 2091 1658 2123 haberet,
1678 2091 1725 2119 sed
1736 2092 1770 2118 ad

987 2138 1071 2166 solam
1081 2138 1200 2164 divinam
1216 2145 1296 2172 opem
1309 2138 1399 2165 omnia
1414 2137 1561 2166 retulisset.
1585 2137 1664 2171 Cepit
1677 2142 1770 2165 autem

953 2185 974 2213 Ι)
989 2184 1040 2211 hoc
1060 2185 1150 2211 modo.

1025 2230 1067 2256 lll.
1081 2230 1147 2257 Cum
1164 2231 1191 2258 in
1210 2229 1269 2257 illos
1287 2230 1360 2257 viros
1376 2230 1528 2260 incidisset.
1548 2237 1649 2264 genere
1669 2230 1772 2257 Roma-

990 2284 1050 2309 nus,
1064 2276 1301 2310 Constantinopoli
1316 2283 1380 2302 vero
1406 2280 1493 2307 natos,
1512 2275 1555 2310 qui
1581 2277 1617 2302 ob
1634 2283 1690 2302 rem
1716 2275 1772 2302 fru-

988 2324 1148 2351 mentariam
1170 2328 1197 2350 et
1218 2323 1429 2357 colligendorum
1452 2322 1592 2350 fructuum
1607 2329 1690 2350 causa
1705 2321 1772 2349 foris

988 2374 1111 2406 agerent,
1131 2370 1235 2405 rogavit
1249 2377 1306 2400 eos,
1322 2369 1416 2403 quales
1431 2373 1458 2396 et
1475 2373 1584 2404 quantae
1595 2374 1688 2397 essent
1699 2369 1773 2396 Lati-

989 2424 1084 2443 norum
1100 2416 1182 2447 vires,
1201 2420 1228 2443 et
1245 2415 1295 2442 alia
1309 2422 1368 2450 quae
1387 2423 1435 2450 par
1452 2421 1511 2443 erat
1527 2416 1662 2443 curiosius
1679 2415 1772 2443 scisci-

990 2462 1039 2490 tari
1054 2462 1223 2489 exercituum
1245 2461 1352 2493 ducem.
1369 2461 1464 2488 harum
1483 2469 1572 2488 rerum
1597 2469 1647 2489 usu
1672 2461 1774 2488 instrn-

990 2508 1154 2537 ctissimum.
1175 2507 1205 2534 lli
1224 2514 1287 2534 vero
1311 2514 1372 2535 cum
1393 2507 1551 2534 Latinorum
1577 2507 1669 2542 jugum
1693 2507 1772 2542 longo

835 2579 1000 2611 Variorum
1020 2582 1114 2609 notae.

189 2644 246 2680 (61)
265 2645 316 2678 Qui
346 2653 376 2673 se
398 2646 625 2680 Θεληματαρίους
653 2644 836 2679 appellabant.
863 2647 934 2680 quod

151 2688 203 2716 nec
221 2680 333 2716 Francis
347 2688 396 2708 nec
405 2680 508 2707 Grai-cis
522 2681 633 2708 omnino
644 2685 781 2716 parerent,
797 2681 843 2707 sed
859 2686 937 2716 gente

152 2715 241 2742 Graeci
261 2724 293 2742 ac
307 2715 544 2750 Constantinopvli
559 2717 624 2747 nati,
656 2715 712 2742 ruri
729 2715 868 2749 degentes
886 2724 935 2743 sua

152 2750 275 2777 colerent
287 2751 396 2784 pra:dia,
414 2752 451 2777 nti
467 2751 556 2777 innuit
569 2750 798 2784 idemGregoras:
812 2750 851 2777 sic
862 2751 935 2778 enim

155 2785 327 2819 appellantur
340 2794 353 2812 a
374 2786 540 2819 l’achymere
557 2786 602 2812 lib.
631 2794 661 2816 ll,
683 2792 742 2818 cap.
761 2785 802 2816 M,
834 2785 876 2818 16,
892 2787 934 2813 17.

153 2820 314 2855 Anonymus
327 2829 376 2848 ius.
391 2821 427 2848 Ue
440 2821 511 2848 bellis
527 2820 689 2848 Erant-orum
702 2821 728 2846 in
736 2821 841 2847 Morea:
853 2821 935 2853 ’Ἐνας

992 2646 1218 2686 λαὺςὶᾀκέφαλος,
1234 2647 1280 2682 ὅλη
1299 2647 1497 2686 θεληματάρος.
1515 2645 1636 2686 ΒιυςὶΑΝϐ..

1028 2681 1084 2716 (62)
1104 2679 1280 2715 Oetingentos'
1292 2679 1422 2709 duntaxat
1437 2681 1517 2708 fuisse
1533 2680 1600 2716 infra
1611 2679 1660 2707 ait.
1669 2679 1773 2708 Phran-

991 2725 1042 2755 zes‘
1058 2717 1104 2744 lib.
1121 2725 1144 2755 1-,.
1157 2725 1222 2755 cap._
1233 2718 1260 2755 4ἓ
1273 2717 1380 2755 equites
1397 2716 1507 2744 circiter
1521 2715 1696 2755 octingentos
1708 2722 1772 2755 gum

1009 2753 1070 2780 lubt)
1085 2750 1204 2786 peditum
1216 2750 1342 2779 habuisse
1355 2750 1692 2786 Strategopulumiscribit.
1708 2750 1775 2778 Vide

1009 2760 1070 2780 IUDO
1085 2760 1204 2786 pealtum
1216 2760 1342 2779 nanursse
1355 2760 1574 2786 atrategopuutm
1587 2760 1692 2777 SCl'lUll.

990 2760 1062 2815 Ξιίδι.
1075 2787 1318 2822 Franco-Byzaut.,
1335 2787 1381 2814 lib.
1397 2795 1422 2818 ν,
1437 2794 1498 2821 cap.
1517 2786 1561 2813 24.
1579 2785 1693 2813 Ducam.
