1913 3073
82 174 135 208 465

209 172 247 209 [Α.
267 180 291 200 c.
314 171 380 199 128-3
400 180 433 198 AD
457 170 535 207 [328]
575 174 642 203 BYZ
653 171 797 203 \NTINJﬁ
818 169 1012 200 HISTORIE
1032 168 1108 197 Lm,
1130 163 1214 197 V111:
1251 162 1318 199 [una
1341 167 1481 188 ANDRONIC.
1513 159 1583 194 seat]

1664 159 1717 191 466

84 242 127 260 σιν
141 233 266 260 ἀνάλωσε
282 234 330 269 τῆς
350 233 443 269 μονῆς.
468 233 534 267 Ἐμὲ
559 233 586 259 δὲ
615 231 888 267 προσκαλεσάμενος

945 235 1030 255 arem.
1047 227 1114 253 Nam
1130 233 1192 252 meo
1207 223 1313 251 dicendi
1326 229 1425 257 genere
1438 220 1585 248 admodum
1601 219 1718 246 delecta-

83 281 134 315 τὴν
151 280 313 306 τελευταίαν
328 276 412 306 αὐτοῦ
432 280 561 314 βούλησιν
577 280 606 306 ὲν
621 280 711 314 χάρτῃ
732 277 874 305 διαθέσθαι

83 326 176 360 ἠξίου.
191 325 298 361 Σςόδρα
319 327 371 360 γὰρ
389 327 445 358 τοῖς
460 327 537 360 ἐμοῖς
548 326 683 360 ἠρέσκετο
691 325 791 357 λόγοις.

121 370 160 398 Β’.
179 373 265 398 «nam
278 371 327 406 μὲν
338 369 383 398 οὖν
395 371 549 406 ἀνθρώποις
559 371 641 407 (46).)
653 372 730 406 φησὶ,
744 370 876 397 «θανάτου

85 418 246 454 μεμνῆσθαι
270 419 360 453 χρεὼν
372 419 420 445 καὶ
432 419 563 453 νήφουσιν
574 418 726 452 ὀφθαλμοῖς
743 418 793 452 τὴν
821 417 877 443 τῶν

85 464 231 499 παρόντων
241 463 461 498 καταγινώσκειν
478 464 570 498 σκιὰν,
585 464 643 495 πῶς
663 464 712 497 μὲν
736 463 781 490 τὸν
814 462 878 498 χθὲς

86 511 135 538 καὶ
157 510 293 546 πρότερον
309 510 374 538 ὄντα
390 511 486 537 κόλποι
509 511 562 546 γῆς
587 510 718 546 ἐξαίφνης
744 510 878 544 διέλαχον,

86 557 155 591 πρὶν
170 557 204 584 τὰ
218 557 288 584 οἴκοι
303 557 444 584 διαθέσθαι
456 558 528 584 κατὰ
546 557 661 592 γνώμην
680 557 728 584 καὶ
744 557 810 592 πρὶν
830 565 879 583 κα-

84 602 142 633 λῶς
157 602 301 637 διαϐλέψαι
315 602 361 629 τὸν
378 602 457 638 λόχον
470 603 518 637 τῆς
543 603 689 638 συμφορᾶς
706 610 714 618 υ
749 602 797 629 καῖ
821 602 880 634 πῶς

86 646 169 679 αὖθις
183 649 197 675 ὁ
213 648 337 684 σήμερον
346 647 453 675 οἴκοθεν
469 648 552 675 οἱονεὶ
570 648 608 684 τῷ
621 648 689 683 ἡλίῳ
712 647 780 683 τῷδε
797 656 880 674 συνα-

87 693 227 721 νατέλλων
242 693 290 720 καὶ
312 693 500 728 ἔμπομπεύων
516 695 548 728 τῇ
562 690 718 729 πανηγύρει
744 693 793 720 τοῦ
822 693 880 728 βίου

88 740 194 776 μεστὸς
213 739 376 775 ἀπεράντων
392 739 519 771 ἐλπίδων,
549 738 637 766 ἔπειτ’
662 740 690 766 ὲν
720 739 881 775 μεσημϐρίᾳ

88 787 180 821 φωτδς
201 786 314 817 σκότους
325 785 372 812 καὶ
385 785 471 820 λήθης
487 785 591 821 ὑπῆλθε
619 785 723 820 μυχοὺς
750 784 779 811 ὲν
804 786 881 820 ἀκμῇ

86 834 124 867 τῇ
141 832 262 867 ἡλικίας,
278 831 410 863 πολλάκις
425 832 474 858 καὶ
489 832 571 866 ἑορτῇ
583 831 630 857 τοῦ
651 830 810 866 προσώπου,
836 832 883 857 καὶ

88 880 124 906 ἵν’
139 880 210 906 sine)
221 879 267 905 τοῦ
283 879 389 910 πάθους
408 878 569 913 ἁνελπιστίᾳ
581 877 733 905 πολυτελεῖ.
749 877 842 912 Πολλῷ
856 877 879 904 δ’

87 925 138 952 οὖν
149 926 300 960 ἀναγκαῖον
316 925 432 952 Θανάτου
453 924 555 960 μᾶλλον
572 924 740 959 μεμνῆσθαι,
768 922 809 956 οἷς
833 925 882 951 καὶ
898 917 921 946 Β

88 973 170 1004 νόσος
181 969 227 999 οἶά
241 980 284 1003 τις
298 971 332 998 δι’
347 971 509 1006 ἀνωμαλίαν
524 979 553 997 τε
570 971 617 998 καὶ
627 970 741 1004 ἀταξίαν
754 971 803 1006 τῆς
817 970 884 1006 ὕλης

90 1018 311 1052 συμπέπτωκεν,
335 1014 378 1049 αἷς
398 1017 510 1049 πολλαῖς
524 1025 554 1043 τε
569 1017 617 1044 καὶ
635 1017 773 1048 ποικίλαις
788 1017 883 1044 ἄλλοτε

90 1066 191 1095 ἄλλαις
206 1065 237 1091 τὸ
253 1058 426 1098 ἁνθρώπῆον
440 1064 577 1099 κέχρηται
594 1063 675 1098 σῶμα
702 1063 885 1098 συγχεούοαις

90 1120 122 1138 τε
145 1111 193 1138 καὶ
217 1110 386 1141 διασπώσαις
411 1110 461 1146 τὴν
488 1110 542 1137 τῶν
557 1110 715 1145 συνδέσμων
744 1111 885 1144 στοιχείων

91 1156 286 1191 ἀλληλουχίαν.
304 1152 385 1183 Οὗτοι
400 1156 454 1191 γὰρ
476 1156 528 1191 ἤδη
543 1156 656 1190 μονονοὺ
683 1155 787 1190 θατέρᾳ
813 1155 887 1190 χειρὶ

90 1204 143 1238 τὴν
157 1202 204 1230 τοῦ
216 1203 334 1230 Θανάτου
359 1201 490 1229 κόπτουσι
507 1202 593 1238 θύραν
606 1202 703 1232 καὶτὸ
729 1203 809 1229 πλέον
836 1202 887 1236 τῆς

92 1251 141 1277 τοῦ
160 1250 210 1284 ζῇν
225 1249 333 1281 ὲλπίὸος
347 1248 463 1276 κατόπιν
477 1248 649 1279 διαλιπόντες
673 1248 780 1283 θατέρῳ
803 1247 889 1283 βλέμ-

94 1305 162 1332 ματι
178 1296 249 1330 πρὸς
259 1296 323 1327 τοὺς
340 1295 396 1322 τῶν
415 1295 565 1330 μνημάτων
580 1295 631 1330 ἤδη
658 1294 800 1329 κρημνοὺς
831 1294 889 1320 δια-

93 1345 231 1371 κύπτουσι
248 1350 255 1357 ⁸
273 1342 379 1373 τούτοις
411 1342 493 1368 παντὶ
523 1342 618 1376 τρόπῳ
642 1341 814 1375 λυσιτεῖήσει
838 1341 888 1374 τῆς

92 1389 199 1420 οἰκείας
216 1388 360 1423 φροντίσαι
373 1389 463 1423 ψυχῆς
473 1388 521 1415 καὶ
535 1387 660 1414 ἀθάνατα
674 1396 705 1420 γε
718 1388 751 1422 τῇ
763 1387 890 1421 ἀθανάτῳ

94 1434 171 1470 πάσῃ
190 1433 294 1468 σπουδῇ
311 1433 487 1468 πορίσασθαι,
504 1434 610 1468 μήποτε
621 1433 734 1459 διπλοῦν
748 1433 793 1459 τὸν
808 1433 890 1460 θάνα-

93 1481 140 1507 τᾶν
157 1488 253 1514 σφισιν
270 1480 363 1510 αὐτοῖς
378 1479 622 1514 προξενήσωσιτόν
636 1487 665 1505 τε
692 1479 739 1505 τοῦ
763 1479 890 1513 σώματος

94 1525 142 1552 τόν
167 1535 199 1552 τε
210 1526 261 1560 τῆς
285 1525 387 1560 ψυχῆς.
414 1525 492 1559 Ἐμοὶ
519 1525 547 1551 δὲ
573 1524 637 1558 καὶ,
648 1525 766 1559 μάλιστα
780 1525 891 1552 πάντων

94 1571 172 1606 δεινῇ
194 1579 250 1597 τινι
267 1570 315 1597 καὶ
326 1569 423 1605 βαρείᾳ
435 1571 468 1605 τῇ
487 1569 558 1604 νόσῳ
583 1569 685 1604 τούμὸν
704 1570 778 1596 τουτὶ
808 1569 889 1604 σῶμα

97 1617 200 1652 μικροῦ
218 1617 319 1648 τελέως
335 1616 562 1650 ὲκδεδαπάνηται.
576 1616 659 1652 Πάνυ
672 1616 727 1650 γὰρ
739 1617 772 1643 ὲκ
784 1615 891 1651 μακροῦ
905 1615 937 1634 (Γ

95 1663 241 1697 πᾶνδημός
264 1671 306 1694 τις
335 1661 575 1708 ὲπιστρριτεύσασά
608 1670 654 1696 μοι
682 1662 891 1696 παλινοστήσειν

96 1706 285 1740 οὺκέτάὖθις
297 1706 468 1744 βεϐούληται,
496 1708 554 1735 ἀλλ’
582 1707 797 1742 ὲμπεφώλευκεν
829 1708 891 1734 ἐσά-

97 1764 164 1786 παν,
183 1754 280 1790 ὥσπερ
301 1756 363 1781 τινὰ
393 1755 492 1790 ἑαυτῆς
505 1754 594 1780 οἰκίαν
620 1754 812 1788 κατειληφυῖα,
846 1754 894 1780 καὶ

98 1801 254 1828 διετέλεσεν
271 1800 347 1827 ἐσαεὶ
363 1800 413 1834 τὴν
427 1800 477 1834 μὲν
497 1800 566 1835 ἐμὴν
584 1799 631 1826 τοῦ
650 1798 782 1833 ’σώματος
799 1798 893 1825 οὐσίαν

98 1848 183 1884 οίρνεί
198 1856 242 1879 τις
260 1847 409 1882 ἐκμυζῶσα
428 1846 535 1881 βδέλλα,
554 1846 605 1882 τὴν
632 1845 655 1872 δ’
669 1843 703 1872 αὖ
732 1845 892 1881 περιουσίαν

100 1893 258 1930 ὑφαιροῦσα
276 1902 326 1928 μου
341 1893 412 1920 κατὰ
438 1892 536 1928 μικρὸν
551 1892 660 1927 διδύμῃ,
683 1891 714 1918 τὺ
737 1891 894 1926 λεγόμενον,

100 1941 174 1976 χειρὶ
183 1940 241 1966 ’καὶ
259 1941 315 1971 τοῖς
337 1938 393 1966 τῶν
412 1939 513 1974 ίατρῶν
533 1938 645 1969 κόλποις
674 1937 893 1973 ὲπισωρεύουσα,

100 1987 231 2022 καθάπερ
243 1987 298 2012 τισὶ
314 1985 450 2021 ταμιείοις
466 1983 542 2011 οὖσιν
562 1983 674 2018 ἑαυτῆς.
707 1984 784 2010 Ἐπεὶ
809 1983 831 2009 δ’
849 1981 895 2010 οὖν

99 2036 116 2069 ἡ
130 2034 198 2069 πρὸς
214 2033 301 2067 αὐτὴν
318 2032 441 2067 ἡμετέρα
456 2031 559 2066 σπουδὴ
576 2031 691 2065 μάταιος
710 2029 744 2066 ἦν
765 2032 814 2057 καὶ
833 2031 896 2058 ἀνό-

100 2088 183 2114 νητος
198 2078 286 2114 ὄχλος,
298 2079 347 2104 καὶ
365 2079 403 2110 εἰς
427 2077 482 2112 πῦρ
503 2077 542 2112 (τὸ
569 2077 615 2104 τοῦ
632 2078 725 2111 λόγου)
756 2077 894 2109 ξαίνοντες

101 2125 265 2161 ἐδοκοῦμεν,
293 2126 319 2151 τί
335 2124 368 2152 ἄν
387 2133 428 2156 τις
445 2124 643 2159 ἐκτραγῳδοίη,
660 2124 746 2150 ὁπόσα
765 2132 809 2159 μοι
825 2123 898 2151 κατὰ

67 2199 71 2205 ,
101 2173 149 2198 τὸν
166 2171 223 2207 βίον
235 2170 391 2206 ἠναντιώθη
408 2169 436 2196 ἐν
456 2178 486 2196 τε
501 2170 559 2200 τοῖς
576 2170 722 2204 βασιλείοις
740 2169 768 2195 ἐν
787 2178 817 2195 τε
841 2169 897 2200 τοῖς

102 2218 165 2245 κατ’
188 2215 262 2243 οἷκον
292 2217 465 2252 πράγμασι;
495 2215 662 2251 Συμὸέὸηκε
690 2215 746 2250 γάρ
773 2224 818 2250 μοι
846 2215 898 2242 κάν

102 2264 162 2294 τοῖς
185 2263 332 2299 βασιλείοις
358 2262 487 2297 τετάχθαι
516 2261 579 2297 ἄρτι
604 2262 658 2288 τῶν
680 2261 767 2294 λόγων
792 2262 898 2288 ὑπανα-

104 2310 224 2345 κὺψαντι
237 2312 285 2338 καὶ
302 2309 349 2336 τὸν
359 2309 461 2344 ἔφηϐον
482 2309 712 2344 παραλλάττοντι,
738 2308 784 2335 καὶ
810 2307 900 2343 τιμῶν

105 2357 183 2392 παρὰ
209 2358 266 2388 τοῖς
277 2356 428 2387 θειοτάτοις
444 2355 602 2390 βασιλεῦσιν
620 2355 753 2390 ἠξιῶσθαι
770 2354 845 2381 οὗτοι
863 2363 895 2389 γε

107 2402 268 2436 ἐλαχίστων.
290 2400 332 2437 [Ρ.
347 2400 408 2437 179]
426 2401 480 2427 Καὶ
495 2400 539 2428 ἴνα
552 2401 601 2427 τάν
617 2402 694 2435 μέσῳ
705 2400 897 2436 παρέλθωμεν,

106 2447 202 2482 ἐπειδὴ
216 2447 263 2473 καὶ
277 2448 291 2474 ὁ
307 2446 509 2481 πατριαρχικὸς
536 2447 611 2481 ἡμᾶς
634 2446 748 2482 ὕστερον
779 2448 897 2482 κέκληκε

107 2495 202 2528 θρόνος
222 2493 314 2528 κοὶδὴ
333 2493 380 2519 καὶ
392 2493 584 2528 προσηγάγετο
597 2493 715 2525 ἄκοντάς
737 2502 766 2519 τε
788 2494 835 2520 καὶ
851 2494 902 2520 οὐκ

107 2540 243 2571 ἄκοντας·
262 2538 380 2570 ἄκοντας
396 2538 446 2573 μὲν
473 2538 518 2564 διὰ
544 2538 579 2565 τὺ⁷
594 2538 631 2573 μὴ
658 2539 760 2573 σφόδρα
788 2540 902 2566 ἀνεκτὸν

107 2587 156 2620 τὴς
174 2585 318 2615 ἀσθενείας
337 2584 420 2619 βάρος
441 2593 448 2600 ·
463 2585 578 2619 θάτερον
592 2585 621 2611 δὲ
636 2586 720 2611 itm?)
737 2587 785 2621 τῆς
797 2587 900 2620 ὑγιείας

108 2633 333 2668 προσδοκήσιμον
360 2633 387 2667 (ἡ
413 2632 468 2665 γὰρ
497 2632 600 2666 ταύτης
628 2633 811 2660 ὲπισαίνουσα
840 2634 901 2660 καθ’

929 274 1018 301 batur.

963 368 1045 404 290
1059 367 1097 395 dl.
1115 375 1124 392 ι
1147 365 1248 394 Omnes
1261 362 1399 394 mortales,
1418 371 1427 387 ›
1444 359 1543 395 inquit,
1556 357 1652 385 mortis
1663 363 1720 383 me-

929 417 1044 444 minisse
1072 417 1196 449 oportet,
1228 415 1255 438 et
1286 408 1385 437 sobriis
1411 407 1497 435 oeulis
1527 405 1718 434 considerare,

929 471 1010 499 quam
1033 469 1103 489 vana
1130 460 1166 488 sit
1190 457 1333 494 praesentis
1355 456 1417 483 vita:
1440 454 1554 485 umbra;
1579 455 1609 479 ut
1628 451 1650 478 is
1674 449 1720 485 qui

931 496 988 537 lieri
1019 508 1116 540 fuerit,
1138 511 1218 534 teme
1244 504 1305 532 sinu
1338 503 1486 536 derepente
1512 502 1644 532 exceptus
1668 496 1720 529 sit,

930 555 1090 602 priusquam
1103 553 1137 581 de
1154 552 1236 580 rebus
1255 548 1413 578 domesticis
1427 555 1460 574 ex
1473 545 1609 574 sententia
1625 544 1721 572 decer‘

932 591 998 629 nere
1012 607 1040 629 et
1052 600 1207 628 insidiantis
1225 596 1389 626 calamitatis
1402 595 1550 622 adventum
1564 591 1723 627 prospicere

931 652 1025 684 posset
1043 656 1050 675 :
1071 647 1136 674 item
1153 652 1184 673 ut
1206 645 1229 672 is
1243 644 1290 679 qui
1313 643 1364 670 hac
1385 641 1443 676 ipsa
1461 640 1505 668 die
1532 646 1547 666 e
1571 638 1653 665 domo
1673 643 1721 663 sua

932 682 1095 731 progressus
1123 700 1184 721 cum
1210 692 1267 719 sole
1286 688 1387 717 exoriri
1413 691 1440 715 et
1468 687 1497 714 in
1523 685 1630 713 theatro
1661 682 1723 710 vita:

933 729 1040 770 infinita
1069 748 1118 775 spe
1147 739 1245 774 plenus
1274 734 1453 764 obambulare
1482 732 1643 760 videbatur,
1662 729 1723 775 sub

934 787 1075 816 meridiem
1086 774 1191 814 deinde
1208 782 1382 811 tenebrarum
1394 783 1422 807 et
1438 777 1586 806 oblivionis
1605 774 1724 802 latebras

933 833 1058 865 subierit,
1082 831 1108 858 in
1133 830 1221 866 primo
1239 828 1306 855 flore
1332 825 1432 856 aetatis,
1447 830 1518 858 saepe
1541 827 1569 850 et
1586 822 1612 848 in
1636 819 1724 847 media

933 880 1026 908 vultus
1053 877 1220 908 festivitate,
1253 881 1316 902 cum
1347 871 1550 899 imminentium
1590 869 1723 895 malorum

935 924 1040 955 omnis,
1069 927 1099 950 ut
1122 923 1158 949 ita
1186 920 1294 952 dicam,
1324 925 1388 953 spes
1416 914 1577 950 longissime
1602 913 1724 939 abesset.

935 971 1044 1004 Quanto
1069 972 1161 996 autem
1186 965 1273 1002 magis
1289 965 1308 992 ii
1324 964 1425 991 debent
1440 961 1536 989 mortis
1557 957 1725 988 meminiSSc,

935 1017 981 1051 qui
1002 1016 1037 1044 ob
1057 1015 1184 1042 vitiosam
1201 1016 1229 1040 et
1248 1009 1439 1046 perturbatam
1464 1006 1607 1034 materiam
1625 1005 1727 1032 morbis

936 1063 1142 1093 conflictantur,
1164 1060 1210 1094 qui
1237 1058 1316 1085 multi
1341 1061 1369 1084 et
1391 1055 1459 1083 varii
1483 1059 1567 1089 atque
1592 1052 1660 1081 alias
1683 1053 1727 1080 alii

937 1111 1058 1137 humana
1086 1114 1201 1142 corpora
1225 1104 1360 1135 afﬁciunt,
1380 1103 1515 1130 elementa
1544 1101 1726 1132 confundunt,

937 1159 965 1182 et
985 1146 1077 1190 aptam
1099 1160 1195 1180 eorum
1221 1157 1382 1185 compagem
1404 1147 1580 1176 dissolvunt?
1600 1146 1632 1174 lli
1653 1146 1727 1173 enim

939 1207 1044 1231 tantum
1079 1208 1133 1227 non
1170 1199 1256 1226 altera
1280 1204 1362 1223 manu
1385 1195 1459 1222 fores
1478 1194 1573 1222 mortis
1596 1194 1727 1228 pulsant;

939 1249 967 1276 hi
983 1248 1048 1276 vitre
1072 1254 1149 1281 spem
1172 1245 1290 1271 maxima
1309 1250 1343 1270 ex
1365 1246 1441 1276 parte
1464 1246 1538 1268 retro
1558 1241 1729 1275 abjccnrunt.

939 1300 967 1323 et
996 1295 1111 1322 alterum
1137 1293 1193 1327 jam
1218 1291 1327 1319 oculum
1351 1289 1384 1316 ad
1413 1291 1466 1316 ima
1500 1287 1597 1314 tumuli
1638 1286 1732 1320 pra‘ci-

940 1342 1005 1377 pitia
1030 1341 1187 1368 intendunt.
1217 1339 1263 1366 llis
1288 1345 1403 1374 prorsus
1426 1334 1544 1371 expedit,
1567 1332 1652 1360 animi
1681 1340 1731 1359 eu-

939 1396 999 1416 ram
1030 1387 1184 1422 suscipere,
1215 1386 1306 1420 eique,
1331 1392 1393 1412 cum
1412 1383 1448 1411 sit
1465 1379 1636 1412 immortalis,
1661 1379 1731 1406 bona

940 1434 1105 1463 immortalia
1123 1432 1198 1460 omni
1217 1431 1309 1460 studio
1331 1431 1486 1466 providere,
1502 1436 1538 1456 ne
1554 1431 1623 1458 forte
1643 1428 1733 1463 dupli-

941 1489 1000 1510 cem
1025 1480 1077 1508 sibi
1099 1484 1215 1507 mortem
1232 1483 1386 1510 arcessant,
1402 1483 1430 1505 et
1449 1485 1595 1512 corporum
1621 1481 1650 1504 et
1671 1477 1732 1504 ani-

943 1535 1059 1555 morum.
1075 1526 1140 1553 lllihi
1154 1533 1218 1553 vero
1232 1529 1308 1552 tanto
1329 1524 1416 1560 magis
1430 1524 1483 1551 hoc
1496 1531 1577 1559 quam
1598 1523 1661 1550 aliis
1675 1530 1733 1550 om-

943 1574 1025 1601 nibus
1056 1573 1212 1600 faciendum
1250 1575 1307 1605 est,
1340 1577 1444 1607 quanto
1478 1571 1603 1607 graviore
1639 1570 1733 1597 morbo

943 1623 1031 1658 totum
1056 1617 1112 1645 fere
1127 1625 1229 1652 corpus
1256 1624 1346 1644 meum
1366 1621 1409 1644 est
1432 1621 1638 1650 consumptum.
1665 1615 1734 1642 Nam

943 1663 988 1691 hic
1005 1663 1117 1690 morbus
1137 1667 1284 1698 postquam
1298 1662 1383 1689 semel
1403 1666 1458 1688 tota
1473 1661 1499 1689 vi
1513 1661 1540 1688 in
1559 1668 1602 1688 me
1619 1660 1735 1688 infestus

945 1710 1036 1741 irruit,
1061 1709 1140 1743 291
1159 1709 1247 1736 noluit
1270 1715 1304 1735 ex
1324 1716 1357 1735 eo
1373 1708 1473 1735 deinde
1489 1715 1504 1735 a
1519 1715 1563 1735 me
1582 1708 1734 1739 discedere.

944 1757 992 1784 sed
1010 1760 1141 1791 perpetuo
1158 1755 1185 1782 in
1200 1755 1388 1790 penetralibus
1405 1755 1473 1782 meis
1494 1754 1619 1782 habitare
1634 1755 1735 1788 persti-

947 1803 989 1834 tit,
1004 1803 1081 1837 quasi
1098 1810 1158 1829 eam
1170 1801 1219 1829 sibi
1237 1801 1349 1843 domum
1363 1801 1501 1836 propriam
1518 1805 1616 1827 nactus
1633 1805 1707 1827 esset
1727 1809 1734 1826 :

945 1856 1036 1883 neque
1062 1855 1182 1883 unquam
1199 1847 1322 1882 corporis
1347 1846 1400 1874 mei
1425 1854 1536 1874 succum
1557 1845 1692 1873 hirudinis
1709 1845 1734 1872 in

946 1902 1049 1921 morem
1062 1901 1195 1928 exsugere
1210 1893 1328 1926 destitit,
1343 1897 1371 1920 et
1393 1900 1450 1920 rem
1469 1892 1631 1919 familiarem
1649 1899 1736 1918 meam

947 1941 1078 1976 paulatim
1100 1941 1270 1968 deminutam
1287 1939 1430 1972 ambabus,
1448 1943 1477 1966 ut
1500 1940 1587 1971 aiunt,
1612 1938 1737 1965 manibus

947 1994 1106 2021 congerere.
1132 1993 1159 2013 et
1183 1986 1209 2012 in
1230 1985 1321 2013 sinum
1345 1985 1511 2012 medicorum
1528 1985 1612 2011 Vclllll
1628 1985 1654 2010 in
1679 1985 1738 2010 tho-

947 2040 1045 2061 sauros
1058 2040 1122 2060 suos
1145 2031 1280 2059 conferre.
1301 2032 1368 2059 Cum
1385 2035 1476 2058 autem
1496 2036 1590 2058 noster
1606 2031 1740 2058 adversus

949 2079 1025 2106 illum
1039 2085 1155 2107 conatus
1176 2077 1266 2105 inanis
1281 2083 1309 2105 et
1324 2077 1419 2104 irritus
1434 2076 1528 2110 fuerit,
1552 2081 1590 2110 et,
1608 2082 1637 2104 ut
1653 2077 1740 2104 fertur

950 2124 1103 2160 proverbio,
1129 2124 1218 2159 ignem
1241 2123 1346 2150 caedere
1360 2123 1495 2150 hactenus
1510 2124 1662 2154 visus-sim,
1675 2123 1741 2157 quid

948 2172 1012 2200 vitae
1030 2179 1096 2198 mere
1113 2170 1296 2198 adversitates
1320 2174 1373 2196 tam
1390 2169 1576 2204 imperatoriis
1591 2178 1672 2204 quam
1693 2171 1742 2196 do-

949 2217 1072 2246 mesticis
1092 2218 1118 2243 in
1134 2218 1215 2244 rebus
1229 2216 1461 2243 commemorem?
1485 2215 1531 2244 Sic
1543 2218 1615 2243 enim
1631 2217 1741 2249 accidit,

950 2269 980 2292 ut
1002 2263 1101 2291 studiis
1121 2264 1275 2291 litterarum
1292 2263 1336 2289 vix
1352 2262 1510 2294 defunctus,
1526 2270 1587 2289 cum
1609 2270 1640 2289 ex
1657 2263 1739 2296 ephe-

953 2310 995 2338 bis
1009 2310 1182 2341 excederem,
1202 2309 1228 2336 in
1246 2308 1336 2335 aulam
1358 2312 1485 2343 receptus
1506 2308 1569 2340 sim,
1590 2312 1617 2335 et
1631 2316 1647 2335 a
1671 2307 1742 2336 divis

954 2357 1164 2391 imperatoribus
1192 2356 1312 2383 honores
1335 2363 1390 2383 non
1422 2355 1550 2382 minimos
1577 2355 1742 2390 acceperim.

952 2402 1041 2436 Atque
1055 2406 1084 2429 ut
1100 2409 1131 2428 ea
1155 2409 1215 2436 qua:
1229 2402 1448 2428 intercesserunt
1464 2401 1574 2428 silentio
1598 2406 1743 2436 praeterea-

953 2457 1025 2481 mus,
1041 2457 1102 2476 cum
1121 2449 1177 2483 ipsa
1197 2456 1305 2484 quoque
1323 2456 1374 2475 nos
1398 2447 1590 2483 patriarchalis
1611 2448 1691 2476 sedes
1710 2448 1743 2477 ad

951 2503 981 2523 se
1010 2495 1109 2523 deinde
1141 2496 1314 2525 vocavisset.
1345 2499 1428 2528 atque
1457 2494 1539 2521 etiam
1564 2494 1746 2528 pertraxisset

952 2541 1049 2575 partim
1082 2540 1218 2572 nolentes,
1245 2539 1342 2574 partim
1368 2547 1421 2566 non
1447 2541 1570 2567 nolentes
1591 2548 1598 2566 ι
1619 2541 1746 2567 nolentes

951 2588 1062 2622 quidem
1085 2588 1120 2614 ul)
1144 2586 1311 2614 infirmitatis
1333 2594 1403 2614 onus
1428 2594 1504 2620 turne
1534 2586 1708 2614 intolerabile
1736 2595 1743 2613 :

952 2633 1024 2660 haud
1052 2633 1176 2661 uolentes
1195 2633 1229 2659 ob
1249 2632 1480 2666 exspectationem
1508 2631 1636 2660 sanitatis
1665 2632 1743 2667 (nam

787 2699 953 2730 Vat-iorqu
973 2705 1066 2732 noue.

146 2763 201 2798 (56)
223 2763 362 2798 Grcgoras
381 2769 435 2789 non
456 2766 651 2790 testamentum
670 2769 761 2798 ipsum
782 2762 900 2798 patriar-

111 2799 178 2830 chae,
195 2799 243 2825 sed
260 2797 416 2826 testamenti
434 2797 597 2832 prommium
615 2797 730 2831 profert,
746 2797 826 2831 cujus
839 2804 899 2824 sese

111 2838 252 2862 auctorem
278 2831 457 2860 manifestum
470 2832 570 2867 prodit.
586 2832 699 2859 Exstant
712 2832 738 2858 in
752 2831 847 2859 codice
859 2840 901 2859 rc-

111 2870 156 2904 gio
178 2869 249 2897 5:229
266 2867 401 2904 opuscula
418 2868 483 2900 duo,
510 2867 633 2903 ejusdem
652 2868 749 2904 ferme
764 2872 792 2904 et
816 2875 899 2904 :Irgu:

113 2902 197 2932 luctui
214 2910 242 2932 et
264 2902 349 2940 styli;
372 2911 488 2938 quorum
514 2902 633 2938 primum
656 2903 829 2936 inscribitur,
846 2902 899 2929 Τιιῦ

954 2763 1125 2797 πατριάρχου
1156 2763 1243 2797 κυροῦ
1263 2761 1389 2787 Ίωὰννου
1407 2759 1453 2786 τοῦ
1472 2759 1589 2797 Pignera;
1646 2759 1746 2797 παραί-

953 2795 1030 2833 τησις
1058 2795 1106 2824 τοῦ
1132 2795 1342 2833 πατριαρχελίου,
1356 2797 1489 2833 alterum,
1508 2795 1563 2833 Ὶξοςῖρ
1581 2795 1666 2833 αυτοῦ
1691 2803 1744 2821 τια-

953 2830 1086 2895 ’ὖριάρχου
1111 2830 1315 2868 ὑπομνηστικὸν
1338 2832 1378 2864 είς
1393 2832 1437 2857 τὸν
1458 2830 1571 2867 βασιλέα
1593 2831 1639 2856 τὶν
1654 2830 1743 2864 ἅγιον..

976 2877 1058 2895 (ιινικ.

976 2877 1058 2895 (ιινικ.
