1913 3073
111 157 168 189 5θὸ

239 154 277 190 [Α.
299 161 324 182 c.
347 153 415 181 1282
434 162 469 181 an
490 153 570 190 1328]
609 156 832 187 ΒΥΖΑΝΤΙΝᾸΞ
852 155 908 185 Illi

959 156 1045 186 nua;
1065 156 1137 187 LIB,
1159 156 1239 186 ΗΠ,
1290 153 1355 189 fma.
1378 161 1516 181 Ακυιιοιιιο.
1539 153 1617 182 smmi

1684 156 1735 187 506

113 215 185 250 μετὰ
199 215 285 249 λήθης
297 213 417 250 τοῦνομα
427 214 563 246 κείσεται,
576 215 703 250 καθάπερ
711 215 735 242 οἳ
753 214 843 249 χωλὴν
854 212 902 240 τοῦ

959 213 1000 241 nis
1023 213 1150 240 Socrates
1174 219 1202 242 et
1227 214 1364 241 Platones.
1382 215 1495 248 Aperito
1511 215 1611 242 mentis
1636 221 1735 243 nostrae

111 263 173 297 βίου
186 261 260 296 ζωὴν
274 260 414 291 ὲδάδισαν.
429 261 443 287 ὃ
459 269 527 296 φησι
541 261 652 288 Πλάτων
664 270 672 278 σ
690 260 779 296 κῆρυξ
793 260 815 287 δ’
827 261 856 292 ὲς
867 259 901 286 τὰ

113 307 226 343 μάλισθ’
237 307 335 333 ἑαυτοῦ
348 307 442 342 σχεδὸν
459 307 505 333 ἐπὶ
521 307 608 342 μέσης
623 307 732 340 ἑστήξει
748 306 798 340 τῆς
812 306 902 332 οἰκου-

113 354 210 390 μένης,
228 353 274 380 καὶ
286 352 325 388 τῷ
342 353 441 388 μακρῷ
463 353 551 388 χρόνῳ
576 354 646 387 μετὰ
670 353 901 387 φαρμακευούσης

112 399 309 434 ἑμπομπεύσει
331 399 382 433 τῆς
396 397 522 434 ¹ήδονῆς·
542 400 590 426 καὶ
616 400 652 434 μὴ
669 401 710 426 ὅτι
732 408 764 433 γε
792 400 902 434 μνήμης

112 446 263 478 ἀξιώσεται
277 446 327 480 τῆς
344 446 388 472 διὰ
400 447 450 480 γῆς
466 446 645 481 πλανωμένης
665 447 711 472 καὶ
725 447 903 480 προσκαίροις

113 492 211 523 ἀκοαῖς
224 491 254 518 τὸ
271 491 344 525 ίχνος
359 491 528 526 ὲρειδούσης,
545 492 612 518 ἀλλὰ
625 493 754 526 κάκείνης
769 493 801 526 γέ
813 501 865 524 τοι,
885 493 902 528 ἢ

113 537 164 565 καὶ
180 539 262 564 αὐτὸν
278 537 423 572 ἄνθρωπον
437 539 555 572 παραθεῖ
570 538 617 565 καὶ
632 539 662 565 τὺ
682 539 814 574 παράπαν
832 539 903 572 ἀκή.

116 592 200 619 ρατος
214 585 259 610 ἀεὶ
270 583 450 618 διαγίγνεται.
468 585 535 617 Ἀγε
550 584 582 618 δὴ
603 583 648 611 οὖν
663 585 724 618 ἆγε,
740 584 793 611 τῶν
808 585 853 617 ὑφ’
873 585 904 618 ἡ-

114 629 165 664 λίῳ
179 630 323 664 σοφώτατε
336 638 343 645 ·
357 630 472 665 μετάδος
495 630 542 656 τοῦ
560 630 608 656 σοῦ
628 631 731 665 κόσμου
749 632 782 665 τῇ
805 630 905 665 θρεψα-

117 677 199 712 μένῃ,
217 677 344 711 καθάπερ
360 677 515 711 Λυκοῦργοι
531 677 579 704 καὶ
596 677 715 708 Σόλωνες
726 686 733 694 ·
748 677 864 711 τίμησον
875 677 905 703 τὸ

113 722 261 757 διαϐόητον
277 723 345 749 ἄστυ
362 723 449 753 τουτὶ,
466 723 593 757 καθάπερ
615 723 664 757 τὴν
684 723 835 758 Ἀθηναίων
854 723 906 749 πά-

114 769 161 795 λαι
175 769 333 804 Σωκράτεις
350 770 397 795 καὶ
412 769 566 801 Πλάτωνες.
581 769 703 801 Ἂνοιξον
720 770 800 806 ἡμῶν
816 770 847 796 τὸ
857 770 904 796 τοῦ

114 815 162 841 νοῦ
177 815 313 849 βλέφαρον
325 824 333 831 ’
349 815 436 848 δεῖξον
451 816 647 850 ἐναργέστερον
660 817 702 847 τίς
715 816 729 841 ὁ
744 816 789 842 τοῦ
805 816 905 847 παντὸς

114 861 259 897 ἁρμοστὴς
276 862 322 888 καὶ
340 862 404 888 ποία
420 862 479 888 ποθ’
496 862 625 897 ὴτούτων
638 863 824 897 παναρμόνιος
841 863 903 888 σύν·
919 880 941 908 Β

112 908 211 940 ταξις·
224 907 328 939 δίδαξον
356 908 393 942 πῆ
417 908 465 937 τὰς
493 908 582 939 αἰτίας
609 909 701 935 θετέον
714 909 760 935 τοῦ
776 909 903 935 τοσούτου

112 953 238 985 δοθέντος
249 952 353 987 ἀγαθοῦ
365 961 372 968 ·
388 955 421 988 τῇ
433 954 487 981 τῶν
501 955 610 989 ἄστρων
624 955 742 989 ἀνάγκῃ,
760 954 831 981 κατὰ
843 954 906 985 τοὶς

113 997 234 1034 θύραθεν
249 998 357 1032 λόγους,
374 999 390 1034 ἢ
404 998 442 1033 τῷ
457 999 503 1026 τοῦ
519 1001 618 1030 παντὸς
634 1000 722 1034 αἰτίῳ.
748 1001 795 1027 Ἐκ
807 999 905 1028 πολλοῦ

113 1045 173 1080 γὰρ
189 1046 232 1077 ὡς
245 1045 281 1071 τὰ
306 1045 392 1072 πολλά
408 1046 616 1082 διαπορουμένῳ
633 1047 720 1078 οὐδεὶς
737 1047 842 1074 οὐδέπω
861 1056 906 1081 μοι

113 1091 179 1122 νοῦς
209 1092 366 1127 ἀπηντήκει
388 1093 438 1126 τῆς
469 1093 540 1127 ἐμῆς
570 1093 789 1128 ἁποχειροτονῶν
818 1093 906 1128 ψυχῆς

114 1137 386 1173 τάμφισα).λόμενον.
404 1137 480 1164 ’Ὢσέ
496 1139 520 1164 εί
537 1138 574 1173 μὴ
599 1139 633 1164 δι’
650 1138 715 1165 ἄλλο
730 1148 767 1169 τι,
782 1139 827 1165 διὰ
841 1140 907 1172 γοῦν

115 1182 145 1209 ἓν
164 1183 198 1216 γέ
214 1191 257 1209 τοι
271 1183 349 1210 τοῦτο
365 1183 481 1216 δίδαξον.
499 1184 555 1210 Ποῦ
571 1184 593 1210 δ’
607 1185 658 1211 οὐκ
674 1185 707 1211 ἂν
724 1185 831 1212 ἐλαύνοι
847 1193 909 1220 σχε-

115 1227 272 1262 τλιότητος,
289 1228 422 1263 οὐρανοὺς
439 1228 487 1263 μὲν
509 1228 662 1263 διηγεῖσθαι
679 1230 756 1261 δόξαν
773 1230 841 1256 Θεοῦ
856 1239 907 1256 πε-

116 1273 284 1310 ριηχοῦντας
301 1275 392 1312 πᾶσαν
403 1274 465 1309 γῆν,
483 1275 557 1309 ἡμᾶς
574 1276 602 1301 δὲ
613 1276 749 1310 κωφεύειν
760 1276 811 1302 οὐκ
828 1276 908 1302 ἐπαϊ-

115 1329 201 1352 οντας
228 1320 298 1347 ἄττα
327 1321 420 1354 φασὶν,
438 1321 496 1347 ἀλλ’
524 1321 636 1355 ἄστροις
661 1323 692 1348 τὸ
707 1323 908 1357 θρυλλούμενον

115 1365 319 1401 τεκμαίρεσθαι
332 1365 381 1401 τὴν
404 1365 507 1392 τούτων
532 1367 705 1402 ὲπιστήμηνς
724 1367 842 1394 Ἔπειτα
861 1369 908 1394 καὶ

117 1412 166 1439 τοῦ
182 1412 285 1443 παντὸς
297 1412 330 1438 ἂν
346 1412 455 1443 πάντως
471 1412 593 1439 ἐλλείποι
610 1414 647 1448 μὴ
673 1413 783 1445 ἀδικίας
805 1413 908 1448 ἔσχατα

118 1456 193 1485 εἶναι
219 1459 306 1490 τουτὶ,
323 1458 348 1484 εἰ
376 1459 446 1492 μήτε
465 1458 536 1485 κατὰ
557 1458 720 1493 Πυθαγόραν
734 1461 762 1490 ἐς
783 1460 908 1494 Ἀττικὴν

119 1505 169 1531 ἀπ’
181 1503 324 1538 Αἰγύπτου
338 1503 488 1530 διαὸαίνειν
502 1504 573 1536 δέον,
590 1505 653 1539 μήθ’
669 1505 770 1539 ὁμοίως
786 1505 907 1531 Πλάτωνι

954 259 1108 294 palpebras.
1128 259 1286 287 Evidentius
1299 260 1468 293 demonstra,
1481 260 1544 295 quis
1562 261 1597 287 sit
1610 261 1731 288 omnium

953 305 1123 337 moderator,
1150 311 1177 332 et
1193 305 1282 340 qualis
1306 313 1402 332 eorum
1420 306 1561 341 aptissima
1580 314 1734 341 compages.

954 350 1025 378 Doce
1041 359 1096 386 quo
1113 359 1201 378 cauete
1211 352 1384 379 conferendae
1400 353 1456 379 sint
1471 352 1551 380 nobis
1569 354 1635 379 tanti
1652 353 1734 379 boni:

954 397 1088 431 numquid
1112 397 1145 424 ad
1169 397 1361 424 necessitatem
1385 402 1540 429 astrorum,
1570 402 1599 424 ut
1627 398 1735 432 profani

955 444 1077 473 tradunt,
1094 447 1141 468 aut
1154 442 1187 468 ad
1205 442 1394 469 universitatis
1410 447 1561 482 auctorem.
1580 444 1637 475 Qua
1652 444 1686 470 de
1706 452 1735 471 re

954 493 1016 513 cum
1031 486 1113 521 longo
1125 492 1248 522 tempore
1267 495 1368 523 anceps
1380 488 1542 521 haesitarim,
1555 497 1635 516 nemo
1647 490 1737 517 adhuc

954 532 1134 567 contigit,qui
1155 534 1314 568 scrupulum
1329 535 1402 561 hunc
1418 535 1510 562 animo
1526 543 1586 562 meo
1595 537 1737 564 eximeret.

955 575 1044 608 Quare
1063 576 1085 603 si
1106 585 1160 604 non
1183 577 1218 604 ob
1231 578 1316 610 aliud,
1332 579 1374 606 vel
1390 584 1502 614 propter
1517 580 1570 607 boc
1588 588 1671 607 unum
1688 581 1737 608 do-

955 627 1026 649 ceto.
1051 622 1120 655 Quid
1144 631 1209 650 vero
1227 625 1355 651 miserius
1381 625 1438 652 ﬁeri
1462 630 1555 659 queat,
1572 634 1653 660 quam
1675 634 1738 654 cum

955 667 1018 694 cadi
1042 667 1089 694 Dei
1103 668 1216 702 gloriam
1232 674 1362 696 enat-rent
1383 677 1492 697 onmem
1507 676 1609 698 terram
1621 672 1740 699 circum-

957 718 1098 745 sonantes,
1112 722 1162 741 nos
1177 715 1333 742 surdastros
1348 724 1403 742 non
1416 718 1546 743 exaudire
1559 718 1624 752 quid
1637 718 1738 750 dicant,

956 759 1003 786 sed
1028 760 1112 786 astris
1137 761 1179 794 (ut
1204 760 1285 796 vulgo
1308 761 1438 797 jactalur)
1461 763 1570 790 illorum
1596 764 1739 791 scientiam

956 805 1122 839 ponderare,
1136 805 1164 832 id
1187 811 1239 839 est,
1262 807 1316 833 levi
1341 808 1497 842 conjectura
1521 813 1625 835 tantum
1644 810 1742 836 intelli-

957 850 1043 885 gere“!
1062 850 1130 877 illud
1154 859 1220 878 vero
1234 849 1364 880 extrema:
1385 854 1539 887 iniquitatis
1558 854 1650 887 fuerit,
1677 863 1739 882 eum

957 905 1008 924 nec
1025 902 1054 924 ut
1072 898 1228 933 Pythagorae
1243 905 1276 925 ex
1297 898 1413 933 {Egypto
1429 899 1456 926 in
1472 900 1587 927 Atticam
1613 902 1742 936 navigan-

957 943 1034 974 dum.
1053 951 1104 970 nec
1126 949 1155 970 ut
1174 944 1281 971 Platoni
1311 952 1385 972 mare
1412 945 1518 972 Ionium
1543 947 1624 981 326
1643 948 1743 982 smpius

958 990 1160 1025 trajiciendum,
1178 996 1204 1017 et
1220 999 1252 1017 ex
1269 991 1357 1018 Attica
1375 992 1401 1018 in
1423 993 1542 1019 Siciliam
1560 994 1593 1020 ad
1613 999 1743 1028 tyrannos

958 1036 1196 1068 proliciscendum,
1211 1041 1293 1071 atque
1311 1037 1373 1064 inde
1390 1039 1415 1064 in
1431 1038 1593 1066 Academias
1606 1044 1632 1066 et
1644 1040 1744 1066 ambu-

957 1082 1030 1110 iacra
1046 1083 1218 1110 redeundum
1233 1083 1281 1110 tibi
1299 1084 1345 1115 sit,
1360 1089 1388 1110 ut
1401 1085 1509 1119 publice
1521 1087 1650 1113 virtutem
1666 1094 1744 1121 spar-

957 1136 1005 1162 gas
1022 1136 1028 1154 :
1051 1126 1097 1155 sed
1120 1136 1169 1162 pro
1187 1128 1276 1163 Lyceo
1286 1133 1314 1155 et
1325 1128 1389 1156 Stoa
1405 1130 1432 1156 in
1448 1131 1589 1157 consuetis
1604 1132 1662 1158 tuis
1675 1132 1743 1159 aedi-

959 1173 1011 1200 bus
1026 1174 1154 1200 virtutem
1173 1179 1245 1200 tuam
1261 1174 1288 1200 iu
1306 1177 1392 1200 totum
1414 1179 1547 1201 terrarum
1567 1176 1663 1202 orbem
1682 1184 1745 1210 pro-

959 1227 1059 1254 pagare
1076 1227 1178 1254 queas:
1196 1220 1301 1254 aliquid
1320 1220 1393 1246 aliud
1415 1220 1512 1254 majori
1527 1221 1577 1247 tibi
1595 1228 1668 1248 curae
1682 1229 1744 1249 esse

959 1266 1043 1295 sinas.
1052 1271 1080 1292 et
1093 1266 1214 1300 linguam
1226 1271 1298 1293 tuam
1315 1266 1557 1301 incomparabilem
1569 1267 1745 1295 obsolescere

959 1310 1071 1337 silentio
1098 1311 1219 1344 patiaris.
1250 1310 1309 1337 Jam
1337 1311 1404 1337 illud
1439 1318 1549 1344 quoque
1576 1310 1745 1342 videndum,

959 1364 1042 1390 quam
1059 1357 1243 1382 inconstantia
1264 1360 1292 1382 et
1309 1356 1416 1382 incerta
1433 1357 1489 1384 sint
1510 1357 1601 1383 omnia
1617 1365 1623 1383 :
1640 1362 1669 1383 ut
1689 1358 1746 1383 for-

961 1408 1034 1430 tuna;
1053 1403 1173 1430 insultas
1199 1402 1268 1429 nihil
1285 1410 1346 1429 esse
1364 1403 1527 1429 diuturnum
1544 1403 1633 1430 sinat:
1651 1408 1681 1430 ut
1697 1404 1743 1430 alii

959 1449 1060 1481 serius,
1074 1449 1151 1476 ocius
1176 1449 1234 1480 alii,
1259 1450 1340 1476 rebus
1355 1449 1484 1476 omnibus
1508 1450 1623 1482 relictis,
1646 1455 1745 1485 praeter

960 1497 1202 1530 exspectationem,
1226 1496 1254 1523 in
1279 1501 1400 1527 noctem,
1417 1497 1443 1522 iu
1470 1497 1609 1529 tenebras,
1627 1497 1653 1522 in
1673 1497 1746 1524 obl...

118 1549 255 1581 πολλάκις
278 1549 402 1576 διαπλεῖν
421 1549 468 1576 τὸν
485 1548 575 1576 Ἰόνιον
595 1551 648 1577 κὰκ
663 1550 711 1585 τῆς
737 1550 862 1585 Ἀττικῆς
879 1551 907 1581 ἐς

962 1543 1082 1575 vioncm,
1106 1542 1132 1568 iu
1156 1547 1272 1569 mortem
1291 1541 1446 1576 praecipites
1470 1547 1563 1570 ruant.
1587 1542 1646 1577 ipsa
1665 1550 1747 1577 porro

119 1597 260 1629 Σικελίαν,
276 1596 323 1623 καὶ
334 1597 481 1631 τυράννους
499 1596 577 1629 ἰέναι,
594 1597 721 1623 κάκεῖθεν
730 1596 808 1628 αὖθις
822 1599 849 1627 ἐς
868 1598 910 1623 ’Δ-

119 1642 260 1677 καδημίας
289 1642 336 1668 καὶ
365 1643 535 1678 περιπάτους
563 1643 716 1673 ἐπανιέναι,
736 1642 769 1669 ἵν’
796 1642 867 1668 οὕτω
884 1642 910 1675 γ’

118 1690 195 1724 ἐξείη
227 1689 332 1723 διαχεῖν
349 1689 379 1715 ὲν
394 1688 476 1723 κοινῷ
502 1688 551 1723 τὴν
569 1688 680 1723 ἀρετὴν,
701 1688 760 1715 ἀλλ’
783 1689 844 1714 ἀντὶ
857 1688 910 1727 Au-

120 1735 199 1762 κείου
215 1734 264 1760 καὶ
279 1733 365 1764 Στοᾶς
376 1735 409 1769 τῇ
431 1733 543 1769 συνήθει
558 1733 701 1769 χρώμενον
722 1733 800 1768 ἑστίᾳ
814 1733 911 1766 κόσμῳ

120 1780 204 1806 ’παντὶ
218 1780 415 1814 παραπέμπειν
426 1780 476 1815 τὴν
490 1780 599 1814 ἀρετὴν.
616 1779 706 1806 ἕπεθ’
731 1779 760 1806 ἓν
775 1779 806 1812 γέ
818 1788 843 1805 τι
856 1778 911 1804 τῶν

120 1826 253 1854 ἁπάντων
273 1826 434 1861 προτιμῴης
450 1826 545 1860 ἓτερον
562 1826 608 1852 καὶ
628 1826 755 1861 ῥᾳστώνῃ
770 1825 848 1859 διδῷς
864 1833 911 1850 σου

119 1873 172 1909 τὴν
188 1873 238 1900 τοῦ
268 1873 370 1900 παντὸς
399 1872 477 1905 ἀξίαν
503 1872 638 1906 γλῶτταν,
662 1872 746 1907 Ὀρᾷν
771 1871 799 1898 δὲ
824 1871 910 1906 δήπου

120 1916 212 1952 χρεὼν
239 1917 287 1943 καὶ
310 1917 361 1951 ὅση
378 1918 435 1947 τοῖς
463 1917 626 1951 πράγμασιν
652 1915 769 1942 ἀπιστία
803 1924 833 1942 τε
866 1916 910 1941 καὶ

121 1963 299 1998 πλημμέλεια
326 1963 524 1997 περικέχυται,
542 1963 590 1988 καὶ
618 1952 741 1993 ὅπωςκαί
757 1962 807 1996 τῆς
826 1962 913 1996 τύχης

121 2009 268 2036 ἐπιϐουλαὶ
287 2009 378 2044 μένειν
391 2009 468 2036 οὐδὲν
483 2009 538 2036 τῶν
550 2008 659 2035 πάντων
676 2008 757 2035 ἐῶσιν
775 2009 817 2043 ἐφ’
833 2009 894 2039 ἑνός
904 2016 911 2023 ·

122 2055 182 2082 ἀλλ’
193 2054 334 2090 ἄνθρωποι
348 2054 408 2089 μὲν,
421 2055 445 2080 οἱ
460 2053 509 2088 μὲν
524 2054 552 2080 ἐν
568 2054 728 2088 μεσημϐρίᾳ
741 2053 841 2087 φωτὸς,
853 2053 915 2079 σκό-

122 2110 186 2133 τους
196 2101 244 2128 καὶ
255 2100 340 2136 λήθης
354 2101 449 2127 ὕπίασι
463 2099 575 2135 μυχούς·
585 2098 626 2135 [Ρ.
639 2093 736 2135 201]ο“ἱ
748 2099 770 2125 δ’
785 2099 815 2131 ἐξ
829 2099 913 2125 ὕπνου

125 2148 174 2176 καὶ
188 2148 286 2179 νυκτὸς
305 2148 344 2178 εις
359 2147 460 2178 ὕπνους
470 2148 516 2173 καὶ
527 2145 627 2177 νύκτας
637 2145 770 2180 διηνεκεῖς
783 2145 915 2180 μεταδαί-

124 2203 216 2227 νουσι,
233 2194 326 2225 πάσας
340 2193 486 2228 φροντίδας
503 2192 620 2220 κατόπιν
636 2192 914 2227 διαλιμπάνοντες.ἰῐ

961 1588 1095 1623 sapientia
1122 1596 1233 1622 quoque
1263 1589 1391 1622 migravit
1415 1589 1533 1622 sapius;
1554 1590 1634 1623 cujus
1658 1590 1748 1624 primo

962 1634 1133 1660 domicilium
1156 1633 1289 1669 Egyptus
1315 1634 1399 1661 fuisse
1428 1635 1600 1669 perhibetur.
1626 1636 1692 1663 Inde
1713 1637 1747 1663 ad

963 1680 1061 1706 Persas
1073 1679 1251 1706 ethaldteos
1265 1680 1390 1707 transiit:
1404 1685 1466 1714 post
1480 1681 1553 1714 apud
1565 1682 1750 1709 Atheuienses

962 1725 1094 1752 divertit:
1112 1730 1195 1758 atque
1222 1725 1297 1752 illinc
1323 1726 1406 1752 etiam
1431 1726 1539 1752 tandem
1558 1728 1701 1754 avolavit:
1722 1734 1750 1755 et

963 1780 1037 1798 nunc
1065 1772 1139 1798 velut
1163 1771 1271 1798 avicula
1292 1772 1357 1799 nido
1385 1773 1529 1799 exturbata
1557 1773 1640 1807 longo
1665 1775 1748 1800 etiam

964 1824 1086 1853 tempore
1103 1819 1218 1845 incertis
1234 1819 1348 1846 sedibus
1361 1825 1475 1854 vagatur
1496 1825 1523 1846 et
1538 1821 1660 1848 oberrat.
1677 1821 1748 1848 Fieri

963 1870 1053 1891 autem
1070 1869 1171 1898 polest,
1185 1870 1214 1891 ut
1229 1869 1277 1891 aut
1291 1865 1364 1900 apud
1381 1873 1431 1893 nos
1449 1865 1533 1893 ﬁnitis
1545 1867 1699 1898 erroribus,
1722 1868 1746 1894 si

964 1910 1013 1938 tibi
1037 1910 1072 1936 ita
1095 1910 1183 1936 visum
1217 1910 1310 1942 fuerit,
1327 1911 1495 1938 domicilium
1521 1914 1679 1945 constituat,
1703 1918 1752 1940 aut

964 1963 1079 1990 prorsus
1097 1955 1123 1981 in
1142 1955 1227 1982 cmlos
1244 1956 1334 1982 abeat.
1351 1956 1390 1983 Ne
1411 1965 1475 1983 vero
1497 1958 1562 1983 mihi
1587 1965 1750 1985 succenseas

964 2009 1024 2032 oro,
1043 2005 1069 2028 te
1084 2001 1117 2028 ad
1141 2002 1202 2028 talia
1220 2001 1387 2028 exhortanti.
1406 2002 1435 2029 id
1451 2003 1523 2028 enim
1541 2003 1633 2030 dicere
1655 2011 1748 2038 cogor,

964 2054 1035 2088 quod
1053 2053 1154 2080 nullam
1169 2053 1227 2079 veri
1242 2053 1450 2081 similitudinem
1467 2054 1561 2086 habet,
1574 2055 1676 2082 incerta
1692 2063 1750 2082 mo-

965 2103 1056 2125 menta
1081 2103 1235 2132 temporum
1260 2099 1387 2126 veritus:
1415 2108 1450 2126 ne
1483 2101 1558 2127 velut
1585 2109 1617 2128 ex
1642 2101 1750 2128 occulto

966 2150 1049 2178 atque
1065 2152 1099 2171 ex
1115 2144 1224 2171 insidiis
1239 2146 1418 2179 erumpentia
1429 2151 1534 2172 tantum
1552 2147 1634 2174 nobis
1650 2148 1752 2174 bonum

966 2191 1097 2225 eripiant.
1114 2191 1193 2220 Nam.
1217 2192 1239 2217 si
1256 2196 1283 2217 ct
1306 2191 1359 2218 hoc
1381 2192 1527 2219 dicendum
1551 2198 1603 2224 est,
1623 2202 1676 2220 non
1699 2199 1753 2221 tam

123 2241 152 2268 δὲ
166 2241 249 2275 σοφία
265 2241 313 2267 καὶ
324 2240 393 2275 αὐτὴ
409 2240 520 2270 πολλαῖς
535 2240 594 2271 ταῖς
607 2239 750 2270 ἀποικίαις
766 2239 908 2274 ἐχρήσατο.

967 2242 1088 2264 nostram
1119 2238 1207 2264 vicem
1236 2237 1346 2264 solliciti
1372 2245 1572 2272 sumus,quam
1590 2240 1623 2266 de
1653 2244 1697 2266 tua
1727 2241 1752 2268 iu

124 2287 263 2322 Αἴγυπτος
277 2286 328 2322 μὲν
345 2287 399 2321 γὰρ
415 2286 511 2320 αὐτῆς,
524 2287 620 2321 φασὶν,
634 2287 651 2320 ἡ
662 2287 728 2320 πρὶν
746 2286 832 2311 ἑστία.
848 2282 914 2312 Εἶτα

124 2334 193 2369 πρὸς
214 2333 325 2367 Πέρσας
340 2332 388 2358 καὶ
402 2332 551 2363 Χαλδαίους
564 2332 651 2366 διέὄη.
669 2329 735 2357 Εῐτα
749 2331 813 2365 παρ’
833 2331 914 2365 Ἀθη-

125 2379 211 2410 ναίοις
237 2376 387 2405 κατέλυσε·
416 2377 544 2404 κάκεῖθεν
563 2377 594 2404 τὸ
619 2377 778 2403 τελευταῖον
803 2376 914 2410 ἁπέπτη

126 2424 172 2451 καὶ
186 2425 270 2450 οἱονεί
295 2431 337 2454 τις
361 2422 437 2458 ὅρνις
460 2422 510 2456 τῆς
537 2422 634 2453 καλιᾶς
649 2421 693 2455 ὑφ’
712 2421 823 2448 ὁτουοῦν
849 2422 918 2453 ἐξω-

128 2470 223 2496 σθεῑσιι
238 2469 373 2503 περίεισιν
390 2469 454 2502 ᾶρτι
465 2467 511 2494 διὰ
528 2467 636 2502 μακροῦ
653 2468 833 2501 πλανωμένη.
847 2467 915 2493 Κιν-

127 2513 232 2540 δυνεὺει
246 2513 269 2540 δ’
278 2513 325 2540 οὖν
339 2514 408 2545 τέως
425 2514 442 2549 ἤ
458 2514 523 2548 παρ’
535 2514 601 2548 ἡμῖν
619 2514 746 2540 ἐνταυθοῖ
757 2513 805 2539 τοῦ
819 2512 915 2539 λοιποῦ

967 2289 1108 2318 posterum
1133 2283 1350 2310 existimatione.
1377 2283 1457 2318 327
1485 2286 1562 2316 Quod
1588 2285 1609 2311 si
1635 2287 1755 2319 Optando

969 2334 1074 2357 tantum
1101 2329 1391 2366 proliceretur,lqunm
1407 2337 1532 2366 prompta
1559 2333 1686 2359 voluntas
1701 2338 1753 2364 est.

966 2375 1149 2402 immortalem
1173 2382 1235 2402 esse
1252 2379 1277 2401 te
1295 2376 1439 2407 vellemus,
1462 2381 1491 2403 ut
1506 2381 1530 2404 le
1545 2377 1675 2411 gaudere,
1694 2383 1754 2404 tan-

966 2430 1049 2457 quam
1069 2421 1214 2448 exccllenli
1231 2421 1372 2452 thesauro.
1391 2428 1522 2456 perpetuo
1536 2423 1642 2450 liceret.
1664 2424 1756 2450 Enim-

966 2475 1033 2494 vero
1047 2472 1124 2494 tuum
1138 2468 1193 2502 jam
1210 2466 1295 2494 fuerit
1308 2469 1466 2500 ostendere,
1483 2477 1548 2496 llum
1567 2469 1668 2496 flustra
1684 2470 1756 2496 fores

967 2513 1183 2549 pulsaverimus.
1205 2522 1214 2537 ι

129 2561 220 2595 μεῖναι
236 2561 340 2587 στᾶσαν
356 2561 406 2593 τῆς
435 2561 552 2594 πλάνης,
568 2560 594 2586 εί
617 2559 658 2586 σοί
680 2567 711 2593 γε
730 2560 773 2594 εἴη
790 2559 993 2594 δεδογμένον,ἢ
1025 2559 1124 2589 τελέως
1144 2558 1267 2592 οἴχεσθαι
1304 2558 1463 2593 δραμοῦσαν
1495 2561 1528 2586 δι’
1552 2560 1680 2595 αιθέρος’
1709 2560 1757 2586 καὶ

130 2607 166 2642 μή
196 2616 243 2642 μοι
273 2607 434 2642 ἀχθεσθοίης
459 2607 507 2632 ἐπὶ
523 2606 638 2633 τοιαῦτά
666 2615 697 2632 σε
723 2605 916 2640 παροξύνονῑι.
937 2607 1036 2639 Λέγειν
1059 2605 1113 2640 γὰρ
1143 2605 1278 2639 ἐξάγομαι
1302 2605 1349 2630 καὶ
1375 2605 1423 2631 τοῦ
1448 2607 1552 2637 amo—.0;
1587 2607 1684 2642 πόρρω
1706 2607 1757 2642 τὴν

128 2653 172 2680 τοῦ
196 2654 294 2688 χρόνου
312 2653 405 2683 δεδιὼς
423 2652 564 2685 πεττείαν,
597 2654 635 2692 μη
652 2651 747 2686 ὥσπερ
769 2651 798 2684 ἐξ
831 2651 950 2685 ἀφανοῦς
969 2659 1000 2678 τε
1016 2650 1063 2677 καὶ
1079 2650 1159 2684 λόχου
1182 2650 1295 2684 δραμὼν
1317 2649 1445 2676 τοσοῦτον
1469 2651 1551 2677 καλὸν
1567 2652 1674 2686 οἴχηται
1690 2652 1754 2678 dno-

129 2700 245 2735 κρύψας.
266 2700 299 2726 Ei.
311 2700 366 2735 γὰρ
384 2700 431 2726 καὶ
443 2699 515 2726 τοῦτ’
530 2700 617 2725 εἰπεῖν
633 2699 698 2735 χρὴ,
716 2699 766 2732 οὐχ
781 2699 847 2733 ἡμῖν
860 2698 953 2729 αὐτοῖς
969 2697 1049 2732 ἡμῶν
1070 2697 1160 2724 αὐτῶν
1196 2697 1323 2724 τοσοῦτον
1349 2699 1438 2733 μέλει,
1473 2700 1535 2725 ὅσον
1571 2699 1617 2725 καὶ
1634 2699 1684 2733 τῆς
1707 2701 1758 2734 σῆς

129 2751 169 2781 είς
186 2747 379 2784 τοῦμπροσθεν
393 2747 539 2779 εὐκλείας·
557 2747 627 2773 ὥστε
643 2748 690 2773 καὶ
720 2747 801 2781 εἴπερ
818 2745 882 2780 ἐξῆν
912 2745 1055 2779 εὐξαμένῳ
1082 2747 1175 2780 τυχεῖν
1202 2743 1240 2772 ὦν
1255 2747 1289 2773 ἂν
1314 2750 1357 2782 εἴη
1394 2747 1523 2778 ἐθέλοντι,
1555 2747 1641 2782 ἥδιστ’
1666 2747 1700 2773 ἂν
1725 2749 1759 2774 δι’

130 2795 228 2827 αίῶνός
258 2803 289 2821 σε
316 2795 365 2829 ζῇν
380 2795 518 2830 ηὐξάμην,
547 2795 581 2821 ἶν’
594 2794 635 2828 εἴη
652 2795 718 2829 ἡμῖν
732 2792 846 2829 ἥδεσθαι
873 2793 918 2819 διὰ
937 2793 1037 2824 παντὸς
1051 2793 1096 2818 ἐπὶ
1112 2794 1165 2824 σοὶ,
1182 2793 1308 2829 καθάπερ
1340 2795 1385 2821 ἐπὶ
1401 2795 1464 2828 μάλ’
1484 2796 1593 2830 εὐτυχεί
1613 2795 1756 2831 θησαυρῷ,

136 2843 218 2870 Ἀλλὰ
235 2842 292 2878 γὰρ
308 2843 354 2869 σὸν
371 2842 403 2870 ἂν
420 2843 464 2878 εἵη
488 2841 649 2870 τουντεῦθεν
664 2841 808 2875 δεικνύειν,
829 2841 853 2867 εἰ
880 2841 917 2875 μὴ
938 2839 1012 2874 παρᾶ
1028 2839 1114 2875 θύραν
1131 2839 1244 2875 ἥκουσιν
1264 2842 1343 2875 ἡμῶν
1357 2842 1383 2867 αἱ
1402 2841 1600 2877 παρακλήσεις.
1622 2852 1630 2867 ι
