  <div class='ocr_page' id='page_1' title='image "/cluster/home/n/w/nwhite01/storage/ocr_20150623/148/njp.32101077773164/282.png"; bbox 0 0 1913 3073; ppageno 0'>
   <div class='ocr_carea' id='block_1_1' title="bbox 129 134 183 167">
    <p class='ocr_par' dir='ltr' id='par_1_1' title="bbox 129 134 183 167">
     <span class='ocr_line' id='line_1_1' title="bbox 129 134 183 167; baseline -0.037 0"><span class='ocrx_word' id='word_1_1' title='bbox 129 134 183 167; x_wconf 82' lang='grc'><strong>509</strong></span> 
     </span>
    </p>
   </div>
   <div class='ocr_carea' id='block_1_2' title="bbox 258 129 922 168">
    <p class='ocr_par' dir='ltr' id='par_1_2' title="bbox 258 129 922 168">
     <span class='ocr_line' id='line_1_2' title="bbox 258 129 922 168; baseline 0.008 -9"><span class='ocrx_word' id='word_1_2' title='bbox 258 132 294 168; x_wconf 70' lang='grc' dir='ltr'><strong>[Α.</strong></span> <span class='ocrx_word' id='word_1_3' title='bbox 316 139 341 159; x_wconf 89' lang='lat' dir='ltr'><strong>c.</strong></span> <span class='ocrx_word' id='word_1_4' title='bbox 365 130 435 159; x_wconf 70' lang='grc'><strong>1282</strong></span> <span class='ocrx_word' id='word_1_5' title='bbox 454 138 485 158; x_wconf 77' lang='lat' dir='ltr'><strong>AD</strong></span> <span class='ocrx_word' id='word_1_6' title='bbox 510 129 589 166; x_wconf 71' lang='grc'><strong>1328]</strong></span> <span class='ocrx_word' id='word_1_7' title='bbox 627 132 854 163; x_wconf 70' lang='grc' dir='ltr'><strong>ΒῩΖΑΝΤΙΝᾹΞ</strong></span> <span class='ocrx_word' id='word_1_8' title='bbox 871 132 922 164; x_wconf 76' lang='lat' dir='ltr'><strong>HI:</strong></span> 
     </span>
    </p>
   </div>
   <div class='ocr_carea' id='block_1_3' title="bbox 974 129 1267 168">
    <p class='ocr_par' dir='ltr' id='par_1_3' title="bbox 974 133 1267 168">
     <span class='ocr_line' id='line_1_3' title="bbox 974 133 1267 168; baseline 0.014 -5"><span class='ocrx_word' id='word_1_9' title='bbox 974 133 1068 164; x_wconf 77' lang='lat' dir='ltr'><strong>)RUE</strong></span> <span class='ocrx_word' id='word_1_10' title='bbox 1088 135 1162 167; x_wconf 78' lang='lat' dir='ltr'><strong>LIB.</strong></span> <span class='ocrx_word' id='word_1_11' title='bbox 1183 135 1267 168; x_wconf 85' lang='lat' dir='ltr'><strong>VlII.</strong></span> 
     </span>
    </p>
   </div>
   <div class='ocr_carea' id='block_1_4' title="bbox 1316 133 1640 173">
    <p class='ocr_par' dir='ltr' id='par_1_4' title="bbox 1316 133 1640 173">
     <span class='ocr_line' id='line_1_4' title="bbox 1316 133 1640 173; baseline 0.006 -12"><span class='ocrx_word' id='word_1_12' title='bbox 1316 133 1383 170; x_wconf 68' lang='lat' dir='ltr'><strong>[inin</strong></span> <span class='ocrx_word' id='word_1_13' title='bbox 1405 143 1546 163; x_wconf 63' lang='lat' dir='ltr'><strong>nonomc.</strong></span> <span class='ocrx_word' id='word_1_14' title='bbox 1568 136 1640 173; x_wconf 68' lang='lat' dir='ltr'><strong>seu]</strong></span> 
     </span>
    </p>
   </div>
   <div class='ocr_carea' id='block_1_5' title="bbox 1711 138 1764 170">
    <p class='ocr_par' dir='ltr' id='par_1_5' title="bbox 1711 138 1764 170">
     <span class='ocr_line' id='line_1_5' title="bbox 1711 138 1764 170; baseline 0 -1"><span class='ocrx_word' id='word_1_15' title='bbox 1711 138 1764 170; x_wconf 76' lang='grc' dir='ltr'><strong>5ἒο</strong></span> 
     </span>
    </p>
   </div>
   <div class='ocr_carea' id='block_1_6' title="bbox 129 192 922 231">
    <p class='ocr_par' dir='ltr' id='par_1_6' title="bbox 129 193 915 229">
     <span class='ocr_line' id='line_1_6' title="bbox 129 193 915 229; baseline -0.003 -7"><span class='ocrx_word' id='word_1_16' title='bbox 129 194 245 222; x_wconf 81' lang='grc' dir='ltr'>κατόπιν</span> <span class='ocrx_word' id='word_1_17' title='bbox 257 194 308 228; x_wconf 81' lang='grc' dir='ltr'>τῆς</span> <span class='ocrx_word' id='word_1_18' title='bbox 319 194 398 227; x_wconf 84' lang='grc' dir='ltr'>ἀξίας</span> <span class='ocrx_word' id='word_1_19' title='bbox 411 194 570 229; x_wconf 74' lang='grc' dir='ltr'><strong>βαδίζοντας</strong></span> <span class='ocrx_word' id='word_1_20' title='bbox 591 193 664 221; x_wconf 81' lang='grc' dir='ltr'>τοῦτ’</span> <span class='ocrx_word' id='word_1_21' title='bbox 681 194 749 222; x_wconf 80' lang='grc' dir='ltr'>αὐτὸ</span> <span class='ocrx_word' id='word_1_22' title='bbox 763 195 862 227; x_wconf 82' lang='grc' dir='ltr'><strong>ποιεῖν,</strong></span> <span class='ocrx_word' id='word_1_23' title='bbox 877 193 915 226; x_wconf 83' lang='grc' dir='ltr'><strong>ὡς</strong></span> 
     </span>
    </p>
   </div>
   <div class='ocr_carea' id='block_1_7' title="bbox 974 192 1760 231">
    <p class='ocr_par' dir='ltr' id='par_1_7' title="bbox 974 192 1760 231">
     <span class='ocr_line' id='line_1_7' title="bbox 974 192 1760 231; baseline 0.004 -10"><span class='ocrx_word' id='word_1_24' title='bbox 974 192 1105 221; x_wconf 65' lang='grc' dir='ltr'>’τυθιτθι-ἰ.</span> <span class='ocrx_word' id='word_1_25' title='bbox 1130 193 1225 230; x_wconf 88' lang='lat' dir='ltr'><strong>Neque</strong></span> <span class='ocrx_word' id='word_1_26' title='bbox 1252 194 1325 222; x_wconf 84' lang='lat' dir='ltr'><strong>enim</strong></span> <span class='ocrx_word' id='word_1_27' title='bbox 1352 195 1488 222; x_wconf 83' lang='lat' dir='ltr'><strong>aflirmare</strong></span> <span class='ocrx_word' id='word_1_28' title='bbox 1520 195 1692 228; x_wconf 86' lang='lat' dir='ltr'><strong>dubitem,ei</strong></span> <span class='ocrx_word' id='word_1_29' title='bbox 1713 197 1760 231; x_wconf 87' lang='lat' dir='ltr'><strong>qni</strong></span> 
     </span>
    </p>
   </div>
   <div class='ocr_carea' id='block_1_8' title="bbox 130 240 918 276">
    <p class='ocr_par' dir='ltr' id='par_1_8' title="bbox 130 240 918 276">
     <span class='ocr_line' id='line_1_8' title="bbox 130 240 918 276; baseline -0.001 -9"><span class='ocrx_word' id='word_1_30' title='bbox 130 241 201 274; x_wconf 70' lang='grc' dir='ltr'>μάλα</span> <span class='ocrx_word' id='word_1_31' title='bbox 213 240 244 267; x_wconf 80' lang='grc' dir='ltr'><strong>ὃν</strong></span> <span class='ocrx_word' id='word_1_32' title='bbox 259 240 336 267; x_wconf 74' lang='grc' dir='ltr'>οὐδὲν</span> <span class='ocrx_word' id='word_1_33' title='bbox 349 241 470 275; x_wconf 83' lang='grc' dir='ltr'><strong>αἰσχρόν.</strong></span> <span class='ocrx_word' id='word_1_34' title='bbox 488 241 680 275; x_wconf 79' lang='grc' dir='ltr'>Διατειναίμην</span> <span class='ocrx_word' id='word_1_35' title='bbox 699 241 752 275; x_wconf 88' lang='grc' dir='ltr'><strong>γὰρ</strong></span> <span class='ocrx_word' id='word_1_36' title='bbox 767 240 800 267; x_wconf 83' lang='grc' dir='ltr'><strong>ἂν</strong></span> <span class='ocrx_word' id='word_1_37' title='bbox 814 241 918 276; x_wconf 82' lang='grc' dir='ltr'>σφόδρα</span> 
     </span>
    </p>
   </div>
   <div class='ocr_carea' id='block_1_9' title="bbox 128 286 919 323">
    <p class='ocr_par' dir='ltr' id='par_1_9' title="bbox 128 286 919 323">
     <span class='ocr_line' id='line_1_9' title="bbox 128 286 919 323; baseline -0.001 -9"><span class='ocrx_word' id='word_1_38' title='bbox 128 289 228 322; x_wconf 74' lang='grc' dir='ltr'>ἔγωγε,</span> <span class='ocrx_word' id='word_1_39' title='bbox 257 288 295 319; x_wconf 85' lang='grc' dir='ltr'><strong>ὡς</strong></span> <span class='ocrx_word' id='word_1_40' title='bbox 322 287 372 322; x_wconf 76' lang='grc' dir='ltr'><strong>τὴν</strong></span> <span class='ocrx_word' id='word_1_41' title='bbox 404 288 452 323; x_wconf 84' lang='grc' dir='ltr'>σὴν</span> <span class='ocrx_word' id='word_1_42' title='bbox 479 287 631 322; x_wconf 83' lang='grc' dir='ltr'>πλουτῆσαι</span> <span class='ocrx_word' id='word_1_43' title='bbox 645 287 773 320; x_wconf 78' lang='grc' dir='ltr'>γλῶσσαν</span> <span class='ocrx_word' id='word_1_44' title='bbox 789 286 919 319; x_wconf 70' lang='grc' dir='ltr'>εΰξασθαι</span> 
     </span>
    </p>
   </div>
   <div class='ocr_carea' id='block_1_10' title="bbox 128 334 919 374">
    <p class='ocr_par' dir='ltr' id='par_1_10' title="bbox 128 334 919 374">
     <span class='ocr_line' id='line_1_10' title="bbox 128 334 919 374; baseline 0 -14"><span class='ocrx_word' id='word_1_45' title='bbox 128 334 181 370; x_wconf 78' lang='grc' dir='ltr'><strong>χρὴ</strong></span> <span class='ocrx_word' id='word_1_46' title='bbox 195 335 341 374; x_wconf 72' lang='grc' dir='ltr'>πρότερον,</span> <span class='ocrx_word' id='word_1_47' title='bbox 353 334 426 366; x_wconf 79' lang='grc' dir='ltr'>ὅστις</span> <span class='ocrx_word' id='word_1_48' title='bbox 440 334 562 369; x_wconf 76' lang='grc' dir='ltr'>βούλοιτο</span> <span class='ocrx_word' id='word_1_49' title='bbox 575 334 642 369; x_wconf 78' lang='grc' dir='ltr'>πρὸς</span> <span class='ocrx_word' id='word_1_50' title='bbox 655 334 733 366; x_wconf 68' lang='grc' dir='ltr'>ἀξίαν</span> <span class='ocrx_word' id='word_1_51' title='bbox 747 334 874 367; x_wconf 77' lang='grc' dir='ltr'><strong>διεξιέναι</strong></span> <span class='ocrx_word' id='word_1_52' title='bbox 884 335 919 360; x_wconf 74' lang='grc' dir='ltr'>τὰ</span> 
     </span>
    </p>
   </div>
   <div class='ocr_carea' id='block_1_11' title="bbox 128 378 918 416">
    <p class='ocr_par' dir='ltr' id='par_1_11' title="bbox 128 378 918 416">
     <span class='ocr_line' id='line_1_11' title="bbox 128 378 918 416; baseline -0.001 -9"><span class='ocrx_word' id='word_1_53' title='bbox 128 381 173 407; x_wconf 78' lang='grc' dir='ltr'><strong>σά.</strong></span> <span class='ocrx_word' id='word_1_54' title='bbox 207 380 314 412; x_wconf 76' lang='grc' dir='ltr'>’Ἄλλως</span> <span class='ocrx_word' id='word_1_55' title='bbox 340 380 363 407; x_wconf 77' lang='grc' dir='ltr'><strong>δ’</strong></span> <span class='ocrx_word' id='word_1_56' title='bbox 382 381 433 407; x_wconf 69' lang='grc' dir='ltr'><strong>οὐκ</strong></span> <span class='ocrx_word' id='word_1_57' title='bbox 462 381 496 407; x_wconf 80' lang='grc' dir='ltr'><strong>ἂν</strong></span> <span class='ocrx_word' id='word_1_58' title='bbox 511 380 702 415; x_wconf 85' lang='grc' dir='ltr'>διατειναίμην</span> <span class='ocrx_word' id='word_1_59' title='bbox 734 378 803 406; x_wconf 79' lang='grc' dir='ltr'>εἶναι</span> <span class='ocrx_word' id='word_1_60' title='bbox 828 380 918 416; x_wconf 76' lang='grc' dir='ltr'>ῥᾴδιον</span> 
     </span>
    </p>
   </div>
   <div class='ocr_carea' id='block_1_12' title="bbox 128 426 919 462">
    <p class='ocr_par' dir='ltr' id='par_1_12' title="bbox 128 426 919 462">
     <span class='ocr_line' id='line_1_12' title="bbox 128 426 919 462; baseline -0.001 -8"><span class='ocrx_word' id='word_1_61' title='bbox 128 428 228 455; x_wconf 81' lang='grc' dir='ltr'>οὐδενί.</span> <span class='ocrx_word' id='word_1_62' title='bbox 241 428 298 454; x_wconf 80' lang='grc' dir='ltr'><strong>Καὶ</strong></span> <span class='ocrx_word' id='word_1_63' title='bbox 309 427 364 462; x_wconf 85' lang='grc' dir='ltr'><strong>γὰρ</strong></span> <span class='ocrx_word' id='word_1_64' title='bbox 389 427 437 454; x_wconf 75' lang='grc' dir='ltr'>καὶ</span> <span class='ocrx_word' id='word_1_65' title='bbox 452 427 576 462; x_wconf 75' lang='grc' dir='ltr'><strong>γλώττης</strong></span> <span class='ocrx_word' id='word_1_66' title='bbox 601 427 757 462; x_wconf 79' lang='grc' dir='ltr'>εὐπρεπείᾳ</span> <span class='ocrx_word' id='word_1_67' title='bbox 786 426 919 462; x_wconf 84' lang='grc' dir='ltr'>βασιλικῷ</span> 
     </span>
    </p>
   </div>
   <div class='ocr_carea' id='block_1_13' title="bbox 126 474 918 510">
    <p class='ocr_par' dir='ltr' id='par_1_13' title="bbox 126 474 918 510">
     <span class='ocr_line' id='line_1_13' title="bbox 126 474 918 510; baseline -0.001 -10"><span class='ocrx_word' id='word_1_68' title='bbox 126 474 166 509; x_wconf 81' lang='grc' dir='ltr'>τῷ</span> <span class='ocrx_word' id='word_1_69' title='bbox 193 475 276 510; x_wconf 77' lang='grc' dir='ltr'>πήχει</span> <span class='ocrx_word' id='word_1_70' title='bbox 305 475 366 505; x_wconf 77' lang='grc' dir='ltr'>τοὺς</span> <span class='ocrx_word' id='word_1_71' title='bbox 388 474 483 505; x_wconf 80' lang='grc' dir='ltr'>ἄλλους</span> <span class='ocrx_word' id='word_1_72' title='bbox 500 475 677 509; x_wconf 79' lang='grc' dir='ltr'>παρήλασας,</span> <span class='ocrx_word' id='word_1_73' title='bbox 696 474 746 500; x_wconf 84' lang='grc' dir='ltr'><strong>καὶ</strong></span> <span class='ocrx_word' id='word_1_74' title='bbox 773 474 862 499; x_wconf 83' lang='grc' dir='ltr'>πάντα</span> <span class='ocrx_word' id='word_1_75' title='bbox 877 481 918 499; x_wconf 88' lang='grc' dir='ltr'>σοι</span> 
     </span>
    </p>
   </div>
   <div class='ocr_carea' id='block_1_14' title="bbox 127 517 918 556">
    <p class='ocr_par' dir='ltr' id='par_1_14' title="bbox 127 517 918 556">
     <span class='ocr_line' id='line_1_14' title="bbox 127 517 918 556; baseline -0.003 -9"><span class='ocrx_word' id='word_1_76' title='bbox 127 521 260 556; x_wconf 83' lang='grc' dir='ltr'><strong>πρόσεστι</strong></span> <span class='ocrx_word' id='word_1_77' title='bbox 274 522 308 546; x_wconf 78' lang='grc' dir='ltr'>τὰ</span> <span class='ocrx_word' id='word_1_78' title='bbox 326 521 407 553; x_wconf 78' lang='grc' dir='ltr'>καλὰ,</span> <span class='ocrx_word' id='word_1_79' title='bbox 419 517 456 548; x_wconf 81' lang='grc' dir='ltr'><strong>ὧν</strong></span> <span class='ocrx_word' id='word_1_80' title='bbox 470 521 499 547; x_wconf 83' lang='grc' dir='ltr'>ἒν</span> <span class='ocrx_word' id='word_1_81' title='bbox 512 521 572 547; x_wconf 76' lang='grc' dir='ltr'><strong>οὐδὲ</strong></span> <span class='ocrx_word' id='word_1_82' title='bbox 581 521 609 547; x_wconf 81' lang='grc' dir='ltr'>ἒν</span> <span class='ocrx_word' id='word_1_83' title='bbox 621 521 710 547; x_wconf 71' lang='grc' dir='ltr'>οὐδενὶ</span> <span class='ocrx_word' id='word_1_84' title='bbox 720 521 775 547; x_wconf 87' lang='grc' dir='ltr'><strong>τῶν</strong></span> <span class='ocrx_word' id='word_1_85' title='bbox 790 520 918 547; x_wconf 77' lang='grc' dir='ltr'>ἁπάντων</span> 
     </span>
    </p>
   </div>
   <div class='ocr_carea' id='block_1_15' title="bbox 127 563 918 600">
    <p class='ocr_par' dir='ltr' id='par_1_15' title="bbox 127 563 918 600">
     <span class='ocr_line' id='line_1_15' title="bbox 127 563 918 600; baseline -0.001 -8"><span class='ocrx_word' id='word_1_86' title='bbox 127 567 273 599; x_wconf 82' lang='grc' dir='ltr'>ὡσαύτως,</span> <span class='ocrx_word' id='word_1_87' title='bbox 289 565 352 592; x_wconf 76' lang='grc' dir='ltr'>οὕτε</span> <span class='ocrx_word' id='word_1_88' title='bbox 373 565 426 592; x_wconf 79' lang='grc' dir='ltr'>τῶν</span> <span class='ocrx_word' id='word_1_89' title='bbox 438 567 467 592; x_wconf 84' lang='grc' dir='ltr'><strong>ὲν</strong></span> <span class='ocrx_word' id='word_1_90' title='bbox 478 563 518 596; x_wconf 72' lang='grc' dir='ltr'>οἷς</span> <span class='ocrx_word' id='word_1_91' title='bbox 540 566 631 600; x_wconf 80' lang='grc' dir='ltr'><strong>ἡμεῖς,</strong></span> <span class='ocrx_word' id='word_1_92' title='bbox 643 565 705 592; x_wconf 78' lang='grc' dir='ltr'>οὔτε</span> <span class='ocrx_word' id='word_1_93' title='bbox 718 565 771 600; x_wconf 83' lang='grc' dir='ltr'>μὴν</span> <span class='ocrx_word' id='word_1_94' title='bbox 783 565 838 591; x_wconf 84' lang='grc' dir='ltr'><strong>τῶν</strong></span> <span class='ocrx_word' id='word_1_95' title='bbox 853 566 918 600; x_wconf 80' lang='grc' dir='ltr'>πρὶν</span> 
     </span>
    </p>
   </div>
   <div class='ocr_carea' id='block_1_16' title="bbox 127 612 919 648">
    <p class='ocr_par' dir='ltr' id='par_1_16' title="bbox 127 612 919 648">
     <span class='ocr_line' id='line_1_16' title="bbox 127 612 919 648; baseline -0.004 -9"><span class='ocrx_word' id='word_1_96' title='bbox 127 613 144 647; x_wconf 84' lang='grc' dir='ltr'>ἢ</span> <span class='ocrx_word' id='word_1_97' title='bbox 160 614 250 648; x_wconf 82' lang='grc' dir='ltr'>ἡμεῖς,</span> <span class='ocrx_word' id='word_1_98' title='bbox 265 612 364 639; x_wconf 76' lang='grc' dir='ltr'>οὔκουν</span> <span class='ocrx_word' id='word_1_99' title='bbox 382 612 437 639; x_wconf 79' lang='grc' dir='ltr'><strong>οὐδ’</strong></span> <span class='ocrx_word' id='word_1_100' title='bbox 458 612 491 639; x_wconf 85' lang='grc' dir='ltr'><strong>ἂν</strong></span> <span class='ocrx_word' id='word_1_101' title='bbox 512 613 576 644; x_wconf 81' lang='grc' dir='ltr'>τοὺς</span> <span class='ocrx_word' id='word_1_102' title='bbox 598 613 716 647; x_wconf 79' lang='grc' dir='ltr'>ὲξαρχῆς</span> <span class='ocrx_word' id='word_1_103' title='bbox 733 612 858 647; x_wconf 73' lang='grc' dir='ltr'>ἀριθμεῖν</span> <span class='ocrx_word' id='word_1_104' title='bbox 877 619 919 642; x_wconf 81' lang='grc' dir='ltr'><strong>τις</strong></span> 
     </span>
    </p>
   </div>
   <div class='ocr_carea' id='block_1_17' title="bbox 128 657 919 694">
    <p class='ocr_par' dir='ltr' id='par_1_17' title="bbox 128 657 919 694">
     <span class='ocr_line' id='line_1_17' title="bbox 128 657 919 694; baseline -0.001 -10"><span class='ocrx_word' id='word_1_105' title='bbox 128 658 219 694; x_wconf 78' lang='grc' dir='ltr'><strong>ἐθέλῃ.</strong></span> <span class='ocrx_word' id='word_1_106' title='bbox 237 659 378 685; x_wconf 84' lang='grc' dir='ltr'>Ἐνταυθοῖ</span> <span class='ocrx_word' id='word_1_107' title='bbox 391 658 419 685; x_wconf 84' lang='grc' dir='ltr'><strong>δὲ</strong></span> <span class='ocrx_word' id='word_1_108' title='bbox 431 658 478 685; x_wconf 80' lang='grc' dir='ltr'>τοῦ</span> <span class='ocrx_word' id='word_1_109' title='bbox 493 658 573 693; x_wconf 74' lang='grc' dir='ltr'>λόγου</span> <span class='ocrx_word' id='word_1_110' title='bbox 587 658 733 693; x_wconf 75' lang='grc' dir='ltr'>γενόμενος</span> <span class='ocrx_word' id='word_1_111' title='bbox 745 657 807 684; x_wconf 74' lang='grc' dir='ltr'>οὔτε</span> <span class='ocrx_word' id='word_1_112' title='bbox 822 657 919 690; x_wconf 79' lang='grc' dir='ltr'>διεξιέ-</span> 
     </span>
    </p>
   </div>
   <div class='ocr_carea' id='block_1_18' title="bbox 128 704 919 739">
    <p class='ocr_par' dir='ltr' id='par_1_18' title="bbox 128 704 919 739">
     <span class='ocr_line' id='line_1_18' title="bbox 128 704 919 739; baseline 0 -9"><span class='ocrx_word' id='word_1_113' title='bbox 128 705 282 739; x_wconf 70' lang='lat' dir='ltr'><strong>v1t10).p.ib</strong></span> <span class='ocrx_word' id='word_1_114' title='bbox 305 704 366 731; x_wconf 76' lang='grc' dir='ltr'>οὔτε</span> <span class='ocrx_word' id='word_1_115' title='bbox 389 705 469 731; x_wconf 79' lang='grc' dir='ltr'>πάνθ’</span> <span class='ocrx_word' id='word_1_116' title='bbox 484 705 522 736; x_wconf 84' lang='grc' dir='ltr'>ὠς</span> <span class='ocrx_word' id='word_1_117' title='bbox 549 705 650 731; x_wconf 78' lang='grc' dir='ltr'><strong>ἐπίπαν</strong></span> <span class='ocrx_word' id='word_1_118' title='bbox 665 705 753 731; x_wconf 82' lang='grc' dir='ltr'>ὁπόσα</span> <span class='ocrx_word' id='word_1_119' title='bbox 778 705 818 730; x_wconf 84' lang='grc' dir='ltr'>σοί</span> <span class='ocrx_word' id='word_1_120' title='bbox 845 705 919 730; x_wconf 74' lang='grc' dir='ltr'>ἐστιν</span> 
     </span>
    </p>
   </div>
   <div class='ocr_carea' id='block_1_19' title="bbox 127 750 919 787">
    <p class='ocr_par' dir='ltr' id='par_1_19' title="bbox 127 750 919 787">
     <span class='ocr_line' id='line_1_19' title="bbox 127 750 919 787; baseline -0.003 -9"><span class='ocrx_word' id='word_1_121' title='bbox 127 751 268 787; x_wconf 69' lang='grc' dir='ltr'><strong>ἐγκώμια,</strong></span> <span class='ocrx_word' id='word_1_122' title='bbox 284 750 345 778; x_wconf 81' lang='grc' dir='ltr'>οὕτε</span> <span class='ocrx_word' id='word_1_123' title='bbox 363 751 400 786; x_wconf 87' lang='grc' dir='ltr'><strong>μὴ</strong></span> <span class='ocrx_word' id='word_1_124' title='bbox 413 752 503 777; x_wconf 86' lang='grc' dir='ltr'>πάντα</span> <span class='ocrx_word' id='word_1_125' title='bbox 515 759 522 766; x_wconf 93' lang='grc'><strong>·</strong></span> <span class='ocrx_word' id='word_1_126' title='bbox 537 751 623 778; x_wconf 81' lang='grc' dir='ltr'>αἰτίαι</span> <span class='ocrx_word' id='word_1_127' title='bbox 636 751 664 777; x_wconf 79' lang='grc' dir='ltr'><strong>δὲ</strong></span> <span class='ocrx_word' id='word_1_128' title='bbox 679 751 717 782; x_wconf 82' lang='grc' dir='ltr'>ὡς</span> <span class='ocrx_word' id='word_1_129' title='bbox 732 751 857 786; x_wconf 79' lang='grc' dir='ltr'>λαμπραὶ</span> <span class='ocrx_word' id='word_1_130' title='bbox 873 751 919 776; x_wconf 80' lang='grc' dir='ltr'>καὶ</span> 
     </span>
    </p>
   </div>
   <div class='ocr_carea' id='block_1_20' title="bbox 126 795 918 831">
    <p class='ocr_par' dir='ltr' id='par_1_20' title="bbox 126 795 918 831">
     <span class='ocr_line' id='line_1_20' title="bbox 126 795 918 831; baseline -0.001 -9"><span class='ocrx_word' id='word_1_131' title='bbox 126 796 264 831; x_wconf 84' lang='grc' dir='ltr'><strong>λαμπρῶς</strong></span> <span class='ocrx_word' id='word_1_132' title='bbox 278 797 448 831; x_wconf 80' lang='grc' dir='ltr'>ἐγκείμεναι,</span> <span class='ocrx_word' id='word_1_133' title='bbox 465 795 517 822; x_wconf 70' lang='grc' dir='ltr'>Καὶ</span> <span class='ocrx_word' id='word_1_134' title='bbox 530 795 585 830; x_wconf 78' lang='grc' dir='ltr'><strong>γὰρ</strong></span> <span class='ocrx_word' id='word_1_135' title='bbox 598 796 629 822; x_wconf 77' lang='grc' dir='ltr'><strong>τὸ</strong></span> <span class='ocrx_word' id='word_1_136' title='bbox 648 795 826 831; x_wconf 76' lang='grc' dir='ltr'><strong>μὴδύνασθαι</strong></span> <span class='ocrx_word' id='word_1_137' title='bbox 841 796 888 821; x_wconf 76' lang='grc' dir='ltr'><strong>καὶ</strong></span> <span class='ocrx_word' id='word_1_138' title='bbox 901 796 918 829; x_wconf 85' lang='grc' dir='ltr'>ὴ</span> 
     </span>
    </p>
   </div>
   <div class='ocr_carea' id='block_1_21' title="bbox 125 842 919 878">
    <p class='ocr_par' dir='ltr' id='par_1_21' title="bbox 125 842 919 878">
     <span class='ocr_line' id='line_1_21' title="bbox 125 842 919 878; baseline -0.003 -9"><span class='ocrx_word' id='word_1_139' title='bbox 125 843 175 870; x_wconf 71' lang='grc' dir='ltr'>τοῦ</span> <span class='ocrx_word' id='word_1_140' title='bbox 204 843 303 878; x_wconf 80' lang='grc' dir='ltr'><strong>χρέους</strong></span> <span class='ocrx_word' id='word_1_141' title='bbox 325 843 440 874; x_wconf 80' lang='grc' dir='ltr'>ἔκτισις,</span> <span class='ocrx_word' id='word_1_142' title='bbox 472 843 519 869; x_wconf 83' lang='grc' dir='ltr'><strong>δύο</strong></span> <span class='ocrx_word' id='word_1_143' title='bbox 543 842 576 877; x_wconf 82' lang='grc' dir='ltr'><strong>δὴ</strong></span> <span class='ocrx_word' id='word_1_144' title='bbox 601 842 688 868; x_wconf 78' lang='grc' dir='ltr'>’ταῦτα</span> <span class='ocrx_word' id='word_1_145' title='bbox 717 842 846 872; x_wconf 80' lang='grc' dir='ltr'><strong>ἐναντίως</strong></span> <span class='ocrx_word' id='word_1_146' title='bbox 861 850 919 872; x_wconf 82' lang='grc' dir='ltr'><strong>πως</strong></span> 
     </span>
    </p>
   </div>
   <div class='ocr_carea' id='block_1_22' title="bbox 127 887 919 927">
    <p class='ocr_par' dir='ltr' id='par_1_22' title="bbox 127 887 919 927">
     <span class='ocr_line' id='line_1_22' title="bbox 127 887 919 927; baseline -0.003 -12"><span class='ocrx_word' id='word_1_147' title='bbox 127 888 226 924; x_wconf 73' lang='grc' dir='ltr'>ἔχοντα</span> <span class='ocrx_word' id='word_1_148' title='bbox 249 888 319 924; x_wconf 76' lang='grc' dir='ltr'>πρὸς</span> <span class='ocrx_word' id='word_1_149' title='bbox 346 889 460 923; x_wconf 79' lang='grc' dir='ltr'>ἄλληλα,</span> <span class='ocrx_word' id='word_1_150' title='bbox 475 889 525 923; x_wconf 84' lang='grc' dir='ltr'><strong>τὴν</strong></span> <span class='ocrx_word' id='word_1_151' title='bbox 547 888 616 924; x_wconf 76' lang='grc' dir='ltr'>ἐμὴν</span> <span class='ocrx_word' id='word_1_152' title='bbox 628 925 631 927; x_wconf 23' lang='grc' dir='ltr'><strong>η</strong></span> <span class='ocrx_word' id='word_1_153' title='bbox 642 888 685 922; x_wconf 70' lang='grc' dir='ltr'><strong>ἐφ’</strong></span> <span class='ocrx_word' id='word_1_154' title='bbox 699 888 818 922; x_wconf 81' lang='grc' dir='ltr'>ἑκάτερα</span> <span class='ocrx_word' id='word_1_155' title='bbox 832 887 919 922; x_wconf 81' lang='grc' dir='ltr'>σχίζει</span> 
     </span>
    </p>
   </div>
   <div class='ocr_carea' id='block_1_23' title="bbox 126 934 919 971">
    <p class='ocr_par' dir='ltr' id='par_1_23' title="bbox 126 934 919 971">
     <span class='ocr_line' id='line_1_23' title="bbox 126 934 919 971; baseline -0.003 -9"><span class='ocrx_word' id='word_1_156' title='bbox 126 935 250 962; x_wconf 72' lang='grc' dir='ltr'>διάνοιαν</span> <span class='ocrx_word' id='word_1_157' title='bbox 261 944 267 951; x_wconf 87' lang='grc'>·</span> <span class='ocrx_word' id='word_1_158' title='bbox 286 936 324 967; x_wconf 83' lang='grc' dir='ltr'><strong>ὡς</strong></span> <span class='ocrx_word' id='word_1_159' title='bbox 337 936 386 970; x_wconf 74' lang='grc' dir='ltr'>ἐμὲ</span> <span class='ocrx_word' id='word_1_160' title='bbox 401 935 466 969; x_wconf 81' lang='grc' dir='ltr'><strong>γοῦν</strong></span> <span class='ocrx_word' id='word_1_161' title='bbox 475 935 520 961; x_wconf 83' lang='grc' dir='ltr'><strong>τὸν</strong></span> <span class='ocrx_word' id='word_1_162' title='bbox 534 934 707 971; x_wconf 72' lang='grc' dir='ltr'>ἑκατέρωθεν</span> <span class='ocrx_word' id='word_1_163' title='bbox 717 935 919 969; x_wconf 73' lang='grc' dir='ltr'><strong>φυλαττόμενον</strong></span> 
     </span>
    </p>
   </div>
   <div class='ocr_carea' id='block_1_24' title="bbox 127 979 920 1016">
    <p class='ocr_par' dir='ltr' id='par_1_24' title="bbox 127 979 920 1016">
     <span class='ocr_line' id='line_1_24' title="bbox 127 979 920 1016; baseline -0.001 -8"><span class='ocrx_word' id='word_1_164' title='bbox 127 982 254 1008; x_wconf 81' lang='grc' dir='ltr'>κίνδυνον</span> <span class='ocrx_word' id='word_1_165' title='bbox 282 980 489 1016; x_wconf 79' lang='grc' dir='ltr'><strong>ἀναγκάζεσθαι</strong></span> <span class='ocrx_word' id='word_1_166' title='bbox 515 981 562 1007; x_wconf 73' lang='grc' dir='ltr'><strong>καὶ</strong></span> <span class='ocrx_word' id='word_1_167' title='bbox 587 979 752 1015; x_wconf 80' lang='grc' dir='ltr'><strong>ἀμφοτέρων</strong></span> <span class='ocrx_word' id='word_1_168' title='bbox 765 981 920 1015; x_wconf 85' lang='grc' dir='ltr'>μεταποιεῖ-</span> 
     </span>
    </p>
   </div>
   <div class='ocr_carea' id='block_1_25' title="bbox 128 1024 920 1060">
    <p class='ocr_par' dir='ltr' id='par_1_25' title="bbox 128 1024 920 1060">
     <span class='ocr_line' id='line_1_25' title="bbox 128 1024 920 1060; baseline -0.003 -7"><span class='ocrx_word' id='word_1_169' title='bbox 128 1027 191 1053; x_wconf 78' lang='grc' dir='ltr'>σθαι</span> <span class='ocrx_word' id='word_1_170' title='bbox 209 1027 256 1052; x_wconf 81' lang='grc' dir='ltr'><strong>καὶ</strong></span> <span class='ocrx_word' id='word_1_171' title='bbox 270 1024 303 1052; x_wconf 79' lang='grc' dir='ltr'>αὖ</span> <span class='ocrx_word' id='word_1_172' title='bbox 335 1025 503 1060; x_wconf 79' lang='grc' dir='ltr'>μηδετέρων,</span> <span class='ocrx_word' id='word_1_173' title='bbox 535 1024 730 1060; x_wconf 70' lang='grc' dir='ltr'><strong>ἁρμοσάμενον</strong></span> <span class='ocrx_word' id='word_1_174' title='bbox 750 1025 783 1050; x_wconf 85' lang='grc' dir='ltr'><strong>δι’</strong></span> <span class='ocrx_word' id='word_1_175' title='bbox 798 1024 920 1060; x_wconf 78' lang='grc' dir='ltr'>ἀλλήλων</span> 
     </span>
    </p>
   </div>
   <div class='ocr_carea' id='block_1_26' title="bbox 127 1068 920 1107">
    <p class='ocr_par' dir='ltr' id='par_1_26' title="bbox 127 1068 920 1107">
     <span class='ocr_line' id='line_1_26' title="bbox 127 1068 920 1107; baseline -0.004 -8"><span class='ocrx_word' id='word_1_176' title='bbox 127 1073 260 1107; x_wconf 75' lang='grc' dir='ltr'>ἑκάτερα.</span> <span class='ocrx_word' id='word_1_177' title='bbox 281 1071 378 1098; x_wconf 81' lang='grc' dir='ltr'>Ὁπότε</span> <span class='ocrx_word' id='word_1_178' title='bbox 395 1071 448 1105; x_wconf 85' lang='grc' dir='ltr'><strong>γὰρ</strong></span> <span class='ocrx_word' id='word_1_179' title='bbox 465 1068 503 1097; x_wconf 84' lang='grc' dir='ltr'><strong>ὧν</strong></span> <span class='ocrx_word' id='word_1_180' title='bbox 527 1071 574 1097; x_wconf 75' lang='grc' dir='ltr'><strong>ἐπὶ</strong></span> <span class='ocrx_word' id='word_1_181' title='bbox 589 1070 673 1106; x_wconf 78' lang='grc' dir='ltr'>σοφίᾳ</span> <span class='ocrx_word' id='word_1_182' title='bbox 692 1070 776 1097; x_wconf 80' lang='grc' dir='ltr'>πάλαι</span> <span class='ocrx_word' id='word_1_183' title='bbox 789 1070 920 1104; x_wconf 80' lang='grc' dir='ltr'><strong>σεμνότης</strong></span> 
     </span>
    </p>
   </div>
   <div class='ocr_carea' id='block_1_27' title="bbox 128 1115 920 1153">
    <p class='ocr_par' dir='ltr' id='par_1_27' title="bbox 128 1115 920 1153">
     <span class='ocr_line' id='line_1_27' title="bbox 128 1115 920 1153; baseline -0.004 -8"><span class='ocrx_word' id='word_1_184' title='bbox 128 1119 262 1153; x_wconf 82' lang='grc' dir='ltr'>ὀνόματος</span> <span class='ocrx_word' id='word_1_185' title='bbox 275 1115 347 1144; x_wconf 71' lang='grc' dir='ltr'>οὗτοι</span> <span class='ocrx_word' id='word_1_186' title='bbox 361 1117 404 1153; x_wconf 84' lang='grc' dir='ltr'><strong>[Ρ.</strong></span> <span class='ocrx_word' id='word_1_187' title='bbox 416 1116 480 1152; x_wconf 69' lang='grc'><strong>205]</strong></span> <span class='ocrx_word' id='word_1_188' title='bbox 496 1117 597 1148; x_wconf 87' lang='grc' dir='ltr'>πάντες</span> <span class='ocrx_word' id='word_1_189' title='bbox 608 1118 631 1143; x_wconf 80' lang='grc' dir='ltr'><strong>εί</strong></span> <span class='ocrx_word' id='word_1_190' title='bbox 645 1116 783 1152; x_wconf 75' lang='grc' dir='ltr'>παρῆσαν,</span> <span class='ocrx_word' id='word_1_191' title='bbox 801 1117 920 1152; x_wconf 82' lang='grc' dir='ltr'>ἡττήθη-</span> 
     </span>
    </p>
   </div>
   <div class='ocr_carea' id='block_1_28' title="bbox 129 1156 921 1198">
    <p class='ocr_par' dir='ltr' id='par_1_28' title="bbox 129 1156 921 1198">
     <span class='ocr_line' id='line_1_28' title="bbox 129 1156 921 1198; baseline -0.004 -6"><span class='ocrx_word' id='word_1_192' title='bbox 129 1174 181 1192; x_wconf 83' lang='grc' dir='ltr'>σαν</span> <span class='ocrx_word' id='word_1_193' title='bbox 197 1165 230 1192; x_wconf 84' lang='grc' dir='ltr'><strong>ἄν</strong></span> <span class='ocrx_word' id='word_1_194' title='bbox 259 1173 307 1191; x_wconf 88' lang='grc' dir='ltr'>σου</span> <span class='ocrx_word' id='word_1_195' title='bbox 318 1156 373 1198; x_wconf 72' lang='grc' dir='ltr'><strong>Δτῆς</strong></span> <span class='ocrx_word' id='word_1_196' title='bbox 389 1163 444 1190; x_wconf 86' lang='grc' dir='ltr'>τῶν</span> <span class='ocrx_word' id='word_1_197' title='bbox 466 1163 556 1190; x_wconf 83' lang='grc' dir='ltr'>καλῶν</span> <span class='ocrx_word' id='word_1_198' title='bbox 571 1163 740 1196; x_wconf 77' lang='grc' dir='ltr'><strong>πλεονεξίας,</strong></span> <span class='ocrx_word' id='word_1_199' title='bbox 760 1163 814 1190; x_wconf 85' lang='grc' dir='ltr'>τῶν</span> <span class='ocrx_word' id='word_1_200' title='bbox 828 1172 858 1189; x_wconf 85' lang='grc' dir='ltr'><strong>τε</strong></span> <span class='ocrx_word' id='word_1_201' title='bbox 873 1163 921 1190; x_wconf 79' lang='grc' dir='ltr'><strong>νῦν</strong></span> 
     </span>
    </p>
   </div>
   <div class='ocr_carea' id='block_1_29' title="bbox 128 1207 946 1245">
    <p class='ocr_par' dir='ltr' id='par_1_29' title="bbox 128 1207 946 1245">
     <span class='ocr_line' id='line_1_29' title="bbox 128 1207 946 1245; baseline -0.002 -8"><span class='ocrx_word' id='word_1_202' title='bbox 128 1211 214 1238; x_wconf 74' lang='grc' dir='ltr'>ὄντων</span> <span class='ocrx_word' id='word_1_203' title='bbox 231 1210 262 1236; x_wconf 79' lang='grc' dir='ltr'>τὸ</span> <span class='ocrx_word' id='word_1_204' title='bbox 276 1210 393 1245; x_wconf 82' lang='grc' dir='ltr'>πρᾶγμα</span> <span class='ocrx_word' id='word_1_205' title='bbox 408 1209 484 1235; x_wconf 80' lang='grc' dir='ltr'>οὐδὲν</span> <span class='ocrx_word' id='word_1_206' title='bbox 500 1209 686 1244; x_wconf 76' lang='grc' dir='ltr'><strong>διαφερόντως</strong></span> <span class='ocrx_word' id='word_1_207' title='bbox 702 1209 771 1244; x_wconf 76' lang='grc' dir='ltr'>ἔχει,</span> <span class='ocrx_word' id='word_1_208' title='bbox 791 1207 817 1234; x_wconf 90' lang='grc' dir='ltr'><strong>τί</strong></span> <span class='ocrx_word' id='word_1_209' title='bbox 827 1209 921 1236; x_wconf 71' lang='grc' dir='ltr'>λοιπὸν</span> <span class='ocrx_word' id='word_1_210' title='bbox 943 1240 946 1244; x_wconf 38' lang='grc'><strong><em>,</em></strong></span> 
     </span>
    </p>
   </div>
   <div class='ocr_carea' id='block_1_30' title="bbox 129 1253 921 1289">
    <p class='ocr_par' dir='ltr' id='par_1_30' title="bbox 129 1253 921 1289">
     <span class='ocr_line' id='line_1_30' title="bbox 129 1253 921 1289; baseline -0.001 -9"><span class='ocrx_word' id='word_1_211' title='bbox 129 1255 193 1289; x_wconf 73' lang='grc' dir='ltr'>ἐμοὶ</span> <span class='ocrx_word' id='word_1_212' title='bbox 207 1254 223 1288; x_wconf 87' lang='grc' dir='ltr'><strong>ῆ</strong></span> <span class='ocrx_word' id='word_1_213' title='bbox 239 1253 293 1279; x_wconf 85' lang='grc' dir='ltr'>τῶν</span> <span class='ocrx_word' id='word_1_214' title='bbox 310 1262 341 1287; x_wconf 86' lang='grc' dir='ltr'>γε</span> <span class='ocrx_word' id='word_1_215' title='bbox 359 1253 491 1279; x_wconf 83' lang='grc' dir='ltr'>πλειόνων</span> <span class='ocrx_word' id='word_1_216' title='bbox 507 1253 637 1288; x_wconf 83' lang='grc' dir='ltr'>ἁφεμένῳ</span> <span class='ocrx_word' id='word_1_217' title='bbox 653 1254 741 1288; x_wconf 77' lang='grc' dir='ltr'>μικρά</span> <span class='ocrx_word' id='word_1_218' title='bbox 752 1262 813 1279; x_wconf 83' lang='grc' dir='ltr'>τινα</span> <span class='ocrx_word' id='word_1_219' title='bbox 828 1254 921 1280; x_wconf 83' lang='grc' dir='ltr'>διαλα-</span> 
     </span>
    </p>
   </div>
   <div class='ocr_carea' id='block_1_31' title="bbox 129 1299 921 1334">
    <p class='ocr_par' dir='ltr' id='par_1_31' title="bbox 129 1299 921 1334">
     <span class='ocr_line' id='line_1_31' title="bbox 129 1299 921 1334; baseline -0.001 -8"><span class='ocrx_word' id='word_1_220' title='bbox 129 1300 188 1328; x_wconf 73' lang='grc' dir='ltr'>ϐεῖν</span> <span class='ocrx_word' id='word_1_221' title='bbox 204 1301 246 1327; x_wconf 87' lang='grc' dir='ltr'><strong>δεῖ</strong></span> <span class='ocrx_word' id='word_1_222' title='bbox 269 1299 318 1326; x_wconf 76' lang='grc' dir='ltr'>καὶ</span> <span class='ocrx_word' id='word_1_223' title='bbox 335 1299 385 1325; x_wconf 84' lang='grc' dir='ltr'>ὃσα</span> <span class='ocrx_word' id='word_1_224' title='bbox 401 1308 446 1334; x_wconf 89' lang='grc' dir='ltr'><strong>μοι</strong></span> <span class='ocrx_word' id='word_1_225' title='bbox 476 1299 615 1332; x_wconf 72' lang='grc' dir='ltr'>τάσφαλές</span> <span class='ocrx_word' id='word_1_226' title='bbox 632 1300 690 1325; x_wconf 73' lang='grc' dir='ltr'>ἐστι</span> <span class='ocrx_word' id='word_1_227' title='bbox 715 1299 921 1334; x_wconf 83' lang='grc' dir='ltr'>προμνώμενα;</span> 
     </span>
    </p>
   </div>
   <div class='ocr_carea' id='block_1_32' title="bbox 131 1345 922 1382">
    <p class='ocr_par' dir='ltr' id='par_1_32' title="bbox 131 1345 922 1382">
     <span class='ocr_line' id='line_1_32' title="bbox 131 1345 922 1382; baseline -0.001 -10"><span class='ocrx_word' id='word_1_228' title='bbox 131 1348 224 1382; x_wconf 80' lang='grc' dir='ltr'>μήπου</span> <span class='ocrx_word' id='word_1_229' title='bbox 243 1354 284 1372; x_wconf 91' lang='grc' dir='ltr'><strong>τοι</strong></span> <span class='ocrx_word' id='word_1_230' title='bbox 300 1345 426 1381; x_wconf 84' lang='grc' dir='ltr'>καθάπερ</span> <span class='ocrx_word' id='word_1_231' title='bbox 441 1347 464 1372; x_wconf 82' lang='grc' dir='ltr'><strong>οἱ</strong></span> <span class='ocrx_word' id='word_1_232' title='bbox 480 1345 533 1372; x_wconf 83' lang='grc' dir='ltr'>τῶν</span> <span class='ocrx_word' id='word_1_233' title='bbox 549 1345 742 1380; x_wconf 84' lang='grc' dir='ltr'>Ὀλυμπιακῶν</span> <span class='ocrx_word' id='word_1_234' title='bbox 757 1345 844 1372; x_wconf 77' lang='grc' dir='ltr'>ἄθλων</span> <span class='ocrx_word' id='word_1_235' title='bbox 859 1345 922 1372; x_wconf 81' lang='grc' dir='ltr'><strong>ό.τέ-</strong></span> 
     </span>
    </p>
   </div>
   <div class='ocr_carea' id='block_1_33' title="bbox 129 1391 921 1428">
    <p class='ocr_par' dir='ltr' id='par_1_33' title="bbox 129 1391 921 1428">
     <span class='ocr_line' id='line_1_33' title="bbox 129 1391 921 1428; baseline -0.005 -8"><span class='ocrx_word' id='word_1_236' title='bbox 129 1395 222 1420; x_wconf 78' lang='grc' dir='ltr'>λεστοι</span> <span class='ocrx_word' id='word_1_237' title='bbox 238 1392 355 1428; x_wconf 80' lang='grc' dir='ltr'><strong>κινδύνῳ</strong></span> <span class='ocrx_word' id='word_1_238' title='bbox 370 1392 544 1427; x_wconf 82' lang='grc' dir='ltr'>χρησάμενος</span> <span class='ocrx_word' id='word_1_239' title='bbox 555 1391 687 1426; x_wconf 78' lang='grc' dir='ltr'><strong>αἰσχύνης</strong></span> <span class='ocrx_word' id='word_1_240' title='bbox 701 1391 821 1425; x_wconf 80' lang='grc' dir='ltr'>ἀθλητὴς</span> <span class='ocrx_word' id='word_1_241' title='bbox 836 1391 921 1425; x_wconf 79' lang='grc' dir='ltr'>ἐμαυ-</span> 
     </span>
    </p>
   </div>
   <div class='ocr_carea' id='block_1_34' title="bbox 130 1435 923 1476">
    <p class='ocr_par' dir='ltr' id='par_1_34' title="bbox 130 1435 923 1476">
     <span class='ocr_line' id='line_1_34' title="bbox 130 1435 923 1476; baseline -0.006 -9"><span class='ocrx_word' id='word_1_242' title='bbox 130 1440 170 1476; x_wconf 75' lang='grc' dir='ltr'><strong>Ιτῷ</strong></span> <span class='ocrx_word' id='word_1_243' title='bbox 179 1439 362 1474; x_wconf 81' lang='grc' dir='ltr'>κατασταίην.</span> <span class='ocrx_word' id='word_1_244' title='bbox 390 1439 446 1465; x_wconf 79' lang='grc' dir='ltr'><strong>Καὶ</strong></span> <span class='ocrx_word' id='word_1_245' title='bbox 473 1437 603 1471; x_wconf 82' lang='grc' dir='ltr'>πείθομαί</span> <span class='ocrx_word' id='word_1_246' title='bbox 618 1446 650 1471; x_wconf 79' lang='grc' dir='ltr'>γε</span> <span class='ocrx_word' id='word_1_247' title='bbox 677 1437 760 1472; x_wconf 85' lang='grc' dir='ltr'>μηδὲν</span> <span class='ocrx_word' id='word_1_248' title='bbox 779 1435 850 1464; x_wconf 83' lang='grc' dir='ltr'>εἶναι</span> <span class='ocrx_word' id='word_1_249' title='bbox 868 1436 923 1462; x_wconf 82' lang='grc' dir='ltr'><strong>τῶν</strong></span> 
     </span>
    </p>
   </div>
   <div class='ocr_carea' id='block_1_35' title="bbox 131 1481 922 1521">
    <p class='ocr_par' dir='ltr' id='par_1_35' title="bbox 131 1481 922 1521">
     <span class='ocr_line' id='line_1_35' title="bbox 131 1481 922 1521; baseline -0.009 -7"><span class='ocrx_word' id='word_1_250' title='bbox 131 1488 241 1514; x_wconf 79' lang='grc' dir='ltr'>πάντων</span> <span class='ocrx_word' id='word_1_251' title='bbox 255 1486 360 1521; x_wconf 70' lang='grc' dir='ltr'>ἕτερον,</span> <span class='ocrx_word' id='word_1_252' title='bbox 377 1485 391 1511; x_wconf 82' lang='grc' dir='ltr'><strong>ὃ</strong></span> <span class='ocrx_word' id='word_1_253' title='bbox 406 1494 440 1520; x_wconf 87' lang='grc' dir='ltr'><strong>με</strong></span> <span class='ocrx_word' id='word_1_254' title='bbox 456 1485 593 1519; x_wconf 77' lang='grc' dir='ltr'>προσήκει</span> <span class='ocrx_word' id='word_1_255' title='bbox 606 1484 707 1519; x_wconf 78' lang='grc' dir='ltr'>μᾶλλον</span> <span class='ocrx_word' id='word_1_256' title='bbox 723 1484 822 1515; x_wconf 81' lang='grc' dir='ltr'>ποιεῖν,</span> <span class='ocrx_word' id='word_1_257' title='bbox 839 1482 855 1516; x_wconf 88' lang='grc' dir='ltr'>ἢ</span> <span class='ocrx_word' id='word_1_258' title='bbox 876 1481 922 1508; x_wconf 76' lang='grc' dir='ltr'><strong>τὸν</strong></span> 
     </span>
    </p>
   </div>
   <div class='ocr_carea' id='block_1_36' title="bbox 129 1529 923 1567">
    <p class='ocr_par' dir='ltr' id='par_1_36' title="bbox 129 1529 923 1567">
     <span class='ocr_line' id='line_1_36' title="bbox 129 1529 923 1567; baseline -0.009 -6"><span class='ocrx_word' id='word_1_259' title='bbox 129 1533 258 1561; x_wconf 63' lang='grc' dir='ltr'>ἐντεῦθεν</span> <span class='ocrx_word' id='word_1_260' title='bbox 286 1532 468 1567; x_wconf 82' lang='grc' dir='ltr'>φυλάττεσθαι</span> <span class='ocrx_word' id='word_1_261' title='bbox 491 1531 616 1558; x_wconf 83' lang='grc' dir='ltr'>κίνδυνον</span> <span class='ocrx_word' id='word_1_262' title='bbox 641 1531 688 1556; x_wconf 79' lang='grc' dir='ltr'><strong>καὶ</strong></span> <span class='ocrx_word' id='word_1_263' title='bbox 717 1530 792 1564; x_wconf 81' lang='grc' dir='ltr'>μάλα</span> <span class='ocrx_word' id='word_1_264' title='bbox 820 1529 923 1564; x_wconf 84' lang='grc' dir='ltr'>μᾶλλον</span> 
     </span>
    </p>
   </div>
   <div class='ocr_carea' id='block_1_37' title="bbox 131 1575 923 1614">
    <p class='ocr_par' dir='ltr' id='par_1_37' title="bbox 131 1575 923 1614">
     <span class='ocr_line' id='line_1_37' title="bbox 131 1575 923 1614; baseline -0.006 -8"><span class='ocrx_word' id='word_1_265' title='bbox 131 1579 194 1614; x_wconf 74' lang='grc' dir='ltr'><strong>ἐμὲ,</strong></span> <span class='ocrx_word' id='word_1_266' title='bbox 209 1579 226 1614; x_wconf 82' lang='grc' dir='ltr'><strong>ἢ</strong></span> <span class='ocrx_word' id='word_1_267' title='bbox 241 1579 268 1605; x_wconf 83' lang='grc' dir='ltr'>ετ</span> <span class='ocrx_word' id='word_1_268' title='bbox 281 1587 309 1604; x_wconf 86' lang='grc' dir='ltr'><strong>τι</strong></span> <span class='ocrx_word' id='word_1_269' title='bbox 325 1577 424 1613; x_wconf 80' lang='grc' dir='ltr'>βρέφος</span> <span class='ocrx_word' id='word_1_270' title='bbox 437 1576 562 1604; x_wconf 67' lang='grc' dir='ltr'>ἐϐούλετο</span> <span class='ocrx_word' id='word_1_271' title='bbox 587 1575 678 1611; x_wconf 75' lang='grc' dir='ltr'>μάζαν</span> <span class='ocrx_word' id='word_1_272' title='bbox 694 1575 841 1607; x_wconf 74' lang='grc' dir='ltr'>σιτεῖσθαι,</span> <span class='ocrx_word' id='word_1_273' title='bbox 858 1575 923 1610; x_wconf 79' lang='grc' dir='ltr'>πρὶν</span> 
     </span>
    </p>
   </div>
   <div class='ocr_carea' id='block_1_38' title="bbox 130 1619 923 1658">
    <p class='ocr_par' dir='ltr' id='par_1_38' title="bbox 130 1619 923 1658">
     <span class='ocr_line' id='line_1_38' title="bbox 130 1619 923 1658; baseline -0.009 -5"><span class='ocrx_word' id='word_1_274' title='bbox 130 1619 278 1653; x_wconf 81' lang='grc' dir='ltr'>ἀπότιτϐον</span> <span class='ocrx_word' id='word_1_275' title='bbox 300 1624 437 1658; x_wconf 74' lang='grc' dir='ltr'>γενέσθαι.</span> <span class='ocrx_word' id='word_1_276' title='bbox 473 1623 554 1658; x_wconf 81' lang='grc' dir='ltr'><strong>Ἐξῆν</strong></span> <span class='ocrx_word' id='word_1_277' title='bbox 579 1623 634 1656; x_wconf 74' lang='grc' dir='ltr'>γὰρ</span> <span class='ocrx_word' id='word_1_278' title='bbox 647 1621 680 1648; x_wconf 80' lang='grc' dir='ltr'><strong>ἄν</strong></span> <span class='ocrx_word' id='word_1_279' title='bbox 695 1622 729 1656; x_wconf 80' lang='grc' dir='ltr'><strong>γέ</strong></span> <span class='ocrx_word' id='word_1_280' title='bbox 746 1630 798 1647; x_wconf 89' lang='grc' dir='ltr'><strong>που</strong></span> <span class='ocrx_word' id='word_1_281' title='bbox 815 1622 923 1652; x_wconf 78' lang='grc' dir='ltr'>πάντως</span> 
     </span>
    </p>
   </div>
   <div class='ocr_carea' id='block_1_39' title="bbox 132 1667 924 1704">
    <p class='ocr_par' dir='ltr' id='par_1_39' title="bbox 132 1667 924 1704">
     <span class='ocr_line' id='line_1_39' title="bbox 132 1667 924 1704; baseline -0.008 -5"><span class='ocrx_word' id='word_1_282' title='bbox 132 1671 261 1700; x_wconf 75' lang='grc' dir='ltr'><strong>ἀνιᾶσθαι</strong></span> <span class='ocrx_word' id='word_1_283' title='bbox 275 1669 456 1701; x_wconf 78' lang='grc' dir='ltr'>τελεσθέντος.</span> <span class='ocrx_word' id='word_1_284' title='bbox 468 1670 528 1704; x_wconf 79' lang='grc' dir='ltr'>Χρὴ</span> <span class='ocrx_word' id='word_1_285' title='bbox 542 1669 643 1704; x_wconf 82' lang='grc' dir='ltr'>μέντοι,</span> <span class='ocrx_word' id='word_1_286' title='bbox 656 1667 742 1702; x_wconf 73' lang='grc' dir='ltr'>οἶμαι,</span> <span class='ocrx_word' id='word_1_287' title='bbox 757 1668 793 1699; x_wconf 83' lang='grc' dir='ltr'>ὡς</span> <span class='ocrx_word' id='word_1_288' title='bbox 807 1669 846 1699; x_wconf 82' lang='grc' dir='ltr'>εἰς</span> <span class='ocrx_word' id='word_1_289' title='bbox 860 1668 924 1694; x_wconf 77' lang='grc' dir='ltr'><strong>ἀνά-</strong></span> 
     </span>
    </p>
   </div>
   <div class='ocr_carea' id='block_1_40' title="bbox 132 1715 923 1754">
    <p class='ocr_par' dir='ltr' id='par_1_40' title="bbox 132 1715 923 1754">
     <span class='ocr_line' id='line_1_40' title="bbox 132 1715 923 1754; baseline -0.008 -8"><span class='ocrx_word' id='word_1_290' title='bbox 132 1727 230 1754; x_wconf 84' lang='grc' dir='ltr'>κτορον</span> <span class='ocrx_word' id='word_1_291' title='bbox 244 1718 356 1745; x_wconf 75' lang='grc' dir='ltr'>εἰσιόντι</span> <span class='ocrx_word' id='word_1_292' title='bbox 369 1716 542 1751; x_wconf 78' lang='grc' dir='ltr'>παμπόλλοις</span> <span class='ocrx_word' id='word_1_293' title='bbox 559 1715 776 1750; x_wconf 78' lang='grc' dir='ltr'>φαιδρυνόμενον</span> <span class='ocrx_word' id='word_1_294' title='bbox 803 1716 851 1741; x_wconf 77' lang='grc' dir='ltr'>καὶ</span> <span class='ocrx_word' id='word_1_295' title='bbox 864 1723 923 1740; x_wconf 82' lang='grc' dir='ltr'>ποι-</span> 
     </span>
    </p>
   </div>
   <div class='ocr_carea' id='block_1_41' title="bbox 132 1761 924 1799">
    <p class='ocr_par' dir='ltr' id='par_1_41' title="bbox 132 1761 924 1799">
     <span class='ocr_line' id='line_1_41' title="bbox 132 1761 924 1799; baseline -0.009 -6"><span class='ocrx_word' id='word_1_296' title='bbox 132 1766 219 1797; x_wconf 85' lang='grc' dir='ltr'>κίλοις</span> <span class='ocrx_word' id='word_1_297' title='bbox 235 1765 405 1799; x_wconf 78' lang='grc' dir='ltr'><strong>ἀγάλμασιν,</strong></span> <span class='ocrx_word' id='word_1_298' title='bbox 419 1764 458 1794; x_wconf 81' lang='grc' dir='ltr'>ὣς</span> <span class='ocrx_word' id='word_1_299' title='bbox 472 1764 501 1789; x_wconf 77' lang='grc' dir='ltr'><strong>δὲ</strong></span> <span class='ocrx_word' id='word_1_300' title='bbox 519 1764 572 1789; x_wconf 81' lang='grc' dir='ltr'>κάν</span> <span class='ocrx_word' id='word_1_301' title='bbox 593 1763 649 1793; x_wconf 86' lang='grc' dir='ltr'>τοῖς</span> <span class='ocrx_word' id='word_1_302' title='bbox 668 1761 715 1788; x_wconf 82' lang='grc' dir='ltr'>τοῦ</span> <span class='ocrx_word' id='word_1_303' title='bbox 729 1761 861 1796; x_wconf 81' lang='grc' dir='ltr'>βασιλέως</span> <span class='ocrx_word' id='word_1_304' title='bbox 878 1762 924 1794; x_wconf 74' lang='grc' dir='ltr'><strong>ὲγ-</strong></span> 
     </span>
    </p>
   </div>
   <div class='ocr_carea' id='block_1_42' title="bbox 133 1805 923 1846">
    <p class='ocr_par' dir='ltr' id='par_1_42' title="bbox 133 1805 923 1846">
     <span class='ocr_line' id='line_1_42' title="bbox 133 1805 923 1846; baseline -0.01 -8"><span class='ocrx_word' id='word_1_305' title='bbox 133 1811 249 1846; x_wconf 87' lang='grc' dir='ltr'>κωμίοις</span> <span class='ocrx_word' id='word_1_306' title='bbox 264 1809 405 1843; x_wconf 78' lang='grc' dir='ltr'><strong>γενομένῳ</strong></span> <span class='ocrx_word' id='word_1_307' title='bbox 434 1808 490 1839; x_wconf 80' lang='grc' dir='ltr'>τοῖς</span> <span class='ocrx_word' id='word_1_308' title='bbox 506 1807 597 1838; x_wconf 81' lang='grc' dir='ltr'>ἄλλοις</span> <span class='ocrx_word' id='word_1_309' title='bbox 613 1806 667 1832; x_wconf 87' lang='grc' dir='ltr'>τῶν</span> <span class='ocrx_word' id='word_1_310' title='bbox 696 1805 784 1833; x_wconf 78' lang='grc' dir='ltr'>ἄλλων</span> <span class='ocrx_word' id='word_1_311' title='bbox 799 1813 923 1838; x_wconf 87' lang='grc' dir='ltr'>παρακε-</span> 
     </span>
    </p>
   </div>
   <div class='ocr_carea' id='block_1_43' title="bbox 133 1853 923 1893">
    <p class='ocr_par' dir='ltr' id='par_1_43' title="bbox 133 1853 923 1893">
     <span class='ocr_line' id='line_1_43' title="bbox 133 1853 923 1893; baseline -0.01 -9"><span class='ocrx_word' id='word_1_312' title='bbox 133 1857 275 1893; x_wconf 86' lang='grc' dir='ltr'>χωρηκότι</span> <span class='ocrx_word' id='word_1_313' title='bbox 292 1855 351 1887; x_wconf 75' lang='grc' dir='ltr'>ἑνός</span> <span class='ocrx_word' id='word_1_314' title='bbox 382 1863 433 1881; x_wconf 81' lang='grc' dir='ltr'><strong>που</strong></span> <span class='ocrx_word' id='word_1_315' title='bbox 450 1855 466 1889; x_wconf 78' lang='grc' dir='ltr'>ἦ</span> <span class='ocrx_word' id='word_1_316' title='bbox 486 1855 533 1881; x_wconf 77' lang='grc' dir='ltr'><strong>καὶ</strong></span> <span class='ocrx_word' id='word_1_317' title='bbox 557 1853 604 1880; x_wconf 84' lang='grc' dir='ltr'><strong>δύο</strong></span> <span class='ocrx_word' id='word_1_318' title='bbox 619 1853 649 1879; x_wconf 82' lang='grc' dir='ltr'>τὸ</span> <span class='ocrx_word' id='word_1_319' title='bbox 663 1853 789 1879; x_wconf 83' lang='grc' dir='ltr'>πλεῖστον</span> <span class='ocrx_word' id='word_1_320' title='bbox 804 1853 923 1886; x_wconf 78' lang='grc' dir='ltr'>ἐπιμνη-</span> 
     </span>
    </p>
   </div>
   <div class='ocr_carea' id='block_1_44' title="bbox 135 1898 922 1939">
    <p class='ocr_par' dir='ltr' id='par_1_44' title="bbox 135 1898 922 1939">
     <span class='ocr_line' id='line_1_44' title="bbox 135 1898 922 1939; baseline -0.01 -8"><span class='ocrx_word' id='word_1_321' title='bbox 135 1905 242 1939; x_wconf 81' lang='grc' dir='ltr'>σθῆναι,</span> <span class='ocrx_word' id='word_1_322' title='bbox 259 1903 374 1930; x_wconf 84' lang='grc' dir='ltr'>ΙΙλείονα</span> <span class='ocrx_word' id='word_1_323' title='bbox 390 1903 444 1937; x_wconf 77' lang='grc' dir='ltr'><strong>γὰρ</strong></span> <span class='ocrx_word' id='word_1_324' title='bbox 459 1901 496 1933; x_wconf 86' lang='grc' dir='ltr'>ὡς</span> <span class='ocrx_word' id='word_1_325' title='bbox 512 1901 563 1927; x_wconf 77' lang='grc' dir='ltr'>οὐκ</span> <span class='ocrx_word' id='word_1_326' title='bbox 575 1900 696 1934; x_wconf 68' lang='grc' dir='ltr'><strong>ἀσφαλὲς</strong></span> <span class='ocrx_word' id='word_1_327' title='bbox 713 1899 746 1926; x_wconf 84' lang='grc' dir='ltr'>ἂν</span> <span class='ocrx_word' id='word_1_328' title='bbox 757 1898 801 1934; x_wconf 75' lang='grc' dir='ltr'>εἴη</span> <span class='ocrx_word' id='word_1_329' title='bbox 816 1898 922 1932; x_wconf 76' lang='grc' dir='ltr'>λέγειν,</span> 
     </span>
    </p>
   </div>
   <div class='ocr_carea' id='block_1_45' title="bbox 133 1944 924 1987">
    <p class='ocr_par' dir='ltr' id='par_1_45' title="bbox 133 1944 924 1987">
     <span class='ocr_line' id='line_1_45' title="bbox 133 1944 924 1987; baseline -0.011 -8"><span class='ocrx_word' id='word_1_330' title='bbox 133 1953 186 1987; x_wconf 81' lang='grc' dir='ltr'><strong>ὅτῳ</strong></span> <span class='ocrx_word' id='word_1_331' title='bbox 200 1950 232 1986; x_wconf 82' lang='grc' dir='ltr'><strong>δὴ</strong></span> <span class='ocrx_word' id='word_1_332' title='bbox 253 1949 290 1985; x_wconf 87' lang='grc' dir='ltr'><strong>μὴ</strong></span> <span class='ocrx_word' id='word_1_333' title='bbox 309 1948 474 1983; x_wconf 81' lang='grc' dir='ltr'>μεταμέλειν</span> <span class='ocrx_word' id='word_1_334' title='bbox 500 1948 586 1982; x_wconf 78' lang='grc' dir='ltr'>μέλοι,</span> <span class='ocrx_word' id='word_1_335' title='bbox 617 1946 692 1973; x_wconf 76' lang='grc' dir='ltr'>ἔστιν</span> <span class='ocrx_word' id='word_1_336' title='bbox 718 1944 876 1980; x_wconf 81' lang='grc' dir='ltr'>εἰρημένον.</span> <span class='ocrx_word' id='word_1_337' title='bbox 893 1944 924 1970; x_wconf 80' lang='lat' dir='ltr'><strong>El</strong></span> 
     </span>
    </p>
   </div>
   <div class='ocr_carea' id='block_1_46' title="bbox 134 1990 923 2034">
    <p class='ocr_par' dir='ltr' id='par_1_46' title="bbox 134 1990 923 2034">
     <span class='ocr_line' id='line_1_46' title="bbox 134 1990 923 2034; baseline -0.011 -9"><span class='ocrx_word' id='word_1_338' title='bbox 134 2000 187 2034; x_wconf 82' lang='grc' dir='ltr'><strong>γὰρ</strong></span> <span class='ocrx_word' id='word_1_339' title='bbox 201 1998 256 2024; x_wconf 84' lang='grc' dir='ltr'><strong>τῶν</strong></span> <span class='ocrx_word' id='word_1_340' title='bbox 269 1997 316 2023; x_wconf 78' lang='grc' dir='ltr'>δύο</span> <span class='ocrx_word' id='word_1_341' title='bbox 327 1996 377 2022; x_wconf 80' lang='grc' dir='ltr'><strong>οὐκ</strong></span> <span class='ocrx_word' id='word_1_342' title='bbox 391 1995 510 2030; x_wconf 77' lang='grc' dir='ltr'>εὐχερῶς</span> <span class='ocrx_word' id='word_1_343' title='bbox 522 1994 555 2022; x_wconf 72' lang='grc' dir='ltr'><strong>ἄν</strong></span> <span class='ocrx_word' id='word_1_344' title='bbox 571 2002 612 2025; x_wconf 87' lang='grc' dir='ltr'><strong>τις</strong></span> <span class='ocrx_word' id='word_1_345' title='bbox 627 1991 825 2024; x_wconf 74' lang='grc' dir='ltr'>ἀπαλλάξαιτο,</span> <span class='ocrx_word' id='word_1_346' title='bbox 839 1990 923 2026; x_wconf 84' lang='grc' dir='ltr'>σχολῇ</span> 
     </span>
    </p>
   </div>
   <div class='ocr_carea' id='block_1_47' title="bbox 133 2037 925 2079">
    <p class='ocr_par' dir='ltr' id='par_1_47' title="bbox 133 2037 925 2079">
     <span class='ocr_line' id='line_1_47' title="bbox 133 2037 925 2079; baseline -0.011 -7"><span class='ocrx_word' id='word_1_347' title='bbox 133 2046 186 2072; x_wconf 86' lang='grc' dir='ltr'><strong>τῶν</strong></span> <span class='ocrx_word' id='word_1_348' title='bbox 199 2053 230 2079; x_wconf 81' lang='grc' dir='ltr'>γε</span> <span class='ocrx_word' id='word_1_349' title='bbox 248 2043 390 2070; x_wconf 77' lang='grc' dir='ltr'>πλειόνων.</span> <span class='ocrx_word' id='word_1_350' title='bbox 410 2042 500 2068; x_wconf 72' lang='grc' dir='ltr'>’Ἄλλοι</span> <span class='ocrx_word' id='word_1_351' title='bbox 526 2041 574 2074; x_wconf 68' lang='grc' dir='ltr'>μὲν</span> <span class='ocrx_word' id='word_1_352' title='bbox 589 2040 680 2066; x_wconf 77' lang='grc' dir='ltr'>τοίνυν</span> <span class='ocrx_word' id='word_1_353' title='bbox 697 2039 816 2065; x_wconf 81' lang='grc' dir='ltr'>ἀλλάττα</span> <span class='ocrx_word' id='word_1_354' title='bbox 831 2037 925 2072; x_wconf 81' lang='grc' dir='ltr'>λεγόν-</span> 
     </span>
    </p>
   </div>
   <div class='ocr_carea' id='block_1_48' title="bbox 132 2084 925 2125">
    <p class='ocr_par' dir='ltr' id='par_1_48' title="bbox 132 2084 925 2125">
     <span class='ocr_line' id='line_1_48' title="bbox 132 2084 925 2125; baseline -0.014 -5"><span class='ocrx_word' id='word_1_355' title='bbox 132 2102 197 2125; x_wconf 81' lang='grc' dir='ltr'>των,</span> <span class='ocrx_word' id='word_1_356' title='bbox 211 2092 249 2124; x_wconf 86' lang='grc' dir='ltr'>ὦς</span> <span class='ocrx_word' id='word_1_357' title='bbox 263 2100 295 2125; x_wconf 85' lang='grc' dir='ltr'>γε</span> <span class='ocrx_word' id='word_1_358' title='bbox 308 2090 429 2125; x_wconf 66' lang='lat' dir='ltr'><strong>sip-qut;</strong></span> <span class='ocrx_word' id='word_1_359' title='bbox 439 2088 494 2115; x_wconf 83' lang='grc' dir='ltr'><strong>τῶν</strong></span> <span class='ocrx_word' id='word_1_360' title='bbox 506 2087 553 2114; x_wconf 79' lang='grc' dir='ltr'>τοῦ</span> <span class='ocrx_word' id='word_1_361' title='bbox 570 2086 715 2122; x_wconf 79' lang='grc' dir='ltr'>βασιλέως,</span> <span class='ocrx_word' id='word_1_362' title='bbox 730 2086 791 2120; x_wconf 76' lang='grc' dir='ltr'>ἐμοὶ</span> <span class='ocrx_word' id='word_1_363' title='bbox 803 2085 825 2110; x_wconf 83' lang='grc' dir='ltr'><strong>δ’</strong></span> <span class='ocrx_word' id='word_1_364' title='bbox 840 2084 925 2119; x_wconf 73' lang='grc' dir='ltr'>ἐχέτω</span> 
     </span>
    </p>
   </div>
   <div class='ocr_carea' id='block_1_49' title="bbox 136 2128 925 2173">
    <p class='ocr_par' dir='ltr' id='par_1_49' title="bbox 136 2128 925 2173">
     <span class='ocr_line' id='line_1_49' title="bbox 136 2128 925 2173; baseline -0.014 -9"><span class='ocrx_word' id='word_1_365' title='bbox 136 2138 247 2173; x_wconf 77' lang='grc' dir='ltr'>μνήμην</span> <span class='ocrx_word' id='word_1_366' title='bbox 261 2136 291 2162; x_wconf 80' lang='grc' dir='ltr'><strong>’τό</strong></span> <span class='ocrx_word' id='word_1_367' title='bbox 319 2143 349 2161; x_wconf 77' lang='grc' dir='ltr'><strong>τε</strong></span> <span class='ocrx_word' id='word_1_368' title='bbox 365 2135 414 2168; x_wconf 78' lang='grc' dir='ltr'><strong>τῆς</strong></span> <span class='ocrx_word' id='word_1_369' title='bbox 439 2133 598 2168; x_wconf 74' lang='grc' dir='ltr'>φρονήσεως</span> <span class='ocrx_word' id='word_1_370' title='bbox 618 2129 701 2161; x_wconf 78' lang='grc' dir='ltr'>αὐτοῦ</span> <span class='ocrx_word' id='word_1_371' title='bbox 721 2129 837 2173; x_wconf 75' lang='grc' dir='ltr'>μέγεθος</span> <span class='ocrx_word' id='word_1_372' title='bbox 853 2128 925 2173; x_wconf 18' lang='grc' dir='ltr'>καὶνὸ</span> 
     </span>
    </p>
   </div>
   <div class='ocr_carea' id='block_1_50' title="bbox 133 2170 924 2216">
    <p class='ocr_par' dir='ltr' id='par_1_50' title="bbox 133 2170 924 2216">
     <span class='ocr_line' id='line_1_50' title="bbox 133 2170 924 2216; baseline -0.014 -9"><span class='ocrx_word' id='word_1_373' title='bbox 133 2170 323 2216; x_wconf 38' lang='lat' dir='ltr'><strong>enisum];</strong></span> <span class='ocrx_word' id='word_1_374' title='bbox 342 2177 448 2212; x_wconf 79' lang='grc' dir='ltr'>κρότος.</span> <span class='ocrx_word' id='word_1_375' title='bbox 459 2173 511 2201; x_wconf 77' lang='grc' dir='ltr'><strong>Ὧν</strong></span> <span class='ocrx_word' id='word_1_376' title='bbox 524 2174 606 2205; x_wconf 85' lang='grc' dir='ltr'>αὐτός</span> <span class='ocrx_word' id='word_1_377' title='bbox 621 2182 650 2199; x_wconf 87' lang='grc' dir='ltr'><strong>τε</strong></span> <span class='ocrx_word' id='word_1_378' title='bbox 666 2174 763 2207; x_wconf 87' lang='grc' dir='ltr'>πεῖραν</span> <span class='ocrx_word' id='word_1_379' title='bbox 785 2172 857 2207; x_wconf 85' lang='grc' dir='ltr'>σχὼν</span> <span class='ocrx_word' id='word_1_380' title='bbox 869 2172 924 2202; x_wconf 81' lang='grc' dir='ltr'>τοῖς</span> 
     </span>
    </p>
   </div>
   <div class='ocr_carea' id='block_1_51' title="bbox 970 239 1761 276">
    <p class='ocr_par' dir='ltr' id='par_1_51' title="bbox 970 239 1761 276">
     <span class='ocr_line' id='line_1_51' title="bbox 970 239 1761 276; baseline 0.005 -11"><span class='ocrx_word' id='word_1_381' title='bbox 970 243 1016 266; x_wconf 91' lang='lat' dir='ltr'><strong>tua</strong></span> <span class='ocrx_word' id='word_1_382' title='bbox 1032 239 1103 268; x_wconf 87' lang='lat' dir='ltr'><strong>facta</strong></span> <span class='ocrx_word' id='word_1_383' title='bbox 1124 245 1154 266; x_wconf 90' lang='lat' dir='ltr'><strong>ut</strong></span> <span class='ocrx_word' id='word_1_384' title='bbox 1172 246 1314 268; x_wconf 76' lang='lat' dir='ltr'><strong>merentur</strong></span> <span class='ocrx_word' id='word_1_385' title='bbox 1341 241 1451 268; x_wconf 88' lang='lat' dir='ltr'><strong>laudare</strong></span> <span class='ocrx_word' id='word_1_386' title='bbox 1472 242 1607 272; x_wconf 76' lang='lat' dir='ltr'><strong>instituat,</strong></span> <span class='ocrx_word' id='word_1_387' title='bbox 1623 242 1649 268; x_wconf 93' lang='lat' dir='ltr'><strong>in</strong></span> <span class='ocrx_word' id='word_1_388' title='bbox 1664 242 1761 276; x_wconf 83' lang='lat' dir='ltr'><strong>primis</strong></span> 
     </span>
    </p>
   </div>
   <div class='ocr_carea' id='block_1_52' title="bbox 968 287 1760 325">
    <p class='ocr_par' dir='ltr' id='par_1_52' title="bbox 968 287 1760 325">
     <span class='ocr_line' id='line_1_52' title="bbox 968 287 1760 325; baseline 0.003 -11"><span class='ocrx_word' id='word_1_389' title='bbox 968 287 1090 322; x_wconf 73' lang='lat' dir='ltr'><strong>linguam</strong></span> <span class='ocrx_word' id='word_1_390' title='bbox 1113 293 1187 314; x_wconf 86' lang='lat' dir='ltr'><strong>tuam</strong></span> <span class='ocrx_word' id='word_1_391' title='bbox 1211 288 1393 322; x_wconf 75' lang='lat' dir='ltr'><strong>exoptandam</strong></span> <span class='ocrx_word' id='word_1_392' title='bbox 1423 295 1483 316; x_wconf 84' lang='lat' dir='ltr'><strong>esse</strong></span> <span class='ocrx_word' id='word_1_393' title='bbox 1513 297 1521 314; x_wconf 85' lang='lat'><strong>:</strong></span> <span class='ocrx_word' id='word_1_394' title='bbox 1549 288 1631 325; x_wconf 75' lang='lat'><strong>329</strong></span> <span class='ocrx_word' id='word_1_395' title='bbox 1657 289 1760 323; x_wconf 81' lang='lat' dir='ltr'><strong>alioqui</strong></span> 
     </span>
    </p>
   </div>
   <div class='ocr_carea' id='block_1_53' title="bbox 968 333 1764 369">
    <p class='ocr_par' dir='ltr' id='par_1_53' title="bbox 968 333 1764 369">
     <span class='ocr_line' id='line_1_53' title="bbox 968 333 1764 369; baseline 0 -9"><span class='ocrx_word' id='word_1_396' title='bbox 968 341 1033 361; x_wconf 83' lang='lat' dir='ltr'><strong>vero</strong></span> <span class='ocrx_word' id='word_1_397' title='bbox 1058 333 1195 361; x_wconf 87' lang='lat' dir='ltr'><strong>neminem</strong></span> <span class='ocrx_word' id='word_1_398' title='bbox 1218 334 1244 360; x_wconf 95' lang='lat' dir='ltr'><strong>id</strong></span> <span class='ocrx_word' id='word_1_399' title='bbox 1276 333 1356 360; x_wconf 85' lang='lat' dir='ltr'><strong>facile</strong></span> <span class='ocrx_word' id='word_1_400' title='bbox 1382 339 1512 368; x_wconf 68' lang='lat' dir='ltr'><strong>prmstare</strong></span> <span class='ocrx_word' id='word_1_401' title='bbox 1535 342 1630 369; x_wconf 81' lang='lat' dir='ltr'><strong>posse.</strong></span> <span class='ocrx_word' id='word_1_402' title='bbox 1654 334 1720 361; x_wconf 81' lang='lat' dir='ltr'><strong>Nam</strong></span> <span class='ocrx_word' id='word_1_403' title='bbox 1736 339 1764 360; x_wconf 86' lang='lat' dir='ltr'><strong>et</strong></span> 
     </span>
    </p>
   </div>
   <div class='ocr_carea' id='block_1_54' title="bbox 968 380 1763 415">
    <p class='ocr_par' dir='ltr' id='par_1_54' title="bbox 968 380 1763 415">
     <span class='ocr_line' id='line_1_54' title="bbox 968 380 1763 415; baseline 0 -7"><span class='ocrx_word' id='word_1_404' title='bbox 968 380 1102 408; x_wconf 89' lang='lat' dir='ltr'><strong>orationis</strong></span> <span class='ocrx_word' id='word_1_405' title='bbox 1130 385 1227 407; x_wconf 78' lang='lat' dir='ltr'><strong>ornatu</strong></span> <span class='ocrx_word' id='word_1_406' title='bbox 1255 381 1335 415; x_wconf 83' lang='lat' dir='ltr'><strong>longo</strong></span> <span class='ocrx_word' id='word_1_407' title='bbox 1373 380 1517 407; x_wconf 83' lang='lat' dir='ltr'><strong>intervallo</strong></span> <span class='ocrx_word' id='word_1_408' title='bbox 1547 388 1671 408; x_wconf 84' lang='lat' dir='ltr'><strong>omnesa</strong></span> <span class='ocrx_word' id='word_1_409' title='bbox 1688 386 1763 415; x_wconf 78' lang='lat' dir='ltr'><strong>tergo</strong></span> 
     </span>
    </p>
   </div>
   <div class='ocr_carea' id='block_1_55' title="bbox 969 428 1762 462">
    <p class='ocr_par' dir='ltr' id='par_1_55' title="bbox 969 428 1762 462">
     <span class='ocr_line' id='line_1_55' title="bbox 969 428 1762 462; baseline 0 -8"><span class='ocrx_word' id='word_1_410' title='bbox 969 428 1100 462; x_wconf 86' lang='lat' dir='ltr'><strong>relinquis</strong></span> <span class='ocrx_word' id='word_1_411' title='bbox 1130 435 1137 454; x_wconf 90' lang='lat'><strong>:</strong></span> <span class='ocrx_word' id='word_1_412' title='bbox 1166 435 1217 454; x_wconf 90' lang='lat' dir='ltr'><strong>nec</strong></span> <span class='ocrx_word' id='word_1_413' title='bbox 1245 428 1331 454; x_wconf 89' lang='lat' dir='ltr'><strong>ullmn</strong></span> <span class='ocrx_word' id='word_1_414' title='bbox 1353 428 1380 454; x_wconf 91' lang='lat' dir='ltr'><strong>in</strong></span> <span class='ocrx_word' id='word_1_415' title='bbox 1408 433 1433 455; x_wconf 88' lang='lat' dir='ltr'><strong>te</strong></span> <span class='ocrx_word' id='word_1_416' title='bbox 1454 428 1556 454; x_wconf 85' lang='lat' dir='ltr'><strong>bonum</strong></span> <span class='ocrx_word' id='word_1_417' title='bbox 1579 428 1762 461; x_wconf 86' lang='lat' dir='ltr'><strong>desideratur,</strong></span> 
     </span>
    </p>
   </div>
   <div class='ocr_carea' id='block_1_56' title="bbox 969 474 1763 509">
    <p class='ocr_par' dir='ltr' id='par_1_56' title="bbox 969 474 1763 509">
     <span class='ocr_line' id='line_1_56' title="bbox 969 474 1763 509; baseline -0.001 -8"><span class='ocrx_word' id='word_1_418' title='bbox 969 482 1087 509; x_wconf 87' lang='lat' dir='ltr'><strong>quorum</strong></span> <span class='ocrx_word' id='word_1_419' title='bbox 1114 474 1200 500; x_wconf 92' lang='lat' dir='ltr'><strong>ullum</strong></span> <span class='ocrx_word' id='word_1_420' title='bbox 1231 474 1271 501; x_wconf 80' lang='lat' dir='ltr'><strong>vel</strong></span> <span class='ocrx_word' id='word_1_421' title='bbox 1297 479 1388 501; x_wconf 82' lang='lat' dir='ltr'><strong>nostra</strong></span> <span class='ocrx_word' id='word_1_422' title='bbox 1416 479 1506 506; x_wconf 61' lang='lat' dir='ltr'><strong>male,</strong></span> <span class='ocrx_word' id='word_1_423' title='bbox 1519 475 1562 501; x_wconf 89' lang='lat' dir='ltr'><strong>vel</strong></span> <span class='ocrx_word' id='word_1_424' title='bbox 1581 483 1595 501; x_wconf 89' lang='lat' dir='ltr'><strong>a</strong></span> <span class='ocrx_word' id='word_1_425' title='bbox 1612 474 1763 509; x_wconf 89' lang='lat' dir='ltr'><strong>primordio</strong></span> 
     </span>
    </p>
   </div>
   <div class='ocr_carea' id='block_1_57' title="bbox 970 521 1763 556">
    <p class='ocr_par' dir='ltr' id='par_1_57' title="bbox 970 521 1763 556">
     <span class='ocr_line' id='line_1_57' title="bbox 970 521 1763 556; baseline -0.001 -9"><span class='ocrx_word' id='word_1_426' title='bbox 970 529 1019 555; x_wconf 90' lang='lat' dir='ltr'><strong>par</strong></span> <span class='ocrx_word' id='word_1_427' title='bbox 1031 526 1078 547; x_wconf 88' lang='lat' dir='ltr'><strong>aut</strong></span> <span class='ocrx_word' id='word_1_428' title='bbox 1092 521 1182 547; x_wconf 89' lang='lat' dir='ltr'><strong>simile</strong></span> <span class='ocrx_word' id='word_1_429' title='bbox 1198 521 1353 556; x_wconf 78' lang='lat' dir='ltr'><strong>exemplum</strong></span> <span class='ocrx_word' id='word_1_430' title='bbox 1376 521 1490 555; x_wconf 91' lang='lat' dir='ltr'><strong>reperiri</strong></span> <span class='ocrx_word' id='word_1_431' title='bbox 1506 526 1599 555; x_wconf 84' lang='lat' dir='ltr'><strong>queat.</strong></span> <span class='ocrx_word' id='word_1_432' title='bbox 1615 521 1671 547; x_wconf 82' lang='lat' dir='ltr'><strong>Hoc</strong></span> <span class='ocrx_word' id='word_1_433' title='bbox 1702 528 1763 547; x_wconf 88' lang='lat' dir='ltr'><strong>ora-</strong></span> 
     </span>
    </p>
   </div>
   <div class='ocr_carea' id='block_1_58' title="bbox 971 565 1761 600">
    <p class='ocr_par' dir='ltr' id='par_1_58' title="bbox 971 565 1761 600">
     <span class='ocr_line' id='line_1_58' title="bbox 971 565 1761 600; baseline -0.001 -9"><span class='ocrx_word' id='word_1_434' title='bbox 971 565 1052 592; x_wconf 88' lang='lat' dir='ltr'><strong>tionis</strong></span> <span class='ocrx_word' id='word_1_435' title='bbox 1083 565 1144 592; x_wconf 88' lang='lat' dir='ltr'><strong>loco</strong></span> <span class='ocrx_word' id='word_1_436' title='bbox 1177 573 1266 600; x_wconf 77' lang='lat' dir='ltr'><strong>neque</strong></span> <span class='ocrx_word' id='word_1_437' title='bbox 1295 572 1391 592; x_wconf 87' lang='lat' dir='ltr'><strong>omnes</strong></span> <span class='ocrx_word' id='word_1_438' title='bbox 1416 570 1476 592; x_wconf 89' lang='lat' dir='ltr'><strong>tuas</strong></span> <span class='ocrx_word' id='word_1_439' title='bbox 1497 566 1592 592; x_wconf 83' lang='lat' dir='ltr'><strong>laudes</strong></span> <span class='ocrx_word' id='word_1_440' title='bbox 1609 573 1761 593; x_wconf 66' lang='lat' dir='ltr'><strong>recensere.</strong></span> 
     </span>
    </p>
   </div>
   <div class='ocr_carea' id='block_1_59' title="bbox 970 611 1763 647">
    <p class='ocr_par' dir='ltr' id='par_1_59' title="bbox 970 611 1763 647">
     <span class='ocr_line' id='line_1_59' title="bbox 970 611 1763 647; baseline 0.001 -9"><span class='ocrx_word' id='word_1_441' title='bbox 970 620 1059 646; x_wconf 82' lang='lat' dir='ltr'><strong>neque</strong></span> <span class='ocrx_word' id='word_1_442' title='bbox 1073 612 1179 646; x_wconf 85' lang='lat' dir='ltr'><strong>aliquas</strong></span> <span class='ocrx_word' id='word_1_443' title='bbox 1206 611 1348 646; x_wconf 63' lang='lat' dir='ltr'><strong>praeterire</strong></span> <span class='ocrx_word' id='word_1_444' title='bbox 1373 612 1463 639; x_wconf 84' lang='lat' dir='ltr'><strong>audeo</strong></span> <span class='ocrx_word' id='word_1_445' title='bbox 1482 612 1659 639; x_wconf 70' lang='lat' dir='ltr'><strong>evidentibus</strong></span> <span class='ocrx_word' id='word_1_446' title='bbox 1672 614 1763 647; x_wconf 48' lang='lat' dir='ltr'><strong>gravi.</strong></span> 
     </span>
    </p>
   </div>
   <div class='ocr_carea' id='block_1_60' title="bbox 972 658 1764 693">
    <p class='ocr_par' dir='ltr' id='par_1_60' title="bbox 972 658 1764 693">
     <span class='ocr_line' id='line_1_60' title="bbox 972 658 1764 693; baseline 0.001 -9"><span class='ocrx_word' id='word_1_447' title='bbox 972 658 1079 693; x_wconf 82' lang='lat' dir='ltr'><strong>busque</strong></span> <span class='ocrx_word' id='word_1_448' title='bbox 1097 659 1142 685; x_wconf 46' lang='lat' dir='ltr'><strong>de;</strong></span> <span class='ocrx_word' id='word_1_449' title='bbox 1158 658 1257 686; x_wconf 76' lang='lat' dir='ltr'><strong>causis.</strong></span> <span class='ocrx_word' id='word_1_450' title='bbox 1284 658 1351 685; x_wconf 84' lang='lat' dir='ltr'><strong>Nam</strong></span> <span class='ocrx_word' id='word_1_451' title='bbox 1369 663 1397 686; x_wconf 88' lang='lat' dir='ltr'><strong>et</strong></span> <span class='ocrx_word' id='word_1_452' title='bbox 1428 658 1529 693; x_wconf 89' lang='lat' dir='ltr'><strong>ingenii</strong></span> <span class='ocrx_word' id='word_1_453' title='bbox 1549 658 1724 685; x_wconf 76' lang='lat' dir='ltr'><strong>imbecillitas</strong></span> <span class='ocrx_word' id='word_1_454' title='bbox 1736 663 1764 685; x_wconf 84' lang='lat' dir='ltr'><strong>et</strong></span> 
     </span>
    </p>
   </div>
   <div class='ocr_carea' id='block_1_61' title="bbox 971 702 1762 737">
    <p class='ocr_par' dir='ltr' id='par_1_61' title="bbox 971 702 1762 737">
     <span class='ocr_line' id='line_1_61' title="bbox 971 702 1762 737; baseline -0.003 -7"><span class='ocrx_word' id='word_1_455' title='bbox 971 703 1056 730; x_wconf 82' lang='lat' dir='ltr'><strong>debiti</strong></span> <span class='ocrx_word' id='word_1_456' title='bbox 1079 703 1240 737; x_wconf 73' lang='lat' dir='ltr'><strong>magnitudo</strong></span> <span class='ocrx_word' id='word_1_457' title='bbox 1260 702 1381 729; x_wconf 89' lang='lat' dir='ltr'><strong>animum</strong></span> <span class='ocrx_word' id='word_1_458' title='bbox 1398 710 1487 730; x_wconf 85' lang='lat' dir='ltr'><strong>meum</strong></span> <span class='ocrx_word' id='word_1_459' title='bbox 1503 702 1611 728; x_wconf 85' lang='lat' dir='ltr'><strong>diverse</strong></span> <span class='ocrx_word' id='word_1_460' title='bbox 1629 702 1741 728; x_wconf 87' lang='lat' dir='ltr'><strong>trahunt</strong></span> <span class='ocrx_word' id='word_1_461' title='bbox 1753 710 1762 728; x_wconf 84' lang='lat'><strong><em>:</em></strong></span> 
     </span>
    </p>
   </div>
   <div class='ocr_carea' id='block_1_62' title="bbox 970 749 1763 784">
    <p class='ocr_par' dir='ltr' id='par_1_62' title="bbox 970 749 1763 784">
     <span class='ocr_line' id='line_1_62' title="bbox 970 749 1763 784; baseline -0.003 -9"><span class='ocrx_word' id='word_1_462' title='bbox 970 755 1000 776; x_wconf 87' lang='lat' dir='ltr'><strong>ut</strong></span> <span class='ocrx_word' id='word_1_463' title='bbox 1015 749 1167 783; x_wconf 84' lang='lat' dir='ltr'><strong>periculum</strong></span> <span class='ocrx_word' id='word_1_464' title='bbox 1194 750 1325 784; x_wconf 85' lang='lat' dir='ltr'><strong>utrinque</strong></span> <span class='ocrx_word' id='word_1_465' title='bbox 1357 749 1464 776; x_wconf 83' lang='lat' dir='ltr'><strong>caventi</strong></span> <span class='ocrx_word' id='word_1_466' title='bbox 1483 749 1550 776; x_wconf 81' lang='lat' dir='ltr'><strong>milli</strong></span> <span class='ocrx_word' id='word_1_467' title='bbox 1576 754 1604 775; x_wconf 86' lang='lat' dir='ltr'><strong>et</strong></span> <span class='ocrx_word' id='word_1_468' title='bbox 1617 753 1763 781; x_wconf 85' lang='lat' dir='ltr'><strong>utrumque</strong></span> 
     </span>
    </p>
   </div>
   <div class='ocr_carea' id='block_1_63' title="bbox 970 795 1763 828">
    <p class='ocr_par' dir='ltr' id='par_1_63' title="bbox 970 795 1763 828">
     <span class='ocr_line' id='line_1_63' title="bbox 970 795 1763 828; baseline -0.004 -5"><span class='ocrx_word' id='word_1_469' title='bbox 970 796 1006 823; x_wconf 87' lang='lat' dir='ltr'><strong>sit</strong></span> <span class='ocrx_word' id='word_1_470' title='bbox 1020 796 1187 825; x_wconf 84' lang='lat' dir='ltr'><strong>conandum.</strong></span> <span class='ocrx_word' id='word_1_471' title='bbox 1205 801 1233 822; x_wconf 87' lang='lat' dir='ltr'><strong>et</strong></span> <span class='ocrx_word' id='word_1_472' title='bbox 1247 801 1387 828; x_wconf 87' lang='lat' dir='ltr'><strong>neutrum,</strong></span> <span class='ocrx_word' id='word_1_473' title='bbox 1410 795 1543 822; x_wconf 83' lang='lat' dir='ltr'><strong>ambobus</strong></span> <span class='ocrx_word' id='word_1_474' title='bbox 1567 795 1638 821; x_wconf 86' lang='lat' dir='ltr'><strong>inter</strong></span> <span class='ocrx_word' id='word_1_475' title='bbox 1654 802 1682 820; x_wconf 88' lang='lat' dir='ltr'><strong>se</strong></span> <span class='ocrx_word' id='word_1_476' title='bbox 1696 802 1763 820; x_wconf 85' lang='lat' dir='ltr'><strong>cou-</strong></span> 
     </span>
    </p>
   </div>
   <div class='ocr_carea' id='block_1_64' title="bbox 969 840 1763 876">
    <p class='ocr_par' dir='ltr' id='par_1_64' title="bbox 969 840 1763 876">
     <span class='ocr_line' id='line_1_64' title="bbox 969 840 1763 876; baseline -0.004 -8"><span class='ocrx_word' id='word_1_477' title='bbox 969 841 1128 876; x_wconf 81' lang='lat' dir='ltr'><strong>jungeudis.</strong></span> <span class='ocrx_word' id='word_1_478' title='bbox 1152 841 1180 868; x_wconf 71' lang='lat' dir='ltr'><strong>Si</strong></span> <span class='ocrx_word' id='word_1_479' title='bbox 1203 841 1276 868; x_wconf 89' lang='lat' dir='ltr'><strong>enim</strong></span> <span class='ocrx_word' id='word_1_480' title='bbox 1305 842 1323 868; x_wconf 91' lang='lat' dir='ltr'><strong>ii</strong></span> <span class='ocrx_word' id='word_1_481' title='bbox 1343 849 1449 873; x_wconf 86' lang='lat' dir='ltr'><strong>omnes,</strong></span> <span class='ocrx_word' id='word_1_482' title='bbox 1467 840 1567 875; x_wconf 83' lang='lat' dir='ltr'><strong>quibus</strong></span> <span class='ocrx_word' id='word_1_483' title='bbox 1594 841 1698 867; x_wconf 72' lang='lat' dir='ltr'><strong>illustre</strong></span> <span class='ocrx_word' id='word_1_484' title='bbox 1713 847 1763 866; x_wconf 73' lang='grc' dir='ltr'>ιιι)-</span> 
     </span>
    </p>
   </div>
   <div class='ocr_carea' id='block_1_65' title="bbox 971 886 1761 922">
    <p class='ocr_par' dir='ltr' id='par_1_65' title="bbox 971 886 1761 922">
     <span class='ocr_line' id='line_1_65' title="bbox 971 886 1761 922; baseline -0.003 -8"><span class='ocrx_word' id='word_1_485' title='bbox 971 895 1033 915; x_wconf 86' lang='lat' dir='ltr'><strong>men</strong></span> <span class='ocrx_word' id='word_1_486' title='bbox 1049 887 1114 914; x_wconf 91' lang='lat' dir='ltr'><strong>olim</strong></span> <span class='ocrx_word' id='word_1_487' title='bbox 1139 887 1260 914; x_wconf 72' lang='lat' dir='ltr'><strong>eruditio</strong></span> <span class='ocrx_word' id='word_1_488' title='bbox 1281 888 1398 922; x_wconf 81' lang='lat' dir='ltr'><strong>peperit,</strong></span> <span class='ocrx_word' id='word_1_489' title='bbox 1420 886 1558 915; x_wconf 80' lang='lat' dir='ltr'><strong>adessent.</strong></span> <span class='ocrx_word' id='word_1_490' title='bbox 1588 894 1639 913; x_wconf 87' lang='lat' dir='ltr'><strong>nec</strong></span> <span class='ocrx_word' id='word_1_491' title='bbox 1670 892 1761 913; x_wconf 79' lang='lat' dir='ltr'><strong>tamen</strong></span> 
     </span>
    </p>
   </div>
   <div class='ocr_carea' id='block_1_66' title="bbox 970 934 1761 969">
    <p class='ocr_par' dir='ltr' id='par_1_66' title="bbox 970 934 1761 969">
     <span class='ocr_line' id='line_1_66' title="bbox 970 934 1761 969; baseline -0.005 -8"><span class='ocrx_word' id='word_1_492' title='bbox 970 939 1133 969; x_wconf 78' lang='lat' dir='ltr'><strong>argumento</strong></span> <span class='ocrx_word' id='word_1_493' title='bbox 1146 934 1305 961; x_wconf 75' lang='lat' dir='ltr'><strong>satisfacere</strong></span> <span class='ocrx_word' id='word_1_494' title='bbox 1320 937 1454 968; x_wconf 80' lang='lat' dir='ltr'><strong>possent:</strong></span> <span class='ocrx_word' id='word_1_495' title='bbox 1468 937 1496 960; x_wconf 89' lang='lat' dir='ltr'><strong>et</strong></span> <span class='ocrx_word' id='word_1_496' title='bbox 1508 934 1603 959; x_wconf 86' lang='lat' dir='ltr'><strong>eadem</strong></span> <span class='ocrx_word' id='word_1_497' title='bbox 1614 937 1761 959; x_wconf 82' lang='lat' dir='ltr'><strong>esteorum</strong></span> 
     </span>
    </p>
   </div>
   <div class='ocr_carea' id='block_1_67' title="bbox 971 978 1761 1015">
    <p class='ocr_par' dir='ltr' id='par_1_67' title="bbox 971 978 1761 1015">
     <span class='ocr_line' id='line_1_67' title="bbox 971 978 1761 1015; baseline -0.004 -8"><span class='ocrx_word' id='word_1_498' title='bbox 971 981 1054 1008; x_wconf 87' lang='lat' dir='ltr'><strong>etiam</strong></span> <span class='ocrx_word' id='word_1_499' title='bbox 1074 980 1203 1015; x_wconf 87' lang='lat' dir='ltr'><strong>quinunc</strong></span> <span class='ocrx_word' id='word_1_500' title='bbox 1223 980 1319 1006; x_wconf 89' lang='lat' dir='ltr'><strong>vivunt</strong></span> <span class='ocrx_word' id='word_1_501' title='bbox 1334 979 1456 1006; x_wconf 86' lang='lat' dir='ltr'><strong>conditio</strong></span> <span class='ocrx_word' id='word_1_502' title='bbox 1475 989 1481 1006; x_wconf 93' lang='lat'><strong>:</strong></span> <span class='ocrx_word' id='word_1_503' title='bbox 1497 978 1562 1014; x_wconf 86' lang='lat' dir='ltr'><strong>quid</strong></span> <span class='ocrx_word' id='word_1_504' title='bbox 1581 978 1648 1004; x_wconf 91' lang='lat' dir='ltr'><strong>mihi</strong></span> <span class='ocrx_word' id='word_1_505' title='bbox 1666 981 1761 1009; x_wconf 82' lang='lat' dir='ltr'><strong>restat,</strong></span> 
     </span>
    </p>
   </div>
   <div class='ocr_carea' id='block_1_68' title="bbox 971 1023 1760 1059">
    <p class='ocr_par' dir='ltr' id='par_1_68' title="bbox 971 1023 1760 1059">
     <span class='ocr_line' id='line_1_68' title="bbox 971 1023 1760 1059; baseline -0.004 -7"><span class='ocrx_word' id='word_1_506' title='bbox 971 1026 1025 1053; x_wconf 83' lang='lat' dir='ltr'><strong>nisi</strong></span> <span class='ocrx_word' id='word_1_507' title='bbox 1047 1031 1075 1053; x_wconf 91' lang='lat' dir='ltr'><strong>ut</strong></span> <span class='ocrx_word' id='word_1_508' title='bbox 1101 1026 1218 1052; x_wconf 77' lang='lat' dir='ltr'><strong>maxima</strong></span> <span class='ocrx_word' id='word_1_509' title='bbox 1243 1032 1320 1059; x_wconf 84' lang='lat' dir='ltr'><strong>parte</strong></span> <span class='ocrx_word' id='word_1_510' title='bbox 1343 1025 1443 1052; x_wconf 84' lang='lat' dir='ltr'><strong>omissa</strong></span> <span class='ocrx_word' id='word_1_511' title='bbox 1475 1024 1590 1059; x_wconf 82' lang='lat' dir='ltr'><strong>paucula</strong></span> <span class='ocrx_word' id='word_1_512' title='bbox 1614 1023 1760 1058; x_wconf 81' lang='lat' dir='ltr'><strong>explicem.</strong></span> 
     </span>
    </p>
   </div>
   <div class='ocr_carea' id='block_1_69' title="bbox 971 1070 1762 1107">
    <p class='ocr_par' dir='ltr' id='par_1_69' title="bbox 971 1070 1762 1107">
     <span class='ocr_line' id='line_1_69' title="bbox 971 1070 1762 1107; baseline -0.008 -7"><span class='ocrx_word' id='word_1_513' title='bbox 971 1080 1032 1107; x_wconf 71' lang='lat' dir='ltr'><strong>quae</strong></span> <span class='ocrx_word' id='word_1_514' title='bbox 1056 1073 1115 1099; x_wconf 82' lang='lat' dir='ltr'><strong>sine</strong></span> <span class='ocrx_word' id='word_1_515' title='bbox 1137 1072 1258 1106; x_wconf 89' lang='lat' dir='ltr'><strong>periculo</strong></span> <span class='ocrx_word' id='word_1_516' title='bbox 1284 1077 1402 1098; x_wconf 82' lang='lat' dir='ltr'><strong>tractare</strong></span> <span class='ocrx_word' id='word_1_517' title='bbox 1427 1071 1548 1105; x_wconf 79' lang='lat' dir='ltr'><strong>possim?</strong></span> <span class='ocrx_word' id='word_1_518' title='bbox 1573 1078 1607 1096; x_wconf 89' lang='lat' dir='ltr'><strong>ne</strong></span> <span class='ocrx_word' id='word_1_519' title='bbox 1628 1070 1708 1099; x_wconf 83' lang='lat' dir='ltr'><strong>forte.</strong></span> <span class='ocrx_word' id='word_1_520' title='bbox 1732 1072 1762 1094; x_wconf 92' lang='lat' dir='ltr'><strong>ut</strong></span> 
     </span>
    </p>
   </div>
   <div class='ocr_carea' id='block_1_70' title="bbox 973 1114 1763 1153">
    <p class='ocr_par' dir='ltr' id='par_1_70' title="bbox 973 1114 1763 1153">
     <span class='ocr_line' id='line_1_70' title="bbox 973 1114 1763 1153; baseline -0.006 -8"><span class='ocrx_word' id='word_1_521' title='bbox 973 1117 1180 1153; x_wconf 82' lang='lat' dir='ltr'><strong>Olympicorum</strong></span> <span class='ocrx_word' id='word_1_522' title='bbox 1210 1118 1391 1144; x_wconf 70' lang='lat' dir='ltr'><strong>crrtaminum</strong></span> <span class='ocrx_word' id='word_1_523' title='bbox 1421 1116 1519 1147; x_wconf 82' lang='lat' dir='ltr'><strong>rudes,</strong></span> <span class='ocrx_word' id='word_1_524' title='bbox 1545 1121 1653 1149; x_wconf 87' lang='lat' dir='ltr'><strong>meapte</strong></span> <span class='ocrx_word' id='word_1_525' title='bbox 1683 1114 1763 1148; x_wconf 81' lang='lat' dir='ltr'><strong>culpa</strong></span> 
     </span>
    </p>
   </div>
   <div class='ocr_carea' id='block_1_71' title="bbox 972 1158 1763 1198">
    <p class='ocr_par' dir='ltr' id='par_1_71' title="bbox 972 1158 1763 1198">
     <span class='ocr_line' id='line_1_71' title="bbox 972 1158 1763 1198; baseline -0.006 -8"><span class='ocrx_word' id='word_1_526' title='bbox 972 1158 1117 1198; x_wconf 82' lang='lat' dir='ltr'><strong>suscipiam</strong></span> <span class='ocrx_word' id='word_1_527' title='bbox 1138 1163 1267 1190; x_wconf 84' lang='lat' dir='ltr'><strong>dedecus.</strong></span> <span class='ocrx_word' id='word_1_528' title='bbox 1291 1163 1331 1189; x_wconf 87' lang='lat' dir='ltr'><strong>Ac</strong></span> <span class='ocrx_word' id='word_1_529' title='bbox 1350 1163 1464 1189; x_wconf 81' lang='lat' dir='ltr'><strong>omnino</strong></span> <span class='ocrx_word' id='word_1_530' title='bbox 1488 1169 1649 1196; x_wconf 74' lang='lat' dir='ltr'><strong>persuasum</strong></span> <span class='ocrx_word' id='word_1_531' title='bbox 1664 1160 1763 1191; x_wconf 81' lang='lat' dir='ltr'><strong>habeo,</strong></span> 
     </span>
    </p>
   </div>
   <div class='ocr_carea' id='block_1_72' title="bbox 972 1207 1764 1243">
    <p class='ocr_par' dir='ltr' id='par_1_72' title="bbox 972 1207 1764 1243">
     <span class='ocr_line' id='line_1_72' title="bbox 972 1207 1764 1243; baseline -0.005 -7"><span class='ocrx_word' id='word_1_532' title='bbox 972 1207 1042 1236; x_wconf 87' lang='lat' dir='ltr'><strong>nihil</strong></span> <span class='ocrx_word' id='word_1_533' title='bbox 1069 1209 1192 1236; x_wconf 91' lang='lat' dir='ltr'><strong>omnium</strong></span> <span class='ocrx_word' id='word_1_534' title='bbox 1212 1216 1292 1243; x_wconf 66' lang='lat' dir='ltr'><strong>teque</strong></span> <span class='ocrx_word' id='word_1_535' title='bbox 1316 1216 1348 1236; x_wconf 87' lang='lat' dir='ltr'><strong>ac</strong></span> <span class='ocrx_word' id='word_1_536' title='bbox 1364 1208 1516 1243; x_wconf 89' lang='lat' dir='ltr'><strong>periculum</strong></span> <span class='ocrx_word' id='word_1_537' title='bbox 1537 1209 1588 1235; x_wconf 88' lang='lat' dir='ltr'><strong>hoc</strong></span> <span class='ocrx_word' id='word_1_538' title='bbox 1611 1207 1764 1235; x_wconf 84' lang='lat' dir='ltr'><strong>cavendum</strong></span> 
     </span>
    </p>
   </div>
   <div class='ocr_carea' id='block_1_73' title="bbox 972 1254 1764 1293">
    <p class='ocr_par' dir='ltr' id='par_1_73' title="bbox 972 1254 1764 1293">
     <span class='ocr_line' id='line_1_73' title="bbox 972 1254 1764 1293; baseline -0.004 -9"><span class='ocrx_word' id='word_1_539' title='bbox 972 1264 1033 1284; x_wconf 83' lang='lat' dir='ltr'><strong>esse</strong></span> <span class='ocrx_word' id='word_1_540' title='bbox 1045 1256 1124 1289; x_wconf 84' lang='lat' dir='ltr'><strong>mihi,</strong></span> <span class='ocrx_word' id='word_1_541' title='bbox 1140 1261 1168 1283; x_wconf 84' lang='lat' dir='ltr'><strong>et</strong></span> <span class='ocrx_word' id='word_1_542' title='bbox 1183 1255 1270 1283; x_wconf 89' lang='lat' dir='ltr'><strong>nihilo</strong></span> <span class='ocrx_word' id='word_1_543' title='bbox 1284 1257 1375 1283; x_wconf 91' lang='lat' dir='ltr'><strong>minus</strong></span> <span class='ocrx_word' id='word_1_544' title='bbox 1392 1263 1473 1290; x_wconf 82' lang='lat' dir='ltr'><strong>quain</strong></span> <span class='ocrx_word' id='word_1_545' title='bbox 1487 1255 1514 1293; x_wconf 28' lang='lat' dir='ltr'><strong>si.</strong></span> <span class='ocrx_word' id='word_1_546' title='bbox 1530 1255 1629 1286; x_wconf 81' lang='lat' dir='ltr'><strong>infans,</strong></span> <span class='ocrx_word' id='word_1_547' title='bbox 1642 1254 1764 1281; x_wconf 83' lang='lat' dir='ltr'><strong>nondum</strong></span> 
     </span>
    </p>
   </div>
   <div class='ocr_carea' id='block_1_74' title="bbox 973 1301 1762 1337">
    <p class='ocr_par' dir='ltr' id='par_1_74' title="bbox 973 1301 1762 1337">
     <span class='ocr_line' id='line_1_74' title="bbox 973 1301 1762 1337; baseline -0.004 -7"><span class='ocrx_word' id='word_1_548' title='bbox 973 1303 1007 1331; x_wconf 82' lang='lat' dir='ltr'><strong>ab</strong></span> <span class='ocrx_word' id='word_1_549' title='bbox 1034 1303 1118 1330; x_wconf 87' lang='lat' dir='ltr'><strong>ubere</strong></span> <span class='ocrx_word' id='word_1_550' title='bbox 1138 1309 1270 1334; x_wconf 83' lang='lat' dir='ltr'><strong>remotus,</strong></span> <span class='ocrx_word' id='word_1_551' title='bbox 1295 1311 1365 1337; x_wconf 86' lang='lat' dir='ltr'><strong>pane</strong></span> <span class='ocrx_word' id='word_1_552' title='bbox 1390 1303 1463 1330; x_wconf 82' lang='lat' dir='ltr'><strong>vesci</strong></span> <span class='ocrx_word' id='word_1_553' title='bbox 1485 1303 1586 1336; x_wconf 84' lang='lat' dir='ltr'><strong>cupiat.</strong></span> <span class='ocrx_word' id='word_1_554' title='bbox 1610 1301 1677 1329; x_wconf 80' lang='lat' dir='ltr'><strong>Nam</strong></span> <span class='ocrx_word' id='word_1_555' title='bbox 1696 1302 1718 1328; x_wconf 89' lang='lat' dir='ltr'><strong>si</strong></span> <span class='ocrx_word' id='word_1_556' title='bbox 1737 1301 1762 1328; x_wconf 87' lang='lat' dir='ltr'><strong>id</strong></span> 
     </span>
    </p>
   </div>
   <div class='ocr_carea' id='block_1_75' title="bbox 974 1348 1765 1383">
    <p class='ocr_par' dir='ltr' id='par_1_75' title="bbox 974 1348 1765 1383">
     <span class='ocr_line' id='line_1_75' title="bbox 974 1348 1765 1383; baseline -0.003 -7"><span class='ocrx_word' id='word_1_557' title='bbox 974 1349 1063 1381; x_wconf 82' lang='lat' dir='ltr'><strong>ﬁeret,</strong></span> <span class='ocrx_word' id='word_1_558' title='bbox 1075 1354 1151 1376; x_wconf 83' lang='lat' dir='ltr'><strong>esset</strong></span> <span class='ocrx_word' id='word_1_559' title='bbox 1165 1349 1259 1383; x_wconf 83' lang='lat' dir='ltr'><strong>utique</strong></span> <span class='ocrx_word' id='word_1_560' title='bbox 1272 1349 1383 1376; x_wconf 82' lang='lat' dir='ltr'><strong>dolendi</strong></span> <span class='ocrx_word' id='word_1_561' title='bbox 1400 1349 1486 1376; x_wconf 88' lang='lat' dir='ltr'><strong>locus.</strong></span> <span class='ocrx_word' id='word_1_562' title='bbox 1507 1348 1564 1376; x_wconf 85' lang='lat' dir='ltr'><strong>Etsi</strong></span> <span class='ocrx_word' id='word_1_563' title='bbox 1581 1353 1671 1375; x_wconf 76' lang='lat' dir='ltr'><strong>autem</strong></span> <span class='ocrx_word' id='word_1_564' title='bbox 1682 1355 1765 1374; x_wconf 89' lang='lat' dir='ltr'><strong>cona-</strong></span> 
     </span>
    </p>
   </div>
   <div class='ocr_carea' id='block_1_76' title="bbox 976 1394 1755 1428">
    <p class='ocr_par' dir='ltr' id='par_1_76' title="bbox 976 1394 1755 1428">
     <span class='ocr_line' id='line_1_76' title="bbox 976 1394 1755 1428; baseline -0.003 -6"><span class='ocrx_word' id='word_1_565' title='bbox 976 1401 1020 1423; x_wconf 90' lang='lat' dir='ltr'><strong>tus</strong></span> <span class='ocrx_word' id='word_1_566' title='bbox 1035 1400 1078 1423; x_wconf 89' lang='lat' dir='ltr'><strong>est</strong></span> <span class='ocrx_word' id='word_1_567' title='bbox 1092 1395 1205 1428; x_wconf 85' lang='lat' dir='ltr'><strong>arduus,</strong></span> <span class='ocrx_word' id='word_1_568' title='bbox 1226 1400 1316 1422; x_wconf 81' lang='lat' dir='ltr'><strong>tamen</strong></span> <span class='ocrx_word' id='word_1_569' title='bbox 1331 1394 1430 1422; x_wconf 86' lang='lat' dir='ltr'><strong>decere</strong></span> <span class='ocrx_word' id='word_1_570' title='bbox 1450 1395 1569 1422; x_wconf 84' lang='lat' dir='ltr'><strong>arbitror</strong></span> <span class='ocrx_word' id='word_1_571' title='bbox 1592 1402 1647 1421; x_wconf 86' lang='lat' dir='ltr'><strong>non</strong></span> <span class='ocrx_word' id='word_1_572' title='bbox 1664 1394 1755 1420; x_wconf 85' lang='lat' dir='ltr'><strong>minus</strong></span> 
     </span>
    </p>
   </div>
   <div class='ocr_carea' id='block_1_77' title="bbox 974 1441 1767 1476">
    <p class='ocr_par' dir='ltr' id='par_1_77' title="bbox 974 1441 1767 1476">
     <span class='ocr_line' id='line_1_77' title="bbox 974 1441 1767 1476; baseline -0.003 -8"><span class='ocrx_word' id='word_1_573' title='bbox 974 1449 1056 1475; x_wconf 81' lang='lat' dir='ltr'><strong>quam</strong></span> <span class='ocrx_word' id='word_1_574' title='bbox 1072 1441 1095 1468; x_wconf 88' lang='lat' dir='ltr'><strong>si</strong></span> <span class='ocrx_word' id='word_1_575' title='bbox 1121 1441 1149 1468; x_wconf 91' lang='lat' dir='ltr'><strong>in</strong></span> <span class='ocrx_word' id='word_1_576' title='bbox 1177 1441 1330 1468; x_wconf 84' lang='lat' dir='ltr'><strong>sacrarium</strong></span> <span class='ocrx_word' id='word_1_577' title='bbox 1359 1441 1449 1468; x_wconf 84' lang='lat' dir='ltr'><strong>omnis</strong></span> <span class='ocrx_word' id='word_1_578' title='bbox 1473 1441 1583 1476; x_wconf 77' lang='lat' dir='ltr'><strong>generis</strong></span> <span class='ocrx_word' id='word_1_579' title='bbox 1603 1441 1767 1475; x_wconf 85' lang='lat' dir='ltr'><strong>imaginibus</strong></span> 
     </span>
    </p>
   </div>
   <div class='ocr_carea' id='block_1_78' title="bbox 974 1487 1766 1522">
    <p class='ocr_par' dir='ltr' id='par_1_78' title="bbox 974 1487 1766 1522">
     <span class='ocr_line' id='line_1_78' title="bbox 974 1487 1766 1522; baseline -0.003 -8"><span class='ocrx_word' id='word_1_580' title='bbox 974 1492 1137 1514; x_wconf 84' lang='lat' dir='ltr'><strong>exornatum</strong></span> <span class='ocrx_word' id='word_1_581' title='bbox 1156 1487 1316 1522; x_wconf 83' lang='lat' dir='ltr'><strong>ingrederer</strong></span> <span class='ocrx_word' id='word_1_582' title='bbox 1341 1496 1348 1515; x_wconf 85' lang='lat'><strong>;</strong></span> <span class='ocrx_word' id='word_1_583' title='bbox 1363 1487 1399 1514; x_wconf 86' lang='lat' dir='ltr'><strong>ita</strong></span> <span class='ocrx_word' id='word_1_584' title='bbox 1415 1487 1498 1522; x_wconf 81' lang='lat'><strong>330</strong></span> <span class='ocrx_word' id='word_1_585' title='bbox 1514 1487 1597 1514; x_wconf 85' lang='lat' dir='ltr'><strong>etiam</strong></span> <span class='ocrx_word' id='word_1_586' title='bbox 1617 1487 1766 1519; x_wconf 85' lang='lat' dir='ltr'><strong>imperato-</strong></span> 
     </span>
    </p>
   </div>
   <div class='ocr_carea' id='block_1_79' title="bbox 938 1532 1767 1580">
    <p class='ocr_par' dir='ltr' id='par_1_79' title="bbox 938 1532 1767 1580">
     <span class='ocr_line' id='line_1_79' title="bbox 938 1532 1767 1580; baseline -0.002 -20"><span class='ocrx_word' id='word_1_587' title='bbox 938 1551 959 1580; x_wconf 63' lang='grc' dir='ltr'><em>ε</em></span> <span class='ocrx_word' id='word_1_588' title='bbox 977 1533 1016 1560; x_wconf 86' lang='lat' dir='ltr'><strong>ris</strong></span> <span class='ocrx_word' id='word_1_589' title='bbox 1030 1533 1127 1560; x_wconf 87' lang='lat' dir='ltr'><strong>laudes</strong></span> <span class='ocrx_word' id='word_1_590' title='bbox 1140 1537 1285 1569; x_wconf 74' lang='lat' dir='ltr'><strong>aggressus</strong></span> <span class='ocrx_word' id='word_1_591' title='bbox 1295 1538 1394 1560; x_wconf 64' lang='lat' dir='ltr'><strong>cetera</strong></span> <span class='ocrx_word' id='word_1_592' title='bbox 1408 1534 1469 1560; x_wconf 86' lang='lat' dir='ltr'><strong>aliis</strong></span> <span class='ocrx_word' id='word_1_593' title='bbox 1484 1532 1672 1564; x_wconf 79' lang='lat' dir='ltr'><strong>concedenda,</strong></span> <span class='ocrx_word' id='word_1_594' title='bbox 1686 1532 1767 1559; x_wconf 90' lang='lat' dir='ltr'><strong>unius</strong></span> 
     </span>
    </p>
   </div>
   <div class='ocr_carea' id='block_1_80' title="bbox 976 1579 1765 1615">
    <p class='ocr_par' dir='ltr' id='par_1_80' title="bbox 976 1579 1765 1615">
     <span class='ocr_line' id='line_1_80' title="bbox 976 1579 1765 1615; baseline -0.001 -8"><span class='ocrx_word' id='word_1_595' title='bbox 976 1587 1042 1607; x_wconf 88' lang='lat' dir='ltr'><strong>vero</strong></span> <span class='ocrx_word' id='word_1_596' title='bbox 1063 1585 1147 1615; x_wconf 88' lang='lat' dir='ltr'><strong>atque</strong></span> <span class='ocrx_word' id='word_1_597' title='bbox 1176 1580 1293 1607; x_wconf 80' lang='lat' dir='ltr'><strong>alterius</strong></span> <span class='ocrx_word' id='word_1_598' title='bbox 1326 1580 1494 1607; x_wconf 86' lang='lat' dir='ltr'><strong>mentionem</strong></span> <span class='ocrx_word' id='word_1_599' title='bbox 1523 1587 1583 1606; x_wconf 82' lang='lat' dir='ltr'><strong>esse</strong></span> <span class='ocrx_word' id='word_1_600' title='bbox 1601 1579 1765 1606; x_wconf 86' lang='lat' dir='ltr'><strong>faciendam.</strong></span> 
     </span>
    </p>
   </div>
   <div class='ocr_carea' id='block_1_81' title="bbox 974 1625 1767 1661">
    <p class='ocr_par' dir='ltr' id='par_1_81' title="bbox 974 1625 1767 1661">
     <span class='ocr_line' id='line_1_81' title="bbox 974 1625 1767 1661; baseline 0 -9"><span class='ocrx_word' id='word_1_601' title='bbox 974 1626 1042 1653; x_wconf 85' lang='lat' dir='ltr'><strong>Nam</strong></span> <span class='ocrx_word' id='word_1_602' title='bbox 1061 1627 1154 1661; x_wconf 88' lang='lat' dir='ltr'><strong>plures</strong></span> <span class='ocrx_word' id='word_1_603' title='bbox 1169 1627 1304 1661; x_wconf 87' lang='lat' dir='ltr'><strong>attingere</strong></span> <span class='ocrx_word' id='word_1_604' title='bbox 1320 1626 1504 1660; x_wconf 82' lang='lat' dir='ltr'><strong>periculosum</strong></span> <span class='ocrx_word' id='word_1_605' title='bbox 1522 1626 1615 1653; x_wconf 87' lang='lat' dir='ltr'><strong>fuerit.</strong></span> <span class='ocrx_word' id='word_1_606' title='bbox 1628 1625 1679 1659; x_wconf 78' lang='lat' dir='ltr'><strong>Qui</strong></span> <span class='ocrx_word' id='word_1_607' title='bbox 1693 1625 1767 1652; x_wconf 87' lang='lat' dir='ltr'><strong>enitn</strong></span> 
     </span>
    </p>
   </div>
   <div class='ocr_carea' id='block_1_82' title="bbox 977 1672 1767 1707">
    <p class='ocr_par' dir='ltr' id='par_1_82' title="bbox 977 1672 1767 1707">
     <span class='ocr_line' id='line_1_82' title="bbox 977 1672 1767 1707; baseline -0.001 -8"><span class='ocrx_word' id='word_1_608' title='bbox 977 1673 1057 1700; x_wconf 83' lang='lat' dir='ltr'><strong>binas</strong></span> <span class='ocrx_word' id='word_1_609' title='bbox 1068 1673 1212 1699; x_wconf 73' lang='lat' dir='ltr'><strong>absolvere</strong></span> <span class='ocrx_word' id='word_1_610' title='bbox 1227 1672 1372 1699; x_wconf 82' lang='lat' dir='ltr'><strong>dilliculter</strong></span> <span class='ocrx_word' id='word_1_611' title='bbox 1386 1677 1480 1706; x_wconf 83' lang='lat' dir='ltr'><strong>queat,</strong></span> <span class='ocrx_word' id='word_1_612' title='bbox 1497 1672 1562 1707; x_wconf 89' lang='lat' dir='ltr'><strong>quid</strong></span> <span class='ocrx_word' id='word_1_613' title='bbox 1578 1672 1704 1706; x_wconf 86' lang='lat' dir='ltr'><strong>pluribus</strong></span> <span class='ocrx_word' id='word_1_614' title='bbox 1719 1679 1767 1698; x_wconf 87' lang='lat' dir='ltr'><strong>ac-</strong></span> 
     </span>
    </p>
   </div>
   <div class='ocr_carea' id='block_1_83' title="bbox 976 1716 1768 1750">
    <p class='ocr_par' dir='ltr' id='par_1_83' title="bbox 976 1716 1768 1750">
     <span class='ocr_line' id='line_1_83' title="bbox 976 1716 1768 1750; baseline 0 -7"><span class='ocrx_word' id='word_1_615' title='bbox 976 1716 1212 1750; x_wconf 89' lang='lat' dir='ltr'><strong>cidetoceupato?</strong></span> <span class='ocrx_word' id='word_1_616' title='bbox 1239 1716 1332 1750; x_wconf 79' lang='lat' dir='ltr'><strong>itaque</strong></span> <span class='ocrx_word' id='word_1_617' title='bbox 1351 1716 1398 1743; x_wconf 86' lang='lat' dir='ltr'><strong>alii</strong></span> <span class='ocrx_word' id='word_1_618' title='bbox 1423 1717 1475 1743; x_wconf 88' lang='lat' dir='ltr'><strong>alia</strong></span> <span class='ocrx_word' id='word_1_619' title='bbox 1492 1721 1731 1744; x_wconf 85' lang='lat' dir='ltr'><strong>commemorent:</strong></span> <span class='ocrx_word' id='word_1_620' title='bbox 1753 1724 1768 1743; x_wconf 93' lang='lat' dir='ltr'><strong>a</strong></span> 
     </span>
    </p>
   </div>
   <div class='ocr_carea' id='block_1_84' title="bbox 977 1762 1767 1798">
    <p class='ocr_par' dir='ltr' id='par_1_84' title="bbox 977 1762 1767 1798">
     <span class='ocr_line' id='line_1_84' title="bbox 977 1762 1767 1798; baseline -0.001 -9"><span class='ocrx_word' id='word_1_621' title='bbox 977 1770 1020 1790; x_wconf 89' lang='lat' dir='ltr'><strong>me</strong></span> <span class='ocrx_word' id='word_1_622' title='bbox 1035 1769 1101 1789; x_wconf 86' lang='lat' dir='ltr'><strong>vero</strong></span> <span class='ocrx_word' id='word_1_623' title='bbox 1117 1769 1145 1789; x_wconf 87' lang='lat' dir='ltr'><strong>et</strong></span> <span class='ocrx_word' id='word_1_624' title='bbox 1162 1762 1265 1797; x_wconf 86' lang='lat' dir='ltr'><strong>ingenii</strong></span> <span class='ocrx_word' id='word_1_625' title='bbox 1282 1763 1442 1798; x_wconf 74' lang='lat' dir='ltr'><strong>magnitudo</strong></span> <span class='ocrx_word' id='word_1_626' title='bbox 1464 1768 1493 1790; x_wconf 87' lang='lat' dir='ltr'><strong>et</strong></span> <span class='ocrx_word' id='word_1_627' title='bbox 1515 1763 1623 1789; x_wconf 85' lang='lat' dir='ltr'><strong>dicendi</strong></span> <span class='ocrx_word' id='word_1_628' title='bbox 1645 1763 1684 1790; x_wconf 88' lang='lat' dir='ltr'><strong>vis</strong></span> <span class='ocrx_word' id='word_1_629' title='bbox 1695 1762 1767 1789; x_wconf 82' lang='lat' dir='ltr'><strong>cele-</strong></span> 
     </span>
    </p>
   </div>
   <div class='ocr_carea' id='block_1_85' title="bbox 976 1808 1767 1843">
    <p class='ocr_par' dir='ltr' id='par_1_85' title="bbox 976 1808 1767 1843">
     <span class='ocr_line' id='line_1_85' title="bbox 976 1808 1767 1843; baseline -0.001 -8"><span class='ocrx_word' id='word_1_630' title='bbox 976 1809 1082 1839; x_wconf 85' lang='lat' dir='ltr'><strong>bretur,</strong></span> <span class='ocrx_word' id='word_1_631' title='bbox 1096 1815 1165 1843; x_wconf 87' lang='lat' dir='ltr'><strong>quas</strong></span> <span class='ocrx_word' id='word_1_632' title='bbox 1178 1813 1205 1835; x_wconf 86' lang='lat' dir='ltr'><strong>et</strong></span> <span class='ocrx_word' id='word_1_633' title='bbox 1225 1808 1284 1842; x_wconf 90' lang='lat' dir='ltr'><strong>ipse</strong></span> <span class='ocrx_word' id='word_1_634' title='bbox 1307 1808 1496 1843; x_wconf 84' lang='lat' dir='ltr'><strong>experimento</strong></span> <span class='ocrx_word' id='word_1_635' title='bbox 1508 1809 1637 1843; x_wconf 69' lang='lat' dir='ltr'><strong>cognm&#39;i,</strong></span> <span class='ocrx_word' id='word_1_636' title='bbox 1668 1814 1695 1835; x_wconf 89' lang='lat' dir='ltr'><strong>et</strong></span> <span class='ocrx_word' id='word_1_637' title='bbox 1709 1809 1767 1840; x_wconf 87' lang='lat' dir='ltr'><strong>alii,</strong></span> 
     </span>
    </p>
   </div>
   <div class='ocr_carea' id='block_1_86' title="bbox 975 1854 1766 1889">
    <p class='ocr_par' dir='ltr' id='par_1_86' title="bbox 975 1854 1766 1889">
     <span class='ocr_line' id='line_1_86' title="bbox 975 1854 1766 1889; baseline -0.001 -8"><span class='ocrx_word' id='word_1_638' title='bbox 975 1863 1092 1889; x_wconf 88' lang='lat' dir='ltr'><strong>quorum</strong></span> <span class='ocrx_word' id='word_1_639' title='bbox 1120 1854 1320 1882; x_wconf 80' lang='lat' dir='ltr'><strong>consuetudine</strong></span> <span class='ocrx_word' id='word_1_640' title='bbox 1347 1860 1429 1887; x_wconf 92' lang='lat' dir='ltr'><strong>utor,</strong></span> <span class='ocrx_word' id='word_1_641' title='bbox 1459 1855 1582 1889; x_wconf 87' lang='lat' dir='ltr'><strong>quotidie</strong></span> <span class='ocrx_word' id='word_1_642' title='bbox 1607 1854 1766 1889; x_wconf 60' lang='lat' dir='ltr'><strong>praedicant,</strong></span> 
     </span>
    </p>
   </div>
   <div class='ocr_carea' id='block_1_87' title="bbox 977 1901 1768 1936">
    <p class='ocr_par' dir='ltr' id='par_1_87' title="bbox 977 1901 1768 1936">
     <span class='ocr_line' id='line_1_87' title="bbox 977 1901 1768 1936; baseline 0 -9"><span class='ocrx_word' id='word_1_643' title='bbox 977 1901 1087 1928; x_wconf 89' lang='lat' dir='ltr'><strong>nemine</strong></span> <span class='ocrx_word' id='word_1_644' title='bbox 1114 1909 1169 1928; x_wconf 87' lang='lat' dir='ltr'><strong>non</strong></span> <span class='ocrx_word' id='word_1_645' title='bbox 1191 1902 1365 1934; x_wconf 85' lang='lat' dir='ltr'><strong>admirante;</strong></span> <span class='ocrx_word' id='word_1_646' title='bbox 1380 1909 1467 1936; x_wconf 81' lang='lat' dir='ltr'><strong>neque</strong></span> <span class='ocrx_word' id='word_1_647' title='bbox 1487 1909 1538 1936; x_wconf 79' lang='lat' dir='ltr'><strong>ego</strong></span> <span class='ocrx_word' id='word_1_648' title='bbox 1554 1909 1673 1935; x_wconf 82' lang='lat' dir='ltr'><strong>unquam</strong></span> <span class='ocrx_word' id='word_1_649' title='bbox 1694 1909 1768 1928; x_wconf 90' lang='lat' dir='ltr'><strong>com-</strong></span> 
     </span>
    </p>
   </div>
   <div class='ocr_carea' id='block_1_88' title="bbox 982 1946 1766 1981">
    <p class='ocr_par' dir='ltr' id='par_1_88' title="bbox 982 1946 1766 1981">
     <span class='ocr_line' id='line_1_88' title="bbox 982 1946 1766 1981; baseline -0.001 -9"><span class='ocrx_word' id='word_1_650' title='bbox 982 1953 1118 1977; x_wconf 83' lang='lat' dir='ltr'><strong>memoro,</strong></span> <span class='ocrx_word' id='word_1_651' title='bbox 1132 1946 1197 1981; x_wconf 87' lang='lat' dir='ltr'><strong>quin</strong></span> <span class='ocrx_word' id='word_1_652' title='bbox 1214 1946 1335 1973; x_wconf 85' lang='lat' dir='ltr'><strong>admirer</strong></span> <span class='ocrx_word' id='word_1_653' title='bbox 1360 1950 1388 1973; x_wconf 90' lang='lat' dir='ltr'><strong>et</strong></span> <span class='ocrx_word' id='word_1_654' title='bbox 1402 1946 1549 1980; x_wconf 70' lang='lat' dir='ltr'><strong>ambigam,</strong></span> <span class='ocrx_word' id='word_1_655' title='bbox 1566 1950 1656 1972; x_wconf 92' lang='lat' dir='ltr'><strong>utrum</strong></span> <span class='ocrx_word' id='word_1_656' title='bbox 1671 1953 1766 1972; x_wconf 87' lang='lat' dir='ltr'><strong>eorum</strong></span> 
     </span>
    </p>
   </div>
   <div class='ocr_carea' id='block_1_89' title="bbox 978 1991 1767 2026">
    <p class='ocr_par' dir='ltr' id='par_1_89' title="bbox 978 1991 1767 2026">
     <span class='ocr_line' id='line_1_89' title="bbox 978 1991 1767 2026; baseline -0.003 -7"><span class='ocrx_word' id='word_1_657' title='bbox 978 1992 1064 2026; x_wconf 81' lang='lat' dir='ltr'><strong>magis</strong></span> <span class='ocrx_word' id='word_1_658' title='bbox 1093 1993 1206 2019; x_wconf 84' lang='lat' dir='ltr'><strong>laudare</strong></span> <span class='ocrx_word' id='word_1_659' title='bbox 1232 1993 1357 2023; x_wconf 66' lang='lat' dir='ltr'><strong>debeam,</strong></span> <span class='ocrx_word' id='word_1_660' title='bbox 1381 2000 1443 2018; x_wconf 86' lang='lat' dir='ltr'><strong>eum</strong></span> <span class='ocrx_word' id='word_1_661' title='bbox 1465 1991 1581 2018; x_wconf 88' lang='lat' dir='ltr'><strong>subinde</strong></span> <span class='ocrx_word' id='word_1_662' title='bbox 1595 1992 1671 2025; x_wconf 90' lang='lat' dir='ltr'><strong>plura</strong></span> <span class='ocrx_word' id='word_1_663' title='bbox 1686 1999 1767 2026; x_wconf 76' lang='lat' dir='ltr'><strong>quam</strong></span> 
     </span>
    </p>
   </div>
   <div class='ocr_carea' id='block_1_90' title="bbox 977 2038 1767 2072">
    <p class='ocr_par' dir='ltr' id='par_1_90' title="bbox 977 2038 1767 2072">
     <span class='ocr_line' id='line_1_90' title="bbox 977 2038 1767 2072; baseline -0.001 -7"><span class='ocrx_word' id='word_1_664' title='bbox 977 2039 1048 2065; x_wconf 84' lang='lat' dir='ltr'><strong>dicta</strong></span> <span class='ocrx_word' id='word_1_665' title='bbox 1072 2038 1193 2070; x_wconf 83' lang='lat' dir='ltr'><strong>fuerunt,</strong></span> <span class='ocrx_word' id='word_1_666' title='bbox 1224 2038 1340 2065; x_wconf 87' lang='lat' dir='ltr'><strong>dicenda</strong></span> <span class='ocrx_word' id='word_1_667' title='bbox 1369 2043 1527 2065; x_wconf 84' lang='lat' dir='ltr'><strong>occurrant.</strong></span> <span class='ocrx_word' id='word_1_668' title='bbox 1555 2038 1595 2064; x_wconf 85' lang='lat' dir='ltr'><strong>Ad</strong></span> <span class='ocrx_word' id='word_1_669' title='bbox 1621 2046 1664 2064; x_wconf 85' lang='lat' dir='ltr'><strong>tne</strong></span> <span class='ocrx_word' id='word_1_670' title='bbox 1680 2038 1767 2072; x_wconf 87' lang='lat' dir='ltr'><strong>ipsum</strong></span> 
     </span>
    </p>
   </div>
   <div class='ocr_carea' id='block_1_91' title="bbox 977 2083 1769 2119">
    <p class='ocr_par' dir='ltr' id='par_1_91' title="bbox 977 2083 1769 2119">
     <span class='ocr_line' id='line_1_91' title="bbox 977 2083 1769 2119; baseline -0.001 -8"><span class='ocrx_word' id='word_1_671' title='bbox 977 2092 1042 2119; x_wconf 82' lang='lat' dir='ltr'><strong>ergo</strong></span> <span class='ocrx_word' id='word_1_672' title='bbox 1059 2083 1152 2115; x_wconf 85' lang='lat' dir='ltr'><strong>redeo,</strong></span> <span class='ocrx_word' id='word_1_673' title='bbox 1172 2091 1226 2110; x_wconf 89' lang='lat' dir='ltr'><strong>non</strong></span> <span class='ocrx_word' id='word_1_674' title='bbox 1243 2091 1321 2111; x_wconf 78' lang='lat' dir='ltr'><strong>secus</strong></span> <span class='ocrx_word' id='word_1_675' title='bbox 1336 2091 1367 2110; x_wconf 86' lang='lat' dir='ltr'><strong>ac</strong></span> <span class='ocrx_word' id='word_1_676' title='bbox 1382 2083 1399 2110; x_wconf 91' lang='lat' dir='ltr'><strong>ii</strong></span> <span class='ocrx_word' id='word_1_677' title='bbox 1416 2084 1462 2117; x_wconf 86' lang='lat' dir='ltr'><strong>qui</strong></span> <span class='ocrx_word' id='word_1_678' title='bbox 1479 2083 1592 2111; x_wconf 70' lang='lat' dir='ltr'><strong>laevibus</strong></span> <span class='ocrx_word' id='word_1_679' title='bbox 1605 2083 1769 2118; x_wconf 72' lang='lat' dir='ltr'><strong>corporibus</strong></span> 
     </span>
    </p>
   </div>
   <div class='ocr_carea' id='block_1_92' title="bbox 977 2129 1768 2164">
    <p class='ocr_par' dir='ltr' id='par_1_92' title="bbox 977 2129 1768 2164">
     <span class='ocr_line' id='line_1_92' title="bbox 977 2129 1768 2164; baseline 0.003 -9"><span class='ocrx_word' id='word_1_680' title='bbox 977 2129 1057 2156; x_wconf 90' lang='lat' dir='ltr'><strong>inniti</strong></span> <span class='ocrx_word' id='word_1_681' title='bbox 1074 2129 1197 2160; x_wconf 74' lang='lat' dir='ltr'><strong>student,</strong></span> <span class='ocrx_word' id='word_1_682' title='bbox 1227 2130 1408 2157; x_wconf 81' lang='lat' dir='ltr'><strong>labascentcs.</strong></span> <span class='ocrx_word' id='word_1_683' title='bbox 1437 2130 1505 2156; x_wconf 82' lang='lat' dir='ltr'><strong>Nam</strong></span> <span class='ocrx_word' id='word_1_684' title='bbox 1530 2138 1603 2157; x_wconf 88' lang='lat' dir='ltr'><strong>nunc</strong></span> <span class='ocrx_word' id='word_1_685' title='bbox 1619 2130 1729 2164; x_wconf 83' lang='lat' dir='ltr'><strong>quidem</strong></span> <span class='ocrx_word' id='word_1_686' title='bbox 1746 2131 1768 2157; x_wconf 76' lang='lat' dir='ltr'><strong>si</strong></span> 
     </span>
    </p>
   </div>
   <div class='ocr_carea' id='block_1_93' title="bbox 976 2172 1769 2212">
    <p class='ocr_par' dir='ltr' id='par_1_93' title="bbox 976 2172 1769 2212">
     <span class='ocr_line' id='line_1_93' title="bbox 976 2172 1769 2212; baseline 0.001 -9"><span class='ocrx_word' id='word_1_687' title='bbox 976 2177 1083 2208; x_wconf 83' lang='lat' dir='ltr'><strong>liceret,</strong></span> <span class='ocrx_word' id='word_1_688' title='bbox 1103 2185 1156 2204; x_wconf 89' lang='lat' dir='ltr'><strong>non</strong></span> <span class='ocrx_word' id='word_1_689' title='bbox 1174 2172 1372 2204; x_wconf 74' lang='lat' dir='ltr'><strong>committerem</strong></span> <span class='ocrx_word' id='word_1_690' title='bbox 1397 2179 1563 2212; x_wconf 66' lang='lat' dir='ltr'><strong>quin~terrte</strong></span> <span class='ocrx_word' id='word_1_691' title='bbox 1581 2179 1666 2205; x_wconf 87' lang='lat' dir='ltr'><strong>solem</strong></span> <span class='ocrx_word' id='word_1_692' title='bbox 1687 2184 1712 2205; x_wconf 89' lang='lat' dir='ltr'><strong>te</strong></span> <span class='ocrx_word' id='word_1_693' title='bbox 1728 2178 1769 2205; x_wconf 93' lang='lat' dir='ltr'><strong>di-</strong></span> 
     </span>
    </p>
   </div>
   <div class='ocr_carea' id='block_1_94' title="bbox 134 2219 922 2260">
    <p class='ocr_par' dir='ltr' id='par_1_94' title="bbox 134 2219 922 2260">
     <span class='ocr_line' id='line_1_94' title="bbox 134 2219 922 2260; baseline -0.013 -6"><span class='ocrx_word' id='word_1_694' title='bbox 134 2237 163 2254; x_wconf 86' lang='grc' dir='ltr'><strong>τε</strong></span> <span class='ocrx_word' id='word_1_695' title='bbox 179 2227 270 2258; x_wconf 79' lang='grc' dir='ltr'>ἄλλοις</span> <span class='ocrx_word' id='word_1_696' title='bbox 287 2223 426 2260; x_wconf 81' lang='grc' dir='ltr'>χρώμενος</span> <span class='ocrx_word' id='word_1_697' title='bbox 442 2223 485 2249; x_wconf 82' lang='grc' dir='ltr'><strong>ἀεὶ</strong></span> <span class='ocrx_word' id='word_1_698' title='bbox 500 2222 543 2248; x_wconf 81' lang='grc' dir='ltr'><strong>διὰ</strong></span> <span class='ocrx_word' id='word_1_699' title='bbox 558 2219 681 2255; x_wconf 78' lang='grc' dir='ltr'>γλώττης</span> <span class='ocrx_word' id='word_1_700' title='bbox 707 2220 804 2253; x_wconf 66' lang='grc' dir='ltr'>ἄγουσι</span> <span class='ocrx_word' id='word_1_701' title='bbox 819 2220 864 2245; x_wconf 76' lang='grc' dir='ltr'>καὶ</span> <span class='ocrx_word' id='word_1_702' title='bbox 878 2220 922 2244; x_wconf 77' lang='grc' dir='ltr'><strong>οὑ-</strong></span> 
     </span>
    </p>
   </div>
   <div class='ocr_carea' id='block_1_95' title="bbox 974 2219 1768 2260">
    <p class='ocr_par' dir='ltr' id='par_1_95' title="bbox 977 2223 1768 2258">
     <span class='ocr_line' id='line_1_95' title="bbox 977 2223 1768 2258; baseline 0.001 -9"><span class='ocrx_word' id='word_1_703' title='bbox 977 2230 1077 2254; x_wconf 85' lang='lat' dir='ltr'><strong>cerem,</strong></span> <span class='ocrx_word' id='word_1_704' title='bbox 1107 2224 1266 2258; x_wconf 79' lang='lat' dir='ltr'><strong>imperator.</strong></span> <span class='ocrx_word' id='word_1_705' title='bbox 1293 2223 1326 2250; x_wconf 87' lang='lat' dir='ltr'><strong>Ut</strong></span> <span class='ocrx_word' id='word_1_706' title='bbox 1350 2224 1423 2250; x_wconf 89' lang='lat' dir='ltr'><strong>cnim</strong></span> <span class='ocrx_word' id='word_1_707' title='bbox 1448 2233 1543 2252; x_wconf 87' lang='lat' dir='ltr'><strong>omnes</strong></span> <span class='ocrx_word' id='word_1_708' title='bbox 1562 2225 1768 2252; x_wconf 76' lang='lat' dir='ltr'><strong>lucistbcsauri</strong></span> 
     </span>
    </p>
   </div>
   <div class='ocr_carea' id='block_1_96' title="bbox 134 2265 926 2307">
    <p class='ocr_par' dir='ltr' id='par_1_96' title="bbox 134 2265 926 2307">
     <span class='ocr_line' id='line_1_96' title="bbox 134 2265 926 2307; baseline -0.014 -6"><span class='ocrx_word' id='word_1_709' title='bbox 134 2274 189 2301; x_wconf 79' lang='grc' dir='ltr'><strong>ὃὲσι</strong></span> <span class='ocrx_word' id='word_1_710' title='bbox 206 2273 244 2307; x_wconf 85' lang='grc' dir='ltr'>μὴ</span> <span class='ocrx_word' id='word_1_711' title='bbox 262 2267 462 2304; x_wconf 63' lang='grc' dir='ltr'>θαυμάζουσιν,</span> <span class='ocrx_word' id='word_1_712' title='bbox 492 2269 543 2294; x_wconf 65' lang='grc' dir='ltr'><strong>οὐκ</strong></span> <span class='ocrx_word' id='word_1_713' title='bbox 573 2267 630 2294; x_wconf 76' lang='grc' dir='ltr'><strong>ἔσθ’</strong></span> <span class='ocrx_word' id='word_1_714' title='bbox 646 2267 690 2293; x_wconf 78' lang='grc' dir='ltr'><strong>ὅτε</strong></span> <span class='ocrx_word' id='word_1_715' title='bbox 717 2266 862 2301; x_wconf 71' lang='grc' dir='ltr'>μέμνημαι</span> <span class='ocrx_word' id='word_1_716' title='bbox 878 2265 926 2291; x_wconf 71' lang='grc' dir='ltr'>καὶ</span> 
     </span>
    </p>
   </div>
   <div class='ocr_carea' id='block_1_97' title="bbox 135 2310 926 2353">
    <p class='ocr_par' dir='ltr' id='par_1_97' title="bbox 135 2310 926 2353">
     <span class='ocr_line' id='line_1_97' title="bbox 135 2310 926 2353; baseline -0.014 -6"><span class='ocrx_word' id='word_1_717' title='bbox 135 2319 226 2352; x_wconf 72' lang='grc' dir='ltr'>αὐτὸς,</span> <span class='ocrx_word' id='word_1_718' title='bbox 245 2317 283 2353; x_wconf 84' lang='grc' dir='ltr'>μὴ</span> <span class='ocrx_word' id='word_1_719' title='bbox 295 2315 473 2352; x_wconf 77' lang='grc' dir='ltr'>ἀσχολοῦντός</span> <span class='ocrx_word' id='word_1_720' title='bbox 485 2323 537 2347; x_wconf 73' lang='grc' dir='ltr'><strong>μου</strong></span> <span class='ocrx_word' id='word_1_721' title='bbox 551 2314 595 2340; x_wconf 68' lang='grc' dir='ltr'>τὸν</span> <span class='ocrx_word' id='word_1_722' title='bbox 613 2313 675 2338; x_wconf 81' lang='grc' dir='ltr'>νοῦν</span> <span class='ocrx_word' id='word_1_723' title='bbox 689 2312 735 2339; x_wconf 72' lang='grc' dir='ltr'><strong>τοῦ</strong></span> <span class='ocrx_word' id='word_1_724' title='bbox 750 2312 839 2349; x_wconf 63' lang='grc' dir='ltr'>αὑτων</span> <span class='ocrx_word' id='word_1_725' title='bbox 859 2310 926 2337; x_wconf 81' lang='grc' dir='ltr'><strong>θαύ-</strong></span> 
     </span>
    </p>
   </div>
   <div class='ocr_carea' id='block_1_98' title="bbox 137 2357 926 2400">
    <p class='ocr_par' dir='ltr' id='par_1_98' title="bbox 137 2357 926 2400">
     <span class='ocr_line' id='line_1_98' title="bbox 137 2357 926 2400; baseline -0.01 -9"><span class='ocrx_word' id='word_1_726' title='bbox 137 2373 220 2400; x_wconf 81' lang='grc' dir='ltr'>ματος</span> <span class='ocrx_word' id='word_1_727' title='bbox 238 2363 285 2390; x_wconf 76' lang='grc' dir='ltr'>καὶ</span> <span class='ocrx_word' id='word_1_728' title='bbox 300 2362 414 2397; x_wconf 78' lang='grc' dir='ltr'>ἀπορεῖν</span> <span class='ocrx_word' id='word_1_729' title='bbox 430 2360 581 2390; x_wconf 76' lang='grc' dir='ltr'>ποιοῦντος.</span> <span class='ocrx_word' id='word_1_730' title='bbox 600 2359 712 2392; x_wconf 72' lang='grc' dir='ltr'>πότερον</span> <span class='ocrx_word' id='word_1_731' title='bbox 728 2358 861 2393; x_wconf 74' lang='grc' dir='ltr'>πρότερον</span> <span class='ocrx_word' id='word_1_732' title='bbox 878 2357 926 2383; x_wconf 83' lang='grc' dir='ltr'>καὶ</span> 
     </span>
    </p>
   </div>
   <div class='ocr_carea' id='block_1_99' title="bbox 138 2401 926 2445">
    <p class='ocr_par' dir='ltr' id='par_1_99' title="bbox 138 2401 926 2445">
     <span class='ocr_line' id='line_1_99' title="bbox 138 2401 926 2445; baseline -0.011 -8"><span class='ocrx_word' id='word_1_733' title='bbox 138 2411 238 2445; x_wconf 81' lang='grc' dir='ltr'>μᾶλλον</span> <span class='ocrx_word' id='word_1_734' title='bbox 254 2408 396 2442; x_wconf 78' lang='grc' dir='ltr'>ἐπαινοίην</span> <span class='ocrx_word' id='word_1_735' title='bbox 414 2407 556 2441; x_wconf 78' lang='grc' dir='ltr'>ἑκατέρων</span> <span class='ocrx_word' id='word_1_736' title='bbox 568 2413 574 2420; x_wconf 84' lang='lat'>&#39;</span> <span class='ocrx_word' id='word_1_737' title='bbox 592 2406 637 2430; x_wconf 70' lang='grc' dir='ltr'>καὶ</span> <span class='ocrx_word' id='word_1_738' title='bbox 652 2406 694 2431; x_wconf 73' lang='grc' dir='ltr'><strong>ἀεὶ</strong></span> <span class='ocrx_word' id='word_1_739' title='bbox 706 2403 862 2438; x_wconf 79' lang='grc' dir='ltr'>περαιτέρω</span> <span class='ocrx_word' id='word_1_740' title='bbox 878 2401 926 2428; x_wconf 79' lang='grc' dir='ltr'>τοῦ</span> 
     </span>
    </p>
   </div>
   <div class='ocr_carea' id='block_1_100' title="bbox 135 2448 926 2490">
    <p class='ocr_par' dir='ltr' id='par_1_100' title="bbox 135 2448 926 2490">
     <span class='ocr_line' id='line_1_100' title="bbox 135 2448 926 2490; baseline -0.013 -7"><span class='ocrx_word' id='word_1_741' title='bbox 135 2457 214 2490; x_wconf 76' lang='grc' dir='ltr'>λόγου</span> <span class='ocrx_word' id='word_1_742' title='bbox 228 2454 374 2490; x_wconf 73' lang='grc' dir='ltr'>δηλοῦσθαι</span> <span class='ocrx_word' id='word_1_743' title='bbox 389 2453 524 2489; x_wconf 75' lang='grc' dir='ltr'>εὑρίσκων</span> <span class='ocrx_word' id='word_1_744' title='bbox 543 2451 696 2486; x_wconf 84' lang='grc' dir='ltr'>μεταχωρῶ</span> <span class='ocrx_word' id='word_1_745' title='bbox 722 2449 790 2484; x_wconf 82' lang='grc' dir='ltr'>πρὸς</span> <span class='ocrx_word' id='word_1_746' title='bbox 807 2448 926 2483; x_wconf 72' lang='grc' dir='ltr'>ἐμαυτὸν</span> 
     </span>
    </p>
   </div>
   <div class='ocr_carea' id='block_1_101' title="bbox 135 2496 928 2534">
    <p class='ocr_par' dir='ltr' id='par_1_101' title="bbox 135 2496 928 2534">
     <span class='ocr_line' id='line_1_101' title="bbox 135 2496 928 2534; baseline -0.011 -5"><span class='ocrx_word' id='word_1_747' title='bbox 135 2502 332 2532; x_wconf 71' lang='grc' dir='ltr'>διολισίὶαίνων,</span> <span class='ocrx_word' id='word_1_748' title='bbox 358 2501 485 2534; x_wconf 72' lang='grc' dir='ltr'>καθάπερ</span> <span class='ocrx_word' id='word_1_749' title='bbox 501 2499 526 2525; x_wconf 80' lang='grc' dir='ltr'>οἱ</span> <span class='ocrx_word' id='word_1_750' title='bbox 538 2499 648 2532; x_wconf 83' lang='grc' dir='ltr'>σώμασι</span> <span class='ocrx_word' id='word_1_751' title='bbox 663 2497 745 2528; x_wconf 79' lang='grc' dir='ltr'>λείοις</span> <span class='ocrx_word' id='word_1_752' title='bbox 770 2496 819 2527; x_wconf 83' lang='grc' dir='ltr'>τὰς</span> <span class='ocrx_word' id='word_1_753' title='bbox 830 2497 928 2531; x_wconf 70' lang='grc' dir='ltr'>χεῖρας</span> 
     </span>
    </p>
   </div>
   <div class='ocr_carea' id='block_1_102' title="bbox 136 2541 926 2584">
    <p class='ocr_par' dir='ltr' id='par_1_102' title="bbox 136 2541 926 2584">
     <span class='ocr_line' id='line_1_102' title="bbox 136 2541 926 2584; baseline -0.011 -9"><span class='ocrx_word' id='word_1_754' title='bbox 136 2549 249 2584; x_wconf 75' lang='grc' dir='ltr'>ἐρείδειν</span> <span class='ocrx_word' id='word_1_755' title='bbox 278 2546 486 2579; x_wconf 78' lang='grc' dir='ltr'>σπουδάζοντες.</span> <span class='ocrx_word' id='word_1_756' title='bbox 509 2546 553 2576; x_wconf 83' lang='grc' dir='ltr'>Ὠς</span> <span class='ocrx_word' id='word_1_757' title='bbox 570 2544 617 2571; x_wconf 82' lang='grc' dir='ltr'><strong>νῦν</strong></span> <span class='ocrx_word' id='word_1_758' title='bbox 631 2553 672 2578; x_wconf 80' lang='grc' dir='ltr'>γε,</span> <span class='ocrx_word' id='word_1_759' title='bbox 692 2544 771 2577; x_wconf 82' lang='grc' dir='ltr'>είτιερ</span> <span class='ocrx_word' id='word_1_760' title='bbox 789 2541 852 2576; x_wconf 81' lang='grc' dir='ltr'>ἐξῆν</span> <span class='ocrx_word' id='word_1_761' title='bbox 870 2549 926 2575; x_wconf 84' lang='grc' dir='ltr'>μοι,</span> 
     </span>
    </p>
   </div>
   <div class='ocr_carea' id='block_1_103' title="bbox 135 2586 927 2629">
    <p class='ocr_par' dir='ltr' id='par_1_103' title="bbox 135 2586 927 2629">
     <span class='ocr_line' id='line_1_103' title="bbox 135 2586 927 2629; baseline -0.01 -7"><span class='ocrx_word' id='word_1_762' title='bbox 135 2594 262 2629; x_wconf 74' lang='grc' dir='ltr'>οὐδαμῶς</span> <span class='ocrx_word' id='word_1_763' title='bbox 280 2593 313 2620; x_wconf 81' lang='grc' dir='ltr'><strong>ἂν</strong></span> <span class='ocrx_word' id='word_1_764' title='bbox 327 2593 446 2627; x_wconf 70' lang='grc' dir='ltr'>ὑφιέμην</span> <span class='ocrx_word' id='word_1_765' title='bbox 463 2592 500 2627; x_wconf 85' lang='grc' dir='ltr'>μὴ</span> <span class='ocrx_word' id='word_1_766' title='bbox 517 2591 613 2618; x_wconf 87' lang='grc' dir='ltr'>καλεῖν</span> <span class='ocrx_word' id='word_1_767' title='bbox 627 2599 656 2616; x_wconf 84' lang='grc' dir='ltr'>σε</span> <span class='ocrx_word' id='word_1_768' title='bbox 676 2590 727 2625; x_wconf 81' lang='grc' dir='ltr'><strong>γῆς</strong></span> <span class='ocrx_word' id='word_1_769' title='bbox 741 2590 827 2625; x_wconf 79' lang='grc' dir='ltr'>ἥλιον,</span> <span class='ocrx_word' id='word_1_770' title='bbox 845 2586 867 2615; x_wconf 82' lang='grc' dir='ltr'><strong>ὦ</strong></span> <span class='ocrx_word' id='word_1_771' title='bbox 880 2588 927 2623; x_wconf 69' lang='grc' dir='ltr'><strong>βα-</strong></span> 
     </span>
    </p>
   </div>
   <div class='ocr_carea' id='block_1_104' title="bbox 137 2635 927 2673">
    <p class='ocr_par' dir='ltr' id='par_1_104' title="bbox 137 2635 927 2673">
     <span class='ocr_line' id='line_1_104' title="bbox 137 2635 927 2673; baseline -0.009 -6"><span class='ocrx_word' id='word_1_772' title='bbox 137 2641 223 2667; x_wconf 81' lang='grc' dir='ltr'>σιλεῦ.</span> <span class='ocrx_word' id='word_1_773' title='bbox 249 2640 294 2670; x_wconf 83' lang='grc' dir='ltr'>Ὠς</span> <span class='ocrx_word' id='word_1_774' title='bbox 305 2639 360 2673; x_wconf 80' lang='grc' dir='ltr'><strong>γὰρ</strong></span> <span class='ocrx_word' id='word_1_775' title='bbox 372 2639 473 2669; x_wconf 82' lang='grc' dir='ltr'>πάντες</span> <span class='ocrx_word' id='word_1_776' title='bbox 502 2637 590 2672; x_wconf 80' lang='grc' dir='ltr'>φωτὸς</span> <span class='ocrx_word' id='word_1_777' title='bbox 608 2637 742 2672; x_wconf 76' lang='grc' dir='ltr'>θησαυροὶ</span> <span class='ocrx_word' id='word_1_778' title='bbox 767 2635 806 2671; x_wconf 79' lang='grc' dir='ltr'>τῷ</span> <span class='ocrx_word' id='word_1_779' title='bbox 822 2635 927 2671; x_wconf 82' lang='grc' dir='ltr'>ὴλιακῷ</span> 
     </span>
    </p>
   </div>
   <div class='ocr_carea' id='block_1_105' title="bbox 135 2682 927 2720">
    <p class='ocr_par' dir='ltr' id='par_1_105' title="bbox 135 2682 927 2720">
     <span class='ocr_line' id='line_1_105' title="bbox 135 2682 927 2720; baseline -0.008 -7"><span class='ocrx_word' id='word_1_780' title='bbox 135 2687 309 2720; x_wconf 80' lang='grc' dir='ltr'>ξυνελθόντες</span> <span class='ocrx_word' id='word_1_781' title='bbox 320 2686 405 2720; x_wconf 84' lang='grc' dir='ltr'>δίσκῳ</span> <span class='ocrx_word' id='word_1_782' title='bbox 421 2686 505 2711; x_wconf 65' lang='grc' dir='ltr'>πᾶσιν</span> <span class='ocrx_word' id='word_1_783' title='bbox 523 2684 629 2711; x_wconf 67' lang='grc' dir='ltr'>ἐκεῖθεν</span> <span class='ocrx_word' id='word_1_784' title='bbox 655 2683 750 2718; x_wconf 78' lang='grc' dir='ltr'>ὥσπερ</span> <span class='ocrx_word' id='word_1_785' title='bbox 778 2684 809 2709; x_wconf 81' lang='grc' dir='ltr'>ἐκ</span> <span class='ocrx_word' id='word_1_786' title='bbox 834 2682 927 2708; x_wconf 76' lang='grc' dir='ltr'>κοινοῦ</span> 
     </span>
    </p>
   </div>
   <div class='ocr_carea' id='block_1_106' title="bbox 136 2727 928 2767">
    <p class='ocr_par' dir='ltr' id='par_1_106' title="bbox 136 2727 928 2767">
     <span class='ocr_line' id='line_1_106' title="bbox 136 2727 928 2767; baseline -0.006 -9"><span class='ocrx_word' id='word_1_787' title='bbox 136 2731 302 2767; x_wconf 81' lang='grc' dir='ltr'>πρυτανείου</span> <span class='ocrx_word' id='word_1_788' title='bbox 320 2731 368 2761; x_wconf 78' lang='grc' dir='ltr'>τὰς</span> <span class='ocrx_word' id='word_1_789' title='bbox 384 2730 513 2765; x_wconf 61' lang='grc' dir='ltr'>ἀφορμὰς</span> <span class='ocrx_word' id='word_1_790' title='bbox 535 2729 638 2755; x_wconf 85' lang='grc' dir='ltr'>διδόασι</span> <span class='ocrx_word' id='word_1_791' title='bbox 654 2728 701 2755; x_wconf 82' lang='grc' dir='ltr'><strong>τοῦ</strong></span> <span class='ocrx_word' id='word_1_792' title='bbox 718 2728 839 2763; x_wconf 75' lang='grc' dir='ltr'>βλέπειν,</span> <span class='ocrx_word' id='word_1_793' title='bbox 858 2727 928 2754; x_wconf 68' lang='grc' dir='ltr'>οὕτω</span> 
     </span>
    </p>
   </div>
   <div class='ocr_carea' id='block_1_107' title="bbox 134 2775 927 2813">
    <p class='ocr_par' dir='ltr' id='par_1_107' title="bbox 134 2775 927 2813">
     <span class='ocr_line' id='line_1_107' title="bbox 134 2775 927 2813; baseline -0.008 -8"><span class='ocrx_word' id='word_1_794' title='bbox 134 2778 166 2813; x_wconf 86' lang='grc' dir='ltr'><strong>δὴ</strong></span> <span class='ocrx_word' id='word_1_795' title='bbox 183 2780 234 2805; x_wconf 82' lang='grc' dir='ltr'>κὰν</span> <span class='ocrx_word' id='word_1_796' title='bbox 264 2778 306 2804; x_wconf 61' lang='grc' dir='ltr'><strong>σοὶ¹</strong></span> <span class='ocrx_word' id='word_1_797' title='bbox 331 2777 409 2803; x_wconf 77' lang='grc' dir='ltr'>πᾶσα</span> <span class='ocrx_word' id='word_1_798' title='bbox 435 2777 568 2811; x_wconf 63' lang='grc' dir='ltr'>φρόνησις</span> <span class='ocrx_word' id='word_1_799' title='bbox 597 2775 789 2810; x_wconf 70' lang='grc' dir='ltr'>συνδραμοῦσα</span> <span class='ocrx_word' id='word_1_800' title='bbox 814 2775 927 2808; x_wconf 74' lang='grc' dir='ltr'>φέρεται</span> 
     </span>
    </p>
   </div>
   <div class='ocr_carea' id='block_1_108' title="bbox 134 2820 928 2859">
    <p class='ocr_par' dir='ltr' id='par_1_108' title="bbox 134 2820 928 2859">
     <span class='ocr_line' id='line_1_108' title="bbox 134 2820 928 2859; baseline -0.006 -9"><span class='ocrx_word' id='word_1_801' title='bbox 134 2823 229 2859; x_wconf 78' lang='grc' dir='ltr'>ὥσπερ</span> <span class='ocrx_word' id='word_1_802' title='bbox 242 2823 273 2855; x_wconf 80' lang='grc' dir='ltr'>ὲξ</span> <span class='ocrx_word' id='word_1_803' title='bbox 288 2822 404 2858; x_wconf 80' lang='grc' dir='ltr'>οὐρανοῦ</span> <span class='ocrx_word' id='word_1_804' title='bbox 434 2823 589 2857; x_wconf 74' lang='grc' dir='ltr'>πανταχόσε</span> <span class='ocrx_word' id='word_1_805' title='bbox 605 2822 654 2856; x_wconf 82' lang='grc' dir='ltr'>τῆς</span> <span class='ocrx_word' id='word_1_806' title='bbox 670 2821 731 2855; x_wconf 80' lang='grc' dir='ltr'><strong>γῆς,</strong></span> <span class='ocrx_word' id='word_1_807' title='bbox 746 2821 873 2856; x_wconf 76' lang='grc' dir='ltr'>ἀφορμὰς</span> <span class='ocrx_word' id='word_1_808' title='bbox 888 2820 928 2846; x_wconf 86' lang='grc' dir='ltr'><strong>δι-</strong></span> 
     </span>
    </p>
   </div>
   <div class='ocr_carea' id='block_1_109' title="bbox 137 2867 927 2905">
    <p class='ocr_par' dir='ltr' id='par_1_109' title="bbox 137 2867 927 2905">
     <span class='ocr_line' id='line_1_109' title="bbox 137 2867 927 2905; baseline -0.005 -8"><span class='ocrx_word' id='word_1_809' title='bbox 137 2871 220 2904; x_wconf 70' lang='grc' dir='ltr'>δοῦσα</span> <span class='ocrx_word' id='word_1_810' title='bbox 245 2871 313 2897; x_wconf 79' lang='grc' dir='ltr'>πᾶσι</span> <span class='ocrx_word' id='word_1_811' title='bbox 341 2869 386 2895; x_wconf 71' lang='grc' dir='ltr'>τοῦ</span> <span class='ocrx_word' id='word_1_812' title='bbox 400 2869 573 2905; x_wconf 65' lang='grc' dir='ltr'>Οαυμάξειν·</span> <span class='ocrx_word' id='word_1_813' title='bbox 601 2869 647 2895; x_wconf 73' lang='grc' dir='ltr'>καὶ</span> <span class='ocrx_word' id='word_1_814' title='bbox 673 2868 767 2903; x_wconf 73' lang='grc' dir='ltr'>ὥσπερ</span> <span class='ocrx_word' id='word_1_815' title='bbox 784 2868 833 2894; x_wconf 74' lang='grc' dir='ltr'>οὐκ</span> <span class='ocrx_word' id='word_1_816' title='bbox 853 2867 927 2893; x_wconf 68' lang='grc' dir='ltr'>ἔστιν</span> 
     </span>
    </p>
   </div>
   <div class='ocr_carea' id='block_1_110' title="bbox 979 2270 1768 2304">
    <p class='ocr_par' dir='ltr' id='par_1_110' title="bbox 979 2270 1768 2304">
     <span class='ocr_line' id='line_1_110' title="bbox 979 2270 1768 2304; baseline 0 -8"><span class='ocrx_word' id='word_1_817' title='bbox 979 2277 1033 2296; x_wconf 82' lang='lat' dir='ltr'><strong>una</strong></span> <span class='ocrx_word' id='word_1_818' title='bbox 1052 2277 1113 2296; x_wconf 90' lang='lat' dir='ltr'><strong>cum</strong></span> <span class='ocrx_word' id='word_1_819' title='bbox 1128 2270 1209 2296; x_wconf 83' lang='lat' dir='ltr'><strong>solari</strong></span> <span class='ocrx_word' id='word_1_820' title='bbox 1226 2270 1292 2296; x_wconf 84' lang='lat' dir='ltr'><strong>urbe</strong></span> <span class='ocrx_word' id='word_1_821' title='bbox 1316 2270 1485 2304; x_wconf 83' lang='lat' dir='ltr'><strong>prodeuntes</strong></span> <span class='ocrx_word' id='word_1_822' title='bbox 1511 2270 1639 2298; x_wconf 86' lang='lat' dir='ltr'><strong>omnibus</strong></span> <span class='ocrx_word' id='word_1_823' title='bbox 1658 2278 1768 2298; x_wconf 84' lang='lat' dir='ltr'><strong>usuram</strong></span> 
     </span>
    </p>
   </div>
   <div class='ocr_carea' id='block_1_111' title="bbox 977 2316 1770 2351">
    <p class='ocr_par' dir='ltr' id='par_1_111' title="bbox 977 2316 1770 2351">
     <span class='ocr_line' id='line_1_111' title="bbox 977 2316 1770 2351; baseline 0 -8"><span class='ocrx_word' id='word_1_824' title='bbox 977 2316 1047 2343; x_wconf 87' lang='lat' dir='ltr'><strong>lucis</strong></span> <span class='ocrx_word' id='word_1_825' title='bbox 1063 2316 1226 2350; x_wconf 86' lang='lat' dir='ltr'><strong>impertiunt</strong></span> <span class='ocrx_word' id='word_1_826' title='bbox 1243 2325 1249 2341; x_wconf 94' lang='lat'><strong>:</strong></span> <span class='ocrx_word' id='word_1_827' title='bbox 1268 2316 1304 2343; x_wconf 85' lang='lat' dir='ltr'><strong>ita</strong></span> <span class='ocrx_word' id='word_1_828' title='bbox 1329 2317 1411 2343; x_wconf 81' lang='lat' dir='ltr'><strong>etiam</strong></span> <span class='ocrx_word' id='word_1_829' title='bbox 1431 2317 1456 2342; x_wconf 95' lang='lat' dir='ltr'><strong>in</strong></span> <span class='ocrx_word' id='word_1_830' title='bbox 1481 2322 1506 2344; x_wconf 88' lang='lat' dir='ltr'><strong>te</strong></span> <span class='ocrx_word' id='word_1_831' title='bbox 1524 2317 1614 2344; x_wconf 72' lang='lat' dir='ltr'><strong>innuis</strong></span> <span class='ocrx_word' id='word_1_832' title='bbox 1631 2317 1770 2351; x_wconf 73' lang='lat' dir='ltr'><strong>sapientia:</strong></span> 
     </span>
    </p>
   </div>
   <div class='ocr_carea' id='block_1_112' title="bbox 977 2363 1771 2395">
    <p class='ocr_par' dir='ltr' id='par_1_112' title="bbox 977 2363 1771 2395">
     <span class='ocr_line' id='line_1_112' title="bbox 977 2363 1771 2395; baseline 0 -6"><span class='ocrx_word' id='word_1_833' title='bbox 977 2370 1129 2389; x_wconf 83' lang='lat' dir='ltr'><strong>concursus</strong></span> <span class='ocrx_word' id='word_1_834' title='bbox 1146 2363 1220 2389; x_wconf 89' lang='lat' dir='ltr'><strong>velut</strong></span> <span class='ocrx_word' id='word_1_835' title='bbox 1237 2370 1252 2389; x_wconf 88' lang='lat' dir='ltr'><strong>e</strong></span> <span class='ocrx_word' id='word_1_836' title='bbox 1266 2363 1338 2390; x_wconf 74' lang='lat' dir='ltr'><strong>cmlo</strong></span> <span class='ocrx_word' id='word_1_837' title='bbox 1357 2363 1382 2389; x_wconf 88' lang='lat' dir='ltr'><strong>in</strong></span> <span class='ocrx_word' id='word_1_838' title='bbox 1397 2371 1493 2390; x_wconf 85' lang='lat' dir='ltr'><strong>omnes</strong></span> <span class='ocrx_word' id='word_1_839' title='bbox 1508 2369 1594 2390; x_wconf 84' lang='lat' dir='ltr'><strong>terras</strong></span> <span class='ocrx_word' id='word_1_840' title='bbox 1607 2363 1705 2395; x_wconf 83' lang='lat' dir='ltr'><strong>fertur,</strong></span> <span class='ocrx_word' id='word_1_841' title='bbox 1721 2364 1753 2389; x_wconf 87' lang='lat' dir='ltr'><strong>ad</strong></span> <span class='ocrx_word' id='word_1_842' title='bbox 1767 2377 1771 2382; x_wconf 93' lang='lat'><strong><em>-</em></strong></span> 
     </span>
    </p>
   </div>
   <div class='ocr_carea' id='block_1_113' title="bbox 978 2409 1771 2444">
    <p class='ocr_par' dir='ltr' id='par_1_113' title="bbox 978 2409 1771 2444">
     <span class='ocr_line' id='line_1_113' title="bbox 978 2409 1771 2444; baseline 0.001 -9"><span class='ocrx_word' id='word_1_843' title='bbox 978 2409 1096 2436; x_wconf 80' lang='lat' dir='ltr'><strong>mirandi</strong></span> <span class='ocrx_word' id='word_1_844' title='bbox 1122 2409 1160 2435; x_wconf 90' lang='lat' dir='ltr'><strong>lui</strong></span> <span class='ocrx_word' id='word_1_845' title='bbox 1181 2417 1278 2436; x_wconf 61' lang='lat' dir='ltr'><strong>causas</strong></span> <span class='ocrx_word' id='word_1_846' title='bbox 1304 2410 1483 2444; x_wconf 80' lang='lat' dir='ltr'><strong>suppeditans</strong></span> <span class='ocrx_word' id='word_1_847' title='bbox 1503 2419 1510 2437; x_wconf 87' lang='lat'><strong>:</strong></span> <span class='ocrx_word' id='word_1_848' title='bbox 1534 2415 1563 2438; x_wconf 85' lang='lat' dir='ltr'><strong>et</strong></span> <span class='ocrx_word' id='word_1_849' title='bbox 1581 2415 1610 2437; x_wconf 89' lang='lat' dir='ltr'><strong>ut</strong></span> <span class='ocrx_word' id='word_1_850' title='bbox 1638 2418 1716 2437; x_wconf 87' lang='lat' dir='ltr'><strong>nemo</strong></span> <span class='ocrx_word' id='word_1_851' title='bbox 1729 2415 1771 2436; x_wconf 83' lang='lat' dir='ltr'><strong>est</strong></span> 
     </span>
    </p>
   </div>
   <div class='ocr_carea' id='block_1_114' title="bbox 978 2455 1769 2490">
    <p class='ocr_par' dir='ltr' id='par_1_114' title="bbox 978 2455 1769 2490">
     <span class='ocr_line' id='line_1_114' title="bbox 978 2455 1769 2490; baseline 0 -8"><span class='ocrx_word' id='word_1_852' title='bbox 978 2455 1113 2488; x_wconf 79' lang='lat' dir='ltr'><strong>omnium,</strong></span> <span class='ocrx_word' id='word_1_853' title='bbox 1130 2455 1176 2489; x_wconf 88' lang='lat' dir='ltr'><strong>qui</strong></span> <span class='ocrx_word' id='word_1_854' title='bbox 1197 2456 1261 2482; x_wconf 77' lang='lat' dir='ltr'><strong>solis</strong></span> <span class='ocrx_word' id='word_1_855' title='bbox 1279 2456 1370 2483; x_wconf 85' lang='lat' dir='ltr'><strong>radios</strong></span> <span class='ocrx_word' id='word_1_856' title='bbox 1385 2464 1437 2482; x_wconf 88' lang='lat' dir='ltr'><strong>non</strong></span> <span class='ocrx_word' id='word_1_857' title='bbox 1454 2457 1601 2490; x_wconf 78' lang='lat' dir='ltr'><strong>aspexerit.</strong></span> <span class='ocrx_word' id='word_1_858' title='bbox 1623 2456 1673 2482; x_wconf 84' lang='lat' dir='ltr'><strong>nisi</strong></span> <span class='ocrx_word' id='word_1_859' title='bbox 1689 2463 1769 2490; x_wconf 86' lang='lat' dir='ltr'><strong>quem</strong></span> 
     </span>
    </p>
   </div>
   <div class='ocr_carea' id='block_1_115' title="bbox 978 2500 1772 2535">
    <p class='ocr_par' dir='ltr' id='par_1_115' title="bbox 978 2500 1772 2535">
     <span class='ocr_line' id='line_1_115' title="bbox 978 2500 1772 2535; baseline 0 -8"><span class='ocrx_word' id='word_1_860' title='bbox 978 2500 1017 2527; x_wconf 86' lang='lat' dir='ltr'><strong>sol</strong></span> <span class='ocrx_word' id='word_1_861' title='bbox 1029 2500 1179 2527; x_wconf 83' lang='lat' dir='ltr'><strong>luminibus</strong></span> <span class='ocrx_word' id='word_1_862' title='bbox 1194 2501 1319 2527; x_wconf 86' lang='lat' dir='ltr'><strong>orbatum</strong></span> <span class='ocrx_word' id='word_1_863' title='bbox 1334 2501 1472 2535; x_wconf 84' lang='lat' dir='ltr'><strong>aspexerit</strong></span> <span class='ocrx_word' id='word_1_864' title='bbox 1486 2511 1492 2527; x_wconf 91' lang='lat'><strong>:</strong></span> <span class='ocrx_word' id='word_1_865' title='bbox 1511 2501 1547 2528; x_wconf 86' lang='lat' dir='ltr'><strong>ita</strong></span> <span class='ocrx_word' id='word_1_866' title='bbox 1567 2509 1648 2528; x_wconf 89' lang='lat' dir='ltr'><strong>nemo</strong></span> <span class='ocrx_word' id='word_1_867' title='bbox 1662 2505 1704 2528; x_wconf 87' lang='lat' dir='ltr'><strong>est</strong></span> <span class='ocrx_word' id='word_1_868' title='bbox 1723 2509 1772 2527; x_wconf 87' lang='lat' dir='ltr'><strong>ne-</strong></span> 
     </span>
    </p>
   </div>
   <div class='ocr_carea' id='block_1_116' title="bbox 978 2546 1769 2581">
    <p class='ocr_par' dir='ltr' id='par_1_116' title="bbox 978 2546 1769 2581">
     <span class='ocr_line' id='line_1_116' title="bbox 978 2546 1769 2581; baseline 0 -8"><span class='ocrx_word' id='word_1_869' title='bbox 978 2554 1032 2580; x_wconf 86' lang='lat' dir='ltr'><strong>que</strong></span> <span class='ocrx_word' id='word_1_870' title='bbox 1051 2547 1114 2579; x_wconf 87' lang='lat' dir='ltr'><strong>erit,</strong></span> <span class='ocrx_word' id='word_1_871' title='bbox 1130 2546 1222 2581; x_wconf 88' lang='lat' dir='ltr'><strong>quide</strong></span> <span class='ocrx_word' id='word_1_872' title='bbox 1240 2551 1285 2573; x_wconf 88' lang='lat' dir='ltr'><strong>tua</strong></span> <span class='ocrx_word' id='word_1_873' title='bbox 1311 2547 1443 2580; x_wconf 84' lang='lat' dir='ltr'><strong>sapientia</strong></span> <span class='ocrx_word' id='word_1_874' title='bbox 1474 2547 1541 2574; x_wconf 86' lang='lat' dir='ltr'><strong>nihil</strong></span> <span class='ocrx_word' id='word_1_875' title='bbox 1564 2547 1693 2577; x_wconf 73' lang='lat' dir='ltr'><strong>audierit.</strong></span> <span class='ocrx_word' id='word_1_876' title='bbox 1717 2547 1769 2574; x_wconf 91' lang='lat' dir='ltr'><strong>nisi</strong></span> 
     </span>
    </p>
   </div>
   <div class='ocr_carea' id='block_1_117' title="bbox 979 2592 1770 2626">
    <p class='ocr_par' dir='ltr' id='par_1_117' title="bbox 979 2592 1770 2626">
     <span class='ocr_line' id='line_1_117' title="bbox 979 2592 1770 2626; baseline 0.001 -7"><span class='ocrx_word' id='word_1_877' title='bbox 979 2592 1106 2619; x_wconf 74' lang='lat' dir='ltr'><strong>audiendi</strong></span> <span class='ocrx_word' id='word_1_878' title='bbox 1131 2601 1212 2619; x_wconf 86' lang='lat' dir='ltr'><strong>sensu</strong></span> <span class='ocrx_word' id='word_1_879' title='bbox 1237 2592 1395 2619; x_wconf 75' lang='lat' dir='ltr'><strong>destitutus.</strong></span> <span class='ocrx_word' id='word_1_880' title='bbox 1413 2592 1468 2619; x_wconf 85' lang='lat' dir='ltr'><strong>llae</strong></span> <span class='ocrx_word' id='word_1_881' title='bbox 1490 2599 1555 2626; x_wconf 72' lang='lat' dir='ltr'><strong>ergo</strong></span> <span class='ocrx_word' id='word_1_882' title='bbox 1582 2593 1688 2620; x_wconf 81' lang='lat' dir='ltr'><strong>ratione</strong></span> <span class='ocrx_word' id='word_1_883' title='bbox 1706 2592 1728 2620; x_wconf 90' lang='lat' dir='ltr'><strong>si</strong></span> <span class='ocrx_word' id='word_1_884' title='bbox 1745 2599 1770 2620; x_wconf 88' lang='lat' dir='ltr'><strong>lc</strong></span> 
     </span>
    </p>
   </div>
   <div class='ocr_carea' id='block_1_118' title="bbox 979 2639 1769 2674">
    <p class='ocr_par' dir='ltr' id='par_1_118' title="bbox 979 2639 1769 2674">
     <span class='ocr_line' id='line_1_118' title="bbox 979 2639 1769 2674; baseline 0.004 -10"><span class='ocrx_word' id='word_1_885' title='bbox 979 2639 1063 2665; x_wconf 82' lang='lat' dir='ltr'><strong>solem</strong></span> <span class='ocrx_word' id='word_1_886' title='bbox 1079 2643 1159 2666; x_wconf 75' lang='lat' dir='ltr'><strong>terra:</strong></span> <span class='ocrx_word' id='word_1_887' title='bbox 1179 2639 1328 2674; x_wconf 81' lang='lat' dir='ltr'><strong>appellare.</strong></span> <span class='ocrx_word' id='word_1_888' title='bbox 1351 2647 1405 2666; x_wconf 78' lang='lat' dir='ltr'><strong>non</strong></span> <span class='ocrx_word' id='word_1_889' title='bbox 1421 2639 1512 2673; x_wconf 84' lang='lat' dir='ltr'><strong>inepte</strong></span> <span class='ocrx_word' id='word_1_890' title='bbox 1525 2639 1550 2665; x_wconf 90' lang='lat' dir='ltr'><strong>id</strong></span> <span class='ocrx_word' id='word_1_891' title='bbox 1566 2639 1688 2667; x_wconf 84' lang='lat' dir='ltr'><strong>facturus</strong></span> <span class='ocrx_word' id='word_1_892' title='bbox 1703 2640 1769 2667; x_wconf 91' lang='lat' dir='ltr'><strong>tuihi</strong></span> 
     </span>
    </p>
   </div>
   <div class='ocr_carea' id='block_1_119' title="bbox 979 2685 1771 2720">
    <p class='ocr_par' dir='ltr' id='par_1_119' title="bbox 979 2685 1771 2720">
     <span class='ocr_line' id='line_1_119' title="bbox 979 2685 1771 2720; baseline 0.004 -11"><span class='ocrx_word' id='word_1_893' title='bbox 979 2685 1074 2711; x_wconf 74' lang='lat' dir='ltr'><strong>Videor</strong></span> <span class='ocrx_word' id='word_1_894' title='bbox 1090 2695 1097 2711; x_wconf 89' lang='lat'><strong><em>:</em></strong></span> <span class='ocrx_word' id='word_1_895' title='bbox 1115 2690 1142 2712; x_wconf 77' lang='lat' dir='ltr'><strong>et</strong></span> <span class='ocrx_word' id='word_1_896' title='bbox 1166 2686 1187 2712; x_wconf 88' lang='lat' dir='ltr'><strong>si</strong></span> <span class='ocrx_word' id='word_1_897' title='bbox 1213 2686 1275 2720; x_wconf 88' lang='lat' dir='ltr'><strong>quis</strong></span> <span class='ocrx_word' id='word_1_898' title='bbox 1300 2685 1402 2720; x_wconf 86' lang='lat' dir='ltr'><strong>aliquid</strong></span> <span class='ocrx_word' id='word_1_899' title='bbox 1429 2686 1516 2719; x_wconf 84' lang='lat' dir='ltr'><strong>majus</strong></span> <span class='ocrx_word' id='word_1_900' title='bbox 1532 2685 1643 2717; x_wconf 83' lang='lat' dir='ltr'><strong>dixerit,</strong></span> <span class='ocrx_word' id='word_1_901' title='bbox 1661 2694 1703 2713; x_wconf 91' lang='lat' dir='ltr'><strong>me</strong></span> <span class='ocrx_word' id='word_1_902' title='bbox 1721 2686 1771 2712; x_wconf 89' lang='lat' dir='ltr'><strong>mi-</strong></span> 
     </span>
    </p>
   </div>
   <div class='ocr_carea' id='block_1_120' title="bbox 979 2730 1770 2767">
    <p class='ocr_par' dir='ltr' id='par_1_120' title="bbox 979 2730 1770 2767">
     <span class='ocr_line' id='line_1_120' title="bbox 979 2730 1770 2767; baseline 0.003 -11"><span class='ocrx_word' id='word_1_903' title='bbox 979 2730 1052 2758; x_wconf 84' lang='lat' dir='ltr'><strong>nime</strong></span> <span class='ocrx_word' id='word_1_904' title='bbox 1070 2731 1223 2765; x_wconf 81' lang='lat' dir='ltr'><strong>refragante</strong></span> <span class='ocrx_word' id='word_1_905' title='bbox 1245 2732 1328 2758; x_wconf 84' lang='lat' dir='ltr'><strong>dicet.</strong></span> <span class='ocrx_word' id='word_1_906' title='bbox 1347 2731 1505 2759; x_wconf 73' lang='lat' dir='ltr'><strong>Ctelestium</strong></span> <span class='ocrx_word' id='word_1_907' title='bbox 1527 2731 1600 2758; x_wconf 90' lang='lat' dir='ltr'><strong>enim</strong></span> <span class='ocrx_word' id='word_1_908' title='bbox 1616 2732 1694 2767; x_wconf 74' lang='lat'><strong>331</strong></span> <span class='ocrx_word' id='word_1_909' title='bbox 1709 2740 1770 2759; x_wconf 89' lang='lat' dir='ltr'><strong>cor-</strong></span> 
     </span>
    </p>
   </div>
   <div class='ocr_carea' id='block_1_121' title="bbox 980 2775 1772 2810">
    <p class='ocr_par' dir='ltr' id='par_1_121' title="bbox 980 2775 1772 2810">
     <span class='ocr_line' id='line_1_121' title="bbox 980 2775 1772 2810; baseline 0.003 -10"><span class='ocrx_word' id='word_1_910' title='bbox 980 2783 1079 2809; x_wconf 83' lang='lat' dir='ltr'><strong>porum</strong></span> <span class='ocrx_word' id='word_1_911' title='bbox 1105 2776 1176 2802; x_wconf 85' lang='lat' dir='ltr'><strong>idem</strong></span> <span class='ocrx_word' id='word_1_912' title='bbox 1199 2781 1331 2810; x_wconf 85' lang='lat' dir='ltr'><strong>perpetuo</strong></span> <span class='ocrx_word' id='word_1_913' title='bbox 1360 2780 1449 2802; x_wconf 83' lang='lat' dir='ltr'><strong>status</strong></span> <span class='ocrx_word' id='word_1_914' title='bbox 1475 2775 1686 2803; x_wconf 76' lang='lat' dir='ltr'><strong>admiratiomrm</strong></span> <span class='ocrx_word' id='word_1_915' title='bbox 1704 2785 1772 2803; x_wconf 92' lang='lat' dir='ltr'><strong>non-</strong></span> 
     </span>
    </p>
   </div>
   <div class='ocr_carea' id='block_1_122' title="bbox 981 2821 1769 2854">
    <p class='ocr_par' dir='ltr' id='par_1_122' title="bbox 981 2821 1769 2854">
     <span class='ocr_line' id='line_1_122' title="bbox 981 2821 1769 2854; baseline -0.001 -5"><span class='ocrx_word' id='word_1_916' title='bbox 981 2821 1049 2849; x_wconf 85' lang='lat' dir='ltr'><strong>nihil</strong></span> <span class='ocrx_word' id='word_1_917' title='bbox 1063 2822 1201 2848; x_wconf 86' lang='lat' dir='ltr'><strong>imminuit</strong></span> <span class='ocrx_word' id='word_1_918' title='bbox 1216 2831 1222 2848; x_wconf 90' lang='lat'>:</span> <span class='ocrx_word' id='word_1_919' title='bbox 1240 2822 1363 2849; x_wconf 80' lang='lat' dir='ltr'><strong>utnninm</strong></span> <span class='ocrx_word' id='word_1_920' title='bbox 1381 2830 1446 2849; x_wconf 77' lang='lat' dir='ltr'><strong>vero</strong></span> <span class='ocrx_word' id='word_1_921' title='bbox 1466 2830 1556 2848; x_wconf 84' lang='lat' dir='ltr'><strong>rerum</strong></span> <span class='ocrx_word' id='word_1_922' title='bbox 1576 2825 1769 2854; x_wconf 82' lang='lat' dir='ltr'><strong>humanarum,</strong></span> 
     </span>
    </p>
   </div>
   <div class='ocr_carea' id='block_1_123' title="bbox 981 2868 1770 2903">
    <p class='ocr_par' dir='ltr' id='par_1_123' title="bbox 981 2868 1770 2903">
     <span class='ocr_line' id='line_1_123' title="bbox 981 2868 1770 2903; baseline 0 -9"><span class='ocrx_word' id='word_1_923' title='bbox 981 2876 1096 2902; x_wconf 82' lang='lat' dir='ltr'><strong>quarunt</strong></span> <span class='ocrx_word' id='word_1_924' title='bbox 1125 2869 1263 2895; x_wconf 76' lang='lat' dir='ltr'><strong>nounuilis</strong></span> <span class='ocrx_word' id='word_1_925' title='bbox 1290 2868 1334 2894; x_wconf 84' lang='lat' dir='ltr'><strong>alii</strong></span> <span class='ocrx_word' id='word_1_926' title='bbox 1362 2868 1422 2894; x_wconf 85' lang='lat' dir='ltr'><strong>aliis</strong></span> <span class='ocrx_word' id='word_1_927' title='bbox 1439 2868 1617 2901; x_wconf 75' lang='lat' dir='ltr'><strong>antecellunt,</strong></span> <span class='ocrx_word' id='word_1_928' title='bbox 1631 2877 1691 2896; x_wconf 91' lang='lat' dir='ltr'><strong>cum</strong></span> <span class='ocrx_word' id='word_1_929' title='bbox 1708 2876 1770 2903; x_wconf 78' lang='lat' dir='ltr'><strong>per-</strong></span> 
     </span>
    </p>
   </div>
  </div>
