1915 3071
119 147 166 178 521

203 133 209 135 ⁴
243 145 280 181 [Α.
301 152 326 172 c.
352 143 418 172 i282
437 151 470 170 in
495 142 572 179 εδει]
611 144 834 175 BYZANTlN/E
854 145 895 175 ιιι

951 143 1045 174 JRLE
1067 143 1138 175 LIB.
1161 143 1242 174 Vili.

1287 141 1356 176 [μιν.
1378 146 1518 167 Ακιιιιοκιο.
1540 137 1612 174 εει]
1684 140 1734 171 5.22

114 205 153 239 τῷ
170 205 286 240 παρόντι
297 205 433 240 ἠνάγκαζε
448 205 575 237 δέξασθαί
599 213 643 239 με,
661 205 693 232 ἵν’
707 206 748 240 εἴη
763 213 804 236 τις
834 205 896 231 τοῦτ

956 204 993 231 illi
1011 204 1047 231 ob
1063 193 1144 230 talem
1157 211 1220 238 erga
1238 210 1280 230 me
1293 201 1467 229 aﬁectionem
1491 199 1734 230 convicialiantur;

115 251 296 283 εὐπρίσωπος
308 250 380 285 αὐτῷ
397 251 508 286 ἀφορμὴ
535 252 604 286 πρδς
629 251 692 283 τοὺς
708 251 901 286 βασκαίνοντας

115 297 163 322 καὶ
178 296 225 322 ὑπ’
241 297 334 323 ὀδόντα
350 296 570 331 λοιδορουμένους
595 297 669 332 αὐτῷ
691 298 740 332 τῆς
761 297 899 332 ἡμετέρας

114 341 210 367 εἶνεκα
221 342 314 376 τιμῆς.
327 339 360 376 ἧς
372 341 435 376 παρ’
445 342 526 368 αὐτοῦ
538 342 670 377 λαμπρῶς
681 343 760 373 εὐθὺς
769 342 905 378 ἐκαρπού-

117 394 182 420 μην,
216 386 284 420 μήτε
311 386 405 421 χρόνον
438 386 665 422 προεισενεγκὼν,
699 387 736 418 ὡς
764 387 824 419 ἔθος
850 388 906 418 τοῖς

115 432 265 465 πλείστοις,
282 433 351 467 μήτε
370 433 430 460 τινὰ
449 433 544 459 πολιὰν
554 434 646 468 τρίχα,
667 434 735 468 μήτε
750 434 811 459 τινὰ
822 433 905 468 τιμὴν

116 478 269 512 ζερατικήν,
290 478 441 513 Ηὺτρέπιζε
459 478 486 504 δέ
501 487 546 513 μοι
559 479 622 514 ἤδη,
640 479 677 510 ὡς
689 478 732 512 ἐφ’
747 479 848 513 ἑτοίμῳ
866 477 904 512 τῷ

117 525 271 558 πράγματι,
290 527 336 550 καὶ
348 523 365 550 ἃ
374 526 406 559 τῇ
416 524 477 559 ἀξίᾳ
491 525 662 558 προσήκοντα
677 522 746 560 ἦσαν
758 524 903 558 ἐνδύματα.

955 250 1028 284 quod
1057 257 1106 277 nec
1132 256 1258 284 provecta
1275 247 1352 276 {etate
1378 255 1427 275 nec
1454 255 1522 274 cano
1539 246 1669 281 capillitio
1687 253 1737 272 uec

955 295 1109 322 sacerdotio
1126 295 1219 329 aliquo
1243 295 1462 326 commendatus,
1483 297 1513 320 ut
1527 293 1649 327 plerique
1666 291 1737 318 sole-

955 346 1025 371 rent.
1041 342 1086 368 illa
1104 341 1220 369 fruerer.
1238 342 1295 368 1am
1310 348 1384 372 vero,
1399 346 1426 367 ut
1441 347 1469 366 re
1482 347 1535 366 non
1549 338 1734 370 dubia,etiam

955 387 1081 422 dignitati
1106 392 1306 414 consentaneas
1331 391 1422 414 vestes
1447 385 1512 412 mihi
1540 385 1662 419 parabat.
1682 384 1737 419 ligo

955 440 1033 465 vero,
1051 440 1112 459 cum
1131 432 1342 460 adolescentiam
1366 438 1453 458 meam
1470 435 1498 457 et
1515 437 1622 464 tempus
1637 429 1734 463 hujus-

955 478 1027 505 modi
1045 479 1126 505 rebus
1143 478 1260 511 alienum
1279 476 1508 507 considerassem,
1530 477 1571 518 ad
1589 475 1662 502 hunc
1682 482 1739 500 Ino-

954 524 1020 551 dum
1041 523 1123 550 verba
1134 523 1186 550 feci
1201 531 1208 549 :

121 568 194 602 Ἐγὼ
208 568 231 594 δ’
247 570 274 597 ἐς
285 569 336 601 τὴν
356 568 480 602 ἐμαυτοῦ
497 569 610 602 νεότητα
626 568 729 594 ἀπιδὼν
743 568 791 595 καὶ
806 569 855 602 τὴν
874 567 928 595 τῶν
940 568 1067 595 τοιούτων
1080 568 1183 603 ἀωρίαν
1197 568 1367 604 πραγμάτων
1379 567 1521 603 παρελθὼν
1539 566 1616 599 ἑὶεξι
1629 564 1736 598 τοιάδεῘ

153 616 190 642 Β’.
213 625 222 641 ι
242 617 309 651 Περὶ
322 619 371 649 μὲν
392 616 512 651 ἐμαυτοῦ
538 617 593 652 (89)
615 618 661 643 καὶ
687 617 724 648 ὼς
749 617 825 643 οὔπω
855 625 900 651 μοι

115 664 212 697 καίρια
229 663 262 688 τα
288 663 337 697 τῆς
365 663 498 697 ἰερατείας
531 662 633 698 βραχύν
652 670 713 689 τινα
733 663 900 697 ἀποχρήσειν

116 715 163 741 μοι
177 707 249 733 δοκῶ
262 707 307 733 τὺν
322 708 463 741 ἀπόλογον.
483 708 517 734 '0
544 716 572 734 τε
588 708 641 743 γάρ
656 717 701 742 μοι
717 708 811 743 χρόνος
825 708 902 734 οΰπω

114 752 217 786 ὡραῖος
237 752 305 786 πρός
329 760 359 785 γε
382 752 415 778 τὰ
429 751 550 778 τοιαῦτα·
563 752 611 778 καὶ
636 753 783 787 μέιτοι”γε
813 754 859 780 καὶ
877 754 901 779 οἱ

986 616 1018 644 ll.
1043 626 1052 642 ι
1075 616 1151 650 Quod
1166 617 1199 643 ad
1215 624 1257 642 me
1273 619 1300 642 et
1320 616 1492 642 immaturam
1506 613 1661 640 sacerdotio
1674 619 1740 639 aeta-

952 666 1005 687 tcm
1023 662 1132 693 attinet,
1150 668 1203 688 non
1221 667 1318 694 magna
1334 667 1403 694 opus
1415 666 1475 686 esse
1487 657 1609 685 arbitror
1623 665 1740 684 excusa-

951 706 1035 733 tione.
1048 707 1114 734 Nam
1124 711 1151 733 et
1164 707 1227 733 anni
1245 706 1296 733 mei
1314 706 1414 733 talibus
1426 705 1507 732 rebus
1526 709 1591 732 sunt
1607 704 1738 738 impares,

950 757 978 779 et
993 752 1041 779 otii
1060 760 1092 779 ac
1112 752 1265 779 litterarum
1282 752 1395 779 insanus
1412 759 1443 778 ac
1463 751 1583 778 furiosus
1599 758 1675 777 amor
1690 749 1739 776 ad-

113 799 164 832 τῆς
180 798 293 832 ἡσυχίας
310 799 356 825 καὶ
371 798 424 824 τῶν
440 798 527 832 λόγων
543 799 686 832 μανιώδεις
703 800 750 825 καὶ
770 799 898 834 λελυττη-

953 799 1008 826 huc
1021 798 1092 832 apud
1108 806 1151 825 ine
1169 798 1255 825 fervet
1269 807 1276 825 ι
1295 805 1346 825 nec
1361 805 1403 825 me
1419 798 1532 824 missum
1548 796 1682 824 facturum
1700 796 1740 822 af-

115 845 194 874 κοτες
210 844 310 878 ἔρωτες
327 843 430 878 ὴσῶσιν
447 843 486 870 ἐτι
502 844 567 879 παρ’
580 845 642 878 ἐμοὶ
659 845 706 871 καί
726 853 759 879 με
777 844 826 880 μὴ,
837 845 902 880 πρὶν

115 891 156 921 εἰς
170 890 250 924 κόρον
279 890 396 924 ἐξήκειν,
430 891 561 925 παρήσειν
587 890 808 925 διῖσχυρίζονται.
833 891 900 917 Τότε

113 937 168 969 γὰρ
182 935 230 961 καὶ
251 935 285 961 τὰ
301 936 350 969 τῆς
377 935 496 966 διανοίας
519 934 548 960 τὸ
565 935 664 968 ἄφετον
681 934 752 967 ἕξειν
772 936 819 962 καὶ
833 936 901 962 ἀπο·

114 982 265 1016 χρῶνπρὺς
271 981 339 1008 Θεοῦ
350 981 528 1016 λειτουργίαν.
539 981 575 1008 Τδ
588 981 616 1008 δὲ
627 980 674 1008 νῦν
689 982 901 1017 ἐμϐριθεστέραν

114 1026 187 1053 εἶναι
204 1026 255 1061 τὴν
270 1026 323 1053 τῶν
340 1027 496 1061 μυστηρίων
513 1027 624 1062 τόλμαν,
638 1027 654 1062 ἢ
668 1027 703 1058 ὡς
720 1027 769 1062 ἐμέ
790 1036 821 1062 γε
835 1029 901 1054 ὲνεί-

113 1080 159 1098 ναι
183 1072 281 1107 ῥᾳδίως
297 1071 418 1106 ἐνέγκαι,
434 1071 513 1098 τοῦτο
532 1071 612 1099 δὀὖν
632 1073 703 1106 είμή
726 1081 765 1108 τῳ
790 1073 822 1108 δὴ
847 1073 901 1100 τῶν

116 1118 227 1144 πάντων
240 1117 320 1152 ἄλλῳ,
338 1116 405 1143 ἀλλᾶ
416 1117 469 1152 γὰρ
485 1117 512 1143 ετ
524 1125 549 1143 τι
561 1117 616 1144 τῶν
630 1117 758 1144 ἁπάντων
775 1117 838 1145 ἄλλο
854 1119 900 1144 καὶ

114 1162 195 1189 τοῦτο
210 1163 243 1198 δὴ
253 1162 306 1188 τῶν
320 1163 390 1189 πάνυ
407 1171 447 1188 τοι
458 1163 599 1198 προδήλων
607 1164 712 1198 ἔμοιγε.
723 1163 839 1198 Ὀπόσην
846 1163 900 1198 γὰρ

120 1208 205 1242 ἐχρῆν
221 1207 268 1233 τοῦ
282 1208 443 1242 πράγματος
457 1207 506 1241 τὴν
519 1209 627 1242 πεῖραν,
647 1208 740 1243 τόσην,
757 1208 794 1239 ὡς
802 1209 898 1241 εἰπεῖν,

114 1253 193 1280 ἁσχῶ
211 1253 260 1289 τὴν
276 1253 403 1288 ἀπειρίαν
417 1255 444 1280 ὲν
463 1253 529 1287 γοῦν
539 1254 577 1288 τῷ
588 1254 712 1290 παρόντι.
727 1256 763 1281 Ύὺ
773 1255 796 1281 δ’
813 1255 900 1287 οὕτως

117 1301 204 1335 ἔχοντ’
213 1300 326 1335 ἀμαθῶς
339 1300 513 1335 κατατολμᾷν
524 1301 578 1326 τῶν
597 1300 677 1327 θείων
689 1301 736 1328 καὶ
743 1301 898 1336 ἀψαύστων,

115 1347 208 1380 ὅμοιον
217 1345 246 1372 ὂν
256 1344 350 1381 ὥσπερ
358 1345 390 1371 ἂν
400 1346 473 1375 εῐτις
480 1345 602 1379 ὲπεπήδα
611 1345 740 1380 θαλάττῃ,
751 1346 814 1380 πρὶν
823 1345 839 1381 ἢ
848 1355 899 1380 μα-

116 1391 172 1418 θεῖν
180 1391 368 1426 διανήχεσθαι,
378 1390 436 1417 οὗθ’
447 1391 522 1424 ὑγιὲς
533 1390 693 1425 ἥγημαικαὶ
705 1392 764 1418 οὐδὲ
775 1391 899 1418 πλείστου

114 1437 167 1463 δέω
178 1437 377 1472 θαυμάζειν,ζεῖ
386 1445 426 1467 τις
434 1437 577 1471 ἀνάσχοιτό
587 1445 648 1462 ποτε
656 1437 791 1471 τοσαύτην
799 1437 900 1472 τόλμαν

115 1483 284 1518 ἀνασχέσθαι
303 1481 426 1518 λογισμῷ
452 1482 633 1517 καθεστηκότι
655 1482 781 1517 πλήττων
793 1483 898 1511 ἑαυτόν.

955 847 1055 878 firmat,
1074 845 1233 880 priusquam
1254 845 1288 872 iis
1304 845 1338 871 ad
1357 845 1512 871 satietalem
1535 843 1652 870 fruatur.
1669 842 1738 869 Tulli

955 891 1028 918 enim
1045 896 1072 918 et
1088 891 1202 918 liberum
1217 884 1274 918 fore
1291 899 1380 918 meum
1396 891 1516 917 animum
1535 894 1564 916 et
1577 889 1610 916 ad
1627 888 1673 916 Dei
1689 896 1740 915 nn-

956 937 1097 964 nisterium
1125 936 1263 964 idoneum.
1292 936 1369 963 Nunc
1397 943 1459 963 vero
1487 935 1620 963 audacem
1639 939 1740 970 mystc-

955 983 1058 1010 riurum
1081 983 1270 1011 tractationem
1295 991 1365 1010 onus
1386 990 1446 1010 esse
1470 982 1590 1017 gravius,
1606 989 1687 1016 quam
1710 986 1740 1008 ut

954 1027 1034 1055 facile
1050 1028 1114 1055 illud
1130 1029 1231 1062 possint
1244 1029 1390 1060 sustinere,
1404 1028 1427 1054 si
1451 1035 1531 1054 nemo
1550 1027 1620 1054 alius
1635 1026 1740 1053 intelli-

953 1073 1002 1108 git,
1026 1081 1077 1108 ego
1092 1078 1166 1101 certe
1183 1074 1223 1101 sic
1248 1074 1382 1108 intelligo,
1402 1078 1434 1101 ut
1459 1073 1530 1100 nihil
1554 1073 1652 1107 magis.
1669 1072 1737 1099 Nam

953 1124 1085 1154 quantam
1110 1127 1154 1147 res
1181 1119 1379 1155 experientiam
1405 1120 1554 1154 postulant,
1571 1124 1652 1146 tanue
1670 1118 1738 1146 milii

954 1173 1015 1192 sum
1033 1165 1177 1200 imperitia:
1191 1166 1329 1198 conscius,
1349 1166 1400 1193 hoc
1415 1166 1524 1201 quidem
1539 1170 1673 1200 tempore.
1688 1165 1738 1192 At-

953 1212 1000 1246 qui
1017 1212 1156 1239 hominem
1172 1212 1241 1239 adeo
1258 1212 1353 1238 rudem
1367 1212 1468 1239 divinis
1482 1217 1509 1239 et
1525 1219 1577 1239 non
1596 1211 1738 1246 Iangendis

953 1265 1014 1285 sese
1043 1258 1125 1285 rebus
1155 1258 1290 1293 ingerere,
1316 1265 1371 1284 non
1398 1257 1472 1285 aliud
1497 1257 1591 1290 fuerit,
1615 1265 1696 1292 quam
1714 1257 1737 1284 si

953 1304 1016 1339 quis
1043 1304 1155 1332 natandi
1185 1305 1296 1332 nescius
1320 1304 1346 1332 in
1381 1312 1456 1332 mare
1485 1305 1594 1332 desiliat
1621 1313 1628 1331 :
1656 1303 1734 1340 341

953 1357 1044 1384 neque
1064 1349 1122 1377 sani
1137 1350 1256 1377 hominis
1270 1358 1320 1386 ego
1338 1358 1398 1379 esse
1420 1355 1486 1386 puto
1501 1356 1530 1379 et
1546 1352 1625 1379 valde
1641 1353 1737 1385 mirer.

953 1396 977 1423 si
997 1397 1058 1432 quis
1082 1397 1174 1424 animo
1197 1401 1325 1425 constans
1350 1398 1391 1425 vel
1419 1398 1539 1433 cogitare
1563 1398 1616 1425 tale
1632 1398 1737 1434 aliquid

939 1443 1096 1471 ’sustineat.
1112 1443 1216 1476 Quibus
1239 1444 1312 1471 enim
1339 1444 1511 1476 fulminibus,
1536 1445 1636 1480 quibus
1655 1446 1738 1474 maris

954 1489 1107 1525 gurgitibus
1124 1498 1178 1517 non
1199 1490 1279 1525 digna
1292 1490 1373 1518 fuerit
1393 1491 1438 1518 illa
1453 1491 1637 1518 conﬁdentia?
1649 1491 1737 1519 Caele»

121 1530 208 1556 Ποίων
225 1530 275 1563 μὲν
300 1530 355 1565 γὰρ
369 1529 419 1555 οὐκ
430 1529 463 1555 ἂν
477 1528 519 1563 εἴη
536 1529 711 1564 πρηστήρων,
724 1528 806 1555 ποίων
814 1528 837 1555 δ’
848 1529 898 1556 οὐκ

951 1544 1010 1563 rum
1027 1543 1080 1563 tuae
1097 1536 1246 1571 majestatis
1261 1537 1433 1564 clementiam
1448 1545 1512 1572 erga
1527 1545 1582 1570 me,
1598 1538 1732 1567 sollicitu-

115 1575 148 1602 ἂν
164 1575 316 1602 θαλαττίων
330 1575 474 1610 πυθμένοιν
502 1574 532 1600 τὺ
546 1575 662 1609 πρᾶγμα
677 1574 804 1608 ὲπάξιον;
827 1572 897 1602 Εἶεν.

115 1623 151 1648 Τό
167 1630 200 1656 γε
237 1622 290 1657 μὴν
318 1621 385 1656 πρὸς
404 1620 454 1655 ἐμὲ
471 1621 594 1655 εὐμενὲς,
607 1621 653 1647 καὶ
680 1621 827 1656 κηδόμενον
852 1621 900 1647 τοῦ

116 1667 163 1694 σοῦ
173 1668 292 1702 κράτους
309 1668 355 1693 καὶ
373 1667 440 1702 πρὸς
456 1666 568 1698 εὐποῖας
580 1667 650 1693 πάνυ
665 1675 707 1693 τοι
721 1667 822 1701 σφόδρα
839 1667 900 1693 ἑπι-

115 1713 203 1744 κλινὲς
213 1714 259 1740 καὶ
269 1713 427 1749 ὀξύρροπον,
437 1711 547 1748 [P.2l0]
556 1712 633 1747 εἴπερ
639 1712 670 1747 δή
679 1712 764 1739 τιτῶν
774 1712 900 1739 ἁπάντων

115 1758 208 1792 ἕτερον
221 1759 268 1783 καὶ
285 1757 362 1784 τοῦτο
374 1757 396 1783 δ’
408 1758 437 1783 ὲν
450 1758 505 1788 τοῖς
524 1758 642 1792 μάλιστα
666 1758 753 1791 ἔγωγε
781 1757 898 1792 ἄγαμαι⁸

115 1807 161 1831 καὶ
175 1804 227 1831 οὐκ
238 1804 292 1839 ἔχω
317 1803 485 1835 παντοδαπὸς
508 1804 666 1838 γιγνόμενος
685 1803 738 1829 τίσι
759 1803 899 1839 χρησάμεο

114 1858 157 1881 νος
171 1850 305 1880 ἐπινοίαις
319 1849 412 1883 γνοίην
428 1849 500 1879 ὅπως
513 1848 578 1874 ποτὲ
610 1849 657 1874 καὶ
673 1846 770 1874 οἷστισι
786 1849 841 1879 τοίς
859 1849 900 1874 αί-

115 1896 182 1926 τίοις
205 1894 286 1926 αὺτδς
309 1894 492 1930 χρησάμενος,
511 1891 533 1920 ὦ
564 1893 686 1929 βασιλεῦ,
707 1894 826 1926 τοιοῦτός
854 1903 898 1929 μοι

115 1942 207 1976 γίγνῃ.
230 1939 311 1973 Ἀλλ’,
333 1940 368 1970 ὼς
385 1940 469 1971 ἔοικε,
499 1940 566 1974 πρὸς
591 1940 636 1966 τὸν
652 1939 739 1966 κοινὸν
760 1941 898 1975 Δισπότην

115 1986 209 2021 ὥσπερ
229 1986 297 2020 πρὸς
313 1986 466 2020 ἀρχέτυπον
493 1986 600 2019 εὐφυῶς
633 1986 821 2022 ἁμιλλώμενος
848 1987 898 2013 οὐκ

115 2032 260 2066 ἀναμένεις
274 2031 363 2062 αἰτίας
379 2031 421 2057 ἀεὶ
436 2031 500 2066 περὶ
509 2031 562 2057 πᾶν
577 2031 689 2065 ἀγαθόν’
701 2032 769 2058 ἀλλὰ
784 2033 822 2067 πὴ
836 2032 896 2066 μὲν,

116 2079 154 2113 πὴ
166 2078 311 2108 δ’ἀναίτιος
326 2078 406 2112 γίγνῃ
434 2078 481 2103 καὶ
502 2078 602 2112 σφόδρα
618 2078 757 2112 φιλότιμος
785 2079 896 2113 εὐεργέ-

114 2133 173 2159 της.
191 2124 223 2150 '0
239 2123 271 2158 δὴ
283 2123 330 2149 καὶ
350 2124 464 2158 μάλιστα
481 2123 583 2153 πάσαις
609 2124 706 2158 ἀρχαῖς
732 2124 897 2151 οἰκειότατον

114 2179 143 2196 τε
159 2170 206 2196 καὶ
223 2169 456 2204 πρεπωδέστατον.
489 2169 526 2195 Τὸ
538 2169 592 2204 γὰρ
607 2170 839 2205 προῦπηργμὲνης
852 2171 897 2197 ai-

105 2216 172 2247 ,τίας
185 2215 338 2250 εὐεργετεῖν
362 2216 392 2240 οὐ
408 2215 506 2249 μᾶλλον
521 2214 546 2249 γ’
559 2215 592 2241 ἂν
602 2215 646 2250 είη
666 2215 713 2241 τοῦ
736 2215 863 2250 δρῶντος,
879 2216 895 2251 ἢ
915 2206 934 2231 ί)

115 2262 160 2288 τοῦ
176 2263 225 2296 τὴν
240 2261 330 2287 αἰτίαν
346 2260 577 2295 προὸεὸλημένου.
601 2261 656 2286 Καὶ
673 2260 721 2287 νῦν
745 2261 841 2295 γέγονέ
857 2270 898 2287 σοι

115 2308 144 2334 τὸ
158 2309 207 2343 τῆς
223 2306 304 2339 ἕξεως
317 2306 396 2340 φύσις
408 2306 603 2341 ἀμετασλήτως
620 2306 730 2341 ἐχουσασ
748 2308 794 2334 καὶ
804 2307 898 2342 ὥσπερ

115 2355 218 2381 ἕκαστα
232 2353 285 2379 τῶν
309 2353 393 2378 ὕντιιιν
415 2352 446 2378 τὸ
461 2353 511 2387 τῆς
528 2352 635 2387 φύσεως
651 2353 717 2378 [διον
738 2353 898 2387 αὐτομάτως

115 2400 242 2426 ἀποτελεῖ
261 2400 308 2425 καὶ
326 2399 450 2432 ὑγραίνει
477 2398 526 2433 μὲν
539 2398 624 2433 ὕδωρ,
640 2399 702 2425 κάει
721 2399 750 2426 δὲ
776 2400 831 2435 πῦρ
852 2402 899 2427 καὶ

113 2445 244 2476 τάλλαὼς
278 2446 295 2479 ἡ
323 2444 402 2479 φύσις
424 2444 530 2479 ἑκάστῳ
563 2445 795 2480 κεχειροτόνηκεν,
827 2445 898 2472 οὕτω

113 2493 190 2519 δίεισι
208 2492 254 2518 τδν
271 2491 360 2517 πάντα
372 2491 457 2518 αἰῶνα
476 2490 658 2524 διατελοῦντα,
688 2491 793 2527 οὐδαμῆ
817 2493 898 2519 οὐδα-

115 2528 173 2574 μῶς
185 2538 351 2565 οἱδεπώπστ¹
372 2537 500 2571 οὐδεμιᾶς
526 2538 769 2573 ἀποχειροτονῆσαι
788 2539 898 2574 δεδυνη-

115 2587 198 2619 μένης
217 2583 333 2618 τροπῆς,
346 2582 416 2609 οὓτω
432 2582 464 2617 δὴ
480 2583 526 2609 καὶ
553 2583 634 2614 αὐτὸς
665 2582 795 2617 πεφυκὼς
828 2586 896 2620 πρὸς

114 2631 273 2666 εὐεργεσίας
286 2630 364 2657 τοῦτο
381 2630 428 2657 καὶ
444 2629 533 2663 λόγοις
558 2630 606 2656 καὶ
631 2632 802 2666 πράγμασιν,
815 2633 896 2659 οἱονεί

952 1581 1045 1608 dinem
1073 1585 1100 1608 et
1127 1589 1260 1608 summam
1280 1581 1313 1608 ad
1341 1581 1411 1608 bene
1430 1582 1590 1609 merendum
1613 1589 1734 1616 propen-

952 1627 1069 1660 sionem,
1088 1628 1110 1654 si
1126 1627 1192 1662 quid
1209 1635 1323 1662 usquam
1337 1627 1411 1655 aliud
1433 1628 1474 1655 vel
1493 1628 1519 1655 in
1535 1628 1632 1662 primis
1648 1628 1736 1655 adiui-

952 1682 997 1700 ror
1013 1683 1019 1701 :
1036 1679 1063 1701 et
1078 1682 1244 1709 quocunque
1271 1682 1314 1702 me
1337 1679 1457 1705 vertero,
1482 1682 1537 1702 non
1562 1675 1661 1709 habeo,
1680 1683 1736 1711 quc

951 1720 1067 1747 consilio
1080 1720 1227 1753 adductus,
1248 1721 1382 1755 quibusve
1396 1721 1560 1754 rationibus,
1574 1722 1733 1756 imperator,

951 1770 978 1793 te
994 1766 1061 1792 mihi
1078 1766 1158 1793 talem
1174 1767 1317 1801 praebeas:
1334 1767 1385 1794 nisi
1404 1768 1476 1802 quod
1493 1772 1615 1802 apparet,
1633 1773 1659 1795 te
1670 1776 1733 1795 cum

950 1813 1073 1838 omnium
1091 1812 1206 1839 Domino
1221 1813 1360 1848 ingeniose
1381 1813 1593 1841 contendentem
1618 1823 1671 1841 non
1691 1816 1734 1841 ul-

950 1858 990 1886 las
1002 1863 1160 1893 exspectare
1177 1859 1365 1886 beneﬁcentia:
1382 1867 1478 1887 causas
1495 1869 1501 1887 :
1521 1860 1568 1888 sed
1592 1861 1658 1888 illud
1674 1867 1733 1889 tan-

952 1907 1008 1930 tum
1038 1909 1172 1939 spectare,
1200 1913 1252 1940 qua
1283 1906 1388 1933 ratione
1421 1900 1493 1933 bene
1511 1907 1608 1934 mereri
1635 1908 1733 1942 possis.

950 1950 1028 1984 Quod
1045 1960 1110 1979 sane
1137 1952 1264 1979 omnibus
1287 1952 1410 1987 imperiis
1433 1952 1621 1986 dignissimum
1643 1959 1684 1981 est
1706 1959 1734 1981 ct

951 1997 1067 2024 maxime
1081 1998 1232 2032 proprium.
1248 1997 1315 2024 Nam
1335 1998 1522 2025 beneﬁcentiae
1540 2006 1621 2025 causa
1634 2006 1734 2034 suppe-

949 2044 1033 2071 ditata
1052 2043 1224 2077 benefacere,
1238 2052 1292 2071 non
1319 2048 1372 2070 tam
1399 2043 1514 2071 beneﬁci
1533 2043 1625 2075 fuerit,
1649 2053 1730 2080 quam

948 2090 1007 2125 ejus
1024 2089 1071 2124 qui
1088 2090 1114 2116 id
1129 2091 1261 2117 meruerit
1278 2099 1285 2117 :
1302 2095 1328 2117 et
1352 2097 1425 2117 nunc
1451 2090 1581 2118 diuturna
1605 2091 1649 2118 illa
1664 2100 1732 2120 con-

948 2133 1066 2161 suetudo
1084 2138 1128 2160 tua
1152 2133 1178 2160 in
1192 2133 1388 2161 immutabilem
1406 2138 1529 2162 naturam
1548 2140 1589 2164 est
1605 2141 1707 2164 mutata
1722 2146 1729 2164 ι

948 2185 976 2207 et
991 2180 1027 2207 ita
1046 2184 1074 2207 ut
1096 2187 1191 2207 omnes
1211 2180 1270 2206 aliae
1285 2188 1328 2207 res
1349 2180 1405 2208 sive
1419 2186 1639 2208 naturaemunus
1660 2182 1731 2209 ultro

949 2223 1061 2254 faciunt.
1077 2228 1105 2250 ut
1120 2231 1188 2258 aqua
1206 2223 1356 2258 bumectat,
1370 2229 1398 2251 ut
1415 2225 1485 2260 ignis
1499 2225 1565 2257 urit,
1578 2226 1732 2261 eodemque

947 2269 1028 2296 modo
1042 2274 1140 2297 caetera
1160 2277 1208 2304 per
1232 2277 1313 2298 omne
1329 2279 1415 2297 a-vum
1441 2276 1553 2298 naturas
1573 2279 1637 2298 suas
1665 2273 1732 2299 Γθιίο

948 2319 1024 2346 nent,
1044 2322 1094 2341 nec
1109 2314 1160 2341 ulla
1179 2323 1298 2349 unquam
1316 2315 1342 2342 vi
1360 2316 1394 2343 ab
1417 2316 1450 2343 iis
1476 2316 1650 2350 depelluntur
1667 2325 1673 2344 :
1690 2316 1730 2344 sic

948 2365 975 2387 et
991 2361 1048 2394 ipse
1061 2360 1095 2387 ad
1110 2360 1334 2388 benefacicndum
1346 2367 1425 2388 natus
1437 2369 1525 2397 neque
1538 2362 1628 2390 verbis
1640 2370 1730 2398 neque

949 2405 1027 2433 factis
1053 2406 1122 2434 bene
1150 2407 1249 2434 mereri
1272 2408 1393 2435 desistis.
1419 2408 1509 2441 Quare
1535 2416 1597 2436 cum
1622 2413 1731 2444 gratum

947 2451 1069 2478 animum
1098 2451 1237 2480 declarare
1253 2453 1344 2480 verbis
1362 2453 1388 2480 in
1416 2454 1513 2488 primis
1541 2455 1660 2488 cupiam,
1679 2462 1731 2481 nec

948 2498 973 2525 id
998 2506 1048 2532 pro
1073 2498 1204 2533 dignitate
1226 2499 1315 2527 facere
1329 2499 1409 2535 342
1433 2502 1546 2535 possim.
1565 2509 1618 2527 non
1639 2501 1731 2527 minus

947 2549 975 2571 et
993 2545 1105 2579 tempori
1122 2549 1150 2571 et
1173 2545 1303 2577 orationi,
1318 2553 1399 2580 quam
1418 2546 1468 2580 ipsi
1484 2546 1549 2572 mihi
1568 2554 1729 2578 succenseo,

947 2597 1009 2617 cum
1036 2595 1182 2625 utrumque
1206 2598 1239 2618 ex
1266 2599 1343 2625 mque
1371 2592 1586 2625 reprehensione
1617 2593 1729 2628 dignum

943 2637 1111 2664 existimem.
1127 2637 1194 2664 Nam
1211 2637 1299 2664 oratio
1320 2645 1382 2663 cum
1407 2638 1548 2664 materiam
1569 2644 1679 2673 superet
1698 2644 1727 2666 et

788 2698 955 2731 Variorum
976 2706 1067 2734 notas.

148 2749 203 2780 (89)
223 2748 252 2774 In
276 2746 336 2773 istis
364 2746 535 2775 orationibus
559 2748 763 2776 encomiaslicis
795 2749 890 2778 Latine

113 2784 251 2811 vertendis
264 2781 379 2809 Wolﬁus
394 2789 446 2808 non
461 2783 528 2809 adeo
544 2783 614 2809 ﬁdus
629 2791 660 2810 ac
672 2784 787 2818 diligens
804 2785 890 2813 inter—

113 2827 173 2854 pres
189 2821 251 2845 luit.
268 2817 401 2854 Nimirum
420 2819 443 2843 ei
459 2825 515 2854 non
531 2817 598 2844 tanti
611 2825 672 2845 esse
686 2817 750 2846 visae
765 2825 842 2853 sunt,
860 2827 889 2849 ut

112 2852 224 2881 inultum
238 2852 342 2880 laboris
359 2852 525 2885 impenderet
542 2859 635 2879 earum
655 2852 886 2889 interpretationi.

271 2900 393 2928 l'A‘rttOL
423 2899 479 2929 Gn.
504 2900 648 2932 CXLVIII

940 2752 1035 2790 Neque
1050 2761 1116 2790 ergo
1131 2763 1221 2790 operae
1236 2763 1297 2782 esse
1313 2754 1465 2782 existimavi
1481 2762 1528 2782 eas
1545 2755 1635 2783 denuo
1653 2756 1711 2784 1,ιηί

941 2796 990 2815 nas
1012 2789 1112 2817 facere.
1134 2789 1205 2817 satis
1226 2798 1287 2817 esse
1312 2790 1388 2823 duxi,
1412 2798 1472 2824 quae
1497 2789 1613 2818 Wolfius
1638 2792 1730 2820 minus

941 2825 1085 2885 ponnngde
1099 2827 1214 2857 vcu'trsc
1231 2826 1380 2858 videretur,
1396 2833 1427 2853 ea
1449 2826 1530 2853 aliter
1551 2833 1628 2853 versa
1649 2828 1729 2855 exhi.

959 2866 1014 2885 ere.
1053 2867 1134 2886 oms.

1534 2910 1567 2939 l7
