1915 3071
119 149 177 181 545

257 147 295 183 [Α.
315 155 339 175 c-
361 147 430 175 1282
449 156 481 175 An
501 145 581 182 1328]
618 149 840 181 BYZANTINAE
861 151 912 180 111:

967 152 1055 182 )lll/E
1073 152 1150 183 LIB,
1170 152 1252 183 Vl”,
1286 151 1374 186 κιιλιρ.
1396 157 1537 177 ANDRONIC.
1560 150 1632 186 san]

1704 153 1755 184 E46

119 215 167 232 ναι
182 206 240 237 τοῖς
254 205 387 239 Τούρκοες
402 206 469 240 αὐτῇ
485 205 560 232 πόλει
578 206 626 232 καὶ
642 206 734 238 αὐτοῖς
749 206 845 237 οἴκοις.
860 207 912 233 Καὶ

967 211 1039 235 tasse
1052 208 1111 235 dies
1127 208 1284 240 accidisset,
1310 208 1362 236 nisi
1382 208 1494 235 Alexius
1510 209 1756 244 Philanthropenns

118 251 183 286 τάχ’
195 251 228 277 ἂν
242 251 270 277 ὲν
283 251 385 284 ὀλίγαις
399 251 517 286 ἡμέραις
533 252 683 286 ἐπράττετο
698 253 785 284 τοῦτο,
802 254 825 278 εί
842 253 880 287 μὴ
896 253 910 278 ὀ

119 297 354 331 Φιλανθρωπηνὸς
371 297 488 330 Ἀλέξιος
505 297 574 333 ἔφθη
590 297 636 324 τοῦ
655 297 736 333 βυθοῦ
754 299 808 325 τῶν
824 299 914 325 τοιού-

120 352 179 369 των
196 343 356 375 ἀπαλλάξας
373 343 513 370 κινδύνων.
533 343 577 370 Ἐν
594 344 680 378 στενῷ
696 344 750 378 γὰρ
767 344 914 378 γενόμενος

119 390 135 415 ὁ
158 389 287 424 βασιλεὺς
308 389 354 415 καὶ
377 390 413 424 μὴ
434 389 503 424 ἔχων
520 389 533 415 ὃ
548 398 574 415 τι
595 389 704 424 δράσειε
722 389 776 416 τῶν
807 390 915 416 πάντων

119 426 199 461 οὐδὲν
216 434 289 470 (οὔτε
305 435 359 469 γὰρ
372 434 462 460 ὅπλων
476 434 619 468 ἐπισκευὴ,
634 434 693 461 οὔτε
710 425 915 469 στρατδςλάντί-

122 481 213 512 τιαλος
227 478 261 515 ἦν
277 481 317 512 εἰς
335 480 412 506 πόλιν
429 480 501 507 οὕτω
519 480 652 516 θαλάττης
671 481 778 512 πολλοῖς
797 482 916 513 σταδίοις

121 525 322 560 ἀπῳκισμένην
339 526 385 552 καὶ
402 526 509 556 πολλοῖς
525 526 738 560 κεκυκλωμένην
752 528 808 557 τοῖς
824 527 915 553 ἔθνεσι

123 570 245 605 βοηθεῖν)
264 571 368 605 πέμπει
384 570 478 597 τοῦτον
496 571 577 597 αὑτὸν
597 571 680 606 μηδὲν
698 573 914 606 ἐπιφερόμενον,

122 615 186 642 οὔτε
201 617 330 651 στρατὸν,
343 616 399 642 οὔθ’
411 617 500 643 ὃπλων
513 617 673 651 ἐπισκευὴν,
687 616 747 643 οὔτε
763 618 915 652 χρημάτων

122 661 237 696 πλῆθος,
252 661 318 687 ἀλλὰ
335 661 419 696 μόνην
434 662 483 696 τὴν
497 662 546 696 τῆς
562 661 669 696 φύσεως
684 662 793 688 σύνεσιν
807 663 851 689 καὶ
867 664 916 696 ἐμ-

123 708 246 743 πειρίαν.
265 704 303 733 Οὖ
321 708 353 742 δὴ
370 707 418 733 καὶ
437 707 502 742 πρὶν
520 708 663 742 ἐπιστῆναι
681 710 714 743 τῇ
736 708 812 734 πόλει
835 709 915 734 Φιλα-

122 753 245 787 δελφείᾳ,
261 752 301 779 ἔτι
316 753 339 780 δ’
350 754 379 779 ὲν
395 753 467 789 μέσῃ
481 753 579 788 πορείᾳ
594 753 783 788 τυγχάνοντος,
799 755 848 783 τὴν
864 754 915 788 φή-

123 807 180 834 μην
197 799 348 834 ἀκηκοότες
365 800 388 825 ol
406 799 464 825 τῶν
477 799 693 833 πολιορκούντων
711 799 849 835 σατράπαι
866 801 914 826 καὶ

125 844 243 878 ἀρχηγοὶ
259 844 291 870 τά
308 853 337 869 τε
355 844 424 870 ὅπλα
441 844 522 875 εὐθὺς
539 844 654 879 ἑρριψσιν
673 845 719 870 καὶ
736 845 786 878 τὴν
803 844 913 879 πολιορ-

123 890 187 916 κίαν
203 890 355 917 ἀπείπαντο
373 890 542 922 αἰδεσθέντες
558 891 606 926 τὴν
620 890 667 916 τοῦ
684 890 779 926 ἀνδρὸς
796 891 909 926 ἀρετήν.
927 881 948 909 Β

125 936 180 962 Καὶ
197 935 308 967 ὑπτίαις
325 935 384 970 ἅμα
401 936 479 970 χερσὶ
497 936 546 964 καὶ
562 936 687 970 γνώμαις
703 937 912 971 είρηνευούσαις

124 981 264 1007 ὑπαντῶσι
289 981 334 1007 καὶ
358 981 555 1016 ὑποδέχονται’
580 982 626 1007 καὶ
651 978 687 1007 ὧν
712 982 796 1009 πάλαι
822 983 913 1010 καλῶν

123 1026 282 1053 ἀπέλαυσαν
299 1027 328 1059 ἐξ
350 1027 432 1054 αὑτοῦ
451 1026 497 1053 νῦν
514 1027 543 1052 ὲν
561 1028 656 1063 μνήμῃ
676 1029 816 1063 γενόμενοι
834 1030 914 1064 χάρι-

123 1081 172 1103 τας
186 1072 348 1107 ὁμολογοῦσι
365 1073 412 1099 καὶ
428 1073 482 1099 πᾶν
494 1072 525 1099 τὸ
540 1073 611 1100 κατὰ
625 1074 738 1109 γνώμην
752 1075 839 1101 τελεῖν
853 1076 915 1102 ὑπι-

124 1117 279 1152 σχνοῦνται.
299 1119 330 1145 Οἱ
354 1119 403 1154 μὲν
421 1118 475 1154 γὰρ
496 1119 584 1146 αὐτῶν
601 1119 686 1146 πάλαι
703 1120 732 1147 τὸ
752 1121 801 1155 ζῇν
818 1122 911 1156 ὲπορί-

124 1172 206 1190 σαντο
223 1164 258 1190 δι’
271 1164 353 1190 αὑτοῦ
371 1165 527 1199 προφανοῦς
545 1166 749 1200 ἀπαλλαγέντες
767 1167 883 1193 θανάτου
902 1176 909 1183 ·

122 1209 147 1234 οἱ
175 1209 203 1234 δὲ
226 1209 280 1236 τῶν
306 1210 352 1239 ὑπ’
368 1210 443 1244 αὑτῷ
458 1210 504 1246 [Ρ.
525 1211 590 1248 225]
604 1212 732 1247 παιδευτῇ
756 1213 914 1246 τεθραμμέ-

124 1262 178 1280 νων
203 1255 272 1289 πρδς
289 1255 360 1282 ὅπλα
377 1256 424 1282 καὶ
442 1256 568 1290 πολέμων
583 1258 699 1292 ἄσκησιν
723 1255 803 1292 ἦσαν.
821 1257 874 1284 Καὶ
888 1257 915 1284 τι

967 253 994 280 in
1010 259 1085 281 tanto
1106 254 1230 292 periculo
1244 255 1412 282 constitutos
1429 255 1464 281 ab
1482 255 1643 282 imminente
1672 256 1756 283 exitio

968 300 1120 326 liberasset.
1147 299 1213 326 Nam
1235 299 1262 326 in
1295 300 1432 334 angustias
1453 300 1580 327 redactus
1607 300 1758 335 imperator

966 351 992 372 et
1006 346 1112 372 consilii
1126 346 1206 380 plane
1221 345 1299 380 inops
1313 346 1412 380 (neque
1429 347 1503 373 enim
1520 354 1659 373 armorum
1673 355 1757 381 appa-

969 399 1056 423 ratus,
1070 399 1159 426 neque
1175 391 1313 419 exercitus
1330 393 1490 426 suppetebat
1503 392 1563 418 urbi
1579 392 1757 419 defendenda

968 444 1029 471 par,
1063 444 1123 471 quae
1143 441 1182 463 tot
1202 437 1296 463 stadiis
1315 444 1328 462 a
1347 437 1413 462 mari
1439 436 1535 463 dissita
1548 455 1554 466 ,
1573 441 1612 462 tot
1629 436 1757 471 gentibus

967 482 1059 508 cincta
1077 482 1159 514 esset)
1176 482 1249 507 hum:
1266 481 1354 515 ipsum
1372 481 1490 516 delegat,
1513 481 1581 508 nihil
1603 489 1695 508 secum
1719 481 1759 508 af-

966 524 1111 557 ferentem,
1127 532 1179 551 non
1202 526 1367 557 exercitum,
1386 533 1439 551 non
1455 531 1542 557 arma,
1559 532 1612 551 non
1630 525 1753 559 pecuniae

967 570 1097 604 copiam,
1127 570 1175 597 sed
1207 574 1312 596 tantum
1344 568 1495 596 naturalem
1530 571 1703 605 prudentiam
1731 576 1759 598 et

968 623 1047 642 usum
1064 624 1167 642 rerum.
1183 615 1235 648 Qui
1251 616 1409 650 priusquam
1426 616 1458 641 ad
1473 615 1567 642 urbem
1583 616 1756 647 accessisset,

966 670 1028 689 cum
1050 663 1076 689 in
1090 662 1178 689 medio
1192 662 1282 690 adhuc
1309 663 1406 690 itinere
1421 667 1504 695 esset,
1532 663 1651 689 hostium
1669 668 1757 689 satra-

967 715 1007 742 pa:
1031 708 1155 742 M362
1172 708 1255 735 duces
1274 707 1343 735 fama
1358 708 1450 735 audita
1467 708 1558 734 statim
1578 708 1693 743 abjectis
1712 715 1756 734 ar-

967 754 1018 781 mis
1030 754 1063 781 ab
1073 754 1217 781 obsidibne
1230 759 1416 787 recesserunt,
1429 754 1479 780 viri
1494 754 1623 781 virtutem
1636 754 1756 781 reverili:

968 805 996 826 et
1013 800 1119 835 supinis
1135 795 1216 827 simul
1231 801 1359 827 manibus
1375 805 1402 827 et
1421 800 1525 835 pacatis
1537 800 1637 826 animis
1647 799 1756 826 obviam

962 843 1103 880 progressi
1122 853 1185 872 eum
1217 851 1403 880 exceperunt,
1422 851 1449 872 et
1472 845 1668 872 beneﬁciorum
1696 853 1757 879 quae

962 891 1027 919 olim
1047 891 1082 919 ab
1104 892 1151 918 illo
1175 892 1349 926 accepissent
1366 899 1511 924 memores,
1527 891 1628 926 gratias
1644 891 1670 918 ei
1690 898 1756 926 ege-

961 942 1037 969 runt,
1050 945 1079 965 se
1094 938 1227 973 quidquid
1240 938 1365 972 petiisset
1377 938 1495 965 facturos
1510 938 1681 973 pollicentes.
1692 938 1759 972 Qui-

962 984 1025 1012 dam
1045 985 1118 1014 enim
1131 992 1164 1011 ex
1182 985 1236 1011 illis
1254 988 1336 1011 vitam
1354 984 1419 1011 olim
1438 985 1497 1019 ejus
1512 992 1595 1019 opera
1609 991 1757 1012 conserva-

963 1035 1025 1057 rant
1050 1036 1077 1058 et
1109 1036 1226 1058 mortem
1257 1036 1360 1058 certam
1382 1039 1412 1058 ac
1430 1037 1553 1065 paratam
1577 1031 1754 1066 eﬂ‘ugerant;

964 1077 1010 1104 alii
1027 1084 1060 1103 eo
1075 1077 1205 1112 magistro
1217 1076 1325 1104 educati
1342 1083 1369 1104 et
1382 1077 1415 1104 ad
1436 1085 1510 1104 arma
1531 1081 1559 1104 et
1573 1076 1700 1103 militiam
1717 1077 1758 1103 in-

966 1121 1065 1148 structi
1084 1121 1202 1148 fuerant.
1226 1121 1260 1148 Et
1276 1121 1341 1156 quid
1354 1121 1446 1148 multis
1463 1128 1531 1155 opus
1548 1125 1590 1147 est
1602 1120 1612 1146 ‘3
1623 1119 1758 1146 Philadcl-

965 1167 1036 1201 phiac
1049 1167 1140 1194 subito
1155 1174 1187 1193 ca
1202 1166 1320 1193 felicitas
1346 1170 1374 1192 et
1396 1165 1506 1193 ubertas
1517 1165 1631 1197 exstitit,
1649 1169 1678 1191 ut
1699 1172 1758 1202 ma-

967 1213 1072 1239 ximum
1105 1211 1234 1239 frumenti
1263 1211 1432 1238 medimnum
1461 1211 1591 1238 drachma
1614 1218 1757 1244 conpara-

968 1263 1039 1286 l'Clll.

124 1300 164 1327 δεῖ
179 1300 345 1336 διατρίὸειν;
375 1303 403 1334 ἐς
429 1303 555 1330 τοσοῦτον
582 1303 728 1335 εὐπαθείας
757 1304 803 1330 καὶ
836 1304 961 1340 εὐτυχίας
994 1301 1062 1340 ἧκεν
1094 1304 1224 1342 ἐξαπίνης
1246 1305 1263 1340 ἡ
1283 1303 1470 1337 Φιλαδέλφεια,
1489 1302 1526 1334 ὡς
1548 1303 1613 1338 μιᾶς
1634 1302 1758 1338 δραχμῆς

124 1347 202 1375 ὢνιον
221 1349 266 1375 τὸν
287 1350 414 1385 μέγιστον
428 1351 574 1386 λαμϐάνειν
592 1352 718 1386 μέδιμνον
732 1351 778 1378 τοῦ
796 1351 881 1378 σίτου.

160 1396 197 1423 Δ’.
219 1397 264 1432 Τῷ
289 1398 378 1432 μέντοι
403 1399 554 1434 Συργιάννῃ
580 1399 636 1434 (12)
660 1400 714 1426 τῶν
739 1399 871 1434 βασιλέων
897 1401 914 1433 ή

124 1442 221 1473 ἓνωσις
238 1442 275 1477 μὴ
289 1443 360 1469 κατὰ
375 1442 486 1478 γνώμην
501 1445 622 1470 συστᾶσα
636 1445 750 1479 ἀθυμεῖν
764 1445 850 1471 ἐποίει
865 1445 912 1472 καὶ

125 1488 358 1523 ἐσκυθρωπακότα
371 1489 524 1524 περιϊέναι·
538 1490 584 1516 καὶ
599 1489 707 1525 μάλισθ’
718 1491 759 1516 ὅτι
772 1490 825 1516 τῶν
839 1498 908 1525 πρα-

1005 1398 1051 1427 IV.
1065 1399 1230 1435 Syrgiannes
1247 1407 1322 1432 vero,
1337 1399 1534 1433 imperatorum
1545 1397 1692 1425 concordia
1707 1398 1757 1424 mi-

967 1445 1040 1472 nime
1057 1445 1144 1478 Izrtus,
1157 1445 1250 1472 animo
1265 1453 1337 1480 aeger
1362 1449 1389 1471 et
1406 1444 1478 1471 tristi
1502 1443 1578 1470 vultu
1594 1443 1757 1470 obambula-

966 1490 1013 1518 bat
1033 1499 1040 1518 :
1058 1491 1176 1518 maxime
1193 1490 1266 1525 quod
1298 1490 1456 1525 tranquillis
1477 1489 1560 1516 rebus
1581 1489 1672 1516 nullus
1697 1489 1758 1523 ejus

125 1535 239 1569 γμάτων
256 1534 431 1570 ἠρεμούντων
448 1535 594 1571 ἁξυντελὴς
610 1536 691 1568 αὐτὸς
709 1537 738 1562 ἐν
753 1537 809 1567 τοῖς
825 1536 909 1571 δημο-

967 1543 1027 1562 usus
1040 1535 1067 1562 in
1088 1535 1225 1570 republica
1243 1543 1303 1562 esse
1319 1534 1555 1567 videbatur.Quos
1572 1534 1656 1569 igitur
1667 1533 1758 1568 publi-

126 1579 192 1611 σίοις
214 1580 302 1606 ἐδόκει
324 1581 370 1606 καὶ
388 1579 535 1615 ἄχρηστος.
548 1579 628 1607 Ὅθεν
649 1581 678 1607 ἐν
699 1581 844 1615 κιθέδραις
865 1582 912 1608 καὶ

127 1624 236 1650 στάσεσι
260 1626 306 1651 καὶ
331 1625 399 1655 ὁδοῖς
423 1625 552 1656 τοιούτοις
574 1627 646 1652 τισὶν
670 1627 841 1661 ἐντυγχάνων
869 1627 917 1653 καὶ

127 1670 244 1705 προσιὼν
260 1671 401 1705 ἀσμένως.
418 1672 490 1702 ὅσοις
505 1671 594 1707 λύπην
607 1672 667 1699 τινὰ
684 1673 718 1698 τὰ
732 1672 811 1699 κοινά
826 1672 914 1706 πρού-

129 1717 241 1752 ξένησαν
255 1718 417 1752 πράγματα,
434 1718 594 1753 ἐλοιδορεῖτο
608 1720 663 1750 τοῖς
679 1718 847 1754 βασιλεῦσιν,
864 1718 913 1746 ἇτε

127 1763 302 1793 ἀδικωτάτοις
317 1764 380 1797 περὶ
396 1764 475 1790 αὑτὸν
490 1765 645 1798 γενομένοις
660 1765 869 1799 χρησιμώτατον
882 1766 911 1791 ὲν

126 1810 180 1841 τοῖς
204 1810 409 1840 ἐναντιωτάτοις
434 1810 540 1843 καιροῖς
566 1809 613 1834 νῦν
640 1809 689 1844 μὲν
712 1809 799 1843 τούτῳ
825 1809 873 1836 νῦν
893 1810 915 1835 δ’

128 1854 222 1889 ἐκείνῳ
236 1854 389 1887 γενόμενον.
405 1853 477 1880 Ἰδὼν
489 1853 516 1879 δὲ
532 1854 577 1879 καὶ
592 1853 760 1888 Ἀνδρόνικον
773 1853 817 1879 τον
833 1853 915 1880 Ἀσὰν

128 1899 215 1934 λύπης
230 1899 369 1934 περιϊόντα
385 1900 495 1935 μεστὸν,
510 1900 550 1925 ὅτι
564 1899 612 1934 τὴν
626 1899 775 1934 ἐπιτροπὴν
788 1899 836 1925 καὶ
850 1899 916 1925 διοί-

129 1954 205 1979 κησιν
213 1945 282 1980 ἔχων
289 1946 392 1976 ἐκεῖνος
399 1945 451 1989 τῶγ
460 1945 682 1980 Πελοποννησίων
692 1944 834 1979 Ῥωμαίων
841 1946 869 1971 ὲν
876 1945 914 1980 τῷ

129 1992 216 2027 καιρῷ
227 1992 275 2026 τῆς
284 1991 337 2018 τῶν
351 1988 482 2026 βασιλέων
492 1992 669 2023 διαστάσεως,
681 1988 739 2017 εἶτα
753 1991 911 2026 ἐξῳκισθεὶς

129 2038 233 2065 ἐκεῖθεν
240 2037 345 2072 ἀτίμως
355 2037 429 2072 παρὰ
436 2037 481 2064 τοῦ
490 2037 549 2063 νέου
559 2037 690 2072 βασιλέως
700 2037 746 2063 καὶ
755 2037 838 2063 ἐλθὼν
847 2037 915 2071 πρδς

129 2083 172 2110 τὸν
192 2082 306 2117 γηραιὸν
328 2082 377 2117 οὐχ
394 2079 473 2117 εὗρεν
489 2082 564 2108 οὐδὲν
583 2081 613 2114 ἐξ
639 2081 723 2108 αὑτοῦ
749 2082 797 2116 τῆς
817 2081 907 2116 λύπης

130 2129 252 2162 ἀντάξιον
280 2130 320 2160 εἰς
338 2128 498 2163 θεραπείαν
514 2135 521 2142 ⁸
558 2128 647 2155 καίτοι
689 2128 815 2162 μεγάλων
840 2127 914 2161 ἄξιος

131 2176 260 2210 ὑπάρχων
286 2175 470 2209 ἀξιωμάτων,
494 2173 789 2209 σεδαστοκρατορικῶν
813 2174 913 2208 δηλαδὴ

969 1590 1017 1609 cus
1034 1589 1125 1608 rerum
1141 1587 1228 1609 Status
1244 1589 1409 1616 quocunque
1430 1581 1512 1608 modo
1526 1580 1696 1610 oil‘endisset.
1709 1587 1758 1606 eos

968 1635 1015 1654 seu
1030 1627 1157 1653 sedentes
1169 1634 1215 1654 seu
1235 1631 1339 1653 stantes
1354 1634 1402 1653 seu
1414 1625 1563 1654 secundum
1573 1625 1645 1653 viam
1659 1631 1758 1653 euntes

967 1677 1066 1699 nactus
1078 1673 1261 1699 conveniebat
1273 1677 1301 1699 et
1319 1672 1418 1707 cupide
1438 1672 1530 1700 adibat
1546 1680 1553 1699 :
1571 1675 1654 1706 atque
1669 1673 1756 1706 impe-

967 1718 1105 1745 ratoribus
1122 1718 1341 1750 conviciabatur,
1370 1723 1400 1745 ut
1426 1725 1441 1745 a
1470 1718 1571 1753 quibus
1585 1717 1700 1745 summis
1717 1718 1757 1744 af-

969 1763 1057 1791 fectus
1075 1769 1148 1791 esset
1161 1764 1281 1798 injuriis.
1298 1771 1360 1791 cum
1375 1763 1574 1791 adversissimis
1587 1763 1758 1798 temporibus

967 1817 1039 1836 nunc
1058 1809 1121 1836 huic
1140 1817 1213 1836 nunc
1231 1809 1269 1836 illi
1284 1810 1402 1836 maximo
1417 1809 1480 1836 usui
1496 1808 1604 1836 fuisset.
1618 1808 1686 1835 Cum
1707 1816 1757 1835 au-

967 1848 1021 1883 teni
1045 1857 1163 1883 Asanem
1191 1855 1378 1882 Andronicum
1395 1862 1511 1882 maerore
1531 1855 1644 1889 plenum
1660 1853 1756 1881 obam-

967 1901 1107 1928 bulantem
1134 1900 1341 1935 conspexisset,
1359 1899 1406 1934 qui
1431 1900 1568 1927 Romanos
1585 1899 1756 1934 Peloponne-

966 1946 1032 1978 sios,
1049 1945 1113 1972 dum
1133 1945 1312 1980 imperatores
1331 1945 1441 1971 interse
1455 1943 1636 1976 disslderenl,
1649 1948 1756 1971 rexerat

966 1997 1048 2026 atque
1063 1992 1264 2026 gubernaverat
1279 2000 1287 2023 ;
1304 1989 1404 2018 deinde
1426 1997 1492 2016 vero
1515 1997 1564 2024 per
1578 1988 1754 2024 ignominiam

966 2044 981 2063 a
999 2037 1108 2071 juniore
1125 2037 1289 2071 imperatore
1305 2035 1418 2070 pulsus,
1433 2039 1460 2061 et
1473 2034 1507 2061 ad
1520 2034 1600 2069 363
1617 2033 1754 2061 seniorem

965 2082 1116 2118 profectus.
1140 2082 1246 2109 nullum
1264 2081 1400 2117 ejusmodi
1417 2074 1559 2115 praemium
1576 2081 1753 2114 impetrarat.

966 2136 1020 2163 quo
1035 2129 1113 2155 dolor
1137 2128 1195 2162 ejus
1211 2128 1356 2160 levaretur;
1376 2128 1501 2162 quamvis
1515 2126 1620 2160 magnis
1644 2124 1755 2152 honori-

966 2174 1018 2201 bus
1036 2173 1135 2209 dignus
1157 2177 1239 2206 esset,
1254 2172 1508 2200 scbastocratoricis
1522 2172 1649 2199 videlicet
1659 2176 1687 2198 et
1699 2178 1755 2197 ma-

131 2221 175 2258 κᾳὶ
203 2220 347 2256 μειζόνων,
368 2220 414 2246 διά.
434 2229 464 2246 τε
490 2220 539 2254 τὴν
555 2220 741 2254 στρατηγικὴν
757 2219 912 2255 ἐμπειρίαν,

967 2220 1072 2254 joribus
1086 2219 1181 2252 etiam,
1198 2227 1260 2246 cum
1269 2220 1304 2245 ob
1319 2219 1358 2245 rei
1375 2218 1502 2245 militaris
1515 2225 1605 2250 usum,
1623 2224 1677 2252 quo
1690 2221 1755 2254 tunc

131 2268 160 2302 ᾖν
175 2267 244 2301 ὑπὲρ
265 2267 329 2297 τοὺς
345 2266 442 2297 ἄλλους
470 2266 539 2295 τέως
566 2266 704 2296 ἐπλούτει,
726 2267 772 2291 καὶ
792 2265 851 2300 ἅμα
864 2265 913 2300 τὴν

130 2313 174 2339 τοῦ
196 2313 292 2346 γένους
313 2313 506 2347 λαμπρότητα·
530 2311 574 2338 διὰ
590 2310 677 2338 ταῦτα
692 2311 782 2338 τοίνυν
806 2313 819 2337 ὁ
843 2312 914 2346 Συρ-

131 2359 240 2394 γιάννης
258 2358 382 2392 πρόσεισι
399 2358 446 2384 καὶ
468 2357 542 2392 αὑτῷ
559 2357 612 2383 καὶ(
625 2357 700 2390 φίλος
712 2356 786 2392 αὐτῷ
800 2357 915 2390 γίνεται,

131 2405 177 2436 τὴν
202 2404 251 2438 τῆς
280 2403 369 2439 λύπης
393 2404 541 2438 ὁμοιότητα
559 2401 672 2438 γνώμης
694 2402 916 2437 προϐαλλόμενος

133 2450 286 2485 σύνδεσμον.
312 2449 343 2475 '0
367 2449 417 2484 μὲν
444 2448 491 2475 οὖν
519 2448 690 2483 Συργιάννης
721 2447 758 2478 ὡς
783 2448 913 2483 όμοψύχῳ

134 2497 270 2531 vappam;
287 2495 386 2530 ἐκείνῳ
395 2495 484 2521 πάντα
504 2494 573 2529 διῄει
587 2494 680 2520 λοιπὸν
697 2494 913 2530 ἀναπεπταμένῃ

134 2543 163 2576 τῇ
182 2541 301 2576 γλώττῃ,
327 2541 415 2567 ὁπόσα
446 2541 502 2571 τοῖς
520 2539 701 2574 λυπουμένοις
724 2539 808 2569 εἰκός.
829 2539 858 2565 '0
885 2539 914 2565 δὲ

139 2588 216 2615 ’Δςάν
232 2587 288 2623 (15)
301 2587 399 2622 βαθείᾳ
422 2586 528 2612 συνέσει
555 2584 677 2620 προσιὼν
699 2585 774 2619 αὐτῷ
787 2584 915 2619 γλῶσσαν

136 2635 180 2668 μὲν
194 2634 290 2669 ὁμοίαν
307 2632 365 2663 πῶς
389 2632 486 2666 ἐκείνῳ
499 2630 673 2666 προὺτείνετο
694 2629 741 2656 καὶ
768 2630 915 2657 σννδιελοι-

134 2681 314 2716 δορεῖτο“τοίς
339 2679 480 2716 βασιλεῦσι
506 2678 587 2714 δῆθεν
606 2677 697 2709 αὑτός·
725 2677 759 2703 τὰ
787 2677 814 2704 δὲ
840 2678 915 2713 παρά

965 2265 1033 2292 alios
1050 2265 1209 2299 superabat,
1228 2269 1285 2291 tum
1307 2265 1342 2291 ob
1353 2264 1459 2291 illustre
1472 2270 1568 2298 genus,
1593 2262 1698 2293 obeas,
1713 2261 1755 2287 in-

964 2318 1045 2346 quain
1059 2330 1066 2343 ,
1083 2317 1183 2337 causas
1208 2309 1373 2345 Syrgiannes
1387 2309 1421 2335 ad
1437 2309 1509 2336 hune
1524 2315 1632 2343 quoque
1650 2307 1756 2334 accedit

964 2361 992 2383 et
1018 2357 1096 2392 quasi
1123 2357 1252 2384 maeroris
1276 2355 1457 2383 similitudine
1485 2355 1628 2382 devinctus
1653 2354 1756 2381 amicus

965 2402 1017 2437 ipsi
1045 2402 1163 2430 exsistit.
1190 2402 1285 2437 Itaque
1299 2421 1306 2434 ,
1324 2407 1353 2429 ut
1377 2402 1466 2428 amico
1481 2400 1603 2428 unanimi
1622 2399 1753 2430 cuntisns,

966 2447 1058 2475 omnia
1072 2455 1133 2482 qua;
1152 2447 1230 2475 dolor
1248 2447 1301 2474 fert
1318 2448 1377 2475 sine
1393 2447 1446 2474 ulla
1463 2446 1682 2474 dissimulatione
1699 2445 1755 2472 elo—

968 2494 1074 2528 quitur.
1100 2494 1172 2520 Asan
1197 2501 1263 2520 vero
1286 2494 1419 2528 singulari
1443 2492 1589 2528 prudentia
1616 2499 1677 2519 cum
1696 2491 1755 2517 viro

964 2547 1048 2575 agens
1072 2539 1164 2567 verbis
1181 2539 1252 2566 haud
1272 2538 1457 2566 dissimilibus
1483 2539 1627 2568 utebatur.
1650 2543 1676 2564 et
1697 2537 1755 2571 ipse

964 2586 1074 2621 quidem
1103 2585 1317 2620 imperatoribus
1347 2584 1541 2616 maledicebat;
1563 2583 1653 2610 omnia
1668 2591 1732 2610 vero
1746 2602 1753 2614 ,

965 2640 1026 2666 quae
1039 2640 1053 2659 a
1066 2631 1215 2667 Syrgianne
1230 2631 1404 2663 dicebantur,
1431 2630 1523 2657 animo
1548 2630 1645 2656 intimo
1659 2636 1756 2654 recon-

966 2678 1061 2706 debat.
1074 2678 1142 2705 Nam
1163 2682 1192 2706 et
1208 2678 1285 2713 prius
1300 2677 1479 2704 ambitionem
1496 2676 1556 2711 ejus
1568 2675 1681 2702 oderat:
1697 2679 1753 2700 tum

802 2746 970 2777 VariOrum
988 2751 1082 2777 notes.

167 2814 222 2848 (I2)
240 2798 457 2843 Cantacnzenus,
474 2811 522 2838 lib.
542 2819 560 2843 l,
575 2818 636 2848 c_ap.
653 2809 697 2837 55.
716 2808 831 2835 Dacus.

169 2841 223 2883 ίιὸ)
244 2849 280 2876 De
304 2856 359 2882 quo
375 2849 401 2875 in
422 2841 564 2875 stemmate
578 2841 843 2875 Cantaruzenornm,
856 2850 917 2879 pag.
935 2841 996 2868 260.
1015 2842 1121 2868 llrcasc
