1915 3071
172 138 219 167 535

291 136 330 171 [Α.
350 145 366 164 ιι
399 137 463 164 οτςιι
489 146 520 166 in
541 140 621 175 6836]

764 143 975 174 NICEPIIORI
996 145 1186 176 GREGORE

1733 144 1786 173 53’6

1339 143 1403 179 [ιιιιι.
1422 132 1566 170 axonnmc.
1585 141 1658 178 sttui]

171 201 213 218 res
226 193 357 220 Thracica
372 198 399 220 et
419 195 593 224 Macedonica
611 197 691 234 353
709 199 806 233 praedia
832 207 948 234 recupe-

1007 201 1123 236 ιαρδίας.
1139 201 1308 228 ἐλπισάντων
1319 201 1418 229 αὒτίκα
1431 202 1498 237 πρὸς
1515 201 1560 227 τὸν
1574 201 1692 235 γηραιὸν
1705 200 1785 231 αὖθις

171 243 287 265 raturos.
304 237 356 266 Sed
371 246 432 266 cum
447 240 518 267 idum
539 242 593 269 Deo
614 243 700 270 visum
717 251 770 270 non
787 249 869 277 esset,
886 253 948 272 mox

170 284 243 310 Inani
261 283 354 311 studio
369 289 427 311 acta
442 293 474 312 ea
498 286 581 314 fuisse
598 288 733 322 apparuit,
751 293 781 316 ut
804 297 948 325 progressu

171 329 303 357 orationis
320 337 335 356 a
355 330 436 357 nobis
451 338 614 365 exponetur.

1003 247 1150 281 ἐπανήξειν
1172 247 1207 274 τὰ
1225 249 1377 282 πράγματα
1404 247 1527 281 βασιλέα,
1553 247 1679 280 καθάπερ
1699 246 1786 272 κύϐου

1005 293 1218 328 μεταπεσόντος,
1231 294 1279 320 καὶ
1287 293 1505 326 ἀποδοθήσεσθαι
1520 293 1555 319 τὰ
1580 292 1644 327 περὶ
1673 292 1786 326 θρᾴκην

1003 339 1051 366 καὶ
1064 339 1238 366 Μακεδονίαν
1259 339 1347 374 χωρία
1367 339 1424 370 τοῖς
1448 337 1656 373 προῦπάρξασιν
1686 337 1714 368 ἐς
1740 337 1787 362 τὸν

170 377 281 412 κλῆρον.
306 378 377 404 Ἀλλ’
400 379 462 405 ἐπεὶ
495 379 543 405 καὶ
558 379 596 414 τῷ
621 381 685 415 θείῳ
710 381 804 416 σκοπῷ
839 382 988 417 δεδογμένα
1005 385 1092 413 ταῦτα
1124 387 1173 412 οὐκ
1189 383 1233 421 ἦν,
1263 386 1376 421 μάταιος
1404 386 1432 412 ἐν
1458 385 1552 420 βραχεῖ
1581 384 1635 410 τῶν
1658 390 1788 417 πεπραγ-

171 422 261 457 μένων
284 422 406 458 ἕδοξενή
438 424 550 459 σποῡδὴ,
574 425 612 456 ὡς
635 426 775 461 εἰρήσεται
808 428 951 462 προῑοῦσιν
970 431 1046 465 ἡμῖν,

204 470 249 498 Ill.
271 470 419 497 Enimvero
434 470 528 504 junior
543 471 703 506 imperator,
728 472 775 507 qui
800 473 882 509 longo
898 471 952 509 iam

171 521 294 550 tempore
309 516 402 549 sciret,
418 517 564 551 Byzantios
583 517 624 544 sui
650 517 865 546 studiosissimos
881 527 952 551 esse,

170 562 269 596 quippe
286 569 300 588 a
317 562 418 595 quibus
435 562 504 588 clam
526 568 721 596 arcesseretur,
739 564 855 591 turbatae
878 569 954 599 pacis

170 607 313 634 occasione
330 614 395 634 usus
409 607 441 634 ad
458 607 553 634 urbem
568 608 685 640 accedit,
703 613 730 636 et
744 610 820 636 omni
836 610 953 637 Thracio

169 653 292 681 exercitu
309 660 400 680 secum
423 653 541 680 adducto
558 661 642 688 prope
661 654 793 683 Cosmidii
816 661 953 684 monaste-

170 699 241 725 rium
258 703 493 726 castrametatur:
515 699 588 726 unde
611 700 742 734 palatium
767 702 954 736 conspiciebat

171 746 282 781 triginta
295 746 405 774 circiter
419 746 513 774 stadiis
530 746 645 774 distans.
662 747 700 774 Ac
716 747 773 782 ipse
791 747 900 781 quidem
915 747 952 773 ibi

170 791 284 818 biduum
306 791 474 826 totidemque
496 798 591 819 noctes
612 792 750 824 subsistit,
774 791 953 826 frigidissimo

170 837 293 872 spirante
310 837 405 876 Bprea,
430 837 516 871 ipsius
533 837 637 864 bruma:
653 842 786 871 tempore.
803 837 951 864 Excubito-

171 889 215 909 res
229 889 295 908 vero
307 871 334 907 in
350 881 400 908 viis
411 881 588 908 circumcirca
601 881 741 908 distributi
759 881 950 913 observabant,
965 867 989 898 Β

169 935 204 954 ne
218 927 293 962 ipsos
311 927 403 962 aliquo
418 931 611 961 stratagemate
626 927 763 961 deciperet
776 926 952 962 Syrgiannes,

169 973 216 1008 qui
245 963 303 1000 tum
333 972 456 1000 Perinthi
487 973 648 1000 versabatur
675 977 704 1000 et
729 973 952 1008 circumjacentia

168 1019 278 1047 castella
295 1019 456 1046 melioribus
472 1018 614 1053 promissis
628 1019 654 1045 in
669 1018 720 1045 lide
737 1018 854 1046 retinere
870 1024 954 1046 cona-

169 1065 261 1091 batur.
276 1063 366 1090 Tertia
384 1070 449 1090 vero
463 1067 545 1090 nocte
570 1062 735 1098 Syrgiannes
757 1063 888 1090 trecentis
910 1071 952 1090 ar<

171 1110 252 1137 matis
268 1110 381 1137 delectis
395 1110 467 1136 circa
483 1116 624 1143 vesperam
640 1109 790 1144 equitando
806 1113 953 1143 provectus

169 1159 233 1182 ante
262 1154 328 1182 solis
354 1159 446 1182 ortum
470 1154 632 1190 Byzantium
660 1154 796 1189 pervenit,
825 1154 954 1182 omnibus

170 1201 225 1228 illis
241 1200 416 1236 imperatoris
429 1199 637 1227 excubitoribus
651 1207 683 1227 ac
695 1200 866 1227 stationariis
883 1200 954 1226 mili-

171 1247 256 1278 tibus,
270 1253 325 1273 non
339 1253 419 1273 secus
435 1253 467 1273 ac
483 1246 506 1272 si
520 1252 618 1285 somno
633 1245 756 1280 oppressi
770 1245 898 1276 fuissent,
913 1245 954 1272 in-

170 1292 309 1326 terceptis.
330 1291 365 1318 Et
376 1291 404 1318 ni
421 1298 505 1318 senex
525 1291 675 1325 imperator
698 1291 842 1323 vetuisset,
867 1291 954 1326 impe-

169 1344 227 1365 tum
244 1339 272 1365 in
285 1344 334 1364 eos
350 1337 432 1364 istius
445 1336 577 1364 facinoris
592 1337 684 1364 adhuc
701 1337 812 1371 ignaros
831 1337 967 1365 facturus'

171 1383 232 1410 fuit.
246 1382 299 1410 Sed
320 1390 384 1410 cum
404 1382 557 1414 diluxisset,
578 1381 670 1409 audita
688 1382 848 1417 Syrgiannis
873 1383 952 1410 inex-

170 1433 290 1464 spectata
309 1428 478 1459 incursione.
495 1435 557 1454 cum
579 1435 630 1455 nec
654 1428 776 1464 Byzantii
793 1429 846 1456 ulla
863 1436 893 1456 re
907 1429 953 1464 ju—

169 1474 258 1502 nioris
272 1473 422 1501 Andronici
438 1478 554 1501 conatus
565 1474 704 1509 juvarent,
719 1481 771 1502 nec
786 1474 843 1508 ipse
866 1475 952 1508 impe-

169 1525 244 1547 rator
267 1521 336 1547 istos
352 1520 412 1553 (eos
427 1519 569 1550 nimirum.
586 1520 633 1554 qui
656 1527 718 1547 cum
740 1520 846 1555 juniore
862 1522 951 1554 erant)

1038 478 1076 505 I".
1098 478 1128 505 Ὀ
1147 478 1238 513 μέντοι
1260 478 1386 513 βασιλεὺς
1402 478 1458 513 (96)
1476 479 1489 504 ὀ
1501 477 1560 508 νέος
1582 476 1659 507 εἰδὼς
1675 476 1708 502 ἐκ
1724 475 1789 502 πολ-

1002 523 1049 551 λοῦ
1059 524 1122 556 τοὺς
1135 525 1299 556 Βυζαντίους
1318 525 1393 556 ὅλαις
1401 524 1529 559 γνώμαις
1555 523 1790 558 προστιθεμένους

1003 569 1077 604 αὺτῷ
1096 570 1144 596 καὶ
1159 570 1246 605 λάθρα
1273 570 1541 604 προσκαλουμένους,
1567 569 1660 603 ἐπειδὴ
1679 569 1789 603 πρόφα-

999 622 1046 642 Ισιν
1062 615 1112 650 ἤδη
1124 617 1174 650 τὴν
1189 615 1238 650 τῆς
1252 615 1363 649 είρήνης
1375 615 1454 641 ἔλασε
1485 614 1627 648 σύγχυσιν,
1647 614 1693 639 ἐπὶ
1707 613 1789 638 τοῦτο

1003 658 1154 694 πορεύεται
1163 660 1231 694 μετὰ
1243 660 1342 690 παντδς
1353 659 1399 687 τοῦ
1414 659 1553 695 Θρᾳκικοῦ
1570 658 1788 692 στρατεύματος,

1003 707 1050 732 καὶ
1059 706 1143 732 ἐλθὼν
1166 706 1414 740 στρατοπεδεύεται
1434 706 1498 740 περί
1514 714 1564 731 που
1594 705 1628 731 τὰ
1651 704 1789 738 armatiita

1002 752 1050 786 τῆς
1063 753 1108 779 τοῦ
1131 752 1277 787 Κοσμιδίου
1291 753 1392 787 μονῆς·
1412 752 1459 786 ἀφ’
1474 750 1504 777 οὒ
1528 751 1575 777 καὶ
1598 751 1630 778 τὰ
1664 751 1788 785 βασίλεια

1003 795 1131 830 καθεώρα
1150 796 1298 830 τριάκοντά
1326 805 1377 823 που
1396 795 1520 826 σταδίους
1535 796 1639 820 τούτων
1666 795 1789 829 ἀφεστη-

1003 841 1058 872 κώς
1070 842 1137 877 (97).
1155 842 1239 873 Αὐτὸς
1264 842 1315 876 μὲν
1343 839 1390 868 οὖν
1417 841 1501 868 αὐτοῦ
1527 841 1574 867 δύο
1602 840 1726 874 διήνυσεν
1740 840 1789 866 ὅλα

1003 886 1172 920 νυχθήμερα,
1188 885 1357 920 ψυχροτάτου
1368 887 1429 912 κατ’
1443 885 1532 912 αὐτῶν
1544 885 1731 916 ἀντιπνέοντος
1740 884 1789 911 τοῦ

1003 928 1099 963 βορρᾶ,
1115 928 1174 955 κατ’
1190 929 1273 963 αὐτὴν
1290 928 1340 964 τὴν
1367 929 1459 963 ἀκμὴν
1472 929 1518 955 τοῦ
1544 929 1679 963 χειμῶνος
1707 929 1787 959 ὗντος

1001 972 1049 999 τοῦ
1080 973 1187 1007 χρόνου.
1205 973 1237 998 Ol.
1252 973 1281 1000 δὲ
1298 972 1419 1006 φύλακες
1448 972 1618 1006 πανταχόθεν
1646 972 1790 1006 διανειμά-

1003 1026 1079 1053 μενοι
1095 1018 1143 1050 τὰς
1157 1019 1233 1048 ὀδοὺς
1248 1019 1375 1053 ἐτήρουν,
1406 1019 1444 1054 μὴ
1464 1018 1533 1054 λάθῃ
1554 1019 1790 1053 καταστρατηγή-

1004 1073 1052 1096 σας
1069 1065 1168 1096 αὑτοὺς
1179 1066 1192 1091 ὁ
1208 1065 1379 1100 Συργιάννης
1403 1065 1455 1097 ἔξω
1477 1065 1628 1100 τηνικαῦτα
1644 1065 1709 1100 περὶ
1739 1065 1790 1099 τὴν

1003 1110 1146 1145 Πείρινθον
1174 1110 1319 1144 διατρίϐων
1344 1111 1392 1138 καὶ
1419 1111 1590 1144 πειρώμενος
1625 1110 1791 1144 ὑποσχέσεσι

1003 1156 1203 1191 χρηστοτέραις
1238 1155 1272 1182 τὰ
1302 1155 1382 1190 πέριξ
1418 1155 1617 1189 ἐφελκύσασθαι
1658 1155 1789 1190 φρούρια.

1003 1200 1042 1235 Τῇ
1056 1199 1083 1226 δὲ
1096 1201 1177 1235 τβτῃ
1190 1199 1270 1226 νυκτὶ
1287 1200 1464 1233 τριακοσίους
1479 1199 1681 1234 ἀπολεξάμενος
1710 1199 1791 1226 ὁπλί-

1003 1254 1051 1276 τας
1066 1245 1262 1280 ὁΣυργιάννης
1294 1246 1340 1272 καὶ
1361 1246 1390 1278 ἐξ
1417 1245 1537 1281 ἑσπέρας
1565 1244 1790 1279 ἐξιππασάμενος

1002 1289 1054 1326 ἧκε
1066 1291 1133 1327 πρὸς
1144 1291 1173 1317 τὺ
1190 1291 1347 1322 Βυζάντιον,
1364 1291 1428 1326 πρὶν
1455 1290 1602 1318 ’ἀνατεῖλαι
1625 1290 1671 1317 τὴν
1699 1290 1790 1325 ἣλιον,

1003 1338 1108 1368 πάντας
1124 1336 1244 1367 ἐκείνους
1259 1337 1321 1367 τοὺς
1333 1336 1487 1370 βασιλικοὺς
1519 1335 1666 1367 ὁδοττάτας
1681 1336 1729 1362 καὶ
1738 1335 1790 1368 φύ-

1002 1383 1088 1414 λακας
1104 1381 1198 1416 ὥσπερ
1223 1381 1374 1413 ὑπνοῦντας
1405 1382 1491 1417 ἄρδην
1524 1380 1692 1416 συνειληφώς
1720 1381 1790 1416 (98).

1002 1429 1058 1457 Καὶ
1070 1429 1140 1464 εἰμὴ
1148 1429 1292 1455 διεκώλυεν
1307 1429 1320 1454 ὸ
1339 1429 1455 1462 γηραιὸς
1469 1428 1605 1463 βασιλεὺς,
1623 1430 1670 1455 καὶ
1685 1429 1782 1455 ἐπεισ-
1800 1456 1802 1458 τ

1002 1476 1095 1502 πεσεῖν
1115 1476 1207 1506 αὐτοῖς
1230 1475 1287 1510 (99)
1311 1475 1437 1502 ἐϐούλετο
1452 1474 1489 1502 ἐτ’
1501 1475 1630 1508 ἀγνοοῦσι
1643 1475 1673 1501 τὸ
1683 1475 1788 1509 δρᾶμα.

1010 1523 1086 1548 Ἐπεὶ
1102 1522 1124 1548 δ’
1138 1522 1230 1557 ἡμέρα
1253 1522 1363 1555 ἐγένετο
1379 1522 1426 1548 καὶ
1438 1518 1493 1557 τὴν
1505 1521 1552 1548 τοῦ
1566 1521 1721 1556 Συργιάννη
1735 1528 1791 1547 πα-

168 1566 232 1593 facti
249 1566 415 1598 poenitentes
434 1570 598 1600 recepturus
612 1573 673 1593 esse
689 1565 841 1599 videretur,
863 1566 951 1601 fugam

1007 1564 1115 1599 ράδοξον
1135 1554 1182 1591 καὶ
1196 1554 1329 1599 αἰφνίδιον
1354 1554 1523 1600 ἠκηκόεισαν
1553 1554 1658 1599 ἔφοδον,
1671 1554 1790 1591 έὸλεπον

169 1613 358 1648 arripuerunt.

1012 1611 1101 1638 δὲ’καὶ
1114 1611 1201 1642 ἄλλως
1214 1610 1275 1637 οὔτε
1289 1611 1352 1642 τοὺς
1368 1610 1532 1642 Βυζαντίους
1544 1610 1673 1642 ἀνύοντας
1701 1610 1791 1645 λάθρα

170 1668 197 1686 τι
215 1659 284 1694 ὺπέρ
299 1659 391 1701 αὑτοῆ,
408 1660 532 1695 μήτιτδν
565 1657 677 1694 βασιλέα
708 1657 907 1692 προσδέξασθαι
941 1657 1072 1693 μέλλοντα
1096 1657 1310 1692 ἐπιστρέφοντας
1336 1656 1405 1691 πρὸς
1439 1657 1585 1692 μετάνοιαν
1611 1657 1661 1692 (1),
1687 1656 1791 1692 ᾤχοντο

170 1706 329 1741 φεύγοντες.
768 1721 771 1724 -

206 1752 287 1788 354I
314 1752 357 1780 IV.
377 1751 475 1779 Postea
498 1753 610 1788 despota
634 1751 832 1779 Constantinus
860 1751 952 1778 slatim

170 1806 219 1833 per
233 1806 309 1826 mare
324 1798 546 1826 Thessalonicam
567 1798 694 1828 mittitur.
713 1802 741 1828 ιυ
758 1804 849 1824 rerutn
865 1795 954 1823 Mace-

171 1842 334 1872 donicaru'm
368 1843 636 1871 administrationem
670 1842 954 1877 gubernationemque

171 1890 302 1924 suscipiat
317 1895 345 1916 et
364 1889 471 1922 Xencn,
487 1889 606 1924 junioris
632 1887 805 1922 imperatoris
827 1891 954 1920 matrem,

171 1936 329 1971 Byzantium
351 1935 457 1968 mittat;
474 1939 662 1969 praetereaque
680 1933 795 1960 militem
817 1933 855 1960 ibi
872 1933 953 1968 legat,

172 1986 202 2010 ut
225 1982 286 2017 ipso
308 1981 372 2008 inde
398 1988 459 2007 cum
483 1979 666 2007 Macedonicis
690 1979 776 2012 copiis
797 1978 953 2011 invadente,

173 2028 238 2055 hinc
251 2035 316 2055 vero
331 2027 481 2062 Syrgianne
496 2033 558 2053 cum
574 2025 690 2053 Turcico
713 2025 835 2052 exercitu
858 2030 886 2051 et
909 2024 955 2051 Bi-

173 2075 264 2108 thynis
288 2073 418 2100 Romanis
445 2075 618 2102 occurrente,
636 2071 731 2105 jnnior
754 2071 902 2104 imperator
927 2070 953 2097 in

172 2119 263 2146 medio
281 2119 487 2145 circumventus
507 2125 569 2144 cum
585 2117 642 2143 suis
659 2117 793 2150 capiatur.
818 2116 870 2143 Sed
892 2124 953 2142 cum

170 2165 225 2199 ja-n
250 2163 377 2198 despotes
393 2170 407 2189 e
421 2162 575 2198 ,Byzantino
603 2166 683 2196 portu
710 2161 850 2188 soluturus
869 2166 954 2192 esset,

171 2209 263 2236 statim
279 2216 294 2235 e
311 2207 404 2235 famuli
420 2207 545 2235 manibus
562 2207 654 2234 omnia
668 2214 700 2234 ea
720 2207 828 2241 delapsa
844 2206 911 2234 vidit
927 2211 955 2233 et

173 2256 199 2282 in
218 2255 331 2281 fundum
350 2254 433 2281 maris
448 2253 584 2284 demersa,
604 2260 665 2288 qua:
679 2252 713 2280 ad
729 2252 879 2279 ornandam
896 2253 955 2287 ejus

1040 1749 1081 1785 [Ρ.
1093 1749 1157 1786 218]
1169 1749 1204 1776 Δ’.
1217 1749 1356 1784 Πέμπεται
1366 1749 1415 1784 μὲν
1425 1749 1556 1783 δῆλοιπὸν
1570 1748 1650 1780 εὐθὺς
1659 1749 1673 1775 ὁ
1689 1748 1791 1775 δεσπὸ-

1004 1805 1053 1831 της
1071 1797 1273 1828 Κωνσταντῖνος
1294 1797 1332 1831 (Ξ)
1344 1797 1387 1823 διὰ
1399 1796 1530 1830 Θαλάττης
1543 1797 1571 1826 ἐς
1589 1795 1791 1830 Θεσσαλονίκην

1005 1843 1154 1877 ἐπίτροπος
1176 1843 1222 1869 καὶ
1237 1842 1375 1877 διοικητὴς
1385 1842 1439 1868 τῶν
1454 1842 1503 1876 τῆς
1520 1842 1691 1872 Μακεδονίας
1701 1850 1792 1876 πραγ-

1007 1889 1101 1922 μάτων
1124 1889 1172 1922 τήν
1187 1896 1216 1914 τε
1236 1888 1381 1915 δέσποιναν
1406 1887 1492 1922 Ξένην
1506 1889 1556 1922 τὴν
1575 1889 1622 1915 τοῦ
1638 1889 1699 1914 νέου
1713 1888 1792 1923 βασι-

1004 1934 1073 1965 λέως
1097 1934 1204 1969 μητέρα
1221 1933 1260 1969 (5)
1291 1934 1405 1969 πέμψων
1422 1935 1451 1965 ἐς
1477 1935 1626 1965 Βυζάντιον
1659 1935 1705 1961 καὶ
1721 1935 1790 1969 πρός

1006 1987 1037 2013 γε
1055 1979 1282 2017 στρατολογήσων
1302 1980 1418 2010 ἐκεῖθεν,
1437 1980 1471 2006 ἵν’
1491 1980 1596 2006 ἐκείνου
1613 1980 1663 2014 μὲν
1684 1981 1791 2007 ἐκεῖθεν

1006 2025 1131 2055 ἐπιόντος
1147 2025 1216 2058 μετὰ
1229 2024 1276 2050 τοῦ
1295 2025 1482 2051 Μακεδονικοῦ
1499 2026 1715 2060 στρατεύματος,
1746 2027 1791 2052 ἐν-

1006 2070 1101 2097 τεῦθεν
1116 2071 1144 2097 δὲ
1157 2070 1203 2096 τοῦ
1218 2071 1382 2105 Συργιάννου
1397 2071 1445 2097 σύν
1463 2080 1494 2104 γε
1511 2072 1656 2107 Τουρκικῷ
1682 2073 1791 2107 στρατῷ

1007 2117 1055 2142 καὶ
1068 2116 1125 2143 ὅσοι
1142 2117 1174 2142 ἐκ
1189 2116 1316 2147 Βιθυνίας
1346 2116 1490 2151 Ῥωμαίων
1515 2118 1635 2150 ὁπλίται,
1667 2119 1750 2152 μέσος
1777 2120 1792 2145 ὁ

1008 2163 1070 2193 νέος
1098 2162 1287 2195 συγκλεισθεὶς
1313 2161 1439 2196 βασιλεὺς
1477 2163 1526 2197 τὴν
1554 2164 1686 2198 ταχίστην
1712 2164 1791 2199 ἁλοίη

1009 2207 1055 2240 ξύν
1071 2215 1101 2241 γε
1121 2209 1176 2238 τοῖς
1189 2207 1258 2242 ἀμφ’
1274 2208 1364 2234 αὐτόν.
1381 2208 1495 2234 Μέλλων
1505 2208 1527 2234 δ’
1544 2208 1594 2244 ήδη
1615 2208 1669 2235 τῶν
1688 2210 1792 2241 Βυζαν-

1007 2252 1073 2278 τίων
1087 2252 1203 2286 λιμένων
1215 2252 1347 2278 ἀποπλεῖν
1362 2253 1376 2278 ὸ
1391 2253 1526 2293 δεσπότης
1554 2252 1624 2280 εἶδεν
1644 2254 1723 2284 εὐθὺς
1736 2255 1792 2280 τῶν

173 2307 294 2327 mensam
311 2307 393 2326 aurea
408 2303 436 2325 et
453 2305 581 2332 argentea
604 2305 668 2324 vasa
695 2297 808 2324 collecta
834 2293 953 2324 fuerant.

1008 2297 1054 2323 τοῦ
1084 2297 1178 2323 δούλου
1201 2297 1301 2331 χειρῶν
1328 2291 1508 2332 ὀλισθῆσαντα
1528 2298 1617 2325 πάντα
1647 2299 1792 2334 συνηθροι-

172 2346 238 2380 Qua:
255 2354 298 2373 res
320 2353 447 2381 magnum
464 2345 501 2372 illi
522 2344 644 2371 dolorem
660 2343 761 2376 attulit,
776 2351 828 2371 non
848 2349 902 2371 tam
918 2340 953 2371 ob

1009 2343 1199 2376 σμένα,ὸπὸσα
1213 2344 1262 2378 τὴν
1278 2344 1382 2371 ἐκείνου
1398 2344 1537 2379 τράπεζαν
1551 2345 1669 2379 ἐπλήρου
1687 2345 1790 2380 χρύσεα

838 2406 1006 2437 Variorum
1027 2410 1121 2437 notae.

211 2461 265 2496 (1)6)
286 2459 504 2496 Pliranzes,_lib.
529 2466 630 2496 t,_‘c_ap.
656 2456 838 2496 lO;__l.aonic.
861 2457 956 2496 lib_._1,

175 2504 202 2531 p.
214 2492 242 2525 '8.
259 2492 324 2523 edit.
342 2496 421 2529 ηομ
437 2494 534 2521 .loanu.
549 2493 697 2526 Villaneus,
708 2492 757 2519 lib.
774 2500 810 2524 Ix,
823 2499 883 2526 cap.
895 2492 955 2519 152.

176 2532 291 2559 Uocaxc.

211 2568 265 2600 (97)
285 2567 317 2593 A.
331 2566 362 2593 C.
384 2564 460 2594 I522,
477 2563 577 2600 hieme.

214 2597 269 2636 (98)
290 2602 342 2629 Atil
375 2601 487 2627 verbum
501 2633 506 2636 _
520 2597 699 2636 συλλαμϐάνω
731 2597 803 2636 aliud
825 2597 957 2636 ,δείξεσι-ιιι

179 2632 324 2670 significat,
346 2639 393 2662 aut
412 2633 555 2670 legendum
571 2632 702 2670 λεληθὼς,
724 2633 765 2658 vel
783 2632 956 2670 διεληλυθὼς,

178 2667 218 2698 vel
248 2671 350 2706 aliquid
372 2667 472 2697 simile.
498 2668 592 2706 Neque
616 2669 687 2694 enim
713 2667 960 2706 comprehenderat

177 2715 234 2736 eos.
252 2708 277 2733 in
293 2702 361 2740 quos
377 2706 507 2739 impetum
524 2703 723 2740 facturuscrat.
737 2702 873 2740 Wouius.

216 2743 272 2776 (99)
293 2737 401 2768 Scilicet
414 2737 470 2776 τοῖς
485 2738 608 2776 περἰᾼτδν
624 2737 694 2768 νέον,
708 2737 735 2763 in
750 2737 835 2776 ipsum
845 2737 960 2776 junioris

178 2772 319 2804 exercitum
334 2779 390 2801 erat
410 2775 535 2808 impetum
551 2772 680 2808 facturus,
698 2779 750 2808 non
774 2772 800 2798 in
819 2773 887 2808 ipsos
903 2772 958 2798 via-

179 2821 235 2838 rum
252 2811 379 2839 ruslodes,
391 2810 436 2843 qui
448 2806 504 2842 'jam
517 2806 707 2840 t-ntnpreliensi
725 2806 841 2843 fuerant.
853 2807 956 2834 Bomx.

213 2847 250 2879 (Ι)
270 2846 371 2872 Dubius
390 2842 474 2876 locus,
489 2847 578 2870 utrum
596 2843 727 2877 Byzantii,
742 2842 881 2876 repudiata
895 2850 958 2876 pcr-

1008 2457 1080 2488 fidia.
1092 2458 1228 2492 juniorem
1242 2457 1427 2484 Andronicum
1443 2459 1566 2492 recipere
1579 2458 1717 2485 noluerint
1732 2467 1738 2484 :
1755 2467 1789 2486 an

1004 2492 1124 2526 junioris
1135 2492 1245 2519 milites.
1255 2493 1398 2526 desperata
1408 2493 1524 2519 senioris
1533 2494 1688 2524 clementia,
1699 2494 1788 2527 fugam

1007 2527 1137 2563 ceperint.
1149 2527 1198 2554 Sed
1213 2527 1286 2561 prior
1298 2528 1431 2563 sententia
1445 2528 1529 2562 magis
1543 2529 1640 2563 placet.
1652 2529 1788 2556 Wou‘tus.

1005 2577 1040 2581 ——
1059 2562 1140 2593 Mrirs
1164 2563 1225 2588 τὸν.
1238 2562 1370 2594 βασιλέα
1395 2563 1617 2595 προσδέξιισθαι
1639 2563 1792 2596 μέλλοντα

1006 2596 1105 2628 damn
1113 2596 1251 2630 égn‘rmc,
1262 2602 1314 2623 etc.
1331 2597 1444 2624 Wolfius
1459 2597 1523 2632 legit
1539 2599 1694 2632 μέλλοντας,
1708 2603 1790 2632 alque

1006 2639 1037 2658 ea
1054 2632 1169 2658 lectione
1183 2632 1312 2665 deceptus
1325 2639 1338 2657 a
1351 2639 1416 2658 vero
1426 2640 1506 2659 sensu
1521 2633 1668 2660 aberravit.
1685 2633 1789 2660 BOIVIN.

1044 2667 1082 2700 (2)
1100 2666 1248 2702 Andronici
1275 2666 1339 2700 imp.
1355 2666 1427 2693 filius
1449 2667 1570 2702 secundo
1587 2669 1705 2702 genitus.
1724 2668 1790 2694 Vide

1008 2701 1190 2728 Canlaeuzen.
1207 2701 1256 2727 lib.
1275 2709 1295 2733 ι,
1310 2708 1370 2735 cap.
1387 2702 1432 2728 51.
1449 2700 1566 2729 υυςιιινς..

1044 2736 1082 2770 (5)
1109 2736 1260 2770 Antequam
1291 2736 1370 2762 vidua
1397 2741 1483 2767 esset,
1515 2737 1597 2763 Maria
1630 2737 1789 2764 vocabatur.

1008 2770 1068 2798 Lib.
1082 2778 1120 2802 νι,
1145 2778 1203 2804 cap.
1220 2771 1247 2803 8,
1264 2774 1331 2796 sect.
1350 2770 1381 2802 2;
1401 2771 1448 2797 lib.
1468 2779 1515 2802 vn,
1536 2779 1597 2805 cap.
1619 2772 1645 2801 ϐ.
1662 2778 1731 2798 sect.
1756 2773 1789 2803 2;

1008 2811 1035 2832 et
1056 2813 1116 2839 cap.
1142 2806 1186 2836 15,
1203 2810 1269 2832 sect.
1290 2805 1321 2835 l;
1340 2805 1386 2832 lib.
1403 2814 1460 2836 vni,
1486 2814 1546 2838 cap.
1572 2808 1596 2837 l,
1621 2812 1687 2833 scct.
1708 2807 1790 2833 LAn

1010 2846 1117 2868 mortuo
1133 2841 1230 2867 marito
1245 2841 1366 2867 halitum
1381 2842 1549 2868 mutaverat?
1564 2842 1666 2869 Bolus.
