1915 3071
125 141 185 172 545

265 138 303 175 [Α.
323 147 347 167 c.
370 138 438 167 19.82
458 147 489 166 an
510 137 589 174 1528]
626 141 849 172 ΒΥΖΑΝΤΙΝᾸΞ
870 142 1063 173 HISTORIA;
1082 144 1158 175 ΜΒ,
1179 144 1261 174 VIII,
1295 143 1383 178 \llm’.
1404 148 1546 168 muscum.
1569 142 1640 178 ΜΞΝ]

1713 145 1764 176 ῖ46

125 206 175 223 vat
191 198 249 228 τοῖς
263 197 395 230 Τούρκοις
410 198 477 232 αὐτῇ
493 197 569 223 πόλει
587 197 634 224 καὶ
651 198 743 229 αὐτοῖς
758 197 854 229 οἴκοις.
869 199 921 224 Καὶ

976 203 1047 226 tasse
1061 200 1120 227 dies
1136 199 1293 232 accidisset,
1319 200 1371 227 nisi
1391 200 1502 227 Alexius
1518 200 1765 235 Philanthropenus

125 242 191 277 τάχ’
204 242 237 269 ἂν
251 243 279 268 ἐν
291 242 393 275 ὀλίγαις
408 243 526 277 ἡμέραις
541 243 692 278 ἐπράττετο
706 244 794 275 τοῦτο,
810 245 833 270 εἰ
851 244 889 278 μὴ
904 244 918 270 6

126 289 362 322 Φιλανθρωπηνδς
379 289 496 322 Ἀλέξιος
514 289 582 324 ἔφθη
598 288 645 316 τοῦ
664 289 745 324 βυθοῦ
763 290 816 316 τῶν
832 290 923 316 τοιού-

127 344 188 361 των
205 334 364 367 ἀπαλλάξας
382 334 522 362 κινδύνων.
541 335 586 362 Ἑν
602 336 688 370 στενῷ
704 335 759 369 γὰρ
776 336 923 370 γενόμενος

126 381 142 407 ὁ
166 381 295 416 βασιλεὺς
316 381 362 407 καὶ
385 381 421 415 μὴ
442 380 511 415 ἔχων
528 381 542 407 ὅ
557 389 582 406 τι
604 381 712 416 δράσειε
730 381 784 407 τῶν
815 382 924 418 πάντων

127 417 208 452 οὐδὲν
224 425 297 461 (οὗτε
313 427 367 461 γὰρ
380 426 471 452 ὃπλων
484 426 627 460 ἐπισκευὴ,
642 426 701 452 οὔτε
719 426 834 460 στρατὸς
850 427 924 453 ἀντί-

129 472 221 503 παλος
236 470 269 506 ἦν
285 472 326 503 εἰς
343 472 421 498 πόλιν
437 472 509 498 οὕτω
527 472 661 507 θαλάττης
679 473 787 504 πολλοῖς
806 474 924 505 σταδίοις

128 517 331 551 ἀπῳκισμένην
348 518 393 543 καὶ
411 518 517 548 πολλοῖς
534 517 746 552 κεκυκλωμὲνην
761 520 816 549 τοῖς
832 519 923 544 ἔθνεσι

130 561 253 597 βοηθεῖν)
272 563 376 597 πέμπει
393 562 487 589 τοῦτον
505 562 586 589 αὐτὸν
605 563 689 597 μηδὲν
707 564 922 598 ἐπιφερόμενον,

129 607 195 634 οὗτε
211 608 338 642 στρατὸν,
351 608 408 634 οὗθ’
419 609 508 634 ὃπλων
521 608 681 642 ἐπισκευὴν,
696 608 756 635 οὗτε
772 609 924 644 χρημάτων

129 653 246 688 πλῆθος,
260 653 327 679 ἀλλά
343 653 428 688 μόνην
442 654 492 688 τὴν
505 653 555 688 τῆς
570 653 678 688 φύσεως
692 654 801 680 σύνεσιν
815 655 860 680 καὶ
875 655 924 688 ὲμ-

130 700 254 734 πειρίαν.
274 696 311 725 Οἶι
329 699 362 734 δὴ
379 699 427 725 καὶ
446 699 511 734 πρὶν
528 699 671 734 ἐπιστῆναι
690 701 723 735 τῇ
744 700 821 726 πόλει
844 700 923 726 Φιλα-

129 744 254 779 δελφεία,
270 744 310 770 ἔτι
325 744 347 771 δ’
359 745 388 771 ὲν
403 744 476 780 μέσῃ
490 744 588 780 πορείᾳ
603 745 792 780 τυγχάνοντος,
807 746 856 775 τὴν
872 746 924 780 φή-

131 799 189 825 μην
206 791 356 826 ἀκηκοότες
373 792 397 817 οι
415 791 472 817 τῶν
485 791 702 824 πολιορκούντων
720 791 857 827 σατράπαι
875 793 922 818 καὶ

133 836 251 870 ἀρχηγοὶ
267 835 300 862 τά
317 844 346 861 τε
363 836 432 862 ὅπλα
449 836 531 867 εὐθὺς
548 836 662 871 ἔρριψαν
682 836 727 862 καὶ
745 836 794 870 τὴν
811 835 921 870 πολιορ-

130 882 196 910 ⁴ιςίαν
212 882 364 908 ἀπείπαντο
381 881 550 913 αἰδεσθέντες
566 883 614 917 τὴν
628 882 675 908 τοῦ
693 882 787 917 ἀνδρὸς
805 882 917 918 ἀρετήν.
936 873 957 901 Β

132 928 189 954 Καὶ
206 927 317 959 ὑπτίαις
334 927 393 962 ἅμα
409 928 488 962 χερσὶ
505 928 554 956 καὶ
570 927 696 962 γνώμαις
712 929 920 963 είρηνευούσαις

132 972 273 999 ὑπαντῶσι
297 973 344 999 καὶ
366 973 563 1008 ὑποδέχονται·
589 974 635 999 καὶ
660 970 696 999 ὧν
720 974 804 1000 πάλαι
830 974 921 1002 καλῶν

130 1019 291 1045 ἀπέλαυσαν
307 1018 337 1051 ἐξ
359 1018 441 1045 αὐτοῦ
459 1018 505 1045 νῦν
523 1019 551 1044 ἐν
570 1019 665 1054 μνήμῃ
684 1020 824 1054 γενόμενοι
843 1022 922 1056 χάρι-

131 1073 181 1094 τας
195 1064 356 1098 ὁμολογοῦσι
373 1065 420 1091 καὶ
437 1065 490 1091 πᾶν
502 1064 533 1091 τὺ
549 1065 620 1092 κατὰ
634 1066 747 1101 γνώμην
760 1067 848 1093 τελεῖν
862 1068 924 1094 ὑπι-

133 1109 288 1144 σχνοῦνται.
308 1111 338 1136 Ol
363 1111 412 1146 μὲν
429 1110 483 1145 γὰρ
504 1111 593 1138 αὐτῶν
609 1111 695 1138 πάλαι
711 1112 740 1138 τὸ
760 1113 810 1147 ςῇν
827 1113 919 1147 ἐπορί-

132 1163 215 1182 σαντο
232 1155 266 1182 δι’
280 1156 362 1182 αὐτοῦ
379 1157 535 1191 προφανοῦς
553 1155 758 1192 ἀπαλλαγέντες
776 1158 892 1185 θανάτου
911 1167 918 1175 ο

130 1201 156 1226 οί
184 1201 212 1227 δὲ
235 1201 289 1228 τῶν
315 1202 360 1228 ὑπ’
377 1202 451 1236 αὑτῷ
466 1201 513 1238 [Ρ.
533 1203 598 1240 225]
613 1204 741 1239 παιδευτῇ
765 1204 922 1238 τεθραμμέ-

133 1254 186 1272 νων
213 1246 280 1280 πρδς
298 1247 369 1273 ὅπλα
385 1248 433 1274 καὶ
450 1248 576 1282 πολέμων
592 1250 707 1283 ἄσκησιν
731 1247 811 1284 ἦσαν.
829 1249 883 1276 Καὶ
897 1249 923 1276 τι

976 245 1003 272 in
1019 250 1094 272 tanto
1114 246 1238 283 periculo
1253 246 1420 273 constitutos
1438 246 1472 272 ab
1490 246 1651 273 imminente
1681 248 1765 274 exitio

976 291 1128 317 liberasset.
1156 291 1222 318 Nam
1243 291 1270 318 in
1304 291 1441 325 angustias
1461 291 1588 318 redactus
1616 292 1767 326 imperator

975 342 1001 364 et
1014 337 1120 364 consilii
1135 337 1214 371 plane
1229 337 1308 372 inops
1321 337 1421 372 (Itaque
1437 339 1511 364 enim
1529 346 1668 364 armorum
1681 346 1766 372 appa-

977 390 1064 415 ratus,
1079 391 1168 417 neque
1183 383 1322 410 exercitus
1338 384 1498 417 suppetebat
1513 384 1572 410 urbi
1587 383 1766 411 defendenda-

977 436 1037 463 par,
1072 436 1132 462 quae
1152 433 1191 454 tot
1210 428 1305 454 stadiis
1324 436 1337 454 a
1355 428 1422 454 mari
1448 428 1544 454 dissita
1557 447 1563 457 .
1582 432 1621 454 tot
1637 428 1766 462 gentibus

976 473 1067 500 cincta
1085 474 1167 506 esset)
1185 473 1258 499 ltum:
1275 473 1362 506 ipsum
1381 473 1499 507 delegat,
1522 473 1590 499 nihil
1612 480 1704 499 secum
1728 473 1767 499 af-

975 516 1119 549 fei-entem,
1136 524 1188 543 non
1211 518 1376 548 exercitum,
1395 524 1448 542 non
1464 523 1550 548 arma,
1568 523 1621 542 non
1638 516 1761 550 pecunia:

975 561 1105 595 copiam,
1136 561 1183 588 sed
1216 566 1320 588 tantum
1352 561 1503 587 n‘aluralem
1539 562 1712 596 prudentiam
1739 567 1768 589 et

976 615 1056 634 usum
1073 615 1176 634 rerum.
1192 607 1243 640 Qui
1259 607 1418 642 priusquam
1435 607 1466 633 ad
1482 607 1576 633 urbem
1592 608 1765 639 accessisset,

975 662 1036 680 eum
1058 655 1084 680 in
1098 654 1187 681 medio
1200 654 1291 681 adhuc
1318 654 1415 681 itinere
1429 659 1512 686 esset,
1541 655 1660 681 hosﬁum
1677 659 1765 681 satra-

975 707 1015 734 pae
1039 700 1163 734 H.362
1180 700 1264 726 duces
1283 699 1351 727 fama
1367 699 1459 726 audita
1475 699 1566 726 statim
1586 699 1702 734 abjectis
1720 707 1765 725 ar~

976 746 1027 772 mis
1038 746 1072 772 ab
1082 745 1225 772 obsidiOne
1238 751 1424 778 recesserunt,
1438 745 1488 772 viri
1502 745 1632 772 virtutem
1644 745 1765 772 reveriti:

976 796 1004 818 et
1021 791 1127 827 supinis
1143 786 1224 819 simt'tl
1240 792 1368 818 manibus
1383 797 1410 819 et
1430 792 1533 826 pacatis
1546 792 1645 818 animis
1656 791 1764 818 obviam

970 834 1111 872 progressi
1131 845 1193 864 eum
1225 842 1411 872 exceperunt,
1431 843 1458 863 et
1481 837 1676 864 beneﬁciorum
1704 844 1766 871 quae

971 883 1035 911 olim
1056 883 1090 910 ab
1113 883 1159 910 illo
1184 883 1358 918 accepissent
1375 890 1520 915 memores,
1536 883 1637 917 gratias
1653 883 1678 910 ei
1699 890 1765 917 ege-

970 933 1046 961 runt.
1059 937 1087 956 se
1103 930 1235 965 quidquid
1249 930 1373 964 petiisset
1386 930 1504 956 facturos
1519 930 1690 964 pollicentes.
1701 930 1767 963 Qui‘

971 976 1034 1003 dam
1053 976 1127 1006 enim
1140 984 1172 1002 ex
1191 977 1245 1003 illis
1262 979 1344 1003 vitam
1363 976 1428 1003 olim
1446 976 1506 1011 ejus
1521 984 1604 1010 opera
1618 979 1765 1003 conserva-

973 1027 1033 1049 rant
1059 1028 1086 1050 et
1118 1027 1235 1049 mortem
1266 1027 1369 1050 certam
1390 1031 1421 1050 ac
1439 1029 1562 1056 paratam
1586 1023 1763 1057 eﬂ'ugcraut;

973 1069 1019 1096 alii
1035 1076 1068 1095 eo
1084 1069 1214 1104 magistro
1226 1068 1334 1095 educati
1350 1074 1378 1096 et
1391 1068 1424 1095 ad
1445 1076 1518 1095 arma
1540 1072 1568 1095 et
1582 1068 1708 1094 militiam
1726 1069 1766 1094 in~

975 1113 1073 1140 structi
1093 1113 1211 1140 fuerant.
1234 1113 1268 1140 Et
1285 1113 1350 1147 quid
1362 1112 1455 1140 multis
1471 1120 1540 1147 opus
1556 1116 1598 1139 est
1610 1111 1621 1138 ?
1633 1111 1767 1138 Philadel-

973 1158 1045 1193 phia:
1057 1158 1149 1186 subito
1164 1165 1196 1184 ea
1211 1157 1329 1184 felicitas
1355 1161 1382 1184 et
1405 1157 1514 1184 ubertas
1525 1156 1639 1188 exstitit,
1657 1160 1686 1183 ut
1707 1164 1766 1194 ma-

976 1204 1081 1231 ximum
1113 1203 1243 1230 frumenti
1271 1203 1441 1230 medimnum
1470 1202 1600 1230 drachma
1623 1210 1766 1236 conpara-

977 1255 1048 1278 I'Clll.

132 1292 172 1318 δεῖ
188 1292 353 1327 διατρίϐεινς
383 1295 412 1325 ἐς
438 1294 563 1321 τοσοῦτον
590 1295 737 1327 εὐπαθείας
765 1296 812 1322 καὶ
845 1296 970 1331 εὐτυχίας
1003 1292 1071 1332 ἦκεν
1103 1295 1233 1334 ἐξαπίνης
1255 1296 1271 1331 ὴ
1292 1294 1478 1329 Φιλαδέλφεια,
1498 1294 1534 1326 ὡς
1557 1295 1622 1329 μιᾶς
1642 1293 1766 1330 δραχμῆς

133 1339 211 1366 ὢνιον
229 1341 275 1367 τὸν
295 1341 423 1377 μέγιστον
436 1342 583 1378 λαμϐάνειν
600 1343 727 1378 μέδιμνον
740 1343 787 1370 τοῦ
805 1343 890 1370 σίτου.

168 1388 206 1415 Δ¹.
228 1389 272 1423 Τῷ
297 1390 386 1423 μέντοι
411 1391 563 1426 Συργιάννῃ
588 1391 644 1426 (12)
669 1391 723 1417 τῶν
748 1391 879 1426 βασιλέων
905 1392 922 1425 ή

133 1434 230 1465 ἓνωσις
246 1434 284 1469 μὴ
298 1435 369 1460 κατὰ
383 1434 494 1470 γνώμην
509 1437 630 1462 συστᾶσα
644 1436 759 1471 ἀθυμεῖν
772 1437 859 1462 ἐποίει
874 1436 920 1463 καὶ

133 1480 366 1515 ἐσκυθρωπακότα
380 1481 532 1515 περιϊέναι·
546 1482 593 1507 καὶ
607 1481 715 1516 μάλισθ’
726 1482 768 1508 ὅτι
780 1481 834 1507 τῶν
847 1490 917 1517 πρα-

1013 1390 1060 1419 IV.
1074 1391 1239 1427 Syrgiaunes
1255 1399 1331 1424 vero,
1345 1391 1543 1424 imperatorum
1554 1388 1701 1416 concordia
1716 1389 1766 1416 mi-

976 1437 1049 1464 nime
1065 1437 1153 1470 hctus,
1166 1437 1259 1463 animo
1273 1445 1345 1471 aeger
1371 1440 1398 1463 et
1415 1435 1486 1463 tristi
1511 1435 1587 1462 vultu
1603 1434 1765 1462 obambula-

974 1482 1022 1509 bat
1042 1491 1048 1509 :
1067 1483 1184 1509 maxime
1202 1482 1275 1517 quod
1307 1481 1464 1516 tranquillis
1486 1480 1569 1508 rebus
1590 1480 1681 1507 nullus
1705 1480 1766 1514 ejus

133 1527 248 1561 γμάῖων
265 1526 440 1561 ἠρεμούντων
456 1527 602 1563 ἀξυντελὴς
619 1528 699 1559 αὐτὸς
718 1529 746 1554 ἐν
762 1529 817 1559 τοῖς
834 1527 918 1562 δημο-

975 1535 1036 1554 usus
1049 1527 1075 1554 in
1096 1527 1234 1562 republica
1252 1534 1311 1554 esse
1327 1525 1564 1558 videbatur.Quos
1581 1525 1664 1561 igitur
1675 1524 1767 1560 publi-

135 1571 201 1603 σίοις
223 1572 311 1598 ἐδόκει
332 1572 379 1598 καὶ
397 1571 543 1607 ἄχρηστος.
556 1571 637 1599 Ὅθεν
657 1573 686 1599 ὲν
708 1572 852 1607 καθέδραις
873 1574 920 1599 καὶ

136 1616 245 1642 στάσεσι
269 1618 315 1643 καιΙ
339 1617 407 1647 ὁδοῖς
432 1617 561 1648 τοιούτοις
583 1618 654 1644 τισὶν
678 1618 850 1652 ἐντυγχάνων
877 1619 926 1645 xz‘t

135 1662 253 1697 προσιὼν
268 1663 410 1697 ἀσμένως.
427 1664 498 1694 ὅσοις
514 1663 602 1699 λύπην
615 1664 676 1690 τινὰ
693 1664 726 1690 τὰ
741 1664 819 1690 κοινὰ
835 1664 923 1698 πρού-

138 1709 249 1744 ξένησαν
263 1710 425 1744 πράγματα.
442 1709 603 1745 ἐλοιδορεῖτο
616 1711 672 1741 τοῖς
688 1710 855 1745 βασιλεῦσιν,
873 1710 922 1737 an

135 1755 310 1785 ἀδικωτάτοις
326 1756 389 1789 περὶ
404 1755 484 1781 αὑτὸν
498 1756 653 1790 γενομένοις
669 1756 878 1790 χρησιμώτατον
891 1758 920 1782 ἐν

135 1802 189 1833 τοῖς
213 1801 417 1831 ἐναντιωτάτοις
442 1802 549 1835 καιροῖς
574 1801 621 1826 νῦν
648 1801 698 1836 μὲν
721 1801 808 1835 τούτῳ
834 1801 881 1827 νῦν
902 1801 924 1827 δ’

136 1845 230 1881 ἐκείνῳ
245 1845 397 1879 γενόμενον.
414 1845 485 1871 Ίδὼν
497 1845 525 1872 δὲ
540 1845 586 1871 καὶ
601 1845 768 1880 Ἀνδρόνικον
782 1845 826 1870 τὸν
842 1845 924 1872 Ἀσὰν

136 1891 224 1925 λύπης
238 1891 377 1926 περιϊόντα
394 1891 504 1927 μεστὸν,
519 1891 558 1917 ὃτι
572 1890 620 1926 τὴν
635 1890 784 1926 ἐπιτροπὴν
797 1890 845 1917 καὶ
858 1890 924 1917 διοί-

137 1946 214 1971 κησιν
222 1937 291 1972 ἔχων
298 1938 401 1968 ἐκεῖνος
407 1937 460 1981 τὼγ
469 1937 691 1972 Πελοποννησίων
700 1936 842 1971 Ῥωμαίων
850 1938 878 1962 ἐν
885 1936 923 1972 τῷ

137 1984 224 2019 καιρῷ
235 1984 284 2018 τῆς
293 1983 346 2010 τῶν
359 1980 491 2018 βασιλέων
501 1984 678 2015 διαστάσεως,
690 1980 748 2009 εἶτα
762 1983 920 2018 ἐξῳκισοεὶς

138 2030 242 2056 ἐκεῖθεν
249 2029 354 2064 ἀτίμως
363 2029 438 2064 παρά
445 2029 490 2055 τοῦ
499 2029 558 2055 νέου
567 2028 698 2064 βασιλέως
708 2029 755 2055 καὶ
764 2029 847 2054 ἐλθὼν
856 2028 924 2063 προς

137 2075 180 2102 τὸν
200 2074 315 2109 γηραιὸν
337 2074 386 2108 οὐχ
403 2071 482 2109 εὗρεν
497 2074 573 2100 οὐδὲν
592 2073 621 2105 ἐξ
648 2073 731 2100 αὑτοῦ
758 2074 806 2108 τῆς
825 2073 916 2108 λύπης

139 2120 261 2153 ἀντάξιον
290 2121 329 2151 εἰς
346 2120 506 2155 ’θεραπείαν
523 2128 529 2133 ·
567 2120 656 2146 καίτοι
697 2119 823 2154 μεγάλων
849 2119 923 2152 ἄξιος

140 2167 268 2202 ὑπάρχων
295 2167 480 2201 ἀξιωμάτων,
502 2165 797 2201 σεϐαστοκρατορικῶν
822 2165 922 2200 δηλαδὴ

977 1581 1025 1601 cus
1042 1581 1134 1600 rerum
1150 1579 1236 1601 status
1253 1580 1418 1608 quocunque
1439 1572 1520 1600 modo
1535 1572 1705 1601 offendisset.
1717 1578 1766 1598 eos

976 1626 1024 1646 seu
1038 1619 1166 1645 sedentes
1177 1626 1224 1645 seu
1243 1623 1348 1645 stantes
1363 1625 1411 1645 seu
1423 1617 1572 1645 secundum
1583 1617 1654 1644 viam
1668 1623 1766 1645 euntes

976 1669 1075 1691 nactus
1086 1664 1270 1691 conveniebat
1282 1669 1310 1691 et
1327 1664 1426 1698 cupide
1447 1663 1539 1691 adibat
1555 1672 1562 1690 :
1580 1667 1663 1698 atque
1677 1664 1765 1698 impc-

975 1709 1114 1736 ratoribus
1131 1710 1350 1742 conviciabatur,
1379 1714 1409 1737 ut
1435 1717 1450 1737 a
1479 1710 1580 1744 quibus
1594 1709 1709 1737 summis
1726 1710 1766 1736 af-

977 1755 1066 1783 fectus
1084 1761 1157 1783 esset
1170 1756 1290 1790 injuriis,
1307 1763 1369 1782 eum
1384 1755 1583 1783 adversissimis
1596 1755 1767 1789 temporibus

976 1809 1048 1828 nunc
1067 1800 1130 1828 buic
1148 1809 1221 1827 nunc
1239 1800 1278 1828 illi
1293 1801 1411 1827 maximo
1427 1801 1489 1828 usui
1505 1800 1613 1828 fuisset.
1627 1799 1694 1827 Cum
1717 1808 1766 1826 au-

976 1840 1030 1875 teui
1054 1848 1172 1874 Asanem
1200 1846 1387 1874 Andronicum
1403 1854 1520 1874 maerore
1541 1847 1652 1881 plenum
1668 1845 1766 1873 obam-

975 1893 1116 1920 bulantem
1142 1891 1350 1926 conspexisset,
1367 1891 1414 1926 qui
1439 1891 1577 1918 Romanos
1594 1891 1765 1925 Peloponne-

975 1937 1041 1970 sios,
1058 1937 1122 1964 dum
1141 1937 1321 1971 imperatores
1340 1936 1411 1962 inter
1421 1943 1450 1962 se
1463 1934 1645 1968 dissiderent,
1657 1940 1765 1962 rexerat

975 1989 1057 2018 atque
1071 1983 1274 2017 gubernaverat
1288 1992 1295 2015 ;
1313 1981 1413 2009 deinde
1435 1988 1502 2008 vero
1524 1988 1573 2015 per
1587 1980 1764 2015 ignominiam

975 2035 990 2055 a
1008 2028 1117 2063 juniore
1133 2028 1298 2062 imperatore
1314 2027 1426 2062 pulsus,
1441 2031 1469 2053 et
1483 2026 1515 2052 ad
1529 2025 1609 2060 363
1627 2024 1763 2052 seniorem

975 2074 1125 2109 profectus.
1149 2074 1254 2100 nullum
1273 2073 1409 2108 ejusmodi
1426 2066 1568 2107 praemium
1585 2072 1762 2105 impetrarat,

975 2128 1030 2155 quo
1044 2120 1122 2146 dolor
1145 2120 1204 2154 ejus
1219 2119 1365 2152 levaretur;
1385 2119 1510 2153 quamvis
1524 2117 1629 2152 magnis
1653 2116 1764 2143 honori-

975 2166 1027 2193 bus
1044 2165 1144 2201 dignus
1165 2169 1248 2198 esset,
1263 2164 1517 2192 scbastocratorieis
1531 2164 1658 2191 videlicet
1669 2167 1696 2189 et
1708 2170 1764 2188 rua<

140 2213 183 2249 καὶ
211 2212 355 2248 μειζόνων,
377 2211 422 2238 διά
443 2220 472 2238 τε
499 2212 547 2246 τὴν
563 2212 750 2246 στρατηγικὴν
765 2211 921 2246 ἐμπειρίαν,

975 2211 1081 2246 joribus
1095 2211 1189 2244 etiam,
1207 2218 1268 2238 cum
1278 2211 1313 2237 ob
1329 2210 1367 2237 rei
1383 2210 1511 2237 militaris
1523 2217 1614 2242 usum,
1632 2216 1686 2243 quo
1699 2212 1764 2246 tunc

140 2259 169 2293 ᾗν
183 2259 253 2293 ὑπὲρ
275 2259 338 2288 τοὺς
354 2257 452 2289 ἄλλους
478 2258 548 2287 τέω;
575 2257 713 2288 ἐπλούτει,
735 2258 781 2283 καὶ
800 2257 859 2292 ἆμα
873 2257 922 2292 τὴν

139 2305 183 2331 τοῦ
205 2305 300 2338 γένους
322 2305 514 2339 λαμπρότητα·
539 2303 583 2330 διὰ
599 2302 686 2330 ταῦτα
701 2303 790 2330 τοίνυν
815 2305 827 2329 ὁ
852 2303 924 2337 Συρ-

140 2351 249 2385 γιάννης
267 2349 390 2384 πρόσεισι
407 2349 455 2375 καὶ
477 2349 550 2383 αὐτῷ
567 2349 620 2375 καὶ
633 2349 708 2382 φίλος
721 2348 794 2383 αὐτῷ
809 2349 924 2382 γίνεται,

140 2396 185 2427 τὴν
211 2396 260 2430 τῆς
289 2395 378 2430 λύπης
401 2395 550 2429 ὁμοιότητα
567 2393 681 2429 γνώμης
702 2393 925 2429 προὸαλλόμενος

142 2441 295 2476 σύνδεσμον.
321 2441 351 2467 '0
376 2440 426 2475 μὲν
453 2440 500 2466 οὖν
528 2440 699 2474 Συργιάννης
730 2439 767 2470 ὼς
792 2439 922 2475 ὀμοψύχῳ

142 2488 279 2523 υαρρῄσας
296 2486 493 2521 ἐκείνῳπάντα
512 2485 582 2521 διῄει
596 2486 689 2511 λοιπὸν
706 2485 922 2522 ἀναπεπταμένῃ

142 2535 171 2568 τῇ
191 2533 311 2568 γλώττῃ,
337 2532 423 2559 ὁπόσα
455 2533 511 2563 τοῖς
529 2531 710 2565 λυπουμένοις
733 2531 817 2561 εἰκός.
838 2531 867 2556 '0
894 2531 922 2556 δὲ

147 2580 225 2607 ’Δσᾶιν
241 2579 297 2615 (15)
310 2579 408 2614 βαθείᾳ
431 2578 537 2604 συνέσει
564 2575 686 2612 προσιὼν
708 2576 783 2611 αὐτῷ
796 2576 924 2610 γλῶσσαν

144 2627 188 2660 μὲν
203 2626 298 2660 ὁμοίαν
317 2624 374 2654 πῶς
398 2624 495 2658 ἐκείνῳ
508 2621 682 2658 προὺτείνετο
703 2622 751 2648 καὶ
777 2622 924 2648 συνδιελοι-

142 2673 323 2708 δορεῖτο“τοῖς
348 2671 489 2708 βασιλεῦσι
515 2670 596 2706 δῆθεν
615 2669 706 2701 αὑτός·
734 2669 767 2695 τὰ
795 2669 823 2696 δέ
849 2670 924 2704 παρά

974 2257 1042 2284 alios
1058 2257 1218 2291 superabat,
1237 2261 1294 2283 tum
1315 2257 1350 2283 ob
1361 2255 1468 2282 illustre
1481 2262 1577 2290 genus,
1602 2254 1637 2280 ob
1651 2261 1707 2284 eas,
1721 2253 1763 2279 in-

973 2309 1054 2337 quam
1068 2321 1075 2334 ,
1092 2309 1192 2328 causas
1216 2300 1382 2336 Syrgianncs
1397 2300 1430 2327 ad
1447 2301 1519 2327 hunc
1533 2307 1641 2335 quoque
1659 2298 1765 2326 accedit

973 2352 1002 2375 et
1027 2348 1105 2383 quasi
1132 2349 1261 2375 maeroris
1285 2347 1467 2374 similitudine
1494 2346 1637 2374 devinctus
1662 2346 1765 2373 anticus

974 2394 1026 2429 ipsi
1054 2394 1172 2422 exsistit.
1199 2393 1294 2428 Itaque
1308 2413 1315 2426 ,
1332 2399 1362 2420 ut
1386 2394 1474 2420 amico
1490 2392 1612 2420 unauitni
1631 2391 1762 2421 conlisus.

975 2438 1067 2466 omnia
1081 2447 1142 2474 qua:
1161 2439 1239 2466 dolor
1257 2439 1310 2466 fert
1327 2440 1386 2466 sine
1403 2439 1455 2465 ulla
1472 2437 1690 2466 dissimulatione
1708 2437 1764 2463 clo-

977 2485 1083 2520 quitur.
1109 2485 1181 2512 Asan
1206 2492 1272 2512 vero
1295 2485 1428 2519 singulari
1452 2483 1598 2519 prudentia
1625 2491 1686 2510 cum
1704 2483 1764 2509 viro

973 2539 1057 2567 agens
1080 2531 1173 2558 verbis
1190 2530 1261 2558 haud
1281 2530 1466 2558 dissimilibus
1492 2531 1636 2560 utebatur,
1659 2534 1685 2556 et
1706 2528 1764 2563 ipse

973 2578 1083 2612 quidem
1111 2576 1326 2612 imperatoribus
1356 2575 1550 2608 maledicebat;
1572 2575 1662 2602 omnia
1678 2583 1762 2606 vero,

974 2631 1035 2658 quae
1048 2632 1063 2650 a
1075 2623 1224 2658 Syrgianne
1239 2622 1414 2655 dicebantur,
1440 2622 1533 2648 animo
1557 2621 1654 2648 intimo
1669 2627 1765 2646 recon-

975 2670 1069 2698 debat.
1083 2669 1151 2697 Naln
1172 2673 1200 2697 et
1217 2669 1294 2705 prius
1309 2668 1488 2696 ambitionem
1505 2667 1565 2702 ejus
1577 2666 1672 2693 oderat
1685 2674 1691 2692 ε
1706 2670 1762 2692 ιιιιιι

811 2737 978 2768 Variorum
996 2743 1091 2769 notae.

176 2805 231 2839 (Ii)
250 2790 466 2835 Cautaieuzenus,
483 2803 531 2830 lib.
551 2810 569 2835 ι,
585 2810 644 2839 cap.
663 2801 706 2828 55.
725 2800 840 2827 Ducam.

178 2833 232 2874 (15)
253 2841 289 2867 De
313 2848 368 2874 qtto
384 2841 410 2866 iu
431 2833 573 2867 stemmate
587 2833 851 2866 Cdntaculcuorum,
865 2842 921 2870 pag.

975 2835 1005 2860 10.
1024 2833 1130 2860 Dl‘CAM}
