1915 3071
173 120 224 153 555
297 117 332 153 [Α.
350 125 377 144 ιι.
394 114 458 143 679i
476 124 508 143 ιι)
528 116 608 153 6856]

772 120 982 152 NICEPHORI
1000 123 1189 163 GREGOR/E

1359 120 1425 157 [ιιιρ.
1441 130 1581 150 Αιιυιιοιιιο.
1598 123 1672 161 sem]

1745 127 1798 159 δέ

176 178 232 204 llac
244 177 278 204 de
293 184 373 204 causa
392 183 419 204 et
437 178 464 204 in
477 177 637 204 memoriam
654 177 728 205 illius
744 177 800 205 dici
812 179 957 213 quotannis

1013 180 1061 206 καὶ
1071 180 1158 207 ἄλλοτ’
1170 180 1259 215 ἄλλην
1274 181 1328 207 ἀεί’
1346 182 1393 207 καὶ
1408 182 1511 218 Πέρσαι
1531 183 1560 209 δὲ
1586 184 1631 210 καὶ
1645 184 1734 218 Μῆδοι
1749 188 1798 212 καὶ

174 222 273 249 festum
300 223 442 250 Paschalis
467 223 618 250 celebrant.
641 223 697 250 Nec
720 224 754 250 ob
773 231 832 250 eam
851 229 955 251 tantum

171 276 301 301 causam;
318 276 412 295 verum
427 268 510 295 etiam
525 273 553 295 ut
568 269 603 295 sit
621 273 701 304 typus
720 276 769 296 seu
787 269 872 304 figura
884 274 957 296 trau-

172 313 242 340 situs
256 321 289 340 ex
315 313 367 340 hoc
383 313 484 340 steculo
502 313 529 340 in
548 313 682 347 futurutn,
698 314 770 341 sicut
787 314 844 348 ipse
859 314 957 341 transi-

148 356 153 394 ί
173 364 218 386 tus
232 367 263 385 ex
280 359 408 394 lEgypto.
431 360 498 386 Cum
514 360 605 394 itaque
620 360 742 386 futurum
765 361 892 387 saeculum
909 368 957 387 ve-

145 405 152 428 !
177 412 283 439 sperant
298 405 457 431 habiturum
471 413 524 431 non
541 405 587 434 sit.
608 405 662 431 alio
675 405 756 431 modo
768 405 827 432 sine
843 413 955 440 vespera

172 452 255 478 etiam
271 451 330 485 ejus
351 451 535 478 solemnitatis
551 451 622 477 diem
640 459 699 478 esse
719 456 844 486 oportere
859 452 955 479 aiunt:

172 497 198 524 id
213 498 285 532 quod
303 498 341 531 lit,
358 505 420 524 cum
436 499 507 525 luna:
522 499 755 533 hemisplnerium,
769 488 845 525 nobis
860 499 958 526 obver-

172 552 244 576 sum,
261 545 371 578 pleuum
385 545 487 571 lumine
505 552 551 571 seu
571 549 656 571 totum
674 545 795 571 lucidum
811 550 862 572 est.
885 545 958 572 Solis

171 592 244 618 enim
260 598 388 618 occasum
406 592 498 618 statim
516 596 573 618 tum
588 596 701 618 exortus
726 592 797 618 luna:
819 593 955 626 sequitur,

173 645 222 664 nec
237 638 318 664 ullam
334 638 428 664 horam
441 637 539 664 caelum
554 638 634 664 nobis
646 637 793 664 obscurum
806 646 867 665 esse
879 638 955 665 sinit.

171 683 233 710 Fuit
249 683 331 718 igitur
350 688 406 710 tum
431 691 551 718 quoque,
581 689 610 710 ut
632 684 774 718 probabile
792 690 843 717 est,
870 684 957 711 hemi—

171 730 319 765 sphaerium
335 730 417 762 lunw,
441 730 514 765 quod
533 738 630 757 versus
648 738 698 757 nos
714 737 829 765 spectat,
844 732 955 766 plenum

172 776 324 803 luminibus
335 782 410 803 Sexta
423 776 492 803 sexti
508 776 643 805 illiusdiei
657 779 722 812 (quo
733 778 861 805 niinirum
875 779 955 806 Cliri-

171 827 230 848 stus
247 830 343 856 passus
357 821 410 857 est)
434 822 511 853 hora,
531 830 593 849 cum
618 823 682 854 luna
703 830 813 851 centum
839 830 866 851 et
881 831 955 852 octo-

171 869 244 903 ginta
264 868 388 903 partibus
412 876 426 895 a
442 869 499 895 sole
517 868 640 896 distaret.
668 869 852 902 Quamobrem
881 879 957 898 mon-

171 920 260 942 strosa
275 915 331 942 visa
345 919 386 942 est
399 915 546 950 astrologis
560 920 587 943 et
601 923 684 950 supra
700 917 833 944 rationem
852 925 882 944 ea
896 926 957 953 quae

174 967 230 987 tum
248 961 347 988 accidit
369 961 434 988 solis
448 961 576 989 defectio.
594 961 689 997 Neque
704 964 778 990 enim
801 971 910 991 causam
928 965 954 992 in

172 1012 268 1034 natura
284 1008 402 1042 aliquam
416 1007 544 1035 habebat.
560 1008 626 1036 Nam
639 1016 700 1035 cum
714 1009 837 1036 eamdem
851 1015 957 1037 utrum-

171 1063 225 1089 que
241 1055 333 1082 lumen
353 1061 458 1089 partem
477 1055 581 1083 zodiaci
596 1062 724 1091 occupat,
739 1058 876 1084 naturales
890 1058 956 1084 solis

172 1101 325 1128 delationes
344 1101 516 1137 contingunt,
534 1102 598 1129 luna
613 1103 699 1130 solem
724 1103 870 1131 subeunte.
890 1104 956 1140 Eam

173 1155 238 1174 \ero
261 1148 385 1181 partibus
398 1152 509 1175 centum
534 1153 563 1175 et
577 1150 716 1183 octoginta
742 1149 864 1176 dissitam
882 1154 956 1176 retro

173 1201 306 1220 converso
327 1201 410 1220 cursu
426 1193 513 1220 solem
531 1193 662 1226 subiisse,
688 1194 713 1221 id
733 1203 797 1221 vero
813 1203 894 1229 supra
907 1203 957 1222 na-

174 1240 289 1266 turalem
302 1246 411 1266 omnem
424 1239 559 1266 rationem
575 1240 676 1267 factum
691 1245 743 1269 est.
759 1241 848 1273 Quare
866 1242 891 1268 id
906 1242 957 1268 mi-

174 1287 295 1313 raculum
312 1286 462 1313 astronomi
485 1290 549 1313 ante
566 1287 634 1314 alios
652 1295 748 1314 omnes
773 1293 835 1314 sunt
853 1289 956 1321 mirati,

173 1338 200 1358 et
215 1331 297 1359 Deum
315 1339 375 1360 esse
387 1333 433 1367 qui
448 1337 589 1368 pateretur
601 1333 741 1361 dixerunt.
756 1334 823 1363 Nam
839 1335 956 1361 indoctis

174 1380 287 1406 minime
305 1380 415 1414 quidem
434 1381 461 1407 id
478 1386 679 1415 portentosum,
701 1381 750 1408 sed
766 1382 957 1415 superioribus

174 1426 338 1462 371etiam
350 1427 430 1453 annis
440 1427 570 1454 usitatum
582 1428 670 1454 visum
680 1429 773 1455 εει.Εο
783 1428 865 1461 igitur
877 1429 959 1463 pleni-

174 1473 251 1500 lunio
271 1473 374 1500 Pascha
393 1472 691 1506 Judmi‘ilnmolarunt;
714 1481 748 1501 eo
763 1475 956 1509 aequinoctium

1018 225 1092 251 Ἰνδοὶ
1114 225 1218 256 τούτοις
1237 234 1268 252 τε
1290 226 1356 253 πᾶσι
1382 227 1429 253 καί
1453 236 1545 261 σφισιν
1560 229 1650 260 αὐτοῖς
1669 229 1797 265 ἀλλήλοις

1009 270 1172 305 ἀσύμφωνα.
1205 272 1258 298 Καὶ
1279 272 1402 299 Ἰουδαῖοι
1432 272 1460 298 δὲ
1486 275 1550 300 ποτὲ
1575 274 1626 309 μὲν
1653 276 1732 308 τήνδε
1747 276 1795 302 τοῦ

1009 316 1070 342 καθ’
1091 318 1164 351 ἡμᾶς
1192 318 1335 354 Μαρτίου,
1363 319 1427 345 ποτὲ
1449 320 1482 356 δ(
1498 321 1595 355 ἑτέραν
1612 321 1731 356 ἡμέραν,
1750 323 1799 349 καὶ

1007 363 1098 389 ἄλλοτ’
1114 364 1197 398 ἄλλην
1210 365 1264 397 ἀεὶ,
1286 366 1372 410 ἀρχὴν
1388 366 1435 393 τοῦ
1451 354 1526 402 [τίαρ’
1541 354 1639 399 αὐτοῖς
1648 354 1796 395 ποιοῦνται

1009 409 1127 436 Νισσάν.
1152 410 1218 436 ’Δπδ
1246 411 1301 446 γὰρ
1326 413 1439 439 συνόδου
1461 413 1530 447 πρὸς
1549 413 1658 440 σύνοδον
1674 414 1730 441 τῶν
1749 415 1798 441 δύο

1009 455 1166 489 φωστήρων
1183 455 1234 486 τὰς
1257 456 1313 481 τῶν
1334 456 1427 491 μηνῶν
1448 456 1628 490 ἀριθμοῦντες
1651 458 1794 492 περιόδους

1008 499 1053 524 τὸν
1072 498 1171 524 ἑαυτοῦ
1190 499 1290 533 μεταξὺ
1307 500 1358 534 τὴν
1382 501 1480 535 ὴρινὴν
1497 502 1643 536 ἰσημερίαν
1660 503 1796 536 περιλαμ-

1008 544 1125 571 ϐάνοντα
1141 546 1248 580 πρῶτον
1271 548 1319 573 καὶ
1342 547 1430 582 ἀρχὴν
1454 548 1511 574 τῶν
1536 548 1625 574 ἄλλων
1654 549 1797 575 ποιοῦνται

1009 590 1104 624 μηνῶν
1122 592 1170 616 καὶ
1194 590 1300 617 Νισσὰν
1324 591 1517 626 ὀνομάζουσιν,
1545 593 1675 627 ἀόριστον
1692 594 1743 628 τὴν
1757 595 1798 619 οἱ-

1007 635 1086 662 κεὶαν
1106 635 1202 670 ἔχοντα
1219 637 1318 671 ἀρχήν.
1333 638 1417 672 Φησὶν
1436 635 1484 664 οὖν
1508 638 1578 673 πρὸς
1593 639 1694 665 Μωσέα
1710 641 1797 667 πάλαι

1007 682 1020 708 ὁ
1036 682 1149 716 Κύριος*
1171 691 1180 708 ι
1203 682 1233 709 '0
1249 683 1302 717 μὴν
1316 679 1393 714 οὗτος
1411 684 1475 718 ὑμῖν
1486 685 1557 720 ἀρχὴ
1576 687 1668 720 μηνῶν
1686 688 1797 721 πρῶτος

1010 728 1074 761 ὑμῖν
1098 729 1173 755 ἐστιν
1192 728 1221 754 ἐν
1243 730 1299 762 τοῖς
1321 731 1389 764 μησὶ
1412 731 1458 757 τοῦ
1475 732 1611 760 ἐνιαυτοῦ.
1632 733 1670 767 Τῇ
1693 733 1796 769 δεκάτῃ

1007 772 1054 799 τοῦ
1084 774 1169 808 μηνᾶς
1206 773 1302 801 τούτου
1343 775 1449 802 λαῦἐτω
1484 776 1600 808 ἕκαστος
1633 777 1690 803 τῶν
1726 778 1795 804 υἱῶν

1016 820 1124 855 Ἰσραὴλ
1140 821 1277 856 πρόϐατον
1297 822 1356 848 κατ’
1373 823 1473 850 οἰκίαν.
1491 824 1547 850 Καὶ
1570 824 1646 850 ἐσται
1660 825 1724 858 ὑμῖν
1737 825 1797 852 δια-

1010 867 1196 901 τετηρημένον
1209 868 1261 899 ἓως
1275 868 1323 903 τῆς
1337 870 1640 906 τεσσαρεσκαιδεκάτης
1653 870 1698 897 τοῦ
1710 871 1798 905 μηνὺς

1009 915 1116 940 τούτοψ
1134 915 1180 941 καὶ
1196 914 1327 949 σφάξουσι
1353 916 1421 951 πρὸς
1439 916 1559 951 ἑσπέραν
1582 918 1628 943 καὶ
1649 918 1795 952 φάγονται.

1008 960 1063 987 Καὶ
1091 961 1219 995 ποιήσετε
1238 962 1288 996 τὴν
1313 962 1421 996 ἡμέραν
1439 962 1541 998 ταύτην
1559 963 1673 997 νόμιμον
1687 963 1797 990 αἰώνιον

1008 1007 1047 1036 εἰς
1063 1007 1160 1040 γενεὰς
1176 1007 1265 1042 ὑμῶν.
1295 1017 1304 1032 ι
1324 1008 1407 1034 Ταῦτ’
1423 1009 1476 1044 ἀρα
1506 1009 1553 1036 καὶ
1578 1011 1617 1041 εἰς
1642 1011 1798 1044 ἀνάμνησιν

1008 1052 1059 1086 τῆς
1080 1054 1184 1088 ἡμέρας
1208 1053 1316 1087 ἐκείνης
1335 1055 1444 1088 ἐτήσιον
1463 1055 1508 1080 ἀεὶ
1532 1055 1670 1083 ποιοῦνται
1686 1056 1737 1090 τὴν
1748 1056 1797 1082 τοῦ

1009 1099 1104 1133 Πάσχα
1125 1100 1292 1134 πανήγυριν·
1311 1100 1341 1126 οὺ
1357 1101 1436 1134 μόνον
1454 1101 1494 1133 δὲ,
1510 1102 1577 1127 ἀλλὰ
1596 1101 1642 1128 καὶ
1658 1103 1696 1132 εἰς
1709 1102 1798 1128 τύπον

1009 1146 1057 1179 τῆς
1079 1146 1110 1171 ὲκ
1123 1145 1170 1171 τοῦ
1186 1147 1318 1181 παρόντος
1338 1147 1407 1181 πρὸς
1419 1147 1464 1173 τὸν
1486 1148 1616 1182 μέλλοντα
1631 1148 1717 1174 αὶὼνα
1736 1148 1797 1174 δια-

1010 1191 1117 1223 ϐάσεως
1138 1193 1208 1218 κατὰ
1225 1193 1274 1227 τὴν
1290 1192 1319 1224 ἐξ
1336 1193 1473 1225 Αἰγύπτου
1499 1193 1632 1220 διάϐασιν.
1649 1194 1730 1220 Ὅθεν
1750 1194 1798 1220 καὶ

1009 1237 1160 1271 ἀνεσπὲρου
1185 1237 1231 1264 τοῦ
1259 1238 1402 1272 μέλλοντος
1425 1240 1501 1270 ὁντος
1520 1239 1618 1270 αἰῶνος
1643 1240 1799 1274 ἀνέσπερον

1009 1283 1102 1317 ἕτερον
1114 1285 1213 1317 τρόπον
1225 1283 1295 1311 εἶναι
1310 1285 1366 1312 δεῖν
1384 1294 1449 1318 φασι
1464 1285 1511 1312 καὶ
1529 1286 1558 1312 τὺ
1577 1285 1639 1321 τῇδε
1658 1287 1692 1321 τῇ
1708 1294 1799 1320 πανη-

1009 1327 1089 1360 γύρει
1105 1327 1246 1354 διακονοῦν
1259 1329 1441 1364 νυχθήμερον.
1459 1329 1544 1356 Τοῦτο
1558 1330 1586 1356 δὲ
1606 1330 1712 1363 γίνεται
1727 1331 1798 1365 πλη-

1011 1374 1107 1408 σιφαές
1123 1383 1150 1400 τε
1170 1375 1215 1401 καὶ
1241 1376 1408 1409 πανσέληνον
1434 1375 1464 1401 τὸ
1486 1375 1555 1410 πρὸς
1579 1377 1652 1411 ἡμᾶς
1667 1377 1800 1410 ἡμισφαί-

1012 1428 1069 1455 ριον
1089 1420 1140 1455 τῆς
1157 1421 1273 1456 σεὶήινης
1294 1422 1420 1456 ἐχούσης.
1439 1422 1494 1456 Τὴν
1515 1423 1569 1456 γὰρ
1592 1423 1639 1449 τοῦ
1659 1423 1736 1458 ἡλίου
1751 1432 1800 1458 τῃ-

1011 1465 1126 1493 νικαῦτα
1151 1467 1255 1502 δύσινὴ
1280 1468 1330 1500 τῆς
1349 1468 1462 1503 σελήνης
1480 1469 1560 1500 εὐθὺς
1576 1470 1694 1504 ἀνατολὴ
1711 1470 1800 1496 διαδέ-

172 1519 235 1552 fuit;
243 1527 276 1546 co
284 1519 444 1547 ctServator
455 1523 548 1547 noster
558 1526 671 1548 mortem
682 1528 730 1555 pro
739 1521 819 1548 nobis
829 1522 955 1556 oppetiit.

1009 1521 1085 1547 χεται
1105 1513 1153 1539 καὶ
1166 1514 1296 1547 οὐδεμίαν
1316 1514 1390 1549 ὥραν
1407 1515 1473 1548 ἡμῖν
1497 1515 1552 1549 (51)
1572 1516 1603 1550 ἐᾷ
1622 1516 1798 1550 σκοτισθῆναι

173 1565 307 1592 Omnibus
324 1573 407 1600 porro
423 1570 520 1593 notum
542 1571 594 1599 est,
612 1567 719 1594 tertiam
745 1568 829 1594 fuisse
845 1572 907 1602 post
919 1568 958 1595 le-

173 1612 232 1646 gale
247 1613 312 1639 illud
329 1612 428 1640 festum
444 1620 505 1640 eam
519 1612 602 1646 diem,
618 1621 672 1648 qua
688 1613 820 1642 Dominus
834 1619 928 1641 noster
941 1622 956 1641 a

174 1663 262 1685 morte
277 1658 437 1691 resurrexit,
450 1666 566 1693 eamque
577 1659 662 1686 fuisse
673 1660 774 1687 mensis
785 1659 873 1687 Martii
885 1661 956 1688 diem

175 1705 331 1732 vicesimam
348 1705 483 1739 quintam.
501 1705 565 1738 Quae
582 1706 636 1732 duo
660 1706 765 1741 utique,
784 1706 913 1734 nimirum
931 1712 959 1733 et

174 1750 277 1777 llll‘IISiS
288 1750 360 1777 dienl
374 1754 402 1777 et
416 1750 627 1778 resurrectionis
639 1752 810 1784 mysterium,
821 1760 883 1780 cum
894 1760 959 1779 con-

171 1795 265 1829 juncta
281 1799 383 1827 essent,
400 1795 526 1822 bifariam
542 1801 570 1823 et
587 1796 719 1823 trifariam
735 1801 763 1824 et
780 1797 956 1824 multifariam

174 1840 261 1867 divisa
283 1841 390 1875 piorum
412 1845 498 1868 cmtus
522 1841 687 1868 observavit.
705 1841 771 1868 Nam
795 1842 841 1868 alii
857 1843 959 1869 mensis

175 1884 247 1913 diem
264 1891 395 1920 perpetuo
415 1886 539 1913 instituto
556 1891 656 1914 nostra
682 1886 825 1914 icstivitati
847 1887 958 1914 dicave—

174 1937 256 1964 runt;
270 1931 315 1958 alii
328 1931 468 1958 Paschalis
481 1932 553 1958 diem
564 1939 596 1959 ex
607 1932 871 1967 observationelegis
881 1933 958 1966 prius

175 1978 357 2011 indagabant;
379 1977 477 2004 deinde
494 1978 574 2005 tertio
591 1981 652 2012 post
670 1978 714 2005 die
731 1978 890 2013 mysterium
907 1986 958 2005 uo—

174 2030 263 2050 strntu
288 2024 475 2051 celebrabant.
503 2024 580 2051 Unde
605 2024 711 2056 infesta,
740 2030 769 2050 ut
795 2024 831 2051 ita
857 2025 958 2058 dicam,

178 2071 310 2096 Ieslivitas
330 2071 482 2103 exstiterat,
504 2075 532 2098 et
558 2078 612 2097 non
638 2077 721 2104 parva
739 2069 837 2097 seditio
855 2076 882 2097 et
899 2078 960 2104 per-

177 2117 299 2142 turbatio
323 2116 349 2142 in
374 2116 475 2143 Christi
498 2117 646 2144 Ecclesiam
673 2117 818 2143 invaserat.
844 2116 912 2143 Nam
937 2116 959 2143 si

177 2170 285 2195 semper
309 2163 405 2190 tertius
430 2171 444 2189 a
470 2163 548 2198 ivgali
565 2163 696 2190 Paschate
708 2163 766 2189 dies
780 2162 912 2189 incideret
928 2163 958 2189 hi

1007 1557 1053 1582 τὸν
1080 1556 1151 1591 ὑπὲρ
1177 1557 1297 1591 κεφαλῆς
1314 1558 1392 1592 ἀέρα.
1410 1556 1463 1584 Ἦν
1491 1558 1539 1592 μὲν
1555 1559 1646 1586 τοίνυν
1666 1560 1712 1585 καὶ
1724 1560 1797 1590 τότε,

1010 1603 1046 1635 ὡς
1062 1604 1148 1637 εἰκὸς,
1163 1605 1315 1639 πλησιφαὲς
1329 1605 1359 1631 τὸ
1373 1605 1440 1640 πρὸς
1459 1606 1532 1640 ἡμᾶς
1556 1606 1642 1639 αὐτῆς
1660 1606 1797 1641 ἡμισφαί-

1011 1657 1068 1684 ριον
1079 1649 1177 1684 ἔχουσα
1197 1651 1213 1685 ἡ
1236 1651 1334 1685 σελήνη
1360 1651 1393 1686 τῇ
1419 1651 1488 1686 ἕκτῃ
1513 1651 1565 1686 τῆς
1589 1651 1671 1686 ἕκτης
1691 1652 1798 1686 ἐκείνης

1009 1696 1115 1730 ἡμέρας
1144 1696 1204 1731 ὥρᾳ
1218 1697 1382 1732 ὀγδοήκοντα
1405 1697 1453 1724 καὶ
1471 1698 1567 1724 ἑκατὸν
1581 1697 1731 1732 τηνικαῦτα
1748 1699 1796 1725 τοῦ

1009 1740 1085 1776 ἡλίου
1116 1742 1289 1777 ἀφισταμένη
1320 1743 1428 1776 μοίρας.
1452 1743 1501 1769 Διά
1526 1751 1567 1769 τοι
1587 1743 1667 1770 toﬁ-Eo
1688 1744 1735 1769 καὶ
1755 1752 1799 1770 τε-

1011 1785 1121 1819 ράστιον
1142 1787 1215 1818 ἔδοξε
1243 1788 1298 1818 τοῖς
1324 1786 1498 1821 ἀστρολόγοις
1525 1790 1572 1813 καὶ
1596 1787 1667 1820 ὑπὲρ
1691 1788 1797 1821 λάγυνὸ

1009 1831 1087 1864 λόγος
1113 1832 1162 1866 τῆς
1180 1833 1241 1859 τότε
1264 1832 1414 1867 γενομένης
1438 1833 1556 1868 ἡλιακῆς
1583 1826 1796 1867 ἐκλείψεωςοὺ

1009 1878 1063 1913 γὰρ
1089 1879 1204 1911 φυσικός
1225 1869 1265 1909 τις
1290 1879 1382 1905 εἵπετο
1398 1877 1484 1914 ταύτῃ
1508 1877 1597 1913 λόγος.
1620 1879 1663 1905 Ἐν
1676 1879 1730 1914 γὰρ
1747 1880 1796 1915 μιᾷ

1008 1925 1055 1951 τοῦ
1067 1924 1199 1955 ζωδιακοῦ
1217 1925 1368 1959 γενομένων
1381 1924 1461 1960 μοίρᾳ
1480 1926 1533 1951 τῶν
1543 1926 1588 1951 δύο
1601 1927 1753 1959 φωστήριυν
1768 1926 1796 1952 αἱ

1010 1972 1124 2005 φυσικαὶ
1136 1971 1182 1997 τοῦ
1197 1970 1272 2006 ἡλίου
1285 1971 1576 2005 τελοῦνταιὲκλεὶψεις,
1593 1972 1796 2007 ὑποτρεχούσης

1009 2018 1060 2052 τῆς
1083 2018 1197 2052 σελήνης
1215 2018 1261 2043 τὸν
1272 2018 1353 2052 ’ἥλιον
1367 2017 1409 2054 [1).
1421 2018 1496 2054 228].
1513 2019 1690 2054 Ὀγδςήκοντα
1707 2020 1735 2045 δὲ
1751 2021 1798 2046 καὶ

1011 2064 1108 2090 ἑκατὸν
1128 2063 1304 2098 διισταμένην
1329 2065 1425 2098 μοίρας
1446 2065 1494 2098 τὴν
1515 2065 1625 2099 σελένην
1640 2065 1797 2098 ent-.1808“-

1013 2110 1096 2144 μῆσαι
1120 2110 1166 2136 καὶ
1195 2109 1363 2144 ὑποδραμεῖν
1390 2110 1435 2136 τὸν
1462 2110 1548 2145 ἥλιον,
1576 2110 1653 2136 τοῦτο
1679 2109 1702 2136 δ’
1726 2110 1796 2144 ὑπὲρ

1012 2157 1100 2183 πάντα
1127 2157 1241 2190 φυσικὸν
1262 2156 1492 2192 ἐτελεσιουργήοη
1523 2156 1611 2189 λόγον.
1643 2156 1725 2182 Ὀθεν
1749 2158 1795 2182 καὶ

179 2209 304 2242 quintum
321 2215 353 2235 ac
374 2209 530 2235 vicesimum
555 2208 643 2236 Martii
661 2208 744 2240 diem,
764 2209 861 2235 melius
875 2209 899 2235 id
915 2217 957 2236 es-

1014 2203 1066 2237 πρό
1081 2210 1110 2236 γε
1131 2203 1237 2228 πάντων
1255 2202 1418 2237 ἀστρονόμοι
1435 2203 1464 2228 τὸ
1483 2202 1575 2237 θαῦμα
1590 2202 1635 2228 διὰ
1652 2202 1792 2236 θαύματος

177 2261 220 2282 set
238 2255 392 2288 testiumque
415 2255 596 2281 consentiret.
621 2254 674 2281 Sed
691 2255 754 2289 quia
781 2262 894 2288 perraro
918 2255 958 2287 lit,

178 2304 207 2326 ut
223 2299 303 2325 simul
318 2298 442 2325 incidant
452 2303 479 2325 et
494 2298 537 2325 vix
556 2298 626 2324 intra
639 2306 726 2325 annos
737 2288 870 2332 plurimos
882 2307 889 2329 ;
899 2299 961 2332 pcr—

176 2347 260 2378 petuo
275 2348 364 2370 autem
380 2347 408 2369 et
422 2343 570 2377 quotannis
589 2342 646 2370 fere
663 2343 772 2374 accidit,
798 2347 828 2370 ut
841 2343 958 2370 alterum

176 2392 209 2416 ali
225 2389 311 2416 altero
326 2389 427 2421 distet;
439 2388 484 2415 alii
503 2388 697 2422 plenilunium,
712 2388 784 2422 quod
801 2392 862 2421 past
874 2389 959 2423 atqui-

177 2435 298 2462 noctium
315 2434 434 2466 exsistit,
458 2438 677 2465 anteverterunt,
702 2432 746 2459 alii
769 2433 854 2459 secuti
873 2437 958 2465 sunt;

175 2482 221 2509 alii
241 2482 342 2516 spretis
355 2480 529 2515 tequitwctiis
544 2484 572 2505 et
584 2479 661 2513 agnis
677 2483 705 2505 et
715 2479 857 2505 sacriﬁciis
867 2483 960 2504 etom-

176 2527 404 2562 nibuelegitimis
430 2527 528 2553 ritibus
551 2525 759 2560 quadragesima
783 2529 887 2551 tantum
907 2532 959 2550 nu-

177 2578 280 2601 merata
291 2574 425 2609 jejunium
433 2572 620 2603 absolverunt,
633 2579 648 2597 u
655 2571 724 2597 bivis
732 2575 758 2596 et
769 2575 906 2604 utcunque
913 2577 959 2596 ce-

175 2621 300 2648 cidisset.
316 2619 384 2646 llinc
394 2619 477 2646 nmlta
486 2619 611 2646 confusio
622 2622 648 2644 ιιι
657 2617 738 2651 372
750 2616 918 2651 perturbatio
933 2620 960 2643 et

177 2666 386 2701 qumdamveluti
394 2666 548 2700 linguarum
557 2664 668 2699 partitio
675 2662 780 2690 exstitit
789 2671 821 2689 ex
832 2662 910 2688 unica
919 2670 958 2688 re.

176 2713 256 2740 Certe
270 2714 342 2740 enim
358 2712 501 2747 probabile
515 2715 570 2744 est,
587 2711 656 2738 alios
670 2709 740 2737 cibis
756 2708 921 2736 abstinuisse
932 2711 960 2734 et

1011 2249 1115 2283 ἤγαγον
1139 2249 1185 2274 καὶ
1207 2248 1273 2274 θεὸν
1294 2247 1363 2274 εἶναι
1383 2249 1428 2274 τὸν
1443 2248 1583 2281 πάσχοντα
1600 2247 1716 2281 ἔφασαν.
1732 2248 1792 2278 Τοῖς
1829 2261 1834 2281 ξ

1012 2294 1066 2328 γὰρ
1083 2293 1217 2328 ἀμαθέσιν
1237 2294 1298 2319 οὐδὲ
1320 2295 1464 2328 τεράστιον
1490 2294 1597 2326 ἔδοξεν,
1623 2293 1680 2319 ἀλλ’
1698 2294 1794 2324 εἰωθὸς
1830 2314 1832 2317 τ

1012 2341 1064 2370 ’τοῖς
1087 2339 1224 2371 πλείστοις
1243 2339 1342 2366 ἔτεσιν.
1369 2339 1412 2365 Ἐν
1429 2339 1522 2375 ἐκείνῃ
1538 2338 1628 2365 τοίνυν
1644 2340 1676 2373 τῇ
1694 2347 1796 2377 πανσετ

1013 2385 1087 2420 λήνῳ
1105 2387 1151 2412 καὶ
1164 2386 1194 2412 τὺ
1207 2386 1302 2421 Πάσχα
1311 2387 1366 2418 τοῖς
1386 2385 1522 2417 Ἰουδαίοις
1538 2385 1641 2412 ἐθύετο·
1659 2387 1688 2411 ὲν
1704 2386 1797 2421 ἐκείνῃ

1009 2433 1038 2458 δέ
1063 2440 1093 2465 γε
1109 2433 1156 2458 καὶ
1178 2433 1211 2458 τοι
1226 2433 1273 2466 τῆς
1293 2433 1438 2468 ἰσημερίας
1452 2425 1496 2468 ἦν’
1512 2435 1540 2458 ἐν
1564 2433 1658 2467 ἐκείνῃ
1670 2432 1697 2458 δὲ
1717 2433 1764 2458 καὶ
1783 2433 1797 2458 ὁ

1014 2478 1121 2513 Σωτὴρ,
1137 2479 1173 2509 ὡς
1191 2480 1306 2514 ἔφημεν,
1325 2479 1394 2513 ὑπὲρ
1411 2479 1489 2513 ἡμῶν
1505 2478 1677 2504 gemmam.
1695 2478 1796 2512 Γνώρι-

1013 2533 1063 2558 μον
1080 2524 1107 2550 δὲ
1122 2525 1206 2560 δήπου
1232 2527 1287 2555 τοῖς
1315 2525 1427 2556 ἅπασιν,
1449 2525 1486 2556 ὡς
1498 2524 1578 2560 τρίτη
1604 2526 1652 2559 μὲν
1673 2522 1707 2558 ἦν
1728 2524 1798 2558 μετὰ

1011 2570 1060 2604 τὴν
1072 2570 1188 2604 νομικὴν
1201 2569 1309 2603 ἐκείνην
1321 2569 1428 2604 ἑορτὴν,
1443 2571 1471 2595 ὲν
1519 2569 1548 2595 τὸ
1563 2569 1612 2603 τῆς
1623 2569 1716 2602 θεῖκής
1730 2570 1796 2603 ἡμῖν

1012 2616 1188 2647 ἀναστάσεως
1207 2616 1357 2650 μυστήριον
1372 2615 1530 2649 ἐγεγένητοο
1551 2616 1599 2641 καὶ
1614 2615 1651 2646 ὡς
1667 2616 1796 2649 πέμπτην

1012 2663 1058 2688 καὶ
1083 2662 1208 2695 εἰκοστὴν
1226 2661 1376 2695 τηνικαῦτα
1390 2663 1403 2687 ὁ
1416 2662 1536 2695 Μάρτιος
1554 2661 1617 2695 ἡνυε
1634 2662 1696 2695 μήν.
1713 2661 1745 2686 Ἀ
1765 2660 1797 2693 δη

1010 2707 1057 2733 δύο
1076 2707 1140 2733 ὄντα
1157 2707 1185 2732 ὲν
1201 2705 1304 2740 ταυτῴ,
1321 2708 1370 2741 τήν
1393 2715 1423 2732 τε
1446 2705 1492 2732 τοῦ
1510 2707 1596 2741 μηνὸς
1617 2707 1725 2741 ἡμέραν
1751 2705 1796 2738 δη-

848 2775 1014 2804 Yariorum
1041 2778 1134 2804 notas.

214 2840 273 2874 (31)
295 2840 375 2872 Ἡμῖν
391 2838 466 2865 addit
484 2838 545 2865 cod.
564 2837 624 2865 Vat.
650 2836 751 2863 Borvra.
