1915 3071
211 198 264 231 595
353 197 392 234 [Α.
412 206 440 225 u.
460 199 525 226 6791
549 207 583 227 AD
603 174 685 234 6‘856l

812 201 1023 231 NlCEPIIORI
1043 201 1235 231 GREGORIE

1760 196 1763 199 '
1773 203 1831 236 596

1360 198 1426 235 [tum
1449 206 1591 228 ANDRONIC.
1612 199 1683 237 sem]
1712 192 1718 198 \

212 257 321 284 latentis
342 249 569 286 admittebantur.
591 259 645 287 Sed
666 264 694 287 et
718 260 851 287 acerrime
875 258 988 293 repelle-

1043 259 1094 286 οὐκ
1106 259 1178 295 εἶχεν
1188 259 1254 291 ὃλως
1268 259 1323 286 οὔτ’
1338 261 1430 293 αὐτὸς,
1448 261 1509 288 οὔτε
1527 260 1561 288 τά
1584 262 1652 296 προς
1677 262 1758 288 αὺτοῦ
1782 263 1832 294 λα-

211 302 303 335 hstur,
316 303 453 338 lapidibus
467 312 584 340 superne
598 306 735 340 appetitus
750 306 784 332 ab
801 305 850 337 iis,
866 305 912 340 qui
927 311 990 339 pro-

210 349 365 383 pugnacula
393 351 524 377 mmnium
555 351 722 383 tuebantur;
754 351 801 386 qui
833 359 867 378 ne
895 352 989 378 vocem

209 393 319 427 quidem
332 395 392 430 ejus
408 396 544 428 ferebant,
556 404 673 432 cumque
683 396 895 434 contumeliosis
908 395 990 423 dictis

210 439 323 474 impune
347 441 522 469 incessebant
542 447 570 469 et
590 442 772 476 ignominioso
794 442 987 474 dimittebant,

209 485 349 520 ingenium
360 492 387 514 et
403 488 484 514 verba
500 488 559 522 ejus
573 488 636 516 dolo
652 489 732 524 plena
747 496 807 516 esse
820 488 988 516 dictitantes.

207 531 304 566 Itaque
317 532 362 560 ille
374 533 417 560 sic
427 533 558 562 dimissus
568 535 709 570 paululum
717 543 730 562 a
741 542 820 562 muro
829 534 987 562 declinavit.

241 619 274 648 ll.
295 621 353 648 Nox
368 629 434 649 vero
446 623 501 658 jam
516 623 631 654 aderat,
649 631 712 651 cum
729 624 840 659 quidam
854 632 868 652 e
882 624 987 659 plebeia

207 667 286 694 turba
305 667 430 701 lactiosi,
456 669 531 704 iique
556 677 611 696 non
636 670 735 704 pauci.
758 671 828 698 clam
851 671 879 698 in
901 679 986 698 unum

206 713 297 740 locum
314 714 470 749 congregati
495 716 603 742 occulte
625 715 664 742 illi
688 716 859 750 signiﬁcant,
884 721 915 743 ut
935 716 987 744 sub

207 758 324 786 mediam
339 765 446 787 noctem
461 782 467 793 ,
483 769 539 796 quo
559 766 681 797 tempore
702 766 730 789 et
749 762 870 798 Byzantii
891 770 987 789 omnes

206 806 345 834 dormiant
368 811 395 834 et
420 807 552 835 mmnium
582 808 714 836 custodes
734 808 768 836 ad
792 808 985 844 negligentiam

205 853 261 880 labi
279 853 430 887 incipiant,
447 854 572 888 proxime
599 855 699 882 moenia
722 856 826 885 veniat.
851 855 886 882 Sc
911 855 985 882 enim

205 903 316 932 paratos
333 905 393 926 esse
410 899 444 926 ad
459 907 521 926 eum
539 899 603 926 fune
622 900 649 927 in
672 900 878 935 propugnacula
899 904 986 926 attrac

207 942 344 970 hcndum.
368 943 445 976 Quod
471 944 494 971 si
520 944 617 977 ﬁeret,
643 949 731 972 totum
761 945 900 980 negotium
927 944 986 972 fore

204 988 372 1015 conlectum.
397 989 560 1016 Persuasum
589 989 690 1024 quippe
715 989 818 1017 habere
846 996 890 1022 se,
909 988 932 1016 si
958 989 986 1016 in

205 1034 296 1062 media
313 1035 380 1062 urbe
396 1035 613 1070 conspiceretur,
628 1036 771 1071 Byzantios
784 1043 880 1063 omnes
894 1024 986 1062 statim

206 1081 240 1108 ad
255 1088 318 1108 eum
333 1080 502 1109 defecturos.
520 1082 607 1109 Media
619 1083 673 1117 jam
689 1087 785 1114 nocte,
803 1089 865 1109 eum
881 1081 988 1108 videret

206 1127 356 1161 imperator
377 1128 550 1155 excubitores
567 1132 729 1162 perpetuam
747 1132 855 1155 noctem
873 1126 987 1154 alternis

207 1174 391 1202 custodiendo
419 1175 588 1210 transigere,
616 1178 644 1201 et
671 1174 791 1202 assiduis
818 1173 988 1201 clamoribus

205 1220 324 1246 invicem
340 1219 377 1246 ad
392 1219 559 1254 vigilandum
585 1219 725 1246 exhortari
752 1227 806 1246 non
833 1219 985 1251 desistere;

205 1265 372 1293 necessitate
398 1267 512 1299 adactus
539 1273 568 1293 se
591 1267 681 1303 ipsum
705 1273 768 1293 cum
793 1265 986 1292 Cantaeuzeno

206 1319 304 1346 magno
319 1311 471 1339 domesﬁeo
487 1316 514 1340 et
530 1311 674 1347 Synadeno
691 1315 894 1346 protostratore
911 1310 987 1337 navi-

206 1357 275 1384 cula:
291 1355 450 1388 committit,
466 1358 657 1392 declinataquc
674 1357 786 1386 australi
808 1356 888 1385 Urbis
904 1356 987 1392 409

206 1407 284 1436 parte
303 1403 403 1430 sensim
423 1403 456 1430 ad
475 1404 588 1431 alteram
606 1404 693 1438 ripam
712 1403 884 1438 provehitur,
901 1403 988 1429 mari-

207 1449 306 1475 timum
324 1456 432 1476 murum
449 1450 530 1477 tacite
555 1451 737 1481 circumiens,
763 1449 852 1477 sicubi
879 1449 986 1476 facilem

207 1494 362 1529 ingressum
383 1495 505 1529 reperire
527 1500 631 1529 posset.
655 1494 733 1527 Quod
756 1495 774 1521 ii
797 1495 843 1529 qui
870 1494 896 1521 in
919 1502 987 1522 mte-

206 1539 289 1567 nibus
303 1540 474 1567 excubabant
489 1547 551 1567 cum
566 1540 717 1568 sensissent
728 1561 735 1573 .
754 1541 879 1575 asperius
893 1545 921 1567 et
938 1547 986 1567 vo-

1042 307 1169 342 λούμενα.
1197 306 1340 334 Ἐδιώκετο
1354 307 1382 334 δὲ
1399 307 1472 343 μάλα
1488 308 1610 342 σφοδρῶς
1625 307 1710 339 λίθοις
1722 307 1833 342 βαλλόν-

1040 361 1094 379 των
1107 352 1188 380 αὐτὸν
1208 353 1263 379 τῶν
1275 354 1331 381 ἄνω
1343 354 1419 388 παρά
1437 354 1486 385 τὰς
1510 352 1634 386 ἐπάλξεις
1660 353 1708 379 τοῦ
1723 354 1832 388 τείχους

1040 399 1212 433 καθημένων,
1231 399 1256 425 οῖ
1266 400 1324 426 οὐδὲ
1341 399 1432 434 φωνῆς
1445 398 1526 425 αὑτοῦ
1547 399 1656 426 ἀκούειν
1672 400 1830 434 ἡνείχοντοο

1039 444 1107 471 ἀλλὰ
1121 445 1166 470 καὶ
1179 444 1290 480 ὕϐρεσιν
1306 444 1421 472 ἔπλυνον
1437 444 1522 475 ἀδεῶς
1539 445 1586 471 καὶ
1611 445 1739 479 ἀσέμνως
1762 446 1831 472 ἀπέ-

1040 498 1159 524 πεμπον,
1185 489 1375 524 δεδολιευμένα
1391 490 1539 522 φάσκοντες
1562 487 1631 516 εἶναι
1661 489 1695 516 τά
1715 498 1745 516 τε
1775 490 1829 525 ἢθη

1039 536 1087 563 καὶ
1115 536 1180 567 τοὺς
1206 536 1302 569 λόγους
1325 535 1421 563 αὐτοῦ.
1443 537 1561 566 Ἐκεῖνος
1588 536 1638 570 μὲν
1665 533 1712 562 οὖν
1740 535 1831 567 οὕτως

1039 581 1228 615 ἀποπεμφθεὶς
1243 581 1379 613 ἐξέκλινεν
1394 580 1448 607 ἀπὸ
1467 581 1514 607 τοῦ
1527 581 1633 616 τείχους
1647 581 1755 615 μικρόν.

1075 627 1111 654 B'.
1132 626 1190 659 Νὺξ
1201 626 1227 653 δὲ
1241 627 1290 662 ήδη
1307 628 1397 662 παρῆν
1411 626 1457 653 καί
1472 635 1543 658 τινες
1553 627 1607 652 τῶν
1619 626 1665 653 τοῦ
1686 626 1829 653 πολιτικοῦ

1038 671 1125 706 δήμου
1161 671 1318 698 στασιωτῶν
1345 671 1395 698 οὐκ
1419 671 1516 705 ὀλίγοι,
1534 671 1771 706 συναθροισθέντες
1787 671 1830 702 είς

1038 717 1067 744 ἓν
1086 717 1172 752 λάθρα
1186 716 1273 752 τούτῳ
1298 716 1506 752 διεμηνύσαντο,
1531 716 1643 750 ἔγγιστα
1666 717 1829 750 ἐληλυθέναι

1037 763 1084 790 τοῦ
1100 763 1207 798 τείχους
1224 763 1288 798 περὶ
1304 763 1389 796 μέσας
1405 762 1517 795 νύκτας,
1529 763 1610 789 ὁπότε
1621 762 1666 789 καὶ
1681 762 1828 794 Βυζάντιοι

1037 809 1137 840 πάντες
1152 807 1320 835 ὖπνώττουσι
1339 808 1386 835 καὶ⁸
1403 808 1427 834 oi
1449 809 1494 835 tm
1517 807 1564 835 τοῦ
1588 808 1694 842 τείχους
1709 808 1828 842 φρουροὶ

1038 854 1105 888 πρὸς
1118 854 1147 880 τὸ
1173 853 1357 890 ῥᾳθυμότερον
1383 853 1590 881 ἀναπίπτουσιν.
1611 853 1752 888 Ἐτοίμους
1770 853 1828 888 γὰρ

1038 899 1106 927 εἶναι
1117 901 1187 935 σφιῑς
1202 901 1385 934 ἀνιμήσασθαι
1394 900 1474 927 αὑτὸν
1484 901 1528 927 διὰ
1543 900 1673 936 μηρίνθου
1685 901 1757 931 τινδς
1769 899 1829 926 ἀπὸ

1038 947 1090 973 τῶν
1100 946 1246 979 ἐπάλξεων.
1259 941 1302 982 [ΡΖ
1312 946 1463 982 2501Τοῦτο
1473 946 1495 972 δ’
1503 947 1527 972 εί
1537 946 1651 980 γένοιτο,
1662 946 1747 980 πέρας
1757 943 1830 971 εἶναι

1037 993 1087 1027 τῆς
1098 993 1162 1027 ὅλης
1174 992 1290 1027 σπουδῆς
1305 991 1352 1018 καὶ
1363 991 1409 1018 τοῦ
1425 991 1531 1027 μακροῦ
1545 992 1656 1026 δρόμου.
1673 991 1830 1025 Πεπεισμέ-

1037 1047 1099 1070 νους
1110 1038 1163 1073 γὰρ
1175 1035 1254 1070 εἶναι,
1268 1037 1370 1068 πάντας
1381 1037 1544 1069 Βυζαντίους
1554 1036 1636 1068 εὐθὺς
1646 1035 1829 1070 ἀκολουθῆσαι

1038 1084 1148 1119 φανέντι
1177 1083 1242 1119 περὶ
1263 1083 1349 1118 μέσην
1376 1083 1425 1118 τὴν
1453 1083 1659 1117 βασιλεύουσαν.
1689 1081 1781 1117 Μέσης
1799 1081 1829 1108 δὲ

1037 1130 1089 1165 ἤδη
1101 1129 1197 1161 νυκτὸς
1213 1118 1364 1163 γενομένης
1393 1129 1441 1155 καὶ
1454 1129 1574 1163 ’βλέπων
1600 1128 1614 1154 ό
1631 1128 1768 1163 βασιλεὺς,
1788 1127 1829 1158 ὡς

1038 1176 1186 1210 ἀμοιϐαδὸν
1201 1175 1225 1201 οί
1239 1175 1355 1210 φρουροὶ
1370 1175 1419 1210 τὴν
1435 1175 1518 1202 νύκτα
1547 1176 1636 1201 πᾶσαν
1666 1173 1827 1208 παραλλάτ-
1838 1169 1845 1171 ”

1037 1230 1129 1252 τοντες
1146 1221 1176 1247 οὐ
1196 1221 1329 1247 παύονται
1346 1221 1448 1254 φωναῖς
1459 1219 1670 1254 ἀλλεπαλλήλοις
1693 1218 1828 1252 ἀλλήλους

1037 1267 1106 1303 πρὸς
1119 1268 1149 1294 τὸ
1160 1267 1309 1302 ἐγρηγορὸς
1320 1266 1509 1302 διεγεῖρον-τες,
1521 1265 1625 1300 ἀκατίῳ
1636 1265 1688 1291 τινὶ
1701 1264 1829 1290 πιστεύει

1038 1314 1134 1341 ἑαυτὸν
1148 1313 1177 1346 ἐξ
1195 1312 1315 1347 ἀνάγκης
1328 1312 1374 1345 ξύν
1383 1320 1414 1345 γε
1428 1310 1646 1345 summumve
1663 1311 1702 1345 τῷ
1714 1310 1829 1344 μεγάλῳ

1036 1358 1186 1394 δομεοτίκῳ
1201 1357 1246 1384 καὶ
1260 1357 1402 1391 Συναδηνῷ
1414 1355 1451 1391 τῷ
1464 1357 1683 1391 πρωτοστράτορι
1693 1364 1699 1370 ·
1711 1356 1744 1381 δι’
1755 1351 1786 1381 οὗ
1797 1354 1829 1381 τδ

1038 1405 1124 1432 νότιον
1141 1404 1223 1439 μέρος
1251 1402 1300 1437 τῆς
1327 1402 1639 1433 Κωνσταντινουπόλεως
1665 1400 1827 1435 κάμψαντες

1036 1449 1144 1484 ὁμαλῶς
1152 1447 1353 1482 διεπεραιοῦντο
1366 1447 1519 1482 περιιόντες
1532 1446 1639 1481 ἡσύχως
1650 1447 1680 1472 τὸ
1692 1446 1829 1480 παράλιον

1036 1496 1135 1529 τεῖχος,
1155 1494 1181 1520 εἴ
1192 1503 1244 1520 που
1261 1493 1399 1528 δυνηθεῖεν
1414 1493 1516 1520 είσοδόν
1530 1501 1589 1518 τινα
1614 1493 1707 1528 ῥᾳδίαν
1723 1491 1827 1526 εὑρεῖν.

1043 1539 1114 1567 Ἀλλ’
1126 1539 1151 1565 οἱ
1168 1539 1213 1565 ἐπὶ
1235 1539 1266 1565 τὸ
1298 1540 1385 1574 τεῖχος
1403 1538 1517 1573 φρουροὶ
1542 1537 1745 1571 συναισθόμενοι
1761 1545 1830 1571 τρα-

205 1584 313 1612 ciierati
339 1589 367 1612 et
391 1585 548 1612 tumultuati
570 1590 654 1617 sunt,
678 1591 707 1613 et
733 1585 759 1612 in
776 1586 836 1612 iilos
852 1585 920 1612 nihil
945 1593 986 1612 re-

1040 1587 1140 1622 χυτέρα
1165 1587 1196 1621 τῇ
1221 1585 1269 1621 βοῇ
1295 1585 1342 1611 καὶ
1358 1584 1397 1619 τῷ
1425 1583 1531 1619 θορύϐῳ
1547 1583 1714 1618 ὲχρήσαντο”
1727 1583 1775 1610 καὶ
1789 1583 1829 1618 μὴ

207 1630 376 1665 spondentes
396 1638 461 1658 saxa
478 1631 559 1658 etiam
575 1632 713 1666 coniicere
726 1636 884 1666 coeperunt,
900 1631 987 1658 donec

205 1675 290 1703 iidem
306 1676 393 1703 territi
416 1684 563 1704 recessere.
592 1677 631 1705 Ac
648 1682 706 1704 tum
724 1677 835 1712 quidem
852 1677 910 1704 htec
927 1681 987 1704 acta

204 1727 280 1749 sunt.

240 1768 285 1795 ill.
307 1768 433 1796 lnsecuto
446 1774 537 1796 autem
553 1777 645 1797 mense
660 1769 803 1797 Decembri
817 1769 922 1805 juniori
938 1769 989 1796 im-

204 1815 325 1849 peratori
351 1815 448 1842 littera:
473 1815 764 1844 Thessalonicensium
782 1816 851 1843 clam
867 1815 988 1843 aﬂ‘erun-

205 1865 261 1891 tur,
278 1860 380 1895 quibus
397 1868 479 1895 quam
505 1860 626 1895 primum
649 1861 852 1888 arcessebatur.
880 1860 988 1888 Etenim

205 1907 330 1941 plebeios
356 1914 452 1933 omnes
478 1911 505 1933 et
529 1915 659 1942 proceres
685 1907 830 1942 plerosque
844 1913 872 1934 et
898 1909 987 1942 ipsum

205 1952 366 1987 pontiﬁcem
383 1952 537 1986 composito
553 1952 710 1979 decrevisse
722 1973 729 1984 ,
748 1953 841 1980 statim
860 1957 942 1988 atque
966 1954 990 1981 is

205 2005 291 2034 prope
310 1998 411 2025 mmnia
428 1997 574 2025 adfuturus
588 2001 673 2030 esset,
688 1997 721 2025 ad
740 1997 828 2033 ipsum
845 2006 990 2026 accurrere

206 2048 234 2071 et
252 2047 345 2078 portas
370 2043 396 2070 ei
420 2043 539 2078 aperire.
567 2042 672 2076 Quibus
695 2044 815 2078 cognitis
840 2044 989 2079 imperator

207 2096 334 2124 magnam
353 2089 472 2116 militum
491 2096 602 2116 manum
621 2090 815 2124 protostratori
833 2089 927 2121 dedit,
946 2091 989 2118 ci-

207 2142 262 2168 que
277 2134 425 2169 pratcepit,
443 2139 474 2161 ut
492 2134 697 2169 imperatricem
716 2135 812 2162 urbem
831 2131 999 2163 circumiref

205 2185 236 2224 et
261 2179 369 2207 eminus
393 2180 469 2206 velut
493 2180 593 2218 castris
615 2180 757 2215 cingeret,
774 2189 826 2208 nec
844 2180 991 2217 Byzantios

208 2233 294 2261 usque
310 2225 344 2253 ad
364 2225 499 2260 Rhegium
519 2225 613 2260 egredi
635 2225 735 2253 ferisve
757 2229 923 2254 commorari
941 2235 991 2262 pa-

1039 1631 1261 1666 ἁποκρινομένων
1287 1632 1333 1657 καὶ
1355 1630 1445 1660 λίθους
1461 1630 1510 1665 ἥδη
1527 1630 1587 1656 κατ’
1603 1629 1691 1656 αὐτῶν
1709 1629 1831 1664 ἤρξαντο

1039 1677 1169 1711 πέμπειν,
1186 1676 1223 1707 ὡς
1237 1676 1337 1706 ἐκεῖνοι
1349 1675 1513 1710 φοϐηθέντες
1534 1675 1753 1711 ἀναστρέψαντες
1774 1675 1831 1702 ἀπ-

1039 1722 1131 1758 ῄεσαν.
1151 1721 1216 1747 Τότε
1236 1721 1284 1755 μὲν
1297 1719 1344 1747 οὖν
1361 1720 1446 1747 ταῦτα
1461 1720 1595 1756 ἐπράχθη.

1075 1769 1112 1794 I".
1127 1767 1179 1794 Τοῦ
1192 1767 1214 1794 δ’
1233 1768 1354 1798 ἐπιόντος
1380 1767 1463 1801 μηνὸς
1481 1766 1650 1801 Δεκεμϐρίου
1664 1765 1719 1802 (74)
1735 1766 1831 1802 γράμ-

1041 1823 1114 1850 ματα
1142 1814 1210 1849 πρὶς
1246 1814 1300 1840 τῶν
1329 1805 1547 1839 Θεσσαλονικέων
1579 1812 1666 1847 λάθρα
1702 1813 1740 1848 τῷ
1775 1814 1858 1849 νέῳ,

1040 1860 1199 1896 κομίζονται
1227 1859 1341 1894 βασιλεῖ,
1371 1858 1597 1894 προσκαλούμενα
1618 1859 1668 1893 τὴν
1693 1858 1829 1893 ταχίστην

1040 1906 1132 1933 αὐτόν,
1145 1904 1221 1932 Εἶναι
1237 1905 1290 1939 γὰρ
1303 1905 1477 1940 ξυγκείμενον
1486 1906 1542 1935 τοῖς
1552 1913 1581 1930 τε
1598 1905 1726 1940 δημόταις
1740 1904 1828 1932 ἆπασι

1040 1952 1087 1978 καὶ
1104 1953 1159 1983 τοῖς
1184 1951 1287 1978 πλείοσι
1324 1951 1377 1978 τῶν
1391 1951 1561 1985 προύχόντων
1581 1951 1628 1977 καὶ
1650 1951 1724 1986 αὺτῷ
1748 1959 1779 1984 γε
1795 1951 1828 1986 δὴ

1040 1997 1080 2032 τῷ
1092 1997 1224 2031 ἀρχιερεῖ,
1242 1996 1301 2030 ἅμα
1323 1996 1361 2031 τῷ
1376 1996 1488 2031 πλησίον
1511 1996 1628 2030 φανῆναι
1654 1996 1701 2022 τοῦ
1720 1997 1828 2031 τείχους

1040 2043 1120 2070 αὐτὸν
1133 2043 1285 2077 δραμόντας
1301 2041 1404 2074 ἀνοῖξαί
1415 2042 1438 2068 oi
1455 2041 1505 2073 τὰς
1530 2041 1628 2073 πύλας.
1650 2042 1725 2068 Ἐπεὶ
1739 2042 1828 2068 ταῦτα

1041 2089 1239 2124 ἐμεμαθήκειό
1258 2088 1393 2123 βασιλεϋ;,
1413 2089 1526 2123 συχνοὺς
1543 2089 1678 2124 παραδοὺς
1695 2088 1733 2124 τῷ
1750 2097 1828 2123 πρω-

1041 2136 1201 2172 τοστράτορι
1215 2135 1382 2170 στρατιώτας
1395 2134 1528 2169 περιιέναι
1544 2134 1762 2170 παρεκελεύσατο
1781 2135 1829 2162 καὶ

1041 2182 1097 2210 οἷον
1113 2181 1400 2218 περιστρατοπεδεύειν
1431 2180 1480 2216 τὴν
1508 2181 1703 2215 βασιλεύουσαν
1729 2181 1828 2215 μικρὸν

1042 2230 1151 2257 ἄπωθεν
1172 2229 1217 2255 καὶ
1239 2228 1275 2263 μὴ
1288 2228 1334 2263 ὲᾷν
1357 2228 1420 2262 ἄχρι
1443 2226 1552 2262 Ῥηγίου
1578 2227 1639 2258 τοὺς
1663 2226 1828 2258 Βυζαντίους

209 2276 327 2302 teretur.
348 2271 518 2306 eosdemque
533 2272 642 2299 arcanis
654 2272 754 2300 litteris
768 2277 796 2300 et
813 2273 988 2306 pollicitatio-

1044 2276 1163 2310 ἐξιόντας
1188 2273 1353 2309 διατρίϐειν·
1369 2274 1416 2298 καὶ
1430 2274 1497 2307 πρός
1524 2281 1554 2304 γε
1581 2271 1719 2306 λαθραίοις
1736 2271 1828 2305 γράμ-

209 2318 301 2349 nibus,
314 2324 374 2352 quae
393 2317 492 2351 cuique
516 2318 708 2351 convenirent,
726 2319 845 2346 ambiret
860 2323 887 2346 et
902 2325 968 2354 pOIe
979 2335 992 2341 -

208 2364 271 2391 stati
286 2371 342 2390 suae
359 2363 588 2398 subjicercthse
606 2371 669 2391 vero
686 2372 747 2392 cutn
766 2365 861 2399 paucis
878 2366 992 2394 delectis

209 2409 433 2437 Thessalonicam
457 2409 537 2436 abiit.
554 2409 623 2436 Tum
637 2417 711 2442 vero,
729 2416 842 2445 propter
857 2412 993 2446 suspicio-
1011 2421 1013 2423 ·

208 2464 258 2484 nes
279 2457 460 2487 tumultuum.
485 2456 643 2483 Demetrius
668 2457 782 2490 despota
809 2462 838 2484 et
863 2464 991 2492 protovc-

207 2503 321 2531 ttiarius
336 2502 510 2530 Andronicus
529 2505 557 2529 et
574 2501 687 2529 Michael
706 2503 778 2529 Asan
793 2510 856 2530 eum
870 2504 990 2530 auxilia-

206 2550 286 2577 ribus
312 2548 498 2576 Triballorum
523 2548 610 2582 copiis
636 2553 712 2575 extra
740 2548 840 2576 mmnia
867 2549 990 2576 diversa-

206 2597 319 2628 hantur,
335 2599 364 2622 et
388 2594 578 2622 Macedonicas
596 2594 679 2620 etiam
697 2594 882 2621 Romanorum
906 2595 990 2629 legio-

209 2649 259 2672 nes
283 2648 374 2668 secum
400 2638 550 2667 habebant.
566 2639 617 2672 Qui
643 2639 709 2666 rixis
724 2643 752 2666 et
767 2640 990 2668 contentionibus

209 2687 323 2722 privatis
337 2694 399 2713 cum
415 2690 629 2720 occuparentur,
648 2692 715 2719 quas
731 2684 845 2712 ambitio
862 2689 888 2711 et
903 2692 991 2712 caecus

207 2739 286 2759 amor
298 2731 338 2758 sui
359 2731 399 2758 vel
415 2732 506 2765 potius
521 2731 560 2757 ira
574 2729 698 2756 Numinis
715 2729 797 2765 410
812 2730 989 2762 accendebat,

210 2782 239 2804 ut
269 2777 352 2804 rebus
372 2776 493 2810 ipsorum
519 2775 643 2804 confusis
670 2775 720 2810 ipsi
753 2775 805 2803 sibi
837 2776 989 2811 perniciem

1045 2331 1110 2358 μασι
1127 2321 1172 2348 καὶ
1190 2319 1367 2354 ὑποσχέσεσιν
1382 2319 1548 2353 ὑπέρχεσθαι
1564 2318 1610 2344 καὶ
1636 2317 1827 2344 ὑποποιεῖσθαι

1041 2367 1105 2398 τοὺς
1123 2365 1285 2397 Βυζαντίους
1301 2363 1371 2390 κατὰ
1397 2363 1427 2389 τὸ
1452 2363 1588 2398 προσῆκον
1616 2363 1731 2397 ἑκάστῳ.
1760 2361 1790 2388 Ὀ
1805 2361 1829 2388 δ’

1041 2413 1147 2446 ὀλίγους
1161 2411 1236 2442 τινὰς
1249 2410 1449 2444 ἀπολεξάμενος
1466 2409 1552 2444 ᾤχετο
1569 2407 1658 2435 ἀπιὼν
1684 2408 1711 2437 ἐς
1723 2407 1828 2433 8:661-

1042 2459 1162 2492 λονίκην.
1192 2457 1306 2491 Ἔτυχον
1337 2456 1364 2482 δὲ
1394 2454 1549 2487 τηνικαῦτα
1570 2453 1754 2488 διατρίϐοντες
1776 2453 1830 2486 ἔξω

1042 2504 1139 2538 τειχῶν
1154 2503 1197 2529 διὰ
1210 2503 1258 2533 τὰς
1275 2501 1392 2536 ὑποψίας
1406 2501 1458 2527 τῶν
1471 2499 1594 2535 θορύϐων
1622 2499 1691 2534 μετὰ
1710 2499 1757 2525 τοῦ
1774 2499 1830 2525 ἀπὸ

1043 2550 1099 2576 τῶν
1115 2549 1273 2583 Τριϐαλλῶν
1288 2547 1463 2582 συμμαχικοῦ
1479 2546 1596 2581 στρατοῦ
1613 2547 1666 2572 ὅτε
1695 2545 1830 2579 δεσπότης

1040 2596 1192 2631 Δημήτριος
1216 2597 1261 2621 καὶ
1281 2596 1295 2621 ὁ
1323 2594 1570 2629 πρωτοϐεστιάριος
1596 2592 1763 2627 Ἀνδρόνικος
1783 2593 1830 2618 καὶ

1038 2643 1052 2668 ὁ
1073 2641 1153 2668 Ἀσὰν
1168 2640 1276 2675 Μιχαὴλ
1297 2640 1352 2675 (75)
1366 2658 1374 2672 ,
1392 2640 1557 2674 ἐπαγόμενοι
1572 2640 1619 2665 καὶ
1632 2639 1665 2664 τὰ
1677 2639 1831 2665 Μακεδονι-

1043 2687 1078 2713 κὰ
1093 2687 1146 2712 τῶν
1168 2687 1312 2721 Ῥωμαίων
1327 2685 1528 2720 στρατεύματα.
1543 2682 1592 2711 Ὧν
1603 2684 1635 2717 δὴ
1648 2684 1696 2711 καὶ
1707 2685 1831 2719 ἀσχόλων

1041 2732 1124 2758 όντων
1142 2731 1205 2766 περὶ
1220 2732 1267 2763 τὰς
1291 2731 1351 2758 κατ’
1377 2731 1474 2762 αὐτοὺς
1492 2731 1592 2765 ἐριδας,
1614 2730 1647 2761 ἃς
1676 2730 1830 2764 ἀνέφλεξαν

1042 2778 1191 2811 κενοδοξίας
1218 2779 1264 2804 ut
1282 2777 1423 2812 φιλαυτίας
1450 2777 1526 2811 τελχῖ
1543 2777 1570 2808 ἐς
1597 2785 1678 2810 τινες,
1695 2777 1711 2811 ἢ
1730 2777 1832 2812 μᾶλλον

881 2825 1050 2856 Vnriorum
1066 2831 1160 2857 nota).

244 2873 301 2905 ιἨ)
321 2874 506 2909 Cantaeuzen.
527 2873 608 2906 1ἰ1ι.Ι,
621 2881 682 2909 cap.
712 2875 757 2907 5|,
787 2875 831 2906 55,
863 2875 905 2903 54.
924 2875 1039 2902 Dvmxo.

249 2909 304 2943 (75)
316 2908 428 2935 Joannis
444 2910 545 2943 Asanis
558 2907 690 2945 Bulgaria:
706 2912 778 2945 regis
794 2911 865 2938 liiius
887 2911 1097 2943 priniogcnitus.
1114 2907 1180 2936 Vide
1196 2907 1294 2935 Fami].
1315 2908 1427 2944 Byzmit.
1445 2915 1506 2942 pag.
1519 2907 1581 2937 325.
1602 2908 1719 2936 Ducam.
