1915 3071
150 165 205 199 605

289 164 329 201 [Α.
349 173 375 193 c.
402 165 471 194 1282
488 174 522 194 Αο
545 166 624 204 I328]
662 170 887 203 BYZANTINRE
907 173 1104 205 HISTORUE
1125 175 1198 207 LIB.
1213 178 1266 208 lX.

1320 175 1385 212 [nam
1405 183 1542 204 ANDRONIC.
1560 176 1632 212 suo}

1716 178 1770 210 606

152 226 245 252 ὕαινεν
257 224 328 251 οὕτω
342 225 393 259 τῆς
409 227 592 261 σιτοπομπίας
616 227 842 264 ἀποκλεισθεισης
859 230 937 266 λιμὸν

992 233 1153 267 postulatam
1179 234 1323 268 pecuniam
1342 235 1456 262 reddere
1480 235 1638 262 Genuenses
1660 242 1770 262 recusa~

150 270 209 298 τοῖς
226 268 387 300 Βυζαντίοις
399 269 556 303 ἐγγίνεσθαι
570 271 600 298 οὐ
613 272 721 307 μικρόν.
739 274 873 309 Διήρκεσε
883 276 937 309 γὰρ

151 314 183 339 τὸ
198 313 249 347 τῆς
264 314 392 348 τοιαύτης
409 315 567 350 πολιορκίας
582 318 646 352 ἄχρι
661 319 857 346 πεντεκαίδεκα
870 321 939 356 ἡμε-

155 359 220 392 ρῶν,
238 360 266 385 ὲν
283 356 325 390 αἷς
343 360 459 395 πόλεμος
470 361 520 395 μὲν
533 363 583 389 οὐκ
599 363 731 397 ἐγίγνετο.
750 365 787 392 Οὐ
803 367 857 401 γὰρ
870 367 938 392 ἀπε-

152 404 262 438 λέγοντο
279 406 327 440 τὴν
342 406 394 432 τῶν
413 407 587 442 ζητουμένων
602 410 752 444 χρημάτων
770 412 794 438 οἱ
813 411 936 438 Γεννουῐ-

153 459 199 476 ται
217 451 364 483 ὰπᾷδοσινξ·
380 451 436 478 ἀλλ’
455 453 635 487 ὗπισχνοῦντο
662 455 722 490 μὲν,
747 457 939 493 ὑπερετίοεντο

152 496 180 521 δέ
194 504 201 511 ·
219 498 275 527 τοῖς
287 497 314 522 δὲ
331 497 482 529 Βενετικοῖς
495 498 597 532 ἥκιστα
616 500 670 526 τῶν
684 501 806 528 δυνατῶν
820 500 853 537 ἧν
871 503 939 534 ὅλως

154 542 404 573 ὲπανιένιικενούς.
414 540 503 569 Ἦσάν
517 553 547 577 γε
565 546 617 579 μὴν
631 546 749 579 οὐδένεςγ
763 547 810 579 οὒς
822 548 852 574 οὐ
866 548 939 583 μάλα

154 587 300 621 ἐξέπληξεν
315 589 330 623 ή
347 588 400 615 τῶν
421 588 571 616 Βενετικῶν
584 591 696 624 εὐταξία
713 593 760 619 καὶ
775 593 791 627 ἡ
818 594 886 627 μετὰ
901 594 940 620 δι-

154 632 300 668 καιοσύνης
325 634 560 669 μεγαλοπρέπεια.
587 636 653 662 Οὐδὲ
676 637 730 672 γὰρ
761 637 861 672 ἠξίωσε
887 639 940 665 τῶν

156 679 264 705 πάντων
287 679 397 707 ἐκείνων
420 681 509 713 οὐδεὶς
533 682 650 714 ἐξελθὼν
672 683 819 717 ἀφελέσθαι
844 693 869 711 τι
883 686 939 712 τῶν

155 724 281 751 ἁπάντων
295 725 358 752 ἄνευ
375 727 456 761 τιμῆς
471 728 607 762 ἀργυρίου
619 749 626 760 ,
642 730 687 756 καὶ
703 729 788 758 ταῦτα
810 731 938 758 τοσούτου

154 769 336 803 παμπληθοῦς
372 779 401 797 τε
431 772 479 798 καὶ
518 772 658 807 σύρφακος
683 774 763 809 δχλου
802 777 939 808 συνόντος.

159 814 231 840 Ἀλλ’
256 812 326 849 ἦσαν
342 815 461 847 ἅπαντες
480 818 548 852 πρὸς
569 818 618 853 τὴν
633 819 689 845 τῶν
713 821 852 855 ἀρχόντων
864 822 941 854 ἐξου-

154 860 215 886 σίαν
237 861 374 896 ἑπόμενοι,
397 863 523 899 καθάπερ
539 865 652 898 ποιμέσι
677 867 711 892 τὰ
733 867 862 902 ποίμνια.
883 867 940 894 Καὶ

989 277 1071 312 bant;
1095 279 1142 307 sed
1163 287 1225 307 eum
1248 281 1455 316 pollicerentur,
1481 280 1654 308 dill'crebant.
1674 281 1770 308 Veneti

989 328 1080 352 autem
1099 325 1175 352 nullo
1191 326 1272 353 modo
1295 326 1373 353 vacui
1389 327 1464 354 abire
1483 330 1620 361 poterant.
1634 325 1770 353 Caeterum

990 378 1070 398 nemo
1088 377 1156 404 erat,
1175 372 1219 399 cui
1244 380 1297 399 non
1319 373 1493 400 admirationi
1512 377 1585 400 esset
1604 373 1770 399 Venetorum

989 418 1133 453 disciplina
1149 419 1276 446 militaris
1294 423 1320 446 et
1338 427 1400 446 cum
1416 420 1542 453 mquitate
1559 417 1770 453 magnificentia.

989 464 1074 491 Nemo
1099 465 1171 492 enim
1196 466 1318 492 omnium
1343 466 1452 492 illorum
1470 465 1618 499 quidquam
1644 464 1772 498 cuiquam

990 509 1112 536 adimere
1131 510 1182 536 nisi
1210 512 1323 544 pecunia
1350 511 1412 538 data
1437 511 1578 542 sustinuit,
1602 509 1683 544 idque
1710 516 1773 536 eum

991 557 1065 581 tanta
1082 557 1109 581 et
1128 555 1283 589 promiscua
1300 557 1378 583 turba
1395 564 1455 583 cum
1473 560 1513 583 es
1528 560 1611 583 esset.
1627 555 1774 582 Enimvero

990 599 1123 634 parebant
1144 608 1240 628 omnes
1262 602 1464 637 magistratibus
1486 602 1553 634 suis,
1572 606 1600 628 ut
1619 600 1774 635 pastoribus

990 653 1066 678 oves,
1083 650 1110 674 et
1129 654 1224 674 omnes
1239 647 1297 675 dies
1313 647 1374 674 illos
1390 648 1416 674 in
1436 647 1552 674 navibus
1570 647 1693 677 stabant,
1709 646 1775 673 solis

990 691 1094 723 ardori,
1113 692 1159 727 qui
1189 696 1255 720 tunc
1281 693 1541 720 vehementissimus
1567 697 1636 724 erat,
1661 692 1775 718 minime

991 737 1132 765 cedentes.
1156 737 1341 765 Romanarum
1369 746 1432 765 vero
1460 738 1647 765 navicularum
1676 745 1773 771 magna

992 782 1139 809 multitudo
1165 783 1331 810 circumiens
1356 783 1465 810 abunde
1489 783 1528 810 eis
1555 782 1688 818 quidquid
1716 786 1774 809 erat

993 835 1062 862 opus
1079 828 1240 861 aﬂ‘crebant,
1263 834 1291 856 et
1315 830 1349 856 ab
1375 829 1408 856 iis
1429 829 1548 855 vicissim
1576 828 1675 863 majus,
1693 835 1774 862 quant

992 874 1065 909 quod
1092 875 1255 907 debebatur,
1272 876 1390 910 pretium
1415 874 1595 909 accipiebant.
1612 874 1664 901 Sed
1686 880 1775 908 neque

154 903 226 939 ἦσαν
241 906 292 932 ἀνὰ
306 907 396 938 πάσας
421 907 528 939 ὲκείνας
544 909 594 940 τὰς
608 909 715 944 ἡμέρας
735 911 937 946 ἱστάμενοιηὲπὶ

993 919 1027 946 iis
1043 919 1137 953 rebus,
1164 921 1265 955 quibus
1288 925 1374 955 Capta:
1391 920 1442 947 illa:
1469 927 1550 946 naves
1575 919 1662 953 pleum
1686 922 1774 951 erant,

153 950 209 977 τῶν
225 951 304 984 νεῶν,
318 952 447 986 μηδαμῶς
459 953 604 984 ἐνδιδόντες
619 954 687 987 πρὸς
698 955 748 989 τὴν
763 956 855 991 ἀκμὴν
867 957 940 983 ὲκεί-

153 1007 203 1033 ιπιν
228 999 278 1033 τῆς
293 999 339 1025 τοῦ
366 999 440 1034 ἡλίου
467 1000 576 1034 φλογός.
603 1001 643 1027 Τὰ
664 1001 692 1028 δὲ
717 1002 771 1028 τῶν
797 1003 940 1037 Ῥωμαίων

152 1045 252 1071 ἀκάτια
267 1045 338 1071 κατὰ
354 1045 455 1079 πλῆθος
470 1045 668 1080 περιεκύκλουν
688 1047 798 1079 αὐτοὺς,
815 1047 858 1083 [Ρ.
874 1047 940 1083 256]

153 1092 208 1117 πᾶν
225 1091 239 1117 ὃ
265 1099 292 1117 τι
307 1091 434 1126 χρειῶδες
445 1091 577 1127 ἐτύγχανέ
606 1100 698 1127 σφισιν
719 1093 844 1126 ἀφθόνως
857 1094 937 1128 κομί-

154 1136 236 1168 ζοντα
262 1138 310 1164 καὶ
331 1137 566 1172 ἁντιλαμῆάνοντα
596 1138 706 1171 πλείονα
734 1139 750 1173 ἢ
781 1139 866 1174 ἐχρῆν
893 1140 939 1166 τὸν

156 1183 264 1217 μισθόν,
288 1183 358 1209 Ἀλλ’
373 1184 432 1210 οὐδὲ
452 1183 506 1209 τῶν
532 1184 720 1216 ἁλισκομένων
741 1185 853 1211 ἐκείνοιν
873 1185 940 1212 νεῶν

153 1229 270 1256 ἁπασῶν
289 1230 336 1255 τοῦ
359 1228 542 1264 πληρώματος
572 1230 743 1265 ἐλυμήναντο
760 1231 790 1257 τὸ
809 1231 940 1267 παράπαν

153 1274 241 1300 οὐδέν.
258 1271 312 1300 Ἦν
327 1274 381 1309 γὰρ
394 1274 448 1299 τῶν
464 1274 513 1308 μὲν
545 1274 681 1309 πλήρωμα
701 1276 774 1307 σῖτος
787 1276 834 1302 καὶ
848 1276 939 1312 κριθὴ,

152 1319 208 1346 τῶν
228 1319 255 1346 δὲ
270 1319 342 1354 ὄψων
356 1320 465 1355 ταρίχη,
485 1320 572 1346 ὁπόσα
590 1321 745 1355 γεωργοῦσι
762 1321 856 1356 λίμναι
877 1323 940 1349 Κω-

153 1366 251 1397 παῖδες
268 1375 298 1392 τε
312 1366 359 1392 καὶ
373 1365 525 1397 Μαιώτιδες
540 1366 586 1392 καὶ
599 1368 715 1401 ποταμοὶ
727 1367 858 1398 Τανὰἳδες
871 1368 938 1402 (8ί)⁶

153 1411 222 1437 ἀλλὰ
242 1411 404 1446 διετήρησαν
418 1412 446 1443 ἐς
461 1411 590 1446 τάκριϐὲς
608 1411 747 1446 ἀλώϐητα.
772 1413 825 1444 ἓως
838 1413 940 1440 ἀπολα-

155 1457 248 1488 ϐόντες
262 1458 292 1483 τ),
309 1459 387 1492 χρέος
399 1458 535 1484 ἀπέδοσαν
549 1457 670 1484 ἅπαντα.
689 1459 737 1484 ’Ἑν
748 1459 797 1492 μὲν
815 1459 846 1493 δὴ
860 1458 939 1486 τοῦτο

154 1502 239 1529 δεινὸν
256 1503 358 1539 ἐπέστη
375 1503 436 1530 τότε
462 1504 495 1538 τῇ
517 1503 603 1530 πόλει.
623 1504 779 1538 Δεινὸτερον
802 1503 826 1529 δ’
843 1504 876 1530 ἂν
892 1501 936 1539 ἦν,

154 1550 179 1575 εί
192 1550 238 1576 καὶ
252 1550 292 1581 είς
303 1551 389 1582 πέρας
402 1550 567 1585 προῦὃαινον
579 1550 612 1576 τὰ
625 1550 740 1584 λαθραῖα
754 1549 937 1584 βουλεύματα.

161 1595 191 1622 Ὀ
209 1595 264 1630 γὰρ
283 1588 419 1631 ’βασιλεὺς
445 1596 545 1629 ἔξωθεν
576 1596 726 1630 πρεσϐείαν
751 1596 819 1630 πρὸς
840 1596 940 1628 αὐτοὺς
953 1585 974 1613 c

992 965 1076 991 ttllum
1095 966 1207 992 omnino
1224 966 1418 993 detrimentum
1437 965 1598 992 attulerunt.
1622 964 1707 991 Erant
1728 971 1777 990 att-

992 1015 1046 1036 tetn
1063 1010 1147 1044 plenae
1159 1011 1218 1038 aliae
1234 1010 1373 1037 frumento
1384 1015 1411 1037 et
1422 1010 1543 1043 hordeo,
1557 1009 1615 1036 aliae
1626 1009 1776 1036 salsamen-

992 1053 1037 1087 tis,
1054 1059 1119 1089 quot
1134 1060 1161 1082 et
1178 1056 1268 1090 qualia
1292 1055 1426 1090 Copaidcs
1449 1060 1477 1082 et
1499 1054 1637 1082 Mmotides
1652 1054 1776 1088 paludes,

990 1105 1018 1127 et
1042 1100 1143 1128 Tanais
1168 1100 1285 1132 ﬂuvius,
1312 1100 1499 1135 suppeditant.
1527 1099 1580 1127 Sed
1607 1107 1639 1127 ea
1664 1107 1778 1134 prorsus

991 1145 1075 1173 illmsa
1091 1146 1218 1181 religiose
1232 1151 1442 1180 conservarunt,
1454 1147 1542 1174 donec
1556 1151 1667 1181 recepto
1682 1146 1776 1173 debito

990 1190 1083 1216 omnia
1101 1191 1293 1223 restituerunt.
1312 1191 1349 1218 Ac
1372 1199 1456 1218 unum
1479 1191 1589 1225 quidem
1606 1191 1658 1218 hoc
1670 1191 1777 1226 pericu-

990 1235 1047 1262 lum
1065 1235 1125 1262 urbi
1143 1241 1207 1263 tunc
1231 1237 1402 1271 supervenit.
1418 1236 1535 1263 Gravius
1552 1241 1643 1263 autem
1670 1236 1776 1267 fuisset,

990 1279 1013 1306 si
1041 1287 1140 1307 arcana
1167 1281 1284 1308 consilia
1309 1289 1469 1308 successum
1499 1281 1670 1308 habuissent.
1700 1280 1780 1307 Foris

990 1324 1092 1359 quippe
1105 1325 1254 1360 imperator
1271 1327 1352 1353 missa
1369 1325 1402 1352 ad
1416 1333 1463 1353 eos
1480 1326 1617 1361 legatione
1635 1325 1777 1360 pecuniam

990 1369 1057 1404 ipsis
1080 1371 1255 1405 promiserat,
1271 1371 1293 1398 si
1312 1371 1412 1398 occulti
1437 1371 1489 1398 sibi
1506 1371 1538 1397 ad
1555 1371 1652 1397 urbem
1670 1371 1782 1405 capien~

990 1416 1052 1442 dam
1079 1417 1220 1452 adjutores
1248 1424 1350 1445 essent.
1378 1417 1406 1444 Id
1432 1425 1498 1444 vero
1527 1417 1628 1443 factum
1653 1424 1707 1443 non
1727 1421 1779 1448 est,

990 1460 1073 1496 418
1085 1459 1144 1488 dive
1162 1462 1306 1496 repudiata
1323 1470 1337 1489 a
1353 1462 1465 1490 Venetis
1486 1461 1620 1496 legatione
1643 1461 1701 1492 tali,
1722 1461 1780 1488 sive

991 1509 1064 1543 quod
1087 1515 1148 1535 eam
1171 1516 1227 1536 rem
1251 1509 1322 1536 haud
1347 1509 1455 1536 facilem
1470 1516 1530 1536 esse
1546 1511 1702 1541 cernerent,
1717 1514 1780 1533 cum

991 1554 1198 1581 continentibus
1213 1555 1351 1589 praesidiis
1370 1555 1471 1582 muenia
1488 1558 1516 1581 et
1532 1558 1617 1589 porta:
1636 1552 1780 1588 Byzantio~
1795 1572 1799 1578 .

992 1605 1052 1624 rum
1070 1599 1174 1625 munita
1201 1604 1306 1626 essent.

153 1643 247 1677 κρύφα
263 1643 429 1670 ἀπεστάλκει
449 1644 578 1678 χρήματα
595 1642 821 1678 ὑπισχνούμενος,
836 1643 859 1670 εί
888 1645 1016 1679 συνεργοὶ
1029 1647 1256 1680 συνεσκιασμένοι
1284 1647 1406 1681 γένοιντό
1440 1647 1465 1674 οἱ
1480 1646 1547 1682 προς
1584 1645 1634 1681 τὴν
1652 1644 1703 1678 τῆς
1735 1642 1782 1670 ’πό-

153 1691 222 1720 λεως
234 1690 345 1718 ᾰλωσιν.
363 1691 449 1718 Τοῦτο
469 1691 518 1726 μὲν
534 1689 581 1718 οὖν
599 1691 648 1718 οὐκ
675 1691 807 1725 ἐγεγόνει,
827 1691 882 1718 εἴτε
899 1692 938 1727 μὴ
957 1692 1113 1727 δεξαμένων
1129 1693 1183 1720 τῶν
1216 1694 1368 1720 Βενετικῶν
1386 1694 1436 1729 τὴν
1468 1693 1598 1728 τοιαύτην
1613 1689 1780 1728 πρεσὸείαν⁹ο

153 1737 209 1764 εἴτε
226 1738 256 1764 οὺ
277 1738 368 1772 ῥᾴδιον
401 1736 471 1765 εἶναι
500 1737 580 1764 τοῦτο
608 1738 825 1770 συννενοηκότων
859 1738 904 1764 διὰ
927 1738 958 1764 τὸ
996 1738 1120 1774 συνεχέσι
1146 1741 1274 1774 φρουροῖς
1302 1739 1522 1775 πεπυργωμένον
1555 1737 1626 1765 εἶναι
1651 1737 1681 1763 τὸ
1693 1737 1781 1770 τεῖχος

156 1784 230 1811 ἅπαν
247 1783 314 1818 ὁμοῦ
332 1783 441 1815 καὶτὰς
456 1783 542 1811 πύλας
559 1783 613 1809 τῶν
630 1782 799 1814 Βυζαντίων.

189 1832 228 1858 Ζ¹.
242 1830 374 1869 Δεύτερον
400 1830 428 1856 δὲ
443 1830 497 1856 τῶν
524 1830 712 1865 περιστάντων
735 1831 795 1857 τότε
815 1831 849 1865 τῇ
865 1830 942 1857 πόλει

154 1876 259 1908 δεινῶν,
274 1875 439 1910 τρισχιλίους
458 1876 559 1907 ἱππέας
585 1876 658 1902 κατὰ
684 1876 718 1902 τὰ
747 1876 914 1911 ξυγκείμενα
929 1877 942 1903 ὁ

154 1922 209 1948 τῶν
236 1921 399 1956 Βουλγὰρων
423 1922 628 1956 ἀπολεξάμενος
649 1922 769 1957 ἀρχηγὸς
798 1922 942 1957 συμμαχίν

156 1975 252 1997 σοντσς
278 1966 438 1992 ἀποστέλλει
451 1966 489 2001 τῷ
507 1966 613 2001 βασιλεῖ
637 1967 707 1993 κατὰ
722 1967 768 1993 τοῦ
785 1966 846 1994 νέου
865 1966 944 2001 βασι-

154 2013 238 2044 λέως·
263 2010 303 2043 οἷς
330 2012 362 2047 δὴ
389 2013 628 2047 προστεταγμένον
644 2011 689 2047 ἦν,
723 2013 760 2043 ὼς
788 2013 942 2048 ἐθρυλλήοη

154 2057 220 2093 παρ’
235 2057 412 2090 ὡντινωνοῦν,
422 2059 445 2084 εί
461 2058 552 2090 ἁδείας
568 2058 721 2092 ἐπιτύχοιεν
741 2058 942 2093 προσηκούσης,

154 2107 337 2138 νεωτερισμόν
351 2112 413 2130 τινα
433 2103 635 2139 διαπράξασθαι
657 2105 721 2139 περὶ
734 2104 764 2130 τὸ
785 2104 942 2136 Βυζάντιον.

160 2149 230 2175 Ἀλλ’
241 2149 396 2184 ἐληλυθόσιν
413 2149 443 2176 οὐ
461 2149 669 2185 συγκεχώρηταί
688 2158 779 2184 σφισιν
803 2150 878 2182 ἐντος
894 2158 942 2190 γε-

1262 1803 1268 1815 ί

1029 1828 1085 1857 Vll.
1109 1828 1234 1856 Alterum
1253 1829 1329 1856 urbis
1347 1827 1499 1863 perieulum
1520 1827 1581 1859 fuit,
1599 1835 1662 1854 cuin
1684 1827 1782 1862 Bulga-

994 1883 1086 1902 rorum
1103 1875 1232 1910 princeps
1247 1875 1349 1902 seniori
1368 1879 1464 1901 contra
1476 1873 1614 1909 juniorem
1629 1873 1681 1900 tria
1698 1874 1782 1901 mil.ia

994 1921 1164 1949 delectorum
1188 1921 1312 1957 equitum
1337 1921 1459 1948 subsidio
1485 1929 1518 1948 ex
1545 1925 1624 1955 pacto
1649 1920 1782 1953 misisset,

994 1968 1095 2002 quibus
1114 1968 1283 2000 mandatum,
1304 1967 1397 1994 nescio
1409 1966 1510 2001 quibus
1524 1967 1697 1998 auctoribus,
1712 1966 1784 1993 lere-

995 2015 1086 2046 batur,
1112 2019 1142 2040 ut
1169 2014 1230 2041 data
1256 2014 1462 2048 opportunitate
1487 2021 1529 2040 res
1553 2020 1637 2039 novas
1657 2013 1684 2039 in
1716 2012 1783 2038 urbe

994 2059 1170 2086 molirentur.
1190 2059 1243 2086 Sed
1271 2059 1288 2086 ii
1311 2067 1374 2087 cum
1397 2059 1585 2090 advenissent,
1611 2058 1681 2085 intra
1708 2058 1784 2085 urbis

995 2110 1088 2140 portas
1105 2113 1159 2132 non
1178 2105 1290 2132 admissi
1307 2110 1383 2137 sunt,
1400 2113 1468 2145 quas
1486 2105 1591 2139 ingredi
1610 2104 1711 2131 nemini
1730 2103 1782 2130 nisi

996 2159 1092 2178 eorum
1108 2151 1170 2178 duci
1188 2151 1350 2186 permissum
1364 2156 1417 2178 est.
1434 2150 1614 2183 Quamobrem
1628 2150 1690 2177 inde
1700 2149 1783 2176 decli-

153 2194 247 2221 νέσθαι
274 2195 376 2226 πυλῶν,
393 2194 462 2228 πλὴν
483 2194 498 2229 ἢ
533 2196 606 2229 μόνῳ
632 2194 671 2230 τῷ
689 2195 766 2229 σφῶν
783 2186 939 2230 στρατηγῷ.

995 2203 1106 2229 narunt,
1122 2204 1154 2224 ac
1169 2197 1242 2224 circa
1259 2197 1348 2223 locum
1375 2196 1472 2223 stadiis
1496 2195 1619 2231 quinque
1645 2200 1674 2222 et
1696 2202 1783 2222 nona-

153 2240 200 2267 Διὸ
215 2241 260 2266 καὶ
276 2240 507 2275 παρεκκλιναντες
531 2240 797 2274 ἐστρατοπεδεὺκασι
815 2242 880 2275 περὶ
894 2242 940 2268 τό-

154 2294 204 2312 πον
218 2285 342 2317 σταδίους
355 2286 491 2321 ἀπέχοντα
505 2286 556 2320 τῆς
581 2285 778 2321 βασιλευούσης
795 2286 876 2314 πέντε
895 2287 943 2314 καὶ

153 2331 343 2366 ἐννενήκοντα.
605 2331 607 2335 ’

189 2377 229 2404 H’.
253 2370 335 2404 Ἀλλᾶ
358 2378 407 2413 μιᾷ
423 2377 513 2413 ἡμέρᾳ
531 2377 664 2412 πρότερον
690 2377 913 2413 ἐξιππασάμενος
928 2379 943 2405 ὁ

155 2423 212 2453 νὲος
228 2423 353 2458 βασιλεὺς
367 2423 424 2458 μετ’
441 2423 539 2456 ὀλίγων
561 2422 633 2448 πάνυ
652 2421 734 2448 τινῶν
752 2419 816 2457 ἧκεν
830 2422 859 2455 ἐξ
873 2422 942 2456 ὰφι-

155 2468 216 2499 νοῦς
229 2468 335 2502 ἀθρόως
347 2468 519 2503 εἰοπηδήσων
537 2467 565 2498 ἐς
577 2467 607 2493 το
624 2467 781 2499 Βυζάντιον,
804 2467 939 2502 Αἰσοομέο

155 2521 208 2540 νων
240 2513 268 2540 δὲ
297 2513 351 2539 τῶν
375 2513 508 2548 πυλωρνῖθν
539 2512 720 2546 ἀπεκλείσθη,
749 2513 786 2544 ὠς
813 2513 939 2540 ἐντεῦθεν

153 2557 361 2590 ἀναγκασθέντα
388 2557 492 2584 δεῖσθαι
520 2556 566 2582 το]
593 2555 723 2590 βασιλέως
746 2555 792 2581 καὶ
827 2556 939 2582 πάππου

154 2603 273 2638 θερμῶς,
294 2603 342 2629 καὶ
361 2601 549 2637 ὑπισχνεῖσθαι
562 2601 630 2637 πρὸς
659 2597 732 2628 ἆτέαν
763 2600 884 2633 ὑπείξειν
909 2602 939 2628 τ’)

153 2649 400 2683 προσταττόμενον,
413 2649 450 2680 ὡς
471 2646 511 2679 εἷς
527 2648 580 2674 τῶν
597 2647 813 2682 ἀργυρωνήτων,
833 2647 899 2682 πρίν
913 2656 939 2674 τι

154 2693 280 2727 γενέσθαι
296 2693 349 2720 τῶν
363 2693 509 2720 ἀπευκτῶν
524 2692 629 2727 Θατέρνρ
646 2691 719 2717 δυεῖν
733 2710 741 2723 ,
764 2690 836 2717 οὕτω
855 2700 937 2726 κορυ-

995 2243 1069 2278 ginta
1085 2244 1119 2271 ab
1140 2243 1209 2270 urbe
1225 2243 1372 2270 distantem
1389 2247 1479 2270 castra
1495 2246 1657 2278 posuerunt.

1031 2375 1100 2403 Vlll.
1129 2375 1222 2402 Pridie
1253 2381 1318 2402 vero
1344 2374 1403 2409 ejus
1430 2373 1484 2401 diei
1509 2373 1602 2409 junior
1634 2372 1783 2408 imperator

995 2421 1145 2457 equitando
1161 2428 1322 2455 progressus
1339 2428 1401 2448 cum
1427 2420 1601 2455 paucissimis
1623 2419 1783 2446 hominibus

990 2474 1023 2495 ex
1049 2466 1156 2494 occulto
1188 2466 1347 2497 advenerat,
1377 2466 1470 2493 subito
1498 2466 1601 2500 impetu
1629 2465 1657 2492 in
1684 2465 1780 2492 urbem

989 2513 1160 2547 irrupturus.
1179 2511 1232 2538 Sed
1251 2511 1445 2539 animadverso
1464 2512 1523 2547 ejus
1539 2515 1639 2538 conatu
1658 2519 1673 2537 a
1688 2515 1782 2537 custo-

989 2557 1072 2586 dibus
1086 2558 1214 2585 exclusus
1229 2558 1327 2585 fuerat.
1348 2557 1415 2590 Quae
1435 2565 1478 2585 res
1493 2565 1555 2585 eum
1579 2557 1734 2591 subegerat,
1752 2561 1781 2584 ut

991 2604 1170 2631 vehementer
1195 2611 1275 2630 avum
1307 2603 1500 2637 itnperatorem
1530 2608 1637 2633 oraret,
1665 2610 1696 2630 ac
1728 2603 1780 2637 ipsi

989 2648 1179 2682 polliceretur,
1195 2655 1224 2675 se
1242 2647 1376 2682 quidquid
1392 2647 1415 2674 is
1435 2647 1563 2681 jussisset
1579 2647 1652 2674 dicto
1666 2647 1782 2674 audien-

989 2698 1043 2723 tem
1063 2695 1121 2722 l'ore
1147 2694 1260 2728 perinde
1285 2701 1317 2721 ac
1341 2693 1520 2729 mancipium,
1538 2694 1629 2728 potius
1649 2701 1731 2728 quam
1749 2698 1780 2721 ut

650 2786 652 2793 λ
820 2755 991 2789 Variorum
1009 2763 1103 2790 notae.

191 2807 246 2841 (η)
262 2806 324 2834 “me
344 2807 435 2848 οῐξηιίδ
455 2806 589 2848 (ἶ,¹“εὲ›ἷοτει8
607 2804 704 2839 plurali
722 2811 847 2848 numero,
865 2806 938 2848 itiso-
993 2813 1044 2848 est.
1059 2809 1164 2848 Nomen
1180 2809 1255 2848 dedit
1273 2808 1348 2848 urbs
1357 2808 1468 2839 Κῶπαι,
1490 2807 1575 2848 cujus“
1595 2806 1782 2835 meminerunt

154 2841 243 2868 leuiter
270 2846 296 2868 et
309 2842 413 2876 poetica
429 2842 541 2868 audacia
557 2850 563 2866 :
582 2847 738 2876 quanquam
752 2844 779 2876 et
794 2847 842 2876 nos
857 2841 938 2875 vulgo

155 2876 283 2911 dicimus,
302 2874 336 2904 [cs
358 2876 587 2905 I’alus-Mdotitlt’s.
601 2875 711 2909 prais,
732 2874 810 2909 palus
827 2874 937 2904 lin-otia:

993 2843 1136 2877 llotucrus,
1147 2844 1256 2877 Strabo,
1274 2843 1428 2878 Stephanus
1442 2848 1469 2871 et
1484 2843 1539 2871 alii.
1556 2842 1659 2870 Buxvm.
