1915 3071
245 46 257 59 1
377 55 390 58 -

165 142 196 174 σ]
205 141 215 174 ι
291 139 327 176 [Α.
344 148 370 167 ιι.
390 140 454 168 6791
472 148 505 168 λυ
520 140 600 177 6856]

761 143 970 174 NICEPHORI
989 144 1178 175 GREGORE

1340 144 1408 180 [ιιιιι.
1423 152 1572 174 ,Ακοκοκια
1589 146 1659 182 55s.]
1682 177 1690 189 Χ
1730 147 1788 181 δη

165 205 279 232 magnus
292 197 362 224 circa
377 197 506 232 palatiutn
522 202 550 225 et
566 197 600 225 ad
619 197 710 233 palatii
726 197 798 226 fores
816 199 943 226 tumultus

1000 200 1140 236 κρατῆρας
1155 197 1212 235 εἶχε
1230 200 1316 236 πυρὸς
1336 201 1511 235 ὑφάπτοντας
1527 203 1648 229 κάτωθεν
1663 204 1713 239 τὴν
1729 205 1788 232 κλί-

163 243 284 273 auditur.
299 243 418 278 iunioris
434 243 608 277 imperatoris
625 243 777 278 ingressum
796 245 943 278 nuntians.

163 293 192 315 et
215 289 325 323 plausus
343 296 479 315 armorum
499 296 624 323 magnus.
649 289 734 316 Erant
755 290 828 316 enim
847 290 947 318 milites

163 334 281 368 amplius
295 334 458 369 octingentis
467 341 529 361 cum
546 335 709 368 imperatore
723 335 847 370 ingressi.
859 335 946 363 Simul

163 378 247 405 etiam
266 378 386 413 undique
410 378 508 406 faustis
523 379 766 406 acclamationibus
785 379 878 413 iunior
893 380 945 406 im-

162 427 273 457 perator
288 423 468 450 salutabatur.
488 422 587 450 Senior
603 430 668 450 vero
680 444 686 455 ,
706 423 823 450 tumultu
846 427 873 450 et
890 423 947 450 cla-

162 475 238 494 more
251 468 354 500 audito,
370 469 403 495 de
415 468 485 494 lccto
498 468 618 495 surrexit
631 467 884 502 perturbatissimus
896 476 904 501 ;
918 472 946 495 et

161 521 224 540 cum
241 514 383 545 ,neminem
405 513 530 546 haberet,
546 521 561 540 a
577 521 631 547 quo
655 512 840 548 adjurarctur,
856 521 945 548 neque

161 559 271 590 ducem.
298 553 387 593 neque
414 560 526 586 militem
557 559 700 594 (palatium
725 559 798 586 enim
825 559 945 587 cubiculi

162 603 297 631 ministris
313 604 532 631 adolescentibus
544 604 664 638 exceptis
680 604 817 631 desertum
835 612 946 639 prorsus

161 651 242 683 erat),
261 651 292 677 ad
309 657 413 677 sacram
429 650 573 684 imaginem
587 650 634 677 Dei
651 649 798 678 Gcnitricis
823 651 944 685 lludege-

162 695 222 722 tria:
236 695 367 730 confugit,
380 701 442 722 ante
457 695 556 722 multos
573 695 632 722 dies
647 695 673 722 in
688 695 817 729 palatium
831 697 946 724 transla-

163 745 230 771 tam,
245 749 305 775 qua:
325 741 350 768 ei
368 742 445 767 firmo
465 741 560 768 solatio
579 745 649 769 erat.
665 742 705 768 Ad
726 742 806 773 hanc,
823 742 944 777 inquam,

161 785 292 820 confugit,
306 790 334 813 et
345 786 420 812 humi
434 790 587 820 prostratus
600 794 661 812 cum
674 786 768 813 dolore
780 791 808 814 ct
818 786 944 822 lacrymis

108 838 113 845 ·
160 832 289 859 ardenter
302 832 465 865 obtestatur,
479 840 512 859 ue
528 832 727 866 periclitantem
743 836 770 859 et
781 832 941 860 sicariorum

159 878 272 905 ensibus
293 878 445 912 expositum
468 878 588 905 deserat.
608 878 752 904 Exaudivit
771 886 867 912 preces
884 879 943 914 ejus
959 864 980 893 Β

159 930 188 950 ct
203 923 330 950 festiuum
349 923 409 950 tulit
426 924 558 950 auxilium
577 931 638 957 quae
652 923 761 958 quidvis
778 928 868 959 potest
895 932 943 952 ca-

159 968 279 999 stissima
295 968 340 995 Dei
355 968 488 996 Genitrix.

997 255 1056 281 νην.
1074 246 1182 272 Τούτων
1203 246 1288 278 οὕτως
1301 247 1418 282 ἐχόντων
1434 247 1518 279 πολὺς
1530 248 1653 284 ἠκούσθη
1671 249 1786 285 θόρυδος

996 291 1048 324 ἔξω
1064 291 1128 326 περὶ
1140 292 1173 318 τὰ
1191 291 1315 327 βασίλεια
1330 293 1378 320 καὶ
1399 293 1446 324 τὰς
1457 293 1609 328 βασιλείους
1625 295 1724 328 πύλας,
1732 297 1785 331 τὴν

996 337 1042 364 τοῦ
1053 338 1112 364 νέου
1125 337 1256 372 βασιλέως
1264 338 1404 376 περιηγῶν
1413 338 1526 370 εἴσοδον,
1537 340 1584 366 καὶ
1590 341 1685 376 κρότος
1692 342 1785 369 ὃπλων

998 383 1069 418 μάλα
1080 383 1162 414 πολύς
1172 391 1178 398 ’
1189 383 1230 418 [Ρ.
1242 375 1306 420 Ξῦεῖ]
1316 382 1385 418 ἦσαν
1403 385 1456 419 γὰρ
1470 385 1495 411 οἱ
1515 386 1730 418 συνεισελθόντες
1745 388 1786 422 τῷ

997 427 1102 464 βασιλεῖ
1118 429 1283 463 στρατιῶται
1313 429 1423 462 πλείους
1445 424 1613 458 ὀκτακοσίων
1625 440 1632 448 ·
1656 432 1704 460 καὶ
1723 432 1785 468 ἅμα

997 474 1166 509 πανταχόθεν
1180 475 1313 509 εὐφημίαι
1330 475 1376 502 καὶ
1396 475 1515 509 γλῶσσαι
1536 476 1582 502 τὸν
1597 476 1656 504 νέον
1676 477 1784 512 ἀνακη-

996 519 1141 555 ρύττουσαι
1167 520 1290 554 βασιλέα.
1314 520 1479 555 Δῑσθόμενος
1503 521 1525 548 δ’
1540 522 1684 556 ὀγηραιδς
1703 522 1783 558 βασ-

995 564 1057 596 λεὺς
1066 565 1112 592 τοῦ
1125 565 1238 600 θορύϐου
1252 567 1298 593 καὶ
1311 566 1360 600 τῆς
1375 567 1451 602 βοῆς,
1469 567 1600 602 ἐξανέστη
1612 566 1660 603 τῆς
1675 569 1781 603 κλίνης,

996 612 1124 646 ἐκπλήξει
1139 612 1223 647 πολλῇ
1247 612 1443 646 συνεχόμενος·
1462 613 1509 638 καὶ
1529 612 1566 647 μὴ
1589 612 1667 651 ἔχων,
1684 614 1780 640 οὐδένα

995 658 1041 684 τὶν
1055 657 1234 692 βοηθήσοντα,
1248 659 1316 693 μήτε
1334 658 1514 692 στρατιώτην,
1533 660 1600 694 μήτε
1614 660 1779 694 στρατηγόν·

995 704 1066 738 πλὴν
1083 704 1136 738 γὰρ
1160 703 1213 729 τῶν
1240 703 1440 739 θαλαμηπόλων
1459 704 1648 738 μειρακίσκων
1674 706 1780 740 ἐρημῖα

995 750 1077 783 πολλὴ
1092 750 1126 776 τὰ
1141 749 1265 784 ﬂammata
1277 749 1332 784 εἶχε
1346 757 1354 765 δ
1371 750 1539 783 καταφεύγει
1554 751 1623 785 πρδς
1638 751 1687 785 τὴν
1702 750 1781 776 θείαν

995 795 1086 821 εἰκόνα
1100 795 1155 830 (87)
1174 797 1222 828 τῆς
1234 796 1388 830 ὑπερὰγνου
1401 795 1572 831 Θεομήτορος
1594 796 1642 830 τῆς
1661 796 1779 830 Ὀδηγη-

995 840 1082 875 τρὶας.
1099 840 1208 874 Στιχνῶν
1223 841 1276 875 γὰρ
1293 840 1405 876 ἡμερῶν
1425 841 1559 876 ἐκομίσθη
1576 841 1643 876 πρὸς
1658 841 1692 868 τὰ
1702 841 1780 875 βασί-

994 887 1054 913 λεια
1079 887 1210 922 πρότερον
1236 888 1283 914 καὶ
1301 885 1335 922 ἦν
1358 887 1431 921 αὐτῷ
1449 888 1622 922 παραμύθιον
1647 887 1780 921 ἀσφαλές.

996 932 1066 968 Πρὸς
1078 931 1180 968 ταύτην
1197 932 1287 958 τοίνυν
1299 932 1465 967 καταφυγὼν
1485 933 1533 959 καὶ
1548 933 1704 968 περιχυθεὶς
1718 932 1781 958 τοῦ-

995 977 1077 1012 δαφος
1092 978 1147 1013 (88)
1163 978 1236 1012 μάλα
1258 978 1411 1013 περιαλγής
1430 987 1459 1004 τε
1480 979 1527 1005 καὶ
1551 979 1681 1014 ἔνδακρυς
1695 979 1782 1005 ὲδεῐτο

161 1022 279 1057 θερμῶς,
302 1022 340 1058 μὴ
360 1022 492 1057 περιιδεῖν
522 1022 712 1049 κινδυνεύοντα
737 1022 892 1057 μιαφονίας
911 1023 999 1057 ξίφεσι
1022 1023 1071 1058 τὴν
1083 1020 1171 1059 ψύχὴν
1188 1024 1382 1059 παραπέμψαι.
1418 1024 1471 1051 Ναὶ
1507 1024 1560 1060 μὴν
1585 1026 1632 1051 καὶ
1662 1025 1781 1059 ὲπήκοος

160 1068 267 1102 ἐγένετο
277 1069 326 1104 τῆς
339 1068 457 1103 δεήσεως
481 1067 564 1094 αὑτοῦ
589 1069 636 1095 καὶ
647 1069 777 1104 ταχίστην
793 1069 940 1104 ἐχαρίσατο
960 1070 1009 1103 τὴν
1027 1070 1187 1105 ἐπικουρίαν
1202 1071 1218 1106 ὴ
1235 1071 1312 1097 πάνθ’
1346 1071 1396 1098 ὃσα
1417 1071 1542 1106 βούλεται
1557 1071 1694 1106 δυναμένη
1710 1071 1781 1098 πάν-

167 1123 249 1152 αγνος
262 1115 404 1147 Θεοτόκος.

194 1160 227 1188 ν.
250 1160 317 1187 Nam
333 1160 396 1188 dum
417 1160 462 1187 ille
484 1161 512 1187 in
531 1161 632 1195 palatio
649 1161 793 1197 Deiparam
816 1162 848 1189 ad
870 1162 944 1189 hunc

160 1206 269 1232 modum
279 1206 452 1240 deprecatur,
462 1206 554 1240 junior
569 1206 719 1241 imperator
731 1208 798 1234 foris
815 1207 944 1235 omnibus

159 1251 276 1278 ducibus
290 1256 317 1278 et
335 1243 453 1278 tribunis
467 1251 525 1278 suis
541 1253 698 1280 convocatis
715 1254 834 1288 graviter
847 1253 944 1285 edicit,

162 1305 195 1323 nc
204 1304 283 1322 avum
303 1296 493 1330 imperatorem
503 1297 543 1324 vel
552 1305 632 1324 manu
643 1299 759 1326 violenta
770 1299 943 1331 interficiant,

159 1341 202 1368 vel
215 1341 270 1368 ullo
279 1342 476 1370 contumelioso
485 1343 558 1370 dicto
569 1344 715 1376 incessunt,
725 1352 774 1372 nec
783 1353 945 1380 quemquam

112 1380 120 1389 \
159 1393 272 1420 prorsus
289 1387 409 1413 omnium
428 1396 434 1413 :
454 1396 463 1412 ι
483 1387 556 1414 llanc
572 1388 656 1419 enim.
676 1388 775 1422 inquit,
793 1389 937 1416 victoriam

159 1432 231 1458 Deus
257 1431 337 1458 nobis
354 1431 433 1466 423
451 1432 535 1464 dedit,
557 1439 608 1459 non
630 1433 680 1466 ipsi
708 1433 873 1467 paravimus.
897 1434 942 1461 Dei

158 1476 286 1503 voluntas
311 1480 402 1503 movet
424 1477 531 1507 omnia.
553 1482 581 1504 et
601 1477 692 1503 omnia
717 1478 741 1504 ci
768 1477 942 1510 famulantur,

159 1523 254 1556 stella-,
278 1530 335 1554 aer,
355 1530 442 1555 mare,
467 1529 549 1555 terra,
568 1523 702 1555 homines.
723 1524 848 1556 fulmina,
870 1525 941 1560 ignei

161 1568 292 1601 turbines,
310 1568 480 1603 pestilentiae,
494 1573 573 1596 terr.c
588 1575 677 1596 motus
687 1590 694 1602 ,
711 1570 811 1598 imbres
823 1591 829 1602 .
844 1556 944 1598 ste'rili~
956 1556 979 1587 C

160 1618 237 1647 tates,
249 1619 273 1641 el
287 1615 338 1641 alia
352 1615 515 1646 consimilia,
532 1615 632 1649 partim
648 1616 681 1643 ad
702 1616 870 1648 felicitatem,
886 1624 945 1651 par-

161 1660 208 1686 tim
224 1660 256 1686 ad
273 1659 460 1686 infelicitatem
478 1667 510 1686 ac
526 1660 617 1694 potius
629 1660 846 1694 castigationem.
861 1659 945 1687 Nobis

159 1705 242 1739 igitur
267 1705 404 1732 hodierna:
420 1706 605 1740 castigationis
624 1706 756 1733 ministris
775 1712 803 1733 et
828 1713 944 1733 exsecu-

159 1750 264 1777 toribus
280 1751 407 1778 victorias
421 1755 448 1777 et
469 1755 568 1785 tropma
586 1751 712 1785 largitur.
739 1751 872 1778 Fortassis
894 1758 944 1777 au-

159 1799 212 1822 tem
229 1803 288 1824 cras
307 1797 366 1824 aliis
383 1801 480 1824 contra
494 1804 544 1824 nos
561 1800 652 1824 utetur
667 1806 673 1823 ι
693 1801 722 1824 et
736 1797 832 1831 quales
851 1803 902 1823 nos
916 1796 942 1822 in

157 1848 206 1867 eos
222 1841 364 1874 luerimus,
381 1842 426 1876 qui
448 1842 475 1868 in
499 1849 597 1869 manus
616 1842 697 1869 nobis
715 1842 866 1877 castigandi
887 1848 943 1869 tra-

158 1886 270 1919 duntur,
287 1887 354 1914 tales
366 1887 460 1921 utique
474 1887 560 1918 etilli.
573 1887 672 1922 quibus
687 1888 838 1920 trademur,
853 1889 879 1915 in
893 1896 943 1916 nos

157 1931 243 1959 futuri
262 1937 336 1959 sunt.
363 1931 453 1964 Quare
475 1932 497 1959 si
524 1940 574 1959 nos
593 1940 683 1966 neque
703 1932 829 1967 cognatio
853 1941 942 1968 neque

157 1978 277 2011 ejusdem
291 1977 380 2012 gentis
395 1977 569 2005 necessitudo
582 1977 615 2004 ad
631 1977 803 2004 clementiam
820 1982 847 2005 ct
862 1979 943 2006 mise-

158 2022 303 2049 ricordiam
320 2022 443 2055 adducit,
461 2023 546 2049 nostri
560 2024 683 2057 ipsorum
701 2023 797 2050 Saltem
817 2029 941 2058 respectu

159 2069 328 2096 humanitate
343 2069 381 2095 uti
399 2077 473 2096 nunc
490 2070 578 2096 satius
595 2074 703 2103 esthne
722 2069 774 2104 ipsi
792 2070 941 2105 graviorem

159 2114 206 2141 Dei
223 2115 436 2150 indignationem
448 2115 633 2150 experiamur.
654 2125 663 2141 ι

196 2254 240 2282 V'l.
268 2255 374 2282 Interea
393 2255 503 2290 quidam
529 2262 543 2282 e
567 2255 667 2290 palatio
691 2264 818 2291 egressus
839 2257 943 2292 juniori

159 2300 318 2335 imperatori
339 2306 442 2334 portam
461 2302 586 2336 aperitet
612 2303 645 2329 al)
664 2310 714 2329 avo
729 2303 800 2330 hunc
813 2305 940 2331 nuntium

157 2346 236 2372 all'crl
256 2355 262 2372 :
285 2354 294 2370 ι
319 2345 452 2378 Quoniam
475 2346 556 2373 hodie
580 2347 661 2378 Deus,
677 2348 713 2374 tui
731 2347 766 2374 fili
779 2369 786 2378 ,
802 2353 942 2383 sceptrum

157 2392 365 2426 imperatorium
383 2392 450 2418 mihi
476 2393 633 2426 ademptum
651 2393 698 2420 tibi
718 2394 838 2425 donavit,
860 2402 943 2422 unum

159 2437 211 2464 hoc
230 2436 389 2463 lrcnelicium
412 2445 426 2463 ιι
449 2441 475 2464 te
492 2441 554 2471 peto
569 2444 619 2471 pro
641 2438 733 2465 multis
752 2446 812 2473 qua:
823 2439 864 2465 ‘ab
885 2439 945 2474 ipso

156 2489 218 2509 ortu
229 2487 274 2509 tuo
288 2482 313 2508 in
331 2487 356 2509 te
370 2482 472 2509 contuli
489 2481 596 2517 (omitto
611 2483 684 2510 enim
698 2483 750 2510 hoc
762 2491 852 2510 rerum
867 2492 942 2511 mea-

157 2536 217 2554 rum
235 2533 318 2560 statu,
334 2535 376 2554 me
391 2527 438 2554 tibi
452 2527 538 2562 ipsius
549 2528 734 2555 nativitatiset
746 2530 943 2562 progressionis

157 2574 185 2600 in
204 2575 299 2606 vitam,
315 2577 376 2608 post
395 2573 491 2606 Deum,
507 2577 646 2600 auctorem
665 2573 770 2607 fuisse),
789 2574 859 2600 dona
875 2575 941 2601 mihi

158 2620 239 2646 vitam
265 2627 369 2652 meam;
391 2627 472 2653 parce
494 2623 607 2653 paterno
628 2618 731 2653 capiti;
753 2626 804 2645 nec
824 2619 943 2647 violento

155 2665 228 2692 [οη-υ
242 2672 304 2692 eum
322 2665 479 2700 sanguinem
496 2664 585 2696 hauri,
607 2672 622 2692 a
645 2671 699 2699 quo
714 2669 741 2691 tu
761 2664 822 2691 vita:
839 2664 942 2692 fontem

1031 1161 1067 1189 E'.
1091 1162 1223 1193 Τοιαύτας
1237 1161 1290 1198 γὰρ
1305 1163 1377 1189 ἔνδον
1400 1163 1453 1190 τῶν
1467 1164 1609 1199 βασιλείων
1624 1165 1706 1191 αὑτοῦ
1730 1166 1781 1197 τὰς

995 1209 1100 1243 δεήσεις
1119 1210 1152 1244 τῇ
1168 1208 1291 1244 Θεοτόκῳ
1315 1209 1527 1243 προσφέροντος,
1552 1210 1565 1236 δ
1592 1210 1651 1242 νέος
1675 1211 1776 1243 ἔξωθεν

994 1254 1120 1288 βασιλεὺς
1143 1255 1314 1288 συγκαλέσας
1332 1255 1435 1287 πάντας
1449 1256 1511 1287 τοὺς
1524 1257 1586 1291 περὶ
1601 1257 1682 1283 αὐτὸν
1698 1266 1782 1294 στρα-

993 1300 1093 1334 τηγοὺς
1108 1300 1155 1326 καὶ
1163 1300 1326 1335 ταξιάρχους
1341 1301 1540 1335 παρεκελεύετο
1557 1302 1629 1336 μάλα
1646 1303 1780 1337 σφοδρῶς,

997 1347 1065 1381 μήτε
1081 1348 1162 1381 χεῖρα
1186 1347 1359 1382 φονεύτριαν,
1388 1348 1455 1382 μήτε
1473 1347 1600 1381 γλῶσσαν
1621 1349 1781 1384 ὑῧρίστριαν

994 1394 1154 1427 ἐπενεγκεῖν
1169 1394 1239 1428 μήτε
1259 1394 1297 1428 τῷ
1313 1394 1418 1430 πάππῳ
1433 1397 1480 1421 καὶ
1496 1395 1611 1430 βασιλεῖ,
1633 1397 1701 1430 μήτε
1724 1406 1781 1431 μη-

993 1438 1047 1464 δενὶ
1063 1438 1117 1464 τῶν
1133 1439 1260 1464 ἁπάντων
1277 1438 1373 1472 ἑτέρῳ.
1392 1447 1401 1463 α
1423 1439 1459 1464 Οὐ
1477 1439 1530 1473 γὰρ
1545 1440 1636 1473 ἡμεῖς,
1655 1450 1664 1466 ι
1685 1442 1779 1475 φησιν,

996 1493 1005 1509 ‹
1023 1483 1081 1510 ἀλλ’
1095 1485 1109 1510 ὸ
1126 1484 1193 1514 Θεὸς
1207 1484 1273 1518 ἡμῖν
1288 1484 1322 1510 τὰ
1342 1484 1453 1510 τοιαῦτα
1477 1485 1632 1525 παρέσχετο
1647 1485 1778 1519 τρόπαια.

995 1533 1049 1559 Καὶ
1076 1532 1142 1558 Θεοῦ
1160 1531 1209 1566 μὲν
1229 1525 1355 1567 βούλησις
1379 1533 1465 1559 πάντα
1485 1535 1571 1558 κινεῖ*
1598 1533 1731 1568 ὑπηρετεῖ
1752 1534 1797 1560 δὲι

996 1578 1093 1609 πάντα,
1109 1578 1235 1611 ἀστέρες,
1261 1577 1327 1612 ἀὴρ,
1355 1577 1485 1609 Θάλασσα,
1503 1578 1548 1612 γῆ,
1571 1578 1720 1612 ἄνθρωποι,
1736 1587 1782 1606 κε-

997 1623 1100 1658 ραυνοὶ,
1120 1624 1289 1658 πρηστῆρες,
1307 1623 1406 1658 λοιμοὶ,
1420 1625 1536 1658 σεισμοὶ,
1557 1624 1630 1650 ὑετοὶ
1645 1625 1779 1659 ῥαγδαῖοι,

995 1669 1109 1704 καρπῶν
1126 1669 1248 1704 ἁφορίαι,
1268 1669 1317 1695 καὶ
1333 1669 1382 1694 ὅσα
1407 1669 1512 1700 τούτοις
1527 1670 1660 1703 ἑπόμενα,
1679 1670 1712 1696 τὰ
1730 1671 1780 1705 μὲν

995 1715 1062 1749 πρὸς
1077 1714 1301 1749 εὖδαιμονίαν,τὰ
1315 1714 1343 1740 δὲ
1357 1714 1424 1748 πρὸς
1440 1714 1664 1749 κακοδαιμονίαν,
1679 1715 1694 1749 ἧ
1710 1715 1781 1749 μᾶ).-

995 1760 1040 1786 λον
1057 1760 1123 1794 πρὸς
1151 1759 1292 1786 παίδευσιν
1321 1760 1367 1786 καὶ
1388 1760 1587 1794 σωφρονισμόν.
1610 1760 1781 1795 ’Υπηρὲταις

995 1806 1026 1839 δὴ
1041 1803 1087 1831 οὖν
1103 1805 1168 1839 ἡμῖν
1185 1805 1231 1831 καὶ
1247 1804 1392 1835 κολασταῖς
1411 1804 1460 1838 τῆς
1481 1804 1624 1840 παρούσης
1639 1805 1780 1839 χρώμενος

997 1850 1165 1881 παιδεύσεως
1181 1849 1272 1876 δίδωσι
1289 1850 1366 1881 νίκας
1377 1851 1424 1875 καὶ
1435 1850 1555 1884 τρόπαια
1567 1851 1629 1882 ταῖς
1642 1850 1720 1885 ἡμῶν
1737 1851 1780 1877 δε-

996 1895 1074 1928 ξιοῖς.
1094 1896 1231 1930 Χρήσεται
1248 1895 1270 1921 δ’
1298 1895 1362 1926 ἴσως
1377 1895 1467 1926 ἄλλοις
1487 1894 1581 1929 αῡριον
1599 1895 1659 1921 καθ’
1681 1896 1780 1930 ἡμῶν·

995 1939 1142 1966 καὶ“ὀποίοι
1160 1934 1208 1965 καῖ
1221 1939 1302 1973 ἡμεῖς
1319 1938 1435 1972 ἐσύμεοα
1452 1939 1507 1969 τοῖς
1522 1939 1549 1969 ἐς
1569 1939 1617 1969 τὰς
1630 1939 1710 1973 ἡμῶν
1724 1940 1781 1973 χεῖ-

996 1995 1044 2022 ρας
1071 1985 1262 2021 παραδοθεῖσιν
1292 1985 1333 2016 είς
1363 1984 1515 2015 παίδευσιν,
1534 1983 1650 2010 τοιοῦτοι
1671 1985 1781 2028 nivem:

995 2033 1100 2058 ἔσονται
1117 2032 1163 2057 καὶ
1175 2031 1252 2065 ἡμῖν,
1268 2027 1308 2060 οἷς
1321 2031 1400 2064 ἡμεῖς
1425 2027 1780 2064 παραδοθησόμεθαζὯστε

994 2079 1018 2105 ει
1037 2079 1074 2113 μὴ
1088 2077 1121 2104 δι’
1142 2077 1215 2103 ἑλεον
1231 2077 1277 2102 καὶ
1292 2074 1382 2102 οἶκτον
1402 2076 1570 2110 συγγενικῶν
1590 2084 1620 2102 τε
1645 2076 1690 2102 καὶ
1714 2078 1783 2111 ὁμο-

995 2124 1086 2158 φύλων
1099 2123 1234 2158 αἱμάτων,
1254 2121 1297 2148 διὰ
1310 2121 1374 2155 γοῦν
1396 2121 1522 2156 πρόνοιαν
1535 2121 1614 2156 ἡμῶν
1628 2121 1718 2147 αὐτῶν
1734 2130 1780 2156 φι-

995 2167 1156 2202 λανθρωπίᾳ
1171 2166 1229 2192 νυνὶ
1247 2163 1400 2199 χρήσασθαι
1430 2163 1546 2198 βέλτιον,
1567 2164 1604 2200 μὴ
1625 2164 1782 2199 βαρυτέρας

951 2217 978 2247 D
996 2212 1073 2238 αὐτοὶ
1092 2210 1269 2246 πειραθῶμεν
1286 2209 1450 2244 θεομηνίας.
1469 2219 1478 2234 ι

1030 2257 1076 2291 q'.
1097 2257 1142 2284 Ἐν
1172 2255 1276 2286 τούτοις
1307 2253 1393 2282 ἐλθών
1421 2256 1522 2286 τις,ὲκ
1550 2255 1604 2282 τῶν
1634 2255 1781 2291 βασιλείων

994 2303 1096 2338 ἀνέῳξε
1112 2310 1141 2328 τε
1158 2301 1206 2333 τὰς
1219 2301 1305 2331 πύλας
1329 2301 1367 2335 τῷ
1383 2300 1434 2334 νέῳ
1449 2301 1566 2336 βασιλεῖ,
1587 2302 1634 2328 καὶ
1648 2303 1781 2336 ἀγγελίας

995 2348 1070 2382 σὺτῷ
1083 2347 1183 2378 ταύτας
1209 2346 1314 2379 κομίζει
1328 2346 1403 2381 παρὰ
1429 2346 1474 2373 τοῦ
1495 2347 1625 2373 πάππου·
1644 2356 1654 2374 ι
1669 2348 1781 2384 Ἐπειδὴ

995 2395 1115 2429 τήμερον
1135 2393 1148 2418 ὁ
1163 2392 1228 2423 θεὸς
1246 2391 1355 2425 ἀφελὼν
1370 2392 1436 2426 ἐμοῦ
1450 2392 1480 2418 τὸ
1494 2392 1640 2426 βασίλειον,
1657 2393 1697 2419 υἰέ
1716 2402 1780 2428 μου,

999 2438 1136 2473 σκῆπτρόν
1154 2445 1195 2463 σοι
1217 2437 1288 2463 τοῦτ’
1312 2437 1459 2471 ἐχαρίσατο
1473 2457 1480 2468 ,
1512 2437 1576 2471 μίαν
1593 2437 1695 2473 ταύτην
1713 2439 1781 2464 αίτῶ

994 2486 1069 2519 παρὰ
1086 2483 1132 2510 σοῦ
1145 2483 1225 2518 χάριν
1242 2483 1302 2508 ἀντὶ
1329 2482 1443 2514 πολλῶν,
1468 2479 1505 2509 ὧν
1521 2483 1549 2515 ἐξ
1564 2483 1648 2518 αὐτῆς
1678 2492 1718 2510 σοι
1734 2491 1782 2517 γε·

991 2532 1091 2562 νέσεως
1104 2529 1241 2555 sesama»:
1253 2528 1333 2560 αὑτός
1348 2529 1395 2563 (ἐῶ
1411 2530 1465 2563 γὰρ
1480 2529 1570 2562 λέγειν
1588 2531 1616 2555 ἑν
1631 2530 1690 2560 ταῖς
1709 2538 1782 2564 παρ-

992 2566 1084 2606 οίσαις
1111 2575 1205 2610 τύχαις
1219 2574 1268 2605 ὢν.
1299 2575 1340 2600 ὅτι
1356 2574 1401 2600 καὶ
1419 2574 1467 2608 τῆς
1488 2575 1619 2608 γενέσεως
1636 2575 1720 2609 αὐτῆς
1732 2578 1781 2602 καὶ

991 2620 1040 2654 τῆς
1051 2619 1080 2650 ἐς
1099 2618 1155 2652 βίον
1172 2618 1285 2653 προόδου
1297 2619 1365 2652 μετά
1377 2626 1408 2651 γε
1421 2618 1487 2644 Θεὸν
1496 2619 1575 2650 αὐτός
1587 2627 1628 2646 σοι
1644 2621 1782 2654 κατέστην

992 2666 1087 2700 αἴτιος)
1096 2671 1103 2678 ⁸
1115 2664 1157 2700 [Ρ.
1167 2663 1231 2699 260]
1245 2664 1355 2699 χάρισαί
1370 2673 1415 2700 μοι
1424 2665 1473 2700 τὴν
1484 2665 1603 2699 ἐμαυτοῦ
1613 2665 1687 2701 ζωήν
1698 2675 1704 2682 ο
1722 2669 1782 2701 φεῖ-

832 2721 1002 2752 Variorum
1022 2725 1116 2752 noue.

192 2771 248 2805 (87)
276 2771 342 2803 Qua:
370 2776 426 2798 tum
453 2771 480 2798 in
513 2772 613 2806 palatio
643 2771 844 2799 asservaluatur.
875 2771 942 2799 Vide

157 2805 413 2841 Constantinopolim
434 2805 531 2834 Christ.
560 2807 607 2834 ill).
626 2815 663 2838 Iv.
685 2814 747 2841 pag.
764 2807 809 2833 9i.
827 2807 941 2834 Ducam.

195 2841 251 2874 (88)
274 2841 332 2868 Non
355 2842 421 2868 satis
443 2842 511 2875 Scio,
533 2849 567 2869 an
590 2850 652 2870 eum
679 2841 755 2869 humi
777 2846 943 2876 prostratum

996 2771 1124 2799 adorasse
1141 2771 1287 2806 imaginem
1306 2772 1388 2804 dicat,
1414 2779 1448 2798 an
1466 2772 1578 2806 pulvere
1595 2772 1783 2806 conspersisse

997 2811 1079 2841 caput
1107 2816 1113 2833 :
1134 2815 1167 2833 an
1185 2807 1406 2843 imamimaginis
1425 2812 1529 2841 partem
1546 2807 1623 2836 bumi
1643 2807 1783 2843 iacentem

997 2849 1057 2869 esse
1073 2843 1238 2877 amplexum.
1257 2841 1394 2869 “'otrtt's.
