1915 3071
150 140 204 173 613

277 137 361 172 uc.
384 135 500 162 128m
525 108 608 171 1528],
658 138 880 168 summa;
896 136 1086 166 amomis
1100 136 1172 165 us.
1186 136 1237 164 1x.
1291 131 1357 168 intr.
1380 139 1520 160 unum.
1550 132 1624 168 sm]

1711 134 1763 166 6ιᾶ
1790 131 1793 133 “

150 207 196 225 σαι
213 198 348 233 πατρικῆς
367 197 488 231 κεφαλῆς
501 205 507 213 ·
523 197 560 232 μὴ
574 198 661 231 βίαιον
677 198 828 235 ὲπενέγκῃς
839 197 933 231 αἵματι

986 195 1127 230 accepisti.
1140 195 1224 221 Homo
1238 194 1348 229 quidem
1363 195 1461 222 caelum
1472 200 1498 222 et
1511 199 1611 222 terram
1625 195 1764 223 intuetur:

148 244 269 277 σίδηρον,
290 243 335 276 ἀφ’
350 240 380 268 οὒ
398 243 429 268 σὺ
448 243 496 274 τὰς
513 242 604 276 πηγὰς
619 242 701 274 ἐδέξω
723 243 770 269 τοῦ
787 243 848 278 ζῇν.
867 243 932 269 Ἀν-

149 289 258 324 θρωπος
274 289 324 323 μὲν
337 289 457 321 ἐπόπτης
472 289 546 315 ἐστὶν
560 288 675 323 ούρανοῦ
690 297 720 315 τε
734 292 780 315 καὶ
795 290 846 323 γῆς
857 297 864 305 ο
880 289 933 315 τῶν

148 323 173 360 δἑ
184 333 362 369 ἀνθρωπίνων
376 334 501 368 πράξεων
516 323 632 360 ὲτίόπται
649 334 685 368 γῆ
702 342 732 360 τε
747 333 794 360 καὶ
808 335 931 369 οὐρανός.

149 380 195 415 Μὴ
207 380 239 414 δὴ
252 377 298 406 οὖν
312 379 443 414 ἐθελήσῃς
454 379 590 413 ἀθεμίτων
600 380 689 414 ἔργων
701 380 747 406 καὶ
768 380 832 406 οἵων
846 380 933 411 οὐδείς

150 434 194 451 πω
218 426 387 461 τετόλμηκεν
407 425 435 457 ἐξ
461 425 558 457 αἰῶνος
581 426 703 457 ἐπόπτας
725 426 816 453 λαόεἰν
837 426 889 460 γῆν
904 435 933 452 τε

150 471 197 496 καὶ
219 471 342 504 οὐρανόν.
361 471 391 496 El
410 470 431 496 δ’
448 470 592 504 ἀδελφικὸν
614 469 683 505 αἷμα
699 472 769 498 κατὰ
795 472 843 498 τοῦ
865 472 933 499 Κάἳν

152 516 215 541 ἐϐόα
243 515 326 541 πάλαι
354 516 421 549 πρὸς
440 515 551 551 Κύριον,
578 516 636 547 πῶς
653 517 682 542 οὐ
707 517 838 551 πατρικὸν
864 516 934 552 αἷμα

152 560 246 594 βοήσει
262 561 329 593 πρὸς
347 561 448 596 Κύριον
463 561 510 587 καὶ
529 563 562 596 γῇ
575 570 604 588 τε
619 562 665 589 καὶ
677 562 743 597 ἡλίῳ
758 562 806 589 καὶ
819 563 934 598 ἀστράσι

151 606 181 632 τὸ
196 605 324 632 τοσοῦτον
349 606 497 640 ἀναγγελεῖ
511 607 640 642 τόλμημα
657 608 704 635 καὶ
721 609 933 644 διατραγῳδήσει

151 651 219 686 πρὸς
239 652 362 683 ἅπαντας
390 652 515 686 βασιλέας
543 653 648 686 ὲονῶν;
680 654 824 689 Αίδὲσθητι
840 655 934 690 ’γῆρας

150 696 267 722 ἐλεεινὸν
296 697 356 729 ἐμοὶ
385 697 434 731 μὲν
465 697 523 732 βίου
552 698 682 734 τελευτὴν
697 700 747 725 οὐκ
770 700 810 731 εἰς
826 695 934 734 μακρὰν

151 740 378 774 ὑπισχνούμενον,
408 742 450 767 σοὶ
475 741 503 767 δὲ
520 742 668 777 φροντίδων
684 744 798 778 μακρῶν
813 744 934 770 ἀνάπαυ-

151 794 204 812 σιν.
221 785 363 819 Δίὂέσθητι
378 788 483 821 χεῖρας,
498 787 526 813 αἴ
538 796 567 813 σε
580 788 709 819 πολλάκις
725 789 754 815 ἐν
767 790 934 824 σπαργάνοις

150 831 213 856 ὄντα
230 831 276 856 καὶ
287 830 400 863 γάλαξιν
420 831 613 864 ήγκαλίσαντο.
628 830 769 866 Αίδέσσητι
786 833 860 866 χείλη
872 833 935 859 πολ-

150 873 229 904 λάκις
250 873 317 906 μετὰ
342 873 444 907 θερμοῦ
465 881 494 899 σε
509 873 555 900 τοῦ
584 875 695 909 φίλτρου
719 876 872 910 φιλήσαντα
887 877 934 902 καὶ

149 918 282 953 δευτέραν
298 919 479 954 προσειπόντα
504 920 600 955 ψυχήν.
623 921 754 955 Κάλαμον
769 922 935 957 ἐρριμμένον

151 963 203 990 ὑπὸ
223 964 273 998 τῆς
288 963 371 998 τύχης
385 964 520 999 οἴκτειρον
535 965 583 991 καὶ
600 965 637 1000 μὴ
652 966 699 992 καὶ
713 965 794 997 αὐτὸς
804 966 935 1001 ἐθελήσῃς

149 1008 280 1043 δευτέραν
299 1009 457 1043 ἐπενεγκεῖν
472 1009 628 1045 συντριῦήν.
642 1011 688 1045 Μὴ
704 1012 765 1042 ταῖς
783 1011 935 1046 παρούσαις

149 1053 291 1088 ἄνθρωπος
305 1053 343 1080 ὢν
358 1055 468 1081 πίστευε
480 1055 575 1091 τύχαις
584 1064 591 1071 ·
600 1056 657 1082 ἀλλ’
671 1056 721 1091 ὅρα
736 1056 765 1083 τὸ
773 1056 826 1083 τῶν
843 1065 934 1091 πραγ-

153 1099 245 1132 μᾶτων
269 1099 397 1127 ἀϐέϐαιον
410 1101 456 1127 καὶ
471 1100 644 1136 ἀστάθμητον
655 1101 806 1136 ἀρξάμενος
818 1102 846 1134 ἐξ
855 1103 932 1136 ἐμοῦ.

151 1146 222 1181 Ὅρα
239 1146 345 1181 μακροῦ
363 1146 421 1180 βίου
436 1147 686 1182 τέλος.Θαύμασον,
704 1149 760 1180 πῶς
777 1149 825 1183 μία
840 1149 871 1185 δὴ
884 1150 931 1183 νὺξ

150 1190 220 1225 αὕτη
239 1199 271 1224 με
287 1190 399 1225 βασιλέα
422 1192 608 1227 παρειληφυῖα
624 1193 742 1227 πολυετῆ
759 1193 935 1228 βασιλευόμε-

150 1243 195 1261 νον
221 1235 323 1270 οἴχεται
345 1237 597 1271 καταλιμπάνουσα.
613 1247 622 1263 ι
642 1238 754 1269 Τούτοις
770 1239 827 1270 τοῖς
845 1239 934 1273 λόγοις

152 1278 331 1312 μαλακισθεὶς
360 1281 375 1306 ό
399 1280 458 1312 νέος
491 1281 660 1316 Ἀνδρόνικος
691 1283 792 1318 μικροῦ
819 1283 866 1310 καὶ
885 1284 933 1309 δα-

151 1326 243 1361 κρύων
256 1327 344 1362 ἥττων
358 1327 504 1361 γενόμενος
521 1327 618 1354 εἴσεισι
628 1328 661 1354 τὰ
683 1328 816 1362 βασίλεια,
833 1328 932 1363 πολλὴν

151 1372 222 1405 ὑπὲρ
247 1372 383 1408 σωτηρίας
406 1372 453 1399 τοῦ
470 1373 582 1400 πάππου
607 1369 768 1409 ποῖούμενος
791 1376 930 1409 πρόνοιαν.

151 1418 206 1443 Καὶ
239 1417 336 1452 πρῶτα
353 1418 403 1453 μὲν
428 1420 462 1454 τῇ
480 1419 616 1454 σεδασμίᾳ
632 1419 681 1453 τῆς
706 1420 875 1455 Θεομήτορος
894 1421 932 1446 εί·-

984 240 1116 266 humanas
1133 247 1198 266 vero
1218 239 1339 266 actiones
1362 239 1459 266 coelum
1482 244 1509 266 et
1526 234 1597 266 terra
1613 239 1764 268 intuentur.

982 285 1108 321 424Νο
1119 285 1185 312 velis
1197 285 1278 320 igitur
1290 285 1399 312 nefandi
1410 285 1549 317 facinoris,
1559 285 1638 320 quale
1649 286 1682 313 ab
1691 286 1766 312 omni

982 338 1040 357 azvo
1055 337 1135 357 nemo
1159 337 1279 364 unquam
1296 334 1380 357 ausus
1400 335 1453 362 est,
1472 331 1644 364 inspectores
1664 330 1766 357 habere

983 375 1066 402 caulas
1078 379 1105 402 et
1118 379 1228 402 terram.
1243 374 1319 407 Quod
1329 376 1351 402 si
1368 375 1506 402 fraternus
1525 375 1634 410 sanguis
1652 376 1715 402 olim
1732 378 1764 402 ad

984 419 1128 447 Dominum
1147 424 1239 446 contra
1258 419 1372 446 Cainum
1397 419 1538 451 clamabat,
1564 423 1665 452 quanto
1683 419 1767 453 magis

968 463 1112 500 ‘paternus
1128 465 1237 500 sanguis
1249 464 1282 491 ad
1296 464 1440 491 Dominum
1455 463 1595 496 clamabit,
1608 468 1635 491 et
1649 470 1728 492 terra:
1739 469 1768 491 et

983 510 1036 537 soli
1056 514 1084 537 et
1103 510 1185 537 astris
1204 515 1308 536 tantum
1334 509 1441 536 facinus
1460 509 1635 536 annuntiabit
1649 514 1676 536 et
1695 511 1767 544 apud

984 563 1079 583 omnes
1089 557 1210 590 gentium
1228 562 1305 589 reges
1325 554 1523 581 detestabitur?
1536 554 1669 581 Reverere
1687 562 1768 581 senc-

987 605 1058 628 ctam
1074 600 1263 627 misericordia
1279 601 1397 635 plenam,
1413 608 1471 634 qua:
1493 600 1558 626 mihi
1576 599 1683 633 quidem
1707 599 1769 626 vita:

985 646 1064 673 ﬁnem
1076 647 1199 680 proximo
1211 650 1344 680 tempore.
1359 646 1404 672 tibi
1418 649 1506 673 autem
1520 653 1679 679 magnarum
1693 645 1769 671 solli-

984 692 1133 718 citudinem
1148 692 1331 718 cessationem
1345 691 1500 725 pollicetur.
1514 692 1650 718 Reverere
1661 694 1768 722 manus,

984 745 1044 773 qua:
1061 742 1086 765 lc
1107 744 1178 771 saepe
1195 737 1221 764 in
1240 737 1318 764 cunis
1333 742 1360 764 et
1377 737 1404 763 in
1420 737 1481 764 sinu
1503 737 1618 763 nutricis
1639 737 1770 771 amplexm

985 787 1060 811 sunt.
1076 784 1212 810 Reverere
1226 782 1309 813 labia,
1320 790 1380 816 quae
1395 786 1420 808 te
1430 789 1501 815 sa‘pe
1515 789 1619 808 sumam
1634 781 1769 809 cliaritate

985 829 1140 856 deosculata
1162 833 1225 855 sunt
1248 832 1275 855 et
1304 828 1416 854 alteram
1442 827 1559 852 animum
1585 826 1768 861 appellarunt.

950 863 971 891 Β
984 875 1084 902 Calami
1099 881 1113 901 a
1131 874 1239 901 lortuna
1253 873 1368 907 projeeti
1380 873 1520 904 miserere,
1537 879 1587 898 nec
1598 877 1626 898 tu
1643 879 1705 898 eum
1720 871 1770 898 de-

984 927 1040 947 nuo
1057 924 1201 947 conterere
1223 919 1300 946 velis.
1320 918 1362 945 Ne
1387 923 1424 950 tu,
1443 925 1504 946 eum
1528 917 1610 944 homo
1633 917 1680 948 sis,
1701 923 1770 949 prte-

986 965 1056 993 senti
1079 965 1196 992 fortuna:
1219 963 1359 995 conﬁdas;
1376 963 1423 990 sed
1444 971 1536 991 rerum
1558 961 1767 990 inconstantiam

982 1016 1011 1039 et
1026 1011 1186 1038 varietatem
1204 1018 1219 1037 a
1237 1017 1279 1037 me
1296 1009 1356 1044 ipso
1384 1017 1498 1037 exorsus
1518 1009 1700 1036 considerato.
1716 1007 1771 1034 Re-

984 1056 1058 1090 spice
1075 1056 1163 1090 longa:
1176 1055 1238 1083 vitae
1253 1055 1345 1082 ﬁnem.
1358 1055 1510 1085 Admirare,
1522 1058 1551 1080 ut
1564 1060 1617 1080 una
1633 1060 1694 1084 nox,
1709 1058 1770 1086 qua:

982 1109 1026 1129 me
1035 1102 1184 1129 multorum
1196 1108 1331 1128 annorum
1342 1100 1534 1135 imperatorem
1549 1099 1664 1134 accepit;
1679 1098 1769 1125 alieno

982 1147 1099 1182 imperio
1121 1148 1274 1183 subjectum
1296 1147 1443 1181 relinquat.
1471 1155 1480 1172 ι
1500 1146 1547 1174 llis
1568 1145 1659 1173 verbis
1676 1144 1769 1180 junior

983 1193 1157 1220 Andronicus
1177 1193 1309 1220 delinitus
1324 1193 1366 1218 vix
1387 1192 1469 1219 etiam
1488 1200 1503 1218 a
1519 1191 1647 1227 lacrymis
1663 1195 1768 1224 tempe<

986 1245 1049 1265 rans
1063 1238 1194 1276 palatium
1211 1237 1363 1272 ingreditur
1380 1242 1408 1264 et
1425 1237 1459 1264 de
1475 1237 1561 1264 salute
1570 1236 1613 1264 avi
1626 1243 1718 1263 curam
1730 1235 1771 1262 di-

985 1284 1113 1318 ligentem
1126 1279 1249 1318 suscipit.
1266 1283 1304 1310 Ae
1321 1283 1438 1318 primum
1454 1282 1637 1310 venerabilem
1654 1280 1701 1308 Dei
1719 1280 1770 1308 Gc-

985 1330 1092 1356 nitricis
1107 1330 1251 1364 imaginem
1265 1337 1296 1356 ea
1313 1337 1365 1363 qua
1378 1337 1427 1363 par
1442 1334 1484 1356 est
1499 1328 1656 1356 adoratione
1673 1328 1772 1361 imper-

986 1375 1035 1407 tit;
1051 1375 1151 1402 deinde
1160 1383 1239 1405 avum
1252 1375 1290 1401 illi
1305 1375 1485 1402 inhaerentem
1500 1374 1646 1402 abductum
1660 1373 1769 1405 salutat,

985 1419 1159 1454 amplectitur
1174 1424 1202 1447 et
1220 1419 1327 1447 blandis
1340 1419 1434 1458 {verbis
1452 1423 1568 1446 recreat.

153 1462 213 1488 κόνι
232 1462 288 1498 (89)
302 1462 350 1497 τὴν
365 1464 557 1498 προσήκουσαν
578 1465 694 1497 ἀποδοὺς
708 1466 904 1500 προσκύνησιν,
926 1460 1073 1492 ἔπειτατέὺν
1085 1467 1197 1492 πάππον
1211 1465 1312 1499 ταύτης
1327 1465 1454 1500 ἐχόμενον
1468 1464 1610 1491 ἀπολαϐὼν
1628 1465 1771 1500 ἠσπάσατό

152 1519 181 1536 τε
196 1510 432 1544 περιπτυξάμενος
448 1511 494 1538 καὶ
511 1511 600 1546 λόγοις
620 1513 789 1546 ἀνεκτήσατο
810 1513 961 1548 μειλιχίοις.

187 1555 224 1581 Ζ¹.
248 1555 367 1582 Ἐκεῖθεν
382 1556 490 1583 ἄπεισιν
515 1558 556 1588 εἰς
580 1557 629 1593 τὴν
649 1558 701 1584 τῶν
715 1559 871 1593 Μαγγάνων
888 1568 933 1594 μο-

999 1579 1006 1586 .
1021 1556 1076 1584 νιι.
1093 1555 1159 1583 lude
1175 1555 1202 1582 in
1219 1555 1412 1590 Muuganorum
1427 1554 1622 1581 menasterium
1640 1553 1706 1586 abit,
1723 1552 1769 1581 ubi

151 1599 209 1634 νῆν,
226 1599 290 1626 ἐνυα
308 1601 412 1634 φθάσας
434 1602 447 1627 ὁ
461 1601 540 1635 λόγος
554 1601 690 1637 ἐδήλωσεν
715 1604 868 1641 ἐνβιδέσμῳ
885 1612 934 1638 φυ-

152 1646 221 1681 λακῇ
233 1645 278 1672 τὴν
294 1646 464 1682 πατριάρχην
484 1647 595 1674 Ἡσαΐαν
612 1647 757 1682 καθῆσθαι.
773 1648 873 1675 Τοῦτον
887 1648 933 1675 οὖν

153 1691 220 1726 ἄρας
238 1690 342 1717 ἐκεῖθεν
366 1692 413 1717 καὶ
441 1692 483 1726 ἐφ’
496 1692 526 1718 ἓν
543 1692 598 1719 τῶν
625 1693 771 1727 βασιλικῶν
786 1694 932 1730 ὀχημάτων

153 1735 330 1768 ἁναϐιδάσας,
343 1736 379 1767 ὡς
392 1734 447 1771 εἶχε
459 1737 512 1763 τῶν
524 1737 718 1772 ἐρυθροὸαφῶν
735 1740 930 1772 κοσμημάτων,

152 1781 191 1815 τῷ
209 1781 398 1818 πατριαρχικῷ
412 1782 502 1817 φέρων
518 1782 663 1809 ἀποδίδωσι
679 1782 766 1818 θρόνῳ
777 1791 783 1797 ·
802 1783 851 1809 οὐκ
872 1784 931 1809 επις

153 1827 262 1852 σκόπων
279 1827 359 1853 τινῶν
374 1827 434 1854 οὐδὲ
456 1828 649 1864 πρεσϐυτέριον
666 1827 867 1861 προοδευόντων
885 1831 933 1856 καὶ

153 1871 305 1905 ἑπομένων,
327 1871 384 1898 ἀλλ’
408 1872 532 1908 αὐλητῶν
545 1874 592 1900 καὶ
607 1873 773 1909 αὐλητρίδων
789 1875 836 1900 καὶ
851 1874 935 1910 ὀρχησ-

154 1917 224 1943 στῶν
239 1919 286 1944 καὶ
299 1918 483 1954 ὀρχηστρίδων
498 1920 547 1947 σὺν
573 1921 655 1955 ᾠδαῖς
682 1920 862 1956 χαρμοσύνοις
886 1921 935 1955 τὴν

153 1963 266 1998 πομπὴν
279 1965 447 1999 ποιουμένων
462 1966 579 2001 ἐκείνην.
596 1965 646 1994 *Ων
660 1967 709 2002 μία
720 1962 770 1999 etc,
787 1968 803 2002 ή
818 1967 936 2002 μάλιστα

152 2008 206 2034 τῶν
214 2007 301 2035 ἄλλων
309 2010 477 2044 αὐλητρίδων
488 2011 671 2048 δοκιμωτὰτη,
681 2013 765 2039 ἵππου
774 2014 801 2039 ἐν
814 2013 933 2048 ἀνδρικῷ

152 2051 191 2086 τῷ
209 2053 327 2087 σχήματι
340 2054 517 2081 ἑπιὸαίνουσα
528 2057 584 2087 τοῖς
601 2056 825 2092 στρατευομένοις
842 2056 934 2083 εἵπετο

155 2097 206 2131 μὲν
221 2098 268 2124 καὶ
281 2099 421 2133 πρότερον,
436 2100 529 2126 εἵπετο
542 2100 569 2127 δὲ
579 2101 625 2128 κιὶ
638 2101 685 2128 νῦν
701 2101 935 2136 προπομπεύουσά

153 2151 183 2169 τε
203 2144 240 2178 τῷ
263 2145 417 2181 πατριάρχῃ
434 2147 481 2172 καὶ
502 2147 561 2177 ταῖς
575 2148 704 2182 συνήθεσι
723 2148 770 2175 καὶ
793 2150 936 2183 πορνικαῖς

985 1601 1167 1638 patriarcltam
1185 1600 1282 1627 lsaiam
1300 1600 1326 1627 in
1351 1599 1475 1627 custodia
1495 1599 1612 1626 vinculis
1629 1598 1714 1626 libera
1730 1606 1770 1626 se-

986 1649 1052 1676 dere
1067 1647 1195 1674 diximus.
1209 1646 1295 1677 Quem
1312 1645 1375 1672 inde
1389 1644 1537 1671 abductum
1562 1648 1589 1671 et
1606 1643 1652 1670 uni
1668 1651 1702 1671 ex
1718 1643 1770 1670 im-

984 1691 1127 1727 peratoriis
1136 1691 1263 1718 curribus
1275 1690 1531 1725 impositum,425
1546 1694 1713 1721 ornamenta,
1729 1689 1766 1717 ita

984 1743 1014 1764 ut
1031 1741 1119 1771 erant,
1134 1737 1215 1763 rubra
1228 1735 1391 1770 praeferenti,
1408 1735 1434 1762 in
1447 1735 1656 1770 patriarchicum
1668 1735 1766 1762 solium

983 1782 1114 1815 restituit,
1128 1782 1210 1809 nullis
1225 1781 1361 1815 episcopis
1375 1785 1423 1807 aut
1440 1780 1607 1815 presbyteris
1627 1781 1768 1814 sequenti-

983 1829 1034 1856 bus
1048 1827 1344 1859 autanteccdentibus’;
1358 1826 1404 1853 sed
1420 1826 1578 1854 tibicinibus
1595 1829 1621 1853 et
1633 1825 1766 1859 tibicinis.

983 1873 1158 1911 senatoribus
1173 1877 1201 1900 et
1216 1872 1402 1899 saltatricibus
1417 1872 1612 1899 comitantibus
1624 1891 1631 1904 ,
1646 1879 1678 1899 ac
1699 1871 1769 1899 Itrtis

983 1919 1097 1947 canticis
1110 1927 1173 1947 eum
1190 1919 1430 1954 prosequentibus.
1443 1918 1562 1951 Quarum
1578 1918 1688 1952 quidem
1706 1918 1769 1945 tibi-

983 1966 1106 1993 cinarum
1120 1973 1172 1992 una
1185 1964 1375 2000 probatissima
1389 1964 1483 1991 habitu
1495 1964 1564 1990 virili
1575 1963 1726 1998 equitabat;
1740 1969 1769 1991 et

988 2012 1098 2043 milites,
1111 2017 1141 2038 υι
1157 2016 1249 2038 secuta
1262 2015 1341 2037 antea
1358 2010 1456 2041 fuerat,
1472 2010 1508 2036 ita
1524 2016 1587 2036 tunc
1603 2017 1711 2044 quoque
1725 2016 1769 2036 se-

988 2058 1139 2093 quebatur;
1162 2057 1342 2092 patriarcham
1366 2064 1431 2084 vero
1455 2057 1541 2091 ipsum
1563 2055 1766 2087 antecedebat.

989 2111 1069 2139 quem
1086 2103 1173 2130 solitis
1186 2108 1213 2130 et
1231 2102 1393 2130 meretriciis
1406 2103 1495 2138 nugis,
1512 2108 1578 2130 utet
1592 2107 1706 2130 caeteros
1722 2102 1767 2136 qui

990 2149 1113 2180 aderant,
1133 2149 1166 2176 ad
1184 2149 1342 2176 illiberalem
1361 2148 1446 2175 risum
1463 2148 1540 2175 facile
1556 2147 1731 2183 provocabat.

155 2191 299 2227 φλυαρίαις
321 2193 366 2219 τόν
382 2202 411 2219 τε
435 2194 618 2230 πατριάρχην,
641 2195 688 2221 καὶ
708 2196 764 2221 ὅσοι
778 2196 839 2222 τότε
855 2197 992 2231 παρῆσαν,
1010 2197 1049 2228 εἰς
1080 2197 1199 2230 γέλωτας
1233 2196 1355 2230 ἀσήμους
1371 2198 1458 2231 ῥᾷστα
1472 2194 1678 2230 παρασύρουσα.

191 2237 232 2264 H'.
248 2236 302 2264 Ἦν
317 2238 340 2265 δ’
361 2239 444 2265 ἕωθεν
472 2241 501 2271 ἐς
527 2241 645 2275 ἑσπέραν
665 2242 727 2268 ιδεῖν
751 2243 800 2277 τὴν
827 2243 932 2278 ἡμέραν

1023 2242 1089 2270 Vill.
1105 2242 1143 2269 Eo
1159 2242 1203 2269 die
1216 2250 1230 2269 a
1247 2249 1325 2268 mane
1339 2241 1372 2268 ad
1384 2249 1525 2275 vesperam
1536 2248 1630 2267 omnes
1642 2247 1707 2275 opes
1718 2240 1767 2267 do-

155 2284 262 2319 ἐκείνην
277 2283 430 2311 κενωθέντα
446 2285 492 2311 τὸν
505 2285 582 2312 ὄλϐον
597 2282 704 2314 ἅπαντα
719 2288 773 2314 τῶν
788 2289 869 2314 οῐκων
882 2288 935 2314 τῶν

154 2331 355 2365 λαμπροτάτων
371 2332 417 2357 καὶ
440 2331 552 2366 λείψανα
573 2333 622 2367 τὴν
638 2333 767 2369 ταχίστην
783 2334 936 2360 καταστάν-

151 2384 202 2409 ςιας
221 2377 319 2408 αὐτοὺς
342 2377 470 2412 ἐρειπίων
492 2379 539 2404 καὶ
562 2379 709 2413 δημοτικὸν
733 2379 862 2414 ἄθυρμα·
889 2379 936 2406 καὶ

153 2421 198 2457 [Ρ.
210 2421 273 2457 261]
293 2422 410 2456 μάλιστα
424 2423 532 2449 πάντων
543 2423 593 2458 τὴν
607 2423 653 2450 τοῦ
663 2424 781 2458 μεγάλου
794 2424 935 2457 λογοοέτου

153 2468 349 2503 λαμπροτάτην
365 2468 464 2501 οἰκίαν,
480 2469 527 2495 καὶ¹
552 2469 603 2496 ὅσα.
624 2470 679 2495 τῶν
691 2470 839 2505 χρημάτων
854 2469 882 2496 ἐν
901 2478 931 2496 τε

153 2515 185 2548 τῇ
201 2514 273 2549 οἰκίᾳ.
290 2515 475 2549 ὲταμιεύοντο,
493 2515 539 2541 καὶ
556 2515 605 2540 ὅσα
628 2515 733 2549 φθάσας
754 2517 807 2542 τισὶ.
818 2516 874 2542 τῶν
888 2515 933 2551 φίι

154 2559 207 2584 λων
221 2559 365 2594 παρέθετο.
393 2560 453 2586 Τῶν
468 2560 665 2596 γραμματείων
679 2561 732 2596 γὰρ
756 2562 933 2597 εὑρεθέντων,

154 2604 171 2630 ἃ
191 2605 254 2636 τοὺς
280 2606 424 2641 εἰληφότας
447 2606 539 2640 φίλους
567 2606 674 2642 ἐδήλου,
704 2607 831 2642 λαφύρων
854 2609 934 2644 μερὶς

154 2650 314 2687 ἐγεγένηντο
327 2653 416 2679 πάντα
431 2654 477 2679 καὶ
488 2652 563 2679 οὐδὲν
578 2652 632 2679 τῶν
640 2653 768 2680 ἁπάντων
782 2654 855 2688 αύτῷ
866 2663 936 2690 παρ-

153 2697 261 2734 ελείφθη
276 2707 282 2712 ·
305 2699 374 2726 ἀλλὰ
388 2699 421 2726 τὰ
437 2698 486 2734 μὲν
496 2699 535 2730 τίς
547 2699 577 2726 τὺ
600 2698 739 2734 βασιλικὸν
750 2701 935 2735 εἰσενήνεκται

987 2294 1094 2315 morum
1105 2287 1384 2322 splendidissimarum
1396 2286 1535 2313 exhauriri
1552 2285 1660 2320 etipsas
1671 2286 1767 2312 domos

987 2334 1024 2361 ita
1043 2333 1131 2361 statim
1151 2332 1224 2360 dirui
1239 2340 1271 2360 ac
1288 2332 1361 2367 vulgi
1378 2324 1525 2359 ludibrium
1543 2338 1602 2358 esse
1622 2339 1766 2362 cerneres,

986 2385 1016 2408 ut
1035 2380 1080 2407 vix
1099 2380 1197 2407 rudera
1214 2384 1390 2414 superessent
1409 2388 1415 2406 :
1436 2379 1462 2405 in
1479 2378 1575 2413 primis
1591 2377 1679 2412 magni
1693 2377 1768 2412 logo-

987 2426 1068 2453 theta:
1080 2425 1152 2453 aedes
1167 2425 1460 2460 magniticentissimas,
1477 2425 1503 2450 in
1519 2424 1620 2458 quibus
1633 2423 1765 2457 quidquid

985 2479 1067 2506 apum
1083 2471 1232 2506 repositum
1242 2475 1310 2502 erat,
1326 2470 1462 2504 direptum
1478 2473 1535 2501 est;
1553 2469 1617 2496 item
1631 2467 1765 2502 quidquid

983 2519 1028 2546 ille
1040 2519 1110 2553 apud
1126 2519 1258 2553 quosdam
1273 2519 1373 2545 amicos
1385 2518 1559 2552 deposuerat.
1573 2518 1681 2544 Litteris
1693 2518 1766 2543 enim

983 2565 1110 2599 repertis,
1138 2560 1246 2600 quibus
1269 2564 1448 2599 perscriptum
1476 2569 1535 2591 crat
1558 2564 1623 2598 quid
1651 2564 1767 2598 quisque

984 2611 1087 2638 amicus
1104 2612 1266 2645 accepisset.
1281 2610 1372 2637 omnia
1388 2610 1485 2645 prmda:
1501 2610 1629 2643 fuerunt;
1647 2617 1696 2637 nec
1711 2618 1767 2636 om.

985 2657 1059 2683 nium
1075 2664 1164 2684 rerum
1180 2657 1327 2691 quidquam
1342 2657 1366 2684 ei
1382 2661 1423 2683 est
1440 2656 1563 2683 relictum
1578 2665 1585 2682 :
1602 2656 1648 2683 sed
1667 2655 1718 2683 alia
1735 2656 1763 2682 in

984 2703 1078 2730 iiscum
1096 2704 1190 2736 relata,
1206 2703 1257 2730 alia
1273 2703 1398 2730 manibus
1413 2702 1485 2737 vulgi
1502 2702 1642 2729 distracta.
1660 2701 1698 2729 lta
1715 2708 1763 2728 su-

268 2789 272 2794 ,
821 2765 988 2795 variorum
1004 2771 1096 2797 noue.

187 2811 243 2847 {89)
271 2814 391 2850 Deipartc
413 2814 591 2851 Hodegetrix,
615 2820 643 2844 ut
676 2824 757 2852 supra
776 2817 837 2852 (col.
867 2819 929 2853 43:)

986 2827 1076 2847 UCASG.
