1915 3071
182 171 234 202 527
307 167 343 204 [Α.
366 175 394 195 u.
414 168 485 196 6856
502 176 535 196 AD
555 167 637 204 6849]

762 171 972 202 NICEPHOBI
991 172 1186 204 GREGOR/E

1321 169 1388 201 [ιαμ.
1409 176 1550 197 monente.
1581 169 1653 205 tum]

1751 170 1808 203 628

181 226 264 252 etiam
289 225 438 260 imperator
460 225 513 252 levi
538 225 657 260 quodam
683 229 711 252 et
735 226 848 254 tninime
875 226 969 254 lethali

1027 236 1077 259 τοις
1093 228 1140 253 καὶ
1155 229 1168 254 ὀ
1186 225 1312 263 βασιλεὺς
1329 227 1426 261 ἅτερον
1444 227 1501 253 τοῖν
1516 226 1608 252 ποδοῖν
1623 225 1735 262 ἐλαφρῷ
1750 233 1806 253 τινι

181 271 288 306 sagitta:
307 272 362 298 ictu
379 271 494 299 alterum
511 271 606 305 pedem
624 272 784 299 vulneratus
798 276 850 300 est.

216 316 260 344 ill.
282 317 319 344 Ea
334 322 416 345 nocte
431 317 619 352 spectaculum
637 317 792 345 miserabile
809 323 835 344 et
855 317 968 345 evidens

183 364 230 390 ira:
255 364 356 391 divinae
375 363 484 398 signum
508 364 622 391 exstitit.
653 363 719 391 Nam
745 364 893 397 Barbarus.
921 364 967 398 qui

183 410 368 437 Romanorum
395 414 563 436 armaturam
584 415 612 436 et
637 410 744 437 virilem
768 410 795 437 in
821 411 968 446 pugnando

182 454 363 482 constantiam
378 454 485 481 viderat
507 459 535 481 et
558 454 709 482 admiratus
731 455 830 487 fuerat,
851 462 899 482 eos
914 463 966 482 nou

183 501 337 536 quieturos,
350 500 397 527 sed
409 500 542 534 postridie
553 500 662 535 longius
674 508 868 535 progressurOS
881 505 967 531 ratus.

183 546 315 573 trecentis
338 545 480 580 equitibus
498 545 657 580 speculandi
681 545 766 580 gratia
794 545 831 572 ibi
854 545 966 577 relictis,

183 592 243 627 ipse
271 599 332 618 cum
358 591 431 618 omni
457 591 581 617 exercitu
605 591 726 625 perrexit
743 591 858 619 ulterius
871 591 904 619 ad
921 599 955 626 op

183 642 315 671 portuuas
333 637 391 664 vias
411 636 595 671 occupandas.
614 636 704 672 Atque
734 637 769 664 ita
789 637 898 672 quidem
923 637 968 664 ille

184 682 319 710 discessit.
338 675 488 718 Imperator
509 690 577 710 vero
601 683 762 717 oppidulum
787 683 967 711 Philocrencn

185 727 326 762 ingressus
352 732 394 754 est
416 727 531 754 curandi
550 726 672 754 vulneris
694 728 791 762 gratia.
817 727 894 760 Quod
914 727 969 754 Ro-

184 773 257 800 mani
282 772 384 800 milites
410 779 472 800 cum
496 773 767 806 animadvertissent,
792 781 842 801 nec
859 781 967 801 causam

185 819 254 846 satis
268 824 343 846 certo
354 818 469 851 scirent,
482 826 545 846 eum
560 827 616 854 prae
628 825 701 846 metu
719 819 812 854 fugere
827 824 968 854 putarunt.

184 863 271 892 Noctu
286 864 360 891 enim
382 863 538 892 Orehanem
549 873 611 893 cutn
625 873 722 901 magno
737 865 858 893 exercitu
872 865 966 897 εσσε-ο,

1020 270 1095 309 βέλει
1114 273 1163 300 καὶ
1177 274 1206 300 οὑ
1223 273 1295 308 μάλα
1309 274 1419 309 καιρίῳ.

1055 321 1093 348 I".
1113 320 1157 347 Ἑν
1177 320 1263 356 ταύτῃ
1278 319 1306 346 δὲ
1322 321 1355 355 τῇ
1368 319 1448 346 νυκτὶ
1458 319 1562 353 γίνεται
1575 327 1602 345 τι
1615 317 1708 353 θέαμα
1721 318 1811 345 ἐλεει-

1019 366 1066 392 νὶιν
1083 366 1130 392 καὶ
1146 365 1288 400 προφανής
1302 373 1344 396 τις
1362 363 1504 399 θεομηνία.
1523 363 1603 390 Ἐπεὶ
1627 363 1683 397 γὰρ
1707 364 1722 389 ὁ
1737 363 1810 397 βάρ-

1020 412 1102 447 ϐαρος
1120 411 1304 444 ἐτεθαυμάκει
1330 410 1497 444 θεασάμενος
1519 409 1574 436 τῶν
1595 408 1740 444 Ῥωμαίων
1755 409 1809 442 τήν

1019 466 1048 484 τε
1073 457 1180 484 ὅπλισιν
1196 457 1244 483 καὶ
1267 456 1316 490 τὴν
1343 454 1475 490 ἀνδρικὴν
1512 455 1648 487 ἔνστασιν,
1683 454 1813 488 ἐνόμισεν

1019 503 1049 529 οὐ
1069 503 1150 538 μέχρι
1164 502 1261 528 τούτου
1288 501 1383 536 στῆναι
1398 500 1525 536 θελήσειν
1541 500 1651 532 αὐτοὺς,
1668 499 1738 527 ἀλλὰ
1758 500 1809 525 καὶ

1020 549 1050 580 ἐς
1080 549 1115 574 τὰ
1141 548 1235 583 πρόσω
1265 547 1365 582 χωρεῖν
1392 546 1421 578 ἐς
1464 547 1513 578 τὴν
1537 545 1693 580 ὑστεραίαν.
1727 544 1813 570 Ὅθεν

1019 593 1191 628 τριακοσίους
1209 593 1268 619 ἐκεῖ
1283 591 1484 622 καταλελοιπὼς
1500 590 1601 622 ἱππέας
1625 589 1744 624 θεωρίας
1768 589 1813 615 εῖ-

1020 648 1096 671 νεκα,
1109 639 1188 670 αὐτὸς
1205 638 1255 674 τὴν
1269 638 1333 672 ὅλην
1361 636 1504 665 ἀναλαϐὼν
1539 635 1669 670 στρατιὰν
1692 634 1812 670 ἠλαυνεν

1024 683 1052 712 ἐς
1068 682 1102 708 τὰ
1127 682 1234 718 πρόσω,
1248 681 1374 708 σπεύδων
1390 680 1609 716 προκαταλαϐεῖν
1622 679 1657 706 τὰ
1670 679 1724 705 τῶν
1741 678 1814 705 ὁδῶν

1020 727 1196 763 καιριώτερα.
1217 728 1334 758 Ἐκεῖνος
1352 727 1402 763 μὲν
1417 727 1464 754 οὖν
1478 727 1564 758 οὕτως
1577 725 1662 762 ᾤχετο
1673 725 1783 752 ἀπιών·
1798 727 1813 752 ὁ

1020 773 1047 799 δὲ
1065 773 1189 807 βασιλεὺς
1205 773 1234 804 ἐς
1249 772 1279 798 τὸ
1298 772 1346 806 τῆς
1370 772 1541 807 Φιλοκρήνης
1563 770 1648 806 εἰσῄει
1671 770 1812 805 πολίχνιον

1021 818 1167 854 θεραπείας
1182 818 1276 845 εἵνεκα
1301 818 1348 844 τοῦ
1372 817 1460 848 ποδός.
1477 818 1566 852 Ὅπερ
1581 818 1595 843 ὸ
1613 817 1728 852 στρατὸς
1746 816 1813 843 (lea-

1022 865 1133 898 σάμενοι
1152 864 1206 890 τῶν
1229 863 1376 898 Ῥωμαίων
1399 863 1447 890 καὶ
1476 863 1576 897 ἥκιστα
1607 862 1736 896 καθαρῶς
1758 862 1811 896 τὴν

185 917 275 945 neque
300 917 466 946 quemquam
494 911 679 939 Romanorum
703 912 806 939 salvum
821 919 966 939 evasurum

1027 910 1108 936 ιῐτίαν
1122 909 1309 945 μεμαθηκότες
1333 908 1444 943 φεύγειν
1463 909 1592 943 ἐνόμισαν
1627 907 1679 935 ὑπὸ
1706 907 1812 939 δειλίας

184 953 267 990 ωδ
290 962 321 982 ac
340 955 425 982 solem
452 956 584 990 postridie
607 956 781 990 iutuiturqm.
806 958 900 992 itaque
921 957 967 992 qui

186 1000 328 1027 naviculas
351 1008 443 1028 secum
469 996 630 1034 attulerant,
656 1002 775 1035 nudigin
794 1002 860 1037 ipsis
883 1002 969 1037 fugie—

186 1045 265 1073 bant.
293 1046 346 1074 Alii
374 1046 540 1075 festinantes
565 1052 628 1075 ante
653 1053 745 1082 portas
763 1047 885 1083 oppiduli
910 1056 969 1076 sese

185 1096 282 1118 mutuo
300 1092 425 1127 plerique
443 1092 643 1120 conculcabsul
667 1098 694 1120 et
720 1093 900 1121 suﬂ‘ocabant.
919 1093 969 1120 Alii

185 1142 289 1164 catena:
303 1137 389 1165 illSlal'
409 1146 442 1166 ex
459 1145 489 1165 se
511 1138 630 1166 invicem
648 1139 710 1166 nexi
726 1146 758 1166 ac
771 1140 896 1174 suspensi
910 1147 971 1174 par-

186 1183 236 1210 tim
259 1184 285 1210 in
302 1184 507 1219 propugnacula
529 1184 693 1216 evadebant,
714 1185 811 1220 partim
825 1193 839 1212 a
855 1192 971 1219 sequen-

187 1228 262 1256 tibus
285 1228 402 1256 detracti
426 1233 455 1256 et
469 1230 559 1256 eversi
576 1237 639 1257 casu
666 1230 866 1258 moriebantur.
886 1230 978 1259 Erant.

185 1274 268 1301 etiam
296 1275 342 1309 qui
356 1275 415 1302 solo
442 1275 539 1302 timore
563 1275 712 1302 exanimati
734 1280 839 1303 stantes
852 1276 972 1310 cast-ira-

187 1324 259 1347 rent.
278 1319 355 1347 Mane
370 1327 436 1347 vero
451 1321 542 1347 statim
564 1321 621 1348 sole
641 1327 702 1349 orto
721 1322 837 1349 trecenti
858 1321 896 1348 illi
912 1321 973 1348 Bar-

187 1365 248 1393 bari
270 1365 461 1393 incredibilem
484 1374 544 1394 eam
565 1367 752 1395 Romanorum
776 1367 879 1395 cladem
905 1375 972 1395 coa-

187 1412 285 1446 spicati
302 1413 526 1446 progrediuntur,
541 1417 640 1440 etcum
659 1414 686 1440 in
703 1413 803 1441 castris
817 1421 914 1449 equos,
931 1423 974 1442 ar-

189 1465 243 1491 ma,
268 1466 352 1485 vacua
373 1459 531 1486 hominibus
547 1459 675 1492 tentoria,
694 1457 885 1495 imperatorios
909 1461 974 1489 item

189 1511 276 1538 equos
293 1512 355 1532 cum
372 1505 553 1532 rttbris‘sellis
570 1511 597 1533 et
615 1506 822 1540 imperatorium
846 1507 975 1534 taberna-

1020 956 1110 982 αὐτόν.
1124 955 1240 981 Μέλλειν
1252 954 1305 990 γὰρ
1323 954 1510 981 ἐπικείσεσθαι
1534 954 1640 985 τούτοις
1654 954 1751 984 νυκτὸς
1763 953 1812 980 τὶν

1022 1001 1155 1035 Ὂρχανον
1168 1001 1235 1036 μετὰ
1251 1000 1323 1035 μάλα
1342 999 1440 1026 πολλοῦ
1455 999 1502 1026 τοῦ
1520 999 1635 1035 στρατοῦ
1648 999 1695 1026 καὶ
1707 998 1811 1034 μηδένα

1020 1047 1109 1080 ζῶντα
1128 1047 1269 1082 Ῥωμαίων
1292 1046 1335 1083 ίΡ.
1355 1046 1421 1082 268]
1452 1046 1621 1078 καταλιπεῖν,
1634 1045 1679 1072 τὸν
1707 1046 1736 1074 ἐς
1760 1043 1810 1079 τὴν

1021 1095 1166 1128 ὑστεραίαν
1184 1094 1333 1121 θεάσασθαι
1344 1093 1431 1128 ἥλιον.
1451 1093 1534 1119 Ὅθεν
1550 1093 1607 1118 ὅσοι
1627 1091 1676 1126 μὲν
1705 1091 1809 1117 ἀκάτια

1021 1138 1196 1173 ἐπεφέροντο,
1222 1137 1323 1172 ᾣχοντο
1349 1137 1495 1172 φεύγοντες
1521 1136 1620 1171 γυμνοὶ
1644 1135 1678 1162 δι’
1705 1135 1810 1162 αὐτῶν.

1021 1185 1053 1210 οι
1070 1184 1098 1209 δὲ
1110 1183 1272 1215 σπεύδοντες
1287 1183 1342 1218 πρὸ
1360 1183 1414 1209 τῶν
1427 1182 1518 1208 πυλῶν
1532 1182 1579 1208 τοῦ
1603 1181 1742 1215 πολιχνίου
1757 1189 1810 1207 κα-

1021 1231 1212 1265 τεπατήθησαν
1227 1229 1272 1257 ὑπ’
1287 1229 1408 1264 ἀλλήλων
1423 1230 1447 1255 οί
1464 1228 1572 1257 πλείους
1592 1228 1640 1254 καὶ
1655 1226 1815 1260 ἀπεπνίγη-

1025 1284 1091 1302 σαν·
1108 1275 1183 1302 ἄλλοι
1200 1274 1221 1301 δ’
1241 1275 1364 1314 ἀλλήλων
1392 1274 1578 1310 ὲξαρτῶμενοι
1603 1273 1681 1307 δίκην
1705 1273 1813 1305 σειρᾶς,

1023 1323 1047 1349 ol
1070 1323 1118 1357 μὲν
1135 1322 1248 1349 διὰ,τὼν
1261 1322 1402 1355 ἐπάλξεων
1424 1321 1586 1357 εἰσεπήδων,
1600 1321 1626 1346 οι
1637 1320 1665 1346 δὲ
1676 1319 1812 1346 ἀποσπώ-

1028 1376 1104 1402 μενοι
1120 1368 1189 1403 πρὸς
1203 1369 1257 1394 τῶν
1274 1368 1386 1395 ὄπισθεν
1405 1367 1598 1402 ἐφελκομένων
1627 1365 1815 1398 ἀνετρέποντὸ

1025 1423 1055 1440 τε
1070 1414 1117 1440 καὶ
1134 1413 1266 1449 ἔθνησκον
1283 1413 1439 1445 πίπτοντες.
1451 1411 1542 1439 Ἦσαν
1555 1412 1578 1439 δ’
1594 1411 1619 1438 οῖ
1633 1411 1681 1438 καὶ
1697 1411 1750 1437 ὑπὸ
1765 1411 1816 1446 μό-

1027 1469 1077 1495 νης
1103 1459 1204 1492 δειλίας
1225 1460 1369 1495 ἀπέψυξαν
1396 1460 1548 1495 ἱστάμενοι.
1566 1459 1647 1494 Ἀρτι
1665 1458 1692 1484 δὲ
1720 1458 1771 1484 καὶ
1799 1458 1815 1483 6

1026 1507 1102 1542 ἥλιος
1118 1506 1240 1542 ὑπερϐὰς
1256 1506 1302 1532 τὸν
1328 1505 1454 1540 ὁρίζοντα
1479 1505 1636 1540 ἡρμήνευσε
1653 1503 1711 1533 τοῖς
1735 1511 1814 1536 τριαα

188 1552 281 1578 culum
300 1552 434 1585 viderent,
450 1552 561 1579 ducenti
580 1560 612 1579 et
628 1552 661 1580 iis
682 1553 724 1580 his
741 1553 870 1581 omnibus
893 1554 972 1581 abre-

1029 1552 1131 1584 κοσίοις
1142 1553 1256 1583 ἐκείνοις
1270 1552 1417 1588 βαρϐάροις
1431 1551 1611 1595 τὴνξῖᾰπιστον
1624 1549 1733 1584 ἐκείνην
1744 1557 1814 1583 συμ-

187 1598 243 1632 ptis
266 1598 377 1625 abeunt.
407 1598 514 1633 Reliqui
535 1603 647 1626 centum
678 1600 792 1634 propius
817 1607 971 1633 accessere,

188 1649 216 1671 et
229 1651 276 1671 eos
290 1645 338 1679 qui
356 1652 445 1679 neque
460 1645 486 1671 in
502 1643 643 1672 naviculas
661 1652 748 1679 neque
767 1644 793 1672 in
812 1646 972 1680 oppidulum

189 1689 368 1724 confugerant
387 1690 577 1725 frequentibus
592 1690 652 1717 telis
670 1690 850 1718 confixerunt.
906 1685 910 1692 “

1029 1599 1115 1634 φορὰν
1130 1598 1177 1625 τοῦ
1209 1598 1364 1634 Ῥωμαϊκοῦ
1380 1592 1513 1633 στρατοῦ·
1530 1597 1577 1623 καὶ
1591 1594 1810 1629 προσελάσαντες

1029 1647 1077 1673 καὶ
1097 1646 1261 1681 θεασάμενοι
1292 1646 1460 1680 προκείμενα
1485 1643 1560 1679 παρὰ
1574 1643 1605 1668 τὸ
1631 1640 1816 1676 στρατόπεδον

1030 1693 1130 1722 ἵππους
1142 1693 1189 1719 καὶ
1206 1692 1275 1718 ὅπλα
1305 1692 1353 1718 καὶ
1371 1690 1475 1725 σκηνὰς
1491 1689 1595 1723 ἀνδρῶν
1623 1687 1716 1718 κενὰς,
1745 1686 1816 1721 πρὶς

189 1735 218 1762 δὲ
242 1736 348 1767 τούτοις
376 1737 423 1762 καὶ
439 1735 502 1766 τοὺς
531 1736 611 1771 βασιλ
624 1737 687 1767 κοῦς
709 1737 808 1768 ἵππους
844 1737 914 1772 μετὰ
951 1739 1006 1764 τῶν
1029 1738 1150 1774 ἐρυθρῶν
1176 1737 1340 1772 ἑφεστρίδων
1365 1737 1413 1763 καὶ
1441 1735 1491 1770 τὴν
1524 1733 1670 1770 βασιλικὴν
1696 1732 1815 1768 σκηνὴν,

189 1780 298 1808 ἅπαντα
315 1781 445 1813 λαϐόντες
456 1781 481 1807 οί
495 1781 628 1809 διακόσιοι
638 1783 774 1818 ἀπῄεσαν.
792 1784 822 1809 Ol
836 1783 857 1809 δ’
893 1783 991 1810 ἑκατὸν
1011 1785 1096 1819 ἐγγὺς
1105 1784 1248 1820 γενόμενοι
1262 1783 1370 1814 πολλοῖς
1401 1783 1562 1818 κατέπειρον
1575 1781 1693 1817 βέλεσιν,
1704 1780 1762 1806 ὅσοι
1778 1779 1818 1815 μὴ

190 1826 314 1862 ἔφθησαν
346 1827 409 1863 μήτ’
437 1829 464 1859 ἐς
492 1828 604 1860 ἀκάτια,
632 1829 695 1864 μήτ’
720 1830 748 1861 ἐς
779 1829 810 1856 τὸ
834 1829 973 1864 πολίχνιω
993 1831 1106 1864 ἑαυτοὺς
1121 1831 1296 1866 ἐμϐαλόντες.

226 1874 269 1901 IV.
296 1874 447 1908 Imperator
473 1881 540 1901 vero
558 1874 602 1901 his
626 1875 692 1902 visis
709 1882 772 1902 cum
798 1875 866 1902 nihil
892 1883 974 1911 agere

190 1925 279 1953 posse!
298 1927 347 1946 nec
363 1919 445 1945 ullam
453 1924 568 1958 ‘tempus
581 1921 815 1955 opportunitatem
830 1921 976 1956 prteberet,

191 1973 341 1992 conscensa
357 1971 384 1992 et
399 1966 455 2000 ipse
471 1966 531 1993 navi
549 1966 709 2001 Byzantium
730 1966 822 1994 rediit.
838 1967 976 1995 Cazterum

191 2011 236 2038 ille
260 2019 361 2046 auceps
385 2011 527 2050 haesitabat
542 2017 569 2039 et
586 2019 679 2040 secum
703 2011 784 2040 tacite
809 2013 977 2048 ambigebat,

191 2065 272 2092 quam
299 2058 335 2085 ob
357 2066 468 2085 causam
487 2058 543 2085 Deo
568 2058 637 2085 irato
661 2058 801 2086 Romanus
829 2059 978 2093 exercitus,

191 2111 254 2130 eum
271 2112 353 2131 nemo
377 2112 410 2131 ex
441 2105 567 2131 hostibus
595 2109 820 2140 persequeretur,
847 2105 979 2144 temporis

193 2155 335 2177 momento
353 2151 390 2177 ita
407 2156 479 2178 esset
494 2151 664 2186 prolligatus.
685 2151 806 2178 Tandem
825 2156 885 2186 post
907 2151 979 2178 mul-

195 2200 236 2222 tas
254 2195 442 2222 dubitationes
464 2202 526 2222 cum
546 2196 598 2222 alia
616 2196 746 2231 plurima,
772 2201 827 2223 tum
853 2196 878 2223 id
905 2195 978 2230 quod

194 2242 385 2276 gravissimum
408 2246 466 2268 erat
477 2241 682 2272 animadvertit,
699 2242 813 2276 publica:
826 2242 980 2277 disciplina:

1061 1882 1099 1906 A'.
1127 1877 1220 1905 Ταῦτα
1252 1876 1421 1911 θεασάμενος
1448 1875 1496 1901 ’καὶ
1524 1875 1538 1901 ό
1559 1872 1685 1908 βασιλεὺς
1712 1872 1761 1898 καὶ
1777 1871 1818 1906 μὴ

1026 1925 1096 1959 ἔχων
1123 1924 1137 1950 ὃ
1153 1932 1179 1950 τι
1199 1923 1247 1950 καλ⁸
1265 1922 1386 1957 δράσειε,
1401 1920 1449 1955 τῆς
1461 1919 1650 1954 περιστάσεως
1676 1916 1754 1943 οὐδὲν
1769 1916 1816 1943 οὐ·

1026 1971 1101 2005 δα,μῆ
1118 1969 1292 2005 χορηγούσης
1311 1967 1479 2005 εὐμήχανον)
1509 1966 1538 1996 ἐς
1550 1964 1642 1991 πλοῖον
1664 1963 1754 1998 ἐμϐὰς
1767 1963 1816 1989 καὶ

1027 2002 1233 2049 (semesam-ﬁat
1249 2002 1316 2049 πρὸς
1333 2013 1362 2039 τὸ
1389 2002 1546 2043 Βυζάντιον.
1572 2010 1702 2044 Διηπόρει
1719 2008 1740 2034 δ’
1768 2005 1816 2034 οὖν

1028 2062 1102 2096 ὅμως
1128 2059 1191 2087 καθ’
1205 2059 1301 2086 ἑαυτὸν
1317 2058 1501 2093 γνωσιμαχῶν
1525 2058 1572 2083 καὶ
1593 2055 1682 2090 ζητῶν
1695 2055 1745 2089 τὴν
1764 2055 1815 2089 τῆς

1029 2107 1176 2142 θεομηνίας
1194 2105 1295 2136 αἰτίαν,
1315 2104 1349 2131 δι’
1366 2104 1399 2139 ἢν
1420 2104 1449 2130 τὸ
1462 2102 1516 2129 τῶν
1536 2101 1682 2136 Ῥωμαίων
1699 2100 1816 2135 στρατὸο

1029 2153 1110 2180 πεδον
1125 2152 1213 2184 οὕτως
1240 2153 1269 2178 ἐν
1295 2152 1394 2186 ἀκαρεῖ
1415 2149 1589 2184 διέφθαρται,
1616 2147 1731 2183 μηδενὸς
1760 2146 1816 2173 τῶν

1030 2198 1167 2233 πολεμίων
1179 2197 1333 2228 διώκοντος.
1347 2196 1452 2230 Συνῆκε
1471 2195 1494 2222 δ’
1510 2195 1559 2231 ὀψὲ
1569 2193 1617 2221 καὶ
1633 2193 1746 2220 πλεῖστα
1766 2193 1816 2227 μὲν

1029 2245 1122 2280 ἔτερα,
1137 2243 1314 2278 καιριώτερον
1333 2243 1356 2269 δ’
1374 2240 1446 2282 εἶναι
1458 2241 1488 2268 τὸ
1501 2241 1556 2267 τῶν
1568 2238 1715 2266 πολιτικῶν
1726 2246 1818 2273 πραγ-

195 2287 426 2322 perturbationem
449 2287 511 2314 dico
523 2292 551 2314 et
573 2295 730 2321 perversum
743 2295 846 2315 morem
861 2287 972 2323 judicio-

1033 2292 1126 2327 μάτων
1140 2290 1314 2325 ἀστάθμητον
1341 2280 1389 2316 καὶ
1405 2289 1435 2315 τὸ
1450 2289 1516 2322 περὶ
1539 2287 1588 2318 τὰς
1611 2286 1689 2316 δίκας
1707 2285 1818 2318 νόσημα

195 2341 255 2359 rttnt
289 2340 297 2360 :
320 2333 366 2367 qui
395 2333 507 2368 quidem
533 2332 645 2360 morbus
668 2334 722 2361 late
745 2333 861 2361 diffusus
876 2339 903 2360 et
921 2334 980 2368 ipso

195 2379 328 2413 temporis
351 2378 427 2413 lapsu
455 2379 623 2406 inveteratus
639 2387 764 2415 magnam
791 2381 980 2408 confusionem

193 2432 224 2451 ac
241 2424 321 2460 437
341 2425 457 2452 multum
483 2424 639 2451 detrimenti
661 2425 819 2459 reipublica:
837 2425 979 2454 afferebat.

193 2471 302 2498 Etenim
315 2470 415 2502 m0rhi,
430 2469 478 2505 qui
495 2477 528 2496 ex
546 2470 617 2497 malo
634 2462 728 2506 aliquo
741 2472 865 2506 corporis
885 2471 979 2498 habitu

192 2518 331 2549 oriuntur,
355 2524 457 2551 paucos
475 2517 618 2548 invadunt,
641 2525 692 2545 neo
715 2518 823 2552 publice
836 2522 979 2552 vagantur.

193 2565 264 2591 Aere
279 2568 370 2591 autem
398 2564 500 2591 infecto
523 2571 629 2597 omnes,
645 2565 691 2599 qui
707 2564 835 2591 eumdem
855 2568 883 2591 et
904 2571 980 2591 com-

195 2618 305 2639 munem
328 2617 420 2638 aerem
448 2611 632 2646 participant,
665 2611 751 2645 ipsius
776 2611 858 2638 etiam
892 2609 981 2637 morbi

193 2656 341 2691 participes
364 2655 422 2683 ﬁeri
449 2664 562 2684 necesse
587 2660 639 2684 est.
664 2656 794 2683 Eamdem
819 2659 910 2682 autem
936 2655 982 2682 ille

190 2701 330 2729 rationem
348 2709 409 2729 esse
432 2702 523 2729 aiebat
539 2702 708 2736 privatorum
721 2701 845 2728 omnium
868 2700 983 2728 delicto-

195 2753 265 2777 rum,
279 2746 302 2773 si
316 2754 377 2774 cum
392 2747 494 2781 iniquis
508 2746 621 2782 iudiciis
635 2746 838 2774 conferrentur.

215 2790 263 2818 'V.
285 2791 404 2819 Proinde
419 2799 474 2819 non
497 2793 592 2821 multis
610 2797 672 2828 post
687 2792 786 2820 diebus
814 2791 911 2820 Isaiam
932 2800 983 2828 pa-

196 2836 345 2864 triarcham
368 2838 498 2866 convenit
523 2847 530 2865 z
553 2845 585 2866 ac
600 2839 719 2874 primum
736 2838 762 2867 ei
784 2844 901 2867 conatur
917 2846 982 2874 per-

196 2881 323 2917 suadere,
341 2887 370 2912 ut
394 2885 464 2914 iram
491 2885 623 2916 adversus
646 2886 791 2924 episcopos
817 2886 937 2922 deponat
954 2890 983 2916 et

1029 2337 1164 2371 πολύχουν
1179 2335 1210 2363 ὃν
1232 2336 1278 2362 καὶ
1304 2334 1430 2361 δυσίατον
1450 2334 1494 2360 διὰ
1508 2332 1557 2368 τὴν
1586 2333 1619 2359 ὲκ
1641 2330 1688 2357 τοῦ
1715 2330 1814 2365 χρόνου

1029 2382 1252 2418 προσγενομένην
1272 2382 1330 2414 ἕξιν
1358 2380 1434 2415 αὐτῷ
1457 2380 1505 2406 καλ⁵
1528 2378 1629 2411 πολλὴν
1652 2376 1757 2409 ὲπάγον
1774 2374 1815 2410 τῷ

1029 2429 1111 2464 κοινῷ
1122 2428 1177 2455 τῶν
1193 2428 1362 2463 πραγμάτων
1388 2427 1436 2462 τὴν
1469 2425 1600 2460 σύγχυσιν
1629 2422 1675 2450 καὶ
1698 2421 1813 2456 ζημίαν.

1030 2476 1135 2510 Ὥσπερ
1147 2474 1202 2509 γὰρ
1218 2474 1253 2501 τὰ
1266 2474 1297 2500 ἐκ
1322 2481 1394 2504 τινος
1408 2471 1538 2507 καχεξίας
1560 2468 1721 2505 σωματικῆς
1749 2467 1813 2502 ἐπι-

1030 2519 1212 2554 συμϐαίνοντα
1221 2519 1360 2554 νοσήματα
1374 2518 1430 2548 τοῖς
1446 2516 1598 2552 ἀνθρώποις
1616 2513 1738 2544 σπανίοις
1753 2513 1816 2539 ἐπλ-

1031 2565 1176 2600 συμϐαίνει
1192 2566 1239 2592 καὶ
1255 2566 1305 2591 οὐκ
1323 2565 1352 2596 ἐς
1368 2564 1398 2590 τὸ
1419 2563 1508 2590 κοινὸν
1529 2562 1579 2597 τὴν
1593 2560 1718 2588 διάϐασιν
1730 2558 1814 2593 ῐσχει,

1029 2610 1077 2637 τοῦ
1091 2611 1114 2637 δ’
1124 2611 1209 2646 ἀέρος-
1219 2611 1383 2645 νοσήσαντος
1397 2609 1505 2643 ἀνάγκη
1523 2607 1660 2634 κοινωνεῖν
1676 2604 1724 2632 τοῦ
1733 2605 1816 2638 νοσή-

1032 2665 1118 2692 ματος
1138 2656 1272 2688 ἆπαντας,
1288 2657 1345 2683 ὅσοι
1360 2655 1408 2682 τοῦ
1426 2655 1510 2682 αὑτοῦ
1525 2654 1602 2688 κοινῇ
1619 2651 1818 2688 μετειλήφασιν

1031 2700 1126 2737 ἀέρος,
1152 2701 1240 2734 οὓτως
1255 2702 1327 2737 ἔχειν
1344 2702 1447 2736 ἔφασκε
1457 2701 1492 2727 τὰ
1508 2699 1609 2735 μερικὰ
1625 2697 1704 2724 πάντ’
1719 2695 1818 2730 ἀδική-

1032 2757 1105 2783 ματα
1122 2748 1190 2784 πρὸς
1201 2748 1232 2775 τδ
1247 2749 1311 2784 περὶ
1320 2749 1369 2779 τὰς
1385 2748 1490 2783 κρίσεις
1500 2747 1652 2781 γινόμενον.

1066 2792 1105 2822 E’.
1122 2794 1205 2821 Ὅθεν
1237 2795 1296 2830 μετ’
1315 2795 1345 2822 οὐ
1367 2795 1466 2826 πολλὰς
1492 2795 1542 2825 τὰς
1567 2793 1675 2828 ἡμέρας
1705 2789 1817 2817 ἄπεισιν

1031 2840 1060 2872 ἐς
1081 2839 1128 2867 τδν
1141 2840 1316 2877 πατριάρχην
1331 2841 1446 2868 Ἠσαίαν
1457 2847 1464 2855 ·
1474 2840 1522 2867 καὶ
1537 2839 1634 2875 πρῶτα
1648 2837 1700 2873 μὲν
1709 2835 1818 2863 πείθειν

1029 2885 1124 2913 τοῦτον
1142 2885 1291 2914 ἀποθέσθαι
1305 2887 1439 2923 ἐπιχειρεῖ
1454 2886 1499 2913 τὴν
1518 2886 1587 2922 πρὸς
1615 2887 1676 2917 τοὶς
1695 2883 1811 2911 ἐπισκό-
