1915 3071
132 163 183 197 ou
258 162 296 199 ιι.
368 163 433 191 ιδεε
453 164 588 201 tutati]

644 167 864 199 BYZANTINJ!
884 168 1076 198 IlISTORI/E
1095 168 1166 199 LIB.
1187 169 1241 198 lx-

1293 166 1359 201 [tum
1379 172 1510 193 axunomc
1541 165 1612 202 JUN.]
1702 167 1756 198 6ίὲ

134 231 196 257 ρους
211 223 258 249 καὶ
275 223 533 258 κατωφρυωμὲνους
547 223 767 256 δραστικώτατον
783 225 857 257 εδοξε
874 225 911 251 κα¹

971 233 1032 260 qua:
1046 228 1078 252 ad
1091 227 1274 253 inconsultam
1290 234 1338 254 eos
1351 226 1534 254 temeritatem
1548 226 1665 260 impellit
1680 231 1707 254 et
1721 225 1756 254 ad

131 268 350 303 ανυσιμώτατον,
377 269 544 303 προπέτειαν
570 269 772 304 ἀπερίσκεπτον
797 270 918 304 ὑφηγού-

133 321 214 347 μενον
231 313 279 338 καὶ
291 313 435 348 πρόχειρον
450 314 478 345 ὲς
501 314 574 340 ἆπαν
592 314 653 340 καθ’
677 316 787 342 ᾶπαντα
811 315 916 349 χρόνον,

131 360 192 386 εἵτί
207 368 258 386 που
281 361 337 391 τοῖς
352 359 465 393 κούφοις
479 361 569 387 αὐτῶν
592 361 732 395 λογισμοῖς
753 361 919 396 ἐπιφύεται.

133 407 203 442 up»;
217 408 266 442 μὲν
288 407 321 442 δὴ
338 407 441 437 ταύτας
466 407 617 440 ἀντιλέγειν
632 409 678 434 καὶ
705 408 870 442 ἀπελέγχειν
893 409 917 434 οἰ

131 454 252 479 πλεῖστοι
281 452 337 479 τῶν
352 453 438 487 φίλων
463 453 668 488 προὺτρὲποντό
692 463 736 488 με·
769 454 818 480 οὐκ
846 453 916 487 οἶδα,

128 500 177 526 εἴτ’
189 499 240 533 ἁμὲ
257 498 414 534 βασανίζειν
435 499 587 531 ὶθέλοντες,
606 499 701 535 ὥσπερ
725 501 788 531 τοὺς
803 500 918 535 ἁμιλλη-

128 545 242 580 τηρίους
255 545 309 572 τῶν
330 545 422 573 ῐππων
436 546 465 571 ὲν
478 546 617 580 διαφόροις
636 546 737 578 πεδίοις
757 547 915 578 ἐλαύνοντες

128 590 153 616 οἰ
168 584 285 626 δρόμων
302 590 480 625 Ὀλυμπικῶν
493 591 620 626 ἀθληταὶ,
640 592 689 618 εἷθ’
706 593 814 623 ἑαυτοῖς
834 593 916 627 μέρος

127 637 254 664 ἐντεῦθεν
268 636 365 672 ἡδονῆς
377 637 580 671 ἐκπορίζοντες.
591 636 683 665 Οὒδενὶ
695 639 748 672 γὰρ
761 638 847 673 ἑτέρῳ
861 639 916 664 τῶν

127 683 237 709 πάντων
253 682 341 714 οὕτως
357 683 454 709 ἕπεται
476 683 590 717 ἥδεσθαι
614 684 665 719 τὴν
687 683 788 719 ψυχὴν,
804 685 841 716 ὡς
865 685 916 711 ὃσα

127 728 175 754 καὶ
188 725 233 753 οἷα
255 727 312 753 τῶν
332 727 393 753 κατ’
415 727 508 761 ἐφεσίν
523 728 596 754 ἐστιν
622 729 688 763 ὁρᾷν
713 729 760 754 καὶ
792 729 914 760 ἀκούειν.

128 773 325 808 Παραπλήσιον
349 773 404 807 γάρ
428 775 513 804 ἔστιν,
542 773 636 808 ὥσπερ
663 773 697 800 ἂν
715 774 743 800 εῐ
759 783 800 806 τις
816 774 915 810 διψῶσι

128 820 177 854 μὲν
191 819 247 846 τῶν
263 819 380 854 ἡδίστων
398 821 472 845 πιεῖν
485 819 611 846 ἐδεδώκει
636 819 762 853 ὁδάτων,·
778 821 914 856 φλεγομέ-

126 875 182 897 νοις
192 865 215 891 δ“
223 865 283 901 ὥρᾳ
296 865 392 901 θέρους
404 866 521 900 ζέφυρον
535 867 729 901 ἐμηχανήσατο
739 867 910 902 ἀναψύξεως.

132 911 253 946 Ἐφίεται
275 912 304 939 δὲ
322 913 432 943 πάντως
448 912 529 944 ἄλλος
554 912 635 939 ἄλλου
651 912 721 939 κατὰ
741 913 791 949 τὴν
813 913 861 940 τοῦ
881 915 910 940 ὲν

124 958 201 991 αὑτῷ
215 958 338 992 κριτικοῦ
351 959 400 993 τῆς
411 958 502 994 ψυχῆς
518 958 634 990 ἕκαστος
646 959 772 994 δύναμιν,
787 960 913 996 καθάπερ

125 1004 217 1035 αἰτίας
232 1004 304 1035 τινὸς
323 1005 369 1030 καὶ
387 1005 467 1039 ῥίζης
484 1005 669 1040 ὑποκειμένης
688 1005 738 1039 τῆς
751 1006 858 1033 ἐκεῖθεν
872 1015 914 1034 κι-

125 1050 260 1085 νουμένης
283 1049 373 1084 ὁρμῆς
399 1051 447 1076 καὶ
470 1049 611 1084 ἀναλόγως
632 1050 859 1087 χειραγωγούσης
885 1052 914 1083 eg

124 1097 174 1127 τὰς
185 1095 335 1131 προθέσεις
349 1096 431 1122 τάσδε
447 1095 463 1130 ἢ
477 1096 555 1122 τάσδε
572 1095 619 1122 τοῦ
633 1095 702 1130 βίου,
726 1095 822 1126 ὁποίας
850 1097 914 1123 πολ-

125 1142 176 1173 λὰς
191 1141 239 1167 καὶ
265 1141 394 1173 ποικίλας
412 1142 447 1176 γῆ
462 1149 491 1167 τε
515 1141 584 1176 αὕτη
605 1142 653 1168 καὶ
674 1141 789 1176 οὐρανὸς
810 1142 914 1173 ἐκεῖνος

125 1186 300 1221 προΐσχιται.
320 1184 377 1221 Τὴν
395 1186 445 1220 μὲν
469 1185 515 1213 οὖν
532 1185 638 1220 αἵρεσιν
659 1186 708 1220 τῆς
727 1186 828 1213 τούτων
851 1188 913 1221 ἐφέ-

124 1239 194 1262 σεως
208 1232 324 1266 ταυτησὶ
338 1231 363 1258 ει
385 1232 422 1267 μὴ
448 1232 577 1265 καθάπαξ
593 1233 729 1267 ἅπαντες,
743 1234 802 1261 ἀλλ’
820 1232 866 1261 οὖν
888 1235 913 1261 οι

124 1278 234 1309 πλείους
250 1277 364 1310 δέξαιντ’
381 1278 414 1305 ἂν
427 1275 514 1313 οἶμαι·
530 1279 581 1314 τήν
594 1287 625 1313 γε
639 1280 693 1315 μὴν
707 1281 812 1315 ἀωρίαν
828 1281 913 1316 αὐτῆς

123 1325 171 1351 καὶ.
182 1324 212 1350 τὸ
227 1323 330 1359 λίχνον,
345 1323 448 1359 ταύτην
463 1324 486 1350 δ’
502 1325 533 1351 οὺ
553 1324 621 1351 πάνυ
636 1334 678 1352 τοι
699 1326 799 1361 ἔγωγε.
819 1327 913 1354 Πάντα

124 1370 174 1404 μὲν
186 1371 242 1406 γὰρ
257 1371 372 1406 ὲρευνᾷν
396 1371 425 1397 ἓν
449 1379 477 1398 τι
493 1371 549 1398 τῶν
575 1372 751 1407 ἁρμοζόντων
766 1372 847 1407 εἶναι,
862 1375 913 1402 οὐκ

122 1417 154 1443 ἄν
175 1416 238 1458 ποτ’
253 1417 334 1448 αὐτὸς
352 1417 423 1444 ἑκών
447 1426 479 1452 γε
496 1415 568 1445 εἶναι
592 1418 826 1455 ἀπαγορεύσαιμι·
845 1422 874 1447 έν
889 1422 912 1448 δ’

122 1463 224 1490 ἆπαντι
243 1463 332 1498 καιρῷ
346 1463 393 1489 καὶ
410 1463 562 1498 χρόνῳζκαὶ
584 1464 677 1491 παντὶ.
691 1465 730 1499 τῷ
746 1465 910 1502 βουλομένῳ,

121 1509 202 1535 τοῦτο
226 1508 254 1535 δὲ
281 1508 327 1535 καὶ
354 1508 427 1543 μάλα
455 1517 497 1535 τοι
514 1509 619 1544 σφόδρα
642 1510 734 1543 αὐτός.
761 1510 830 1538 Οὔτε
856 1513 911 1547 γὰρ

121 1555 204 1580 παντὶ
227 1554 315 1589 καιρῴ
330 1554 360 1580 τὸ
383 1555 490 1590 καίριον
505 1555 619 1588 ἔνεστιν,
635 1555 691 1582 οὔτ’
709 1555 743 1583 αὖ
769 1559 854 1584 παντὶ
871 1559 909 1593 τῷ
921 1568 945 1600 C

122 1600 279 1635 βουλομένῳ
306 1601 441 1635 προσήκει
468 1602 596 1636 πανταχῆ
618 1602 648 1628 τὸ
671 1602 834 1637 βούλεσθαι·
849 1605 907 1631 ἀλλ’

120 1647 178 1672 ἐστι
195 1648 240 1672 καὶ
255 1646 350 1681 καιρὸς
366 1646 497 1681 ἀκαιρίας
514 1647 608 1682 γέμων
619 1648 669 1675 καὶ.
685 1648 813 1684 βούλησις
828 1650 910 1676 ἀϐου-

122 1692 181 1722 λίας
195 1691 326 1722 πολλάκις
344 1692 441 1726 μιστή.
463 1691 532 1718 Ἀλλ’
549 1690 596 1718 οὖν
613 1691 709 1727 ἐπειδὴ
733 1692 822 1719 ταῦτα
845 1701 910 1727 συγ-

122 1737 247 1772 χωρητέα
258 1737 333 1768 ὅπως
345 1737 410 1763 ποτὲ
425 1737 516 1770 ἔδοξεν
527 1735 597 1764 εἶναι
609 1739 685 1772 ἡμῖν,
698 1738 771 1770 ἅπαξ
788 1740 821 1765 τὰ
838 1738 908 1774 βάρη

120 1783 307 1810 τῶντοιούτων
314 1784 394 1810 ὁποῖά
401 1792 432 1816 γε
443 1783 486 1817 εἴη
496 1783 659 1819 προσίεσθαι
671 1784 848 1819 προθεμένοιι
860 1784 909 1811 καὶ

121 1829 282 1864 χαρίζεσθαί
306 1838 397 1864 σφισιν
411 1829 511 1856 ὁπόσον
522 1829 553 1856 τὺ
571 1830 682 1865 ἐφικτὸν
696 1829 839 1864 ἐπεφύκει,
853 1829 909 1856 οὔτ’

122 1878 207 1910 ἀκοὴν
220 1877 312 1908 αὐτοῖς
341 1875 403 1902 οὔτε
416 1876 541 1910 γλῶτταν
564 1875 814 1912 ἁπεκλείσαμεν·[Ρ
829 1875 909 1911 .276]

121 1923 190 1950 ἀλλὰ
211 1922 334 1958 μιτρίοις
349 1923 473 1958 ὶλέγχοις
488 1922 564 1951 ἐστιν
594 1922 612 1950 ἃ
639 1923 694 1949 τῶν
723 1922 907 1958 γραφομένων

119 1969 311 2004 ἡμιψάμεθα.
335 1969 391 1996 Καὶ
411 1969 529 2000 ὁπόσους
543 1968 573 1995 τό
590 1978 620 1996 τε
653 1969 760 2004 καίριον
775 1970 803 2000 ἐς
818 1969 849 1995 τὸ
859 1970 908 2004 τῆς

123 2014 280 2049 ἀσφαλείας
293 2015 418 2049 μουσεῖον
430 2014 651 2048 ὲπαιδαγώγησε,
663 2013 710 2040 καὶ
720 2014 774 2045 πᾶς
783 2022 825 2045 τις
832 2012 909 2047 οἶμαι

122 2060 250 2095 ἀκηκοὼς
268 2059 319 2086 οὐκ
335 2059 369 2094 ἂν
384 2059 451 2094 ἡμῖν
479 2058 627 2094 μέμψαιτο.
645 2058 700 2085 Καὶ
719 2059 752 2085 τὰ
774 2059 823 2093 μὲν
841 2058 908 2085 ἄλλα

122 2107 176 2132 τῶν
188 2105 370 2141 γραφομένων
379 2105 524 2140 ἀπόρρητα
536 2105 643 2131 κεῖσθαι
655 2105 822 2139 παρήκαμεν
829 2105 908 2136 τέως,

103 2152 252 2187 ἔάκαιρίας
268 2152 306 2183 ὡς
321 2151 355 2177 τὰ
377 2150 463 2177 πολλὰ
483 2151 707 2185 κατορχουμένης
732 2150 821 2177 αὐτῶν
837 2150 908 2177 πάνυ

120 2207 161 2225 τοι
188 2198 321 2234 φορτικῆς
340 2198 388 2224 καὶ
419 2197 549 2232 ματαίας·
577 2196 595 2224 ἃ
618 2197 691 2228 δ’ὡς
716 2197 745 2223 ὲν
763 2197 907 2232 ἐπιστολῆς

970 271 1080 306 quidvis
1099 272 1159 299 sine
1179 272 1296 300 consilio
1314 273 1521 307 suscipiendum
1536 272 1655 303 ‘incitat,
1679 280 1756 306 quae-

969 324 1077 351 cunque
1097 317 1204 344 levibus
1215 325 1310 344 eorum
1333 317 1432 344 animis
1449 317 1578 352 cogitatio
1597 317 1750 344 oboriatur.

968 363 1008 390 Ad
1023 370 1070 390 eas
1085 363 1275 398 coarguendas
1289 367 1318 390 et
1334 363 1492 390 refutandus
1511 363 1622 397 plurimi
1637 371 1669 389 ex
1686 363 1756 389 ami-

968 408 1008 435 cis
1024 415 1068 435 me
1085 409 1185 435 hortati
1204 413 1268 436 sunt
1285 418 1292 436 :
1318 416 1371 443 qua
1399 413 1490 435 mente
1513 409 1622 441 nescio;
1641 409 1710 440 sive,
1727 413 1756 435 ut

968 455 1101 482 curriculi
1116 455 1252 490 Olympici
1267 455 1378 482 athletis
1395 463 1481 489 equos
1501 455 1534 482 ad
1552 460 1688 482 certamen
1704 455 1755 481 de-

968 500 1085 527 stinatos
1099 501 1184 527 variis
1208 501 1234 527 in
1252 501 1356 536 campis
1375 501 1464 528 solent
1484 501 1595 535 agitare,
1621 502 1655 527 ita
1671 502 1754 528 etiam

967 546 995 573 hi
1019 546 1092 574 vires
1110 554 1183 573 meas
1205 547 1354 581 periclitari
1378 547 1536 579 voluerim;
1565 547 1623 573 sive
1649 546 1754 581 aliquid

966 592 1030 619 inde
1048 592 1196 627 voluptatis
1209 593 1263 619 sibi
1289 593 1355 627 ipsis
1377 593 1557 627 captaverint.
1581 593 1659 619 Nulla
1680 593 1752 619 cnim

966 645 1010 664 res
1026 642 1078 668 est,
1091 645 1152 672 quae
1168 638 1288 664 animum
1306 639 1343 665 ita
1360 639 1487 670 delectet,
1501 642 1530 665 ut
1546 638 1638 665 videre
1655 643 1681 665 et
1702 646 1752 664 au-

965 683 1026 710 dire
1038 691 1068 710 ea
1085 683 1188 716 omnia,
1204 691 1320 719 quorum
1336 684 1474 712 desiderio
1491 684 1621 711 tenearis.
1635 683 1752 711 Perinde

941 722 947 731 ’
965 730 1067 764 quippe
1091 735 1143 762 est,
1170 737 1202 757 ac
1227 731 1248 757 si
1279 731 1341 765 quis
1371 731 1530 757 sitientibus
1559 731 1750 757 suavissimam

965 781 1063 807 aquam
1080 774 1187 806 oti‘erat,
1203 780 1232 802 et
1253 775 1357 802 :estatis
1373 775 1464 801 calore
1487 774 1599 801 torridis
1621 775 1750 809 frigidum

965 820 1115 855 zephyrum
1133 820 1225 854 aliqua
1243 825 1300 846 arte
1319 820 1518 846 subministrct.
1543 819 1684 846 Desiderat
1703 827 1752 845 an—

966 871 1020 893 tem
1037 867 1108 893 alius
1123 866 1207 898 aliud,
1222 874 1273 900 pro
1289 867 1330 893 sui
1349 867 1465 900 quisque
1478 865 1573 900 jndicii
1596 869 1676 899 captu
1692 874 1698 892 :
1718 872 1752 891 cx

965 919 1019 946 quo
1031 912 1136 947 judicio
1155 917 1284 956 tanquam
1303 919 1384 938 causa
1401 915 1430 938 cl.
1447 912 1538 938 radice
1561 910 1645 946 448
1665 911 1754 938 oritur

941 964 944 966 ‘
966 959 1109 993 appetitio,
1125 963 1153 985 et
1167 958 1239 985 unde
1255 957 1334 991 quasi
1351 965 1433 984 mann
1449 957 1578 984 ducimur
1590 956 1623 983 ad
1638 957 1691 983 alia
1710 962 1754 983 at-

965 1012 1018 1039 que
1033 1004 1085 1031 alia
1099 1011 1189 1031 rerqu
1204 1003 1306 1036 studia,
1321 1003 1411 1037 qualia
1424 1003 1519 1034 multa,
1532 1009 1620 1036 eaque
1632 1001 1753 1035 diversa,

965 1050 1064 1078 caelum
1084 1055 1112 1077 et
1129 1054 1202 1076 terra
1220 1053 1381 1084 suggerunt.
1401 1048 1487 1075 Porro
1506 1049 1591 1083 ipsam
1616 1048 1752 1075 rationem

965 1095 1079 1128 hujusce
1095 1095 1245 1122 amiCorum
1269 1102 1393 1121 meorum
1412 1093 1553 1125 desiderii,
1572 1094 1594 1121 si
1618 1102 1672 1120 non
1694 1102 1754 1120 utn-

964 1147 1014 1166 nes
1027 1147 1150 1174 prorsus,
1172 1140 1296 1174 plerique
1313 1145 1388 1167 certe
1408 1139 1598 1174 probaverint.
1615 1139 1680 1166 Mihi
1698 1147 1751 1166 an-

965 1188 1019 1212 tem
1037 1190 1091 1212 tum
1107 1185 1196 1212 alieno
1211 1190 1334 1219 tempore
1349 1189 1402 1211 tam
1420 1185 1568 1212 vehemens
1584 1184 1752 1211 desiderium

965 1231 1078 1258 minime
1095 1231 1236 1266 probatur.
1250 1231 1318 1258 Nam
1333 1236 1363 1258 ut
1378 1231 1470 1257 omnia
1488 1230 1588 1265 inquiri
1606 1231 1752 1270 pulchrum

964 1283 1181 1310 esse'nunquam
1196 1283 1246 1311 ego
1260 1276 1366 1311 inlicips
1386 1277 1494 1309 iverim,
1511 1277 1547 1303 ita
1571 1277 1668 1310 quovis
1693 1276 1753 1303 loco

963 1329 997 1349 ac
1013 1326 1136 1356 tempore
1149 1326 1196 1348 aut
1211 1322 1337 1356 quolibet
1353 1322 1462 1349 volente
1478 1322 1624 1356 pulchrum
1647 1322 1673 1349 id
1691 1329 1754 1349 esse

964 1369 1043 1403 plane
1057 1368 1224 1403 negaverint.
1246 1367 1340 1402 Neque
1357 1369 1431 1395 enim
1448 1359 1566 1402 quodvis
1583 1373 1691 1402 tempus
1705 1376 1754 1402 op-

963 1413 1161 1448 portunitatem
1176 1413 1268 1445 habet,
1285 1421 1375 1449 neque
1390 1414 1541 1448 quemlibet
1556 1414 1666 1449 quidvis
1682 1415 1752 1441 velle

963 1459 1052 1486 decet.
1070 1459 1174 1494 Nempe
1196 1464 1224 1486 et
1242 1463 1350 1494 tempus
1369 1460 1481 1494 aliquod
1499 1465 1542 1487 est
1557 1460 1669 1487 minime
1684 1465 1753 1487 ten!-

963 1505 1111 1540 pestivnm,
1127 1509 1156 1532 et
1173 1505 1298 1532 voluntas
1311 1512 1384 1539 saepe
1400 1506 1480 1540 plena
1495 1509 1538 1532 est
1549 1505 1750 1540 imprudentiae.

963 1551 1015 1580 Sed
1031 1557 1121 1580 tamen
1142 1559 1203 1579 enm
1231 1553 1282 1579 hoc
1299 1552 1397 1579 amicis
1413 1552 1534 1579 dandum
1555 1560 1616 1580 esse
1638 1560 1753 1588 prorsus

962 1598 1115 1631 videretur,
1133 1603 1162 1625 ιιι
1182 1598 1265 1633 hujus
1287 1599 1381 1625 oneris
1406 1599 1530 1626 molestia
1567 1599 1753 1634 qualicunque

961 1649 1088 1678 suscepta
1107 1652 1155 1679 pro
1173 1644 1243 1670 virili
1269 1644 1336 1678 ipsis
1351 1645 1579 1679 gratiﬁcarentur,
1599 1652 1688 1679 neque
1704 1653 1754 1671 au-

961 1698 1006 1717 res
1019 1690 1074 1716 illis
1088 1695 1196 1716 nostras
1213 1690 1394 1720 occlusimns,
1417 1698 1506 1724 neque
1524 1690 1644 1725 linguam
1668 1690 1753 1718 dene-

960 1736 1084 1771 gavitnus
1100 1744 1107 1762 :
1126 1735 1173 1762 sed
1200 1735 1290 1769 aliqua
1318 1743 1426 1766 eorutn,
1449 1743 1510 1770 quae
1535 1736 1634 1770 scripta
1660 1740 1749 1768 erant,

961 1788 1042 1816 parce
1057 1785 1085 1807 et
1102 1780 1243 1807 moderate
1264 1779 1454 1807 refutavimus.
1479 1780 1508 1807 ln
1523 1788 1577 1814 quo
1602 1789 1682 1808 nemo
1704 1788 1751 1815 op-

961 1825 1138 1861 portunitatis
1149 1832 1182 1851 ac
1194 1824 1348 1859 prudentia:
1361 1824 1503 1852 studiosus
1518 1829 1646 1857 sectator,
1662 1833 1751 1860 neque

960 1873 1106 1908 quisquam
1121 1871 1215 1905 credo,
1232 1872 1279 1907 qni
1297 1872 1446 1905 audiverit,
1465 1880 1516 1899 nos
1532 1872 1752 1906 reprehensurus

960 1925 1014 1947 est.
1042 1919 1081 1946 Ac
1103 1923 1201 1946 ca-tera
1216 1918 1329 1954 quidem
1353 1919 1401 1946 illo
1420 1918 1524 1954 scripto
1548 1919 1751 1954 comprehensa

960 1965 1074 1993 silentio
1092 1965 1306 2000 praterivimus,
1328 1972 1362 1992 eo
1384 1966 1458 2000 quod
1476 1966 1503 1992 in
1524 1965 1663 2000 plerisque
1680 1973 1749 1992 vana

960 2018 988 2040 et
1003 2014 1158 2048 importuna
1178 2013 1319 2041 temeritas
1331 2013 1481 2040 insolenter
1494 2013 1634 2040 exsultare
1645 2013 1751 2040 videre-

961 2065 1016 2088 tur.
1034 2061 1099 2093 Qua
1113 2067 1178 2087 vero
1193 2060 1220 2087 in
1246 2060 1370 2095 epistola:
1390 2059 1505 2086 formant
1525 2059 1635 2086 redacta
1661 2059 1751 2086 amico

961 2106 1069 2134 cuidam
1084 2106 1214 2138 diximus,
1235 2113 1269 2133 ne
1284 2105 1393 2133 honesti
1414 2105 1517 2133 silentii
1535 2110 1621 2132 nostri
1638 2112 1749 2132 causam

960 2160 1020 2180 esse
1031 2153 1210 2188 ignorantiam
1225 2153 1375 2187 importuni
1389 2153 1592 2180 obtrectatores
1600 2151 1683 2188 449
1693 2152 1752 2178 exin
1769 2172 1778 2179 κ

961 2200 1116 2232 stimarent,
1132 2207 1163 2227 ea
1180 2207 1253 2227 nunc
1274 2200 1398 2227 historiae
1425 2199 1595 2226 illustrandae
1611 2206 1706 2230 causa,
1726 2198 1749 2226 si

122 2247 242 2280 σχήματι
259 2243 327 2279 πρὸς
343 2243 392 2270 ἕνα
402 2243 457 2269 τῶν
472 2243 558 2277 φίλων
581 2243 750 2278 εἰρήκειμεν.
768 2242 812 2269 ἴνα
825 2243 862 2279 μὴ
877 2244 907 2270 τὸ

964 2246 1008 2280 qui
1031 2245 1101 2272 forte
1116 2245 1224 2280 cognita
1237 2245 1289 2272 sibi
1305 2245 1401 2277 velint,
1415 2245 1530 2280 legenda
1547 2251 1747 2280 proponemus.

120 2291 169 2325 τῆς
189 2289 360 2325 εὐσχήμονος
383 2289 462 2324 ἡμῶν
490 2289 596 2324 σιωπῆς
619 2289 754 2323 ὑπόληψιν
787 2290 906 2326 ἀπορίας
924 2293 1052 2320 ὑπόθοιτο
1065 2293 1122 2323 τοῖς
1153 2291 1356 2327 ἀφειδεστέροις
1368 2291 1423 2318 τῶν
1438 2290 1586 2327 ὑϐριστῶν,
1602 2290 1688 2317 ταῦτα
1702 2292 1750 2316 καὶ

121 2340 168 2366 νῦν
183 2341 239 2370 τοῖς
264 2338 441 2373 ἐντυγχάνειν
461 2337 599 2364 ἐθέλουσιν
624 2338 746 2373 ἱστορίας
759 2337 841 2365 ἓνεκα
854 2341 1052 2376 παραθήσομεν
1062 2361 1068 2368 .

154 2385 192 2413 B’.
211 2394 221 2410 ι
249 2385 353 2412 Ὁπόσα
365 2385 419 2420 γὰρ
436 2384 505 2420 (9.0),
524 2393 533 2410 ι
554 2383 634 2419 ἔφην,
653 2393 663 2410 ι
679 2384 734 2411 τῶν
749 2385 904 2421 λεγομένων

121 2432 182 2458 νιῠν
193 2432 317 2467 ἡγεμόνα
330 2431 513 2466 προϐάλλεται
527 2431 574 2458 καὶ
587 2430 675 2466 τούτῳ
688 2431 737 2466 τὴν
748 2432 906 2467 πρέπουσαν

121 2478 285 2512 αὐτονομίαν
302 2478 395 2511 σαφῶς
416 2477 574 2512 ἐπιτρέπει,
594 2476 680 2503 ταῦτα
700 2477 748 2504 καὶ
759 2477 822 2504 νοῦν
837 2478 906 2505 πάν-

120 2533 173 2556 τως
194 2525 317 2559 ἐπόπτην
341 2523 486 2557 ἐφέλκεται
502 2523 550 2549 καὶ
565 2523 691 2558 γλῶσσαν
708 2524 839 2559 ἀναμένει
857 2525 906 2552 σὺν

120 2571 260 2605 ἐπιστήμῃ
285 2569 459 2600 δικάζουσαν.
493 2569 565 2596 Ὅσα
591 2569 614 2595 δ’
636 2569 770 2604 ἁρμονίας
800 2571 910 2605 ἁπάσης

121 2616 352 2652 πιραιτησάμενα
372 2616 470 2650 νόμους
488 2615 559 2650 ὂρων
575 2615 796 2650 ὲπιστημονικῶν
812 2616 910 2651 ὑπερά-

121 2671 178 2696 ριον
202 2664 250 2689 καὶ
279 2662 386 2696 φυγάδα
412 2663 530 2688 τείνουσι
558 2661 636 2694 πόδα,
655 2661 731 2688 ταῦτ’
757 2662 819 2689 οὔτε
847 2661 910 2688 νοῦν

121 2708 242 2744 meum.
262 2707 332 2734 οἶδεν
350 2707 511 2741 ἐφέλκεσθαι
525 2708 572 2734 καὶ
587 2708 677 2745 πάντα
690 2708 770 2743 λόγον
785 2709 908 2744 ἑρμηνέα

998 2389 1029 2415 ll.
1049 2397 1058 2414 ι
1083 2387 1268 2422 Quzecnnqne,
1291 2387 1413 2422 inquam,
1435 2387 1518 2414 verba
1547 2387 1587 2413 sic
1607 2387 1748 2417 dicuntur,

963 2440 991 2462 ut
1006 2440 1124 2462 mentetn
1141 2434 1239 2461 ducent
1251 2433 1304 2460 sibi
1327 2438 1482 2468 proponant
1497 2433 1578 2468 eique
1602 2432 1749 2467 legitimam

961 2479 1152 2506 aucwritalcm
1175 2479 1287 2505 omnino
1306 2478 1439 2510 tribuant,
1468 2479 1561 2505 cadent
1583 2479 1665 2505 etiatn
1684 2486 1748 2504 ocn-

961 2525 1002 2552 los
1017 2526 1117 2551 tuentis
1133 2525 1166 2551 ad
1183 2531 1212 2551 se
1230 2523 1354 2550 alliciunt
1369 2529 1396 2550 et
1411 2524 1531 2559 linguam
1554 2525 1693 2558 sapienter
1705 2523 1758 2558 ju.’

961 2570 1098 2597 dicautem
1122 2569 1220 2596 merito
1249 2572 1420 2603 exspectant.
1448 2569 1512 2601 Qum
1533 2573 1624 2595 autetn
1657 2569 1748 2594 omnis

963 2617 1113 2643 harmonize
1124 2616 1230 2649 legibus
1245 2614 1398 2650 repudiatis
1412 2622 1482 2641 verte
1497 2613 1661 2650 cognitionis
1678 2613 1749 2640 litni-
1774 2645 1775 2648 η

962 2666 1003 2689 tes
1020 2662 1097 2696 quasi
1110 2661 1226 2696 fugitivo
1243 2661 1312 2696 pede
1336 2661 1506 2691 transiliunt.
1521 2669 1553 2687 ea
1574 2667 1624 2688 ncc
1649 2660 1748 2687 mentis
1796 2685 1799 2687 _

963 2708 1059 2735 oculos
1074 2708 1165 2734 sciunt
1187 2708 1308 2741 allicere,
1325 2712 1352 2735 ct
1376 2707 1528 2735 orationem
1556 2713 1746 2742 quamcunque

796 2777 965 2807 Variorum
984 2781 1076 2807 notae.

155 2841 210 2876 (ιο)
229 2840 322 2866 Exstat
333 2840 391 2875 haec
404 2841 521 2876 epistola
537 2839 562 2866 in
579 2840 672 2867 codice
698 2841 827 2868 Vaticano
845 2842 912 2869 l086

119 2883 146 2905 et
161 2876 332 2908 inscribitur,
344 2875 382 2909 τῷ
400 2875 606 2910 ιιεπαγωμένῳ,
618 2878 683 2910 περὶ
701 2878 754 2902 τῶν
769 2878 844 2903 ἐλοου
852 2879 904 2904 τῶν

968 2842 1042 2877 αὖτῷ
1057 2843 1266 2877 τερατολογιῶν,
1283 2845 1335 2870 τῶν
1351 2845 1399 2877 μὲν
1415 2843 1519 2870 ἄνωθεν
1531 2843 1564 2869 ὲκ
1577 2840 1749 2878 Τραπεζοῦν-

960 2887 1017 2910 τος,
1033 2878 1086 2905 τῶν
1101 2879 1128 2904 δὲ
1150 2881 1271 2905 κιτωυεν
1291 2880 1318 2912 ;ξ
1341 2880 1466 2910 Ἰταλίας.
1485 2878 1587 2906 Bomx.
