1915 3071
105 182 158 214 Gi5

232 180 268 216 [Α.
288 158 313 208 ε’.
334 180 401 208 1528
422 189 455 208 in
479 180 557 216 15H]
613 179 836 213 BYZANTINiE
857 179 1050 211 HISTORL’E
1070 179 1144 209 LIB.
1166 178 1217 208 IX.

1276 175 1342 210 [ινρ.
1364 179 1504 201 Ακυιιοκιο.
1535 171 1604 209 ιυΝ.]
1683 170 1737 206 6.16

105 239 151 265 τὸν
166 237 238 273 ἀέρα
250 238 357 272 φύσεως
374 239 481 274 ἔλαχεν,
495 239 510 274 ἥ
531 239 649 266 διαδόσει
671 239 825 273 ποιότητος,
845 239 895 264 ὅσα

954 244 1002 266 ⁸85,
1020 235 1148 265 fulmina,
1166 232 1274 261 incensi
1302 232 1438 260 turbines.
1455 230 1534 264 Quod
1559 230 1581 257 si
1597 235 1625 257 et
1643 235 1741 257 ventus

104 284 208 319 δηλαδὴ
229 284 365 319 χεομένην
385 286 433 311 καὶ
458 285 496 319 τῷ
517 286 578 319 ἀέρι
596 285 666 311 πάνυ
692 293 734 311 τοι
749 285 895 319 προσφυῶς

105 330 329 366 ἀνακιρναμένην
346 330 425 365 ἔσχεν
440 331 535 366 αὐτὴν,
553 331 648 367 ὥσπερ
665 331 750 366 ὀσμαὶ
765 331 811 358 καὶ
826 331 896 366 χρώ-

108 383 183 408 ματα
197 377 244 401 καὶ
264 377 383 410 σκηπτοὶ
401 378 448 403 καὶ
469 378 638 413 πρηστῆρες.
660 378 714 403 Καὶ
732 378 824 412 μέντοι
848 377 895 403 καὶ

105 419 207 453 ἄνεμος
221 420 246 445 εἰ
261 419 323 446 καθ’
343 421 483 447 ὁντιναοῦν
497 423 610 448 τουτωνὶ
628 423 729 457 τρόπον
750 423 765 457 ἦ
782 423 895 456 διαιριῖιν

107 463 210 498 δηλαδὴ
222 462 268 490 τὸν
281 464 350 498 ἀέρα
369 465 417 491 καὶ
435 465 480 492 τὸν
494 466 598 493 ἑκείνου
615 467 697 493 τόπον
718 467 891 502 μεταλαμϐά-

106 517 159 535 νων
183 509 265 545 διῄει,
291 510 307 545 ἢ
334 511 422 546 τούτῳ
448 512 566 538 διαδόσει
590 514 734 548 ποιότητος
758 515 896 548 σφαλερᾶς

106 555 280 590 ἀνεκιρνᾶτο,
295 557 387 583 πᾶσαν
399 558 505 591 γένεσιν
518 559 549 585 ὲκ
564 559 610 585 τοῦ
627 561 798 595 παραχρῆμα
809 560 896 595 φθορὰ

107 602 250 636 προφανὴς
266 602 400 637 διεδέχετο
419 604 461 630 ἄν.
483 603 539 631 Νῦν
564 605 593 632 δὲ
611 606 767 633 τούναντίον
791 607 894 638 εὐκρα-

107 647 169 678 σίας
191 647 266 682 ἡμᾶς
293 648 404 683 ἁπάσης
434 650 615 684 ὲμπιπλῶντα
640 651 776 687 βλέπομεν
800 652 896 679 τοῦτον

104 693 170 720 alet.
187 694 272 721 Οὐδὲν
296 695 351 730 γὰρ
370 695 464 730 ἕτερον
481 697 580 732 ἄνεμος
603 698 620 733 ἢ
641 699 808 734 στερροτέρα
826 700 897 734 φορὰ

106 740 154 765 καὶ
171 739 252 774 χύσις
269 740 364 775 ἀέρος,
385 742 414 774 ὃς
437 743 482 769 ἀεὶ
505 743 633 776 πλούσιος
659 745 708 779 μὲν
730 746 796 779 ἡμῖν
820 754 898 779 περιρ

105 783 232 818 κέχυται,
248 785 330 812 αὐτοῦ
344 786 367 812 δ’
382 787 556 822 ἀπολαύομεν
576 787 692 815 καθόσον
707 788 818 822 ἐφικτὸν
834 789 899 815 ἑκά-

108 835 176 862 στῳ,
192 828 246 855 κᾶν
260 829 332 855 πάνυ
348 839 390 857 τοι
406 831 530 863 πλεῖστος
544 832 656 867 ἕπηται.
679 832 783 859 Ἐκεῖνό
797 841 828 867 γε
844 833 897 869 μὴν

106 874 155 901 καὶ
184 876 315 909 μαντείας
336 876 403 909 ἴσως
429 878 527 911 δεῖται,
551 880 598 905 καὶ
615 879 666 906 οὐκ
681 880 736 914 ἔχω
760 880 773 906 ὅ
794 888 818 906 τι
842 880 896 914 φῶ.

108 921 219 949 Πόλεων
235 923 290 958 γὰρ
306 924 354 951 και
368 925 486 960 δένδρων
499 909 545 952 uin
561 926 633 961 ὀρῶν
649 909 732 961 φαᾶὶν
745 926 775 959 ἐξ
788 909 897 959 ἀνέμων
915 909 934 935 Β

108 969 221 996 πάντων
238 970 307 1005 ὁμοῦ
331 972 498 1006 κινηθέντων
521 973 716 1008 καταστροφὰς
738 975 785 1000 καὶ
811 982 898 1008 μετα-

108 1013 213 1046 ῦάσεις.
232 1015 294 1047 Πῶς
309 1015 363 1051 γὰρ
378 1017 425 1043 καὶ
438 1017 476 1052 πῆ
494 1019 682 1053 περιχωρήσει
696 1019 744 1045 καὶ
760 1019 896 1054 μεταστή-

108 1061 188 1087 σεται
199 1069 226 1087 τι
240 1061 354 1094 τούτων,
371 1063 619 1098 περικυκλούντων,
633 1063 669 1095 ὦς
686 1072 778 1098 φασιν,
796 1065 897 1092 οὑτωσὶ

107 1107 163 1132 τῶν
178 1107 289 1142 ὼιέμων
302 1109 334 1134 ὲκ
349 1108 497 1144 διαμέτρου
511 1118 519 1143 ;
543 1110 619 1142 Ἐνῦς
634 1111 683 1145 μὲν
700 1111 754 1146 γὰρ
777 1111 898 1146 ξυνωθή-

110 1160 208 1184 σαντος
233 1153 335 1188 ἀνέμου
351 1154 397 1181 καὶ
413 1153 459 1187 ξὺν
481 1155 527 1190 βίᾳ
544 1155 726 1190 κλονήσαντος
748 1157 898 1193 ἀνατετρά-

109 1198 176 1232 φθαι
192 1199 283 1226 οἰκίαν
313 1200 467 1236 ἔσθ’ἰδτεῆ
492 1202 599 1237 δένδρον
623 1203 669 1229 ἐπὶ
697 1203 799 1238 θάτερα
816 1204 898 1239 μέρη,

52 1243 56 1247 ”
107 1244 206 1271 καινὸν
222 1245 273 1272 οὐκ
290 1246 324 1273 ἂν
346 1247 398 1280 εἴη,
415 1247 472 1273 ἀλλ’
484 1247 521 1279 ὡς
542 1249 575 1275 τὰ
593 1249 678 1276 πολλὰ
693 1249 747 1277 τῶν
766 1250 836 1285 ὅρων
849 1250 899 1284 τῆς

109 1290 257 1324 συνηθείας
282 1292 368 1324 ἐντός.
384 1291 425 1328 [Ρ.
440 1293 505 1329 278]
522 1294 631 1321 Πολλῶν
655 1295 679 1321 δ’
700 1296 898 1323 ἀντιπνεὸντων

107 1335 188 1369 ὁμοῦ,
204 1337 285 1372 σχολῇ
295 1337 321 1371 γ’
330 1337 362 1364 ἂν
374 1340 580 1375 καταστραφείη
590 1348 615 1366 τι
627 1341 681 1367 τῶν
693 1341 832 1368 ἁπάντων.
843 1342 900 1377 Τὴν

108 1381 166 1417 γὰρ
174 1381 219 1408 τοῦ
227 1382 286 1415 ἑνὸς
299 1383 449 1419 ἀντώοησιν
459 1385 475 1419 ἡ
487 1385 601 1420 θατέρου
610 1386 763 1418 ἐξεναντίας
772 1387 899 1413 ἀντίστα-

111 1435 154 1458 σις
172 1427 314 1462 θραύουσα
337 1431 385 1457 καὶ
402 1432 617 1467 ἀναχαιτίζουσα
631 1433 780 1468 ἀκλόνήτον
799 1433 829 1459 τὸ
847 1441 900 1459 πα-

113 1471 205 1505 ράπαν
221 1472 252 1504 ἐξ
276 1475 528 1510 ἀντιπεριστάσεως
547 1477 675 1503 ἵστασθαι
693 1478 900 1512 παρασκευάσει

112 1514 144 1540 τὸ
160 1514 333 1550 βιαζόμενον.
352 1518 457 1550 Ἀλλιιις
469 1527 498 1545 τε
522 1519 570 1545 καὶ
585 1520 654 1555 ὁμοῦ
671 1521 734 1552 τοὺς
749 1521 821 1548 κατὰ
845 1521 901 1548 διά-

948 282 1043 314 aliquo
1068 280 1168 306 horum
1194 279 1338 305 modorum
1366 277 1408 303 vui
1436 284 1530 303 aerem
1555 274 1703 303 dividendo
1715 280 1744 302 et

948 327 1009 362 ejus
1024 328 1115 354 locum
1142 324 1305 360 occupando
1329 323 1469 354 transiret,
1484 323 1527 350 vel
1541 322 1630 350 eidem
1649 322 1744 349 distri—

949 371 1065 399 bntione
1088 371 1231 405 qualitatis
1261 369 1375 397 lubrica:
1399 368 1639 400 commisceretur,
1651 368 1746 395 statim

948 425 1058 444 omnem
1084 417 1290 452 generationem
1307 415 1470 442 manifestus
1486 414 1616 441 interitus
1630 414 1743 448 excipe-

947 469 998 491 ret.
1014 464 1094 491 Nunc
1120 468 1215 491 contra
1233 463 1307 489 omni
1333 469 1383 488 nos
1403 461 1535 496 temperie
1553 460 1686 495 compleri
1702 460 1747 486 vi‘

948 510 1046 537 demus
1062 510 1096 536 ab
1112 517 1146 536 eo
1174 516 1292 544 semper.
1320 508 1414 542 Neque
1429 508 1504 534 enim
1522 507 1595 533 aliud
1614 510 1658 533 est
1676 497 1748 532 ven-

949 561 1008 588 tus,
1030 564 1111 591 quam
1128 555 1225 583 fortior
1253 555 1372 589 impetus
1394 559 1421 581 et
1434 554 1510 588 quasi
1534 553 1645 580 diffusio
1660 552 1743 584 aeris,

952 603 998 637 qui
1015 610 1066 629 nos
1082 609 1191 636 semper
1215 601 1326 635 copiose
1355 599 1575 631 circumfundit;
1588 605 1677 632 eoque
1694 605 1744 625 nos

948 648 1078 680 fruimur,
1093 651 1230 682 quatenus
1244 650 1286 673 est
1301 646 1451 680 unicuique
1465 652 1639 676 concessum,
1650 651 1745 677 quam-

949 695 992 722 vis
1006 693 1199 730 copiosissime
1223 700 1273 719 nos
1297 697 1439 727 sequatur.
1455 691 1524 718 illud
1539 698 1606 717 vero
1620 689 1746 717 fortassis

948 741 1031 767 etiam
1056 739 1283 766 vaticinationem
1312 737 1461 769 desiderat,
1475 743 1566 770 neque
1591 743 1641 770 ego
1656 735 1744 762 habeo

949 786 1015 821 quid
1043 789 1172 813 statuam.
1191 784 1292 811 Dicunt
1320 783 1404 810 iidem
1432 784 1515 810 urbes
1535 786 1563 809 et
1578 782 1694 808 arbores
1717 785 1745 808 et

950 837 1072 864 montes,
1089 830 1179 858 ventis
1195 831 1278 857 simul
1293 830 1425 857 omnibus
1440 828 1597 860 concitatis,
1612 835 1741 855 eversum

950 881 1033 912 atque
1050 877 1215 903 translatum
1230 876 1274 902 iri.
1287 875 1433 908 Quomodo
1446 882 1477 901 ea
1494 874 1622 901 videlicet
1634 879 1661 901 et
1677 881 1746 908 quo-

950 930 1011 950 nam
1031 923 1162 949 translata
1179 921 1349 954 transibunt,
1362 928 1425 948 cum
1450 920 1524 948 venti
1541 927 1647 952 omnes,
1662 922 1699 947 ita
1715 924 1746 946 ut

948 969 1087 996 hi-dicunt
1100 988 1106 1000 ,
1127 975 1160 995 ex
1184 968 1312 1003 opposito
1340 968 1477 1002 spirantes
1496 974 1528 993 ea
1545 965 1744 994 circumdatu‘ri

949 1015 1034 1041 sunt?
1047 1014 1114 1042 Nam
1127 1014 1200 1041 venti
1214 1014 1326 1048 quidem
1340 1013 1422 1040 unius
1444 1013 1563 1047 impulsu
1580 1017 1609 1039 et
1624 1011 1746 1038 violento

950 1060 1055 1094 impetu
1082 1059 1169 1086 everti
1202 1059 1328 1090 domum,
1343 1063 1390 1085 aut
1414 1057 1541 1085 arborem
1567 1065 1660 1088 ruere.
1678 1058 1744 1084 novi

950 1105 1020 1132 nihil
1038 1105 1131 1136 fuerit,
1157 1112 1209 1132 nec
1230 1111 1244 1131 a
1277 1104 1478 1131 consuetudine
1505 1103 1665 1130 abhorreat.
1690 1101 1744 1129 Sed

949 1151 996 1178 ubi
1012 1151 1094 1187 452
1117 1150 1230 1186 plurimi
1250 1150 1332 1177 simul
1347 1157 1380 1177 ex
1399 1149 1516 1177 adverso
1532 1149 1674 1184 spirarint,
1688 1156 1746 1175 non

952 1198 1049 1233 utique
1067 1197 1217 1232 quidquam
1238 1197 1363 1224 omnium
1393 1200 1581 1231 prosternent.
1597 1195 1665 1222 Nam
1681 1203 1745 1222 cum

950 1245 1032 1271 unius
1049 1244 1257 1278 impressionem
1278 1243 1392 1270 alterius
1414 1242 1553 1269 contraria
1599 1241 1746 1276 impressio

950 1291 1057 1325 frangat
1072 1294 1099 1318 et
1113 1290 1256 1324 reprimat,
1269 1297 1301 1316 ex
1317 1289 1368 1316 ista
1384 1288 1442 1323 pari
1457 1288 1589 1322 utrinque
1614 1287 1745 1314 violentia

951 1335 979 1362 in
1005 1335 1097 1361 medio
1120 1334 1314 1362 inconcussum
1333 1338 1361 1360 et
1384 1333 1482 1360 stabile
1512 1332 1683 1367 permanebit
1706 1332 1749 1364 id,

952 1381 996 1408 cui
1009 1381 1052 1408 vis
1070 1380 1198 1408 infertur.
1220 1379 1356 1406 Praeterea
1371 1384 1471 1406 ventos
1485 1386 1519 1405 ex
1534 1378 1652 1405 adverso
1664 1378 1751 1406 simul»

953 1427 1070 1458 moveri,
1099 1432 1151 1454 nec
1172 1425 1339 1453 Aristoteles
1363 1424 1516 1452 secundum
1542 1430 1671 1450 naturam
1686 1431 1752 1451 esse

953 1474 1101 1505 concedit,
1131 1480 1182 1500 nec
1207 1473 1341 1507 temporis
1367 1471 1537 1498 diuturnitas
1564 1478 1657 1497 verum
1685 1477 1752 1497 esse

953 1519 1085 1547 ostendit.
1099 1518 1235 1546 Car-terum
1265 1517 1332 1544 illud
1356 1524 1428 1552 pene
1452 1524 1495 1543 me
1516 1515 1752 1550 prasteriit,quod‘

114 1569 216 1596 μετρον
235 1562 355 1597 ἀνέμους
371 1565 516 1597 κινεῖσθαι,
539 1564 595 1592 οὔτ’
616 1567 805 1603 Ἀριστοτέλης
820 1569 900 1602 φύσιν

955 1566 1049 1593 Martis
1065 1571 1093 1593 et
1110 1565 1223 1593 Saturni
1242 1565 1271 1592 in
1288 1572 1344 1592 uno
1361 1566 1440 1599 signo
1456 1571 1636 1598 congressum
1651 1570 1752 1598 pugna:

111 1606 186 1641 ἔχειν
212 1606 330 1640 δίδωσιν,
358 1609 416 1635 οὗθ’
441 1610 454 1635 ὁ
484 1610 568 1642 πολὺς
594 1611 678 1646 ἔφηνε
703 1612 806 1647 χρόνος.
830 1613 901 1639 Ἀλλ’

109 1652 200 1679 ἐκεῖνο
220 1654 320 1689 μικροῦ
339 1663 373 1689 με
398 1656 570 1691 παρέδραμε.
585 1657 641 1692 Τὴν
654 1658 707 1693 γὰρ
726 1658 774 1684 τοῦ
797 1659 901 1694 Κρόνου

111 1698 160 1726 καὶ
174 1699 273 1734 Ἀρεος
297 1701 342 1735 ὑφ’
355 1701 396 1728 ἐνὶ
408 1701 496 1737 ζωδίῳ
509 1703 666 1730 συνέλευσιν
679 1703 770 1731 αἰτίαν
782 1704 833 1739 τῆς
847 1705 901 1731 τῶν

111 1745 221 1780 ἀνέμων
237 1747 358 1774 τίθενται
379 1748 470 1783 μάχης
489 1748 537 1774 καὶ
546 1750 598 1784 πρά
613 1758 645 1783 γε
661 1749 766 1777 τούτων
782 1751 901 1786 ήλιακήν

110 1798 173 1817 τινα
190 1791 324 1826 ἔκλειψιν.
338 1792 368 1818 Εἰ
384 1792 431 1819 οὖν
443 1793 530 1820 ταῦτα
546 1794 643 1830 φανείη
664 1795 763 1830 ψεῦδος
783 1804 902 1831 περιφα-

111 1836 167 1869 νὲς,
186 1837 325 1873 ἡγούμενα
338 1839 404 1866 ὄντα
416 1839 470 1866 τῶν
485 1840 596 1875 ἑφεξῆς,
609 1840 694 1876 ψευδῆ
710 1841 818 1874 πάντως
833 1843 903 1876 μετὰ

113 1884 162 1910 τοῦ
178 1884 303 1919 μείζονος
324 1886 485 1921 προσθήκης
500 1887 608 1920 φανεῖεν
625 1887 659 1913 ἂν
679 1888 727 1914 καὶ
742 1887 775 1914 τὰ
795 1888 903 1920 τούτοις

111 1929 252 1964 ἑπόμενα·
269 1929 364 1963 ὥσπερ
393 1932 425 1957 ἂν
441 1930 467 1956 εῐ
480 1940 522 1963 τις
547 1932 597 1966 τὴν
618 1932 696 1966 ῥίζαν
723 1932 770 1959 τοῦ
794 1933 901 1968 δένδρου

111 1976 204 2011 τεμὼν
232 1977 394 2010 συναφεϊλεν
419 1978 500 2009 εὐθὺς
523 1978 569 2004 καὶ
590 1979 641 2014 τὴν
661 1979 716 2006 τῶν
743 1979 902 2015 ἀκροδρύων

111 2023 214 2058 ψυχήν.
235 2024 272 2050 0-."
290 2025 344 2058 γὰρ
374 2024 454 2058 μόνον
466 2025 495 2050 ἐν
517 2026 573 2056 τοῖς
591 2025 709 2060 παροῦσι
729 2027 836 2060 καιροῖς
853 2026 903 2053 οὐκ

113 2069 183 2096 εἰσὶν
198 2069 252 2096 ὑπὸ
273 2069 368 2102 ζῴδιον
384 2071 413 2097 ἓν
438 2071 541 2106 Κρόνος
569 2072 616 2098 καὶ
635 2072 667 2098 Ἀ
676 2080 736 2107 ρης,
762 2072 820 2098 ἀλλ’
843 2073 903 2098 οὐσὲ

112 2117 184 2143 δυοῖν
202 2116 322 2151 συνεχῶς
350 2117 561 2152 ἐξελιττομένων
588 2118 722 2144 ἐνιαυτῶν
745 2119 794 2144 οὐκ
811 2118 844 2145 ἄν
859 2127 903 2144 πω

114 2163 271 2189 συνέλθοιεν
291 2163 334 2190 ἄν.
353 2164 440 2199 Ἀρης
460 2165 515 2199 γὰρ
532 2164 564 2190 ὲκ
580 2163 678 2190 πολλοῦ
705 2164 768 2198 περὶ
784 2163 834 2199 τὴν
857 2164 904 2190 τοῦ

113 2211 228 2242 Λέοντος
246 2210 491 2244 πεντεκαιδεκάτην
508 2212 606 2246 μοῖραν
630 2210 675 2236 τὸν
698 2211 800 2244 Κρῦνον
819 2219 904 2236 κατα-

954 1617 1102 1640 ventorum
1127 1619 1238 1639 causam
1265 1615 1399 1642 statuunt,
1418 1615 1445 1638 ct
1468 1615 1531 1637 ante
1545 1609 1593 1637 has
1612 1609 1752 1636 defectio-

952 1666 1015 1685 nem
1033 1657 1182 1693 quamdam
1204 1656 1281 1684 solis.
1305 1656 1371 1689 Quae
1395 1663 1458 1683 cum
1479 1655 1613 1690 principia
1637 1655 1704 1688 sint,
1715 1663 1749 1682 ex

951 1704 1055 1739 quibus
1084 1709 1181 1731 ett-tera
1199 1707 1419 1737 consequuntur,
1441 1702 1463 1729 si
1494 1701 1559 1728 falsa
1576 1708 1638 1728 esse
1653 1705 1753 1735 patue-

952 1751 998 1781 rit,
1012 1751 1099 1785 magis
1121 1750 1217 1784 utique
1242 1749 1309 1775 falsa
1334 1753 1417 1774 erunt
1439 1755 1471 1774 ea
1489 1746 1664 1781 omnia,quaa
1685 1747 1752 1773 inde

952 1796 1122 1831 colliguntur
1146 1803 1153 1824 :
1180 1795 1252 1822 sicut
1275 1794 1382 1821 succisa
1406 1793 1498 1819 radice
1516 1792 1623 1819 arboris
1649 1800 1748 1819 Stlllllnl

952 1842 1036 1870 etiam
1055 1841 1208 1869 cacuminis
1233 1839 1324 1866 anima
1342 1839 1448 1866 interit.
1466 1838 1546 1872 Atqui
1559 1837 1612 1864 hoc
1627 1842 1750 1872 tempore

955 1888 1093 1915 Saturnus
1120 1892 1148 1914 et
1169 1886 1242 1913 Mars
1264 1893 1320 1913 non
1344 1885 1432 1913 solum
1460 1884 1486 1911 in
1517 1892 1573 1911 uno
1600 1884 1678 1918 signo
1695 1891 1748 1910 non

953 1939 1029 1967 Sunt,
1046 1934 1093 1962 sed
1110 1941 1160 1961 nec
1174 1933 1255 1960 annis
1269 1932 1381 1967 quidem
1404 1930 1546 1958 continuis
1561 1929 1670 1957 duobus
1685 1937 1752 1957 evo-

953 1981 1018 2008 lutis
1032 1980 1114 2007 simul
1134 1978 1266 2013 congredi
1289 1982 1415 2012 possunt.
1432 1977 1539 2003 Etenim
1558 1975 1638 2005 Mars,
1656 1974 1752 2002 Satur-

953 2035 990 2054 no
1003 2025 1170 2062 jampridem
1198 2026 1225 2052 in
1247 2024 1354 2052 decima
1380 2023 1476 2058 quinta
1494 2021 1596 2048 Leonis
1613 2025 1691 2056 parte
1707 2028 1751 2047 rc-

954 2074 1030 2102 licto.
1045 2074 1071 2099 in
1089 2071 1197 2106 Scorpii
1225 2071 1319 2098 chelas
1339 2070 1396 2105 jam
1415 2069 1523 2096 transit.
1537 2067 1610 2095 Solis
1624 2074 1688 2094 vero
1702 2066 1748 2094 dc-

954 2119 1101 2147 fectionem
1117 2126 1168 2146 nec
1179 2123 1234 2145 tota
1247 2119 1304 2144 inec
1318 2121 1409 2147 aestas.
1420 2123 1472 2143 nec
1484 2121 1632 2142 secuturus
1642 2117 1752 2142 autum-

955 2174 1008 2193 nus
1026 2165 1127 2192 sentiet
1143 2173 1149 2191 :
1166 2164 1219 2192 etsi
1249 2170 1345 2191 omnes
1371 2162 1508 2195 homines,
1525 2169 1620 2189 omnes
1635 2168 1699 2188 aves
1723 2160 1749 2187 id

956 2212 1126 2240 aflirmarint.
1141 2211 1227 2246 Cujus
1254 2211 1303 2238 tibi
1334 2210 1373 2237 rei
1406 2209 1537 2244 magister
1553 2213 1581 2236 et
1605 2213 1712 2243 tempus
1723 2213 1751 2234 et

113 2256 248 2288 λελοιπὼς
263 2256 315 2292 ήδη
339 2257 387 2282 καὶ
403 2257 431 2288 ές
448 2256 497 2288 τὰς
517 2257 564 2282 τοῦ
589 2257 725 2292 Σκορπίου
748 2257 832 2291 χηλὰς
850 2257 900 2283 δια-

959 2265 1057 2285 sensus
1082 2257 1136 2284 crit
1160 2257 1193 2283 ad
1217 2256 1362 2283 veritatem
1392 2255 1503 2290 penitus
1531 2253 1749 2289 intelligendam.

113 2303 213 2332 ὄαίνει.
236 2303 371 2339 Ἠλιακήν
395 2311 427 2336 γε
458 2304 513 2338 μὴν
538 2303 659 2338 ἔκλειψιν
675 2303 738 2329 οὔτε
766 2304 796 2328 τὸ
817 2303 900 2338 παρὸν

954 2304 1026 2332 Nihil
1044 2304 1118 2331 enim
1142 2308 1195 2337 est,
1219 2303 1262 2330 cui
1283 2302 1317 2329 ad
1337 2301 1460 2329 scientiae
1486 2299 1753 2328 demonstrationem

114 2349 188 2376 ἇπαν
201 2349 291 2384 θέρος.
310 2348 372 2375 οὒτε
385 2349 415 2375 τὸ
433 2350 530 2384 ἐφεξῆς
548 2349 604 2385 (25)
624 2349 693 2384 μετὰ
718 2349 798 2376 τοῦτο
816 2349 906 2383 φθινό-

114 2403 206 2431 πωρον
230 2395 336 2430 oti/amt,
367 2395 417 2422 κᾶν
434 2397 536 2426 πάντες
563 2395 712 2431 ἄνθρωποι,
729 2395 779 2422 κᾶν
805 2396 906 2426 πάντες

114 2443 258 2476 φάσκωσιν
279 2442 396 2477 ὄρνιθες.
414 2442 510 2468 Ἔσται
526 2442 554 2468 δέ
572 2451 613 2468 σοι
624 2442 727 2468 τούτων
744 2442 905 2473 διδάσκαλος

114 2491 127 2516 ὃ
140 2498 168 2516 τε
183 2489 281 2525 χρόνος
302 2489 350 2515 καὶ
374 2489 390 2524 ἡ
406 2490 534 2523 αἴσθησις
554 2488 623 2524 πρὸς
640 2488 741 2523 ἀκριϐῆ
769 2490 818 2523 τὴν
835 2489 911 2523 dt).ﬁ-,

115 2537 201 2563 Οειαν.
225 2536 310 2562 Οὐδὲν
337 2536 391 2570 γὰρ
409 2535 494 2566 οὕτως
521 2536 560 2566 εἰς
586 2536 742 2569 ἐπιστήμης
768 2534 905 2566 ἀπόδειξιν

114 2583 316 2618 ἀναντίρρητον
338 2582 442 2617 ἕτερον,
473 2583 510 2612 ὡς
537 2581 670 2616 ἐμπειρία
696 2582 743 2607 καὶ
767 2581 905 2616 αἴσθησις,

118 2639 127 2655 ι
146 2629 281 2664 Αἴσθησις
300 2629 350 2663 μὲν
365 2629 432 2663 γὰρ,
450 2637 458 2653 ι
480 2629 571 2662 φησιν,
593 2636 601 2653 ι
622 2627 769 2662 ἐμπειρίαν
791 2628 874 2658 ποιεῖ,
889 2629 905 2662 ή

115 2678 144 2704 δὲ
155 2677 290 2713 ἐμπειρία
301 2677 351 2707 τὰς
364 2676 451 2711 ἀρχὰς
463 2675 554 2702 δίδωσι
566 2677 597 2710 τῇ
612 2676 761 2711 ἐπιστήμῃ.
779 2684 787 2700 ι
801 2676 907 2709 Ὥσπερ

116 2723 162 2752 οὖν
177 2725 254 2752 cvi-rw
278 2724 430 2757 σπαρέντος
450 2723 489 2753 εἰς
507 2723 557 2758 γῆν
576 2722 713 2757 ἐνδέχεται
731 2723 830 2758 στάχυν
849 2722 907 2748 ἐσε-

954 2351 1046 2378 minus
1071 2349 1204 2384 refragari
1233 2349 1326 2380 liceat,
1341 2355 1424 2383 quam
1452 2347 1547 2374 sensui
1564 2351 1591 2373 et
1607 2345 1753 2381 experieri-

956 2398 1011 2426 tiar.
1033 2407 1043 2424 ι
1070 2383 1177 2424 Sensus
1200 2397 1315 2431 quippe,
1340 2395 1433 2431 inquit
1455 2394 1650 2428 Philosophus,
1666 2383 1752 2428 cxpe-~

957 2444 1085 2471 rientiam
1098 2442 1205 2479 gignit;
1223 2442 1396 2476 experientia
1418 2448 1485 2468 vero
1500 2441 1635 2476 principia
1649 2447 1751 2473 suppe-

958 2491 1028 2519 ditat
1043 2490 1178 2518 scientiw.
1195 2499 1203 2515 ι
1229 2489 1307 2516 Sicut
1331 2488 1415 2523 igitur
1437 2488 1576 2514 frumento
1597 2487 1624 2513 in
1650 2490 1749 2512 terram

956 2543 1016 2566 salo
1044 2537 1123 2572 spica
1147 2536 1224 2563 nasci
1251 2538 1354 2570 potest,
1371 2533 1451 2570 “53
1469 2534 1528 2561 sine
1549 2537 1672 2560 semente
1685 2539 1753 2558 vero

958 2592 993 2612 ne
1009 2591 1120 2619 germen
1136 2582 1246 2618 quidem
1260 2582 1414 2616 exspectari
1428 2580 1514 2607 debet
1530 2589 1537 2607 :
1556 2580 1594 2606 ita
1615 2583 1643 2606 et
1659 2578 1685 2605 in
1700 2578 1756 2605 hac
1804 2589 1807 2598 -

960 2639 988 2658 re
1003 2630 1045 2664 ;si
1063 2630 1116 2657 erit
1130 2629 1256 2656 defectus
1268 2628 1345 2659 solis,
1357 2627 1378 2653 si
1401 2626 1537 2653 Saturnus
1552 2630 1580 2652 et
1596 2625 1667 2652 Mars
1685 2632 1753 2651 con-

958 2676 1079 2712 gressuri
1090 2681 1166 2708 sunt,
1180 2675 1273 2702 dicere
1295 2674 1409 2700 fortasse
1426 2672 1464 2699 illi
1485 2670 1673 2707 queant,fore
1693 2674 1752 2697 tur-

962 2724 1042 2751 bines
1058 2728 1086 2750 et
1112 2722 1272 2750 eversiones
1294 2720 1403 2748 urbium
1421 2724 1448 2747 et
1471 2719 1606 2747 montium
1620 2727 1635 2746 a
1649 2717 1753 2745 radici-

804 2783 974 2814 Variorum
992 2787 1086 2815 notae.

153 2838 208 2873 (23)
228 2836 318 2873 Estas
335 2835 401 2873 anni
420 2835 486 2873 1530
511 2833 579 2863 solis
605 2834 786 2873 defectionem
808 2833 906 2861 habuit

117 2869 161 2902 die
175 2869 250 2901 Junii
268 2871 310 2903 16,
326 2872 358 2898 de
373 2879 425 2905 qua
441 2872 510 2898 infra
526 2879 586 2905 cap.
604 2869 722 2903 12,5cct.
736 2870 762 2896 2,
777 2870 843 2896 Item
857 2878 905 2897 au-

119 2917 231 2939 tumnus
253 2908 317 2936 anni
344 2906 501 2940 1551,Nov.
523 2906 566 2934 diu
587 2907 642 2940 50.,
661 2913 689 2934 ut
711 2906 780 2933 infra
795 2914 903 2940 quoque

960 2835 1067 2862 dicetur
1078 2838 1138 2867 cap.
1154 2834 1204 2860 ult.
1220 2833 1316 2868 itaque
1330 2832 1388 2860 lucc
1405 2831 1535 2860 videntur
1548 2831 1650 2866 scripta
1665 2829 1753 2859 fuisse

959 2878 1032 2898 anno
1048 2870 1129 2898 1529.
1147 2869 1250 2896 Borvm.
