1915 3071
184 170 236 200 627
309 166 345 202 [Α.
368 174 396 193 ιι.
417 166 487 194 6856
504 174 537 194 Αο
557 166 639 202 6849]

764 169 974 201 NICEPHOBI
993 170 1188 202 GREGORJE

1323 167 1390 200 [ιιιιι.
1411 175 1552 195 Ακυιιοιιιε.
1583 167 1655 204 tum]

1753 169 1808 202 628

183 224 266 250 etiam
291 223 440 259 imperator
463 223 515 251 levi
541 223 659 258 quodam
685 227 713 250 et
737 224 850 252 minime
877 224 971 252 Ietbali

1028 235 1079 258 τοις
1095 226 1142 252 καὶ
1157 227 1171 252 ὁ
1188 224 1314 261 βασιλεὺς
1331 226 1428 260 ἅτερον
1446 226 1503 252 τοῖν
1518 224 1609 252 ποδοῖν
1624 224 1736 260 ἐλαφρῷ
1752 232 1807 252 τινι

183 269 290 305 sagittae
309 270 365 297 ictu
382 270 496 297 alterum
514 269 608 304 pedem
626 270 786 298 vulneratus
800 274 852 298 est.

218 314 262 343 Ill.
284 315 322 343 Ea
337 321 418 343 nocte
433 315 621 350 spectaculum
639 315 794 344 miserabile
812 322 838 343 et
857 316 970 344 evidens

185 363 232 389 ira:
258 362 358 389 divinat
377 363 486 397 signum
510 363 624 389 exstitit.
655 362 721 390 Nam
747 363 896 395 Barbarus,
922 362 969 397 qui

185 408 370 435 Romanorum
397 413 566 434 armaturam
586 414 614 434 et
639 408 746 436 virilem
770 409 797 436 in
824 409 970 444 pugnando

185 452 366 480 constantiam
380 453 487 479 viderat
510 458 536 479 et
560 452 711 480 admiratus
733 453 832 485 fuerat,
853 460 901 480 eos
916 461 968 480 non

185 499 339 534 quieturos,
352 498 399 525 sed
411 498 543 533 postridie
555 498 664 533 longius
676 506 870 534 progressuros
883 503 968 530 ratus.

186 544 317 571 trecentis
340 544 481 578 equitibus
499 544 658 578 speculandi
683 544 768 578 gratia
796 544 833 570 ibi
855 544 968 576 relictis.

185 590 245 625 ipse
273 597 334 616 cum
360 589 433 616 omni
459 589 582 616 exercitu
607 589 728 623 perrexit
745 589 860 617 ulterius
873 590 906 617 ad
922 598 957 624 op

185 640 317 669 portunas
334 635 393 662 vias
414 634 597 669 oceupandas.
616 634 706 670 Atque
735 636 771 662 ita
791 635 900 669 quidem
925 636 970 662 ille

186 681 321 708 discessit.
340 673 490 716 lmperato'r
512 688 579 708 vero
603 681 764 716 oppidulum
789 681 968 709 Pliilocrenen

186 725 328 760 ingressus
354 730 397 752 est
418 725 533 753 curandi
553 724 675 752 vulneris
696 725 793 760 gratia.
819 725 895 758 Quod
916 725 971 752 Ro-

186 771 259 798 mani
283 770 386 798 milites
412 778 474 798 cum
498 771 769 804 animadvertissent,
794 779 844 799 nec
861 779 969 799 causam

187 817 255 844 satis
269 821 344 844 certo
356 816 472 849 scirent,
484 824 547 844 eum
562 825 618 852 prae
630 823 703 844 metu
720 817 814 852 fugere
829 822 970 851 putarunt.

186 861 274 890 Noctu
288 862 362 889 enim
384 862 539 890 Orchanem
550 871 613 891 cum
627 871 724 899 magno
738 863 860 891 exercitu
874 863 968 895 affore,

1022 272 1096 307 βέλει
1116 271 1164 299 καὶ
1179 272 1208 298 οὐ
1224 271 1297 307 μάλα
1311 272 1421 307 καιρίῳ.

1057 319 1094 346 Γ’.
1115 318 1159 345 Ἐν
1179 318 1265 354 ταύτῃ
1280 318 1308 344 δὲ
1324 319 1357 353 τῇ
1370 317 1450 344 νυκτὶ
1460 317 1564 351 γίνεται
1577 325 1605 344 τι
1618 316 1709 352 θέαμα
1722 317 1811 344 ἐλεει-

1022 365 1067 391 νὸν
1085 365 1132 391 καὶ
1148 363 1290 398 προφανής
1305 372 1346 394 τις
1365 362 1506 398 θεομη-ιία.
1525 361 1605 389 Ἐπεὶ
1629 362 1684 396 γὰρ
1709 363 1724 387 ὀ
1739 361 1810 395 βάρ-

1022 410 1104 445 6αρος
1122 409 1306 442 ἐτεθαυμάκει
1332 408 1499 443 θεασάμενος
1521 407 1576 434 τῶν
1596 406 1741 442 Ῥωμαίων
1756 407 1809 441 τήν

1021 464 1050 482 τε
1075 456 1182 482 ὅπλισιν
1198 456 1245 482 καί
1268 455 1318 488 τὴν
1345 453 1477 489 ἀνδρικὴν
1513 453 1649 486 ἔνστασιν,
1685 453 1813 487 ἐνόμισεν

1021 501 1051 527 οὗ
1071 501 1152 536 μέχρι
1166 500 1263 527 τούτου
1289 500 1385 534 στῆναι
1400 499 1526 534 θελήσειν
1543 499 1653 531 αὐτοὺς,
1670 498 1740 525 ἀλλὰ
1759 499 1809 524 καὶ

1022 548 1051 579 ἐς
1082 547 1116 573 τὰ
1143 546 1237 582 πρόσω
1267 546 1367 580 χωρεῖν
1394 545 1423 576 ἐς
1466 545 1515 577 τὴν
1539 544 1695 579 ὑστεραίαν.
1729 543 1812 569 Ὅθεν

1021 591 1193 626 τριακοσίους
1211 591 1270 617 ἐκεῖ
1285 589 1486 621 καταλελοιπὼς
1501 589 1603 621 ἱππέας
1627 587 1744 623 Θεωρίας
1769 588 1812 613 εῖ-

1022 646 1098 669 νεκα,
1110 637 1190 669 αὐτὸς
1206 637 1257 672 τὴν
1271 636 1335 671 ὅλην
1363 635 1506 663 ἀναλαϐὼν
1540 633 1671 669 στρατιὰν
1693 633 1812 668 ήλαυνεν

1026 682 1054 710 ἐς
1070 681 1103 707 τὰ
1129 681 1235 716 πρόσω,
1250 680 1375 706 σπεύδων
1391 679 1611 714 προκαταλαϐεῖν
1624 678 1659 704 τὰ
1672 678 1726 704 τῶν
1742 677 1812 704 ὁδῶν

1022 725 1197 762 καιριώτερα.
1218 727 1335 757 Ἐκεῖνος
1354 726 1403 761 μὲν
1419 726 1465 753 οὖν
1480 726 1566 757 οὕτως
1578 724 1664 760 ᾤχετο
1675 723 1782 751 ἀπιών·
1797 725 1812 750 ὁ

1021 771 1048 797 δέ
1067 771 1191 806 βασιλεὺς
1207 771 1236 802 ἐς
1251 771 1281 797 τὸ
1300 771 1348 805 τῆς
1371 771 1542 806 Φιλοκρήνης
1564 769 1650 805 εἰσῄει
1673 769 1812 804 πολίχνιον

1023 817 1169 852 Θεραπείας
1184 817 1278 844 εἵνεκα
1302 816 1349 842 τοῦ
1374 816 1462 847 ποδός.
1479 816 1568 851 Ὅπερ
1583 817 1597 842 ὁ
1615 815 1730 850 στρατὸς
1747 815 1812 841 θεα-

1023 863 1134 896 σάμενοι
1154 862 1208 888 τῶν
1231 861 1377 896 Ῥωμαίων
1400 861 1449 888 καί
1477 861 1578 896 ἥκιστα
1608 861 1737 894 καθαρῶς
1759 861 1810 895 τὴν

187 915 277 943 neque
302 916 468 944 quemquam
496 909 681 936 Romanorum
704 910 808 937 salvum
823 918 967 938 evasurum

1028 908 1109 935 ιίτίαν
1124 907 1310 943 μεμαθηκότες
1334 907 1446 941 φεύγειν
1465 908 1593 942 ἐνόμισαν
1628 907 1681 934 ὑπὸ
1708 906 1811 937 δειλίας

186 951 269 988 436
292 960 323 980 ac
342 953 427 980 soiem
453 954 586 989 postridie
608 954 782 988 intuiturqm.
807 956 902 990 Itaque
923 955 968 990 qui

187 998 329 1025 naviculas
353 1006 445 1026 secum
470 994 632 1032 attulEl-ant,
657 1000 776 1033 nudijin
795 1000 862 1035 ipsis
885 1000 970 1035 fugie-

188 1042 266 1070 bant.
295 1045 347 1071 Alii
375 1044 542 1073 festinantes
567 1050 629 1073 ante
654 1051 746 1080 pnrtas
764 1045 887 1081 oppiduli
912 1054 970 1073 sese

187 1093 284 1116 mutuo
302 1089 426 1125 plerique
445 1090 644 1118 conculcabant
668 1096 696 1118 et
721 1091 902 1118 suﬂ‘ocabant.
920 1092 970 1118 Alii

187 1140 291 1162 catena:
304 1135 391 1162 insnar
410 1144 443 1163 ex
461 1143 490 1163 se
512 1136 632 1164 invicem
649 1137 711 1164 nexi
728 1145 760 1164 ac
772 1138 898 1172 suspensi
911 1145 972 1172 parb

187 1180 237 1207 tim
260 1181 287 1207 in
304 1182 508 1217 propugnacula
531 1182 695 1215 evadebant,
715 1183 812 1218 partim
826 1191 840 1210 a
857 1190 973 1218 sequen-

188 1225 263 1253 tibus
286 1226 403 1254 detracti
428 1231 456 1254 et
471 1228 561 1254 eversi
577 1235 640 1255 casu
668 1228 868 1256 moriebantur.
888 1229 979 1258 Erant.

187 1272 269 1298 etiam
297 1272 343 1306 qui
357 1273 416 1299 solo
444 1273 541 1300 timore
564 1274 714 1301 exanimati
735 1278 840 1301 stantes
853 1274 973 1308 east-ira-

188 1323 260 1344 rent.
279 1317 356 1345 Mane
371 1325 438 1345 vero
453 1319 544 1346 statim
565 1319 622 1346 sole
642 1325 703 1347 orto
722 1320 838 1347 trecenti
860 1320 897 1346 illi
912 1320 974 1346 Bar‘

188 1363 250 1390 bari
271 1364 462 1392 incredibilem
485 1372 546 1392 eam
567 1365 754 1393 Romanorum
777 1366 880 1394 cladem
907 1374 974 1393 cen-

189 1409 286 1444 spicati
303 1411 527 1444 progrediuntur,
543 1415 641 1438 etcum
660 1412 687 1438 in
705 1411 803 1439 castris
818 1420 915 1447 equos,
932 1421 975 1440 ar-

189 1463 245 1489 ma,
269 1464 353 1483 vacua
374 1456 532 1484 hominibus
548 1458 677 1490 tentoria,
695 1455 886 1493 itnperatorios
910 1460 975 1487 item

189 1509 278 1536 equos
294 1510 356 1529 cum
373 1503 553 1530 rnbris‘sellis
571 1509 598 1531 et
616 1504 823 1539 imperatorium
847 1505 976 1533 taberna-

1021 954 1112 980 αὐτόν.
1126 953 1241 980 Μέλλειν
1254 953 1307 988 γὰρ
1325 952 1512 979 ἐπικείσεσθαι
1536 953 1642 983 τούτοις
1655 952 1752 983 νυκτὸς
1764 952 1812 978 τὶν

1023 999 1156 1034 ὐρχανον
1169 999 1237 1034 μετὰ
1252 999 1324 1034 μάλα
1344 998 1442 1025 πολλοῦ
1457 997 1504 1024 τοῦ
1522 997 1637 1034 στρατοῦ
1650 997 1696 1025 καὶ
1709 997 1811 1033 μηδένα

1022 1046 1110 1078 ζῶντα
1129 1045 1270 1080 Ῥωμαίων
1294 1045 1337 1082 [Ρ.
1357 1044 1422 1080 26θῖ
1453 1045 1622 1077 καταλιπεῖν,
1636 1044 1681 1070 τὶν
1709 1044 1736 1073 ἐς
1760 1042 1810 1078 τὴν

1022 1093 1167 1127 ὑστεραίαν
1186 1092 1433 1126 θεάςασϐαιῆλίον.
1453 1091 1535 1117 ὐοεν
1551 1091 1609 1117 ὅσοι
1629 1090 1678 1124 μὲν
1706 1089 1809 1116 ἀκάτια

1022 1137 1198 1171 ἐπεφέροντο,
1224 1136 1325 1171 ᾤχοντο
1351 1135 1496 1170 φεύγοντες
1522 1135 1621 1169 γυμνοὶ
1645 1134 1679 1161 δι’
1707 1133 1810 1161 αὐτῶν.

1023 1183 1054 1208 οι
1072 1182 1099 1208 δὲ
1112 1182 1273 1213 σπεύδοντες
1289 1181 1343 1217 πρὸ
1361 1181 1415 1208 τῶν
1428 1181 1520 1206 πυλῶν
1534 1180 1581 1207 τοῦ
1604 1180 1744 1214 πολιχνίου
1758 1187 1810 1206 κα-

1022 1229 1213 1263 τεπατήθησαν
1228 1227 1274 1255 ὑπ’
1288 1227 1410 1263 ἀλλήλων
1424 1228 1448 1254 oi
1465 1226 1573 1255 Melon;
1593 1226 1641 1252 xci.
1657 1225 1814 1259 ἀπεπνίγη-

1026 1283 1092 1300 σαν·
1109 1273 1184 1300 ἄλλοι
1201 1273 1223 1300 δ’
1242 1273 1365 1313 ἀλλήλων
1393 1273 1580 1308 ἐξαρτώμενοι
1604 1272 1683 1306 δίκην
1706 1271 1813 1304 σειρᾶς,

1024 1321 1048 1347 οἰ
1071 1321 1119 1356 μὲν
1136 1320 1248 1348 Baduuini
1262 1320 1403 1353 ἐπάλξεων
1425 1320 1588 1356 εἰσεπήδων,
1601 1319 1627 1345 οἰ
1639 1319 1666 1345 δὲ
1678 1318 1812 1345 ἀποσπὼ·

1029 1375 1106 1401 μενοι
1121 1367 1191 1401 πρὸς
1205 1367 1258 1393 τῶν
1275 1367 1387 1393 ὄπισθεν
1407 1364 1599 1401 ἐφελκομένων
1628 1364 1814 1397 ἀνετρέποντό

1026 1421 1056 1439 τε
1070 1412 1118 1439 καὶ
1135 1412 1267 1448 ἔθνησκον
1284 1412 1440 1443 πίπτοντες.
1452 1409 1544 1438 *Ησαν
1556 1411 1579 1438 δ’
1595 1410 1620 1437 οἳ
1635 1410 1683 1437 καὶ
1698 1410 1749 1436 ὑπὸ
1765 1410 1815 1444 μοί-

1028 1467 1078 1494 νης
1104 1458 1205 1490 δειλίας
1227 1459 1369 1493 ἀπέψυξαν
1397 1459 1549 1493 ἱστάμενοι.
1568 1458 1649 1492 Ἀρειι
1666 1457 1694 1483 δὲ
1721 1457 1770 1483 καὶ
1799 1457 1814 1482 ὁ

1028 1505 1103 1541 ἥλιος
1119 1505 1241 1540 ὑπερῦὰς
1257 1504 1303 1530 τὸν
1328 1503 1455 1539 ὁρίζοντα
1480 1503 1637 1539 ἡρμήνευσε
1654 1502 1712 1531 τοῖς
1736 1509 1814 1535 τρια-

189 1549 282 1576 eulum
302 1550 435 1582 viderent,
452 1550 562 1577 ducenti
580 1559 613 1577 ev
629 1551 662 1578 iis
683 1551 726 1578 bis
743 1551 871 1579 omnibus
894 1552 973 1580 abre-

1030 1551 1131 1582 κοσίοις
1143 1551 1258 1582 ἐκείνοις
1271 1550 1418 1586 βαρϐάροις
1433 1549 1612 1593 τὴν-’ἄπιστον
1624 1547 1733 1582 ἐκείνην
1744 1555 1814 1581 συμ-

189 1596 245 1630 ptis
267 1596 378 1623 abeunt.
409 1596 515 1631 Reliqui
537 1601 648 1624 centum
679 1598 793 1632 propius
819 1605 972 1631 accessere,

189 1647 217 1669 et
229 1649 278 1669 eos
291 1642 339 1677 qui
357 1650 447 1676 neque
461 1642 487 1669 in
503 1642 644 1670 naviculas
661 1651 749 1677 neque
768 1643 794 1670 in
813 1644 973 1678 oppidulum

190 1687 370 1722 confugerant
388 1687 578 1723 frequentibus
593 1688 653 1715 tclis
671 1688 851 1716 confixerunt.
907 1683 911 1691 ”

1029 1598 1116 1633 φορὰν
1131 1596 1178 1623 τοῦ
1210 1596 1365 1632 Ῥωμαῖκοῦ
1381 1590 1497 1631 στρατοῦ
1507 1604 1514 1611 ·
1531 1596 1578 1622 καὶ
1592 1593 1809 1628 προσελάσαντες

1030 1645 1078 1671 καὶ
1098 1645 1262 1679 θεασάμενοι
1293 1644 1461 1678 προκείμενα
1487 1642 1562 1677 παρὰ
1576 1641 1606 1667 τὸ
1632 1638 1814 1675 στρατόπεδον

1031 1691 1132 1721 ἵππους
1143 1691 1190 1717 καὶ
1207 1691 1276 1716 ὅπλα
1306 1690 1354 1716 καλ⁸
1372 1689 1476 1724 σκηνὰς
1491 1687 1596 1722 ἀνδρῶν
1624 1686 1717 1716 κενὰς,
1745 1684 1815 1720 πρδς

189 1733 219 1760 δὲ
243 1734 349 1765 τούτοις
377 1734 503 1764 καὶτοὺς
533 1733 611 1769 βασιλ
625 1735 688 1765 xei»;
710 1735 809 1766 ἵππους
845 1735 914 1770 μετὰ
952 1737 1007 1763 τῶν
1030 1736 1151 1772 ὲρυθρῶν
1177 1735 1341 1771 ἐφεστρίδων
1366 1735 1414 1762 καὶ
1442 1733 1491 1769 τὴν
1524 1732 1670 1768 βασιλικὴν
1697 1731 1814 1766 σκηνὴν,

190 1778 299 1806 ἅπαντα
316 1779 446 1811 λαϐόντες
457 1779 482 1805 οἰ
496 1779 629 1807 διακόσιοι
639 1781 775 1816 ἀπῄεσαν.
793 1782 823 1807 Οἰ
837 1781 858 1807 δ’
895 1781 992 1808 ἑκατὸν
1013 1784 1097 1817 ἐγγὺς
1106 1783 1248 1818 γενόμενοι
1263 1782 1371 1813 πολλοῖς
1402 1781 1563 1816 κατέπειρον
1576 1779 1694 1815 βέλεσιν,
1705 1779 1762 1805 ὅσοι
1777 1777 1816 1813 μὴ

191 1825 315 1860 ἔφθησαν
347 1825 410 1861 μήτ’
438 1827 465 1857 ἐς
492 1826 605 1858 ἀκάτια,
633 1827 696 1862 μήτ’
721 1828 749 1859 ἐς
779 1827 811 1854 τὸ
835 1827 974 1862 πολίχνιοι
994 1829 1107 1861 ἑαυτοὺς
1122 1829 1297 1864 ἐμϐαλόντες.

227 1871 270 1899 IV.
297 1872 448 1906 Imperator
475 1879 541 1899 vero
558 1872 602 1900 bis
628 1873 693 1900 visis
710 1880 772 1901 cum
799 1873 867 1900 nihil
893 1881 975 1909 agere

190 1923 281 1951 posse!
299 1925 348 1944 nec
364 1917 446 1944 ullam
454 1922 569 1956 tempus
582 1919 816 1953 opportunitatem
830 1919 976 1954 prteberet,

191 1971 342 1990 conscensa
358 1969 385 1990 et
400 1963 456 1998 ipse
472 1965 532 1991 navi
550 1964 709 1999 Byzantium
731 1964 823 1992 rediit.
839 1965 977 1994 Cteterum

192 2009 237 2036 ille
261 2017 363 2044 auceps
386 2009 528 2048 haesitabat
543 2015 569 2037 et
587 2018 680 2037 secum
703 2010 784 2037 tacite
810 2011 978 2047 ambigebat,

191 2063 273 2090 quam
300 2056 336 2082 ob
357 2063 469 2083 causam
488 2056 544 2083 Deo
569 2057 637 2083 irato
662 2056 802 2084 Romanus
830 2058 978 2091 exercitus,

192 2108 254 2128 eum
271 2109 353 2129 nemo
378 2109 411 2129 ex
442 2102 568 2129 hostibus
596 2107 821 2137 persequeretur,
847 2103 980 2143 temporis

194 2153 336 2175 momento
354 2148 391 2175 ita
408 2154 480 2176 esset
494 2149 664 2183 proliigatus.
686 2149 807 2176 Tandem
825 2154 886 2184 post
908 2149 980 2176 mul<

195 2197 236 2220 tas
254 2193 443 2220 dubitationes
465 2200 527 2220 cum
547 2194 599 2220 alia
617 2194 746 2229 plurima,
773 2199 827 2221 tum
854 2195 879 2221 id
906 2194 978 2228 quod

193 2240 386 2274 gravissimum
408 2244 467 2266 erat
478 2239 682 2270 animadvertit,
700 2240 814 2274 publica:
827 2240 981 2275 disciplina:

1062 1880 1100 1904 A'.
1127 1876 1222 1904 Ταῦτα
1253 1874 1422 1910 θεασάμενος
1450 1873 1496 1901 καὶ
1525 1873 1539 1899 ὁ
1560 1871 1686 1907 βασιλεὺς
1712 1870 1761 1897 καὶ
1777 1869 1817 1905 μὴ

1027 1923 1097 1957 ἔχων
1124 1922 1137 1948 ὃ
1154 1930 1180 1948 τι
1199 1922 1247 1948 καλ¹
1266 1920 1386 1955 δράσειε,
1402 1919 1451 1954 τῆς
1462 1918 1651 1953 περιστάσεως
1677 1915 1754 1942 οὐδὲν
1768 1915 1815 1942 οὒ-

1027 1969 1102 2004 δαμῆ
1118 1967 1293 2003 χορηγούσης
1313 1966 1480 2004 εὐμήχανον,
1510 1965 1539 1995 ἐς
1550 1963 1643 1989 πλοῖον
1664 1961 1754 1997 ἐμϐὰς
1767 1963 1816 1987 καὶ

1028 2000 1234 2048 αὐτὸς-ἐπανῄει
1250 2000 1317 2047 πρὸς
1333 2000 1364 2038 τὸ
1390 2000 1547 2042 Βυζάντιον.
1573 2008 1703 2043 Διηπόρει
1719 2006 1741 2033 δ’
1767 2004 1816 2033 οὖν

1029 2061 1103 2095 ὅμως
1130 2059 1191 2086 καθ’
1206 2058 1302 2085 ἑαυτὸν
1318 2056 1502 2092 γνωσιμαχῶν
1526 2056 1573 2082 καὶ
1593 2053 1682 2089 ζητῶν
1696 2053 1745 2088 τὴν
1764 2053 1816 2087 τῆς

1030 2105 1177 2140 θεομηνίας
1195 2103 1296 2135 αἰτίαν,
1315 2102 1349 2129 δι’
1367 2102 1400 2137 ἣν
1421 2102 1450 2129 τὸ
1463 2101 1516 2128 τῶν
1537 2100 1683 2134 Ῥωμαίων
1699 2099 1816 2133 στρατό-

1030 2152 1111 2178 πεδον
1125 2150 1213 2182 οὕτως
1241 2151 1270 2177 ἐν
1295 2150 1395 2184 ἀκαρεῖ
1416 2148 1589 2183 διέφθαρται,
1617 2146 1731 2182 μηδενὸς
1760 2145 1817 2172 τῶν

1030 2197 1168 2231 πολεμίων
1180 2196 1333 2226 διώκοντος.
1349 2195 1453 2229 Συνῆκε
1471 2193 1494 2221 δ’
1511 2194 1559 2229 ὀψὲ
1569 2192 1618 2219 καὶ
1634 2192 1746 2218 πλεῖστα
1766 2191 1817 2226 μὲν

1030 2244 1122 2278 ἕτερα,
1137 2242 1314 2277 καιριώτερον
1334 2241 1357 2267 δ’
1374 2239 1446 2281 εἶναι
1459 2240 1489 2266 τὺ
1502 2239 1556 2266 τῶν
1569 2237 1715 2265 πολιτικῶν
1727 2245 1820 2271 πραγ-

195 2286 427 2320 perturbationem
450 2285 511 2312 dico
523 2290 551 2312 et
573 2293 731 2320 perversum
744 2294 847 2313 morem
862 2286 973 2321 judicio-

1034 2290 1126 2325 μάτων
1140 2288 1314 2323 ἀστάθμητον
1342 2278 1390 2314 καὶ
1406 2288 1435 2314 τὸ
1451 2287 1517 2321 περὶ
1540 2286 1588 2317 τὰς
1611 2285 1690 2315 δίκας
1707 2283 1818 2317 νόσημα

194 2339 255 2358 rum
289 2339 297 2358 :
320 2332 366 2366 qui
395 2331 507 2366 quidem
533 2330 645 2359 morbus
669 2332 722 2359 late
745 2332 862 2359 diffusus
876 2337 903 2359 et
922 2332 981 2366 ipso

195 2377 328 2412 temporis
350 2377 427 2412 lapsu
456 2377 623 2404 inveteratus
639 2385 765 2413 magnam
791 2379 981 2406 confusionem

193 2431 225 2449 ac
241 2422 321 2458 437
342 2424 457 2450 multum
484 2423 639 2450 detrimenti
661 2423 819 2458 reipublicae
837 2424 980 2452 afferebat.

193 2469 303 2496 Etenim
316 2469 415 2501 morbi,
431 2469 479 2503 qui
495 2464 528 2495 ex
546 2468 617 2495 malo
634 2460 728 2504 aliquo
741 2470 866 2504 corporis
886 2470 980 2496 habitu

193 2516 332 2548 oriuntur,
356 2522 457 2550 paucos
476 2515 619 2547 invadunt,
641 2523 692 2543 nec
716 2517 823 2550 publice
836 2520 980 2551 vagantur.

193 2562 264 2589 Aere
280 2567 370 2589 autem
398 2562 500 2589 infecto
523 2569 629 2595 omnes,
645 2563 692 2597 qni
708 2562 835 2589 eumdem
855 2566 884 2589 et
904 2569 981 2589 com-

195 2616 306 2637 munem
329 2615 421 2635 aerem
449 2609 633 2644 participant,
665 2609 752 2643 ipsius
777 2608 859 2635 etiam
892 2607 982 2635 morbi

194 2654 341 2689 participes
365 2654 423 2681 ﬁeri
450 2662 562 2682 necesse
588 2658 640 2682 est.
664 2654 793 2681 Eamdem
820 2657 911 2681 autem
937 2653 983 2681 ille

190 2699 331 2727 rationem
348 2707 409 2727 esse
432 2700 523 2727 aiebat
540 2700 708 2734 privatorum
722 2699 845 2726 omnium
868 2698 984 2726 delicto-

195 2752 265 2776 rum,
280 2744 302 2771 si
317 2752 377 2772 cnm
393 2745 494 2780 iniquis
508 2745 619 2780 judiciis
635 2744 838 2772 conferrentur.

230 2788 264 2816 V.
286 2789 405 2817 Proinde
419 2798 474 2818 non
497 2791 592 2820 multis
610 2794 673 2826 post
688 2790 786 2818 diebus
814 2790 911 2818 Isaiam
932 2798 983 2826 pa-

195 2834 345 2862 triarcham
368 2837 498 2864 convenit
524 2845 530 2863 :
553 2843 585 2864 ac
600 2837 719 2872 primum
736 2836 762 2865 ei
784 2842 901 2865 conatur
917 2845 982 2872 per-

196 2878 324 2915 suadere,
341 2886 370 2910 ut
395 2883 464 2912 iram
492 2884 624 2914 adversus
647 2883 791 2922 episcopos
817 2884 937 2920 deponat
954 2888 983 2914 et

1030 2335 1165 2369 πολύχουν
1179 2333 1210 2360 δν
1232 2334 1279 2360 καὶ
1305 2333 1431 2360 δυσίατον
1451 2332 1495 2359 διὰ
1509 2331 1558 2367 τὴν
1587 2332 1620 2357 ἐκ
1641 2328 1689 2356 τοῦ
1715 2328 1815 2364 χρόνου

1030 2380 1252 2416 προσγενομένην
1273 2380 1330 2412 ἓξιν
1359 2379 1434 2414 αὺτῷ
1458 2378 1505 2405 καὶ
1529 2377 1630 2410 πολλὴν
1653 2375 1757 2409 ἐπάγον
1775 2373 1816 2409 τῷ

1030 2427 1112 2462 κοινῷ
1123 2426 1178 2453 τῶν
1193 2426 1363 2462 πραγμάτων
1388 2426 1436 2461 τὴν
1469 2424 1601 2459 σύγχυσιν
1629 2421 1676 2449 καὶ
1698 2421 1813 2456 ζημίαν.

1031 2474 1135 2508 Ὥσπερ
1148 2473 1202 2507 γὰρ
1219 2473 1253 2499 τὰ
1267 2473 1298 2499 ἐκ
1323 2480 1394 2503 τινος
1408 2470 1538 2506 καχεξίας
1561 2467 1721 2504 σωματικῆς
1750 2467 1813 2501 ἐπι-

1031 2517 1213 2552 συμὸαίνοντα
1222 2517 1361 2552 νοσήματα
1374 2517 1430 2548 τοῖς
1447 2515 1599 2550 ἀνθρώποις
1617 2513 1738 2543 σπανίοις
1753 2512 1817 2538 ἑτε-

1031 2564 1177 2598 συμὸαίνει
1193 2564 1239 2591 καὶ
1255 2564 1306 2590 οὐκ
1323 2564 1353 2594 ἐς
1368 2563 1399 2589 τὸ
1419 2562 1509 2588 κοινὸν
1529 2561 1580 2595 τὴν
1594 2559 1718 2587 διάϐασιν
1730 2557 1814 2592 ἴσχει,

1030 2609 1077 2635 τοῦ
1092 2609 1115 2635 δ’
1125 2609 1209 2644 ἀέρος-
1220 2609 1384 2643 νοσήσαντος
1397 2608 1506 2642 ἀνάγκη
1523 2605 1661 2633 κοινωνεῖν
1677 2603 1725 2630 τοῦ
1734 2604 1817 2638 νοσή-

1033 2663 1119 2690 ματος
1138 2654 1273 2686 ἇπαντας,
1289 2655 1345 2681 ὅσοι
1360 2654 1408 2681 τοῦ
1426 2653 1511 2680 αὑτοῦ
1525 2654 1602 2687 κοινῇ
1619 2650 1819 2687 μετειλήφασιν

1031 2698 1126 2736 ἀέρος,
1152 2699 1240 2732 οὕτως
1255 2700 1327 2736 ἔχειν
1344 2700 1447 2735 ἔφασκε
1458 2700 1492 2726 τὰ
1509 2698 1610 2734 μερικὰ
1626 2696 1705 2723 πάντ’
1719 2694 1820 2730 ἀδική-

1033 2755 1105 2782 ματα
1123 2746 1190 2782 πρδς
1201 2746 1232 2773 sb
1248 2747 1311 2783 περὶ
1320 2747 1369 2778 τὰς
1385 2747 1490 2782 κρίσεις
1500 2745 1652 2780 γινόμενον.

1067 2790 1106 2820 E'.
1122 2792 1205 2819 Ὅθεν
1237 2793 1296 2829 μετ’
1315 2793 1346 2820 οὑ
1367 2793 1467 2824 πολλὰς
1492 2794 1542 2824 τὰς
1567 2791 1675 2827 ἡμέρας
1706 2788 1818 2815 ἄπεισιν

1031 2838 1060 2870 ἐς
1082 2837 1127 2866 τὸν
1141 2839 1316 2875 πατριάρχην
1332 2839 1446 2866 Ἡσαΐαν
1457 2846 1464 2854 ⁸
1474 2838 1522 2865 καὶ
1537 2838 1634 2874 πρῶτα
1649 2837 1701 2872 μὲν
1710 2834 1820 2862 πείθειν

1029 2883 1124 2911 τοῦτον
1142 2884 1291 2913 ἀποθέσθαι
1305 2886 1439 2922 ἐπιχειρεῖ
1455 2885 1500 2912 τὸν
1518 2885 1587 2921 πρὸς
1615 2885 1677 2916 τώς
1696 2882 1813 2910 ἐπισκό-
