1915 3071
132 161 183 194 οι]
259 159 297 196 μ.
366 160 433 188 ms
453 161 588 197 Αυιδιι]

643 164 864 195 BYZANTIN/E
884 165 1076 195 llISTORI/E
1095 165 1165 195 LIB.
1186 165 1240 195 1X-

1293 162 1359 198 [μιν.
1379 169 1510 190 Αχυιιονιε
1541 161 1612 198 turn]
1702 163 1757 194 6ίὲ

134 229 196 254 ρους
211 221 258 246 καὶ
275 220 533 254 κατωφρυωμένους
547 221 767 253 δραστικώτατον
783 221 857 253 ἔδοξε
873 223 912 248 κα⁷

971 230 1032 257 qua:
1046 224 1078 249 ad
1091 223 1274 250 inconsultam
1289 231 1338 250 eos
1351 223 1534 250 temeritatem
1548 222 1665 257 impellit
1680 227 1707 250 et
1721 222 1756 249 ad

131 265 350 301 ανυσιμώτατον,
377 266 544 300 προπέτειαν
571 266 772 301 ἀπερίσκεπτον
797 267 918 301 ὑφηγού-

132 319 214 345 μενον
231 310 279 336 nat
291 310 436 345 πρόχειρον
451 311 479 342 ἐς
501 311 574 338 ἅπαν
592 311 653 337 καθ’
678 312 787 338 ἅπαντα
811 312 917 346 χρόνον,

130 359 157 384 εἰ·
166 357 192 382 τί
207 365 258 383 που
281 359 337 388 τοῖς
352 356 464 390 κούφοις
480 357 570 384 αὐτῶν
592 358 732 392 λογισμοῖς
754 358 919 392 ἐπιφύεται.

131 405 203 440 Πρὸς
217 406 266 439 μὲν
288 404 321 439 δὴ
338 404 441 435 ταύτας
466 405 617 437 ἀντιλέγειν
632 406 679 431 καὶ
705 405 870 439 ἀπελέγχειν
892 405 917 430 οἱ

130 451 253 477 πλεῖστοι
282 450 337 476 τῶν
352 450 438 484 φίλων
463 451 668 485 προύτρέποντό
692 459 737 486 με’
769 451 819 477 οὐκ
846 450 916 483 οἴδα,

128 497 178 523 εῖτ*
190 497 240 531 ἐμὲ
257 496 414 531 βασανίζειν
436 496 587 528 ἐθέλοντες,
606 497 702 532 ὥσπερ
726 498 789 528 τοὺς
804 497 918 532 ἁμιλλη-

128 543 242 577 τηρίους
255 543 309 569 τῶν
330 543 422 570 ἵππων
434 543 466 569 ἐν
479 543 618 578 διαιρόροις
636 543 737 575 πεδίοις
758 543 916 575 ἐλαύνοντες

128 588 152 614 οἱ
168 581 285 623 δρόμων
302 588 480 622 Ὀλυμπικῶν
494 588 621 623 ἀθληταὶ,
640 589 690 614 εἴθ’
707 590 814 620 ἑαυτοῖς
834 589 916 624 μέρος

127 634 254 661 ἐντεῦθεν
269 634 366 669 ἡδονῆς
377 635 580 668 ἐκπορίζοντες.
591 633 683 662 Οἱδδενὶ
696 636 748 668 γὰρ
762 635 848 670 ἑτέρῳ
862 636 916 661 τῶν

127 680 237 707 πάντων
253 679 341 711 οὕτως
357 680 455 707 ἕπεται
476 680 589 714 ἥδεσθαι
614 681 665 715 τὴν
687 680 788 716 ψυχὴν,
804 681 842 712 ὡς
865 682 916 708 ὅσα

127 722 234 751 καὶοῖα
256 724 312 750 τῶν
333 724 393 750 κατ’
415 724 508 758 έφεσίν
523 726 596 751 ἐστιν
623 725 689 760 ὁρᾷν
714 725 761 751 καὶ
793 725 914 757 ἀκούειν.

128 770 325 805 Παραπλήσιον
349 770 403 804 γάρ
428 773 513 801 εστιν,
542 770 636 805 ὥσπερ
664 770 697 797 ἂν
716 771 743 797 εί
759 779 801 802 τις
817 771 915 806 διψῶσι

128 817 177 851 μὲν
192 817 248 843 τῶν
263 816 381 851 ἡδίστων
398 817 473 842 πιεῖν
485 815 611 843 ἐδεδώκει
637 817 762 850 ὑδάτων,·
779 818 915 853 φλεγομέ-

126 872 183 894 νοις
192 862 284 898 δ’ὦρᾳ
297 862 393 898 θέρους
405 863 521 897 ζέφυρον
536 864 729 898 ἐμηχανήσατο
740 864 911 898 ἀναψύξεως.

132 909 254 943 Ἐιρίεται
276 909 304 936 δὲ
323 910 433 940 πάντως
449 909 529 940 ἄλλος
554 909 636 936 ἄλλου
651 909 722 936 κατὰ
742 909 792 946 τὴν
814 909 862 937 τοῦ
882 912 911 937 ὲν

125 955 201 988 αὑτῷ
215 955 338 989 κριτικοῦ
352 955 400 990 τῆς
412 955 503 990 ψυχῆς
519 955 634 987 ἕκαστος
647 955 772 991 δύναμιν,
788 957 914 992 καθάπερ

125 1001 218 1032 αἰτίας
233 1001 305 1032 τινὸς
324 1002 370 1027 καὶ
388 1001 467 1036 ῥίζης
484 1002 669 1037 ὑποκειμένης
688 1002 739 1036 τῆς
752 1002 858 1030 ἐκεῖθεν
872 1012 915 1030 κι-

125 1047 260 1082 νουμένης
284 1046 373 1082 ὁρμῆς
400 1048 448 1073 καὶ
471 1047 612 1081 ἀναλόγως
633 1047 860 1084 χειραγωγούσης
885 1049 915 1080 ἐς

125 1094 175 1124 τὰς
187 1092 335 1128 προθέσεις
349 1092 432 1120 τάσδε
448 1092 464 1128 ἦ
477 1092 556 1119 τάσδε
573 1092 620 1119 τοῦ
634 1092 703 1127 βίου,
727 1092 822 1123 ὁποίας
850 1094 916 1120 πολ-

126 1139 176 1171 λὰς
192 1139 239 1165 καὶ
266 1138 394 1170 ποικίλας
413 1139 448 1173 γῆ
462 1147 491 1164 τε
516 1137 585 1173 αὕτη
606 1139 654 1165 καὶ
675 1138 790 1173 οὐρανὸς
811 1139 914 1170 ἐκεῖνος

126 1184 301 1219 προϊσχεται.
321 1182 378 1218 Τὴν
396 1183 446 1218 μὲν
470 1182 516 1211 οὖν
533 1182 639 1217 αἵρεσιν
660 1183 709 1217 τῆς
727 1183 830 1210 τούτων
853 1185 915 1218 ἐφέ-

125 1237 195 1260 σεως
209 1230 325 1263 ταυτησὶ
339 1229 363 1255 εί
386 1229 423 1264 μὴ
449 1229 578 1263 καθάπαξ
594 1230 729 1264 ἅπαντες,
745 1231 803 1258 ἀλλ’
821 1229 867 1258 οὖν
889 1232 913 1258 οἱ

125 1275 235 1306 πλείους
251 1275 364 1307 δέξαιντ’
382 1275 414 1302 ἂν
428 1273 515 1311 οἶμαι·
531 1276 582 1310 τήν
595 1284 626 1310 γε
640 1277 693 1312 μὴν
708 1277 812 1312 ἀωρίαν
829 1278 914 1313 αὐτῆς

123 1322 172 1348 καὶ
183 1322 214 1348 τὸ
228 1321 330 1356 λίχνον,
346 1321 449 1356 ταύτην
464 1321 487 1348 δ’
503 1322 534 1348 οὐ
553 1321 622 1349 πάνυ
637 1331 679 1350 τοι
700 1323 800 1358 ἔγωγε.
820 1324 914 1351 Πάντα

125 1368 175 1401 μὲν
187 1369 243 1403 γὰρ
258 1369 372 1403 ὲρευνᾷν
396 1368 426 1394 ἓν
450 1377 477 1394 τι
493 1368 550 1395 τῶν
576 1369 752 1404 ἁρμοζόντων
767 1369 848 1404 εἶναι,
863 1372 913 1398 οὐκ

123 1414 155 1440 ἂν
176 1414 239 1441 ποτ’
254 1414 335 1446 αὐτὸς
353 1414 424 1441 ἑκών
448 1423 480 1449 γε
497 1412 569 1442 εἶναι
593 1415 828 1452 ἀπαγορεύσαιμι·
845 1418 875 1444 ἐν
890 1418 913 1445 δ’

123 1451 225 1488 ἅπαντι
244 1460 334 1495 καιρῷ
347 1460 394 1487 καὶ
411 1460 563 1496 χρόνῳζκαὶ
585 1461 678 1488 παντὶ»
691 1461 730 1495 τῷ
746 1451 911 1498 βουλομένῳ,

121 1506 203 1532 τοῦτο
227 1506 256 1532 δὲ
282 1505 328 1532 καὶ
355 1506 428 1540 μάλα
456 1514 498 1532 τοι
515 1506 620 1541 σφόδρα
643 1507 735 1540 αὐτός.
762 1507 831 1535 Οὔτε
857 1509 911 1544 γὰρ

121 1552 206 1578 παντὶ
228 1551 316 1587 καιρῴ
331 1552 362 1578 τὸ
384 1552 490 1586 καίριον
506 1551 620 1585 ἔνεστιν,
636 1552 692 1579 οὔτ’
709 1552 744 1580 αὖ
771 1556 855 1581 παντὶ
872 1555 910 1590 τῷ
923 1565 946 1597 ο

123 1597 280 1632 βουλομένῳ
307 1598 443 1632 προσήκει
469 1599 596 1633 πανταχῆ
618 1599 650 1625 τὸ
672 1599 835 1634 βούλεσθαι·
850 1602 908 1628 ἀλλ’

121 1644 180 1670 ἔστι
196 1645 240 1670 καὶ
256 1643 352 1678 καιρὸς
367 1644 498 1678 ἀκαιρίας
515 1644 609 1678 γέμων
620 1645 671 1672 καὶ
687 1645 814 1680 βούλησις
830 1646 911 1673 ἀϐου-

123 1689 182 1719 λίας
197 1688 328 1719 πολλάκις
345 1690 443 1723 μιστή.
464 1688 534 1715 Ἀλλ’
550 1687 597 1714 οὖν
615 1689 710 1724 ἐπειδὴ
733 1689 823 1716 ταῦτα
847 1698 912 1724 συγ-

122 1735 248 1770 χωρητέα
259 1735 334 1766 ὅπως
346 1734 411 1760 ποτὲ
427 1734 517 1767 ἔδοξεν
529 1732 598 1761 εἶναι
610 1736 686 1769 ἡμῖν,
699 1735 772 1767 ἅπαξ
789 1736 822 1762 τὰ
840 1735 909 1770 βάρη

121 1781 308 1808 τῶντοιούτων
315 1781 396 1808 ὁποῖά
403 1789 433 1814 γε
445 1780 487 1814 εἴη
497 1780 660 1816 προσίεσθαι
672 1781 849 1816 προθεμένοιξ
862 1781 911 1808 καὶ

122 1826 283 1862 χαρίζεσθαί
307 1835 398 1861 σφισιν
413 1827 512 1853 ὁπόσον
523 1827 554 1853 τὸ
572 1826 684 1861 ἐφικτὸν
697 1827 841 1861 ἐπεφύκει,
854 1825 910 1853 οὔτ’

123 1875 209 1907 ἀκοὴν
221 1874 313 1905 αὐτοῖς
342 1872 404 1899 οὔτε
418 1873 542 1907 γλῶτταν
565 1872 816 1908 ἀπεκλείσαμεν·[Ρ
830 1892 837 1899 .
846 1872 910 1908 276]

122 1921 192 1947 ἀλλὰ
212 1919 335 1956 μετρίοις
350 1920 474 1955 ἐλέγχοις
489 1919 565 1947 ἐστιν
595 1919 613 1947 ἃ
640 1920 695 1946 τῶν
724 1919 908 1954 γραφομένων

121 1966 312 2002 ἡμιψάμεθα.
336 1966 392 1993 Καὶ
412 1966 530 1997 ὁπόσους
543 1966 574 1992 τό
592 1975 622 1992 τε
654 1966 761 2001 καίριον
776 1967 804 1997 ἐς
820 1966 910 2000 τὸτῆς

123 2011 282 2046 ἀσφαλείας
295 2012 419 2046 μουσεῖον
431 2010 653 2045 ὲπαιδαγώγησε,
664 2010 711 2036 καὶ
722 2011 774 2042 πᾶς
785 2019 827 2042 τις
834 2009 910 2044 οἶμαι

123 2058 251 2092 ἀκηκοὼς
269 2057 320 2083 οὐκ
336 2056 370 2091 ἂν
386 2056 452 2091 ἡμῖν
480 2055 628 2091 μέμψαιτο.
646 2055 701 2082 Καὶ
720 2055 754 2082 τὰ
775 2055 825 2090 μὲν
842 2055 910 2081 ἄλλα

122 2104 178 2129 ¹κῶν
188 2102 371 2138 γραφομένων
380 2102 525 2136 ἀπόρρητα
537 2101 645 2127 κεῖσθαι
656 2101 823 2136 παρήκαμεν
831 2102 909 2133 τέως,

105 2149 253 2184 ςὰκαιρίας
270 2149 308 2180 ὼς
322 2148 356 2174 τὰ
379 2147 464 2174 πολλὰ
485 2147 709 2182 κατορχουμένης
733 2146 823 2173 αὐτῶν
838 2147 909 2173 πάνυ

121 2205 163 2222 τοι
190 2195 322 2231 φορτικῆς
342 2195 390 2221 καὶ
421 2194 550 2229 ματαίας·
578 2193 596 2220 ἃ
619 2194 693 2225 δ’ὡς
718 2194 746 2220 ὲν
764 2193 908 2228 ἐπιστολῆς

970 268 1080 302 quidvis
1099 269 1159 296 sine
1180 269 1296 296 consilio
1314 269 1520 303 suscipiendum
1536 269 1656 300 'iucitat,
1679 276 1756 302 qua:-

969 321 1077 348 eunque
1098 314 1204 341 levibus
1215 321 1310 340 eorum
1333 313 1433 341 animis
1450 314 1578 348 cogitatio
1597 313 1751 340 oboriatur.

968 359 1008 386 Ad
1024 367 1070 386 eas
1086 360 1275 395 coarguendas
1289 363 1318 386 et
1334 359 1492 386 relulaudas
1510 359 1621 394 plurimi
1636 367 1669 385 ex
1686 359 1756 385 ami-

968 405 1008 432 cis
1025 412 1069 432 me
1085 405 1185 432 hortati
1204 409 1268 432 sunt
1285 415 1292 432 :
1318 413 1371 439 qua
1399 409 1490 432 mente
1514 405 1622 437 nescio;
1641 405 1710 436 sive,
1727 409 1757 431 ut

968 451 1102 478 curriculi
1117 451 1252 487 Olympici
1267 452 1378 478 athletae
1395 459 1481 486 equos
1501 452 1534 479 ad
1552 456 1689 478 certamen
1705 451 1755 478 de-

968 497 1085 524 stinatos
1100 498 1185 524 variis
1208 497 1235 524 in
1253 497 1357 532 campis
1375 498 1464 524 solent
1484 497 1596 532 agitare,
1621 498 1656 524 ita
1672 498 1754 524 ctiam

968 543 996 569 hi
1019 543 1092 570 vires
1110 551 1184 570 meas
1205 543 1354 578 periclitari
1379 543 1536 575 voluerint;
1566 543 1623 570 sive
1649 543 1754 578 aliquid

967 589 1031 615 inde
1048 589 1196 623 voluptatis
1210 589 1264 616 sibi
1289 590 1355 623 ipsis
1377 590 1558 624 captaverint.
1582 589 1659 616 Nulla
1681 590 1753 615 cnim

967 641 1010 660 res
1027 639 1079 665 est,
1092 642 1152 669 qua:
1168 635 1289 661 animum
1306 635 1343 662 ita
1360 635 1487 666 delt-etet,
1502 638 1531 661 ut
1546 634 1639 661 videre
1655 639 1682 661 et
1703 642 1753 660 att-

966 680 1026 707 dire
1039 687 1069 707 ea
1085 681 1188 713 omnia,
1205 688 1321 716 quorum
1336 681 1475 708 desiderio
1492 680 1622 707 tenearis.
1636 679 1753 708 Perinde

941 719 947 728 ”
965 726 1067 761 quippe
1091 731 1144 758 est,
1171 734 1202 754 ac
1227 727 1249 754 si
1279 727 1342 761 quis
1371 727 1530 754 sitientibus
1560 727 1751 754 suavissimam

965 778 1064 804 aquam
1080 771 1188 802 otl‘erat,
1204 776 1232 798 et
1253 772 1357 798 aestatis
1373 772 1465 798 calore
1487 771 1600 798 torridis
1622 771 1751 805 frigidum

966 817 1116 852 zephyrum
1134 817 1225 851 aliqua
1243 822 1301 843 arte
1319 817 1519 843 subministrat.
1543 815 1684 842 Desiderat
1703 823 1753 842 an-

967 868 1021 889 tem
1038 863 1109 890 alius
1123 863 1208 894 aliud,
1222 870 1273 897 pro
1289 863 1330 889 sui
1349 863 1466 896 quisque
1479 861 1574 897 judicii
1597 866 1676 895 captu
1693 870 1699 888 :
1719 868 1752 888 ex

965 916 1020 943 quo
1032 909 1137 944 judicio
1155 914 1285 944 tanquam
1303 915 1385 935 causa
1402 912 1430 934 et
1448 908 1539 934 radice
1562 907 1646 942 448
1666 907 1755 934 oritur

942 960 945 963 '
966 955 1110 990 appetitio,
1126 960 1154 982 et
1168 954 1240 981 unde
1254 941 1335 987 quasi
1351 961 1433 981 manu
1450 941 1583 980 ducimur
1591 941 1623 980 ad
1639 953 1691 979 alia
1711 958 1754 979 at-

965 1008 1019 1035 que
1033 1000 1086 1027 alia
1099 1008 1190 1027 rerum
1205 1000 1306 1032 studia,
1322 999 1411 1034 qualia
1424 999 1520 1030 multa,
1533 1006 1620 1033 eaque
1633 998 1753 1032 diversa,

965 1047 1064 1074 coelum
1085 1051 1113 1073 et
1130 1051 1202 1072 terra
1221 1049 1381 1080 suggerunt.
1401 1045 1488 1071 Porro
1507 1045 1592 1079 ipsam
1616 1044 1752 1071 rationem

966 1092 1080 1125 hujusce
1096 1091 1245 1118 amicorum
1270 1098 1393 1117 meorum
1412 1089 1553 1121 desidet-:i,
1572 1091 1595 1117 si
1619 1098 1672 1116 non
1695 1098 1754 1116 om-

965 1144 1015 1163 nes
1028 1144 1151 1170 prorsus,
1173 1136 1297 1170 plerique
1314 1141 1389 1163 certe
1409 1135 1599 1170 probaverim.
1615 1135 1681 1162 Mihi
1698 1143 1751 1161 an-

966 1185 1020 1208 tem
1038 1187 1092 1208 tam
1107 1182 1197 1208 alieno
1212 1186 1334 1216 tetnpore
1350 1185 1403 1208 tam
1420 1181 1569 1208 vehemens
1584 1181 1753 1207 desiderium

965 1228 1078 1254 minime
1095 1228 1237 1262 probatur.
1250 1227 1318 1254 Nam
1334 1232 1364 1254 ut
1378 1227 1471 1254 omnia
1488 1226 1589 1261 inquiri
1607 1227 1752 1266 pulpltrum

965 1280 1182 1307 esse-nunquam
1197 1280 1246 1308 ego
1261 1273 1367 1307 inlicips
1386 1273 1494 1306 iverim,
1512 1273 1547 1299 ita
1572 1273 1669 1307 quovis
1693 1273 1753 1300 loco

964 1326 997 1346 ac
1014 1323 1136 1352 tempore
1149 1323 1196 1345 aut
1212 1318 1337 1353 quolibet
1354 1318 1463 1345 volente
1479 1319 1625 1353 pulchrum
1647 1318 1674 1345 id
1691 1326 1754 1346 esse

965 1365 1043 1400 plane
1057 1365 1225 1399 negaverim.
1248 1364 1341 1399 Neque
1358 1365 1432 1392 enim
1449 1355 1567 1399 quodvis
1584 1369 1692 1398 tempus
1705 1372 1754 1398 op-

964 1410 1162 1445 portunitatem
1177 1410 1269 1441 habet,
1287 1418 1376 1445 neque
1391 1411 1542 1445 quemlibet
1557 1410 1667 1445 quidvis
1683 1411 1753 1437 velle

964 1456 1053 1483 decet.
1072 1456 1176 1490 Nempe
1197 1460 1225 1483 et
1243 1460 1351 1490 tempus
1370 1456 1482 1491 aliquod
1500 1460 1542 1483 est
1557 1456 1670 1483 minime
1685 1461 1754 1483 tent-

964 1502 1112 1536 pestivnm,
1128 1506 1157 1528 et
1173 1501 1299 1529 voluntas
1313 1509 1385 1536 διξερε
1401 1502 1481 1536 plena
1496 1506 1538 1528 est
1549 1501 1750 1536 imprudentiae.

964 1549 1016 1576 Sed
1032 1553 1121 1576 tamen
1143 1556 1205 1575 cum
1232 1549 1284 1576 hoc
1299 1548 1398 1575 amicis
1414 1549 1535 1575 dandum
1556 1556 1617 1576 esse
1639 1557 1754 1583 prorsus

963 1595 1116 1627 videretur,
1134 1599 1164 1621 nt
1183 1595 1266 1629 hujus
1288 1595 1382 1621 oneris
1407 1594 1531 1621 molestia
1568 1595 1753 1630 qualicunque

962 1645 1089 1675 suscepta
1108 1648 1157 1675 pro
1173 1641 1244 1667 virili
1270 1640 1337 1674 ipsis
1352 1641 1580 1675 gratiﬁcarentur,
1599 1648 1689 1675 neque
1705 1648 1755 1667 au—

962 1695 1007 1714 res
1021 1687 1074 1713 illis
1089 1691 1197 1713 nostras
1214 1686 1394 1717 occlusimus,
1418 1694 1507 1720 neque
1525 1686 1645 1721 linguam
1669 1686 1754 1713 dene-

962 1733 1085 1768 gavimus
1102 1741 1108 1758 :
1127 1731 1175 1758 sed
1201 1731 1291 1766 aliqua
1319 1739 1427 1763 eorum,
1450 1739 1511 1766 quae
1536 1732 1635 1766 scripta
1662 1737 1750 1764 erant,

962 1784 1044 1812 parce
1058 1781 1087 1804 et
1103 1776 1244 1803 moderate
1265 1776 1455 1803 refutavimus.
1481 1776 1509 1803 In
1525 1784 1578 1811 quo
1603 1785 1683 1804 uenio
1705 1784 1752 1811 op-

963 1821 1139 1858 portunitatis
1150 1828 1183 1848 ac
1195 1820 1349 1855 prudentia:
1362 1821 1504 1848 studiosus
1519 1825 1648 1853 sectator,
1663 1829 1752 1856 neque

961 1870 1107 1905 quisquam
1122 1867 1216 1901 credo,
1233 1869 1280 1903 qni
1298 1868 1447 1901 audiverit,
1467 1876 1517 1895 nos
1533 1868 1753 1903 reprehensurus

962 1922 1015 1944 est.
1043 1916 1082 1943 Ac
1104 1919 1202 1943 ea'tera
1217 1914 1330 1950 quidem
1354 1915 1402 1942 illo
1421 1914 1525 1949 scripto
1549 1915 1752 1950 comprehensa

962 1962 1075 1989 silentio
1093 1961 1307 1997 praeterivimus,
1329 1969 1363 1988 eo
1385 1961 1459 1996 quod
1477 1962 1504 1988 in
1525 1961 1664 1996 plerisque
1682 1969 1750 1988 vana

961 2014 990 2037 et
1004 2011 1159 2045 importuna
1179 2010 1319 2037 temeritas
1332 2009 1482 2036 insolenter
1495 2009 1635 2037 exsultare
1646 2009 1752 2036 videre-

962 2062 1017 2084 tur.
1035 2057 1101 2090 Quze
1114 2064 1179 2084 vero
1195 2056 1222 2083 in
1247 2056 1372 2091 epistolae
1391 2056 1507 2083 formam
1527 2055 1636 2083 redacta
1663 2055 1752 2082 amico

962 2102 1071 2130 cuidam
1085 2103 1216 2135 diximus,
1236 2109 1271 2130 ne
1285 2102 1394 2130 honesti
1416 2101 1519 2130 silentii
1537 2105 1623 2128 nostri
1639 2109 1750 2128 causam

961 2157 1022 2177 esse
1032 2150 1211 2184 ignorantiam
1226 2149 1376 2184 importuni
1391 2149 1594 2176 obtrectatores
1602 2147 1684 2184 449
1694 2148 1753 2174 exin
1770 2168 1779 2175 κ

963 2197 1117 2229 stimareut,
1133 2203 1165 2223 ea
1181 2204 1254 2224 nunc
1275 2197 1400 2223 historia).
1427 2195 1596 2223 illustrandw
1613 2203 1707 2226 causa,
1728 2194 1751 2221 si

123 2244 244 2277 σχήματι
261 2241 328 2286 πρὸς
344 2240 393 2267 ἕνα
404 2240 458 2266 τῶν
474 2240 559 2274 φίλων
575 2240 752 2274 ¹εἰρήκειμεν,
770 2239 813 2266 ἵνα
827 2240 864 2275 μὴ
879 2240 909 2266 τὸ

965 2242 1010 2277 qui
1033 2241 1102 2268 forte
1117 2242 1225 2276 cognita
1239 2241 1291 2268 sibi
1306 2242 1403 2274 velint,
1417 2241 1532 2276 legenda
1548 2248 1748 2276 proponemus.

120 2289 171 2322 τῆς
191 2288 361 2323 εὐσχήμονος
384 2286 463 2321 ἡμῶν
491 2286 598 2321 σιωπῆς
621 2285 756 2320 ὑπόληψιν
789 2287 907 2322 ἀπορίας
926 2290 1053 2316 ὑπόθοιτο
1066 2289 1123 2319 τοῖς
1155 2287 1358 2323 ἀφειδεστέροις
1370 2288 1424 2314 τῶν
1439 2287 1588 2323 ὐὸριστῶν,
1604 2286 1690 2314 ταῦτα
1704 2288 1751 2312 καὶ

122 2337 169 2363 νῦν
185 2339 240 2367 τοῖς
266 2336 442 2370 ἐντυγχάνειν
462 2334 600 2361 ἐθέλουσιν
625 2335 747 2370 ἱστορίας
761 2334 843 2362 ἕνεκα
856 2338 1054 2373 παραθήσομεν
1064 2357 1070 2364 .

155 2383 194 2410 B’.
213 2392 223 2407 ι
251 2382 354 2408 Ὁπόσα
367 2383 421 2417 γὰρ
438 2381 506 2417 (9.0),
525 2390 535 2407 ›
556 2380 636 2416 έφην,
656 2390 665 2407 ι
681 2381 736 2408 τῶν
751 2382 905 2417 λεγομένων

122 2429 183 2456 νιῦν
195 2429 319 2464 ἡγεμόνα
332 2428 515 2463 προϐάλλεται
528 2428 576 2454 καὶ
588 2427 677 2463 τούτῳ
689 2428 738 2463 τὴν
750 2429 908 2463 πρέπουσαν

121 2475 286 2510 αὐτονομίαν
305 2476 397 2509 σαφῶ;
418 2474 575 2508 ἐπιτρέπει,
595 2473 682 2500 ταῦτα
702 2474 749 2500 καὶ
761 2474 908 2502 νοῦνιπάν-

120 2530 174 2553 τως
196 2522 319 2556 ἑπόπτην
342 2521 487 2555 ἐφέλκεται
504 2520 551 2546 καὶ
567 2520 693 2554 γλῶσσαν
710 2521 841 2556 ἀναμένει
860 2522 908 2548 σὺν

120 2568 262 2602 ἐπιστήμῃ
287 2566 461 2598 διχάζουσαν.
495 2566 567 2593 Ὅσα
594 2565 616 2592 δ’
639 2566 772 2600 ἁρμονίας
802 2567 912 2602 ἁπάσης

121 2613 354 2649 πιραιτησάμενα
373 2613 472 2648 νόμους
490 2612 562 2647 ὅρων
577 2612 798 2647 ὲπιστημονικῶν
814 2613 912 2648 ὑπερὰ-

121 2668 181 2694 ριον
205 2661 252 2686 καὶ
281 2659 388 2693 φυγάδα
413 2659 533 2685 τείνουσι
560 2659 639 2691 πόδα,
657 2658 734 2685 ταῦτ’
760 2658 821 2686 οὔτε
849 2658 912 2685 νοῦν

121 2706 244 2741 επόπτην
264 2704 334 2732 οἶδεν
351 2705 513 2739 ἐφέλκεσθαι
527 2705 575 2732 καὶ
588 2705 679 2742 πάντα
693 2705 772 2740 λόγον
787 2705 911 2740 ἑρμηνέα

999 2385 1031 2412 Il.
1051 2394 1060 2410 ι
1084 2384 1270 2419 ρυεοειιηίιιιθ,
1293 2383 1415 2419 inquam,
1437 2383 1520 2410 verba
1549 2383 1589 2410 sic
1608 2382 1749 2414 dicuntur,

965 2437 993 2458 ut
1008 2437 1126 2458 mentem
1143 2431 1241 2457 ducetn
1253 2429 1305 2457 sibi
1329 2434 1484 2464 proponant
1499 2429 1579 2464 eique
1603 2429 1750 2464 legitimam

963 2476 1154 2502 auctoritatem
1177 2475 1288 2501 omnino
1308 2475 1441 2507 tribuant,
1470 2475 1564 2502 cadent
1585 2475 1666 2501 etiam
1686 2482 1750 2501 ocu-

963 2522 1003 2548 los
1019 2522 1119 2548 mentis
1135 2521 1167 2546 ad
1185 2528 1214 2547 se
1232 2520 1356 2546 alliciunt
1371 2525 1398 2546 ct
1413 2520 1533 2554 linguam
1556 2521 1695 2554 sapienter
1707 2520 1760 2554 juu’

963 2567 1100 2593 dicantctn
1124 2565 1222 2592 ntcrito
1251 2569 1422 2598 exspectant.
1450 2565 1514 2597 Quin
1535 2569 1626 2591 anteiit
1659 2565 1750 2591 omnis

965 2613 1116 2639 harmoniae
1126 2612 1232 2645 legibus
1247 2610 1399 2645 repudiatis
1414 2618 1484 2637 verte
1499 2610 1663 2646 cognitionis
1680 2609 1751 2636 litui—

965 2662 1005 2685 tes
1022 2658 1099 2692 quasi
1113 2658 1228 2692 fugitivo
1245 2658 1315 2692 pede
1338 2657 1508 2686 transiliunt,
1523 2665 1555 2684 ca
1576 2663 1626 2684 nec
1651 2656 1750 2683 mentis
1797 2681 1802 2683 _

965 2705 1062 2731 oculos
1076 2705 1167 2731 sciunt
1189 2704 1310 2736 allicere,
1327 2708 1354 2731 ct
1378 2704 1530 2731 orationem
1557 2709 1748 2738 quamcunque

798 2774 967 2804 Vat-lorum
987 2777 1078 2804 nolis.

156 2838 212 2874 (εο)
231 2837 324 2864 Exstat
335 2837 392 2874 hmo
403 2837 523 2874 epistola
539 2836 565 2863 iu
581 2837 675 2864 codice
701 2838 830 2865 Vaticano
845 2838 914 2866 Γ1086

119 2881 147 2902 et
163 2873 334 2905 inscribitur,
346 2873 384 2907 τῲ
402 2873 608 2907 ιΙεπαγωμένιιι,
621 2875 686 2907 περὶ
703 2874 756 2900 τῶν
772 2875 907 2901 éwounby

970 2839 1044 2874 αὐτῷ
1059 2839 1268 2873 τερατολογιῶν,
1285 2841 1337 2867 τῶν
1353 2841 1401 2874 μὲν
1417 2839 1520 2866 ἄνωθεν
1533 2839 1566 2865 ὲκ
1579 2836 1751 2874 Τραπεζοῦν-

963 2883 1020 2906 τος,
1035 2874 1089 2900 τῶν
1102 2875 1131 2900 δὲ
1152 2877 1273 2902 unm-0:;
1293 2876 1321 2908 εξ
1343 2876 1469 2906 Ἰταλία;.
1487 2874 1588 2901 Βοιινκ.
