1915 3071
50 205 54 208 .
105 179 159 210 6i5

233 177 269 213 [Α.
288 185 313 205 c.
334 176 402 205 1328
422 185 456 204 Δυ
480 177 558 213 15H]
612 177 836 210 BYZANTIN/E
857 177 900 208 HI

954 176 1051 207 DRIIE
1070 175 1145 206 LIB,
1166 175 1218 205 IX.
1277 171 1343 207 [ιιιρ.
1365 176 1505 198 Ακσιιοιιιο.
1535 167 1605 206 ius]

1683 166 1738 203 ωδ

104 235 152 262 τὸν
167 234 239 270 ἀέρα
251 235 357 269 φύσεω;
375 235 511 271 ἐλαχεν,ἢ
532 236 650 263 διαδόσει
672 236 826 270 ποιότητος,
846 235 896 261 ὅσα

954 240 1003 263 -es,
1021 232 1149 262 fulmina,
1167 229 1274 258 incensi
1303 229 1439 257 turbines.
1456 227 1534 261 Quod
1559 227 1581 254 si
1597 232 1625 254 et
1643 231 1742 254 ventus

104 281 209 316 δηλαδὴ
230 281 365 316 χεομένην
386 283 434 308 καὶ
458 282 496 316 τῷ
518 283 579 316 ἀέρι
596 282 667 308 πάνυ
693 290 734 308 τοι
749 281 895 316 προσφυῶς

105 327 330 362 ἁνακιρναμένην
346 327 426 362 ἔσχεν
440 327 536 363 αὐτὴν,
554 328 649 363 ὥσπερ
665 328 750 362 ὀσμαὶ
765 328 812 355 καὶ
826 328 897 363 χρώ-

108 380 184 405 ματα
197 373 244 398 καὶ
265 374 383 407 σκηπτοὶ
402 375 449 400 καὶ
469 374 638 410 πρηστῆρες.
661 375 714 400 Καὶ
732 374 824 408 μέντοι
848 374 896 400 καὶ

105 415 208 449 ἄνεμος
222 416 246 442 ει
262 416 323 442 καθ’
344 418 484 443 ὁντιναοῦν
497 419 610 444 τουτωνὶ
628 420 729 453 τρόπον
750 419 765 454 ἥ
782 419 895 453 διαιρῶν

107 459 210 495 δηλαδὴ
223 459 269 486 τὸν
282 460 350 494 ἀέρα
369 462 418 488 καὶ
436 461 481 488 τὸν
494 463 598 490 ἐκείνου
616 464 698 490 τόπον
718 464 891 500 μεταλαμὸάν

106 514 160 532 νων
184 506 266 542 διῄει,
292 507 307 541 ἢ
334 507 423 543 τούτῳ
449 509 566 536 διαδόσει
590 511 734 545 ποιότητος
758 512 896 546 σφαλερᾶς

106 551 281 587 ἀνεκιρνᾶτο,
295 554 387 580 πᾶσαν
399 554 505 588 γένεσιν
518 556 550 582 ὲκ
565 556 611 582 τοῦ
627 557 798 592 παραχρῆμα
809 557 897 591 φθορὰ

107 598 251 633 προφανὴς
267 599 400 634 διεδέχετο
419 600 462 627 ἄν.
483 600 540 627 Νῦν
565 602 593 629 δὲ
611 603 767 630 τούναντίον
791 604 894 634 εὐκρα-

107 643 170 675 σίας
191 644 267 678 ἡμᾶς
293 645 404 680 ἀπάσης
434 647 615 681 ἐμπιπλῶντα
640 648 776 684 βλέπομεν
801 649 897 676 τοῦτον

105 689 171 716 nisi.
187 690 273 717 οὐδὲν
296 692 351 727 γὰρ
371 692 464 726 ἕτερον
481 693 580 728 ἄνεμος
604 694 620 729 ἢ
641 696 809 731 στερροτέρα
826 697 898 730 φορὰ

106 736 155 762 καὶ
172 735 252 770 χύσις
270 737 364 772 ἀέρος,
386 738 415 770 ὃς
437 739 482 766 ἀεὶ
506 740 633 772 πλούσιος
659 741 709 776 μὲν
730 743 796 776 ήμῖν
821 751 903 776 περι-.

107 779 232 814 κέχυται,
248 781 331 808 αὑτοῦ
344 783 367 808 δ’
382 783 556 818 ἀπολαύομεν
576 784 692 811 καθόσον
708 785 818 819 ἐφικτὸν
835 785 899 812 ἐκά-

109 831 177 858 "dp.
193 824 247 852 κᾶν
261 826 332 852 πάνυ
348 835 390 854 τοι
406 827 530 859 πλεϊστος
545 829 657 863 ἕπηται.
680 829 783 856 Ἐκείνό
798 838 828 864 γε
845 830 898 865 μὴν

107 871 157 897 καὶ
184 872 315 906 μαντείας
337 873 403 905 iam;
429 874 528 908 δεῖται,
551 876 599 902 καὶ
615 876 666 903 οὐκ
681 876 736 911 εχω
760 877 773 903 ’ὁ
794 885 818 903 τι
843 877 896 911 φῶ.

109 918 220 945 Πόλεων
235 920 290 954 γὰρ
307 921 354 948 καὶ
368 921 485 956 δένδρων
500 906 546 949 καὶ
561 922 634 958 ὁρῶν
649 906 732 958 φαᾶὶν
746 923 776 956 ἐξ
789 906 897 956 ἀνέμων
915 906 934 932 Β

109 965 221 992 πάντων
238 967 307 1001 ὁμοῦ
331 968 498 1003 κινηθέντων
522 970 716 1004 καταστροφὰς
739 972 786 996 καὶ
812 978 898 1005 μετα-

109 1010 213 1042 σάσεις.
233 1011 295 1044 Πῶς
309 1012 363 1048 γὰρ
378 1014 425 1040 καὶ
439 1014 477 1048 πῆ
495 1015 683 1050 περιχωρήσει
697 1016 745 1041 καὶ
760 1016 896 1050 μεταστή-

109 1057 189 1084 σεται
200 1065 227 1084 τι
240 1057 354 1090 τούτων,
371 1060 619 1095 περικυκλοῦντων,
633 1060 670 1092 ὥς
686 1069 778 1095 φασιν,
797 1061 898 1089 οὑτωσὶ

108 1103 165 1129 τῶν
180 1103 289 1138 ἀνέμων
302 1105 335 1131 ὲκ
349 1105 498 1140 διαμέτρου
512 1115 520 1139 ;
543 1107 619 1138 Ἐνὺς
634 1107 684 1142 μὲν
701 1108 755 1143 γὰρ
777 1108 898 1143 ξυνωθή-

111 1156 209 1180 σαντος
233 1149 336 1185 ἀνέμου
351 1151 398 1178 καὶ
413 1150 460 1184 ξὺν
481 1151 527 1187 βιᾳ
544 1152 727 1186 κλονὴσαντος
749 1154 898 1189 ἀνατετρά-

110 1194 177 1229 φθαι
193 1195 283 1223 οἰκίαν
314 1197 468 1233 Εσθ¹.ὄτεῆ
492 1199 599 1234 δένδρον
623 1200 669 1226 ἐπὶ
697 1200 799 1234 θάτερα
816 1201 898 1236 μέρη,

54 1239 59 1242 ’
109 1241 206 1268 καινδν
223 1241 273 1269 οὐκ
291 1243 325 1269 ἂν
346 1243 399 1277 εἴη,
415 1244 472 1270 ἀλλ’
484 1244 522 1276 ὡς
542 1245 576 1271 τὰ
593 1245 678 1272 πολλὰ
694 1246 747 1273 τιῖιν
766 1247 837 1282 ὅρων
849 1247 899 1281 τῆς

110 1286 257 1321 συνηθείας
282 1288 368 1320 ἐντός.
383 1288 425 1324 [Ρ.
441 1289 505 1326 278]
522 1291 632 1318 Πολλῶν
656 1292 679 1318 δ’
701 1293 899 1319 ἁντιπνεόντων

108 1332 189 1365 ὁμοῦ,
205 1333 286 1369 σχολῇ
295 1334 321 1368 γ’
330 1334 362 1360 ἂν
374 1344 476 1361 καταστ
482 1337 580 1372 ραφείη
591 1345 615 1363 τι
627 1337 681 1364 τῶν
693 1338 832 1364 ἁπάντων.
843 1338 900 1374 Τὴν

109 1378 167 1413 γὰρ
174 1378 220 1404 τοῦ
228 1379 287 1411 ἐνὸς
299 1380 449 1416 ἀντώθησιν
459 1382 475 1416 ή
487 1382 601 1416 θατέρου
610 1382 763 1415 ἐξεναντίας
772 1385 899 1410 ἀντιστα-

111 1431 154 1454 σις
173 1424 314 1459 Θραύουσα
338 1427 385 1453 καὶ
402 1429 617 1464 ἀναχαιτίζουσα
631 1429 780 1465 ἅκλόνητον
799 1430 830 1456 τὸ
847 1438 900 1456 πα-

113 1467 206 1502 ράπαν
222 1468 252 1501 ἐξ
277 1471 528 1506 ἀντιπεριστάσεως
548 1473 675 1500 ἵστασθαι
693 1475 901 1509 παρασκευάσει

112 1511 144 1536 τὸ
161 1510 334 1546 βιαζόμενον.
352 1514 457 1547 Ἄλλως
470 1524 498 1541 τε
522 1516 570 1542 καὶ
585 1516 654 1552 ὁμοῦ
671 1518 734 1549 τοὺς
749 1518 821 1544 κατὰ
845 1518 902 1545 διά-

948 278 1043 311 aliquo
1069 277 1168 304 horum
1195 275 1339 302 modorum
1367 274 1409 301 vel
1437 281 1530 300 aerem
1556 272 1703 300 dividendo
1716 277 1745 300 et

949 325 1009 359 ejus
1025 325 1115 351 locum
1142 321 1305 357 occupando
1329 321 1470 352 transiret.
1484 320 1527 347 vel
1541 319 1631 347 eidem
1649 319 1745 346 distri—

950 369 1066 396 butione
1089 368 1231 402 qualitatis
1262 366 1376 394 lubxica:
1400 365 1639 397 commisceretur,
1652 365 1746 391 statim

948 422 1058 442 omnem
1084 413 1290 449 generationem
1307 412 1471 438 manifestus
1487 411 1617 438 interittts
1631 410 1744 445 excipe-

948 466 999 488 ret.
1015 461 1094 488 Nunc
1120 465 1216 488 contra
1234 459 1307 486 omni
1333 466 1384 485 nos
1404 458 1536 493 temperie
1553 457 1686 492 compleri
1703 457 1748 483 vi‘

949 507 1047 534 demus
1063 506 1097 533 ab
1112 513 1146 533 eo
1174 513 1293 540 semper.
1320 505 1414 539 Neque
1429 505 1505 531 .enim
1522 503 1596 530 aliud
1614 507 1659 530 est
1676 494 1748 529 ven-

950 558 1009 585 tus,
1031 561 1112 588 quam
1129 552 1225 580 fortior
1253 552 1372 586 impetus
1395 556 1421 577 et
1434 551 1511 585 quasi
1535 549 1646 577 ditfusio
1661 549 1743 581 aeris,

953 600 999 634 qui
1016 606 1067 626 nos
1082 606 1192 632 semper
1215 598 1327 632 copiose
1356 596 1575 628 circumfundit;
1588 602 1678 629 eoque
1694 602 1745 622 nos

949 645 1079 678 fruimur,
1094 648 1230 678 quatenus
1244 647 1287 670 est
1302 643 1452 677 unicuique
1465 648 1640 672 concessum,
1651 648 1746 675 quam-

950 691 992 718 vis
1006 690 1199 726 copiosissime
1223 697 1274 716 nos
1298 693 1439 724 sequatur.
1456 687 1525 714 Illud
1540 695 1606 714 vero
1621 685 1746 714 fortassis

949 737 1032 764 etiam
1056 736 1283 763 vaticinationem
1313 734 1461 766 desiderat,
1476 741 1566 767 neque
1592 740 1643 768 ego
1656 733 1745 759 balteo

950 783 1015 818 quid
1044 786 1172 809 statuam.
1192 781 1293 808 Dicunt
1320 780 1404 807 iidem
1432 781 1516 806 urbes
1535 783 1564 806 et
1579 779 1695 805 arbores
1718 783 1746 805 et

950 834 1072 861 montes,
1090 827 1180 855 ventis
1196 827 1279 854 simul
1294 827 1425 854 omnibus
1441 825 1598 857 concitatis,
1613 832 1742 852 eversum

950 878 1033 908 atque
1051 874 1215 900 trattslatum
1231 873 1274 899 iri.
1288 872 1434 906 Quomodo
1447 879 1478 898 ea
1495 871 1623 898 videlicet
1635 876 1662 898 et
1677 878 1747 905 quo-

951 927 1012 946 nam
1032 919 1162 946 translata
1179 918 1349 951 transibunt,
1363 926 1425 946 cum
1451 917 1525 945 venti
1541 924 1647 948 omnes,
1663 919 1699 944 ita
1716 921 1746 944 ut

949 966 1107 997 hi'dieunt,
1127 973 1161 992 ex
1185 965 1313 1000 opposito
1341 965 1478 999 spirantns
1496 971 1528 990 ea
1545 963 1745 990 circutndattrri

950 1012 1034 1038 sunt?
1048 1011 1114 1038 Nam
1129 1011 1201 1038 venti
1214 1011 1326 1045 quidem
1341 1010 1423 1037 unius
1445 1010 1564 1044 impulsu
1581 1014 1613 1036 et
1625 1009 1747 1036 violento

950 1057 1056 1091 impetu
1083 1056 1170 1083 everti
1203 1056 1328 1088 domum,
1343 1059 1391 1082 aut
1414 1054 1541 1082 arborem
1568 1062 1660 1085 ruere.
1678 1055 1744 1081 novi

951 1102 1020 1129 nihil
1037 1102 1131 1133 fuerit,
1158 1109 1209 1129 nec
1230 1108 1245 1128 a
1277 1101 1478 1128 consuetudine
1506 1099 1665 1127 abhorreat.
1691 1099 1745 1126 Sed

950 1147 996 1175 ubi
1013 1147 1095 1184 452
1117 1147 1230 1182 plurimi
1250 1147 1333 1174 simul
1347 1154 1380 1174 ex
1399 1147 1516 1174 adverso
1533 1146 1675 1180 spirarint.
1688 1153 1745 1172 non

952 1195 1050 1229 utique
1067 1194 1218 1229 quidquam
1238 1193 1363 1221 omnium
1393 1197 1582 1228 prosternent.
1597 1192 1665 1219 Nam
1682 1200 1746 1219 cum

951 1242 1032 1268 utrius
1050 1240 1258 1275 impressionem
1278 1240 1393 1267 alterius
1415 1239 1554 1266 contraria
1600 1238 1747 1272 impressio

951 1287 1057 1322 frangat
1072 1291 1099 1314 et
1114 1287 1257 1321 reprimat,
1269 1293 1302 1312 ex
1317 1286 1368 1313 ista
1384 1285 1442 1320 pari
1458 1285 1589 1319 utrinque
1615 1285 1745 1311 violentia

951 1332 979 1359 in
1006 1331 1098 1358 medio
1120 1331 1314 1358 inconcussum
1334 1335 1361 1358 et
1384 1330 1482 1357 stabile
1512 1329 1684 1364 permanebit
1706 1329 1749 1361 id,

952 1378 996 1405 cui
1010 1378 1053 1405 vis
1070 1377 1199 1404 infertur.
1220 1376 1356 1403 Praeterea
1371 1381 1471 1403 ventos
1485 1383 1519 1402 ex
1534 1375 1652 1402 adverso
1664 1375 1749 1403 simul

954 1423 1071 1456 moveri,
1099 1429 1151 1450 nec
1173 1422 1339 1450 Aristoteles
1363 1421 1516 1449 secundum
1543 1427 1670 1448 naturam
1687 1427 1752 1448 esse-

953 1471 1101 1502 concedit,
1131 1477 1182 1497 nec
1207 1469 1341 1504 temporis
1368 1468 1537 1495 diuturnitas
1563 1475 1658 1494 verum
1685 1474 1753 1494 esse

953 1516 1085 1544 ostendit.
1099 1515 1236 1543 Cmterum
1265 1514 1332 1541 illud
1357 1521 1429 1549 pene
1453 1521 1496 1540 tne
1516 1512 1661 1547 prmteriit,
1673 1513 1752 1547 quod

114 1565 217 1593 μετρον
236 1558 355 1593 ἀνέμους
371 1561 516 1594 κινεῖσθαι,
539 1561 595 1588 οὔτ’
616 1563 805 1599 Ἀριστοτέλης
820 1565 900 1599 φύσιν

955 1563 1049 1590 Martis
1065 1568 1093 1590 et
1110 1561 1224 1590 Saturni
1242 1563 1271 1589 in
1289 1569 1344 1589 uno
1362 1563 1441 1596 signo
1457 1568 1635 1595 congressum
1652 1567 1752 1595 pugna:

111 1602 187 1637 ἔχειν
212 1602 331 1637 δίδωσιν,
358 1605 416 1632 οὗθ’
441 1607 455 1632 ὁ
484 1606 569 1639 πολὺς
594 1607 679 1643 ἔφηνε
703 1608 806 1644 χρόνος.
830 1609 901 1636 Ἀλλ’

109 1649 201 1676 ἐκεῖνο
220 1651 320 1685 μικροῦ
339 1660 373 1686 με
398 1653 570 1688 παρέδραμε.
586 1654 642 1689 Τὴν
654 1655 707 1689 γὰρ
726 1654 774 1681 τοῦ
797 1655 901 1691 Κρόνου

111 1695 160 1722 καὶ
174 1695 273 1731 Ἄρεος
297 1697 342 1732 ὑφ’
356 1698 396 1725 ἑνὶ
408 1698 496 1734 ζωδιῳ
509 1700 666 1726 συνέλευσιν
679 1701 769 1727 αἰτίαν
783 1701 833 1735 τῆς
847 1701 902 1728 τῶν

111 1741 222 1776 ἀνέμων
237 1743 358 1770 τίθενται
379 1745 470 1780 μάχης
489 1745 537 1771 καὶ
547 1746 599 1781 πρό
613 1755 645 1780 γε
661 1745 767 1773 τούτων
781 1747 901 1782 ἡλιακὴν

110 1795 173 1814 τινα
190 1787 324 1823 ἔκλειψιν.
338 1789 368 1815 Εἰ
385 1788 431 1815 οὖν
443 1790 531 1816 ταῦτα
547 1791 643 1827 φανείη
665 1792 762 1827 ψεῦδος
783 1801 902 1828 περιφα-

111 1833 168 1865 -έὶς,
186 1834 325 1869 ἡγούμενα
338 1835 403 1862 ὄντα
416 1837 470 1862 τῶν
485 1837 597 1872 ἑφεξῆς,
609 1837 695 1872 ψευδῆ
710 1839 819 1871 πάντως
833 1840 903 1873 μετὰ

113 1880 163 1906 τοῦ
178 1880 303 1915 μείζονος
323 1882 485 1917 προσθήκης
500 1884 608 1917 φανεῖεν
625 1883 659 1910 ἂν
679 1885 727 1911 καὶ
742 1884 776 1911 τὰ
795 1884 903 1917 τούτοις

111 1925 252 1960 ἑπόμενα·
269 1926 365 1960 ὥσπερ
393 1929 426 1954 ἂν
441 1927 468 1953 et
480 1936 522 1960 τις
547 1928 597 1963 τὴν
619 1929 697 1963 ῥίζαν
723 1929 770 1956 τοῦ
794 1930 902 1965 δένδρου

112 1972 205 2008 τεμὼν
231 1974 394 2007 συναφεῗλεν
419 1974 500 2006 εὐθὺς
523 1975 569 2001 καὶ
590 1975 641 2010 τὴν
661 1976 716 2002 τῶν
743 1976 903 2012 ἀκροδρύων

111 2019 213 2054 ψυχήν.
235 2020 273 2046 Οὐ
290 2021 344 2055 γὰρ
374 2021 454 2055 μόνον
467 2022 495 2047 ἐν
517 2022 573 2052 τοῖς
591 2022 709 2057 παροῦσι
729 2023 835 2057 καιροῖς
853 2023 903 2050 οὐκ

113 2066 183 2092 εὶσὶν
198 2066 251 2092 ὑπὸ
273 2066 369 2098 ζῴδιον
384 2067 413 2093 ἓν
439 2068 541 2103 Κρόνος
569 2069 617 2095 καὶ
636 2069 667 2094 νΛ
676 2077 736 2104 ρης,
762 2069 820 2095 ἀλλ*
843 2069 903 2095 οὐδὲ

112 2113 184 2139 δυοῖν
202 2113 323 2148 συνεχῶς
350 2114 562 2149 ἐξελιττομένων
588 2115 722 2142 ἐνιαυτῶν
745 2115 794 2141 οὐκ
812 2114 844 2142 ἄν
860 2123 903 2140 πω

114 2159 272 2186 συνέλθοιεν
291 2160 334 2187 ἄν,
353 2160 440 2196 ’Ἄρης
461 2162 515 2196 γὰρ
532 2161 564 2186 ὲκ
580 2160 678 2186 πολλοῦ
705 2161 768 2195 περὶ
784 2160 834 2196 τὴν
857 2161 904 2187 τοῦ

113 2207 228 2238 Λέοντος
246 2206 491 2241 πεντεκαιδεκάτην
509 2208 606 2242 μοῖραν
631 2207 675 2233 τὸν
698 2208 800 2241 Κρύνον
819 2216 904 2233 κατα-

954 1614 1102 1636 ventorum
1127 1616 1238 1636 causam
1265 1612 1400 1639 statuunt.
1418 1612 1446 1635 et
1468 1612 1532 1634 ante
1545 1607 1594 1634 has
1613 1606 1752 1634 defectio-
1791 1600 1794 1601 ν

953 1663 1015 1682 netn
1033 1654 1182 1689 quamdam
1204 1653 1281 1681 solis.
1305 1653 1371 1686 Qua:
1395 1660 1458 1680 etmt
1480 1652 1614 1687 principia
1638 1652 1749 1685 sint,ex

951 1701 1055 1736 quibus
1084 1706 1181 1728 ca-tera
1200 1704 1419 1734 consequuntur,
1441 1699 1464 1726 si
1494 1699 1560 1725 falsa
1577 1705 1638 1725 esse
1653 1702 1753 1733 patueo

952 1748 998 1778 rit.
1012 1748 1099 1782 magis
1122 1746 1218 1781 utique
1243 1745 1309 1772 falsa
1334 1750 1417 1771 erunt.
1439 1752 1471 1771 ea
1489 1743 1665 1778 omnia,quae
1685 1744 1753 1771 inde

952 1793 1122 1828 colliguntur
1146 1801 1153 1820 :
1180 1792 1253 1819 sicut
1275 1791 1382 1818 succisa
1407 1790 1498 1816 radice
1517 1789 1623 1816 arboris
1649 1790 1748 1816 summi

952 1839 1036 1866 etiam
1055 1837 1209 1866 cacuminis
1233 1836 1324 1863 anima
1343 1835 1448 1863 interit.
1466 1835 1546 1869 Atqui
1560 1835 1612 1861 hoc
1627 1840 1750 1869 tempore

955 1885 1093 1912 Saturnus
1120 1889 1148 1911 et
1169 1883 1242 1910 Mars
1265 1890 1320 1910 non
1344 1882 1432 1910 solum
1460 1881 1486 1908 in
1518 1889 1573 1908 uno
1600 1881 1679 1916 signo
1695 1888 1749 1907 non

954 1936 1029 1964 sunt,
1046 1931 1093 1959 sed
1110 1938 1161 1958 nec
1174 1930 1255 1957 annis
1270 1929 1381 1964 quidem
1404 1927 1546 1955 continuis
1561 1927 1671 1954 duobus
1685 1934 1752 1954 evo—

953 1978 1018 2005 lutis
1033 1977 1114 2004 simul
1134 1975 1267 2010 congredi
1289 1979 1415 2009 possunt.
1432 1974 1539 2000 Etenim
1558 1972 1638 2002 Mars,
1656 1971 1751 1999 Satur-

954 2032 990 2051 no
1003 2022 1170 2058 jampridem
1198 2023 1225 2049 in
1247 2021 1354 2048 decima
1380 2020 1476 2054 quinta
1494 2018 1596 2046 Leonis
1613 2023 1692 2053 parte
1707 2025 1751 2044 rc-

954 2071 1030 2099 licto.
1045 2071 1071 2096 itt
1090 2069 1198 2103 Scorpii
1225 2068 1320 2095 chelas
1340 2067 1396 2102 jam
1415 2066 1523 2093 transit.
1538 2065 1610 2092 Solis
1624 2071 1688 2091 vero
1702 2064 1748 2091 dc-

954 2116 1101 2144 fectionem
1117 2123 1168 2143 nec
1179 2119 1235 2142 tota
1247 2116 1304 2141 haec
1318 2118 1409 2144 testas.
1420 2120 1471 2140 nec
1485 2118 1633 2139 secuturus
1642 2115 1752 2138 autum—

955 2171 1008 2190 nus
1026 2162 1128 2189 sentiet
1143 2170 1149 2188 :
1166 2161 1219 2189 etsi
1249 2167 1345 2188 ontnes
1371 2159 1508 2192 homines,
1525 2166 1621 2186 omnes
1635 2165 1700 2185 aves
1723 2157 1749 2184 id

955 2209 1126 2237 aflirtnarint.
1141 2207 1227 2243 Cujus
1255 2207 1303 2234 tibi
1333 2207 1373 2234 rei
1406 2206 1536 2241 magister
1553 2210 1581 2233 et
1605 2210 1712 2240 tempus
1723 2209 1751 2232 et

113 2253 248 2285 λελοιπὼς
264 2253 315 2288 ἤδη
339 2253 387 2279 κα)⁸
403 2254 431 2285 ἐς
448 2253 497 2284 τὰς
517 2253 565 2279 τοῦ
589 2254 725 2288 Σκορπίου
748 2253 832 2288 χηλὰς
851 2254 900 2280 δια-

959 2262 1057 2282 sensus
1081 2254 1136 2281 erit
1160 2253 1193 2280 ad
1217 2253 1362 2280 veritatem
1392 2252 1502 2287 penitus
1531 2250 1749 2285 intelligendam.

114 2300 214 2328 ὅαίνει,
236 2299 371 2335 Ἠλιακήν
395 2308 427 2333 γε
459 2301 513 2335 μὴν
537 2300 659 2334 ἔκλειψιν
675 2300 738 2326 οὔτε
766 2301 795 2325 τὸ
817 2301 904 2334 παρὺν

115 2345 188 2372 ἆπαν
202 2345 291 2381 θέρος,
311 2344 372 2371 οὔτε
385 2346 416 2372 τὸ
433 2347 531 2381 ἑφεξῆς
548 2345 604 2381 (25)
624 2346 693 2380 μετά
718 2346 798 2372 τοῦτο
816 2347 906 2380 φθινό-

115 2400 207 2427 πωρον
230 2391 336 2426 ὄψεται,
367 2391 418 2418 κᾶν
435 2393 536 2423 πάντες
564 2391 713 2428 ἄνθρωποι,
729 2391 779 2418 κᾶν
805 2393 906 2423 πάντες

115 2439 259 2473 φάσκωσιν
279 2438 396 2473 ὄρνιθες.
414 2439 510 2465 Ἔσται
526 2439 554 2465 δέ
572 2447 613 2465 σοι
625 2439 728 2465 τούτων
744 2439 905 2470 διδάσκαλος

115 2487 129 2512 ὃ
141 2494 169 2512 τε
184 2485 281 2521 χρόνος
303 2485 351 2511 καὶ
374 2486 390 2520 ἡ
407 2486 534 2519 αἴσθησις
554 2485 623 2521 προς
641 2485 741 2520 ἀκριὸἦ
769 2486 818 2520 τὴν
835 2486 911 2520 ἁλὴς

116 2533 202 2558 θείαν.
226 2532 310 2558 Οὐδὲν
337 2532 391 2567 γὰρ
409 2531 495 2562 οὕτως
521 2533 560 2562 εἰς
586 2532 742 2566 ἐπιστήμης
768 2531 905 2563 ἀπόδειξιν

115 2578 316 2614 ἀναντίρρητον
339 2578 443 2613 ἕτερον.
473 2579 510 2608 ὡς
537 2577 670 2612 ἐμπειρία
696 2578 743 2603 καὶ
767 2578 905 2613 αἴσθησις.

119 2635 128 2651 ι
146 2625 281 2660 Αἴσθησις
301 2625 350 2660 μὲν
365 2625 432 2660 γὰρ,
450 2633 459 2649 ›
480 2626 571 2658 φησὶν,
593 2633 601 2650 t
622 2624 769 2659 ἐμπειρίαν
791 2625 905 2659 ποιεῐ,ή

115 2674 144 2700 δὲ
155 2673 291 2709 ἐμπειρία
302 2673 351 2704 τὰς
364 2671 452 2708 ἀρχὰς
464 2671 554 2698 δίδωσι
566 2673 598 2707 τῇ
613 2673 761 2708 ἐπιστήμῃ.
779 2681 787 2697 ι
801 2673 907 2706 ’Ὠσπερ

116 2719 163 2748 οὖν
178 2721 255 2747 σίτου
279 2720 430 2753 σπαρέντος
450 2719 490 2749 εἰς
507 2719 558 2754 γῆν
576 2719 713 2754 ἐνδέχεται
731 2721 831 2754 στάχυν
850 2719 907 2745 ἔσε-

953 2301 1026 2329 Nihil
1044 2301 1118 2328 enim
1142 2305 1195 2334 est,
1219 2300 1262 2327 cui
1283 2299 1317 2326 ad
1338 2298 1460 2326 scientiae
1486 2296 1753 2325 demonstrationem

954 2348 1046 2375 minus
1070 2346 1204 2382 refragari
1233 2346 1326 2377 liceat.
1341 2352 1425 2380 quam
1452 2344 1547 2371 sensui
1564 2348 1591 2370 et
1607 2342 1754 2383 experiet‘if

956 2395 1011 2423 tite.
1033 2404 1042 2421 ι
1070 2395 1177 2422 Sensus
1200 2394 1315 2428 quippe,
1340 2392 1433 2428 inquit
1455 2391 1650 2426 Philosophus,
1666 2398 1751 2425 expc-

957 2441 1086 2468 rientiam
1097 2440 1205 2475 gignit;
1223 2439 1396 2474 experientia
1419 2445 1485 2465 vero
1500 2438 1635 2472 principia
1649 2444 1751 2471 suppe-

958 2488 1028 2515 ditat
1043 2487 1178 2515 scientiae.
1195 2496 1203 2512 ι
1229 2486 1308 2513 Sicut
1331 2485 1415 2521 igitur
1438 2485 1576 2512 fruménto
1597 2484 1624 2510 in
1649 2487 1750 2510 terram

956 2540 1016 2562 sato
1044 2534 1123 2569 spica
1147 2533 1224 2560 nasci
1252 2535 1354 2567 potest,
1371 2531 1451 2566 453
1469 2531 1528 2558 sine
1549 2533 1672 2557 semente
1685 2535 1753 2555 vero

958 2589 993 2608 ne
1009 2588 1120 2616 germen
1136 2579 1247 2614 quidem
1260 2579 1414 2613 exspectari
1429 2577 1514 2604 debet
1530 2585 1537 2604 :
1556 2577 1594 2603 ita
1615 2581 1643 2603 et
1658 2575 1685 2602 in
1700 2575 1756 2602 hac
1803 2586 1807 2594 ε

960 2635 988 2655 re
1003 2627 1046 2661 ;si
1063 2627 1116 2654 crit
1130 2627 1256 2653 defectus
1268 2625 1345 2656 solis,
1357 2624 1378 2650 si
1401 2623 1537 2651 Saturnus
1552 2627 1581 2650 et
1596 2622 1667 2649 Mars
1685 2629 1754 2648 con-

958 2673 1079 2708 gressuri
1091 2677 1166 2706 sunt,
1180 2672 1273 2699 dicere
1295 2671 1410 2697 fortasse
1427 2669 1464 2696 illi
1485 2667 1672 2704 queant,fore
1692 2671 1752 2693 tur-

962 2721 1042 2748 bines
1058 2725 1086 2747 et
1112 2719 1272 2747 eversiones
1295 2717 1404 2745 urbium
1421 2721 1448 2744 et
1471 2716 1606 2744 montium
1621 2724 1635 2743 a
1649 2714 1753 2742 radici-

805 2780 974 2811 Variorum
992 2784 1086 2812 notae.

153 2834 210 2869 (25)
228 2832 318 2869 {Estas
336 2831 401 2869 anni
420 2831 487 2869 $59
512 2830 579 2859 solis
605 2830 786 2869 defectionem
808 2831 906 2858 habuit

118 2866 162 2898 die
176 2869 250 2897 Junii
268 2868 309 2899 16,
326 2868 358 2894 de
373 2875 425 2901 qua
442 2867 511 2894 infra
526 2875 586 2901 cap.
604 2866 646 2899 12,
656 2874 722 2895 sect.
736 2867 762 2893 ‘2.
777 2867 844 2893 Item
857 2875 906 2894 au-

119 2912 233 2934 tumnus
254 2904 317 2932 anni
345 2901 502 2936 1551,Nov.
523 2903 566 2930 die
587 2904 642 2937 50.,
661 2909 689 2930 ut
711 2903 780 2930 infra
795 2911 904 2937 quoque

960 2831 1067 2859 dicetur
1078 2835 1138 2865 cap.
1155 2831 1205 2858 ult.
1221 2831 1316 2866 Itaque
1330 2829 1388 2857 haec
1405 2828 1534 2857 videntur
1548 2827 1650 2863 scripta
1665 2826 1753 2855 fuisse

959 2875 1032 2895 anno
1049 2867 1129 2895 15:29.
1146 2867 1250 2894 Butvm.
