  <div class='ocr_page' id='page_1' title='image "/cluster/home/n/w/nwhite01/storage/ocr_20150623/148/njp.32101077773164/391.png"; bbox 0 0 1920 3075; ppageno 0'>
   <div class='ocr_carea' id='block_1_1' title="bbox 70 89 171 128">
    <p class='ocr_par' dir='ltr' id='par_1_1' title="bbox 70 89 171 128">
     <span class='ocr_line' id='line_1_1' title="bbox 70 89 171 128; baseline 0 -2"><span class='ocrx_word' id='word_1_1' title='bbox 70 89 74 92; x_wconf 82' lang='grc'><strong>’</strong></span> <span class='ocrx_word' id='word_1_2' title='bbox 118 96 171 128; x_wconf 74' lang='grc'><strong>637</strong></span> 
     </span>
    </p>
   </div>
   <div class='ocr_carea' id='block_1_2' title="bbox 247 89 561 128">
    <p class='ocr_par' dir='ltr' id='par_1_2' title="bbox 247 89 561 128">
     <span class='ocr_line' id='line_1_2' title="bbox 247 89 561 128; baseline -0.01 -9"><span class='ocrx_word' id='word_1_3' title='bbox 247 91 284 128; x_wconf 66' lang='grc' dir='ltr'><strong>[Α.</strong></span> <span class='ocrx_word' id='word_1_4' title='bbox 301 99 329 117; x_wconf 73' lang='lat' dir='ltr'><strong>x.</strong></span> <span class='ocrx_word' id='word_1_5' title='bbox 346 89 413 117; x_wconf 76' lang='lat'><strong>6856</strong></span> <span class='ocrx_word' id='word_1_6' title='bbox 428 97 460 116; x_wconf 72' lang='lat' dir='ltr'><strong>At)</strong></span> <span class='ocrx_word' id='word_1_7' title='bbox 482 89 561 126; x_wconf 66' lang='lat' dir='ltr'><strong>esse]</strong></span> 
     </span>
    </p>
   </div>
   <div class='ocr_carea' id='block_1_3' title="bbox 724 91 1142 122">
    <p class='ocr_par' dir='ltr' id='par_1_3' title="bbox 724 91 1142 122">
     <span class='ocr_line' id='line_1_3' title="bbox 724 91 1142 122; baseline 0.002 -1"><span class='ocrx_word' id='word_1_8' title='bbox 724 91 935 122; x_wconf 76' lang='lat' dir='ltr'><strong>NICEPIIORI</strong></span> <span class='ocrx_word' id='word_1_9' title='bbox 953 91 1142 122; x_wconf 66' lang='lat' dir='ltr'><strong>GREGORIE</strong></span> 
     </span>
    </p>
   </div>
   <div class='ocr_carea' id='block_1_4' title="bbox 1304 86 1618 125">
    <p class='ocr_par' dir='ltr' id='par_1_4' title="bbox 1304 86 1618 125">
     <span class='ocr_line' id='line_1_4' title="bbox 1304 86 1618 125; baseline 0.006 -12"><span class='ocrx_word' id='word_1_10' title='bbox 1304 86 1371 123; x_wconf 72' lang='grc' dir='ltr'><strong>[ιιηι.</strong></span> <span class='ocrx_word' id='word_1_11' title='bbox 1387 94 1528 115; x_wconf 65' lang='grc' dir='ltr'>Ακοιιονιε.</span> <span class='ocrx_word' id='word_1_12' title='bbox 1546 95 1591 115; x_wconf 70' lang='lat' dir='ltr'><strong>ws</strong></span> <span class='ocrx_word' id='word_1_13' title='bbox 1608 88 1618 125; x_wconf 85' lang='lat'>]</span> 
     </span>
    </p>
   </div>
   <div class='ocr_carea' id='block_1_5' title="bbox 1695 92 1755 123">
    <p class='ocr_par' dir='ltr' id='par_1_5' title="bbox 1695 92 1755 123">
     <span class='ocr_line' id='line_1_5' title="bbox 1695 92 1755 123; baseline 0 0"><span class='ocrx_word' id='word_1_14' title='bbox 1695 92 1755 123; x_wconf 79' lang='lat'><strong>683</strong></span> 
     </span>
    </p>
   </div>
   <div class='ocr_carea' id='block_1_6' title="bbox 121 143 912 186">
    <p class='ocr_par' dir='ltr' id='par_1_6' title="bbox 121 147 910 186">
     <span class='ocr_line' id='line_1_6' title="bbox 121 147 910 186; baseline -0.008 -7"><span class='ocrx_word' id='word_1_15' title='bbox 121 159 185 186; x_wconf 87' lang='lat' dir='ltr'><strong>spes</strong></span> <span class='ocrx_word' id='word_1_16' title='bbox 199 150 409 184; x_wconf 89' lang='lat' dir='ltr'><strong>relinqueretur.</strong></span> <span class='ocrx_word' id='word_1_17' title='bbox 425 148 492 175; x_wconf 84' lang='lat' dir='ltr'><strong>Nam</strong></span> <span class='ocrx_word' id='word_1_18' title='bbox 508 152 535 175; x_wconf 88' lang='lat' dir='ltr'><strong>et</strong></span> <span class='ocrx_word' id='word_1_19' title='bbox 545 148 604 181; x_wconf 83' lang='lat' dir='ltr'><strong>ejus</strong></span> <span class='ocrx_word' id='word_1_20' title='bbox 621 147 722 182; x_wconf 78' lang='lat' dir='ltr'><strong>legatos</strong></span> <span class='ocrx_word' id='word_1_21' title='bbox 737 147 910 174; x_wconf 83' lang='lat' dir='ltr'><strong>confidenter</strong></span> 
     </span>
    </p>
   </div>
   <div class='ocr_carea' id='block_1_7' title="bbox 966 143 1757 186">
    <p class='ocr_par' dir='ltr' id='par_1_7' title="bbox 966 143 1757 182">
     <span class='ocr_line' id='line_1_7' title="bbox 966 143 1757 182; baseline 0 -9"><span class='ocrx_word' id='word_1_22' title='bbox 966 144 1034 181; x_wconf 80' lang='grc' dir='ltr'>εῐχον</span> <span class='ocrx_word' id='word_1_23' title='bbox 1059 143 1302 180; x_wconf 78' lang='grc' dir='ltr'>διαπρεσϐεύεσθαι</span> <span class='ocrx_word' id='word_1_24' title='bbox 1329 144 1393 181; x_wconf 77' lang='grc' dir='ltr'><strong>περὶ</strong></span> <span class='ocrx_word' id='word_1_25' title='bbox 1417 145 1572 182; x_wconf 80' lang='grc' dir='ltr'><strong>ἐλευθερίας</strong></span> <span class='ocrx_word' id='word_1_26' title='bbox 1588 146 1636 173; x_wconf 75' lang='grc' dir='ltr'><strong>καὶ</strong></span> <span class='ocrx_word' id='word_1_27' title='bbox 1646 146 1757 181; x_wconf 70' lang='grc' dir='ltr'>λύτρων</span> 
     </span>
    </p>
   </div>
   <div class='ocr_carea' id='block_1_8' title="bbox 121 193 907 230">
    <p class='ocr_par' dir='ltr' id='par_1_8' title="bbox 121 193 907 230">
     <span class='ocr_line' id='line_1_8' title="bbox 121 193 907 230; baseline -0.005 -6"><span class='ocrx_word' id='word_1_28' title='bbox 121 196 275 225; x_wconf 89' lang='lat' dir='ltr'><strong>deriserant</strong></span> <span class='ocrx_word' id='word_1_29' title='bbox 289 203 321 222; x_wconf 89' lang='lat' dir='ltr'><strong>ac</strong></span> <span class='ocrx_word' id='word_1_30' title='bbox 342 202 391 230; x_wconf 87' lang='lat' dir='ltr'><strong>per</strong></span> <span class='ocrx_word' id='word_1_31' title='bbox 408 194 582 230; x_wconf 76' lang='lat' dir='ltr'><strong>ignominiam</strong></span> <span class='ocrx_word' id='word_1_32' title='bbox 608 194 779 226; x_wconf 78' lang='lat' dir='ltr'><strong>dimiserant,</strong></span> <span class='ocrx_word' id='word_1_33' title='bbox 796 199 822 221; x_wconf 89' lang='lat' dir='ltr'><strong>et</strong></span> <span class='ocrx_word' id='word_1_34' title='bbox 843 193 907 220; x_wconf 90' lang='lat' dir='ltr'><strong>Bul-</strong></span> 
     </span>
    </p>
   </div>
   <div class='ocr_carea' id='block_1_9' title="bbox 120 240 912 278">
    <p class='ocr_par' dir='ltr' id='par_1_9' title="bbox 120 240 912 278">
     <span class='ocr_line' id='line_1_9' title="bbox 120 240 912 278; baseline -0.005 -8"><span class='ocrx_word' id='word_1_35' title='bbox 120 250 247 278; x_wconf 75' lang='lat' dir='ltr'><strong>garorum</strong></span> <span class='ocrx_word' id='word_1_36' title='bbox 269 250 349 278; x_wconf 76' lang='lat' dir='ltr'><strong>agros</strong></span> <span class='ocrx_word' id='word_1_37' title='bbox 370 249 432 269; x_wconf 88' lang='lat' dir='ltr'><strong>cum</strong></span> <span class='ocrx_word' id='word_1_38' title='bbox 450 240 588 276; x_wconf 83' lang='lat' dir='ltr'><strong>segetibus</strong></span> <span class='ocrx_word' id='word_1_39' title='bbox 613 240 804 273; x_wconf 75' lang='lat' dir='ltr'><strong>incenderant,</strong></span> <span class='ocrx_word' id='word_1_40' title='bbox 820 245 847 267; x_wconf 82' lang='lat' dir='ltr'><strong>et</strong></span> <span class='ocrx_word' id='word_1_41' title='bbox 862 247 912 266; x_wconf 88' lang='lat' dir='ltr'><strong>ea-</strong></span> 
     </span>
    </p>
   </div>
   <div class='ocr_carea' id='block_1_10' title="bbox 120 286 871 325">
    <p class='ocr_par' dir='ltr' id='par_1_10' title="bbox 120 286 871 325">
     <span class='ocr_line' id='line_1_10' title="bbox 120 286 871 325; baseline -0.008 -8"><span class='ocrx_word' id='word_1_42' title='bbox 120 295 231 325; x_wconf 88' lang='lat' dir='ltr'><strong>ptorum</strong></span> <span class='ocrx_word' id='word_1_43' title='bbox 248 289 422 317; x_wconf 88' lang='lat' dir='ltr'><strong>castellorum</strong></span> <span class='ocrx_word' id='word_1_44' title='bbox 441 287 610 314; x_wconf 87' lang='lat' dir='ltr'><strong>habitatores</strong></span> <span class='ocrx_word' id='word_1_45' title='bbox 629 286 698 313; x_wconf 85' lang='lat' dir='ltr'><strong>male</strong></span> <span class='ocrx_word' id='word_1_46' title='bbox 714 289 871 313; x_wconf 81' lang='lat' dir='ltr'><strong>tractarant.</strong></span> 
     </span>
    </p>
   </div>
   <div class='ocr_carea' id='block_1_11' title="bbox 961 191 1758 228">
    <p class='ocr_par' dir='ltr' id='par_1_11' title="bbox 961 191 1758 228">
     <span class='ocr_line' id='line_1_11' title="bbox 961 191 1758 228; baseline 0 -9"><span class='ocrx_word' id='word_1_47' title='bbox 961 195 1029 227; x_wconf 78' lang='grc' dir='ltr'>πρὸς</span> <span class='ocrx_word' id='word_1_48' title='bbox 1062 191 1244 227; x_wconf 67' lang='grc' dir='ltr'>Ἀλέξανδρον.</span> <span class='ocrx_word' id='word_1_49' title='bbox 1273 192 1310 218; x_wconf 79' lang='lat' dir='ltr'><strong>Ou</strong></span> <span class='ocrx_word' id='word_1_50' title='bbox 1325 191 1379 226; x_wconf 80' lang='grc' dir='ltr'><strong>γὰρ</strong></span> <span class='ocrx_word' id='word_1_51' title='bbox 1408 192 1584 219; x_wconf 78' lang='grc' dir='ltr'>ὑπελείποντό</span> <span class='ocrx_word' id='word_1_52' title='bbox 1602 201 1662 219; x_wconf 86' lang='grc' dir='ltr'>τινα</span> <span class='ocrx_word' id='word_1_53' title='bbox 1689 201 1758 228; x_wconf 80' lang='grc' dir='ltr'>συγ-</span> 
     </span>
    </p>
   </div>
   <div class='ocr_carea' id='block_1_12' title="bbox 962 237 1755 274">
    <p class='ocr_par' dir='ltr' id='par_1_12' title="bbox 962 237 1755 274">
     <span class='ocr_line' id='line_1_12' title="bbox 962 237 1755 274; baseline 0 -9"><span class='ocrx_word' id='word_1_54' title='bbox 962 238 1074 274; x_wconf 84' lang='grc' dir='ltr'><strong>γνώμης</strong></span> <span class='ocrx_word' id='word_1_55' title='bbox 1102 238 1228 274; x_wconf 77' lang='grc' dir='ltr'>ἀφορμὴν</span> <span class='ocrx_word' id='word_1_56' title='bbox 1254 239 1286 264; x_wconf 79' lang='grc' dir='ltr'>ἐκ</span> <span class='ocrx_word' id='word_1_57' title='bbox 1311 238 1365 264; x_wconf 86' lang='grc' dir='ltr'><strong>τῶν</strong></span> <span class='ocrx_word' id='word_1_58' title='bbox 1380 237 1552 270; x_wconf 76' lang='grc' dir='ltr'><strong>φθασάντων.</strong></span> <span class='ocrx_word' id='word_1_59' title='bbox 1584 238 1640 272; x_wconf 84' lang='grc' dir='ltr'>Τήν</span> <span class='ocrx_word' id='word_1_60' title='bbox 1652 247 1681 264; x_wconf 88' lang='grc' dir='ltr'>τε</span> <span class='ocrx_word' id='word_1_61' title='bbox 1697 239 1755 274; x_wconf 82' lang='grc' dir='ltr'>γὰρ</span> 
     </span>
    </p>
   </div>
   <div class='ocr_carea' id='block_1_13' title="bbox 963 283 1756 320">
    <p class='ocr_par' dir='ltr' id='par_1_13' title="bbox 963 283 1756 320">
     <span class='ocr_line' id='line_1_13' title="bbox 963 283 1756 320; baseline -0.001 -9"><span class='ocrx_word' id='word_1_62' title='bbox 963 285 1068 311; x_wconf 77' lang='grc' dir='ltr'>ἐκείνου</span> <span class='ocrx_word' id='word_1_63' title='bbox 1093 285 1157 320; x_wconf 76' lang='grc' dir='ltr'>περὶ</span> <span class='ocrx_word' id='word_1_64' title='bbox 1184 284 1298 320; x_wconf 81' lang='grc' dir='ltr'><strong>εἰρήνης</strong></span> <span class='ocrx_word' id='word_1_65' title='bbox 1326 283 1476 318; x_wconf 74' lang='grc' dir='ltr'>πρεσϐείαν</span> <span class='ocrx_word' id='word_1_66' title='bbox 1502 283 1625 320; x_wconf 81' lang='grc' dir='ltr'>Θρασέως</span> <span class='ocrx_word' id='word_1_67' title='bbox 1645 293 1676 310; x_wconf 84' lang='grc' dir='ltr'>τε</span> <span class='ocrx_word' id='word_1_68' title='bbox 1705 285 1756 311; x_wconf 80' lang='grc' dir='ltr'><strong>καὶ</strong></span> 
     </span>
    </p>
   </div>
   <div class='ocr_carea' id='block_1_14' title="bbox 70 332 1754 377">
    <p class='ocr_par' dir='ltr' id='par_1_14' title="bbox 70 332 1754 377">
     <span class='ocr_line' id='line_1_14' title="bbox 70 332 1754 377; baseline -0.005 -12"><span class='ocrx_word' id='word_1_69' title='bbox 70 374 71 377; x_wconf 18' lang='grc' dir='ltr'><strong>η</strong></span> <span class='ocrx_word' id='word_1_70' title='bbox 114 339 251 371; x_wconf 60' lang='grc' dir='ltr'>ἀκόσμως</span> <span class='ocrx_word' id='word_1_71' title='bbox 270 335 389 373; x_wconf 78' lang='lat' dir='ltr'><strong>[P.500]</strong></span> <span class='ocrx_word' id='word_1_72' title='bbox 405 335 573 370; x_wconf 78' lang='grc' dir='ltr'><strong>ἀπέπεμψαν</strong></span> <span class='ocrx_word' id='word_1_73' title='bbox 585 334 649 366; x_wconf 83' lang='grc' dir='ltr'>τούς</span> <span class='ocrx_word' id='word_1_74' title='bbox 669 342 699 360; x_wconf 90' lang='grc' dir='ltr'>τε</span> <span class='ocrx_word' id='word_1_75' title='bbox 726 333 780 360; x_wconf 83' lang='grc' dir='ltr'><strong>τῶν</strong></span> <span class='ocrx_word' id='word_1_76' title='bbox 799 332 962 368; x_wconf 82' lang='grc' dir='ltr'>Βουλγάρων</span> <span class='ocrx_word' id='word_1_77' title='bbox 989 333 1091 369; x_wconf 69' lang='grc' dir='ltr'>ἀγροὺς</span> <span class='ocrx_word' id='word_1_78' title='bbox 1125 332 1195 368; x_wconf 80' lang='grc' dir='ltr'><strong>μετὰ</strong></span> <span class='ocrx_word' id='word_1_79' title='bbox 1228 333 1283 359; x_wconf 78' lang='grc' dir='ltr'>τῶν</span> <span class='ocrx_word' id='word_1_80' title='bbox 1309 332 1453 368; x_wconf 76' lang='grc' dir='ltr'><strong>ἀσταχύων</strong></span> <span class='ocrx_word' id='word_1_81' title='bbox 1478 332 1544 367; x_wconf 82' lang='grc' dir='ltr'>πυρὶ</span> <span class='ocrx_word' id='word_1_82' title='bbox 1577 332 1754 367; x_wconf 55' lang='grc' dir='ltr'>παρέδοσαν</span> 
     </span>
    </p>
   </div>
   <div class='ocr_carea' id='block_1_15' title="bbox 69 379 1138 418">
    <p class='ocr_par' dir='ltr' id='par_1_15' title="bbox 69 379 1138 418">
     <span class='ocr_line' id='line_1_15' title="bbox 69 379 1138 418; baseline -0.004 -7"><span class='ocrx_word' id='word_1_83' title='bbox 69 380 73 385; x_wconf 37' lang='grc' dir='ltr'><strong>λ</strong></span> <span class='ocrx_word' id='word_1_84' title='bbox 121 384 169 411; x_wconf 72' lang='grc' dir='ltr'><strong>καὶ</strong></span> <span class='ocrx_word' id='word_1_85' title='bbox 182 384 249 418; x_wconf 83' lang='grc' dir='ltr'>πρός</span> <span class='ocrx_word' id='word_1_86' title='bbox 261 392 293 418; x_wconf 90' lang='grc' dir='ltr'><strong>γε</strong></span> <span class='ocrx_word' id='word_1_87' title='bbox 306 383 362 414; x_wconf 87' lang='grc' dir='ltr'>τοῖς</span> <span class='ocrx_word' id='word_1_88' title='bbox 372 383 405 409; x_wconf 81' lang='grc' dir='ltr'><strong>τὰ</strong></span> <span class='ocrx_word' id='word_1_89' title='bbox 420 381 538 416; x_wconf 85' lang='grc' dir='ltr'>φρούρια</span> <span class='ocrx_word' id='word_1_90' title='bbox 549 380 670 408; x_wconf 75' lang='grc' dir='ltr'><strong>οἰκοῦσιν</strong></span> <span class='ocrx_word' id='word_1_91' title='bbox 683 381 712 407; x_wconf 82' lang='grc' dir='ltr'>οὐ</span> <span class='ocrx_word' id='word_1_92' title='bbox 724 379 815 411; x_wconf 86' lang='grc' dir='ltr'>καλῶς</span> <span class='ocrx_word' id='word_1_93' title='bbox 827 381 979 415; x_wconf 71' lang='grc' dir='ltr'>ἐχρήσαντο</span> <span class='ocrx_word' id='word_1_94' title='bbox 998 380 1138 411; x_wconf 79' lang='grc' dir='ltr'>λαϐόντες.</span> 
     </span>
    </p>
   </div>
   <div class='ocr_carea' id='block_1_16' title="bbox 159 428 910 465">
    <p class='ocr_par' dir='ltr' id='par_1_16' title="bbox 159 428 910 465">
     <span class='ocr_line' id='line_1_16' title="bbox 159 428 910 465; baseline -0.004 -8"><span class='ocrx_word' id='word_1_95' title='bbox 159 430 215 458; x_wconf 84' lang='lat' dir='ltr'><strong>Vll.</strong></span> <span class='ocrx_word' id='word_1_96' title='bbox 233 430 326 465; x_wconf 87' lang='lat' dir='ltr'><strong>Itaque</strong></span> <span class='ocrx_word' id='word_1_97' title='bbox 344 429 378 456; x_wconf 88' lang='lat' dir='ltr'><strong>ab</strong></span> <span class='ocrx_word' id='word_1_98' title='bbox 397 429 470 456; x_wconf 93' lang='lat' dir='ltr'><strong>omni</strong></span> <span class='ocrx_word' id='word_1_99' title='bbox 490 433 567 463; x_wconf 90' lang='lat' dir='ltr'><strong>parte</strong></span> <span class='ocrx_word' id='word_1_100' title='bbox 585 428 663 462; x_wconf 91' lang='lat' dir='ltr'><strong>inops</strong></span> <span class='ocrx_word' id='word_1_101' title='bbox 686 428 791 455; x_wconf 88' lang='lat' dir='ltr'><strong>consilii</strong></span> <span class='ocrx_word' id='word_1_102' title='bbox 808 433 910 455; x_wconf 63' lang='lat' dir='ltr'><strong>aestua-</strong></span> 
     </span>
    </p>
   </div>
   <div class='ocr_carea' id='block_1_17' title="bbox 122 473 912 510">
    <p class='ocr_par' dir='ltr' id='par_1_17' title="bbox 122 473 912 510">
     <span class='ocr_line' id='line_1_17' title="bbox 122 473 912 510; baseline -0.003 -8"><span class='ocrx_word' id='word_1_103' title='bbox 122 476 170 503; x_wconf 84' lang='lat' dir='ltr'><strong>bat</strong></span> <span class='ocrx_word' id='word_1_104' title='bbox 195 476 356 510; x_wconf 86' lang='lat' dir='ltr'><strong>imperator.</strong></span> <span class='ocrx_word' id='word_1_105' title='bbox 374 474 477 501; x_wconf 89' lang='lat' dir='ltr'><strong>Tamen</strong></span> <span class='ocrx_word' id='word_1_106' title='bbox 505 473 581 500; x_wconf 82' lang='lat' dir='ltr'><strong>firma</strong></span> <span class='ocrx_word' id='word_1_107' title='bbox 596 474 622 500; x_wconf 94' lang='lat' dir='ltr'><strong>in</strong></span> <span class='ocrx_word' id='word_1_108' title='bbox 637 474 722 501; x_wconf 88' lang='lat' dir='ltr'><strong>Deum</strong></span> <span class='ocrx_word' id='word_1_109' title='bbox 747 473 845 501; x_wconf 86' lang='lat' dir='ltr'><strong>ﬁducia</strong></span> <span class='ocrx_word' id='word_1_110' title='bbox 861 481 912 501; x_wconf 91' lang='lat' dir='ltr'><strong>nec</strong></span> 
     </span>
    </p>
   </div>
   <div class='ocr_carea' id='block_1_18' title="bbox 122 518 911 556">
    <p class='ocr_par' dir='ltr' id='par_1_18' title="bbox 122 518 911 556">
     <span class='ocr_line' id='line_1_18' title="bbox 122 518 911 556; baseline -0.003 -8"><span class='ocrx_word' id='word_1_111' title='bbox 122 522 150 549; x_wconf 87' lang='lat' dir='ltr'><strong>in</strong></span> <span class='ocrx_word' id='word_1_112' title='bbox 169 521 308 556; x_wconf 85' lang='lat' dir='ltr'><strong>prioribus</strong></span> <span class='ocrx_word' id='word_1_113' title='bbox 331 520 463 555; x_wconf 83' lang='lat' dir='ltr'><strong>periculis</strong></span> <span class='ocrx_word' id='word_1_114' title='bbox 487 527 538 547; x_wconf 82' lang='lat' dir='ltr'><strong>nec</strong></span> <span class='ocrx_word' id='word_1_115' title='bbox 560 518 587 545; x_wconf 88' lang='lat' dir='ltr'><strong>in</strong></span> <span class='ocrx_word' id='word_1_116' title='bbox 608 519 735 553; x_wconf 63' lang='lat' dir='ltr'><strong>praesenti</strong></span> <span class='ocrx_word' id='word_1_117' title='bbox 753 519 911 546; x_wconf 87' lang='lat' dir='ltr'><strong>discrimine</strong></span> 
     </span>
    </p>
   </div>
   <div class='ocr_carea' id='block_1_19' title="bbox 123 564 911 601">
    <p class='ocr_par' dir='ltr' id='par_1_19' title="bbox 123 564 911 601">
     <span class='ocr_line' id='line_1_19' title="bbox 123 564 911 601; baseline -0.004 -7"><span class='ocrx_word' id='word_1_118' title='bbox 123 575 185 595; x_wconf 87' lang='lat' dir='ltr'><strong>eum</strong></span> <span class='ocrx_word' id='word_1_119' title='bbox 202 567 342 599; x_wconf 83' lang='lat' dir='ltr'><strong>destituit;</strong></span> <span class='ocrx_word' id='word_1_120' title='bbox 359 566 484 601; x_wconf 85' lang='lat' dir='ltr'><strong>quamvis</strong></span> <span class='ocrx_word' id='word_1_121' title='bbox 501 564 666 593; x_wconf 79' lang='lat' dir='ltr'><strong>conscientia</strong></span> <span class='ocrx_word' id='word_1_122' title='bbox 681 565 740 600; x_wconf 77' lang='lat' dir='ltr'><strong>eius</strong></span> <span class='ocrx_word' id='word_1_123' title='bbox 752 572 806 592; x_wconf 91' lang='lat' dir='ltr'><strong>non</strong></span> <span class='ocrx_word' id='word_1_124' title='bbox 822 565 911 592; x_wconf 86' lang='lat' dir='ltr'><strong>omnis</strong></span> 
     </span>
    </p>
   </div>
   <div class='ocr_carea' id='block_1_20' title="bbox 122 611 911 648">
    <p class='ocr_par' dir='ltr' id='par_1_20' title="bbox 122 611 911 648">
     <span class='ocr_line' id='line_1_20' title="bbox 122 611 911 648; baseline -0.004 -8"><span class='ocrx_word' id='word_1_125' title='bbox 122 621 221 648; x_wconf 80' lang='lat' dir='ltr'><strong>expers</strong></span> <span class='ocrx_word' id='word_1_126' title='bbox 236 617 310 640; x_wconf 80' lang='lat' dir='ltr'><strong>esset</strong></span> <span class='ocrx_word' id='word_1_127' title='bbox 327 613 450 645; x_wconf 61' lang='lat' dir='ltr'><strong>maculat,</strong></span> <span class='ocrx_word' id='word_1_128' title='bbox 472 617 527 639; x_wconf 90' lang='lat' dir='ltr'><strong>tum</strong></span> <span class='ocrx_word' id='word_1_129' title='bbox 543 616 653 647; x_wconf 90' lang='lat' dir='ltr'><strong>propter</strong></span> <span class='ocrx_word' id='word_1_130' title='bbox 666 619 746 638; x_wconf 77' lang='lat' dir='ltr'><strong>avum</strong></span> <span class='ocrx_word' id='word_1_131' title='bbox 763 611 911 646; x_wconf 75' lang='lat' dir='ltr'><strong>imperato-</strong></span> 
     </span>
    </p>
   </div>
   <div class='ocr_carea' id='block_1_21' title="bbox 122 656 910 690">
    <p class='ocr_par' dir='ltr' id='par_1_21' title="bbox 122 656 910 690">
     <span class='ocr_line' id='line_1_21' title="bbox 122 656 910 690; baseline -0.004 -5"><span class='ocrx_word' id='word_1_132' title='bbox 122 667 180 686; x_wconf 86' lang='lat' dir='ltr'><strong>rem</strong></span> <span class='ocrx_word' id='word_1_133' title='bbox 201 662 322 686; x_wconf 84' lang='lat' dir='ltr'><strong>extrema</strong></span> <span class='ocrx_word' id='word_1_134' title='bbox 344 662 424 684; x_wconf 83' lang='lat' dir='ltr'><strong>aetate</strong></span> <span class='ocrx_word' id='word_1_135' title='bbox 442 657 650 689; x_wconf 86' lang='lat' dir='ltr'><strong>contristatum;</strong></span> <span class='ocrx_word' id='word_1_136' title='bbox 668 661 724 683; x_wconf 81' lang='lat' dir='ltr'><strong>tulit</strong></span> <span class='ocrx_word' id='word_1_137' title='bbox 740 656 774 683; x_wconf 94' lang='lat' dir='ltr'><strong>ob</strong></span> <span class='ocrx_word' id='word_1_138' title='bbox 788 663 831 689; x_wconf 92' lang='lat' dir='ltr'><strong>ea,</strong></span> <span class='ocrx_word' id='word_1_139' title='bbox 849 663 910 690; x_wconf 75' lang='lat' dir='ltr'><strong>qua:</strong></span> 
     </span>
    </p>
   </div>
   <div class='ocr_carea' id='block_1_22' title="bbox 121 702 911 740">
    <p class='ocr_par' dir='ltr' id='par_1_22' title="bbox 121 702 911 740">
     <span class='ocr_line' id='line_1_22' title="bbox 121 702 911 740; baseline -0.004 -9"><span class='ocrx_word' id='word_1_140' title='bbox 121 704 249 740; x_wconf 79' lang='lat' dir='ltr'><strong>juvenilis</strong></span> <span class='ocrx_word' id='word_1_141' title='bbox 263 703 383 731; x_wconf 86' lang='lat' dir='ltr'><strong>-licentia</strong></span> <span class='ocrx_word' id='word_1_142' title='bbox 400 711 461 730; x_wconf 92' lang='lat' dir='ltr'><strong>cum</strong></span> <span class='ocrx_word' id='word_1_143' title='bbox 477 702 596 738; x_wconf 91' lang='lat' dir='ltr'><strong>imperio</strong></span> <span class='ocrx_word' id='word_1_144' title='bbox 619 702 765 737; x_wconf 83' lang='lat' dir='ltr'><strong>canjuneta</strong></span> <span class='ocrx_word' id='word_1_145' title='bbox 790 702 911 736; x_wconf 84' lang='lat' dir='ltr'><strong>plerum—</strong></span> 
     </span>
    </p>
   </div>
   <div class='ocr_carea' id='block_1_23' title="bbox 122 748 910 785">
    <p class='ocr_par' dir='ltr' id='par_1_23' title="bbox 122 748 910 785">
     <span class='ocr_line' id='line_1_23' title="bbox 122 748 910 785; baseline -0.001 -8"><span class='ocrx_word' id='word_1_146' title='bbox 122 757 176 785; x_wconf 85' lang='lat' dir='ltr'><strong>que</strong></span> <span class='ocrx_word' id='word_1_147' title='bbox 193 750 262 777; x_wconf 84' lang='lat' dir='ltr'><strong>solet</strong></span> <span class='ocrx_word' id='word_1_148' title='bbox 280 749 434 784; x_wconf 76' lang='lat' dir='ltr'><strong>designare.</strong></span> <span class='ocrx_word' id='word_1_149' title='bbox 458 749 559 776; x_wconf 84' lang='lat' dir='ltr'><strong>Verum</strong></span> <span class='ocrx_word' id='word_1_150' title='bbox 574 749 613 776; x_wconf 94' lang='lat' dir='ltr'><strong>illi</strong></span> <span class='ocrx_word' id='word_1_151' title='bbox 629 748 785 783; x_wconf 74' lang='lat' dir='ltr'><strong>huiusmodi</strong></span> <span class='ocrx_word' id='word_1_152' title='bbox 800 752 910 782; x_wconf 86' lang='lat' dir='ltr'><strong>peccata</strong></span> 
     </span>
    </p>
   </div>
   <div class='ocr_carea' id='block_1_24' title="bbox 123 794 910 830">
    <p class='ocr_par' dir='ltr' id='par_1_24' title="bbox 123 794 910 830">
     <span class='ocr_line' id='line_1_24' title="bbox 123 794 910 830; baseline -0.003 -7"><span class='ocrx_word' id='word_1_153' title='bbox 123 801 252 830; x_wconf 82' lang='lat' dir='ltr'><strong>tanquam</strong></span> <span class='ocrx_word' id='word_1_154' title='bbox 268 796 389 823; x_wconf 77' lang='lat' dir='ltr'><strong>minutos</strong></span> <span class='ocrx_word' id='word_1_155' title='bbox 405 795 552 830; x_wconf 85' lang='lat' dir='ltr'><strong>pisciculos</strong></span> <span class='ocrx_word' id='word_1_156' title='bbox 566 802 693 830; x_wconf 76' lang='lat' dir='ltr'><strong>magnum</strong></span> <span class='ocrx_word' id='word_1_157' title='bbox 713 794 813 822; x_wconf 66' lang='lat' dir='ltr'><strong>divinae</strong></span> <span class='ocrx_word' id='word_1_158' title='bbox 827 795 910 822; x_wconf 87' lang='lat' dir='ltr'><strong>mise-</strong></span> 
     </span>
    </p>
   </div>
   <div class='ocr_carea' id='block_1_25' title="bbox 124 833 946 876">
    <p class='ocr_par' dir='ltr' id='par_1_25' title="bbox 124 833 946 876">
     <span class='ocr_line' id='line_1_25' title="bbox 124 833 946 876; baseline -0.002 -7"><span class='ocrx_word' id='word_1_159' title='bbox 124 841 250 869; x_wconf 67' lang='lat' dir='ltr'><strong>ricordiae</strong></span> <span class='ocrx_word' id='word_1_160' title='bbox 272 842 386 876; x_wconf 72' lang='lat' dir='ltr'><strong>pelagus</strong></span> <span class='ocrx_word' id='word_1_161' title='bbox 406 841 556 868; x_wconf 81' lang='lat' dir='ltr'><strong>subeuntes</strong></span> <span class='ocrx_word' id='word_1_162' title='bbox 575 840 728 875; x_wconf 84' lang='lat' dir='ltr'><strong>judicabat.</strong></span> <span class='ocrx_word' id='word_1_163' title='bbox 751 840 868 868; x_wconf 66' lang='lat' dir='ltr'><strong>Proinde</strong></span> <span class='ocrx_word' id='word_1_164' title='bbox 882 844 910 867; x_wconf 90' lang='lat' dir='ltr'><strong>et</strong></span> <span class='ocrx_word' id='word_1_165' title='bbox 926 833 946 860; x_wconf 73' lang='grc' dir='ltr'><strong>Β</strong></span> 
     </span>
    </p>
   </div>
   <div class='ocr_carea' id='block_1_26' title="bbox 124 886 910 920">
    <p class='ocr_par' dir='ltr' id='par_1_26' title="bbox 124 886 910 920">
     <span class='ocr_line' id='line_1_26' title="bbox 124 886 910 920; baseline -0.003 -6"><span class='ocrx_word' id='word_1_166' title='bbox 124 894 176 914; x_wconf 74' lang='lat' dir='ltr'><strong>nec</strong></span> <span class='ocrx_word' id='word_1_167' title='bbox 196 894 334 915; x_wconf 84' lang='lat' dir='ltr'><strong>summum</strong></span> <span class='ocrx_word' id='word_1_168' title='bbox 361 886 510 914; x_wconf 86' lang='lat' dir='ltr'><strong>discrimen</strong></span> <span class='ocrx_word' id='word_1_169' title='bbox 527 894 580 914; x_wconf 92' lang='lat' dir='ltr'><strong>non</strong></span> <span class='ocrx_word' id='word_1_170' title='bbox 596 887 687 913; x_wconf 87' lang='lat' dir='ltr'><strong>minus</strong></span> <span class='ocrx_word' id='word_1_171' title='bbox 708 893 789 920; x_wconf 89' lang='lat' dir='ltr'><strong>quam</strong></span> <span class='ocrx_word' id='word_1_172' title='bbox 813 890 910 913; x_wconf 67' lang='lat' dir='ltr'><strong>caetera</strong></span> 
     </span>
    </p>
   </div>
   <div class='ocr_carea' id='block_1_27' title="bbox 124 931 911 966">
    <p class='ocr_par' dir='ltr' id='par_1_27' title="bbox 124 931 911 966">
     <span class='ocr_line' id='line_1_27' title="bbox 124 931 911 966; baseline -0.003 -6"><span class='ocrx_word' id='word_1_173' title='bbox 124 933 286 960; x_wconf 81' lang='lat' dir='ltr'><strong>mirabiliter</strong></span> <span class='ocrx_word' id='word_1_174' title='bbox 309 933 417 966; x_wconf 79' lang='lat' dir='ltr'><strong>evasit,</strong></span> <span class='ocrx_word' id='word_1_175' title='bbox 440 939 539 960; x_wconf 87' lang='lat' dir='ltr'><strong>arcana</strong></span> <span class='ocrx_word' id='word_1_176' title='bbox 563 931 610 960; x_wconf 88' lang='lat' dir='ltr'><strong>Dei</strong></span> <span class='ocrx_word' id='word_1_177' title='bbox 636 935 735 959; x_wconf 88' lang='lat' dir='ltr'><strong>cuncta</strong></span> <span class='ocrx_word' id='word_1_178' title='bbox 760 932 911 960; x_wconf 88' lang='lat' dir='ltr'><strong>clementer</strong></span> 
     </span>
    </p>
   </div>
   <div class='ocr_carea' id='block_1_28' title="bbox 123 978 911 1015">
    <p class='ocr_par' dir='ltr' id='par_1_28' title="bbox 123 978 911 1015">
     <span class='ocr_line' id='line_1_28' title="bbox 123 978 911 1015; baseline -0.003 -7"><span class='ocrx_word' id='word_1_179' title='bbox 123 979 306 1015; x_wconf 77' lang='lat' dir='ltr'><strong>gubernantis</strong></span> <span class='ocrx_word' id='word_1_180' title='bbox 320 979 502 1014; x_wconf 80' lang='lat' dir='ltr'><strong>providentia.</strong></span> <span class='ocrx_word' id='word_1_181' title='bbox 518 978 588 1006; x_wconf 79' lang='lat' dir='ltr'><strong>Nam</strong></span> <span class='ocrx_word' id='word_1_182' title='bbox 606 978 760 1006; x_wconf 79' lang='lat' dir='ltr'><strong>Alexander</strong></span> <span class='ocrx_word' id='word_1_183' title='bbox 777 978 911 1013; x_wconf 80' lang='lat' dir='ltr'><strong>postridie</strong></span> 
     </span>
    </p>
   </div>
   <div class='ocr_carea' id='block_1_29' title="bbox 123 1024 910 1060">
    <p class='ocr_par' dir='ltr' id='par_1_29' title="bbox 123 1024 910 1060">
     <span class='ocr_line' id='line_1_29' title="bbox 123 1024 910 1060; baseline -0.001 -7"><span class='ocrx_word' id='word_1_184' title='bbox 123 1027 196 1053; x_wconf 84' lang='lat' dir='ltr'><strong>ultro</strong></span> <span class='ocrx_word' id='word_1_185' title='bbox 212 1026 286 1053; x_wconf 89' lang='lat' dir='ltr'><strong>illius</strong></span> <span class='ocrx_word' id='word_1_186' title='bbox 306 1026 436 1053; x_wconf 86' lang='lat' dir='ltr'><strong>misertus</strong></span> <span class='ocrx_word' id='word_1_187' title='bbox 450 1029 477 1052; x_wconf 87' lang='lat' dir='ltr'><strong>et</strong></span> <span class='ocrx_word' id='word_1_188' title='bbox 489 1024 667 1052; x_wconf 88' lang='lat' dir='ltr'><strong>humanitatis</strong></span> <span class='ocrx_word' id='word_1_189' title='bbox 691 1032 772 1053; x_wconf 86' lang='lat' dir='ltr'><strong>sensu</strong></span> <span class='ocrx_word' id='word_1_190' title='bbox 791 1025 910 1060; x_wconf 90' lang='lat' dir='ltr'><strong>quodam</strong></span> 
     </span>
    </p>
   </div>
   <div class='ocr_carea' id='block_1_30' title="bbox 124 1069 912 1106">
    <p class='ocr_par' dir='ltr' id='par_1_30' title="bbox 124 1069 912 1106">
     <span class='ocr_line' id='line_1_30' title="bbox 124 1069 912 1106; baseline -0.004 -7"><span class='ocrx_word' id='word_1_191' title='bbox 124 1072 270 1099; x_wconf 89' lang='lat' dir='ltr'><strong>instinctus</strong></span> <span class='ocrx_word' id='word_1_192' title='bbox 293 1078 387 1106; x_wconf 90' lang='lat' dir='ltr'><strong>pacem</strong></span> <span class='ocrx_word' id='word_1_193' title='bbox 406 1070 445 1097; x_wconf 89' lang='lat' dir='ltr'><strong>illi</strong></span> <span class='ocrx_word' id='word_1_194' title='bbox 464 1070 564 1097; x_wconf 87' lang='lat' dir='ltr'><strong>obtulit</strong></span> <span class='ocrx_word' id='word_1_195' title='bbox 585 1074 614 1098; x_wconf 88' lang='lat' dir='ltr'><strong>et</strong></span> <span class='ocrx_word' id='word_1_196' title='bbox 631 1077 693 1097; x_wconf 94' lang='lat' dir='ltr'><strong>cum</strong></span> <span class='ocrx_word' id='word_1_197' title='bbox 717 1069 838 1097; x_wconf 84' lang='lat' dir='ltr'><strong>exercitu</strong></span> <span class='ocrx_word' id='word_1_198' title='bbox 863 1070 912 1097; x_wconf 93' lang='lat' dir='ltr'><strong>do-</strong></span> 
     </span>
    </p>
   </div>
   <div class='ocr_carea' id='block_1_31' title="bbox 126 1114 912 1149">
    <p class='ocr_par' dir='ltr' id='par_1_31' title="bbox 126 1114 912 1149">
     <span class='ocr_line' id='line_1_31' title="bbox 126 1114 912 1149; baseline -0.001 -7"><span class='ocrx_word' id='word_1_199' title='bbox 126 1123 201 1143; x_wconf 88' lang='lat' dir='ltr'><strong>mum</strong></span> <span class='ocrx_word' id='word_1_200' title='bbox 221 1115 320 1147; x_wconf 80' lang='lat' dir='ltr'><strong>redire.</strong></span> <span class='ocrx_word' id='word_1_201' title='bbox 339 1116 410 1142; x_wconf 83' lang='lat' dir='ltr'><strong>facta</strong></span> <span class='ocrx_word' id='word_1_202' title='bbox 432 1114 641 1149; x_wconf 89' lang='lat' dir='ltr'><strong>compositione,</strong></span> <span class='ocrx_word' id='word_1_203' title='bbox 658 1121 754 1149; x_wconf 86' lang='lat' dir='ltr'><strong>passus</strong></span> <span class='ocrx_word' id='word_1_204' title='bbox 774 1119 825 1147; x_wconf 89' lang='lat' dir='ltr'><strong>est,</strong></span> <span class='ocrx_word' id='word_1_205' title='bbox 845 1114 912 1141; x_wconf 90' lang='lat' dir='ltr'><strong>hor-</strong></span> 
     </span>
    </p>
   </div>
   <div class='ocr_carea' id='block_1_32' title="bbox 125 1160 916 1195">
    <p class='ocr_par' dir='ltr' id='par_1_32' title="bbox 125 1160 916 1195">
     <span class='ocr_line' id='line_1_32' title="bbox 125 1160 916 1195; baseline -0.003 -6"><span class='ocrx_word' id='word_1_206' title='bbox 125 1167 220 1195; x_wconf 82' lang='lat' dir='ltr'><strong>tatus,</strong></span> <span class='ocrx_word' id='word_1_207' title='bbox 244 1166 275 1189; x_wconf 92' lang='lat' dir='ltr'><strong>ut</strong></span> <span class='ocrx_word' id='word_1_208' title='bbox 300 1161 566 1188; x_wconf 83' lang='lat' dir='ltr'><strong>moderatioresset</strong></span> <span class='ocrx_word' id='word_1_209' title='bbox 593 1161 620 1188; x_wconf 94' lang='lat' dir='ltr'><strong>in</strong></span> <span class='ocrx_word' id='word_1_210' title='bbox 643 1165 796 1195; x_wconf 87' lang='lat' dir='ltr'><strong>posterum.</strong></span> <span class='ocrx_word' id='word_1_211' title='bbox 828 1160 916 1187; x_wconf 86' lang='lat' dir='ltr'><strong>Unius</strong></span> 
     </span>
    </p>
   </div>
   <div class='ocr_carea' id='block_1_33' title="bbox 124 1205 913 1241">
    <p class='ocr_par' dir='ltr' id='par_1_33' title="bbox 124 1205 913 1241">
     <span class='ocr_line' id='line_1_33' title="bbox 124 1205 913 1241; baseline -0.004 -7"><span class='ocrx_word' id='word_1_212' title='bbox 124 1207 199 1234; x_wconf 78' lang='lat' dir='ltr'><strong>enim</strong></span> <span class='ocrx_word' id='word_1_213' title='bbox 224 1205 288 1232; x_wconf 90' lang='lat' dir='ltr'><strong>anni</strong></span> <span class='ocrx_word' id='word_1_214' title='bbox 313 1211 431 1241; x_wconf 83' lang='lat' dir='ltr'><strong>quatuor</strong></span> <span class='ocrx_word' id='word_1_215' title='bbox 455 1213 516 1233; x_wconf 87' lang='lat' dir='ltr'><strong>esse</strong></span> <span class='ocrx_word' id='word_1_216' title='bbox 542 1209 676 1240; x_wconf 90' lang='lat' dir='ltr'><strong>tempora,</strong></span> <span class='ocrx_word' id='word_1_217' title='bbox 700 1209 729 1232; x_wconf 88' lang='lat' dir='ltr'><strong>et</strong></span> <span class='ocrx_word' id='word_1_218' title='bbox 752 1205 833 1239; x_wconf 91' lang='lat' dir='ltr'><strong>paulo</strong></span> <span class='ocrx_word' id='word_1_219' title='bbox 854 1211 913 1231; x_wconf 92' lang='lat' dir='ltr'><strong>mo-</strong></span> 
     </span>
    </p>
   </div>
   <div class='ocr_carea' id='block_1_34' title="bbox 126 1249 914 1279">
    <p class='ocr_par' dir='ltr' id='par_1_34' title="bbox 126 1249 914 1279">
     <span class='ocr_line' id='line_1_34' title="bbox 126 1249 914 1279; baseline -0.003 0"><span class='ocrx_word' id='word_1_220' title='bbox 126 1257 219 1279; x_wconf 88' lang='lat' dir='ltr'><strong>mento</strong></span> <span class='ocrx_word' id='word_1_221' title='bbox 235 1252 366 1279; x_wconf 79' lang='lat' dir='ltr'><strong>maximas</strong></span> <span class='ocrx_word' id='word_1_222' title='bbox 383 1251 505 1278; x_wconf 84' lang='lat' dir='ltr'><strong>incidere</strong></span> <span class='ocrx_word' id='word_1_223' title='bbox 517 1259 609 1279; x_wconf 90' lang='lat' dir='ltr'><strong>rerum</strong></span> <span class='ocrx_word' id='word_1_224' title='bbox 632 1251 808 1279; x_wconf 87' lang='lat' dir='ltr'><strong>mutationes.</strong></span> <span class='ocrx_word' id='word_1_225' title='bbox 824 1249 914 1278; x_wconf 84' lang='lat' dir='ltr'><strong>Inter-</strong></span> 
     </span>
    </p>
   </div>
   <div class='ocr_carea' id='block_1_35' title="bbox 126 1298 621 1332">
    <p class='ocr_par' dir='ltr' id='par_1_35' title="bbox 126 1298 621 1332">
     <span class='ocr_line' id='line_1_35' title="bbox 126 1298 621 1332; baseline -0.004 -6"><span class='ocrx_word' id='word_1_226' title='bbox 126 1305 158 1326; x_wconf 88' lang='lat' dir='ltr'><strong>ea</strong></span> <span class='ocrx_word' id='word_1_227' title='bbox 176 1298 221 1324; x_wconf 88' lang='lat' dir='ltr'><strong>illa</strong></span> <span class='ocrx_word' id='word_1_228' title='bbox 238 1305 346 1332; x_wconf 89' lang='lat' dir='ltr'><strong>quoque</strong></span> <span class='ocrx_word' id='word_1_229' title='bbox 361 1302 441 1325; x_wconf 69' lang='lat' dir='ltr'><strong>aestas</strong></span> <span class='ocrx_word' id='word_1_230' title='bbox 459 1301 552 1325; x_wconf 77' lang='lat' dir='ltr'><strong>exacta</strong></span> <span class='ocrx_word' id='word_1_231' title='bbox 569 1301 621 1324; x_wconf 90' lang='lat' dir='ltr'><strong>est.</strong></span> 
     </span>
    </p>
   </div>
   <div class='ocr_carea' id='block_1_36' title="bbox 996 426 1756 463">
    <p class='ocr_par' dir='ltr' id='par_1_36' title="bbox 996 426 1756 463">
     <span class='ocr_line' id='line_1_36' title="bbox 996 426 1756 463; baseline 0 -9"><span class='ocrx_word' id='word_1_232' title='bbox 996 427 1031 454; x_wconf 93' lang='grc' dir='ltr'><strong>Ζ¹.</strong></span> <span class='ocrx_word' id='word_1_233' title='bbox 1048 428 1094 454; x_wconf 81' lang='grc' dir='ltr'><strong>Διὸ</strong></span> <span class='ocrx_word' id='word_1_234' title='bbox 1107 426 1277 463; x_wconf 80' lang='grc' dir='ltr'><strong>πανταχόθεν</strong></span> <span class='ocrx_word' id='word_1_235' title='bbox 1291 427 1385 454; x_wconf 84' lang='grc' dir='ltr'>στενόν</span> <span class='ocrx_word' id='word_1_236' title='bbox 1397 436 1426 454; x_wconf 84' lang='grc' dir='ltr'>τε</span> <span class='ocrx_word' id='word_1_237' title='bbox 1438 427 1485 454; x_wconf 75' lang='grc' dir='ltr'><strong>καὶ</strong></span> <span class='ocrx_word' id='word_1_238' title='bbox 1500 427 1603 462; x_wconf 79' lang='grc' dir='ltr'>ἄπορον</span> <span class='ocrx_word' id='word_1_239' title='bbox 1618 427 1657 462; x_wconf 77' lang='grc' dir='ltr'>τῷ</span> <span class='ocrx_word' id='word_1_240' title='bbox 1673 427 1756 463; x_wconf 77' lang='grc' dir='ltr'>βασι-</span> 
     </span>
    </p>
   </div>
   <div class='ocr_carea' id='block_1_37' title="bbox 959 471 1755 509">
    <p class='ocr_par' dir='ltr' id='par_1_37' title="bbox 959 471 1755 509">
     <span class='ocr_line' id='line_1_37' title="bbox 959 471 1755 509; baseline -0.004 -9"><span class='ocrx_word' id='word_1_241' title='bbox 959 473 1000 500; x_wconf 82' lang='grc' dir='ltr'><strong>λεῖ</strong></span> <span class='ocrx_word' id='word_1_242' title='bbox 1017 473 1046 500; x_wconf 76' lang='grc' dir='ltr'><strong>τὸ</strong></span> <span class='ocrx_word' id='word_1_243' title='bbox 1069 474 1188 508; x_wconf 85' lang='grc' dir='ltr'>πρᾶγμα</span> <span class='ocrx_word' id='word_1_244' title='bbox 1206 473 1339 507; x_wconf 76' lang='grc' dir='ltr'>ἐγίγνετο.</span> <span class='ocrx_word' id='word_1_245' title='bbox 1360 472 1397 499; x_wconf 82' lang='grc' dir='ltr'>Τό</span> <span class='ocrx_word' id='word_1_246' title='bbox 1415 480 1447 506; x_wconf 85' lang='grc' dir='ltr'><strong>γε</strong></span> <span class='ocrx_word' id='word_1_247' title='bbox 1465 471 1518 507; x_wconf 83' lang='grc' dir='ltr'><strong>μὴν</strong></span> <span class='ocrx_word' id='word_1_248' title='bbox 1528 472 1567 504; x_wconf 85' lang='grc' dir='ltr'><strong>είς</strong></span> <span class='ocrx_word' id='word_1_249' title='bbox 1582 471 1649 498; x_wconf 81' lang='grc' dir='ltr'><strong>Θεὸν</strong></span> <span class='ocrx_word' id='word_1_250' title='bbox 1659 473 1755 509; x_wconf 69' lang='grc' dir='ltr'>ἀρραο</span> 
     </span>
    </p>
   </div>
   <div class='ocr_carea' id='block_1_38' title="bbox 959 517 1754 555">
    <p class='ocr_par' dir='ltr' id='par_1_38' title="bbox 959 517 1754 555">
     <span class='ocr_line' id='line_1_38' title="bbox 959 517 1754 555; baseline -0.003 -9"><span class='ocrx_word' id='word_1_251' title='bbox 959 520 1095 555; x_wconf 83' lang='grc' dir='ltr'>γεστάτην</span> <span class='ocrx_word' id='word_1_252' title='bbox 1119 519 1192 554; x_wconf 78' lang='grc' dir='ltr'>ἔχειν</span> <span class='ocrx_word' id='word_1_253' title='bbox 1218 518 1324 550; x_wconf 76' lang='grc' dir='ltr'>ἐλπίδα,</span> <span class='ocrx_word' id='word_1_254' title='bbox 1352 518 1432 545; x_wconf 83' lang='grc' dir='ltr'>τοῦτο</span> <span class='ocrx_word' id='word_1_255' title='bbox 1448 517 1534 544; x_wconf 81' lang='grc' dir='ltr'>δὀὐκ</span> <span class='ocrx_word' id='word_1_256' title='bbox 1556 517 1716 551; x_wconf 84' lang='grc' dir='ltr'>ὰπέγνωστό</span> <span class='ocrx_word' id='word_1_257' title='bbox 1726 517 1754 544; x_wconf 71' lang='grc' dir='ltr'>οἱ</span> 
     </span>
    </p>
   </div>
   <div class='ocr_carea' id='block_1_39' title="bbox 960 562 1751 599">
    <p class='ocr_par' dir='ltr' id='par_1_39' title="bbox 960 562 1751 599">
     <span class='ocr_line' id='line_1_39' title="bbox 960 562 1751 599; baseline -0.001 -8"><span class='ocrx_word' id='word_1_258' title='bbox 960 564 1016 592; x_wconf 69' lang='grc' dir='ltr'>οὐτ’</span> <span class='ocrx_word' id='word_1_259' title='bbox 1031 565 1059 591; x_wconf 84' lang='grc' dir='ltr'>ὲν</span> <span class='ocrx_word' id='word_1_260' title='bbox 1075 565 1135 595; x_wconf 79' lang='grc' dir='ltr'>ταῖς</span> <span class='ocrx_word' id='word_1_261' title='bbox 1151 564 1284 599; x_wconf 81' lang='grc' dir='ltr'>πρότερον</span> <span class='ocrx_word' id='word_1_262' title='bbox 1301 563 1506 599; x_wconf 74' lang='grc' dir='ltr'><strong>περιστάσεσιν,</strong></span> <span class='ocrx_word' id='word_1_263' title='bbox 1522 562 1583 590; x_wconf 70' lang='grc' dir='ltr'>οὔτε</span> <span class='ocrx_word' id='word_1_264' title='bbox 1599 564 1655 599; x_wconf 82' lang='grc' dir='ltr'><strong>μὴν</strong></span> <span class='ocrx_word' id='word_1_265' title='bbox 1671 563 1700 590; x_wconf 78' lang='grc' dir='ltr'>ἐν</span> <span class='ocrx_word' id='word_1_266' title='bbox 1714 564 1751 598; x_wconf 80' lang='grc' dir='ltr'><strong>τῇ</strong></span> 
     </span>
    </p>
   </div>
   <div class='ocr_carea' id='block_1_40' title="bbox 961 609 1753 646">
    <p class='ocr_par' dir='ltr' id='par_1_40' title="bbox 961 609 1753 646">
     <span class='ocr_line' id='line_1_40' title="bbox 961 609 1753 646; baseline -0.003 -9"><span class='ocrx_word' id='word_1_267' title='bbox 961 610 1097 646; x_wconf 65' lang='grc' dir='ltr'><strong>παρούσῃ,</strong></span> <span class='ocrx_word' id='word_1_268' title='bbox 1125 611 1213 637; x_wconf 83' lang='grc' dir='ltr'>καίτοι</span> <span class='ocrx_word' id='word_1_269' title='bbox 1234 610 1264 636; x_wconf 82' lang='grc' dir='ltr'>τὸ</span> <span class='ocrx_word' id='word_1_270' title='bbox 1289 609 1409 640; x_wconf 77' lang='grc' dir='ltr'><strong>συνειδὸς</strong></span> <span class='ocrx_word' id='word_1_271' title='bbox 1437 609 1488 635; x_wconf 84' lang='grc' dir='ltr'><strong>οὐκ</strong></span> <span class='ocrx_word' id='word_1_272' title='bbox 1505 609 1667 642; x_wconf 73' lang='grc' dir='ltr'><strong>ἀνέλεγκτον</strong></span> <span class='ocrx_word' id='word_1_273' title='bbox 1681 609 1753 643; x_wconf 80' lang='grc' dir='ltr'>ἔχων</span> 
     </span>
    </p>
   </div>
   <div class='ocr_carea' id='block_1_41' title="bbox 959 655 1753 692">
    <p class='ocr_par' dir='ltr' id='par_1_41' title="bbox 959 655 1753 692">
     <span class='ocr_line' id='line_1_41' title="bbox 959 655 1753 692; baseline -0.003 -9"><span class='ocrx_word' id='word_1_274' title='bbox 959 657 1004 684; x_wconf 86' lang='grc' dir='ltr'><strong>δ.ά</strong></span> <span class='ocrx_word' id='word_1_275' title='bbox 1017 665 1047 683; x_wconf 88' lang='grc' dir='ltr'><strong>τε</strong></span> <span class='ocrx_word' id='word_1_276' title='bbox 1061 657 1110 691; x_wconf 82' lang='grc' dir='ltr'>τὴν</span> <span class='ocrx_word' id='word_1_277' title='bbox 1122 656 1327 692; x_wconf 85' lang='grc' dir='ltr'>παραλὺπησιν.</span> <span class='ocrx_word' id='word_1_278' title='bbox 1344 656 1378 692; x_wconf 80' lang='grc' dir='ltr'>ἢν</span> <span class='ocrx_word' id='word_1_279' title='bbox 1401 655 1440 690; x_wconf 84' lang='grc' dir='ltr'>τῷ</span> <span class='ocrx_word' id='word_1_280' title='bbox 1456 655 1562 690; x_wconf 73' lang='grc' dir='ltr'>βασιλεῖ</span> <span class='ocrx_word' id='word_1_281' title='bbox 1582 655 1629 682; x_wconf 79' lang='grc' dir='ltr'><strong>καὶ</strong></span> <span class='ocrx_word' id='word_1_282' title='bbox 1645 655 1753 690; x_wconf 82' lang='grc' dir='ltr'>πάππῳ</span> 
     </span>
    </p>
   </div>
   <div class='ocr_carea' id='block_1_42' title="bbox 960 699 1752 738">
    <p class='ocr_par' dir='ltr' id='par_1_42' title="bbox 960 699 1752 738">
     <span class='ocr_line' id='line_1_42' title="bbox 960 699 1752 738; baseline 0 -10"><span class='ocrx_word' id='word_1_283' title='bbox 960 703 988 728; x_wconf 82' lang='grc' dir='ltr'>ὲν</span> <span class='ocrx_word' id='word_1_284' title='bbox 999 703 1038 737; x_wconf 85' lang='grc' dir='ltr'><strong>τῷ</strong></span> <span class='ocrx_word' id='word_1_285' title='bbox 1053 703 1126 738; x_wconf 74' lang='grc' dir='ltr'>γήρᾳ</span> <span class='ocrx_word' id='word_1_286' title='bbox 1142 703 1289 738; x_wconf 78' lang='grc' dir='ltr'>ἐπήνεγκε,</span> <span class='ocrx_word' id='word_1_287' title='bbox 1319 703 1367 729; x_wconf 74' lang='grc' dir='ltr'>καὶ</span> <span class='ocrx_word' id='word_1_288' title='bbox 1391 699 1425 728; x_wconf 78' lang='grc' dir='ltr'>αὖ</span> <span class='ocrx_word' id='word_1_289' title='bbox 1441 701 1476 729; x_wconf 81' lang='grc' dir='ltr'><strong>δι’</strong></span> <span class='ocrx_word' id='word_1_290' title='bbox 1501 703 1551 728; x_wconf 80' lang='grc' dir='ltr'><strong>ὅσα</strong></span> <span class='ocrx_word' id='word_1_291' title='bbox 1577 702 1672 738; x_wconf 88' lang='grc' dir='ltr'>νεότης</span> <span class='ocrx_word' id='word_1_292' title='bbox 1691 702 1752 738; x_wconf 85' lang='grc' dir='ltr'><strong>μετ’</strong></span> 
     </span>
    </p>
   </div>
   <div class='ocr_carea' id='block_1_43' title="bbox 959 747 1753 783">
    <p class='ocr_par' dir='ltr' id='par_1_43' title="bbox 959 747 1753 783">
     <span class='ocr_line' id='line_1_43' title="bbox 959 747 1753 783; baseline 0 -8"><span class='ocrx_word' id='word_1_293' title='bbox 959 749 1084 782; x_wconf 72' lang='grc' dir='ltr'>ἐξουσίας</span> <span class='ocrx_word' id='word_1_294' title='bbox 1100 749 1137 781; x_wconf 84' lang='grc' dir='ltr'>ὡς</span> <span class='ocrx_word' id='word_1_295' title='bbox 1165 749 1199 776; x_wconf 84' lang='grc' dir='ltr'><strong>τὰ</strong></span> <span class='ocrx_word' id='word_1_296' title='bbox 1216 748 1303 775; x_wconf 76' lang='grc' dir='ltr'>πολλὰ</span> <span class='ocrx_word' id='word_1_297' title='bbox 1332 748 1404 783; x_wconf 87' lang='grc' dir='ltr'>φιλεῖ</span> <span class='ocrx_word' id='word_1_298' title='bbox 1419 747 1657 783; x_wconf 75' lang='grc' dir='ltr'>διαπράττεσθαι·</span> <span class='ocrx_word' id='word_1_299' title='bbox 1675 748 1753 782; x_wconf 79' lang='grc' dir='ltr'>ὅμως</span> 
     </span>
    </p>
   </div>
   <div class='ocr_carea' id='block_1_44' title="bbox 961 794 1755 832">
    <p class='ocr_par' dir='ltr' id='par_1_44' title="bbox 961 794 1755 832">
     <span class='ocr_line' id='line_1_44' title="bbox 961 794 1755 832; baseline 0 -11"><span class='ocrx_word' id='word_1_300' title='bbox 961 795 1066 830; x_wconf 82' lang='grc' dir='ltr'>ίχθὺδιά</span> <span class='ocrx_word' id='word_1_301' title='bbox 1084 804 1145 823; x_wconf 79' lang='grc' dir='ltr'>τινα</span> <span class='ocrx_word' id='word_1_302' title='bbox 1162 796 1266 832; x_wconf 78' lang='grc' dir='ltr'><strong>βραχέα</strong></span> <span class='ocrx_word' id='word_1_303' title='bbox 1283 795 1317 822; x_wconf 75' lang='grc' dir='ltr'><strong>τὰ</strong></span> <span class='ocrx_word' id='word_1_304' title='bbox 1340 795 1453 822; x_wconf 85' lang='grc' dir='ltr'>τοιαῦτα</span> <span class='ocrx_word' id='word_1_305' title='bbox 1483 794 1608 830; x_wconf 78' lang='grc' dir='ltr'>ενόμιζεν</span> <span class='ocrx_word' id='word_1_306' title='bbox 1623 794 1755 830; x_wconf 80' lang='grc' dir='ltr'>ἁμαρτή-</span> 
     </span>
    </p>
   </div>
   <div class='ocr_carea' id='block_1_45' title="bbox 965 839 1752 876">
    <p class='ocr_par' dir='ltr' id='par_1_45' title="bbox 965 839 1752 876">
     <span class='ocr_line' id='line_1_45' title="bbox 965 839 1752 876; baseline -0.003 -8"><span class='ocrx_word' id='word_1_307' title='bbox 965 850 1037 876; x_wconf 84' lang='grc' dir='ltr'>ματα</span> <span class='ocrx_word' id='word_1_308' title='bbox 1051 842 1078 872; x_wconf 79' lang='grc' dir='ltr'>ἐς</span> <span class='ocrx_word' id='word_1_309' title='bbox 1089 841 1119 868; x_wconf 80' lang='grc' dir='ltr'><strong>τὸ</strong></span> <span class='ocrx_word' id='word_1_310' title='bbox 1136 842 1206 876; x_wconf 82' lang='grc' dir='ltr'>μέγα</span> <span class='ocrx_word' id='word_1_311' title='bbox 1228 842 1346 876; x_wconf 76' lang='grc' dir='ltr'>πέλαγος</span> <span class='ocrx_word' id='word_1_312' title='bbox 1376 841 1541 876; x_wconf 81' lang='grc' dir='ltr'>βυθιζόμενα</span> <span class='ocrx_word' id='word_1_313' title='bbox 1558 841 1607 876; x_wconf 79' lang='grc' dir='ltr'>τῆς</span> <span class='ocrx_word' id='word_1_314' title='bbox 1622 839 1668 866; x_wconf 71' lang='grc' dir='ltr'>τοῦ</span> <span class='ocrx_word' id='word_1_315' title='bbox 1683 839 1752 866; x_wconf 85' lang='grc' dir='ltr'>θεοῦ</span> 
     </span>
    </p>
   </div>
   <div class='ocr_carea' id='block_1_46' title="bbox 964 887 1752 923">
    <p class='ocr_par' dir='ltr' id='par_1_46' title="bbox 964 887 1752 923">
     <span class='ocr_line' id='line_1_46' title="bbox 964 887 1752 923; baseline -0.003 -9"><span class='ocrx_word' id='word_1_316' title='bbox 964 888 1182 923; x_wconf 73' lang='grc' dir='ltr'><strong>φιλανθρωπίας.</strong></span> <span class='ocrx_word' id='word_1_317' title='bbox 1196 887 1241 914; x_wconf 80' lang='grc' dir='ltr'><strong>Διὸ</strong></span> <span class='ocrx_word' id='word_1_318' title='bbox 1256 887 1302 914; x_wconf 72' lang='grc' dir='ltr'><strong>καὶ</strong></span> <span class='ocrx_word' id='word_1_319' title='bbox 1314 888 1414 922; x_wconf 82' lang='grc' dir='ltr'>ὁμοίως</span> <span class='ocrx_word' id='word_1_320' title='bbox 1427 889 1488 919; x_wconf 86' lang='grc' dir='ltr'>ταῖς</span> <span class='ocrx_word' id='word_1_321' title='bbox 1505 887 1599 918; x_wconf 77' lang='grc' dir='ltr'>ἄλλαις</span> <span class='ocrx_word' id='word_1_322' title='bbox 1617 887 1752 922; x_wconf 74' lang='grc' dir='ltr'><strong>περιστά-</strong></span> 
     </span>
    </p>
   </div>
   <div class='ocr_carea' id='block_1_47' title="bbox 965 931 1752 968">
    <p class='ocr_par' dir='ltr' id='par_1_47' title="bbox 965 931 1752 968">
     <span class='ocr_line' id='line_1_47' title="bbox 965 931 1752 968; baseline -0.005 -8"><span class='ocrx_word' id='word_1_323' title='bbox 965 941 1024 960; x_wconf 90' lang='grc' dir='ltr'>σεσι</span> <span class='ocrx_word' id='word_1_324' title='bbox 1043 934 1090 960; x_wconf 82' lang='grc' dir='ltr'>καὶ</span> <span class='ocrx_word' id='word_1_325' title='bbox 1106 933 1156 968; x_wconf 80' lang='grc' dir='ltr'>τὴν</span> <span class='ocrx_word' id='word_1_326' title='bbox 1181 932 1372 967; x_wconf 72' lang='grc' dir='ltr'>ἀπαράμιλλον</span> <span class='ocrx_word' id='word_1_327' title='bbox 1386 931 1489 967; x_wconf 81' lang='grc' dir='ltr'>ταύτην</span> <span class='ocrx_word' id='word_1_328' title='bbox 1506 931 1664 965; x_wconf 71' lang='grc' dir='ltr'>παραδόξως</span> <span class='ocrx_word' id='word_1_329' title='bbox 1681 931 1752 956; x_wconf 80' lang='grc' dir='ltr'><strong>ἀπε-</strong></span> 
     </span>
    </p>
   </div>
   <div class='ocr_carea' id='block_1_48' title="bbox 964 975 1754 1016">
    <p class='ocr_par' dir='ltr' id='par_1_48' title="bbox 964 975 1754 1016">
     <span class='ocr_line' id='line_1_48' title="bbox 964 975 1754 1016; baseline -0.008 -9"><span class='ocrx_word' id='word_1_330' title='bbox 964 980 1110 1016; x_wconf 82' lang='grc' dir='ltr'>κρούσατο,</span> <span class='ocrx_word' id='word_1_331' title='bbox 1128 979 1277 1014; x_wconf 79' lang='grc' dir='ltr'>ἀπορρήτῳ</span> <span class='ocrx_word' id='word_1_332' title='bbox 1299 977 1454 1014; x_wconf 75' lang='grc' dir='ltr'><strong>προμηθείᾳ</strong></span> <span class='ocrx_word' id='word_1_333' title='bbox 1480 975 1527 1004; x_wconf 78' lang='grc' dir='ltr'><strong>τοῦ</strong></span> <span class='ocrx_word' id='word_1_334' title='bbox 1545 976 1633 1003; x_wconf 84' lang='grc' dir='ltr'>πάντα</span> <span class='ocrx_word' id='word_1_335' title='bbox 1657 976 1754 1010; x_wconf 76' lang='grc' dir='ltr'>φιλαν-</span> 
     </span>
    </p>
   </div>
   <div class='ocr_carea' id='block_1_49' title="bbox 964 1023 1754 1062">
    <p class='ocr_par' dir='ltr' id='par_1_49' title="bbox 964 1023 1754 1062">
     <span class='ocr_line' id='line_1_49' title="bbox 964 1023 1754 1062; baseline -0.004 -9"><span class='ocrx_word' id='word_1_336' title='bbox 964 1026 1082 1062; x_wconf 80' lang='grc' dir='ltr'>θρώπως</span> <span class='ocrx_word' id='word_1_337' title='bbox 1098 1025 1303 1061; x_wconf 83' lang='grc' dir='ltr'>οίκονομοῦντος</span> <span class='ocrx_word' id='word_1_338' title='bbox 1313 1024 1391 1051; x_wconf 84' lang='grc' dir='ltr'>Θεοῦ.</span> <span class='ocrx_word' id='word_1_339' title='bbox 1410 1024 1523 1051; x_wconf 79' lang='grc' dir='ltr'>Οῖκοθεν</span> <span class='ocrx_word' id='word_1_340' title='bbox 1535 1024 1590 1060; x_wconf 80' lang='grc' dir='ltr'>γὰρ</span> <span class='ocrx_word' id='word_1_341' title='bbox 1607 1024 1654 1052; x_wconf 80' lang='grc' dir='ltr'><strong>καὶ</strong></span> <span class='ocrx_word' id='word_1_342' title='bbox 1676 1023 1754 1052; x_wconf 75' lang='grc' dir='ltr'>Ἀλέ-</span> 
     </span>
    </p>
   </div>
   <div class='ocr_carea' id='block_1_50' title="bbox 966 1069 1754 1108">
    <p class='ocr_par' dir='ltr' id='par_1_50' title="bbox 966 1069 1754 1108">
     <span class='ocr_line' id='line_1_50' title="bbox 966 1069 1754 1108; baseline -0.001 -10"><span class='ocrx_word' id='word_1_343' title='bbox 966 1072 1077 1108; x_wconf 79' lang='grc' dir='ltr'>ξανδρος</span> <span class='ocrx_word' id='word_1_344' title='bbox 1093 1072 1121 1103; x_wconf 87' lang='grc' dir='ltr'>ὲς</span> <span class='ocrx_word' id='word_1_345' title='bbox 1136 1071 1185 1107; x_wconf 80' lang='grc' dir='ltr'>τὴν</span> <span class='ocrx_word' id='word_1_346' title='bbox 1201 1071 1349 1106; x_wconf 78' lang='grc' dir='ltr'>ὑστεραίαν</span> <span class='ocrx_word' id='word_1_347' title='bbox 1363 1071 1403 1102; x_wconf 82' lang='grc' dir='ltr'>είς</span> <span class='ocrx_word' id='word_1_348' title='bbox 1417 1069 1509 1098; x_wconf 73' lang='grc' dir='ltr'>οἶκτον</span> <span class='ocrx_word' id='word_1_349' title='bbox 1521 1070 1568 1097; x_wconf 86' lang='grc' dir='ltr'>ίὼν</span> <span class='ocrx_word' id='word_1_350' title='bbox 1583 1071 1630 1098; x_wconf 74' lang='grc' dir='ltr'>καὶ</span> <span class='ocrx_word' id='word_1_351' title='bbox 1643 1070 1754 1106; x_wconf 75' lang='grc' dir='ltr'><strong>συμπά-</strong></span> 
     </span>
    </p>
   </div>
   <div class='ocr_carea' id='block_1_51' title="bbox 965 1116 1754 1152">
    <p class='ocr_par' dir='ltr' id='par_1_51' title="bbox 965 1116 1754 1152">
     <span class='ocr_line' id='line_1_51' title="bbox 965 1116 1754 1152; baseline -0.003 -8"><span class='ocrx_word' id='word_1_352' title='bbox 965 1117 1051 1151; x_wconf 80' lang='grc' dir='ltr'>θειαν,</span> <span class='ocrx_word' id='word_1_353' title='bbox 1067 1118 1179 1152; x_wconf 81' lang='grc' dir='ltr'>πέμψας</span> <span class='ocrx_word' id='word_1_354' title='bbox 1193 1117 1231 1152; x_wconf 88' lang='grc' dir='ltr'><strong>τῷ</strong></span> <span class='ocrx_word' id='word_1_355' title='bbox 1248 1117 1354 1152; x_wconf 86' lang='grc' dir='ltr'>βασιλεῖ</span> <span class='ocrx_word' id='word_1_356' title='bbox 1370 1116 1472 1149; x_wconf 85' lang='grc' dir='ltr'><strong>δεξιὰν,</strong></span> <span class='ocrx_word' id='word_1_357' title='bbox 1496 1117 1603 1151; x_wconf 81' lang='grc' dir='ltr'>ἀφῆκεν</span> <span class='ocrx_word' id='word_1_358' title='bbox 1617 1117 1754 1143; x_wconf 80' lang='grc' dir='ltr'>ὑπόσπον-</span> 
     </span>
    </p>
   </div>
   <div class='ocr_carea' id='block_1_52' title="bbox 963 1162 1753 1198">
    <p class='ocr_par' dir='ltr' id='par_1_52' title="bbox 963 1162 1753 1198">
     <span class='ocr_line' id='line_1_52' title="bbox 963 1162 1753 1198; baseline -0.001 -9"><span class='ocrx_word' id='word_1_359' title='bbox 963 1162 1007 1189; x_wconf 89' lang='grc' dir='ltr'><strong>δον</strong></span> <span class='ocrx_word' id='word_1_360' title='bbox 1019 1163 1108 1190; x_wconf 71' lang='grc' dir='ltr'>οἶκαδε</span> <span class='ocrx_word' id='word_1_361' title='bbox 1120 1163 1284 1198; x_wconf 73' lang='grc' dir='ltr'>πορεύεσθαι</span> <span class='ocrx_word' id='word_1_362' title='bbox 1296 1163 1342 1196; x_wconf 81' lang='grc' dir='ltr'><strong>ξύν</strong></span> <span class='ocrx_word' id='word_1_363' title='bbox 1355 1171 1386 1198; x_wconf 82' lang='grc' dir='ltr'>γε</span> <span class='ocrx_word' id='word_1_364' title='bbox 1394 1163 1434 1197; x_wconf 85' lang='grc' dir='ltr'>τῷ</span> <span class='ocrx_word' id='word_1_365' title='bbox 1446 1163 1631 1197; x_wconf 80' lang='grc' dir='ltr'>στρατοπέδῳ,</span> <span class='ocrx_word' id='word_1_366' title='bbox 1642 1171 1753 1197; x_wconf 79' lang='grc' dir='ltr'>παραγ-</span> 
     </span>
    </p>
   </div>
   <div class='ocr_carea' id='block_1_53' title="bbox 964 1204 1752 1244">
    <p class='ocr_par' dir='ltr' id='par_1_53' title="bbox 964 1204 1752 1244">
     <span class='ocr_line' id='line_1_53' title="bbox 964 1204 1752 1244; baseline -0.001 -10"><span class='ocrx_word' id='word_1_367' title='bbox 964 1208 1057 1242; x_wconf 82' lang='grc' dir='ltr'>γείλας</span> <span class='ocrx_word' id='word_1_368' title='bbox 1085 1209 1270 1244; x_wconf 79' lang='grc' dir='ltr'>μετριώτερον</span> <span class='ocrx_word' id='word_1_369' title='bbox 1300 1207 1369 1234; x_wconf 77' lang='grc' dir='ltr'>εἶναι</span> <span class='ocrx_word' id='word_1_370' title='bbox 1394 1207 1442 1234; x_wconf 84' lang='grc' dir='ltr'><strong>τοῦ</strong></span> <span class='ocrx_word' id='word_1_371' title='bbox 1465 1207 1570 1233; x_wconf 81' lang='grc' dir='ltr'>λοιποῦ.</span> <span class='ocrx_word' id='word_1_372' title='bbox 1591 1216 1601 1233; x_wconf 79' lang='grc' dir='ltr'><strong>ι</strong></span> <span class='ocrx_word' id='word_1_373' title='bbox 1622 1204 1669 1238; x_wconf 76' lang='grc' dir='ltr'><strong>Εἷς</strong></span> <span class='ocrx_word' id='word_1_374' title='bbox 1686 1207 1752 1241; x_wconf 70' lang='grc' dir='ltr'>γὰρ,</span> 
     </span>
    </p>
   </div>
   <div class='ocr_carea' id='block_1_54' title="bbox 964 1253 1752 1290">
    <p class='ocr_par' dir='ltr' id='par_1_54' title="bbox 964 1253 1752 1290">
     <span class='ocr_line' id='line_1_54' title="bbox 964 1253 1752 1290; baseline -0.001 -9"><span class='ocrx_word' id='word_1_375' title='bbox 964 1255 1058 1290; x_wconf 74' lang='grc' dir='ltr'>φησὶν,</span> <span class='ocrx_word' id='word_1_376' title='bbox 1077 1255 1201 1286; x_wconf 71' lang='grc' dir='ltr'>ἐνιαυτὸς</span> <span class='ocrx_word' id='word_1_377' title='bbox 1214 1254 1349 1290; x_wconf 77' lang='grc' dir='ltr'>τέσσαρας</span> <span class='ocrx_word' id='word_1_378' title='bbox 1365 1254 1439 1290; x_wconf 82' lang='grc' dir='ltr'>ὥρας</span> <span class='ocrx_word' id='word_1_379' title='bbox 1448 1254 1526 1289; x_wconf 79' lang='grc' dir='ltr'>φέρει</span> <span class='ocrx_word' id='word_1_380' title='bbox 1535 1254 1583 1280; x_wconf 84' lang='grc' dir='ltr'><strong>καὶ</strong></span> <span class='ocrx_word' id='word_1_381' title='bbox 1593 1254 1643 1290; x_wconf 79' lang='grc' dir='ltr'>μία</span> <span class='ocrx_word' id='word_1_382' title='bbox 1654 1253 1752 1288; x_wconf 72' lang='grc' dir='ltr'>καιροῦ</span> 
     </span>
    </p>
   </div>
   <div class='ocr_carea' id='block_1_55' title="bbox 965 1301 1752 1338">
    <p class='ocr_par' dir='ltr' id='par_1_55' title="bbox 965 1301 1752 1338">
     <span class='ocr_line' id='line_1_55' title="bbox 965 1301 1752 1338; baseline -0.001 -10"><span class='ocrx_word' id='word_1_383' title='bbox 965 1302 1035 1338; x_wconf 79' lang='grc' dir='ltr'><strong>ῥοπὴ</strong></span> <span class='ocrx_word' id='word_1_384' title='bbox 1047 1301 1147 1333; x_wconf 74' lang='grc' dir='ltr'>πολλὰς</span> <span class='ocrx_word' id='word_1_385' title='bbox 1158 1301 1330 1336; x_wconf 82' lang='grc' dir='ltr'><strong>πραγμάτων</strong></span> <span class='ocrx_word' id='word_1_386' title='bbox 1339 1301 1502 1336; x_wconf 74' lang='grc' dir='ltr'>μεταϐολάς.</span> <span class='ocrx_word' id='word_1_387' title='bbox 1516 1310 1525 1327; x_wconf 74' lang='grc' dir='ltr'><strong><em>ι</em></strong></span> <span class='ocrx_word' id='word_1_388' title='bbox 1545 1301 1590 1328; x_wconf 82' lang='grc' dir='ltr'>Ἐν</span> <span class='ocrx_word' id='word_1_389' title='bbox 1603 1301 1632 1327; x_wconf 73' lang='grc' dir='ltr'><strong>δὲ</strong></span> <span class='ocrx_word' id='word_1_390' title='bbox 1648 1301 1752 1333; x_wconf 75' lang='grc' dir='ltr'>τούτοις</span> 
     </span>
    </p>
   </div>
   <div class='ocr_carea' id='block_1_56' title="bbox 964 1347 1400 1383">
    <p class='ocr_par' dir='ltr' id='par_1_56' title="bbox 964 1347 1400 1383">
     <span class='ocr_line' id='line_1_56' title="bbox 964 1347 1400 1383; baseline 0 -9"><span class='ocrx_word' id='word_1_391' title='bbox 964 1347 1011 1374; x_wconf 70' lang='grc' dir='ltr'><strong>καὶ</strong></span> <span class='ocrx_word' id='word_1_392' title='bbox 1027 1347 1057 1374; x_wconf 73' lang='grc' dir='ltr'>τὸ</span> <span class='ocrx_word' id='word_1_393' title='bbox 1070 1348 1157 1383; x_wconf 74' lang='grc' dir='ltr'>παρὸν</span> <span class='ocrx_word' id='word_1_394' title='bbox 1169 1347 1298 1375; x_wconf 75' lang='grc' dir='ltr'><strong>ἐτελεύτα</strong></span> <span class='ocrx_word' id='word_1_395' title='bbox 1311 1347 1400 1383; x_wconf 77' lang='grc' dir='ltr'>θέρος.</span> 
     </span>
    </p>
   </div>
   <div class='ocr_carea' id='block_1_57' title="bbox 855 1413 1022 1442">
    <p class='ocr_par' dir='ltr' id='par_1_57' title="bbox 855 1413 1022 1442">
     <span class='ocr_line' id='line_1_57' title="bbox 855 1413 1022 1442; baseline 0.006 -1"><span class='ocrx_word' id='word_1_396' title='bbox 855 1413 968 1442; x_wconf 83' lang='lat' dir='ltr'><strong>CAPUT</strong></span> <span class='ocrx_word' id='word_1_397' title='bbox 991 1414 1022 1442; x_wconf 86' lang='grc' dir='ltr'>ν.</span> 
     </span>
    </p>
   </div>
   <div class='ocr_carea' id='block_1_58' title="bbox 127 1473 1753 1512">
    <p class='ocr_par' dir='ltr' id='par_1_58' title="bbox 127 1473 1753 1512">
     <span class='ocr_line' id='line_1_58' title="bbox 127 1473 1753 1512; baseline -0.001 -8"><span class='ocrx_word' id='word_1_398' title='bbox 127 1475 353 1512; x_wconf 49' lang='grc' dir='ltr'>δμνρῐαηηεὶεαῖ</span> <span class='ocrx_word' id='word_1_399' title='bbox 368 1479 515 1512; x_wconf 61' lang='lat' dir='ltr'><strong>saspectus.</strong></span> <span class='ocrx_word' id='word_1_400' title='bbox 537 1475 617 1512; x_wconf 61' lang='lat' dir='ltr'><strong>Legato</strong></span> <span class='ocrx_word' id='word_1_401' title='bbox 645 1473 808 1512; x_wconf 49' lang='lat' dir='ltr'><strong>maiestatis</strong></span> <span class='ocrx_word' id='word_1_402' title='bbox 822 1479 963 1512; x_wconf 71' lang='lat' dir='ltr'><strong>accusatur</strong></span> <span class='ocrx_word' id='word_1_403' title='bbox 977 1475 1199 1512; x_wconf 19' lang='lat' dir='ltr'><strong>aVZamplacone.</strong></span> <span class='ocrx_word' id='word_1_404' title='bbox 1229 1475 1291 1503; x_wconf 86' lang='lat' dir='ltr'><strong>Non</strong></span> <span class='ocrx_word' id='word_1_405' title='bbox 1320 1476 1492 1503; x_wconf 78' lang='lat' dir='ltr'><strong>convincitur.</strong></span> <span class='ocrx_word' id='word_1_406' title='bbox 1514 1475 1599 1512; x_wconf 70' lang='lat' dir='ltr'><strong>Vade:</strong></span> <span class='ocrx_word' id='word_1_407' title='bbox 1614 1476 1678 1503; x_wconf 81' lang='lat' dir='ltr'><strong>dare</strong></span> <span class='ocrx_word' id='word_1_408' title='bbox 1700 1483 1753 1503; x_wconf 70' lang='lat' dir='ltr'><strong>non</strong></span> 
     </span>
    </p>
   </div>
   <div class='ocr_carea' id='block_1_59' title="bbox 163 1509 1753 1546">
    <p class='ocr_par' dir='ltr' id='par_1_59' title="bbox 163 1509 1753 1546">
     <span class='ocr_line' id='line_1_59' title="bbox 163 1509 1753 1546; baseline -0.001 -8"><span class='ocrx_word' id='word_1_409' title='bbox 163 1509 265 1546; x_wconf 32' lang='lat' dir='ltr'><strong>potest:</strong></span> <span class='ocrx_word' id='word_1_410' title='bbox 279 1509 370 1545; x_wconf 78' lang='lat' dir='ltr'><strong>Fugit.</strong></span> <span class='ocrx_word' id='word_1_411' title='bbox 386 1509 494 1537; x_wconf 75' lang='lat' dir='ltr'><strong>Litteris</strong></span> <span class='ocrx_word' id='word_1_412' title='bbox 509 1518 540 1536; x_wconf 74' lang='lat' dir='ltr'><strong>ea;</strong></span> <span class='ocrx_word' id='word_1_413' title='bbox 555 1509 652 1536; x_wconf 75' lang='lat' dir='ltr'><strong>Eubma</strong></span> <span class='ocrx_word' id='word_1_414' title='bbox 667 1510 855 1546; x_wconf 29' lang='lat' dir='ltr'><strong>dalisﬂveniam</strong></span> <span class='ocrx_word' id='word_1_415' title='bbox 878 1511 941 1545; x_wconf 77' lang='lat' dir='ltr'><strong>petit</strong></span> <span class='ocrx_word' id='word_1_416' title='bbox 954 1516 978 1537; x_wconf 82' lang='lat' dir='ltr'><strong>et</strong></span> <span class='ocrx_word' id='word_1_417' title='bbox 993 1509 1092 1543; x_wconf 70' lang='lat' dir='ltr'><strong>Laconi,</strong></span> <span class='ocrx_word' id='word_1_418' title='bbox 1108 1512 1201 1546; x_wconf 24' lang='lat' dir='ltr'><strong>iniquo</strong></span> <span class='ocrx_word' id='word_1_419' title='bbox 1217 1519 1276 1538; x_wconf 78' lang='lat' dir='ltr'><strong>cunt</strong></span> <span class='ocrx_word' id='word_1_420' title='bbox 1298 1512 1353 1538; x_wconf 76' lang='lat' dir='ltr'><strong>suis</strong></span> <span class='ocrx_word' id='word_1_421' title='bbox 1367 1512 1504 1539; x_wconf 73' lang='lat' dir='ltr'><strong>consistat.</strong></span> <span class='ocrx_word' id='word_1_422' title='bbox 1532 1511 1603 1538; x_wconf 83' lang='lat' dir='ltr'><strong>Aula</strong></span> <span class='ocrx_word' id='word_1_423' title='bbox 1616 1512 1640 1539; x_wconf 82' lang='lat' dir='ltr'><strong>ei</strong></span> <span class='ocrx_word' id='word_1_424' title='bbox 1664 1512 1753 1538; x_wconf 73' lang='lat' dir='ltr'><strong>minus</strong></span> 
     </span>
    </p>
   </div>
   <div class='ocr_carea' id='block_1_60' title="bbox 164 1544 1753 1581">
    <p class='ocr_par' dir='ltr' id='par_1_60' title="bbox 164 1544 1753 1581">
     <span class='ocr_line' id='line_1_60' title="bbox 164 1544 1753 1581; baseline 0.001 -10"><span class='ocrx_word' id='word_1_425' title='bbox 164 1544 232 1581; x_wconf 69' lang='lat' dir='ltr'><strong>tuta.</strong></span> <span class='ocrx_word' id='word_1_426' title='bbox 249 1545 445 1581; x_wconf 69' lang='lat' dir='ltr'><strong>Jusjurandum</strong></span> <span class='ocrx_word' id='word_1_427' title='bbox 468 1545 500 1572; x_wconf 86' lang='lat' dir='ltr'><strong>ab</strong></span> <span class='ocrx_word' id='word_1_428' title='bbox 516 1553 545 1572; x_wconf 87' lang='lat' dir='ltr'><strong>eo</strong></span> <span class='ocrx_word' id='word_1_429' title='bbox 569 1546 697 1572; x_wconf 81' lang='lat' dir='ltr'><strong>oblatum.</strong></span> <span class='ocrx_word' id='word_1_430' title='bbox 727 1544 788 1572; x_wconf 80' lang='lat' dir='ltr'><strong>Non</strong></span> <span class='ocrx_word' id='word_1_431' title='bbox 810 1544 954 1580; x_wconf 75' lang='lat' dir='ltr'><strong>impetrata</strong></span> <span class='ocrx_word' id='word_1_432' title='bbox 979 1547 1056 1573; x_wconf 81' lang='lat' dir='ltr'><strong>venia</strong></span> <span class='ocrx_word' id='word_1_433' title='bbox 1077 1547 1112 1572; x_wconf 83' lang='lat' dir='ltr'><strong>ad</strong></span> <span class='ocrx_word' id='word_1_434' title='bbox 1127 1544 1236 1573; x_wconf 74' lang='lat' dir='ltr'><strong>Cratem</strong></span> <span class='ocrx_word' id='word_1_435' title='bbox 1262 1547 1369 1574; x_wconf 73' lang='lat' dir='ltr'><strong>transit.</strong></span> <span class='ocrx_word' id='word_1_436' title='bbox 1399 1547 1433 1574; x_wconf 77' lang='lat' dir='ltr'><strong>Ei</strong></span> <span class='ocrx_word' id='word_1_437' title='bbox 1458 1547 1622 1581; x_wconf 64' lang='lat' dir='ltr'><strong>gratissimus</strong></span> <span class='ocrx_word' id='word_1_438' title='bbox 1637 1546 1753 1573; x_wconf 70' lang='lat' dir='ltr'><strong>advenit.</strong></span> 
     </span>
    </p>
   </div>
   <div class='ocr_carea' id='block_1_61' title="bbox 163 1579 435 1616">
    <p class='ocr_par' dir='ltr' id='par_1_61' title="bbox 163 1579 435 1616">
     <span class='ocr_line' id='line_1_61' title="bbox 163 1579 435 1616; baseline -0.004 -9"><span class='ocrx_word' id='word_1_439' title='bbox 163 1580 265 1616; x_wconf 83' lang='lat' dir='ltr'><strong>Magna</strong></span> <span class='ocrx_word' id='word_1_440' title='bbox 282 1579 435 1615; x_wconf 73' lang='lat' dir='ltr'><strong>pollicetur.</strong></span> 
     </span>
    </p>
   </div>
   <div class='ocr_carea' id='block_1_62' title="bbox 163 1636 912 1674">
    <p class='ocr_par' dir='ltr' id='par_1_62' title="bbox 163 1636 912 1673">
     <span class='ocr_line' id='line_1_62' title="bbox 163 1636 912 1673; baseline 0 -7"><span class='ocrx_word' id='word_1_441' title='bbox 163 1639 184 1666; x_wconf 88' lang='grc' dir='ltr'><strong>Ι.</strong></span> <span class='ocrx_word' id='word_1_442' title='bbox 210 1638 376 1673; x_wconf 79' lang='lat' dir='ltr'><strong>Syrgiannes</strong></span> <span class='ocrx_word' id='word_1_443' title='bbox 405 1642 519 1670; x_wconf 82' lang='lat' dir='ltr'><strong>autem,</strong></span> <span class='ocrx_word' id='word_1_444' title='bbox 544 1636 620 1672; x_wconf 87' lang='lat' dir='ltr'><strong>prius</strong></span> <span class='ocrx_word' id='word_1_445' title='bbox 644 1636 725 1665; x_wconf 85' lang='lat' dir='ltr'><strong>etiam</strong></span> <span class='ocrx_word' id='word_1_446' title='bbox 748 1638 784 1665; x_wconf 87' lang='lat' dir='ltr'><strong>ob</strong></span> <span class='ocrx_word' id='word_1_447' title='bbox 805 1638 912 1666; x_wconf 82' lang='lat' dir='ltr'><strong>adactos</strong></span> 
     </span>
    </p>
   </div>
   <div class='ocr_carea' id='block_1_63' title="bbox 966 1636 1755 1674">
    <p class='ocr_par' dir='ltr' id='par_1_63' title="bbox 1002 1637 1755 1674">
     <span class='ocr_line' id='line_1_63' title="bbox 1002 1637 1755 1674; baseline -0.001 -8"><span class='ocrx_word' id='word_1_448' title='bbox 1002 1639 1041 1667; x_wconf 84' lang='lat' dir='ltr'><strong>A’.</strong></span> <span class='ocrx_word' id='word_1_449' title='bbox 1061 1638 1090 1666; x_wconf 90' lang='lat'><strong>&#39;0</strong></span> <span class='ocrx_word' id='word_1_450' title='bbox 1106 1639 1134 1666; x_wconf 75' lang='grc' dir='ltr'><strong>δέ</strong></span> <span class='ocrx_word' id='word_1_451' title='bbox 1151 1647 1183 1673; x_wconf 84' lang='grc' dir='ltr'>γε</span> <span class='ocrx_word' id='word_1_452' title='bbox 1212 1639 1382 1674; x_wconf 84' lang='grc' dir='ltr'>Συργιάννης</span> <span class='ocrx_word' id='word_1_453' title='bbox 1412 1638 1478 1673; x_wconf 82' lang='grc'><strong>(65),</strong></span> <span class='ocrx_word' id='word_1_454' title='bbox 1510 1637 1629 1669; x_wconf 71' lang='grc' dir='ltr'>ὕποπτος</span> <span class='ocrx_word' id='word_1_455' title='bbox 1651 1638 1688 1664; x_wconf 64' lang='grc' dir='ltr'>ὢν</span> <span class='ocrx_word' id='word_1_456' title='bbox 1707 1639 1755 1665; x_wconf 79' lang='grc' dir='ltr'><strong>καὶ</strong></span> 
     </span>
    </p>
   </div>
   <div class='ocr_carea' id='block_1_64' title="bbox 129 1682 915 1719">
    <p class='ocr_par' dir='ltr' id='par_1_64' title="bbox 129 1682 915 1719">
     <span class='ocr_line' id='line_1_64' title="bbox 129 1682 915 1719; baseline -0.001 -7"><span class='ocrx_word' id='word_1_457' title='bbox 129 1689 300 1713; x_wconf 83' lang='lat' dir='ltr'><strong>sacramento</strong></span> <span class='ocrx_word' id='word_1_458' title='bbox 313 1683 573 1711; x_wconf 81' lang='lat' dir='ltr'><strong>Tliessalonicenses</strong></span> <span class='ocrx_word' id='word_1_459' title='bbox 586 1682 670 1719; x_wconf 62' lang='lat'><strong>5.89</strong></span> <span class='ocrx_word' id='word_1_460' title='bbox 685 1683 853 1718; x_wconf 86' lang='lat' dir='ltr'><strong>primoribus</strong></span> <span class='ocrx_word' id='word_1_461' title='bbox 867 1692 915 1711; x_wconf 81' lang='lat' dir='ltr'><strong>su-</strong></span> 
     </span>
    </p>
   </div>
   <div class='ocr_carea' id='block_1_65' title="bbox 128 1728 916 1766">
    <p class='ocr_par' dir='ltr' id='par_1_65' title="bbox 128 1728 916 1766">
     <span class='ocr_line' id='line_1_65' title="bbox 128 1728 916 1766; baseline -0.003 -8"><span class='ocrx_word' id='word_1_462' title='bbox 128 1735 260 1766; x_wconf 79' lang='lat' dir='ltr'><strong>spectus,</strong></span> <span class='ocrx_word' id='word_1_463' title='bbox 283 1733 310 1757; x_wconf 87' lang='lat' dir='ltr'><strong>et</strong></span> <span class='ocrx_word' id='word_1_464' title='bbox 331 1731 396 1763; x_wconf 89' lang='lat' dir='ltr'><strong>quia</strong></span> <span class='ocrx_word' id='word_1_465' title='bbox 421 1735 435 1755; x_wconf 86' lang='lat' dir='ltr'><strong>a</strong></span> <span class='ocrx_word' id='word_1_466' title='bbox 462 1733 550 1755; x_wconf 87' lang='lat' dir='ltr'><strong>matre</strong></span> <span class='ocrx_word' id='word_1_467' title='bbox 578 1728 752 1763; x_wconf 86' lang='lat' dir='ltr'><strong>imperatoris</strong></span> <span class='ocrx_word' id='word_1_468' title='bbox 772 1729 916 1763; x_wconf 81' lang='lat' dir='ltr'><strong>adoptatus</strong></span> 
     </span>
    </p>
   </div>
   <div class='ocr_carea' id='block_1_66' title="bbox 128 1774 916 1809">
    <p class='ocr_par' dir='ltr' id='par_1_66' title="bbox 128 1774 916 1809">
     <span class='ocr_line' id='line_1_66' title="bbox 128 1774 916 1809; baseline -0.003 -6"><span class='ocrx_word' id='word_1_469' title='bbox 128 1778 228 1808; x_wconf 80' lang='lat' dir='ltr'><strong>fuerat,</strong></span> <span class='ocrx_word' id='word_1_470' title='bbox 250 1782 311 1802; x_wconf 92' lang='lat' dir='ltr'><strong>cum</strong></span> <span class='ocrx_word' id='word_1_471' title='bbox 336 1775 485 1809; x_wconf 87' lang='lat' dir='ltr'><strong>imperator</strong></span> <span class='ocrx_word' id='word_1_472' title='bbox 499 1774 555 1807; x_wconf 90' lang='lat' dir='ltr'><strong>illo,</strong></span> <span class='ocrx_word' id='word_1_473' title='bbox 571 1782 653 1809; x_wconf 89' lang='lat' dir='ltr'><strong>quem</strong></span> <span class='ocrx_word' id='word_1_474' title='bbox 675 1775 804 1807; x_wconf 82' lang='lat' dir='ltr'><strong>diximus,</strong></span> <span class='ocrx_word' id='word_1_475' title='bbox 821 1775 916 1809; x_wconf 82' lang='lat' dir='ltr'><strong>despe-</strong></span> 
     </span>
    </p>
   </div>
   <div class='ocr_carea' id='block_1_67' title="bbox 127 1820 915 1857">
    <p class='ocr_par' dir='ltr' id='par_1_67' title="bbox 127 1820 915 1857">
     <span class='ocr_line' id='line_1_67' title="bbox 127 1820 915 1857; baseline -0.001 -8"><span class='ocrx_word' id='word_1_476' title='bbox 127 1827 188 1850; x_wconf 90' lang='lat' dir='ltr'><strong>rato</strong></span> <span class='ocrx_word' id='word_1_477' title='bbox 203 1823 300 1857; x_wconf 82' lang='lat' dir='ltr'><strong>capitis</strong></span> <span class='ocrx_word' id='word_1_478' title='bbox 322 1822 418 1848; x_wconf 90' lang='lat' dir='ltr'><strong>morbo</strong></span> <span class='ocrx_word' id='word_1_479' title='bbox 435 1820 617 1856; x_wconf 86' lang='lat' dir='ltr'><strong>Didymotichi</strong></span> <span class='ocrx_word' id='word_1_480' title='bbox 643 1821 790 1853; x_wconf 86' lang='lat' dir='ltr'><strong>laboraret,</strong></span> <span class='ocrx_word' id='word_1_481' title='bbox 805 1821 915 1848; x_wconf 86' lang='lat' dir='ltr'><strong>demum</strong></span> 
     </span>
    </p>
   </div>
   <div class='ocr_carea' id='block_1_68' title="bbox 128 1866 915 1902">
    <p class='ocr_par' dir='ltr' id='par_1_68' title="bbox 128 1866 915 1902">
     <span class='ocr_line' id='line_1_68' title="bbox 128 1866 915 1902; baseline -0.001 -8"><span class='ocrx_word' id='word_1_482' title='bbox 128 1876 142 1894; x_wconf 86' lang='lat' dir='ltr'><strong>a</strong></span> <span class='ocrx_word' id='word_1_483' title='bbox 161 1867 341 1902; x_wconf 79' lang='lat' dir='ltr'><strong>Zamplacone</strong></span> <span class='ocrx_word' id='word_1_484' title='bbox 358 1867 428 1894; x_wconf 55' lang='lat' dir='ltr'><strong>laesa).</strong></span> <span class='ocrx_word' id='word_1_485' title='bbox 457 1867 608 1902; x_wconf 69' lang='lat' dir='ltr'><strong>maiestatis</strong></span> <span class='ocrx_word' id='word_1_486' title='bbox 629 1874 694 1894; x_wconf 86' lang='lat' dir='ltr'><strong>reus</strong></span> <span class='ocrx_word' id='word_1_487' title='bbox 713 1871 790 1893; x_wconf 75' lang='lat' dir='ltr'><strong>actus</strong></span> <span class='ocrx_word' id='word_1_488' title='bbox 806 1867 848 1894; x_wconf 84' lang='lat' dir='ltr'><strong>sui</strong></span> <span class='ocrx_word' id='word_1_489' title='bbox 865 1866 915 1894; x_wconf 87' lang='lat' dir='ltr'><strong>de-</strong></span> 
     </span>
    </p>
   </div>
   <div class='ocr_carea' id='block_1_69' title="bbox 128 1910 918 1947">
    <p class='ocr_par' dir='ltr' id='par_1_69' title="bbox 128 1910 918 1947">
     <span class='ocr_line' id='line_1_69' title="bbox 128 1910 918 1947; baseline -0.003 -7"><span class='ocrx_word' id='word_1_490' title='bbox 128 1913 256 1940; x_wconf 82' lang='lat' dir='ltr'><strong>fendendi</strong></span> <span class='ocrx_word' id='word_1_491' title='bbox 283 1919 365 1940; x_wconf 83' lang='lat' dir='ltr'><strong>causa</strong></span> <span class='ocrx_word' id='word_1_492' title='bbox 386 1912 546 1947; x_wconf 82' lang='lat' dir='ltr'><strong>Byzantium</strong></span> <span class='ocrx_word' id='word_1_493' title='bbox 561 1911 595 1938; x_wconf 92' lang='lat' dir='ltr'><strong>ad</strong></span> <span class='ocrx_word' id='word_1_494' title='bbox 611 1910 804 1945; x_wconf 86' lang='lat' dir='ltr'><strong>imperatorem</strong></span> <span class='ocrx_word' id='word_1_495' title='bbox 826 1918 918 1939; x_wconf 84' lang='lat' dir='ltr'><strong>arces-</strong></span> 
     </span>
    </p>
   </div>
   <div class='ocr_carea' id='block_1_70' title="bbox 129 1951 916 1992">
    <p class='ocr_par' dir='ltr' id='par_1_70' title="bbox 129 1951 916 1992">
     <span class='ocr_line' id='line_1_70' title="bbox 129 1951 916 1992; baseline -0.001 -6"><span class='ocrx_word' id='word_1_496' title='bbox 129 1951 198 1986; x_wconf 82' lang='lat' dir='ltr'><strong>situs</strong></span> <span class='ocrx_word' id='word_1_497' title='bbox 217 1958 302 1991; x_wconf 86' lang='lat' dir='ltr'><strong>venit,</strong></span> <span class='ocrx_word' id='word_1_498' title='bbox 318 1963 346 1985; x_wconf 90' lang='lat' dir='ltr'><strong>et</strong></span> <span class='ocrx_word' id='word_1_499' title='bbox 361 1957 445 1985; x_wconf 89' lang='lat' dir='ltr'><strong>semel</strong></span> <span class='ocrx_word' id='word_1_500' title='bbox 467 1962 550 1992; x_wconf 88' lang='lat' dir='ltr'><strong>atque</strong></span> <span class='ocrx_word' id='word_1_501' title='bbox 572 1957 670 1984; x_wconf 81' lang='lat' dir='ltr'><strong>iterum</strong></span> <span class='ocrx_word' id='word_1_502' title='bbox 686 1962 713 1984; x_wconf 84' lang='lat' dir='ltr'><strong>et</strong></span> <span class='ocrx_word' id='word_1_503' title='bbox 730 1957 809 1985; x_wconf 87' lang='lat' dir='ltr'><strong>tertio</strong></span> <span class='ocrx_word' id='word_1_504' title='bbox 834 1964 916 1985; x_wconf 82' lang='lat' dir='ltr'><strong>causa</strong></span> 
     </span>
    </p>
   </div>
   <div class='ocr_carea' id='block_1_71' title="bbox 130 2003 917 2040">
    <p class='ocr_par' dir='ltr' id='par_1_71' title="bbox 130 2003 917 2040">
     <span class='ocr_line' id='line_1_71' title="bbox 130 2003 917 2040; baseline -0.001 -8"><span class='ocrx_word' id='word_1_505' title='bbox 130 2005 201 2040; x_wconf 89' lang='lat' dir='ltr'><strong>apud</strong></span> <span class='ocrx_word' id='word_1_506' title='bbox 224 2012 319 2032; x_wconf 85' lang='lat' dir='ltr'><strong>omnes</strong></span> <span class='ocrx_word' id='word_1_507' title='bbox 340 2004 448 2038; x_wconf 82' lang='lat' dir='ltr'><strong>judices</strong></span> <span class='ocrx_word' id='word_1_508' title='bbox 470 2003 543 2031; x_wconf 83' lang='lat' dir='ltr'><strong>dicta</strong></span> <span class='ocrx_word' id='word_1_509' title='bbox 566 2003 646 2038; x_wconf 85' lang='lat' dir='ltr'><strong>plane</strong></span> <span class='ocrx_word' id='word_1_510' title='bbox 667 2010 729 2030; x_wconf 82' lang='lat' dir='ltr'><strong>reus</strong></span> <span class='ocrx_word' id='word_1_511' title='bbox 752 2004 844 2038; x_wconf 80' lang='lat' dir='ltr'><strong>peragi</strong></span> <span class='ocrx_word' id='word_1_512' title='bbox 862 2011 917 2031; x_wconf 89' lang='lat' dir='ltr'><strong>non</strong></span> 
     </span>
    </p>
   </div>
   <div class='ocr_carea' id='block_1_72' title="bbox 129 2049 917 2086">
    <p class='ocr_par' dir='ltr' id='par_1_72' title="bbox 129 2049 917 2086">
     <span class='ocr_line' id='line_1_72' title="bbox 129 2049 917 2086; baseline -0.003 -8"><span class='ocrx_word' id='word_1_513' title='bbox 129 2051 227 2086; x_wconf 76' lang='lat' dir='ltr'><strong>potuit,</strong></span> <span class='ocrx_word' id='word_1_514' title='bbox 249 2050 318 2078; x_wconf 89' lang='lat' dir='ltr'><strong>adeo</strong></span> <span class='ocrx_word' id='word_1_515' title='bbox 340 2055 370 2078; x_wconf 90' lang='lat' dir='ltr'><strong>ut</strong></span> <span class='ocrx_word' id='word_1_516' title='bbox 382 2050 437 2085; x_wconf 88' lang='lat' dir='ltr'><strong>jam</strong></span> <span class='ocrx_word' id='word_1_517' title='bbox 453 2057 469 2076; x_wconf 90' lang='lat' dir='ltr'><strong>a</strong></span> <span class='ocrx_word' id='word_1_518' title='bbox 483 2049 620 2084; x_wconf 81' lang='lat' dir='ltr'><strong>plerisque</strong></span> <span class='ocrx_word' id='word_1_519' title='bbox 638 2049 777 2084; x_wconf 80' lang='lat' dir='ltr'><strong>judicibus</strong></span> <span class='ocrx_word' id='word_1_520' title='bbox 794 2049 917 2077; x_wconf 82' lang='lat' dir='ltr'><strong>absolve-</strong></span> 
     </span>
    </p>
   </div>
   <div class='ocr_carea' id='block_1_73' title="bbox 129 2094 917 2129">
    <p class='ocr_par' dir='ltr' id='par_1_73' title="bbox 129 2094 917 2129">
     <span class='ocr_line' id='line_1_73' title="bbox 129 2094 917 2129; baseline -0.003 -6"><span class='ocrx_word' id='word_1_521' title='bbox 129 2101 216 2124; x_wconf 90' lang='lat' dir='ltr'><strong>retur.</strong></span> <span class='ocrx_word' id='word_1_522' title='bbox 237 2095 297 2123; x_wconf 87' lang='lat' dir='ltr'><strong>Lite</strong></span> <span class='ocrx_word' id='word_1_523' title='bbox 310 2099 400 2122; x_wconf 87' lang='lat' dir='ltr'><strong>autem</strong></span> <span class='ocrx_word' id='word_1_524' title='bbox 419 2095 509 2122; x_wconf 89' lang='lat' dir='ltr'><strong>adhuc</strong></span> <span class='ocrx_word' id='word_1_525' title='bbox 521 2095 657 2129; x_wconf 85' lang='lat' dir='ltr'><strong>pendente</strong></span> <span class='ocrx_word' id='word_1_526' title='bbox 673 2095 755 2121; x_wconf 86' lang='lat' dir='ltr'><strong>vades</strong></span> <span class='ocrx_word' id='word_1_527' title='bbox 769 2094 917 2129; x_wconf 80' lang='lat' dir='ltr'><strong>imperator</strong></span> 
     </span>
    </p>
   </div>
   <div class='ocr_carea' id='block_1_74' title="bbox 130 2141 917 2177">
    <p class='ocr_par' dir='ltr' id='par_1_74' title="bbox 130 2141 917 2177">
     <span class='ocr_line' id='line_1_74' title="bbox 130 2141 917 2177; baseline -0.003 -7"><span class='ocrx_word' id='word_1_528' title='bbox 130 2143 164 2170; x_wconf 89' lang='lat' dir='ltr'><strong>ab</strong></span> <span class='ocrx_word' id='word_1_529' title='bbox 179 2150 220 2170; x_wconf 33' lang='lat' dir='ltr'><strong>eo.</strong></span> <span class='ocrx_word' id='word_1_530' title='bbox 228 2142 316 2177; x_wconf 84' lang='lat' dir='ltr'><strong>petiit,</strong></span> <span class='ocrx_word' id='word_1_531' title='bbox 330 2149 364 2168; x_wconf 90' lang='lat' dir='ltr'><strong>ne</strong></span> <span class='ocrx_word' id='word_1_532' title='bbox 376 2141 444 2168; x_wconf 91' lang='lat' dir='ltr'><strong>clam</strong></span> <span class='ocrx_word' id='word_1_533' title='bbox 463 2141 632 2176; x_wconf 76' lang='lat' dir='ltr'><strong>profugeret,</strong></span> <span class='ocrx_word' id='word_1_534' title='bbox 651 2141 808 2175; x_wconf 88' lang='lat' dir='ltr'><strong>priusquam</strong></span> <span class='ocrx_word' id='word_1_535' title='bbox 822 2148 917 2168; x_wconf 87' lang='lat' dir='ltr'><strong>onmes</strong></span> 
     </span>
    </p>
   </div>
   <div class='ocr_carea' id='block_1_75' title="bbox 127 2187 918 2224">
    <p class='ocr_par' dir='ltr' id='par_1_75' title="bbox 127 2187 918 2224">
     <span class='ocr_line' id='line_1_75' title="bbox 127 2187 918 2224; baseline -0.001 -9"><span class='ocrx_word' id='word_1_536' title='bbox 127 2187 234 2224; x_wconf 81' lang='lat' dir='ltr'><strong>judices</strong></span> <span class='ocrx_word' id='word_1_537' title='bbox 250 2187 413 2215; x_wconf 87' lang='lat' dir='ltr'><strong>sententiam</strong></span> <span class='ocrx_word' id='word_1_538' title='bbox 433 2187 467 2214; x_wconf 87' lang='lat' dir='ltr'><strong>de</strong></span> <span class='ocrx_word' id='word_1_539' title='bbox 491 2194 525 2214; x_wconf 91' lang='lat' dir='ltr'><strong>eo</strong></span> <span class='ocrx_word' id='word_1_540' title='bbox 550 2187 672 2214; x_wconf 87' lang='lat' dir='ltr'><strong>ultimam</strong></span> <span class='ocrx_word' id='word_1_541' title='bbox 691 2187 827 2214; x_wconf 85' lang='lat' dir='ltr'><strong>tulissent.</strong></span> <span class='ocrx_word' id='word_1_542' title='bbox 852 2187 918 2220; x_wconf 64' lang='lat' dir='ltr'><strong>Quae</strong></span> 
     </span>
    </p>
   </div>
   <div class='ocr_carea' id='block_1_76' title="bbox 130 2233 916 2268">
    <p class='ocr_par' dir='ltr' id='par_1_76' title="bbox 130 2233 916 2268">
     <span class='ocr_line' id='line_1_76' title="bbox 130 2233 916 2268; baseline 0.001 -8"><span class='ocrx_word' id='word_1_543' title='bbox 130 2241 175 2260; x_wconf 86' lang='lat' dir='ltr'><strong>res</strong></span> <span class='ocrx_word' id='word_1_544' title='bbox 191 2233 252 2268; x_wconf 79' lang='lat' dir='ltr'><strong>ejus</strong></span> <span class='ocrx_word' id='word_1_545' title='bbox 276 2233 397 2260; x_wconf 83' lang='lat' dir='ltr'><strong>animum</strong></span> <span class='ocrx_word' id='word_1_546' title='bbox 414 2233 491 2260; x_wconf 82' lang='lat' dir='ltr'><strong>valde</strong></span> <span class='ocrx_word' id='word_1_547' title='bbox 505 2233 626 2261; x_wconf 88' lang='lat' dir='ltr'><strong>turbavit</strong></span> <span class='ocrx_word' id='word_1_548' title='bbox 643 2238 670 2260; x_wconf 92' lang='lat' dir='ltr'><strong>et</strong></span> <span class='ocrx_word' id='word_1_549' title='bbox 685 2233 711 2260; x_wconf 94' lang='lat' dir='ltr'><strong>in</strong></span> <span class='ocrx_word' id='word_1_550' title='bbox 726 2233 844 2261; x_wconf 83' lang='lat' dir='ltr'><strong>carceris</strong></span> <span class='ocrx_word' id='word_1_551' title='bbox 858 2241 916 2261; x_wconf 86' lang='lat' dir='ltr'><strong>mc-</strong></span> 
     </span>
    </p>
   </div>
   <div class='ocr_carea' id='block_1_77' title="bbox 131 2278 918 2314">
    <p class='ocr_par' dir='ltr' id='par_1_77' title="bbox 131 2278 918 2314">
     <span class='ocr_line' id='line_1_77' title="bbox 131 2278 918 2314; baseline 0 -8"><span class='ocrx_word' id='word_1_552' title='bbox 131 2286 189 2306; x_wconf 88' lang='lat' dir='ltr'><strong>tum</strong></span> <span class='ocrx_word' id='word_1_553' title='bbox 204 2279 332 2313; x_wconf 66' lang='lat' dir='ltr'><strong>coniecit,</strong></span> <span class='ocrx_word' id='word_1_554' title='bbox 353 2279 514 2314; x_wconf 72' lang='lat' dir='ltr'><strong>gravissima</strong></span> <span class='ocrx_word' id='word_1_555' title='bbox 539 2278 584 2306; x_wconf 89' lang='lat' dir='ltr'><strong>illa</strong></span> <span class='ocrx_word' id='word_1_556' title='bbox 598 2283 627 2307; x_wconf 92' lang='lat' dir='ltr'><strong>et</strong></span> <span class='ocrx_word' id='word_1_557' title='bbox 644 2278 838 2312; x_wconf 85' lang='lat' dir='ltr'><strong>intolerabilia,</strong></span> <span class='ocrx_word' id='word_1_558' title='bbox 856 2287 918 2314; x_wconf 75' lang='lat' dir='ltr'><strong>qua:</strong></span> 
     </span>
    </p>
   </div>
   <div class='ocr_carea' id='block_1_78' title="bbox 969 1683 1754 1720">
    <p class='ocr_par' dir='ltr' id='par_1_78' title="bbox 969 1683 1754 1720">
     <span class='ocr_line' id='line_1_78' title="bbox 969 1683 1754 1720; baseline -0.001 -8"><span class='ocrx_word' id='word_1_559' title='bbox 969 1685 1102 1720; x_wconf 78' lang='grc' dir='ltr'>πρότερον</span> <span class='ocrx_word' id='word_1_560' title='bbox 1114 1686 1170 1717; x_wconf 82' lang='grc' dir='ltr'>τοῖς</span> <span class='ocrx_word' id='word_1_561' title='bbox 1187 1685 1302 1720; x_wconf 77' lang='grc' dir='ltr'>ἄρχουσι</span> <span class='ocrx_word' id='word_1_562' title='bbox 1315 1685 1359 1712; x_wconf 78' lang='grc' dir='ltr'>διὰ</span> <span class='ocrx_word' id='word_1_563' title='bbox 1367 1685 1429 1716; x_wconf 82' lang='grc' dir='ltr'>τοὺς</span> <span class='ocrx_word' id='word_1_564' title='bbox 1446 1684 1554 1720; x_wconf 80' lang='grc' dir='ltr'>ὅρκους,</span> <span class='ocrx_word' id='word_1_565' title='bbox 1568 1684 1614 1716; x_wconf 82' lang='grc' dir='ltr'>οὓς</span> <span class='ocrx_word' id='word_1_566' title='bbox 1629 1683 1754 1720; x_wconf 75' lang='grc' dir='ltr'>ἀπῄτησσ</span> 
     </span>
    </p>
   </div>
   <div class='ocr_carea' id='block_1_79' title="bbox 969 1729 1754 1765">
    <p class='ocr_par' dir='ltr' id='par_1_79' title="bbox 969 1729 1754 1765">
     <span class='ocr_line' id='line_1_79' title="bbox 969 1729 1754 1765; baseline -0.003 -8"><span class='ocrx_word' id='word_1_567' title='bbox 969 1731 1044 1765; x_wconf 85' lang='grc' dir='ltr'>παρὰ</span> <span class='ocrx_word' id='word_1_568' title='bbox 1055 1731 1108 1757; x_wconf 85' lang='grc' dir='ltr'><strong>τῶν</strong></span> <span class='ocrx_word' id='word_1_569' title='bbox 1120 1730 1350 1762; x_wconf 77' lang='grc' dir='ltr'>Θεσσαλονικέων.</span> <span class='ocrx_word' id='word_1_570' title='bbox 1377 1729 1544 1765; x_wconf 76' lang='grc' dir='ltr'>εἰσποιηθεὶς</span> <span class='ocrx_word' id='word_1_571' title='bbox 1558 1731 1593 1765; x_wconf 71' lang='grc' dir='ltr'><strong>τῇ</strong></span> <span class='ocrx_word' id='word_1_572' title='bbox 1609 1730 1693 1765; x_wconf 70' lang='grc' dir='ltr'>μητρὶ</span> <span class='ocrx_word' id='word_1_573' title='bbox 1707 1729 1754 1755; x_wconf 78' lang='grc' dir='ltr'><strong>τοῦ</strong></span> 
     </span>
    </p>
   </div>
   <div class='ocr_carea' id='block_1_80' title="bbox 969 1774 1755 1812">
    <p class='ocr_par' dir='ltr' id='par_1_80' title="bbox 969 1774 1755 1812">
     <span class='ocr_line' id='line_1_80' title="bbox 969 1774 1755 1812; baseline -0.001 -10"><span class='ocrx_word' id='word_1_574' title='bbox 969 1776 1100 1811; x_wconf 84' lang='grc' dir='ltr'>βασιλέως</span> <span class='ocrx_word' id='word_1_575' title='bbox 1123 1776 1263 1812; x_wconf 77' lang='grc' dir='ltr'><strong>δεσποίνῃ,</strong></span> <span class='ocrx_word' id='word_1_576' title='bbox 1278 1777 1359 1803; x_wconf 69' lang='grc' dir='ltr'>ὁπότε</span> <span class='ocrx_word' id='word_1_577' title='bbox 1376 1776 1425 1808; x_wconf 73' lang='grc' dir='ltr'>τὰς</span> <span class='ocrx_word' id='word_1_578' title='bbox 1441 1775 1488 1803; x_wconf 80' lang='grc' dir='ltr'>τοῦ</span> <span class='ocrx_word' id='word_1_579' title='bbox 1506 1775 1638 1810; x_wconf 75' lang='grc' dir='ltr'>βασιλέως</span> <span class='ocrx_word' id='word_1_580' title='bbox 1655 1774 1755 1802; x_wconf 68' lang='grc' dir='ltr'><strong>ἐπεϐόα-</strong></span> 
     </span>
    </p>
   </div>
   <div class='ocr_carea' id='block_1_81' title="bbox 968 1820 1754 1858">
    <p class='ocr_par' dir='ltr' id='par_1_81' title="bbox 968 1820 1754 1858">
     <span class='ocr_line' id='line_1_81' title="bbox 968 1820 1754 1858; baseline -0.003 -10"><span class='ocrx_word' id='word_1_581' title='bbox 968 1830 1049 1848; x_wconf 86' lang='grc' dir='ltr'>σκετο</span> <span class='ocrx_word' id='word_1_582' title='bbox 1062 1823 1164 1857; x_wconf 83' lang='grc' dir='ltr'>φρένας</span> <span class='ocrx_word' id='word_1_583' title='bbox 1183 1823 1199 1858; x_wconf 78' lang='grc' dir='ltr'><strong>ἡ</strong></span> <span class='ocrx_word' id='word_1_584' title='bbox 1218 1822 1430 1858; x_wconf 77' lang='grc' dir='ltr'>ἀπηγορευμένη</span> <span class='ocrx_word' id='word_1_585' title='bbox 1448 1821 1525 1853; x_wconf 80' lang='grc' dir='ltr'>νόσος</span> <span class='ocrx_word' id='word_1_586' title='bbox 1539 1820 1629 1856; x_wconf 74' lang='grc' dir='ltr'>ἐκείνη</span> <span class='ocrx_word' id='word_1_587' title='bbox 1643 1820 1708 1856; x_wconf 76' lang='grc' dir='ltr'><strong>περὶ</strong></span> <span class='ocrx_word' id='word_1_588' title='bbox 1723 1820 1754 1847; x_wconf 74' lang='grc' dir='ltr'><strong>ςδ</strong></span> 
     </span>
    </p>
   </div>
   <div class='ocr_carea' id='block_1_82' title="bbox 968 1867 1753 1904">
    <p class='ocr_par' dir='ltr' id='par_1_82' title="bbox 968 1867 1753 1904">
     <span class='ocr_line' id='line_1_82' title="bbox 968 1867 1753 1904; baseline 0 -10"><span class='ocrx_word' id='word_1_589' title='bbox 968 1868 1170 1903; x_wconf 84' lang='grc' dir='ltr'>Διδυμότειχον,</span> <span class='ocrx_word' id='word_1_590' title='bbox 1185 1868 1232 1895; x_wconf 87' lang='grc' dir='ltr'><strong>νῦν</strong></span> <span class='ocrx_word' id='word_1_591' title='bbox 1249 1868 1298 1903; x_wconf 71' lang='grc' dir='ltr'>ἤδη</span> <span class='ocrx_word' id='word_1_592' title='bbox 1313 1869 1360 1895; x_wconf 85' lang='grc' dir='ltr'>καὶ</span> <span class='ocrx_word' id='word_1_593' title='bbox 1377 1869 1445 1904; x_wconf 83' lang='grc' dir='ltr'>πρὸς</span> <span class='ocrx_word' id='word_1_594' title='bbox 1459 1868 1494 1894; x_wconf 78' lang='grc' dir='ltr'><strong>τὰ</strong></span> <span class='ocrx_word' id='word_1_595' title='bbox 1509 1869 1585 1902; x_wconf 82' lang='grc' dir='ltr'>παρὰ</span> <span class='ocrx_word' id='word_1_596' title='bbox 1595 1867 1641 1894; x_wconf 83' lang='grc' dir='ltr'>τοῦ</span> <span class='ocrx_word' id='word_1_597' title='bbox 1658 1867 1753 1902; x_wconf 77' lang='grc' dir='ltr'><strong>Τζαμ-</strong></span> 
     </span>
    </p>
   </div>
   <div class='ocr_carea' id='block_1_83' title="bbox 968 1913 1754 1949">
    <p class='ocr_par' dir='ltr' id='par_1_83' title="bbox 968 1913 1754 1949">
     <span class='ocr_line' id='line_1_83' title="bbox 968 1913 1754 1949; baseline -0.001 -9"><span class='ocrx_word' id='word_1_598' title='bbox 968 1914 1109 1945; x_wconf 80' lang='grc' dir='ltr'>πλάκωνος</span> <span class='ocrx_word' id='word_1_599' title='bbox 1119 1913 1174 1949; x_wconf 83' lang='lat'><strong>(66)</strong></span> <span class='ocrx_word' id='word_1_600' title='bbox 1184 1914 1383 1949; x_wconf 81' lang='grc' dir='ltr'>προτεινόμενα</span> <span class='ocrx_word' id='word_1_601' title='bbox 1396 1913 1585 1945; x_wconf 86' lang='grc' dir='ltr'>καθοσιώσεως</span> <span class='ocrx_word' id='word_1_602' title='bbox 1593 1913 1754 1949; x_wconf 77' lang='grc' dir='ltr'>ἐγκλήματα</span> 
     </span>
    </p>
   </div>
   <div class='ocr_carea' id='block_1_84' title="bbox 967 1959 1754 1994">
    <p class='ocr_par' dir='ltr' id='par_1_84' title="bbox 967 1959 1754 1994">
     <span class='ocr_line' id='line_1_84' title="bbox 967 1959 1754 1994; baseline 0 -9"><span class='ocrx_word' id='word_1_603' title='bbox 967 1960 1008 1990; x_wconf 85' lang='grc' dir='ltr'>είς</span> <span class='ocrx_word' id='word_1_604' title='bbox 1022 1959 1168 1991; x_wconf 80' lang='grc' dir='ltr'>Βυζάντιον</span> <span class='ocrx_word' id='word_1_605' title='bbox 1181 1960 1418 1994; x_wconf 82' lang='grc' dir='ltr'>ἀπολογησόμενος</span> <span class='ocrx_word' id='word_1_606' title='bbox 1432 1959 1495 1994; x_wconf 81' lang='grc' dir='ltr'><strong>ἥκει</strong></span> <span class='ocrx_word' id='word_1_607' title='bbox 1509 1961 1705 1994; x_wconf 78' lang='grc' dir='ltr'><strong>μετάπεμπτος</strong></span> <span class='ocrx_word' id='word_1_608' title='bbox 1715 1959 1754 1993; x_wconf 80' lang='grc' dir='ltr'><strong>τῷ</strong></span> 
     </span>
    </p>
   </div>
   <div class='ocr_carea' id='block_1_85' title="bbox 969 2004 1755 2040">
    <p class='ocr_par' dir='ltr' id='par_1_85' title="bbox 969 2004 1755 2040">
     <span class='ocr_line' id='line_1_85' title="bbox 969 2004 1755 2040; baseline -0.001 -10"><span class='ocrx_word' id='word_1_609' title='bbox 969 2004 1075 2040; x_wconf 87' lang='grc' dir='ltr'>βασιλεῖ</span> <span class='ocrx_word' id='word_1_610' title='bbox 1086 2014 1092 2020; x_wconf 90' lang='grc'>·</span> <span class='ocrx_word' id='word_1_611' title='bbox 1110 2005 1158 2031; x_wconf 81' lang='grc' dir='ltr'>καὶ</span> <span class='ocrx_word' id='word_1_612' title='bbox 1171 2005 1276 2040; x_wconf 77' lang='grc' dir='ltr'>κριθεὶς</span> <span class='ocrx_word' id='word_1_613' title='bbox 1293 2005 1345 2032; x_wconf 81' lang='grc' dir='ltr'><strong>ὑπὸ</strong></span> <span class='ocrx_word' id='word_1_614' title='bbox 1362 2005 1430 2031; x_wconf 75' lang='grc' dir='ltr'><strong>πᾶσι</strong></span> <span class='ocrx_word' id='word_1_615' title='bbox 1445 2006 1555 2040; x_wconf 80' lang='grc' dir='ltr'><strong>κριταῖς</strong></span> <span class='ocrx_word' id='word_1_616' title='bbox 1578 2004 1617 2036; x_wconf 79' lang='grc' dir='ltr'><strong>δὶς</strong></span> <span class='ocrx_word' id='word_1_617' title='bbox 1633 2004 1681 2030; x_wconf 81' lang='grc' dir='ltr'>καὶ</span> <span class='ocrx_word' id='word_1_618' title='bbox 1693 2006 1755 2038; x_wconf 68' lang='grc' dir='ltr'>τρὶς</span> 
     </span>
    </p>
   </div>
   <div class='ocr_carea' id='block_1_86' title="bbox 968 2050 1755 2092">
    <p class='ocr_par' dir='ltr' id='par_1_86' title="bbox 968 2050 1755 2092">
     <span class='ocr_line' id='line_1_86' title="bbox 968 2050 1755 2092; baseline -0.003 -14"><span class='ocrx_word' id='word_1_619' title='bbox 968 2052 998 2078; x_wconf 84' lang='grc' dir='ltr'>οὐ</span> <span class='ocrx_word' id='word_1_620' title='bbox 1012 2051 1140 2092; x_wconf 77' lang='grc' dir='ltr'><strong>καθαρῶς</strong></span> <span class='ocrx_word' id='word_1_621' title='bbox 1157 2051 1258 2078; x_wconf 82' lang='grc' dir='ltr'>ἁλῶναι</span> <span class='ocrx_word' id='word_1_622' title='bbox 1275 2052 1331 2083; x_wconf 83' lang='grc' dir='ltr'>τοῖς</span> <span class='ocrx_word' id='word_1_623' title='bbox 1345 2052 1468 2086; x_wconf 74' lang='grc' dir='ltr'>ἐλέγχοις</span> <span class='ocrx_word' id='word_1_624' title='bbox 1485 2051 1611 2086; x_wconf 75' lang='grc' dir='ltr'>ἠδύνατο,</span> <span class='ocrx_word' id='word_1_625' title='bbox 1629 2050 1694 2077; x_wconf 76' lang='grc' dir='ltr'>ὥστ’</span> <span class='ocrx_word' id='word_1_626' title='bbox 1705 2051 1755 2085; x_wconf 74' lang='grc' dir='ltr'>ἤδη</span> 
     </span>
    </p>
   </div>
   <div class='ocr_carea' id='block_1_87' title="bbox 968 2091 1753 2132">
    <p class='ocr_par' dir='ltr' id='par_1_87' title="bbox 968 2091 1753 2132">
     <span class='ocr_line' id='line_1_87' title="bbox 968 2091 1753 2132; baseline -0.001 -9"><span class='ocrx_word' id='word_1_627' title='bbox 968 2098 1015 2124; x_wconf 75' lang='grc' dir='ltr'>καὶ</span> <span class='ocrx_word' id='word_1_628' title='bbox 1035 2091 1101 2132; x_wconf 79' lang='grc' dir='ltr'>πρὸς</span> <span class='ocrx_word' id='word_1_629' title='bbox 1116 2097 1169 2124; x_wconf 83' lang='grc' dir='ltr'><strong>τῶν</strong></span> <span class='ocrx_word' id='word_1_630' title='bbox 1185 2097 1316 2124; x_wconf 86' lang='grc' dir='ltr'>πλειόνων</span> <span class='ocrx_word' id='word_1_631' title='bbox 1339 2097 1462 2132; x_wconf 80' lang='grc' dir='ltr'>ὴθωυῦτο</span> <span class='ocrx_word' id='word_1_632' title='bbox 1486 2097 1602 2132; x_wconf 83' lang='grc' dir='ltr'>κριτῶν.</span> <span class='ocrx_word' id='word_1_633' title='bbox 1619 2096 1662 2132; x_wconf 83' lang='grc' dir='ltr'><strong>[Ρ.</strong></span> <span class='ocrx_word' id='word_1_634' title='bbox 1689 2095 1753 2132; x_wconf 75' lang='grc'><strong>501]</strong></span> 
     </span>
    </p>
   </div>
   <div class='ocr_carea' id='block_1_88' title="bbox 969 2143 1755 2179">
    <p class='ocr_par' dir='ltr' id='par_1_88' title="bbox 969 2143 1755 2179">
     <span class='ocr_line' id='line_1_88' title="bbox 969 2143 1755 2179; baseline 0.001 -10"><span class='ocrx_word' id='word_1_635' title='bbox 969 2144 1114 2178; x_wconf 58' lang='lat' dir='ltr'><strong>Marem-pou</strong></span> <span class='ocrx_word' id='word_1_636' title='bbox 1128 2144 1150 2170; x_wconf 81' lang='grc' dir='ltr'>δ’</span> <span class='ocrx_word' id='word_1_637' title='bbox 1164 2145 1203 2169; x_wconf 77' lang='grc' dir='ltr'><strong>ἐτι</strong></span> <span class='ocrx_word' id='word_1_638' title='bbox 1218 2144 1267 2179; x_wconf 86' lang='grc' dir='ltr'>τῆς</span> <span class='ocrx_word' id='word_1_639' title='bbox 1283 2144 1360 2178; x_wconf 77' lang='grc' dir='ltr'>δίκης</span> <span class='ocrx_word' id='word_1_640' title='bbox 1376 2143 1459 2179; x_wconf 80' lang='grc' dir='ltr'>οὔσης</span> <span class='ocrx_word' id='word_1_641' title='bbox 1476 2144 1578 2179; x_wconf 64' lang='grc' dir='ltr'><strong>⁴ᾔτησεν</strong></span> <span class='ocrx_word' id='word_1_642' title='bbox 1590 2145 1603 2170; x_wconf 83' lang='grc' dir='ltr'>ὁ</span> <span class='ocrx_word' id='word_1_643' title='bbox 1627 2143 1755 2178; x_wconf 73' lang='grc' dir='ltr'>βασιλευς</span> 
     </span>
    </p>
   </div>
   <div class='ocr_carea' id='block_1_89' title="bbox 968 2190 1755 2225">
    <p class='ocr_par' dir='ltr' id='par_1_89' title="bbox 968 2190 1755 2225">
     <span class='ocr_line' id='line_1_89' title="bbox 968 2190 1755 2225; baseline -0.001 -9"><span class='ocrx_word' id='word_1_644' title='bbox 968 2191 1105 2225; x_wconf 65' lang='grc' dir='ltr'>ἐγγυητὰς</span> <span class='ocrx_word' id='word_1_645' title='bbox 1123 2190 1193 2225; x_wconf 78' lang='grc' dir='ltr'><strong>ὑπὲρ</strong></span> <span class='ocrx_word' id='word_1_646' title='bbox 1210 2191 1256 2216; x_wconf 82' lang='grc' dir='ltr'>τοῦ</span> <span class='ocrx_word' id='word_1_647' title='bbox 1278 2191 1316 2225; x_wconf 80' lang='grc' dir='ltr'><strong>μὴ</strong></span> <span class='ocrx_word' id='word_1_648' title='bbox 1331 2192 1426 2224; x_wconf 84' lang='grc' dir='ltr'><strong>φυγεῖν</strong></span> <span class='ocrx_word' id='word_1_649' title='bbox 1451 2190 1534 2217; x_wconf 72' lang='grc' dir='ltr'>αὑτὸν</span> <span class='ocrx_word' id='word_1_650' title='bbox 1546 2190 1673 2222; x_wconf 82' lang='grc' dir='ltr'>λαθόντα,</span> <span class='ocrx_word' id='word_1_651' title='bbox 1690 2190 1755 2225; x_wconf 72' lang='grc' dir='ltr'>πρὶν</span> 
     </span>
    </p>
   </div>
   <div class='ocr_carea' id='block_1_90' title="bbox 969 2236 1755 2272">
    <p class='ocr_par' dir='ltr' id='par_1_90' title="bbox 969 2236 1755 2272">
     <span class='ocr_line' id='line_1_90' title="bbox 969 2236 1755 2272; baseline 0.001 -10"><span class='ocrx_word' id='word_1_652' title='bbox 969 2236 1003 2262; x_wconf 86' lang='grc' dir='ltr'>ἂν</span> <span class='ocrx_word' id='word_1_653' title='bbox 1020 2236 1109 2262; x_wconf 82' lang='grc' dir='ltr'>τελεία</span> <span class='ocrx_word' id='word_1_654' title='bbox 1130 2237 1242 2271; x_wconf 76' lang='grc' dir='ltr'>γένηται</span> <span class='ocrx_word' id='word_1_655' title='bbox 1268 2238 1285 2272; x_wconf 84' lang='grc' dir='ltr'>ὴ</span> <span class='ocrx_word' id='word_1_656' title='bbox 1304 2238 1369 2272; x_wconf 77' lang='grc' dir='ltr'>περὶ</span> <span class='ocrx_word' id='word_1_657' title='bbox 1390 2236 1472 2264; x_wconf 80' lang='grc' dir='ltr'>αὑτοῦ</span> <span class='ocrx_word' id='word_1_658' title='bbox 1488 2238 1544 2268; x_wconf 83' lang='grc' dir='ltr'>τοίς</span> <span class='ocrx_word' id='word_1_659' title='bbox 1563 2236 1633 2268; x_wconf 84' lang='grc' dir='ltr'>ὅλοις</span> <span class='ocrx_word' id='word_1_660' title='bbox 1648 2237 1755 2271; x_wconf 80' lang='grc' dir='ltr'>κριταῖς</span> 
     </span>
    </p>
   </div>
   <div class='ocr_carea' id='block_1_91' title="bbox 970 2281 1756 2317">
    <p class='ocr_par' dir='ltr' id='par_1_91' title="bbox 970 2281 1756 2317">
     <span class='ocr_line' id='line_1_91' title="bbox 970 2281 1756 2317; baseline 0 -9"><span class='ocrx_word' id='word_1_661' title='bbox 970 2282 1131 2316; x_wconf 83' lang='grc' dir='ltr'>ἁπόφανσις.</span> <span class='ocrx_word' id='word_1_662' title='bbox 1169 2283 1200 2309; x_wconf 84' lang='grc'><strong>’0</strong></span> <span class='ocrx_word' id='word_1_663' title='bbox 1214 2281 1246 2317; x_wconf 84' lang='grc' dir='ltr'><strong>δὴ</strong></span> <span class='ocrx_word' id='word_1_664' title='bbox 1264 2282 1348 2309; x_wconf 82' lang='grc' dir='ltr'>πολὺν</span> <span class='ocrx_word' id='word_1_665' title='bbox 1373 2283 1515 2316; x_wconf 79' lang='grc' dir='ltr'><strong>ὲνὲσπειρε</strong></span> <span class='ocrx_word' id='word_1_666' title='bbox 1544 2283 1589 2309; x_wconf 80' lang='grc' dir='ltr'><strong>τὸν</strong></span> <span class='ocrx_word' id='word_1_667' title='bbox 1606 2282 1687 2316; x_wconf 77' lang='grc' dir='ltr'>φόϐον</span> <span class='ocrx_word' id='word_1_668' title='bbox 1703 2283 1756 2308; x_wconf 76' lang='grc' dir='ltr'>’καὶ</span> 
     </span>
    </p>
   </div>
   <div class='ocr_carea' id='block_1_92' title="bbox 129 2324 912 2362">
    <p class='ocr_par' dir='ltr' id='par_1_92' title="bbox 129 2324 912 2360">
     <span class='ocr_line' id='line_1_92' title="bbox 129 2324 912 2360; baseline 0 -8"><span class='ocrx_word' id='word_1_669' title='bbox 129 2325 207 2360; x_wconf 87' lang='lat' dir='ltr'><strong>prius</strong></span> <span class='ocrx_word' id='word_1_670' title='bbox 230 2332 378 2360; x_wconf 83' lang='lat' dir='ltr'><strong>perpessus</strong></span> <span class='ocrx_word' id='word_1_671' title='bbox 400 2328 469 2357; x_wconf 90' lang='lat' dir='ltr'><strong>erat,</strong></span> <span class='ocrx_word' id='word_1_672' title='bbox 490 2324 600 2355; x_wconf 68' lang='lat' dir='ltr'><strong>vinnula</strong></span> <span class='ocrx_word' id='word_1_673' title='bbox 621 2325 824 2359; x_wconf 87' lang='lat' dir='ltr'><strong>recordantem,</strong></span> <span class='ocrx_word' id='word_1_674' title='bbox 848 2332 912 2360; x_wconf 90' lang='lat' dir='ltr'><strong>quo-</strong></span> 
     </span>
    </p>
   </div>
   <div class='ocr_carea' id='block_1_93' title="bbox 966 2324 1757 2362">
    <p class='ocr_par' dir='ltr' id='par_1_93' title="bbox 969 2326 1757 2362">
     <span class='ocr_line' id='line_1_93' title="bbox 969 2326 1757 2362; baseline 0.003 -11"><span class='ocrx_word' id='word_1_675' title='bbox 969 2327 1018 2360; x_wconf 78' lang='grc' dir='ltr'>τὴν</span> <span class='ocrx_word' id='word_1_676' title='bbox 1034 2326 1082 2360; x_wconf 82' lang='grc' dir='ltr'><strong>τῆς</strong></span> <span class='ocrx_word' id='word_1_677' title='bbox 1098 2326 1342 2361; x_wconf 79' lang='grc' dir='ltr'>είρκτῆς’ὖποψὶαν</span> <span class='ocrx_word' id='word_1_678' title='bbox 1357 2328 1386 2359; x_wconf 75' lang='grc' dir='ltr'>ἐς</span> <span class='ocrx_word' id='word_1_679' title='bbox 1406 2329 1455 2362; x_wconf 86' lang='grc' dir='ltr'>τὴν</span> <span class='ocrx_word' id='word_1_680' title='bbox 1471 2327 1567 2354; x_wconf 83' lang='grc' dir='ltr'>τούτου</span> <span class='ocrx_word' id='word_1_681' title='bbox 1583 2327 1672 2362; x_wconf 73' lang='grc' dir='ltr'>ψυχήν</span> <span class='ocrx_word' id='word_1_682' title='bbox 1684 2335 1692 2343; x_wconf 86' lang='grc'><strong>·</strong></span> <span class='ocrx_word' id='word_1_683' title='bbox 1708 2328 1757 2353; x_wconf 75' lang='grc' dir='ltr'>καὶ</span> 
     </span>
    </p>
   </div>
   <div class='ocr_carea' id='block_1_94' title="bbox 130 2371 917 2406">
    <p class='ocr_par' dir='ltr' id='par_1_94' title="bbox 130 2371 917 2406">
     <span class='ocr_line' id='line_1_94' title="bbox 130 2371 917 2406; baseline 0 -8"><span class='ocrx_word' id='word_1_684' title='bbox 130 2379 192 2399; x_wconf 90' lang='lat' dir='ltr'><strong>rum</strong></span> <span class='ocrx_word' id='word_1_685' title='bbox 214 2371 328 2406; x_wconf 79' lang='lat' dir='ltr'><strong>vestigia</strong></span> <span class='ocrx_word' id='word_1_686' title='bbox 353 2373 473 2398; x_wconf 86' lang='lat' dir='ltr'><strong>recentia</strong></span> <span class='ocrx_word' id='word_1_687' title='bbox 495 2371 585 2398; x_wconf 91' lang='lat' dir='ltr'><strong>adhuc</strong></span> <span class='ocrx_word' id='word_1_688' title='bbox 600 2375 628 2399; x_wconf 91' lang='lat' dir='ltr'><strong>et</strong></span> <span class='ocrx_word' id='word_1_689' title='bbox 642 2379 770 2406; x_wconf 81' lang='lat' dir='ltr'><strong>expressa</strong></span> <span class='ocrx_word' id='word_1_690' title='bbox 784 2372 811 2398; x_wconf 90' lang='lat' dir='ltr'><strong>in</strong></span> <span class='ocrx_word' id='word_1_691' title='bbox 826 2372 917 2399; x_wconf 90' lang='lat' dir='ltr'><strong>animo</strong></span> 
     </span>
    </p>
   </div>
   <div class='ocr_carea' id='block_1_95' title="bbox 130 2416 919 2452">
    <p class='ocr_par' dir='ltr' id='par_1_95' title="bbox 130 2416 919 2452">
     <span class='ocr_line' id='line_1_95' title="bbox 130 2416 919 2452; baseline 0 -8"><span class='ocrx_word' id='word_1_692' title='bbox 130 2417 353 2445; x_wconf 82' lang='lat' dir='ltr'><strong>circumferebat.</strong></span> <span class='ocrx_word' id='word_1_693' title='bbox 376 2416 445 2444; x_wconf 85' lang='lat' dir='ltr'><strong>Cum</strong></span> <span class='ocrx_word' id='word_1_694' title='bbox 463 2422 554 2444; x_wconf 88' lang='lat' dir='ltr'><strong>autem</strong></span> <span class='ocrx_word' id='word_1_695' title='bbox 571 2417 652 2444; x_wconf 86' lang='lat' dir='ltr'><strong>vades</strong></span> <span class='ocrx_word' id='word_1_696' title='bbox 665 2417 755 2444; x_wconf 86' lang='lat' dir='ltr'><strong>minus</strong></span> <span class='ocrx_word' id='word_1_697' title='bbox 777 2421 919 2452; x_wconf 79' lang='lat' dir='ltr'><strong>promptos</strong></span> 
     </span>
    </p>
   </div>
   <div class='ocr_carea' id='block_1_96' title="bbox 131 2463 917 2498">
    <p class='ocr_par' dir='ltr' id='par_1_96' title="bbox 131 2463 917 2498">
     <span class='ocr_line' id='line_1_96' title="bbox 131 2463 917 2498; baseline -0.003 -6"><span class='ocrx_word' id='word_1_698' title='bbox 131 2464 183 2492; x_wconf 84' lang='lat' dir='ltr'><strong>sibi</strong></span> <span class='ocrx_word' id='word_1_699' title='bbox 204 2463 290 2491; x_wconf 78' lang='lat' dir='ltr'><strong>atfore</strong></span> <span class='ocrx_word' id='word_1_700' title='bbox 311 2463 436 2495; x_wconf 83' lang='lat' dir='ltr'><strong>videret,</strong></span> <span class='ocrx_word' id='word_1_701' title='bbox 462 2463 555 2498; x_wconf 86' lang='lat' dir='ltr'><strong>plures</strong></span> <span class='ocrx_word' id='word_1_702' title='bbox 574 2472 607 2491; x_wconf 80' lang='lat' dir='ltr'><strong>ae</strong></span> <span class='ocrx_word' id='word_1_703' title='bbox 620 2464 840 2491; x_wconf 71' lang='lat' dir='ltr'><strong>vehementiores</strong></span> <span class='ocrx_word' id='word_1_704' title='bbox 855 2471 917 2491; x_wconf 87' lang='lat' dir='ltr'><strong>eum</strong></span> 
     </span>
    </p>
   </div>
   <div class='ocr_carea' id='block_1_97' title="bbox 131 2506 918 2544">
    <p class='ocr_par' dir='ltr' id='par_1_97' title="bbox 131 2506 918 2544">
     <span class='ocr_line' id='line_1_97' title="bbox 131 2506 918 2544; baseline -0.003 -7"><span class='ocrx_word' id='word_1_705' title='bbox 131 2506 251 2537; x_wconf 79' lang='lat' dir='ltr'><strong>terrores</strong></span> <span class='ocrx_word' id='word_1_706' title='bbox 273 2513 421 2537; x_wconf 84' lang='lat' dir='ltr'><strong>concutere</strong></span> <span class='ocrx_word' id='word_1_707' title='bbox 445 2514 598 2544; x_wconf 69' lang='lat' dir='ltr'><strong>cmperunt.</strong></span> <span class='ocrx_word' id='word_1_708' title='bbox 620 2509 693 2542; x_wconf 85' lang='lat' dir='ltr'><strong>Quas</strong></span> <span class='ocrx_word' id='word_1_709' title='bbox 707 2509 743 2535; x_wconf 88' lang='lat' dir='ltr'><strong>ob</strong></span> <span class='ocrx_word' id='word_1_710' title='bbox 763 2516 807 2536; x_wconf 83' lang='lat' dir='ltr'><strong>res</strong></span> <span class='ocrx_word' id='word_1_711' title='bbox 828 2508 918 2543; x_wconf 74' lang='lat' dir='ltr'><strong>fugam</strong></span> 
     </span>
    </p>
   </div>
   <div class='ocr_carea' id='block_1_98' title="bbox 130 2556 917 2591">
    <p class='ocr_par' dir='ltr' id='par_1_98' title="bbox 130 2556 917 2591">
     <span class='ocr_line' id='line_1_98' title="bbox 130 2556 917 2591; baseline -0.004 -7"><span class='ocrx_word' id='word_1_712' title='bbox 130 2562 242 2584; x_wconf 87' lang='lat' dir='ltr'><strong>coactus</strong></span> <span class='ocrx_word' id='word_1_713' title='bbox 259 2557 390 2591; x_wconf 85' lang='lat' dir='ltr'><strong>arripere,</strong></span> <span class='ocrx_word' id='word_1_714' title='bbox 408 2564 469 2583; x_wconf 91' lang='lat' dir='ltr'><strong>cum</strong></span> <span class='ocrx_word' id='word_1_715' title='bbox 484 2557 575 2583; x_wconf 87' lang='lat' dir='ltr'><strong>statim</strong></span> <span class='ocrx_word' id='word_1_716' title='bbox 599 2556 715 2582; x_wconf 79' lang='lat' dir='ltr'><strong>sollicite</strong></span> <span class='ocrx_word' id='word_1_717' title='bbox 737 2561 917 2589; x_wconf 64' lang='lat' dir='ltr'><strong>qua-reretur,</strong></span> 
     </span>
    </p>
   </div>
   <div class='ocr_carea' id='block_1_99' title="bbox 131 2603 477 2637">
    <p class='ocr_par' dir='ltr' id='par_1_99' title="bbox 131 2603 477 2637">
     <span class='ocr_line' id='line_1_99' title="bbox 131 2603 477 2637; baseline 0.003 -9"><span class='ocrx_word' id='word_1_718' title='bbox 131 2610 265 2637; x_wconf 88' lang='lat' dir='ltr'><strong>nusquam</strong></span> <span class='ocrx_word' id='word_1_719' title='bbox 280 2607 324 2630; x_wconf 84' lang='lat' dir='ltr'><strong>est</strong></span> <span class='ocrx_word' id='word_1_720' title='bbox 341 2603 477 2630; x_wconf 77' lang='lat' dir='ltr'><strong>inventus.</strong></span> 
     </span>
    </p>
   </div>
   <div class='ocr_carea' id='block_1_100' title="bbox 969 2371 1756 2408">
    <p class='ocr_par' dir='ltr' id='par_1_100' title="bbox 969 2371 1756 2408">
     <span class='ocr_line' id='line_1_100' title="bbox 969 2371 1756 2408; baseline 0.001 -9"><span class='ocrx_word' id='word_1_721' title='bbox 969 2373 996 2404; x_wconf 80' lang='grc' dir='ltr'><strong>ὲς</strong></span> <span class='ocrx_word' id='word_1_722' title='bbox 1009 2373 1163 2407; x_wconf 70' lang='grc' dir='ltr'>ἀνάμνησιν</span> <span class='ocrx_word' id='word_1_723' title='bbox 1186 2372 1285 2408; x_wconf 75' lang='grc' dir='ltr'>ἡρχετο</span> <span class='ocrx_word' id='word_1_724' title='bbox 1313 2371 1393 2405; x_wconf 83' lang='grc' dir='ltr'>αὖθις</span> <span class='ocrx_word' id='word_1_725' title='bbox 1405 2373 1459 2400; x_wconf 81' lang='grc' dir='ltr'>τῶν</span> <span class='ocrx_word' id='word_1_726' title='bbox 1488 2374 1629 2408; x_wconf 81' lang='grc' dir='ltr'>προτέρων</span> <span class='ocrx_word' id='word_1_727' title='bbox 1644 2373 1756 2400; x_wconf 75' lang='grc' dir='ltr'>ἐκείνων</span> 
     </span>
    </p>
   </div>
   <div class='ocr_carea' id='block_1_101' title="bbox 969 2416 1755 2455">
    <p class='ocr_par' dir='ltr' id='par_1_101' title="bbox 969 2416 1755 2455">
     <span class='ocr_line' id='line_1_101' title="bbox 969 2416 1755 2455; baseline -0.003 -10"><span class='ocrx_word' id='word_1_728' title='bbox 969 2419 1016 2445; x_wconf 79' lang='grc' dir='ltr'><strong>καὶ</strong></span> <span class='ocrx_word' id='word_1_729' title='bbox 1041 2418 1266 2454; x_wconf 81' lang='grc' dir='ltr'>ἁπαραμυθήτων</span> <span class='ocrx_word' id='word_1_730' title='bbox 1291 2419 1409 2454; x_wconf 69' lang='grc' dir='ltr'>δεσμῶν,</span> <span class='ocrx_word' id='word_1_731' title='bbox 1439 2416 1477 2446; x_wconf 86' lang='grc' dir='ltr'>ὧν</span> <span class='ocrx_word' id='word_1_732' title='bbox 1493 2419 1526 2446; x_wconf 76' lang='grc' dir='ltr'><strong>τὰ</strong></span> <span class='ocrx_word' id='word_1_733' title='bbox 1543 2420 1605 2455; x_wconf 72' lang='grc' dir='ltr'>ἴχνη</span> <span class='ocrx_word' id='word_1_734' title='bbox 1627 2419 1692 2454; x_wconf 75' lang='grc' dir='ltr'><strong>περὶ</strong></span> <span class='ocrx_word' id='word_1_735' title='bbox 1705 2419 1755 2453; x_wconf 72' lang='grc' dir='ltr'>τὴν</span> 
     </span>
    </p>
   </div>
   <div class='ocr_carea' id='block_1_102' title="bbox 968 2463 1756 2500">
    <p class='ocr_par' dir='ltr' id='par_1_102' title="bbox 968 2463 1756 2500">
     <span class='ocr_line' id='line_1_102' title="bbox 968 2463 1756 2500; baseline 0.003 -11"><span class='ocrx_word' id='word_1_736' title='bbox 968 2464 1082 2498; x_wconf 79' lang='grc' dir='ltr'>καρδίαν</span> <span class='ocrx_word' id='word_1_737' title='bbox 1106 2464 1146 2490; x_wconf 78' lang='grc' dir='ltr'><strong>ἔτι</strong></span> <span class='ocrx_word' id='word_1_738' title='bbox 1175 2464 1288 2499; x_wconf 82' lang='grc' dir='ltr'>κείμενα</span> <span class='ocrx_word' id='word_1_739' title='bbox 1314 2463 1386 2500; x_wconf 76' lang='grc' dir='ltr'>ἦσαν</span> <span class='ocrx_word' id='word_1_740' title='bbox 1408 2465 1543 2500; x_wconf 83' lang='grc' dir='ltr'>ἐναργῶς.</span> <span class='ocrx_word' id='word_1_741' title='bbox 1571 2465 1646 2491; x_wconf 68' lang='grc' dir='ltr'><strong>Ἐπεὶ</strong></span> <span class='ocrx_word' id='word_1_742' title='bbox 1663 2465 1692 2491; x_wconf 80' lang='grc' dir='ltr'>δὲ</span> <span class='ocrx_word' id='word_1_743' title='bbox 1709 2466 1756 2491; x_wconf 76' lang='grc' dir='ltr'><strong>καὶ</strong></span> 
     </span>
    </p>
   </div>
   <div class='ocr_carea' id='block_1_103' title="bbox 967 2510 1782 2547">
    <p class='ocr_par' dir='ltr' id='par_1_103' title="bbox 967 2510 1782 2547">
     <span class='ocr_line' id='line_1_103' title="bbox 967 2510 1782 2547; baseline 0.001 -11"><span class='ocrx_word' id='word_1_744' title='bbox 967 2510 1165 2546; x_wconf 70' lang='grc' dir='ltr'>όκνηροτέροιις</span> <span class='ocrx_word' id='word_1_745' title='bbox 1183 2511 1281 2537; x_wconf 76' lang='grc' dir='ltr'>ἔδλεπε</span> <span class='ocrx_word' id='word_1_746' title='bbox 1298 2512 1361 2542; x_wconf 83' lang='grc' dir='ltr'>τοὺς</span> <span class='ocrx_word' id='word_1_747' title='bbox 1381 2512 1614 2547; x_wconf 61' lang='grc' dir='ltr'>ἐγγυησομένους,</span> <span class='ocrx_word' id='word_1_748' title='bbox 1629 2511 1756 2546; x_wconf 75' lang='grc' dir='ltr'>συχνυτέ-</span> <span class='ocrx_word' id='word_1_749' title='bbox 1779 2510 1782 2513; x_wconf 78' lang='grc'><em>’</em></span> 
     </span>
    </p>
   </div>
   <div class='ocr_carea' id='block_1_104' title="bbox 971 2557 1756 2593">
    <p class='ocr_par' dir='ltr' id='par_1_104' title="bbox 971 2557 1756 2593">
     <span class='ocr_line' id='line_1_104' title="bbox 971 2557 1756 2593; baseline 0 -11"><span class='ocrx_word' id='word_1_750' title='bbox 971 2564 1028 2590; x_wconf 89' lang='grc' dir='ltr'>ροις</span> <span class='ocrx_word' id='word_1_751' title='bbox 1047 2557 1093 2583; x_wconf 74' lang='grc' dir='ltr'><strong>καὶ</strong></span> <span class='ocrx_word' id='word_1_752' title='bbox 1116 2557 1289 2592; x_wconf 73' lang='grc' dir='ltr'>δριμυτέροις</span> <span class='ocrx_word' id='word_1_753' title='bbox 1318 2557 1504 2593; x_wconf 73' lang='grc' dir='ltr'>ἐπολιορκεῖτο</span> <span class='ocrx_word' id='word_1_754' title='bbox 1522 2558 1622 2593; x_wconf 84' lang='grc' dir='ltr'>μᾶλλον</span> <span class='ocrx_word' id='word_1_755' title='bbox 1638 2559 1694 2588; x_wconf 82' lang='grc' dir='ltr'>τοῖς</span> <span class='ocrx_word' id='word_1_756' title='bbox 1711 2558 1756 2591; x_wconf 77' lang='grc' dir='ltr'>φό-</span> 
     </span>
    </p>
   </div>
   <div class='ocr_carea' id='block_1_105' title="bbox 971 2602 1756 2639">
    <p class='ocr_par' dir='ltr' id='par_1_105' title="bbox 971 2602 1756 2639">
     <span class='ocr_line' id='line_1_105' title="bbox 971 2602 1756 2639; baseline 0.001 -11"><span class='ocrx_word' id='word_1_757' title='bbox 971 2603 1039 2634; x_wconf 75' lang='grc' dir='ltr'>ϐοις.</span> <span class='ocrx_word' id='word_1_758' title='bbox 1056 2603 1102 2629; x_wconf 69' lang='grc' dir='ltr'><strong>Διὸ</strong></span> <span class='ocrx_word' id='word_1_759' title='bbox 1118 2603 1165 2629; x_wconf 79' lang='grc' dir='ltr'><strong>καὶ</strong></span> <span class='ocrx_word' id='word_1_760' title='bbox 1180 2603 1365 2638; x_wconf 76' lang='grc' dir='ltr'>ἀναγκασθεὶς</span> <span class='ocrx_word' id='word_1_761' title='bbox 1392 2603 1478 2639; x_wconf 71' lang='grc' dir='ltr'>ᾤχετο</span> <span class='ocrx_word' id='word_1_762' title='bbox 1494 2603 1582 2638; x_wconf 77' lang='grc' dir='ltr'>λάθρα</span> <span class='ocrx_word' id='word_1_763' title='bbox 1599 2602 1694 2639; x_wconf 69' lang='grc' dir='ltr'>φυγὼν</span> <span class='ocrx_word' id='word_1_764' title='bbox 1709 2603 1756 2630; x_wconf 76' lang='grc' dir='ltr'>καὶ</span> 
     </span>
    </p>
   </div>
   <div class='ocr_carea' id='block_1_106' title="bbox 972 2650 1552 2686">
    <p class='ocr_par' dir='ltr' id='par_1_106' title="bbox 972 2650 1552 2686">
     <span class='ocr_line' id='line_1_106' title="bbox 972 2650 1552 2686; baseline 0.007 -12"><span class='ocrx_word' id='word_1_765' title='bbox 972 2650 1086 2675; x_wconf 80' lang='grc' dir='ltr'>πλεῖστα</span> <span class='ocrx_word' id='word_1_766' title='bbox 1104 2650 1270 2684; x_wconf 79' lang='grc' dir='ltr'>ζητούμενος</span> <span class='ocrx_word' id='word_1_767' title='bbox 1285 2650 1366 2681; x_wconf 77' lang='grc' dir='ltr'>εὐθὺς</span> <span class='ocrx_word' id='word_1_768' title='bbox 1378 2650 1428 2686; x_wconf 81' lang='grc' dir='ltr'>οὐχ</span> <span class='ocrx_word' id='word_1_769' title='bbox 1442 2650 1552 2686; x_wconf 81' lang='grc' dir='ltr'>εὑρέθη.</span> 
     </span>
    </p>
   </div>
   <div class='ocr_carea' id='block_1_107' title="bbox 753 2703 1084 2735">
    <p class='ocr_par' dir='ltr' id='par_1_107' title="bbox 753 2703 1084 2735">
     <span class='ocr_line' id='line_1_107' title="bbox 753 2703 1084 2735; baseline 0.012 -5"><span class='ocrx_word' id='word_1_770' title='bbox 753 2719 756 2722; x_wconf 56' lang='grc' dir='ltr'><strong>ι</strong></span> <span class='ocrx_word' id='word_1_771' title='bbox 778 2723 782 2727; x_wconf 49' lang='grc' dir='ltr'><strong>ι</strong></span> <span class='ocrx_word' id='word_1_772' title='bbox 806 2703 971 2734; x_wconf 67' lang='lat' dir='ltr'><strong>\‘aiinrum</strong></span> <span class='ocrx_word' id='word_1_773' title='bbox 993 2710 1084 2735; x_wconf 72' lang='lat' dir='ltr'><strong>noue.</strong></span> 
     </span>
    </p>
   </div>
   <div class='ocr_carea' id='block_1_108' title="bbox 166 2765 842 2802">
    <p class='ocr_par' dir='ltr' id='par_1_108' title="bbox 166 2765 842 2802">
     <span class='ocr_line' id='line_1_108' title="bbox 166 2765 842 2802; baseline -0.004 -8"><span class='ocrx_word' id='word_1_774' title='bbox 166 2766 224 2802; x_wconf 87' lang='lat'><strong>(65)</strong></span> <span class='ocrx_word' id='word_1_775' title='bbox 236 2767 454 2799; x_wconf 82' lang='lat' dir='ltr'><strong>Cantacuzenus,</strong></span> <span class='ocrx_word' id='word_1_776' title='bbox 473 2767 522 2794; x_wconf 91' lang='lat' dir='ltr'><strong>lib.</strong></span> <span class='ocrx_word' id='word_1_777' title='bbox 539 2775 568 2799; x_wconf 81' lang='grc' dir='ltr'><strong>ιι,</strong></span> <span class='ocrx_word' id='word_1_778' title='bbox 587 2773 646 2801; x_wconf 85' lang='lat' dir='ltr'><strong>cap.</strong></span> <span class='ocrx_word' id='word_1_779' title='bbox 663 2766 708 2793; x_wconf 61' lang='lat' dir='ltr'><strong>Et.</strong></span> <span class='ocrx_word' id='word_1_780' title='bbox 727 2765 842 2792; x_wconf 70' lang='lat' dir='ltr'><strong>Ducmc.</strong></span> 
     </span>
    </p>
   </div>
   <div class='ocr_carea' id='block_1_109' title="bbox 167 2801 1507 2838">
    <p class='ocr_par' dir='ltr' id='par_1_109' title="bbox 167 2801 1507 2838">
     <span class='ocr_line' id='line_1_109' title="bbox 167 2801 1507 2838; baseline 0.001 -9"><span class='ocrx_word' id='word_1_781' title='bbox 167 2801 224 2837; x_wconf 76' lang='lat'><strong>(66)</strong></span> <span class='ocrx_word' id='word_1_782' title='bbox 239 2802 290 2835; x_wconf 84' lang='lat' dir='ltr'><strong>Qui</strong></span> <span class='ocrx_word' id='word_1_783' title='bbox 306 2802 397 2837; x_wconf 70' lang='lat' dir='ltr'><strong>magni</strong></span> <span class='ocrx_word' id='word_1_784' title='bbox 423 2802 511 2836; x_wconf 67' lang='lat' dir='ltr'><strong>Papiae</strong></span> <span class='ocrx_word' id='word_1_785' title='bbox 529 2802 662 2837; x_wconf 77' lang='lat' dir='ltr'><strong>dignitate</strong></span> <span class='ocrx_word' id='word_1_786' title='bbox 680 2803 797 2829; x_wconf 82' lang='lat' dir='ltr'><strong>donatus</strong></span> <span class='ocrx_word' id='word_1_787' title='bbox 815 2802 916 2830; x_wconf 84' lang='lat' dir='ltr'><strong>dicitur</strong></span> <span class='ocrx_word' id='word_1_788' title='bbox 935 2801 1106 2830; x_wconf 80' lang='lat' dir='ltr'><strong>Cantacuzen</strong></span> <span class='ocrx_word' id='word_1_789' title='bbox 1135 2802 1182 2829; x_wconf 91' lang='lat' dir='ltr'><strong>lib.</strong></span> <span class='ocrx_word' id='word_1_790' title='bbox 1201 2810 1231 2834; x_wconf 85' lang='lat' dir='ltr'><strong>tl,</strong></span> <span class='ocrx_word' id='word_1_791' title='bbox 1249 2810 1309 2838; x_wconf 77' lang='lat' dir='ltr'><strong>cap.</strong></span> <span class='ocrx_word' id='word_1_792' title='bbox 1325 2802 1369 2830; x_wconf 73' lang='lat'><strong>27.</strong></span> <span class='ocrx_word' id='word_1_793' title='bbox 1389 2804 1507 2831; x_wconf 69' lang='lat' dir='ltr'><strong>vocuo.</strong></span> 
     </span>
    </p>
   </div>
  </div>
