1920 3075
183 204 234 238 691
329 203 367 238 [Α.
388 211 415 230 It.
434 202 502 230 6856
522 211 554 229 AD
575 202 654 238 6849]

781 204 990 234 NlCEPlIORI
1010 200 1168 234 GREGOR
1178 203 1202 232 Ε

1752 200 1806 235 692

1341 201 1409 236 [ων.
1431 209 1570 229 Αυωωιιιιο.
1593 200 1662 237 tum]

182 264 258 297 galea
273 268 300 291 et
315 263 393 290 hasta
406 263 446 290 sic
457 270 563 296 eorum,
574 263 620 297 qui
634 271 730 298 pugnae
745 263 842 290 arbitri
858 263 964 295 sedent,

1021 262 1162 298 συμμαχία
1178 261 1378 298 ἐπιτηδεύεται.
1415 263 1510 294 Ἀσπὶς
1527 262 1580 297 γὰρ
1603 262 1650 289 καὶ
1675 262 1739 296 δόρυ
1757 263 1807 289 καὶ

179 309 311 345 judicium
331 317 402 343 sarpe
417 313 610 344 prmoccupant
625 314 653 336 et
667 309 723 336 veri
741 309 840 336 indicia
852 309 966 336 confun-

181 356 260 386 dunt.
277 359 307 382 ut
323 355 408 389 ipsius
422 362 520 382 manus
539 359 627 381 errata
642 354 787 389 profundis
798 355 875 389 quasi
892 360 968 382 tene-

181 401 239 429 bris
251 409 339 428 mersa
358 401 508 428 involvant.
517 400 545 427 in
556 400 710 428 calamitate
720 408 786 427 vero
797 401 879 428 animi
891 401 968 428 forti—

182 446 248 474 tudo
263 447 320 473 sola
336 446 363 473 in
382 450 519 473 certamen
530 446 682 478 descendit,
693 446 834 481 nudosque
853 451 880 474 et
896 447 967 473 iner-

182 500 240 519 mes
253 492 346 526 pedes,
359 492 472 518 consilio
484 496 512 518 ct
523 491 666 526 prudentia
686 493 769 520 veluti
782 491 859 519 firmo
870 492 966 519 funda-

181 542 274 565 mento
291 537 368 564 nixos
384 537 550 570 olntirmaus,
577 537 723 565 fortissime
741 538 869 566 resistere
885 544 966 573 atque

180 584 266 611 obniti
279 589 367 618 potest
379 585 467 611 cuivis
478 583 580 611 doloris
593 584 687 611 fluctui
700 592 732 612 ac
743 584 861 612 violento
876 585 964 617 :estui,

180 630 255 657 velut
270 630 462 657 inconcussum
480 631 695 664 promontorium
713 630 859 658 insanienti
871 630 967 665 pelago

179 676 330 710 objectum.
356 677 396 702 Ac
420 677 567 703 vehemens
591 677 700 710 quidem
725 676 799 703 illius
827 675 967 710 traguadite

180 725 327 755 tempestas
342 721 402 752 fuit,
419 729 500 755 quam
518 721 565 748 tibi
581 721 666 756 patris
684 721 859 756 imperatoris
874 721 966 748 obitus

180 766 341 799 suscitavit;
358 766 505 794 vehemens
522 767 587 793 item
603 775 645 799 ea,
662 775 743 801 quam
760 767 802 794 avi
820 767 967 801 imperato-

180 811 220 839 ris
244 812 380 839 iuteritus.
400 812 451 839 Sed
478 817 567 839 tamen
594 818 681 839 matre
709 814 854 848 superstite
875 812 966 840 solatii

179 858 296 886 multum
314 858 458 893 superfuit,
476 867 530 893 quo
548 859 638 886 luctus
653 859 699 888 ille
714 860 852 887 levaretur
867 863 894 887 et
908 858 965 885 eili~

180 904 237 931 caci
255 904 397 931 hilaritatis
412 905 532 931 remedio
541 905 623 932 veluti
636 904 805 935 condiretur.
817 905 851 932 At
864 905 907 932 hic
916 904 963 939 qui

1021 308 1121 343 κράνος
1129 308 1178 343 τὴν
1191 308 1244 335 τῶν
1255 308 1495 342 ἁγωνοϐετούντων
1504 308 1633 339 πολλάκις
1643 308 1809 342 ἁρπάσαντα

1021 354 1113 388 κρίσιν
1128 354 1173 381 καὶ
1195 354 1408 389 συγκυκήσαντα
1424 355 1487 385 τοὺς
1510 354 1635 389 ἐλέγχους
1653 354 1681 380 ὲν
1696 354 1808 389 ἀδήλοις

1021 400 1077 426 ἔσθ’
1094 400 1137 426 ὅτε
1154 399 1246 434 βυθοῖς
1262 400 1311 434 τῆς
1328 400 1459 434 παλάμης
1486 400 1669 434 τάγκλήματα
1692 399 1808 426 συνεκά-

1020 446 1120 480 λυψαν.
1153 445 1286 473 Ἐνταῦθα
1312 445 1364 480 δ’ὴ
1392 446 1442 480 τῆς
1466 445 1554 480 ψυχῆς
1569 445 1666 481 ἀνδρία
1678 444 1809 479 καθαρῶς

1020 491 1192 526 ἁποδυομένη
1220 491 1289 525 πρὸς
1319 492 1382 522 τοὺς
1400 491 1510 525 ἀγῶνας
1534 490 1592 525 ἔχει
1617 491 1744 524 καθάπερ
1761 490 1810 516 ἐπὶ

1021 539 1137 574 στερρᾶς
1149 537 1283 573 κρηπῖδος
1296 537 1364 572 (70),
1376 537 1425 571 τῆς
1436 538 1548 571 γνώμης
1563 545 1591 563 τε
1605 539 1652 563 καὶ
1661 537 1809 568 συνέσεως,

1020 584 1139 618 γυμνοὺς
1167 583 1214 610 καὶ¹
1240 583 1359 614 ἀόπλους
1386 583 1448 613 τοὺς
1477 582 1560 613 πόδας
1575 583 1705 614 ἐρείσασα
1735 582 1809 616 μάλα

1019 629 1152 664 γενναίως
1163 628 1341 656 ἀνθίστασθαι
1353 630 1401 655 καὶ
1414 629 1539 664 ἀντέχειν
1553 629 1619 664 πρὸς
1634 629 1707 655 ant-tv
1719 629 1810 660 λύπης

1019 675 1095 710 κῦμα
1110 675 1158 701 καὶ
1167 674 1267 709 ῥόθιον,
1277 674 1403 710 καθάπερ
1413 675 1534 710 προϐλὴς
1546 675 1691 705 ἀτίνακτος
1701 675 1810 700 ἑστῶσα

1022 721 1089 757 προς
1104 720 1270 755 ὑδρίξουσαν
1285 720 1436 747 θάλασσαν.
1462 720 1581 757 Σφοδδοδς
1600 721 1649 754 μὲν
1673 718 1722 746 οὖν
1735 717 1770 753 ἦν
1797 718 1824 745 δ’

1020 767 1124 802 χειμὼν
1146 768 1254 803 ἐκείνης
1282 769 1331 803 τῆς
1351 768 1517 803 τραγῳδίας,
1534 768 1568 802 ἣν
1582 769 1596 794 ὁ
1611 767 1658 794 τοῦ
1677 766 1810 802 βασιλέως

1020 815 1066 842 καὶ
1095 814 1199 850 πατρὸς
1227 815 1366 850 ἐπήνεγκε
1383 823 1424 841 σοι
1443 814 1576 845 θάνατος·
1603 813 1719 848 σφοδρὸς
1735 812 1758 839 δ’
1773 809 1808 838 αὖ

1019 860 1069 886 καὶ
1083 859 1098 886 6
1114 859 1160 886 τοῦ
1179 860 1313 894 βασιλέως
1326 859 1373 886 καὶ
1388 859 1520 892 min-nou,
1533 859 1557 885 εί
1574 859 1611 894 μὴ
1632 860 1680 885 καὶ
1696 856 1811 892 μείζονα

1021 904 1088 939 φαίη
1101 913 1142 937 τις
1155 904 1199 937 ἂν,
1210 905 1254 949 ὅτι
1268 905 1322 937 ζῶν
1337 905 1384 931 καὶ
1398 905 1556 939 κινούμενον
1577 904 1657 935 αὐτὸς
1669 903 1811 930 ἐλέλειπτο

185 955 211 977 te
228 958 301 977 nunc
320 949 437 978 dominre
455 951 550 978 matris
563 959 643 979 casus
661 952 796 986 oppressit
814 952 892 986 longe
907 958 968 985 gra-

1021 949 1179 985 ιρὰρμακον,
1198 951 1295 985 ἡδονὴν
1319 950 1429 985 ὁμαλῶς
1455 949 1554 976 οὑτωσί
1569 957 1628 980 πως
1644 948 1811 983 ἀντιτεχνώ-

175 994 309 1022 'vissimus
342 1003 449 1022 omnem
478 996 580 1023 doloris
620 996 798 1024 acerbitatem
840 1000 967 1031 superat,

178 1037 260 1073 492
276 1047 337 1066 cum
351 1039 385 1066 ob
402 1039 532 1074 majorem
558 1040 699 1074 sanguinis
720 1040 892 1073 affinitatem,
911 1046 969 1068 tum

179 1084 251 1116 quod
273 1091 306 1111 ea
321 1085 376 1111 sola
393 1089 512 1112 extrema
528 1085 636 1112 familia:
650 1080 751 1113 ancora.
761 1091 788 1113 et
800 1094 905 1114 summa
922 1086 970 1113 ob-

177 1126 289 1155 lectatio
309 1129 412 1164 reliqua
431 1129 491 1157 fuit.
509 1130 575 1157 Nam
591 1130 624 1157 ad
644 1130 717 1165 ipsas
731 1138 818 1164 usque
837 1131 970 1159 medullas

179 1178 302 1208 penetral
314 1175 358 1202 hic
366 1175 454 1207 dolor,
469 1180 496 1203 et
509 1176 566 1210 ipsa
580 1184 640 1203 ossa
653 1181 708 1208 tua,
721 1176 869 1204 fortissime
884 1177 970 1211 impe-

180 1224 266 1251 rator,
277 1225 405 1256 tanquam
417 1221 515 1255 aliquis
525 1222 624 1249 vermis
640 1223 754 1250 arrodit.
770 1222 870 1256 Quidni
887 1225 971 1251 vero?

180 1272 242 1292 cum
258 1273 288 1292 ea
307 1270 393 1292 mater
408 1266 499 1299 fuerit,
514 1271 610 1300 mater,
626 1268 748 1302 inquam,
764 1269 967 1303 augustissima,

181 1309 331 1343 eademque
350 1308 522 1341 suavissima.
546 1314 573 1337 et
589 1310 675 1336 ﬁrmis
687 1317 718 1337 ac
733 1310 969 1339 indissolubilibus

180 1359 287 1381 natura:
309 1355 426 1382 vinculis
450 1355 499 1383 tibi
525 1357 636 1383 astricta
651 1364 657 1383 :
672 1360 700 1384 et
714 1357 785 1392 quod
811 1358 897 1393 majus
916 1363 967 1391 est,

180 1401 306 1433 plurimis
315 1399 360 1428 tua
374 1409 457 1428 causa
469 1401 609 1430 laboribus
628 1403 784 1430 exercitata.
797 1403 890 1439 Neque
902 1412 967 1432 vero

179 1449 206 1473 te
220 1447 306 1473 solum
318 1455 365 1474 sua
379 1453 463 1474 morte
474 1447 501 1474 in
517 1452 618 1475 tantam
628 1449 767 1476 tristitiam
779 1450 908 1483 coniecit,
919 1450 967 1478 sed

180 1491 262 1519 etiam
288 1499 338 1519 nos
363 1501 468 1525 omnes,
486 1493 533 1528 qui
547 1494 624 1522 vobis
647 1503 783 1529 paremus.
806 1495 862 1522 lmo
878 1496 967 1524 luctus

180 1537 232 1564 is'e
252 1543 345 1565 noster
371 1538 470 1572 duplex
486 1544 537 1566 est.
553 1540 618 1566 Nam
635 1544 661 1567 et
677 1548 726 1567 nos
746 1549 854 1575 gravem
876 1542 967 1576 jactu-

180 1589 239 1609 ram
265 1583 391 1614 fecimus,
415 1591 501 1618 eoque
518 1585 660 1619 majorem,
682 1586 755 1619 quod
778 1590 805 1612 et
826 1586 881 1618 illa,
901 1587 965 1613 dum

179 1628 296 1660 viveret,
313 1629 440 1656 salutaris
461 1635 554 1663 portus
573 1629 695 1657 omnium
712 1630 763 1658 fuit
776 1635 804 1658 et
820 1638 964 1659 commune
978 1623 1000 1654 C

180 1674 325 1708 solatium;
340 1681 367 1702 et
384 1683 457 1703 nunc
475 1681 548 1703 tuam
568 1677 786 1711 augustissimam
801 1682 828 1705 et
844 1678 966 1712 publiea-

180 1727 241 1747 rum
266 1727 357 1747 rerum
383 1721 573 1755 inspectricem
589 1729 616 1750 et
630 1723 794 1750 curalricem
818 1731 937 1751 mentem
951 1732 966 1751 a

179 1766 344 1795 necessariis
366 1768 440 1794 curis
455 1773 558 1796 avocat.
575 1769 652 1801 Quod
667 1771 760 1796 sicam
783 1777 836 1796 non
855 1777 967 1804 prorsus

180 1818 263 1848 atque
286 1813 399 1841 omnino
420 1814 572 1846 abstrahit,
593 1821 682 1843 tamen
700 1816 726 1842 in
742 1820 817 1843 tanto
839 1823 966 1843 curarum

179 1863 247 1886 testu
270 1859 354 1887 etiam
379 1867 492 1894 parvum
511 1861 736 1896 impedimentum
753 1862 869 1888 maxima
888 1861 968 1889 affert

180 1903 346 1932 detrimenta
374 1905 531 1940 reipublicae
559 1907 677 1941 navigio,
705 1915 758 1933 non
784 1914 864 1934 secus
890 1915 921 1934 ac
945 1907 967 1935 si

180 1950 349 1986 gubernator
367 1952 393 1978 in
407 1952 496 1979 medio
511 1952 606 1988 pelago
621 1957 781 1987 tempestate
795 1953 966 1986 conilietans,

180 1998 287 2026 inferne
300 1997 427 2025 ﬂuctibus
442 1998 660 2033 insurgentibus,
673 2006 791 2033 superne
802 2005 866 2026 vero
879 2000 968 2026 ventis

181 2044 242 2072 vela
261 2043 449 2075 turbantibus,
467 2043 576 2071 interim
592 2051 619 2072 et
635 2045 693 2079 ipse
708 2045 749 2071 sui
764 2045 886 2072 muneris
900 2045 969 2071 ohli-

181 2093 227 2117 tus
242 2089 381 2123 dormitet,
399 2094 429 2117 ut
444 2089 511 2117 nihil
525 2090 580 2124 jam
595 2089 630 2117 sit
645 2089 780 2124 reliquum
806 2090 879 2125 quod
903 2097 968 2124 pro-

181 2135 286 2168 hibeat,
308 2135 456 2170 quominus
475 2135 552 2162 navis
565 2135 592 2162 in
607 2135 722 2162 fundum
739 2137 822 2163 maris
834 2136 892 2164 suis
905 2144 967 2163 cum

180 2181 340 2209 vectoribus
354 2182 446 2209 subito
457 2182 638 2216 demergatur.
654 2181 847 2215 Quamobrem,
860 2188 889 2210 ut
900 2183 967 2210 nihil

181 2227 256 2256 aliud
285 2232 311 2255 te
338 2233 466 2260 moveat,
497 2228 592 2255 saltem
621 2232 734 2263 propter
757 2228 894 2263 subjectas
920 2228 967 2255 tibi

1025 1005 1105 1031 μενον
1121 997 1170 1031 τῆς
1186 997 1288 1032 σφόδρα
1302 997 1418 1031 ζεούσης
1434 996 1543 1030 ἐκείνης
1562 996 1609 1023 καὶ
1626 994 1813 1030 φλεγμαινού-

1026 1050 1075 1077 σης
1092 1042 1211 1077 πληγῆς.
1233 1042 1333 1078 unm;
1351 1042 1399 1069 νῦν
1417 1041 1570 1069 ὲπελθοῦσά
1586 1050 1628 1068 σοι
1642 1041 1692 1076 τῆς
1707 1042 1814 1076 μητρὸς

1024 1088 1073 1115 καὶ
1089 1089 1233 1124 δεσποίνης
1258 1089 1388 1125 συμφορὰ
1408 1088 1497 1123 πολλῷ
1527 1087 1754 1123 στρατηγουμένη
1771 1087 1812 1121 τῷ

1023 1135 1223 1171 ὑπερὸάλλοντι
1235 1137 1326 1163 πᾶσαν
1343 1136 1535 1170 ὑπερπέπαικε
1553 1134 1644 1169 λύπης
1655 1134 1814 1168 ὑπερϐολὴν

1024 1181 1068 1208 διά
1083 1190 1112 1208 τε
1127 1182 1156 1208 τὸ
1167 1182 1219 1216 τῆς
1229 1181 1336 1216 φύσεως
1348 1182 1563 1216 συγγενέστερον
1575 1180 1621 1207 καὶ
1635 1179 1725 1214 πολλῷ
1742 1180 1813 1214 itii—

1023 1227 1068 1253 λον
1083 1227 1127 1254 διὰ
1141 1227 1172 1254 τὺ
1187 1229 1273 1262 μόνην
1288 1227 1391 1262 ταύτην
1418 1228 1465 1255 τοῦ
1486 1227 1582 1261 γένους
1596 1227 1813 1261 καταλελεῖφθαι

1024 1274 1184 1300 τελευταίαν
1194 1275 1265 1307 ᾶγκυ
1271 1283 1320 1310 ραν
1333 1275 1381 1301 καὶ
1391 1275 1526 1309 θυμηδίας
1537 1275 1697 1310 ἀκρόπολιν.
1705 1274 1812 1302 ’Δπτε-
1860 1299 1865 1302 .

1024 1327 1068 1345 ται
1083 1319 1136 1354 γὰρ
1156 1320 1202 1345 καὶ
1230 1319 1329 1352 αὐτῶν,
1358 1320 1396 1351 ὡς
1412 1321 1510 1351 είπεῐν,
1532 1320 1638 1355 μυελῶν
1654 1322 1702 1355 τῆς
1718 1321 1813 1354 ψυχῆς

1024 1365 1070 1390 καὶ
1086 1365 1134 1400 σὴς
1151 1364 1251 1391 ὀστέων
1274 1365 1438 1392 καθίσταταί
1455 1374 1497 1393 σοι
1511 1366 1550 1401 τῷ
1573 1366 1661 1393 πάντα
1678 1367 1810 1401 γενναίῳ.

1022 1410 1077 1437 Καὶ
1091 1410 1149 1441 πῶς
1164 1410 1218 1446 γὰρ
1234 1411 1282 1444 ob;
1298 1412 1398 1446 Μήτηρ
1408 1420 1437 1438 τε
1451 1411 1520 1439 οὖσα
1536 1412 1582 1439 καὶ
1598 1413 1689 1448 μήτηρ
1705 1412 1813 1447 βασιλι-

1022 1454 1131 1491 κωτάτη
1139 1465 1170 1482 τε
1181 1457 1228 1483 καὶ
1239 1456 1396 1493 γλυκυτάτη
1410 1458 1458 1484 καὶ
1468 1459 1590 1494 στερροῖς
1604 1459 1650 1485 καὶ
1662 1459 1813 1493 ἀρρήκτοις

1021 1503 1069 1538 τῆς
1081 1503 1187 1537 φύσεώς
1203 1512 1244 1530 σοι
1258 1505 1435 1540 συνδεδεμένη
1451 1506 1506 1536 τοῖς
1520 1505 1684 1540 σπλάγχνοις
1700 1513 1707 1520 ’
1723 1506 1769 1532 καὶ
1783 1505 1812 1531 τό

1019 1558 1051 1583 γε
1062 1549 1166 1584 μεῖζον,
1178 1550 1324 1582 πλείστους
1337 1551 1408 1586 ὑπὲρ
1420 1552 1466 1578 σοῦ
1476 1552 1539 1583 τοὺς
1551 1551 1648 1582 πόνους
1660 1551 1811 1578 ἀνατλᾶσα.

1019 1596 1056 1621 Οὐ
1068 1596 1098 1622 σὲ
1111 1596 1139 1622 δὲ
1157 1596 1237 1630 μόνον
1253 1597 1282 1628 ἐς
1296 1597 1355 1623 τόδε
1372 1597 1460 1632 λύπης
1478 1598 1571 1631 ἐκείνη
1587 1596 1706 1624 θανοῦσα
1722 1597 1809 1630 ξυνώ-

1017 1641 1110 1675 θησεν,
1126 1641 1191 1667 ἀλλὰ
1217 1642 1263 1668 καὶ
1291 1642 1396 1673 πάντας
1412 1643 1475 1674 τοὺς
1492 1642 1631 1677 ὗπηκόου;
1652 1643 1725 1676 ἡμᾶς
1737 1650 1745 1658 '
1764 1641 1814 1668 καὶ

1017 1686 1096 1721 διπλῆ
1112 1695 1143 1721 γε
1162 1687 1282 1721 pinea)
1292 1687 1382 1722 Ζημία
1401 1688 1450 1722 μὲν
1465 1689 1524 1723 γὰρ
1536 1688 1583 1714 καὶ
1596 1689 1663 1723 ὴμῐν
1685 1689 1812 1722 ἐγεγόνει

1019 1733 1146 1767 μεγίστη,
1177 1732 1218 1769 [Ρ.
1243 1732 1307 1769 303]
1335 1734 1381 1759 καὶ
1405 1733 1517 1760 τοσοῦτο
1533 1734 1661 1768 μεγίστη.
1688 1733 1752 1759 ὅσον
1765 1733 1812 1759 καὶ

1018 1777 1153 1812 περιοῦσα
1168 1778 1251 1813 λιμήν
1265 1787 1308 1810 τις
1323 1778 1431 1814 ὑπῆρχε
1445 1779 1501 1810 τοῖς
1524 1779 1595 1810 ὅλοις
1618 1779 1710 1813 ἐκείνη
1727 1778 1813 1813 σωτήρ

1019 1832 1075 1858 ριος
1093 1824 1140 1850 καὶ
1155 1825 1310 1859 πανήγυρις
1325 1824 1461 1859 εὐθυμίας
1471 1833 1478 1840 ·
1497 1825 1527 1851 τὸ
1542 1825 1569 1850 δὲ
1587 1825 1692 1860 μεῖζον,
1708 1825 1750 1851 ὅτι
1764 1825 1813 1851 καὶ

1019 1867 1067 1893 σοῦ
1082 1868 1127 1895 τὸν
1145 1868 1359 1903 βασιλικώτατον
1382 1870 1430 1896 καὶ
1455 1869 1509 1896 τῶν
1525 1869 1624 1896 κοινῶν
1637 1871 1812 1905 πραγμάτων

1019 1918 1141 1952 ἡγεμόνα
1152 1925 1182 1943 τε
1192 1917 1238 1943 καὶ
1254 1917 1376 1951 ὲττόπτην
1387 1917 1448 1944 νοῦν
1461 1917 1516 1944 τῶν
1531 1917 1650 1944 δεουσῶν
1662 1917 1813 1952 ἁπασχολεί

1019 1963 1168 1998 φροντίδων
1179 1970 1185 1978 ⁸
1202 1963 1226 1989 εί
1244 1963 1272 1989 δὲ
1288 1964 1325 1998 μὴ
1341 1962 1470 1996 καθάπαξ
1486 1964 1532 1990 καὶ
1547 1964 1584 1994 ὡς
1602 1963 1705 1990 ἐπίπαν
1721 1964 1812 1998 ἀπηρ-

1019 2009 1165 2044 τισμένως,
1178 2009 1235 2035 ἀλλ’
1251 2008 1297 2036 οὖν
1310 2010 1339 2036 ἒν
1353 2009 1473 2044 τοσούτῳ
1489 2009 1678 2045 περιστάσεων
1695 2010 1812 2036 κλύδωνι

1020 2045 1067 2082 καὶ
1078 2055 1107 2081 τὸ
1121 2055 1237 2090 σμικρὴν
1252 2055 1380 2089 ἐμπόδιον
1394 2055 1521 2090 μέγιστον
1531 2056 1563 2089 τῇ
1573 2055 1627 2082 τῶν
1640 2056 1813 2090 πραγμάτων

1019 2101 1114 2128 ὁλκάδι
1128 2101 1252 2134 γίγνεται
1280 2099 1389 2134 βλὰὗος,
1417 2101 1464 2126 καὶ
1490 2100 1696 2135 παραπλήσιον,
1716 2100 1812 2136 ὥσπερ

1022 2147 1056 2174 ἂν
1072 2146 1150 2178 εἴτις
1165 2146 1335 2181 κυὸερνήτης
1353 2145 1486 2181 χειμῶνος
1499 2146 1527 2171 ἐν
1541 2146 1616 2180 μέσῳ
1631 2145 1748 2180 πελάγει
1769 2155 1813 2172 τυ-

1019 2192 1084 2228 χὼν,
1098 2191 1219 2218 κάτωθεν
1232 2191 1281 2226 μὲν
1295 2191 1349 2218 τῶν
1364 2191 1495 2225 κυμάτων
1505 2190 1576 2217 κατὰ
1588 2191 1638 2226 τῆς
1651 2192 1714 2225 νηὸς
1726 2191 1812 2218 ἐπαν-

1021 2238 1192 2273 ισταμένων,
1210 2237 1313 2264 ἄνωθεν
1328 2237 1356 2263 δὲ
1380 2236 1434 2263 τῶν
1464 2236 1627 2270 πνευμάτων
1650 2236 1698 2271 τῆς
1716 2236 1813 2271 ὀθόνης

181 2273 275 2306 urbes,
293 2281 411 2301 mterore
427 2274 488 2301 aliis
502 2274 642 2304 mandato.
661 2273 769 2301 solitam
784 2274 831 2302 tibi
845 2279 871 2301 et
886 2274 967 2310 5.93

1022 2285 1259 2320 κατορχουμένων,
1278 2282 1381 2319 μεταξὺ
1399 2283 1446 2310 καὶ
1462 2283 1544 2314 αὐτὸς
1552 2284 1601 2318 τῆς
1614 2283 1812 2319 πηδιλιουχεας

181 2319 387 2355 imperatoriam
409 2320 636 2355 magnificentiam
653 2321 780 2348 retineto.
797 2319 907 2348 Imitare
921 2320 970 2347 de-

181 2367 284 2394 lunctae
311 2366 385 2393 illius
412 2366 536 2401 generosi
569 2366 652 2393 animi
679 2367 860 2394 constantiam
876 2387 883 2399 ,
910 2374 972 2402 quae

181 2417 295 2448 propter
320 2413 460 2440 ardentem
483 2413 529 2440 Dei
552 2421 673 2441 amorem
697 2414 790 2449 (quem
815 2413 896 2449 longo
916 2414 970 2449 jam

182 2465 317 2495 tempore,
333 2467 365 2488 ex
380 2467 436 2495 quo
451 2460 631 2495 perniciosam
650 2465 793 2496 parentum
815 2461 971 2496 opinionem

182 2511 315 2538 evaserat,
329 2507 427 2534 intimo
440 2507 522 2534 corde
534 2507 615 2534 tacite
629 2507 730 2539 alebat)
743 2509 864 2542 corporis
873 2506 968 2539 oblita,

183 2555 267 2582 oblita
289 2555 382 2590 gloria:
402 2560 429 2582 et
451 2554 619 2588 imperatorii
643 2553 815 2589 splendoris;
835 2553 873 2580 tui
892 2553 972 2580 deui-

183 2609 249 2636 quc,
266 2601 338 2636 quod
361 2601 441 2636 longe
459 2601 546 2636 majus
568 2604 619 2632 est,
636 2599 674 2626 tui
690 2599 802 2633 inquam
827 2599 972 2631 carissimi,

185 2655 269 2682 quem
285 2647 326 2675 vel
343 2648 391 2675 toti
407 2652 541 2674 terrarum
559 2646 619 2674 orbi
636 2645 809 2680 praetulisset.
830 2645 924 2675 oblita,
939 2644 972 2671 ad

185 2693 270 2722 Deum
280 2694 410 2726 accurrit,
421 2693 454 2720 ad
465 2694 656 2728 imperatorem
666 2696 691 2718 et
704 2690 830 2717 maritum
839 2690 973 2717 accurrit:

184 2748 239 2766 non
254 2740 318 2774 quia
335 2740 451 2767 maritus
466 2739 526 2770 fuit,
543 2738 590 2765 sed
605 2737 667 2772 quia
685 2744 732 2771 per
750 2736 824 2762 illum
839 2736 871 2762 ad
885 2736 974 2762 since—

186 2791 230 2812 ros
248 2784 366 2812 sanioris
381 2783 515 2820 dogmatis
531 2783 620 2810 fontes
635 2781 765 2816 perducta
782 2780 880 2808 fuerat.
896 2779 975 2812 Quod

1021 2331 1202 2366 ἐκλαθόμενος
1214 2331 1428 2364 ὲπινυστάξειεν,
1441 2331 1479 2363 ὡς
1497 2332 1580 2367 μηδὲν
1591 2329 1660 2357 εἶναι
1673 2331 1767 2358 λοιπὸν
1782 2331 1812 2358 τὸ

1020 2377 1135 2411 κωλύον,
1151 2377 1299 2411 αὔτανδρον
1320 2377 1370 2413 τὴν
1384 2377 1450 2403 ναῦν
1478 2377 1578 2404 αὐτίκα
1593 2377 1667 2412 μάλα
1685 2377 1813 2412 βυθοδρο-

1022 2424 1148 2459 μήσασαν
1162 2424 1189 2455 ἐς
1205 2423 1345 2457 πυθμένας
1362 2423 1500 2457 θαλάσσης
1516 2423 1675 2450 καταδῦναι.
1691 2424 1774 2449 Ὅθεν
1787 2423 1811 2449 εἰ

1023 2470 1059 2505 μή
1076 2479 1103 2496 τι
1129 2469 1203 2502 ἄλλο,
1222 2469 1278 2495 ἀλλ’
1294 2467 1341 2496 οὖν
1370 2469 1414 2496 διά
1429 2478 1459 2503 γε
1477 2469 1525 2500 τὰς
1544 2469 1682 2504 ὑπηκόους
1697 2469 1751 2495 τῶν
1765 2469 1814 2495 πό-

1021 2516 1100 2548 λεων,
1116 2515 1133 2542 ἃ
1150 2515 1199 2550 τῆς
1213 2514 1301 2549 λύπης
1316 2515 1384 2550 ἔργα
1399 2515 1556 2548 πεφύκασιν
1573 2515 1664 2546 ἄλλοις
1681 2523 1814 2550 παραχω-

1023 2561 1109 2597 ρήσας
1121 2559 1212 2595 σαυτῷ
1228 2560 1257 2586 τὸ
1272 2560 1387 2595 σύνηθες
1407 2562 1454 2586 καὶ
1481 2560 1616 2595 βασίλειον
1643 2560 1813 2595 μεγαλοπρει

1023 2607 1071 2639 et;
1087 2607 1260 2641 διστήρησον.
1291 2606 1417 2642 Μίμησαι
1442 2607 1492 2641 τῆς
1508 2607 1681 2642 ἀπελθούσης
1704 2607 1814 2641 ἐκείνης

1024 2655 1151 2688 γενναίας
1176 2653 1267 2688 ψυχῆς
1289 2654 1338 2688 τὴν
1362 2654 1541 2688 στερρότητα,
1570 2653 1587 2688 ἢ
1604 2653 1649 2679 διὰ
1665 2654 1729 2684 τοὺς
1746 2653 1813 2687 rei];

1022 2702 1068 2728 τὸν
1082 2701 1148 2727 Θεὸν
1165 2700 1340 2734 ἀκμάζοντας
1366 2700 1480 2734 ἔρωτας,
1499 2699 1544 2730 οὒς
1563 2700 1729 2734 saepeiam;
1754 2699 1813 2724 E67-

1023 2755 1088 2773 σκεν
1102 2748 1131 2774 ἐν
1154 2745 1254 2781 καρδίᾳ
1278 2745 1360 2772 πάλαι
1374 2746 1458 2771 πολὺν
1480 2745 1529 2780 ἤδη
1542 2745 1588 2771 τὸν
1603 2745 1708 2780 χρόνον,
1722 2745 1769 2777 ἀφ’
1782 2740 1812 2770 οὗ

1022 2794 1073 2828 τῆς
1084 2793 1138 2819 τῶν
1148 2792 1293 2827 φυσάντων
1304 2791 1417 2817 διέσωσε
1429 2791 1509 2826 δόξης
1520 2791 1616 2826 αὐτὴν,
1626 2790 1810 2826 ἑπιλαθομένη

867 2861 1036 2894 Vat-iorem
1053 2867 1144 2894 notae.

223 2924 277 2959 (71))
296 2925 392 2953 Wolfio
407 2927 508 2962 κρηπίς
526 2932 564 2954 est
581 2927 694 2961 crepido.
715 2926 766 2954 Sed
789 2924 892 2960 crepido
909 2933 968 2952 cons

1027 2926 1092 2961 quid
1107 2926 1154 2961 sit,
1171 2934 1225 2955 non
1241 2926 1332 2955 video.
1355 2925 1459 2953 Boms.
