1920 3075
71 89 75 93 ’
118 96 172 129 tm

248 93 285 129 [Α.
302 100 329 119 ιι.
347 90 414 118 68136
429 99 461 118 Al)
482 90 562 127 68.59]

725 92 936 123 NlCEPlIOliI
953 92 1143 123 GREGORIE

1305 87 1372 123 [ιιιιι.
1388 95 1529 115 λκυιιοκιε.
1547 96 1592 116 tux
1609 89 1618 125 }

1695 92 1756 123 683

122 160 185 188 spes
200 151 410 185 relinqueretur.
426 149 493 176 Nam
508 153 535 176 et
546 149 605 183 ejus
621 148 723 183 legatos
738 148 910 175 conlidenter

968 145 1035 182 εῐχον
1059 144 1303 181 διαπρεσϐεύεσθαι
1330 145 1395 181 περὶ
1418 145 1574 182 ἐλευθερίας
1589 146 1636 173 καὶ
1647 146 1758 182 λύτρων

121 197 276 226 deriserant
290 204 322 224 ae
342 203 392 230 per
409 195 583 231 ignominiam
609 194 780 227 dimiserant,
797 199 823 222 el
843 194 908 221 Bul-

121 251 248 279 garorum
270 251 350 278 agros
371 250 433 270 cum
450 241 589 277 segetibus
613 241 805 273 incenderant,
821 246 848 268 et
863 247 913 267 οτι-η

121 296 232 326 piorum
249 290 423 318 castellorum
442 288 610 315 habitatores
630 287 699 314 male
715 291 872 314 tractarent.

962 196 1030 228 πρὸς
1063 192 1245 228 Ἀλέξανδρον.
1274 193 1312 219 Ον
1326 191 1380 227 γὰρ
1409 192 1586 219 ὑπελείποντό
1603 201 1663 219 τινα
1689 201 1759 228 συγ-

963 239 1075 274 γνώμης
1102 239 1229 274 ἀφορμὴν
1255 239 1286 264 ἐκ
1312 238 1366 264 τῶν
1381 237 1553 271 φθασάντων.
1585 238 1641 272 Τήν
1653 247 1682 264 τε
1698 239 1755 274 γὰρ

964 286 1069 312 ἐκείνου
1093 285 1158 321 περὶ
1185 285 1298 321 εἰρήνης
1327 283 1477 319 πρεσϐείαν
1503 283 1626 320 θρασέως
1646 293 1677 310 τε
1705 285 1757 312 καὶ

114 340 252 372 ’ἀκόσμως
270 337 312 373 [Ρ.
326 336 390 372 500]
406 337 574 370 ἀπέπεμψαν
586 335 650 366 τούς
670 343 700 361 τε
727 334 781 360 τῶν
800 333 963 369 Βουλγάρων
989 334 1092 370 ἀγροὺς
1126 333 1196 369 μετὰ
1229 333 1284 359 τῶν
1309 332 1454 368 ἀσταχύων
1479 332 1545 367 πυρὶ
1578 332 1755 367 παρέδοσαν·

160 432 216 459 Vll.
233 431 328 466 ltaque
345 430 379 458 ab
398 430 472 457 omni
491 434 568 464 parte
586 429 664 463 inops
687 429 792 456 consilii
809 433 911 456 aestua-

123 477 170 504 bat
196 477 357 511 imperator.
375 476 478 502 Tamen
505 475 582 501 tirma
597 475 623 501 in
638 475 723 501 Deum
749 474 846 501 ﬁducia
861 481 913 501 nec

123 523 151 550 in
170 522 309 557 prioribus
332 521 464 556 periculis
489 528 538 548 nec
561 519 588 546 in
609 520 735 554 przesenti
754 520 912 547 discrimine

124 577 186 596 eum
203 568 343 601 destituit;
360 567 485 602 quamvis
502 565 667 593 conscientia
682 566 741 601 ejus
753 573 807 593 non
823 566 912 593 omnis

123 622 222 649 expers
238 618 311 641 esset
328 613 451 646 maculae,
473 617 528 640 tum
544 617 654 648 propter
667 619 747 639 arum
764 612 912 646 imperato-

123 668 181 687 rem
202 663 322 687 extrema
345 662 425 685 aetate
443 658 652 690 contristatunt;
669 661 725 684 tum
741 657 775 684 ob
789 664 832 689 ea,
850 664 911 691 quae

122 705 251 741 juvenilis
264 704 385 732 'liceutia
401 712 462 731 cum
478 703 597 739 imperio
620 703 766 738 conjuncta
791 703 912 737 plerum-

123 759 178 786 que
194 751 264 778 solet
281 750 435 785 designare.
459 750 561 778 Verum
575 749 614 776 illi
630 748 786 784 huiusmodi
801 753 911 783 peccata

125 802 253 832 tanquam
269 797 391 824 minutos
407 796 553 831 pisciculos
567 803 694 831 magnum
714 795 814 823 divina:
828 795 912 822 mise-

125 843 252 870 ricordiae
274 842 387 878 pelagus
408 842 558 869 subeuntes
576 841 729 876 judicabat.
752 841 869 868 Proinde
884 845 912 868 et
927 834 947 860 Β

125 895 177 915 nec
197 895 336 916 summum
363 887 511 915 discrimen
528 895 581 915 non
598 888 689 914 minus
709 894 790 921 quam
815 891 911 914 caetera

125 934 287 962 mirabiliter
310 934 418 967 evasit,
441 941 540 961 arcana
564 933 612 960 Dei
637 937 736 960 cuncta
761 933 912 960 clementer

125 981 307 1017 gubernantis
322 980 504 1016 providentia.
520 979 589 1007 Nam
608 979 761 1007 Alexander
779 979 912 1014 postridie

125 1028 197 1055 ultro
213 1027 287 1055 illius
308 1028 438 1054 misertus
451 1031 479 1054 et
490 1025 668 1054 humanitatis
692 1033 773 1053 sensu
793 1026 911 1061 quodam

125 1073 272 1100 instinctus
295 1079 389 1108 pacem
407 1071 446 1098 illi
466 1070 565 1098 obtulit
587 1075 694 1098 etcum
718 1070 840 1098 exercitu
864 1071 914 1098 do-

128 1125 202 1145 mum
222 1117 322 1148 redire,
340 1117 411 1144 facta
433 1116 643 1150 compositione,
659 1123 756 1150 passus
775 1120 827 1148 est,
846 1115 914 1142 hor-

127 1168 221 1197 tatus,
246 1167 277 1190 ut
301 1161 469 1190 moderatior
496 1166 568 1189 esset
594 1162 622 1189 in
645 1167 798 1196 posterum.
829 1161 917 1189 Unius

126 1208 200 1236 enim
225 1206 290 1234 anni
314 1212 433 1242 quatuor
457 1214 518 1234 esse
544 1210 677 1241 tempora,
702 1211 730 1234 et
753 1205 835 1241 paulo
856 1212 915 1232 nio-

127 1258 221 1281 tnento
237 1253 368 1280 maximas
385 1252 507 1280 incidere
519 1259 611 1280 rerum
634 1252 810 1280 mutationes.
825 1250 916 1279 Inter-

128 1307 160 1327 ea
178 1299 222 1326 illa
240 1306 348 1333 quoque
363 1303 443 1327 aestas
461 1303 554 1326 exacta
570 1302 622 1326 est.

70 382 74 386 “
122 385 170 412 καὶ
183 385 250 420 πρός
262 393 294 418 γε
307 384 363 415 τοῖς
372 384 406 410 τὰ
421 382 539 417 φρούρια
550 381 671 408 οἰκοῦσιν
684 381 713 408 οὺ
725 380 816 412 καλῶς
827 382 980 416 ἐχρήσαντο
999 381 1138 412 λαὸόντες.

997 428 1032 455 Ζ¹.
1049 429 1095 455 Διὸ
1108 427 1278 464 πανταχόθεν
1292 428 1386 455 στενόν
1398 436 1427 454 τε
1439 427 1486 454 καὶ
1501 427 1604 463 ἄπορον
1619 427 1658 462 τῷ
1674 427 1757 463 βασι-

960 474 1001 500 λεῖ
1018 474 1048 500 τὸ
1071 475 1189 509 πρᾶγμα
1207 473 1340 508 ἐγίγνετο.
1361 473 1398 500 Τό
1416 481 1448 506 γε
1467 472 1518 507 μὴν
1529 473 1568 504 είς
1583 471 1650 498 Θεὸν
1660 473 1756 509 ὰρραο

960 521 1096 555 γεστάτην
1120 519 1193 555 ἔχειν
1219 519 1325 551 ἐλπίδα,
1353 518 1433 545 τοῦτο
1449 518 1473 544 δ’
1486 518 1536 544 οὐκ
1557 517 1717 552 ἀπέγνωστό
1727 518 1755 544 οι

961 565 1017 592 οὒτ’
1032 565 1060 591 ὲν
1076 565 1136 596 ταῖς
1152 564 1285 599 πρότερον
1303 564 1507 599 περιστάσεσιν,
1523 563 1584 590 οὔτε
1600 565 1655 598 μὴν
1672 563 1701 590 ὲν
1715 564 1752 599 τῇ

962 611 1098 646 παρούσῃ,
1126 612 1214 638 καίτοι
1235 610 1265 637 τὺ
1290 609 1410 640 συνειδὸς
1439 609 1489 635 οὐκ
1506 609 1668 643 ἀνέλεγκτον
1683 609 1755 644 ἔχων

960 657 1005 685 δ.ά
1018 666 1048 684 τε
1062 658 1111 692 τὴν
1123 657 1328 692 παραλύπησιν.
1346 657 1379 692 ἢν
1402 655 1441 690 τῷ
1456 656 1563 691 βασιλεί
1583 656 1631 682 καὶ
1647 655 1756 690 πάππῳ

960 704 989 729 ὲν
1001 703 1039 738 τῷ
1054 704 1127 739 γήρᾳ
1144 704 1291 738 ἐπήνεγκε,
1320 703 1368 729 καὶ
1392 700 1426 729 αὖ
1442 702 1478 729 δι’
1501 703 1552 729 ὅσα
1579 703 1673 738 νεότης
1692 702 1754 738 μετ’

961 749 1085 783 ἐξουσίας
1101 749 1139 781 ὡς
1166 749 1201 776 τὰ
1218 748 1304 776 πολλὰ
1333 749 1405 784 φιλεῖ
1420 748 1639 784 διαπράττεσθαι
1651 756 1658 764 σ
1676 748 1755 783 ὅμως

963 796 1068 831 ἰχθύδιὰ
1085 804 1146 823 τινα
1164 796 1267 832 βραχέα
1284 795 1318 822 τὰ
1341 796 1454 823 τοιαῦτα
1484 794 1609 830 ἐνόμιζεν
1624 795 1757 830 ἁμαρτή-

966 851 1039 877 ματα
1052 842 1079 873 ἐς
1090 842 1120 868 τὸ
1137 842 1208 877 μέγα
1230 842 1348 876 πέλαγος
1377 841 1542 876 βυθιζόμενα
1560 842 1609 876 τῆς
1623 840 1669 867 τοῦ
1684 840 1754 867 Θεοῦ

966 888 1183 924 φιλανθρωπίας.
1198 888 1243 914 Διὸ
1257 888 1304 915 καὶ
1316 888 1415 923 ὁμοίως
1428 889 1489 919 ταῖς
1506 887 1600 919 ἄλλαις
1618 887 1754 922 περιστὰ-

966 942 1026 961 σεσι
1044 934 1092 960 καὶ
1108 933 1157 969 τὴν
1183 933 1374 968 ἀπαράμιλλον
1387 932 1490 967 ταύτην
1508 931 1666 966 παραδόξως
1682 931 1754 957 ἀπε-

966 980 1112 1017 κρούσατο,
1129 980 1279 1015 ἀπορρήτῳ
1300 977 1455 1014 προμηθείᾳ
1482 976 1529 1004 τοῦ
1547 977 1634 1004 πάντα
1658 976 1756 1010 φιλαν-

966 1027 1083 1062 θρώπως
1100 1025 1304 1062 οἰκονομοῦντος
1315 1024 1392 1052 Θεοῦ.
1412 1024 1525 1052 Οἵκοθεν
1537 1024 1592 1060 γὰρ
1608 1025 1656 1052 καὶ
1678 1023 1756 1052 ’Δλέ-

968 1073 1079 1108 ξανδρος
1094 1073 1123 1104 ἐς
1138 1072 1187 1107 τὴν
1203 1071 1351 1107 ὑστεραίαν
1364 1071 1405 1102 είς
1419 1069 1510 1098 οἶκτον
1522 1071 1570 1098 ἰὼν
1585 1071 1631 1098 καὶ
1644 1070 1756 1106 συμπάο

967 1119 1053 1151 θειαν,
1069 1118 1181 1153 πέμψας
1195 1118 1233 1153 τῷ
1250 1117 1356 1152 βασιλεῖ
1372 1117 1473 1150 δεξιὰν,
1498 1118 1605 1152 ἀφῆκεν
1618 1117 1755 1143 ὑπόσπον-

965 1163 1009 1190 δον
1021 1163 1109 1191 οἶκαδε
1122 1163 1285 1199 πορεύεσθαι
1297 1163 1344 1196 ξύν
1356 1172 1388 1198 γε
1396 1163 1436 1197 τῷ
1448 1163 1633 1198 στρατοπέδιιι,
1643 1171 1755 1197 παραγ-

965 1208 1059 1243 γείλας
1087 1209 1272 1244 μετριώτερον
1302 1207 1371 1235 εἶναι
1395 1207 1444 1234 τοῦ
1467 1207 1572 1234 λοιποῦ.
1593 1217 1602 1234 ι
1624 1205 1670 1238 Εἷς
1688 1208 1754 1242 γὰρ,

966 1256 1060 1291 φησιν,
1079 1256 1203 1286 ἐνιαυτὸς
1216 1255 1351 1290 τέσσαρας
1367 1254 1441 1290 ὥρας
1450 1255 1528 1290 φέρει
1537 1255 1585 1281 καὶ
1595 1254 1644 1290 μία
1656 1254 1754 1288 καιροῦ

967 1303 1037 1339 ῥοπὴ
1049 1303 1149 1334 πολλὰς
1160 1302 1331 1337 πραγμάτων
1341 1301 1503 1337 μεταϐολάς.
1517 1310 1527 1328 ι
1547 1301 1592 1328 Ἐν
1605 1301 1634 1327 δὲ
1650 1301 1754 1332 τούτοις

966 1348 1013 1375 καὶ
1029 1348 1058 1375 τδ
1072 1349 1159 1384 παρὸν
1170 1347 1300 1375 ἐτελεύτα
1313 1348 1402 1383 θέρος.

856 1414 970 1443 CAPUT
993 1415 1024 1442 V.

129 1477 355 1513 Syrgianneﬂcur
370 1480 517 1513 suspectus.
538 1476 619 1513 Lagea:
647 1475 810 1513 majestatia
823 1480 965 1513 accusatur
979 1475 1201 1513 a‘Zamplaconc.
1232 1475 1293 1504 Non
1322 1476 1494 1504 convincitur.
1516 1475 1601 1513 Vade;
1616 1476 1680 1503 dare
1697 1484 1755 1513 non

165 1510 268 1547 potest:
281 1510 372 1546 Fugit.
388 1510 496 1538 Litteris
511 1519 542 1538 ea:
557 1510 654 1537 Euboea
669 1510 857 1547 datisﬁveniam
880 1512 943 1546 petit
955 1516 980 1537 et
996 1510 1094 1544 locum,
1110 1512 1204 1547 inAquo
1219 1520 1278 1538 cum
1301 1513 1356 1539 suis
1369 1513 1506 1540 consistat.
1534 1511 1605 1538 Aula
1618 1512 1642 1540 ei
1666 1512 1755 1538 minus

166 1545 234 1574 tuta.
251 1545 447 1582 Jusjurandum
470 1547 502 1573 ab
518 1554 547 1573 eo
570 1547 700 1573 oblatum.
729 1546 790 1573 Non
812 1545 956 1580 impetrata
981 1548 1058 1574 uenia
1079 1547 1114 1573 ad
1129 1545 1238 1574 cratem
1264 1548 1371 1574 transit.
1401 1547 1434 1574 Ei
1460 1547 1623 1582 gratissimus
1639 1547 1755 1574 advenit.

165 1582 267 1617 Magna
284 1581 436 1616 pollicetur.

165 1640 186 1667 l.
212 1639 378 1675 Syrgiannes
407 1643 499 1666 autem
513 1657 522 1671 ,
546 1638 622 1673 prius
646 1637 727 1666 etiam
750 1639 786 1666 ob
807 1638 914 1667 adactos

1004 1640 1043 1667 ΔΖ
1063 1639 1092 1666 '0
1108 1639 1136 1666 δέ
1153 1648 1185 1674 γε
1214 1639 1384 1675 Συργιάννης
1413 1638 1480 1673 (65),
1512 1638 1631 1670 ὕποπτος
1653 1638 1691 1665 ὢν
1708 1639 1756 1666 καὶ

130 1690 302 1714 sacramento
315 1684 575 1712 Thessalonicenses
588 1683 672 1719 489
687 1684 855 1718 primoribus
869 1693 919 1718 su-,

130 1736 241 1767 spectus
255 1750 262 1763 ,
285 1735 312 1758 et
334 1732 398 1765 quia
423 1737 437 1756 a
464 1733 551 1756 matre
580 1729 754 1764 imperatoris
774 1729 918 1764 adoptatus

130 1779 230 1809 fuerat,
252 1783 313 1804 cum
337 1777 487 1810 imperator
501 1775 558 1808 illo,
573 1783 655 1810 quem
677 1776 806 1807 diximus,
823 1775 919 1810 despe-

130 1829 190 1851 rato
204 1824 302 1858 capitis
324 1823 420 1849 morbo
437 1821 619 1857 Didymotichi
645 1822 792 1853 laboraret,
808 1821 918 1849 demum

130 1877 145 1895 ιι
163 1868 344 1903 Zamplacone
361 1869 430 1895 laesa!
459 1867 610 1903 majestatis
632 1875 696 1894 reus
715 1872 793 1894 actus
809 1867 851 1895 sui
868 1867 917 1895 de-

130 1913 259 1941 fendendi
285 1921 367 1941 causa
389 1913 548 1948 Byzantium
563 1912 596 1939 ad
613 1911 806 1946 imperatorem
828 1919 920 1939 arces-

131 1951 200 1988 situs
219 1960 304 1993 venit,
321 1964 349 1987 et
363 1958 447 1986 semel
470 1963 552 1993 atque
574 1959 673 1985 iterum
689 1963 715 1985 et
732 1957 812 1985 tertio
837 1965 919 1985 causa

132 2006 203 2041 apud
226 2014 322 2033 omnes
342 2005 450 2040 iudices
473 2004 546 2032 dicta
568 2004 648 2038 plane
669 2011 732 2031 reus
754 2004 847 2039 peragi
864 2012 919 2032 non

131 2053 229 2088 potuit,
252 2050 320 2079 adeo
343 2056 372 2079 ut
384 2051 440 2086 jam
456 2058 471 2078 a
485 2050 622 2086 plerisque
640 2050 779 2086 judicibus
796 2050 920 2078 absolve-

132 2103 218 2124 retur.
240 2097 299 2124 Lite
312 2101 403 2123 autem
421 2096 512 2123 adhuc
523 2095 660 2130 pendente
675 2096 758 2122 vades
771 2095 919 2130 imperator

133 2144 167 2171 ab
182 2151 215 2171 eo
230 2143 319 2179 petiit,
333 2150 366 2169 ne
379 2143 447 2170 clam
466 2142 635 2176 profugeret,
653 2141 811 2176 priusquam
825 2149 920 2169 omnes

129 2188 237 2225 judices
253 2188 416 2216 sententiam
435 2188 469 2215 de
493 2195 528 2215 eo
553 2188 675 2215 ultimam
694 2188 830 2215 tulissent.
854 2187 920 2220 Quae

133 2242 177 2262 res
194 2234 255 2269 ejus
279 2234 400 2261 animum
416 2233 494 2261 valde
507 2234 628 2261 turbavit
645 2238 673 2261 et
687 2234 714 2260 in
728 2234 846 2261 carceris
860 2241 919 2261 tue-

134 2288 192 2308 tum
208 2280 335 2314 coniecit,
356 2280 517 2315 gravissima
541 2279 586 2306 illa
601 2283 629 2307 et
647 2279 840 2313 intolerabilia,
858 2287 920 2314 qua:

971 1686 1104 1721 πρότερον
1116 1687 1172 1717 τοῖς
1189 1686 1304 1721 ἄρχουσι
1317 1686 1360 1712 διὰ
1369 1685 1431 1716 τοὺς
1447 1685 1556 1720 ὅρκους,
1570 1684 1617 1716 οὓς
1631 1684 1755 1720 ἀπῄτησσ

971 1731 1046 1766 παρὰ
1057 1731 1110 1758 τῶν
1121 1731 1352 1763 θεσσα).ονικέων,
1378 1730 1546 1765 εἰσποιηθεὶς
1560 1731 1595 1765 τῇ
1611 1730 1695 1765 μητρὶ
1709 1729 1755 1756 τοῦ

971 1777 1102 1812 βασιλέως
1124 1778 1265 1813 δεσποίνῃ,
1280 1777 1362 1803 ὁπότε
1378 1777 1427 1808 τὰς
1443 1776 1490 1803 τοῦ
1508 1775 1641 1811 βασιλέως
1657 1774 1757 1802 ἐπεσό-

971 1831 1051 1849 σκετο
1064 1823 1167 1858 φρένας
1184 1823 1201 1858 ἡ
1221 1822 1432 1858 ἁπηγορευμένη
1450 1822 1527 1853 νόσος
1541 1820 1631 1856 ἐκείνη
1645 1821 1709 1856 περὶ
1725 1820 1756 1847 τὸ

970 1869 1172 1904 Διδυμότειχον,
1187 1869 1234 1896 νῦν
1251 1869 1300 1903 ἤδη
1315 1869 1362 1895 καὶ
1379 1869 1447 1903 πρὸς
1462 1869 1497 1895 τὰ
1511 1869 1588 1902 παρὰ
1596 1867 1644 1894 τοῦ
1660 1867 1756 1902 Τζαμ-

970 1915 1111 1946 πλάκωνος
1121 1914 1176 1950 (66)
1186 1923 1267 1949 προτε
1274 1914 1385 1949 ινόμενα
1398 1913 1588 1945 καθοσιώσεως
1596 1913 1756 1949 ἐγκλήματα

970 1960 1010 1991 εἰς
1025 1959 1170 1991 Βυζάντιον
1183 1960 1421 1994 ἀπολογησόμενος
1434 1960 1497 1994 ἥκει
1511 1961 1707 1994 μετάπεμπτος
1716 1959 1756 1994 τῷ

971 2005 1094 2041 βασιλεῖ·
1113 2005 1159 2032 καὶ
1174 2005 1279 2040 κριθεὶς
1295 2005 1347 2032 ὑπὸ
1364 2005 1433 2031 πᾶσι
1447 2006 1557 2040 κριταῖς
1580 2004 1620 2036 δὶς
1636 2004 1683 2030 καὶ
1696 2006 1757 2039 τρὶς

970 2053 1000 2079 οὺ
1014 2051 1142 2092 καθαρῶς
1159 2051 1260 2079 ἁλῶναι
1277 2053 1334 2084 τοῖς
1348 2052 1470 2087 ἐλέγχοις
1487 2051 1614 2087 ἠδύνατο,
1631 2050 1696 2077 ὥστ’
1707 2051 1757 2085 ἤδη

971 2099 1017 2124 καὶ
1036 2091 1104 2133 πρὸς
1118 2091 1171 2124 τῶν
1187 2097 1318 2124 πλειόνων
1341 2097 1464 2133 ὴθωυῦτο
1489 2098 1604 2132 κριτῶν.
1621 2096 1665 2132 [Ρ.
1691 2095 1755 2132 ὅθί]

971 2144 1116 2179 Μετεώρου
1129 2144 1152 2171 δ’
1166 2145 1205 2170 ἐτι
1220 2144 1270 2179 τῆς
1286 2145 1363 2178 δίκης
1379 2143 1462 2179 οὔσης
1480 2144 1582 2180 ᾔτησεν
1592 2145 1606 2170 ὁ
1630 2143 1756 2178 βασιλευς

971 2191 1107 2226 ἐγγυητὰς
1126 2191 1195 2226 ὑπὲρ
1212 2191 1259 2217 τοῦ
1280 2191 1318 2226 μὴ
1333 2192 1429 2225 φυγεῖν
1454 2190 1537 2217 αὑτὸν
1549 2190 1675 2222 λαθόντα,
1692 2190 1756 2225 πρὶν

972 2237 1005 2263 ἂν
1022 2236 1111 2263 τελεία
1133 2237 1244 2271 γένηται
1271 2238 1287 2272 ἡ
1307 2239 1372 2273 περὶ
1392 2236 1475 2264 αὑτοῦ
1491 2238 1547 2269 τοῖς
1565 2237 1636 2268 ὅλοις
1651 2237 1757 2271 κριταῖς

972 2283 1134 2316 ἀπόφανσις.
1171 2284 1203 2309 Ὃ
1216 2282 1249 2318 δὴ
1267 2283 1350 2309 πολὺν
1375 2283 1518 2317 ὲνὲσπειρε
1546 2283 1591 2309 τὸν
1609 2282 1690 2316 φόόον
1711 2283 1758 2308 καὶ

132 2327 210 2362 prius
233 2333 381 2360 perpessus
403 2330 471 2358 erat,
492 2325 603 2355 vincula
624 2326 827 2359 recordantem,
851 2333 914 2360 quo-

971 2328 1020 2361 τὴν
1037 2327 1084 2361 τῆς
1101 2327 1344 2362 εἱρκτῆς’ὑποψίαν
1360 2329 1389 2359 ἐς
1409 2329 1458 2362 τὴν
1473 2327 1570 2354 τούτου
1586 2327 1675 2362 ψυχήν
1687 2336 1695 2343 ·
1711 2327 1758 2353 καὶ

132 2380 194 2400 rum
217 2372 331 2407 vestigia
355 2375 476 2399 recentia
498 2372 588 2399 adhuc
602 2376 630 2399 et
645 2379 772 2407 expressa
787 2372 814 2399 in
829 2372 920 2400 animo

132 2418 355 2446 circumferebat.
379 2418 447 2445 Cum
465 2422 557 2445 autem
574 2418 655 2445 vades
668 2418 758 2445 minus
780 2422 922 2453 promptos

133 2465 185 2492 sibi
207 2464 293 2492 atl'ore
314 2464 438 2496 videret,
465 2464 557 2499 plures
577 2472 609 2492 ac
623 2465 843 2492 vehementiores
858 2472 920 2492 eum

133 2507 254 2538 terrores
275 2515 423 2538 concutere
447 2515 601 2544 cmperunt.
623 2510 695 2543 Quas
710 2510 745 2536 ob
766 2517 810 2536 res
831 2509 921 2544 fugam

133 2562 245 2585 coactus
261 2558 392 2592 arripere,
410 2565 472 2584 cum
487 2558 578 2584 statim
602 2557 718 2583 sollicite
740 2561 919 2590 quaereretur,

133 2611 268 2638 nusquam
283 2608 326 2631 est
343 2604 480 2630 inventus.

971 2374 998 2404 ὲς
1011 2373 1166 2408 ἀνάμνησιν
1189 2373 1288 2408 ἤρχετο
1316 2371 1396 2406 αὖθις
1408 2374 1462 2400 τῶν
1491 2375 1632 2409 προτέρων
1647 2373 1757 2400 ἐκείνων

971 2420 1018 2446 καὶ
1044 2419 1269 2454 ἁπαρσμυθήτων
1293 2420 1412 2455 δεσμῶν,
1442 2417 1480 2447 ὧν
1495 2420 1530 2446 τὰ
1546 2421 1608 2455 ῐχνη
1630 2419 1695 2454 περὶ
1708 2419 1756 2453 τὴν

971 2465 1085 2499 καρδίαν
1109 2464 1149 2491 ἑτι
1178 2465 1291 2500 κείμενα
1317 2463 1388 2500 ἦσαν
1411 2465 1546 2500 ἐναργῶς.
1575 2466 1650 2492 Ἐπεὶ
1666 2465 1695 2491 δὲ
1712 2466 1758 2491 καὶ

970 2511 1168 2547 ὁκνηροτὲρους
1185 2511 1284 2538 tam:
1301 2512 1363 2542 τοὺς
1384 2513 1617 2548 ὲγγυησομενους,
1632 2512 1758 2546 συχνυτέ-
1780 2509 1782 2513 ⁷

974 2565 1030 2590 ροις
1049 2558 1096 2584 καὶ
1119 2558 1292 2592 δριμυτέροις
1321 2557 1508 2593 ἐπολιορκεῖτο
1525 2558 1626 2593 μᾶλλον
1641 2559 1697 2588 τοῖς
1713 2559 1758 2591 φό-

974 2604 1042 2635 σοις.
1058 2604 1104 2630 Διὸ
1121 2604 1168 2630 καὶ
1183 2603 1368 2638 ἀναγκασθεὶς
1395 2603 1481 2640 ᾤχετο
1498 2604 1586 2639 λάθρα
1602 2602 1697 2639 φυγὼν
1712 2603 1757 2630 καὶ

974 2650 1089 2676 πλεῖστα
1107 2650 1273 2684 ζητούμενος
1288 2650 1369 2682 εὐθὺς
1381 2651 1430 2686 οὺχ
1444 2650 1554 2687 εὑρέθη.

756 2721 759 2723 ›
781 2725 785 2728 .
809 2703 974 2734 \‘aiiorum
996 2710 1087 2736 nota).

169 2767 228 2804 (65)
239 2767 457 2804 Cantacuzenus,
476 2767 525 2795 lib.
542 2776 571 2800 ιι,
589 2775 650 2802 cap.
666 2767 711 2794 ‘25.
729 2767 845 2804 υιέοικιιἶ
872 2766 875 2768 ’

170 2802 227 2838 (86)
242 2803 293 2836 Qui
309 2803 400 2839 magni
425 2804 514 2838 Papia:
532 2803 665 2838 dignitate
682 2804 800 2830 donatus
818 2803 918 2831 dicitur
937 2802 1109 2830 Cantacnlcn
1137 2803 1184 2830 lib.
1204 2810 1233 2835 ιι,
1251 2810 1312 2838 cap.
1327 2802 1372 2833 27.
1392 2805 1510 2831 oucno.
