1920 3075
150 162 166 194 7
186 165 202 194 3
277 161 315 197 ίΑ.
339 170 366 189 ιι.
389 161 457 188 6856
478 169 508 188 ,ιο
530 161 610 197 68ί9]

749 163 958 194 NiCEl‘llUIlI
979 163 1170 194 GllEGOll.’E

1325 162 1392 198 [una
1415 168 1556 189 AXDItONlC.
1571 166 1641 197 tum]
1724 163 1794 194 70.4

149 223 213 249 dum
227 222 382 253 scientiam,
397 229 428 249 ac
442 222 596 249 temerariis
620 227 647 249 ct
674 222 843 249 iunuodestis
860 222 934 248 voci-

988 222 1040 248 τῶν
1060 223 1107 248 τοῦ
1133 222 1220 257 δήμου
1245 222 1325 258 ζῆλον
1351 222 1402 256 μὲν
1428 222 1627 256 λαμϐάνοντας,
1658 221 1688 248 οὐ
1714 223 1794 248 κατ’

149 269 318 295 buscmissis
333 268 421 303 ipsum
438 269 519 295 etiam
537 268 721 303 patriarcham
739 268 771 295 ad
786 268 932 302 disputati-

149 315 213 342 dum
229 323 336 349 urgere.
365 315 390 341 is
403 322 469 340 vero
482 319 606 341 cum'ncc
622 315 741 348 linguam
757 313 865 341 dicendi
883 321 933 340 usu

147 361 325 388 oxcrcilatnm
345 361 497 388 haberetet
523 368 589 387 suos
603 362 762 399 κονίει-θυοδ
787 361 932 387 maximam

148 411 253 440 partem
267 405 468 433 indoctissimos
479 413 539 432 esse
552 410 687 435 cerneret.
704 405 934 440 lergiversabalur

148 453 272 487 quidem,
296 452 343 479 sed
362 452 502 486 quomodo
521 452 614 487 populi
647 453 794 479 tumultum
815 445 935 489 .scda'ret

148 499 301 525 nesciebat.
316 497 408 530 Quare
422 503 450 525 et
465 506 514 525 nos
535 497 568 524 ad
582 498 607 524 id
621 503 764 525 certamen
778 497 935 532 suscipien-

149 544 214 569 dum
230 543 416 569 cohortandos
429 543 553 577 putabat,
567 544 613 578 qui
630 543 751 578 linguam
765 544 857 578 aliquo
873 551 931 571 ora-

149 589 233 616 tionis
253 593 384 623 apparatu
410 589 570 616 instructam
603 589 780 622 haberemus,
806 591 936 624 quamvis

115 632 118 635 “
150 635 179 661 iu
194 642 302 662 sacrum
331 635 484 668 catalogum
502 643 556 662 non
578 635 705 669 inscripti
731 643 864 662 essemus.
882 635 936 670 Ego

149 688 218 708 vero
241 681 360 715 primum
382 681 560 708 vehementer
575 681 707 715 urgebam
732 689 764 708 ac
778 681 935 712 monebam,

151 728 230 762 502
246 733 276 754 ut
288 731 390 754 taceret
405 731 433 753 et
450 735 513 754 eum
530 726 655 754 habitum
676 734 731 761 prus
750 734 779 753 se
797 726 893 758 ferret,
908 726 935 753 in

150 772 462 807 quo‘iuessetmajestas
477 772 602 806 qmedam
630 777 658 799 et
683 772 825 806 prudentis
852 771 937 798 animi

149 820 256 852 species
274 822 431 852 appareret,
453 818 615 845 Latinorum
629 818 758 845 videlicet
775 818 938 852 postulatio-

149 869 212 888 nem
231 861 455 893 contemnentis;
469 869 558 896 neque
576 862 650 888 cnim
673 861 859 896 disputatione
876 869 938 889 esse

985 270 1133 304 ἐπίγνωσιν
1152 271 1190 302 δὲ,
1207 272 1256 298 καὶ
1281 271 1426 306 πρόχειρόν
1444 279 1504 297 τινα
1531 270 1578 297 καὶ
1608 270 1790 304 ἀταμίευτον

985 316 1176 350 προτείνοντας
1191 308 1316 347 γλῶσσαν
1331 317 1378 342 xui.
1396 316 1463 350 πρός
1478 323 1509 348 γε
1527 314 1566 340 ἔτι
1581 313 1783 344 συνωοοῦντας

985 361 1032 386 καὶ
1046 361 1126 387 αὐτόν
1138 369 1169 394 γε
1185 361 1230 387 τδν
1246 361 1418 396 πατριάρχην
1431 361 1458 391 ἐς
1472 359 1615 391 διαλέξεις.
1633 359 1663 385 '0
1677 359 1698 384 δ’
1710 358 1784 384 οὒτε

985 407 1036 440 τὴν
1055 406 1182 440 γλῶσσαν
1203 407 1273 441 ἔχων
1289 406 1464 441 ἠκονημένην
1482 407 1514 432 ἐκ
1538 406 1588 439 τῆς
1608 405 1661 431 τῶν
1681 405 1779 438 λόγων

985 451 1140 486 ἀσκήσεως,
1162 452 1208 477 καὶ
1226 451 1283 485 ἀμα
1299 451 1363 482 τοὺς
1387 450 1529 481 πλείστους
1543 450 1598 476 τῶν
1614 450 1677 484 περὶ
1693 450 1784 475 αὐτὸν

985 496 1255 531 ὲπισκόπωνξάμαοίᾳ
1271 495 1406 527 συζῶντας
1431 495 1544 532 πλείστῃ
1566 495 1704 522 κατανοῶν
1720 495 1781 521 ὖπ--

986 542 1126 568 εστέλλετο
1151 542 1210 577 μὲν,
1241 542 1291 568 οὐκ
1315 539 1371 576 εἶχε
1395 542 1418 568 δ’
1443 542 1517 572 ὅπως
1542 541 1708 576 ἀναχαιτίεῃ
1725 540 1781 566 τοῦ

986 587 1073 622 δήμου
1088 588 1133 614 τὸν
1151 587 1277 622 θόρυϐον.
1299 588 1343 614 At’:
1362 587 1532 621 παρακαλεῖν
1552 587 1655 620 ἔγνωκε
1675 586 1730 612 δεῖν
1748 587 1782 617 ὲς

986 634 1035 669 τὴν
1050 633 1180 669 τοιαύτην
1193 633 1346 668 παράταξιν
1362 635 1409 660 καὶ
1425 634 1511 668 ἡμᾶς,
1522 633 1585 664 τοὺς
1597 633 1781 668 ὡπλισμένην

989 679 1164 715 μὲννὲχοντας
1177 680 1300 717 γλῶτταν
1312 680 1345 706 ὲκ
1360 679 1411 713 τῆς
1426 678 1472 705 τοῦ
1488 678 1568 712 λόγου
1584 678 1780 713 παρασκευῆς,

988 726 1041 759 ἔξω
1061 727 1089 752 δὲ
1110 726 1157 752 τοῦ
1175 726 1249 760 ἱεροῦ
1266 725 1419 759 καταλόγου
1441 725 1637 760 τυγχάνοντας.
1660 724 1731 757 Ἐγὼ
1747 725 1779 751 δὲ

987 772 1021 798 τὰ
1043 771 1093 806 μὲν
1121 771 1216 806 πρῶτα
1239 771 1323 802 πολὺς
1343 768 1378 805 ἦν
1395 770 1555 805 ἐγκείμενος
1568 770 1616 796 καὶ
1631 770 1780 804 παραινῶν

990 817 1097 855 qam:qu
1112 818 1159 843 καὶ
1177 818 1295 851 σχήματι
1309 816 1428 859 χρῆσθαι
1443 815 1650 850 μεγαλοπρεπεῖ
1659 823 1712 841 τινι
1727 818 1779 842 καὶ

988 863 1051 890 νοῦν
1065 862 1305 898 ἐπαγγελλομένῳ,
1328 861 1440 896 μηδενὸς
1460 861 1539 893 ἀξίαν
1559 861 1639 895 λόγου
1655 861 1705 896 τὴν
1721 862 1779 889 τῶν

149 915 219 941 opus
233 908 260 934 in
277 907 416 942 pnesenti.
436 907 470 933 At
496 915 558 934 cum
576 915 671 935 rursus
686 908 836 942 cogitarem
853 908 935 935 silen-

990 908 1112 935 Λατίνων
1140 906 1284 942 νομίζοντα
1309 906 1470 941 πρόκλησιν,
1491 905 1588 939 λόγους
1614 906 1664 941 τῆς
1681 907 1780 941 χρείας

148 953 217 978 tium
233 951 289 979 fere
307 952 463 986 suspicione
481 960 534 978 non
551 959 658 984 carere,
675 952 721 979 sed
739 953 765 979 in
780 960 875 979 eorum
888 952 936 986 qui

149 999 218 1026 foris
232 1005 418 1032 versarentur,
433 999 533 1027 animis
546 1000 637 1027 varias
658 1005 686 1028 et
709 1000 876 1035 multiplices
890 1009 938 1028 co-

149 1045 297 1080 gitationes
316 1046 436 1073 excitare
452 1054 485 1074 ac
497 1054 639 1081 spargere,
654 1053 750 1074 eorum
772 1047 937 1081 prmsertim,

149 1092 195 1126 qui
210 1100 260 1119 nec
272 1093 370 1127 linguae
399 1100 450 1119 nec
477 1093 569 1120 animo
601 1093 736 1127 imperare
763 1092 935 1124 didicissent.

149 1138 332 1171 patriai-citam
348 1142 375 1165 et
390 1138 535 1173 episcopos
562 1138 696 1173 quosdam
714 1138 832 1166 selectos
846 1139 937 1173 priva-

149 1182 198 1209 tim
210 1182 325 1210 conveni
340 1187 368 1209 et
379 1190 465 1210 meam
482 1183 646 1210 sententiam
659 1183 693 1210 ad
711 1183 786 1210 hunc
801 1182 858 1210 fcr'e
875 1190 935 1210 mo-

150 1227 216 1253 dum
231 1227 304 1262 apud
317 1235 364 1255 eos
381 1227 497 1263 exposui
515 1237 522 1255 :

184 1361 216 1388 ii.
235 1372 243 1386 ι
259 1360 394 1395 Equidem
410 1360 447 1388 ita
461 1368 521 1388 sum
535 1361 685 1394 animatus,
700 1361 738 1388 ita
752 1361 786 1388 ad
804 1361 856 1388 hoc
873 1368 934 1390 caro

149 1412 240 1435 tamen
257 1406 324 1433 nihil
343 1406 409 1433 milii
427 1406 578 1434 alacritatis
592 1406 688 1434 deesse
702 1407 802 1439 sentio,
830 1411 860 1434 ut
879 1415 933 1435 non

149 1453 231 1479 modo
261 1452 395 1487 linguam,
426 1452 473 1479 sed
508 1452 629 1479 animum
658 1452 752 1484 etiam,
774 1452 893 1480 radicem
907 1459 935 1480 et

149 1498 251 1529 fontem
275 1489 387 1532 eloquii,
407 1497 545 1532 simulque
575 1497 731 1532 largitorem
746 1501 774 1525 et
794 1497 936 1533 dispensa-

148 1549 237 1571 torem
254 1548 346 1569 rerum
360 1543 548 1575 dicendarum,
578 1547 689 1577 paratus
719 1543 770 1570 sim
787 1551 932 1571 exacuere.

148 1589 217 1615 (lum
235 1594 326 1615 autem
357 1588 515 1622 plerosque,
545 1587 704 1622 priusquam
738 1595 782 1615 res
803 1588 932 1622 postulet,

148 1634 278 1661 audacter
293 1637 320 1660 et
332 1632 476 1668 magniﬁce
489 1632 566 1667 loqui
581 1637 609 1660 et
634 1633 661 1660 in
685 1640 717 1660 ea
731 1640 791 1661 esse
805 1634 934 1668 opinione

147 1679 267 1711 videam,
282 1683 311 1705 ut
327 1683 355 1706 et
373 1683 494 1713 tempora
521 1683 549 1706 et
575 1686 620 1706 res
643 1679 716 1714 ipsas
731 1679 864 1706 voluntati
878 1687 935 1707 sua:

148 1725 241 1751 statim
254 1724 345 1752 socias
370 1732 549 1756 concurrere,
574 1724 630 1751 imo
659 1724 768 1752 obviam
789 1732 935 1752 occurrere

148 1771 331 1804 arbitrentur,
346 1770 435 1797 vereri
447 1769 514 1797 mihi
528 1769 613 1802 subit,
628 1778 661 1797 ne
671 1771 717 1797 ubi
734 1777 779 1798 res
789 1775 816 1797 et
828 1775 935 1806 tempus

150 1817 305 1852 postularit,
341 1824 417 1843 artua
435 1816 506 1843 ultro
521 1815 687 1844 adversariis
712 1816 831 1848 tradant,
853 1821 935 1852 atque

149 1863 245 1890 eadem
264 1870 343 1897 pwna
358 1862 492 1889 multandi
509 1862 573 1895 sint,
596 1870 649 1897 qua
667 1862 835 1890 desertores.
867 1862 934 1890 Nam

150 1909 197 1936 ubi
209 1908 323 1935 ambitio
337 1908 482 1943 imperitia:
499 1908 621 1944 alumna,
636 1909 709 1934 omni
721 1907 935 1943 opportunitatis

151 1957 257 1983 ratione
272 1957 406 1991 neglecta,
419 1956 561 1984 modestiae
573 1956 675 1983 limites
686 1956 835 1983 insolenter
847 1962 936 1984 trans-

150 2002 216 2035 s.lit,
230 2001 268 2029 ibi
288 2002 370 2028 etiam
387 2010 449 2028 eum
463 2001 540 2036 sequi
559 2001 665 2028 exitum
679 2022 685 2033 ,
703 2002 750 2036 qui
776 2002 873 2036 primis
894 2004 936 2031 iu-

147 2048 235 2083 ceptis
251 2053 398 2082 repugnet,
413 2052 521 2074 nonest
535 2047 701 2074 mirandum.
730 2048 880 2076 Enimvero
894 2049 935 2077 illi

149 2094 222 2121 haud
234 2094 365 2128 cogitant.
378 2101 432 2121 non
449 2094 570 2129 linguam
585 2094 768 2128 temporibus,
791 2094 838 2122 sed
863 2099 935 2122 tem-

149 2147 216 2174 pora
234 2140 313 2174 503
330 2139 387 2174 ipsa
403 2139 502 2174 linguae
520 2139 658 2167 moderari
672 2144 700 2167 et
716 2139 863 2168 elﬁcaciam
878 2141 935 2168 lar-

148 2186 218 2221 giri;
236 2194 268 2213 ac
289 2186 429 2212 neminem
445 2185 559 2220 quidem
574 2186 641 2213 tuba
655 2185 800 2221 Tyrrhena
812 2187 936 2214 vocalio-

149 2239 207 2259 rem
222 2238 283 2258 esse
296 2239 303 2257 :
321 2235 412 2258 tamen
429 2231 502 2258 illam
514 2238 628 2265 quoque
640 2239 693 2258 una
713 2239 776 2259 cum
789 2233 862 2260 aeris
879 2233 935 2260 ictu

149 2284 312 2305 consumere
328 2281 355 2304 et
368 2276 496 2304 amittere
507 2277 562 2304 vim
579 2285 689 2305 omnem
705 2277 874 2310 oblectandi,
887 2285 938 2306 nec

149 2322 236 2350 ullum
245 2322 286 2349 sui
298 2321 418 2349 fructum
430 2322 590 2358 relinquere
603 2330 672 2350 sono
685 2323 736 2358 ipsi
749 2323 936 2358 superstitem.

149 2369 209 2397 Non
222 2373 313 2395 autem
342 2368 574 2395 committendum
606 2376 668 2396 esse
691 2368 884 2404 prudentibus,
907 2373 939 2397 ut

149 2414 243 2441 subito
259 2418 335 2440 motu
349 2420 382 2440 ac
393 2413 539 2441 temerario
554 2413 660 2441 incitati
677 2415 748 2442 uitro
764 2415 815 2442 sibi
829 2415 938 2449 pericu-

149 2461 206 2488 lum
219 2464 372 2498 arcessant,
384 2459 456 2486 inter
468 2467 564 2487 omnes
576 2465 704 2487 constare
717 2460 833 2493 abitror,
849 2465 876 2488 et
888 2468 938 2488 nos

149 2507 285 2535 orationis
302 2514 451 2542 progressu
469 2507 680 2534 declarabimus.
694 2507 771 2535 Sicut
783 2508 856 2535 enim
870 2507 939 2534 duo-

150 2555 202 2582 bus
215 2555 382 2581 exercitibus
398 2553 431 2580 ad
447 2561 564 2589 pugnam
580 2554 724 2581 instructis
747 2554 862 2581 alterius
874 2562 939 2581 cou-

150 2601 242 2629 silium
260 2600 375 2628 alterius
389 2598 495 2627 viribus
509 2599 549 2627 sic
563 2605 682 2635 praestat,
699 2604 729 2626 ut
746 2607 794 2627 cas
808 2599 859 2626 sibi
873 2600 938 2635 ipsis

149 2648 274 2674 funestas
287 2646 397 2677 efﬁciat,
410 2646 506 2674 ctvice
517 2653 615 2678 versa;
631 2646 668 2672 ita
684 2645 767 2672 etiam
786 2645 831 2672 hic
845 2645 884 2672 fit.
910 2644 937 2672 Si

151 2693 227 2728 prius
245 2701 326 2728 quam
344 2693 430 2727 probe
443 2700 475 2719 ac
496 2691 643 2727 diligenter
663 2691 866 2727 disputationes
883 2699 940 2719 mc-

148 2739 231 2767 ditati
247 2740 392 2772 fuerimus,
403 2738 570 2766 adversariis
581 2746 769 2770 occurramus,
786 2746 848 2765 cum
863 2739 940 2773 igno-

149 2785 238 2812 minia
254 2785 364 2812 tandem
382 2784 569 2813 discedemus.
585 2785 681 2820 Neque
696 2792 760 2812 vero
780 2784 847 2811 mihi
863 2784 937 2819 quis-

150 2838 233 2865 quam
245 2831 328 2864 dicat,
343 2832 446 2860 multos
471 2839 543 2867 saepe
560 2831 705 2866 repentino
722 2831 825 2866 impetu
852 2831 939 2858 elatos

146 2882 178 2906 et
190 2885 249 2911 quae
264 2879 293 2906 in
315 2884 435 2907 mentem
453 2879 592 2907 venissent
604 2878 715 2921 ,cﬂ‘atos
732 2878 873 2906 victoriam
891 2878 939 2906 oh—

989 954 1039 980 οὒκ
1061 954 1220 987 ἀναγκαίως
1235 951 1404 987 ἀπαιτούσης
1425 951 1553 979 ἐνταῦθα.
1576 951 1648 978 Ἀλλ’
1664 953 1778 988 ἐπειδὴ·

989 1007 1044 1032 περ
1063 998 1113 1024 οὐκ
1137 997 1293 1024 ἀνύποπτον
1311 997 1388 1028 αὖθις
1406 996 1498 1033 ἑώρων
1519 997 1557 1029 ὡς
1567 997 1601 1024 τὰ
1618 998 1702 1025 πολλὰ
1718 999 1780 1024 δια-

989 1044 1082 1072 τελοῦν
1097 1044 1128 1071 τὸ
1141 1044 1191 1078 τῆς
1206 1045 1321 1077 σιωπῆς,
1339 1044 1406 1070 ἀλλὰ
1423 1043 1592 1076 πολλαπλοῦς
1622 1045 1670 1072 καὶ
1693 1045 1778 1072 πολυ-

989 1091 1090 1126 σχιδεῖς
1112 1090 1261 1125 βλαστάνον
1281 1090 1328 1116 καὶ
1342 1090 1468 1123 διανέμον
1481 1091 1535 1122 τοῖς
1552 1090 1603 1122 ἔξω
1625 1092 1686 1122 τοὺς
1701 1091 1778 1125 λογι-

989 1138 1083 1172 σμοὺς,
1104 1137 1152 1164 καὶ
1171 1136 1286 1172 μάλιστα
1302 1137 1357 1168 τοῖς
1377 1136 1516 1168 τοιούτοις,
1531 1135 1572 1172 [Ρ.
1589 1137 1652 1172 510]
1663 1137 1687 1163 οἳ
1707 1137 1787 1170 ws-

989 1191 1044 1217 μην
1067 1183 1114 1210 καὶ
1139 1182 1264 1217 γλῶσσαν
1290 1183 1415 1217 ἤσκησαν
1432 1183 1608 1214 ἀταμίευτον,
1628 1183 1778 1210 ἀπολαϐὼν

989 1229 1042 1263 ίόίᾳ
1053 1229 1097 1254 τόν
1108 1236 1136 1254 τε
1153 1227 1324 1263 πατριὰρχην
1335 1228 1381 1254 καί
1397 1236 1472 1260 τινας
1482 1228 1535 1254 τῶν
1550 1227 1700 1263 ἐλλογίμων
1716 1229 1778 1256 ὲπι-

989 1275 1097 1301 σκόπων
1119 1274 1166 1308 τὴν
1179 1273 1298 1308 ἐμαυτοῦ
1320 1273 1434 1309 γνώμην
1459 1273 1775 1310 ὲπεδειξάμην,τοιαῡτά

986 1329 1048 1347 τινα
1062 1319 1203 1353 διεξελθὼν
1215 1320 1259 1346 ἐπ’
1273 1320 1363 1347 αὑτων

1023 1365 1060 1395 Β’.
1089 1376 1097 1393 ι
1120 1367 1197 1402 Ἐμοὶ
1214 1368 1263 1402 μὲν
1282 1366 1468 1401 οὖτωςιέχειν
1496 1367 1563 1401 πρὶς
1593 1367 1641 1404 τὴν
1669 1369 1777 1403 παροῦ-

988 1421 1036 1441 σαν
1059 1412 1176 1448 ἅμιλλαν
1200 1414 1247 1440 καὶ
1273 1412 1346 1438 οὕτω
1375 1412 1530 1447 προθυμίας
1567 1412 1644 1440 οὐδὲν
1669 1413 1775 1448 οὐδαμῆ

993 1467 1024 1493 γε
1055 1459 1190 1486 ἐλλείπειν
1225 1460 1351 1493 ἔπεισιν,
1385 1459 1449 1486 ὥστ’
1481 1459 1511 1485 οὗ
1544 1458 1669 1492 γλῶτταν
1696 1459 1776 1494 μόνον

985 1505 1106 1538 ὁπλίζειν
1126 1505 1284 1541 περίεστιν,
1305 1506 1374 1533 ἀλλὰ
1393 1505 1445 1541 πρό
1461 1514 1493 1540 γε
1519 1505 1622 1540 ταύτης
1639 1505 1686 1531 καὶ
1706 1505 1777 1540 γνώ-

988 1559 1042 1585 μην
1059 1550 1165 1585 αὒτὴν,
1189 1550 1268 1585 ῥίζαν
1297 1550 1398 1586 ταύτην
1428 1549 1512 1576 οὖσαν
1540 1550 1586 1576 καὶ
1615 1549 1706 1586 πηγὴν
1725 1550 1775 1584 τῆς

985 1596 1108 1632 γλώττης
1148 1599 1195 1623 καὶ
1231 1596 1289 1631 ἅμα
1325 1596 1442 1632 χορηγὸν
1471 1597 1518 1622 καὶ
1546 1597 1680 1632 πρύτανιν
1720 1597 1775 1623 τῶν

984 1643 1147 1678 λεγομένων.
1168 1642 1284 1678 Ὀρῶντι
1307 1643 1335 1670 δὲ
1352 1644 1415 1674 τοὺς
1442 1643 1557 1674 πολλοὺς
1578 1643 1632 1678 πρὸ
1648 1643 1696 1669 τοῦ
1717 1652 1776 1669 και-

987 1689 1034 1724 ροῦ
1061 1689 1107 1716 καὶ
1135 1690 1184 1724 τῆς
1214 1690 1311 1725 χρείας
1345 1689 1466 1725 μεγάλην
1492 1690 1554 1717 τινα
1586 1690 1632 1716 καὶ
1660 1689 1774 1724 Θρασεῖα
1808 1719 1811 1722 _

985 1736 1164 1771 προϊεμένους
1195 1736 1245 1770 τὴν
1275 1735 1401 1770 γλῶτταν
1417 1756 1424 1768 ,
1445 1735 1494 1762 καὶ
1516 1735 1555 1770 τῷ
1587 1735 1663 1770 σςρῶν
1684 1736 1774 1762 αὐτῶν

986 1781 1142 1818 βουλομένῳ
1173 1781 1232 1816 ἅμα
1255 1782 1303 1808 καὶ
1324 1782 1389 1814 τοὺς
1418 1782 1531 1817 καιροὺς
1555 1782 1635 1814 εὐθὺς
1664 1783 1712 1808 καὶ
1741 1782 1774 1808 τὰ

986 1828 1138 1864 πράγματα
1169 1828 1308 1864 σύνδρομά
1341 1837 1382 1855 τελ
1400 1829 1447 1855 καὶ
1475 1828 1619 1864 πρόδρομα
1652 1828 1773 1863 γίνεσθαι

985 1874 1145 1908 οἰομένους,
1168 1874 1283 1901 δεδιέναι
1314 1883 1359 1909 μοι
1387 1874 1501 1908 ἔπεισι,
1531 1875 1569 1910 μὴ
1603 1875 1652 1908 τῆς
1680 1875 1774 1910 χρείας

985 1919 1033 1946 καὶ
1056 1919 1103 1946 τοῦ
1130 1920 1227 1954 καιροῦ
1267 1921 1457 1955 παραστάντος
1490 1921 1663 1954 λειποταξίου
1698 1923 1773 1956 δίκην

985 1963 1139 1998 ὀφλήσωσι,
1166 1963 1220 1990 τῶν
1246 1963 1336 1990 ὃπλων
1353 1964 1463 1995 ἑκόντες
1495 1966 1551 1996 τοῖς
1573 1965 1706 1997 ἐναντίοις
1721 1974 1773 1992 πα-

986 2010 1209 2046 ραχωρήσαντες.
1235 2009 1320 2036 Ἔνθα
1349 2010 1403 2046 γὰρ
1428 2011 1569 2045 φιλοτιμία
1596 2012 1727 2047 τρόφιμος
1744 2013 1774 2038 ὰ-

986 2055 1098 2090 πειρίας
1123 2055 1188 2090 ὅλην
1208 2055 1377 2092 ὲνδυσαμένη
1392 2056 1442 2092 τὴν
1455 2056 1558 2091 ἀωρίαν
1575 2057 1629 2084 τῶν
1645 2058 1716 2092 ὅρων
1729 2067 1773 2084 κα-

985 2101 1129 2136 ταχορεύει
1141 2102 1190 2136 τῆς
1210 2101 1348 2134 εὐταξίας,
1366 2103 1424 2128 ἐκεῖ
1438 2102 1485 2129 καὶ
1508 2103 1593 2138 πέρας
1609 2104 1766 2130 ἀκολουθεῖν

986 2148 1043 2178 τοῖς
1062 2147 1218 2182 προοιμίοις
1242 2147 1370 2179 ἐπιεικῶς
1385 2148 1674 2183 ἀντιστρατευόμενον,
1696 2149 1770 2175 οὐδὲν

988 2192 1115 2224 ἀπεικός.
1138 2192 1207 2219 Οὐδὲ
1222 2192 1287 2227 γὰρ,
1313 2192 1351 2222 ὡς
1378 2193 1477 2226 ἔοικεν,
1493 2194 1591 2220 εἰδέναι
1609 2194 1697 2220 ἔπεισι
1721 2196 1772 2226 τοῖς

953 2247 974 2275 ι)
989 2239 1131 2271 τοιούτοις,
1147 2239 1184 2273 μὴ
1208 2239 1257 2274 τὴν
1273 2239 1398 2273 γλῶτταν
1414 2239 1545 2266 δύνασθαι
1567 2240 1700 2276 καθιστᾷν
1714 2242 1772 2272 τοὺς

991 2285 1286 2320 καιροὺς-ἀνυσίμως,
1305 2284 1366 2315 τοὺς
1381 2285 1409 2310 δὲ
1430 2286 1544 2320 καιροὺς
1560 2287 1609 2321 τὴν
1632 2286 1770 2320 γλῶττα-ι’

988 2332 1043 2359 οὐδ’
1057 2333 1097 2359 ὅτι
1121 2332 1294 2367 Τυρσηνικῆς
1318 2333 1469 2367 σᾶιλπιγγος
1484 2333 1573 2365 οὐδεὶς
1593 2332 1699 2368 ἀνδρῶν
1729 2341 1773 2368 με-

989 2377 1207 2413 γαλοφωνότερος
1222 2377 1288 2412 ὁμοῦ
1309 2378 1331 2404 δ’
1353 2378 1426 2411 ὅμως
1442 2378 1481 2412 τῷ
1504 2378 1636 2413 πληγέντι
1649 2378 1711 2412 ἀέρι
1728 2379 1773 2404 καὶ

989 2423 1059 2455 αὕτη
1089 2423 1197 2459 δαπανᾷ
1217 2424 1264 2450 καὶ
1293 2423 1352 2450 λύει
1372 2424 1402 2450 τὺ
1432 2425 1532 2458 κράτος
1560 2425 1609 2459 τῆς
1642 2425 1770 2460 τέρψεως,
1797 2459 1800 2460 ν

988 2471 1083 2497 οὐδένα
1099 2472 1204 2505 καρπδν
1216 2472 1272 2502 τοῖς
1287 2470 1383 2497 ἔπειτα
1407 2471 1612 2498 καταλείπουσα
1629 2470 1679 2504 τῆς
1693 2471 1771 2505 ἠχοῦς

991 2515 1254 2550 μηνιμώτερον.”οτι
1268 2515 1290 2541 δ’
1303 2515 1333 2541 οὐ
1347 2514 1436 2550 χρεὼν
1449 2514 1517 2549 ὁμοῦ
1532 2515 1580 2541 καὶ
1596 2515 1659 2546 τοὺς
1675 2515 1731 2541 ὅσοι
1743 2524 1770 2548 γε

990 2558 1099 2593 βαθεῖαν
1115 2558 1220 2586 αὔλακα
1234 2559 1277 2586 διὰ
1297 2559 1395 2595 φρενὸς
1411 2559 1590 2594 καρποῦνται,
1607 2559 1771 2594 παραλόγοις

990 2603 1140 2637 ἑπομένους
1160 2603 1260 2638 ὁρμαῖς
1284 2603 1312 2634 ἐς
1331 2602 1511 2636 αὐθαιρέτους
1535 2603 1604 2629 ἰέναι
1625 2603 1771 2636 κινδύνους,

989 2649 1067 2683 δῆλον
1089 2646 1166 2684 οἶμαι
1188 2650 1243 2680 τοῖς
1259 2648 1361 2675 ἅπασιν
1389 2646 1459 2676 εἶναι
1472 2657 1479 2665 ⁸
1498 2649 1655 2684 δηλώσομεν
1676 2649 1704 2676 δὲ
1729 2650 1771 2677 καὶ

989 2693 1066 2720 αὐτοὶ
1094 2693 1246 2729 προϊόντες.
1271 2694 1377 2729 Ὥσπερ
1408 2695 1461 2729 γὰρ
1492 2694 1565 2722 δυοῖν
1586 2695 1771 2728 στρατοπέδων

989 2741 1018 2771 ἐς
1047 2741 1136 2775 μάχην
1162 2739 1367 2774 ἀποκριθέντων
1386 2740 1401 2774 ἡ
1419 2740 1465 2767 τοῦ
1484 2741 1543 2772 ἐνὸς
1570 2741 1696 2768 εὺῦουλία
1712 2741 1771 2775 φθο-

991 2785 1100 2820 ροποιόν
1133 2793 1193 2811 τινα
1218 2784 1331 2820 θατέρῳ
1356 2785 1470 2820 χορηγεῖ
1498 2784 1548 2820 τὴν
1577 2785 1693 2820 δύναμιν
1714 2786 1770 2820 βου-

989 2830 1127 2864 ἲευομὲνῳ
1148 2830 1239 2860 κακῶς
1257 2829 1305 2856 καὶ
1329 2829 1486 2856 τούναντίον
1509 2829 1596 2861 αὖθις,
1620 2829 1691 2856 οὕτω
1710 2831 1769 2856 κᾶν·

990 2876 1090 2904 ταῦολ·
1113 2877 1137 2903 εἰ
1153 2876 1218 2912 πρὶν
1235 2876 1324 2908 καλῶς
1343 2875 1411 2912 ὁμσῦ
1437 2876 1483 2903 καὶ
1504 2877 1620 2908 συνετῶς
1644 2876 1769 2910 ἐσκέφθαι
