1920 3075
84 138 136 168 70.)
272 142 296 162 C.
317 134 386 162 1318
406 143 439 162 AD
461 135 538 171 ll’iil]

614 139 834 170 BYZANTlNiE
854 138 1044 168 iiiS‘I'tlill/E
1066 134 1134 169 LIB.
1159 140 1194 170 Χ.

1654 134 1706 167 706

1251 137 1316 173 [μιν.
1339 143 1476 164 Αξωιιοιω.
1489 135 1559 171 ιον]

83 193 150 229 πρὸς
165 194 299 226 διαλέξεις
315 195 362 220 καὶ
372 195 453 228 ἡμεῖς
467 195 652 230 ἀπαντῴημεν
663 197 718 222 τῶν
730 195 871 228 ἐναντίων,

925 195 1054 223 timuisse.
1075 195 1196 222 Primum
1209 196 1282 222 enim
1295 202 1327 222 ea
1341 202 1396 226 res,
1419 201 1478 228 quae
1494 201 1581 228 neque
1597 194 1707 220 modum

82 240 180 273 ἕψεται
198 240 265 274 προς
281 239 412 275 αἰσχύνην
426 240 510 275 δρῶσι
535 241 654 275 χρῆσθαι
675 243 732 273 τοῖς
747 243 801 268 τῶν
821 251 871 269 κα-

84 285 142 317 κῶς
167 286 338 319 δεδογμένων
359 287 470 320 πέρασι.
488 288 541 314 Καὶ
566 287 603 322 μή
626 296 669 322 μοι
688 287 790 322 λεγέτω
816 297 870 321 τις,

82 331 121 363 ὡς
137 331 233 357 πολλοὶ
253 332 382 362 πολλάκις
408 333 507 366 ὁρμαῖς
535 333 677 368 ὀξυτέραις
701 333 747 359 τοῦ
767 334 872 365 δέοντος

82 378 130 412 τὴν
157 378 315 413 ἠγεμονίαν
328 377 379 413 τῆς
407 378 530 414 γλώττης
557 379 775 414 ἐγκεχειρικότες
794 380 871 413 νίκης

82 425 131 451 καὶ
157 424 298 460 τροπαίων
312 425 480 458 κληρονόμοι
507 425 680 460 γεγένηνται.
698 425 807 459 Πρῶτον
823 425 872 460 μὲν

82 470 136 504 γὰρ
147 464 178 496 οὗ
195 472 294 496 κανόνα
307 470 352 496 καὶ
365 470 489 506 στάθμην
503 471 632 505 εὐνομίας
646 471 772 506 ἡγεῖσθαι
785 471 872 505 χρεὼν

82 514 259 548 ἀστάθμητον
277 515 394 548 πρᾶγμα
403 521 410 529 ⁸
424 514 519 540 ἔπειτα
533 514 593 541 οὐδὲ
607 515 656 549 τὴν
668 516 872 549 ἀπερίσκεπτον

83 560 162 594 ῐσμεν
192 560 280 595 ὁρμὴν
308 559 414 586 οἴκοθεν
435 560 571 595 φέρουσαν
588 569 654 588 ποτε
668 561 703 587 τὰ
726 562 774 595 τῆς
794 561 874 595 νίκης

81 604 177 638 ἐφόδια
188 612 196 619 ο
216 605 284 631 ἀλλὰ
300 604 349 639 τῆς
361 605 414 631 τῶν
436 606 733 640 ἀντιπαραταξαμένων
750 605 872 640 μείζονος

83 650 265 681 κακοϐουλίας
280 650 345 685 ὕλην
360 651 515 685 παράδοξον
533 652 726 687 χορηγησάσης
740 651 873 683 πολλάκις

82 697 111 728 ἐς
141 696 173 723 τὸ
203 696 353 731 κοτοροοῦν
372 699 405 730 τῇ
427 698 635 732 ἀντιστρατήγῳ
655 698 818 732 θρασύτητι,
843 698 872 728 ἐς

82 743 131 778 τὴν
152 743 200 769 τοῦ
215 742 351 776 βελτίονος
370 744 467 778 μοῖραν
482 743 666 778 ἁπενηνέχθαι
679 743 753 776 ἔδοξε
772 744 818 769 καὶ
837 743 872 770 τὰ

83 789 174 822 φαῦλα
187 797 195 804 ·
215 788 307 823 ὥσπερ
331 788 363 815 αὖ
379 790 510 821 πολλάκις
526 790 555 816 τδ
568 790 621 816 τῶν
640 790 797 816 ἀντιπάλων
811 798 874 816 συν-

83 835 217 869 ετώτερον
230 834 271 870 [Ρ.
287 833 350 869 511]
363 834 499 869 βούλευμα
515 835 655 870 παρήλασε
675 835 722 862 καὶ
739 837 801 868 τοὺς
823 836 870 871 ὁρ-

85 881 138 912 θῶς
162 875 355 915 βεὸουλεῦσθαι
380 881 518 913 δόξαντας.
539 882 650 918 Ἀδήλου
665 883 719 918 γὰρ
730 883 807 914 ὄντος
825 882 872 909 τοῦ

86 926 231 961 μέλλοντος
259 928 376 963 ἐγχωρεῖ
389 928 436 954 καὶ
452 927 566 954 τοιαῦτα
593 928 752 963 συμϐαίνειν
775 928 871 956 ἐνίοτε.

90 971 163 997 Ἀλλ’
173 972 241 1006 ἡμῖν
258 980 290 1006 γε
304 972 335 998 οὺ
346 972 428 1007 νόμον
439 972 574 999 ποιεῖσθαι
585 973 670 1008 δήπου
680 973 768 1008 χρεὼν
784 981 874 1008 παρα-

85 1016 177 1050 λάγων
193 1017 416 1053 κατορθωμάτων
434 1017 584 1052 κατάλογον
594 1026 601 1034 ’
612 1019 658 1045 καὶ
675 1018 794 1053 μάλιστα
813 1019 871 1051 νῦν,

81 1062 166 1089 ὁπότε
181 1063 245 1096 περὶ
255 1062 302 1089 τοῦ
312 1063 361 1098 τῆς
372 1063 512 1095 εὐσεϐείας
524 1063 642 1098 κράτους
652 1064 685 1103 ea.
694 1064 874 1098 παλαίσματα

83 1107 329 1136 διακινδυνεύεται.
353 1109 463 1136 Τούτων
478 1110 532 1145 γὰρ
556 1110 648 1136 εἵνεκα
673 1109 871 1145 παρελήλυθα·

85 1153 301 1188 συμδουλεύσων
318 1155 336 1182 ἃ.
348 1156 483 1190 συμφέρει
501 1155 613 1190 ἐνόμισα
636 1156 684 1182 καὶ
699 1157 732 1191 τῇ
747 1156 875 1192 παρούσῃ

83 1199 165 1234 χρείᾳ
183 1194 248 1225 ὅσον
268 1198 357 1232 ἔξεστι
381 1200 428 1226 καὶ
444 1200 525 1231 αὐτὸς
550 1201 778 1234 συνεισενεγκεῖν.
800 1200 831 1227 Εἰ
851 1200 873 1226 δ’

81 1242 199 1278 ὀροὼςῆ
215 1242 265 1278 μὴ,
283 1243 394 1270 σκοπεῖν
411 1243 545 1270 λείπεται.
561 1243 629 1270 Οὐδὲ
652 1244 705 1278 γὰρ
725 1244 874 1280 νομοθετή-

83 1295 177 1318 σοντες
189 1287 304 1322 ἧκομεν,
321 1287 377 1313 οὐδ’
392 1287 588 1321 ἀποφαντικῶς
600 1288 634 1315 τὰ
648 1288 771 1323 ἡμέτερα
785 1288 874 1321 λέξειν

83 1330 217 1365 δόγματα.
239 1330 310 1357 Ἀλλ’
329 1330 424 1372 ὥςπερ
444 1330 529 1357 πάλαι
545 1333 606 1363 ταῖς
625 1332 875 1370 ἀριστοκρατουμέέ

84 1384 144 1408 ναις
160 1377 286 1411 ἐγίγνετο
303 1377 423 1409 πόλεσιν,
444 1377 516 1404 οὕτω
531 1378 579 1404 καὶ
592 1379 658 1414 ἡμῖν
678 1379 776 1414 ἐράνου
792 1380 872 1415 δίκην

83 1422 120 1449 τὰ
134 1423 168 1458 τῇ
183 1423 289 1457 διανοίᾳ
304 1422 372 1458 πρὸς
386 1423 416 1450 τὸ
434 1423 521 1458 παρὸν
535 1424 713 1459 ἐπιτρέχοντα
728 1426 873 1460 συνεισφέ-

85 1477 144 1504 ρειν
159 1468 232 1500 ἔδοξε
249 1468 363 1496 δίκαιον.
378 1470 412 1496 ’Δ
433 1470 523 1496 τοίνυν
537 1469 627 1504 λέγειν
651 1470 814 1506 προήγμεθα
827 1465 874 1507 τή-

85 1523 181 1550 μερον,
195 1514 382 1550 ὰπαγόρευσίς
398 1515 455 1542 ἐστι
477 1516 514 1550 μὴ
537 1516 639 1548 πάντας
654 1516 801 1552 αὐτονομίᾳ
813 1517 874 1553 βου-

82 1559 191 1595 λήσεως
216 1561 327 1596 ῥέοντας
354 1561 436 1595 ὁμόσε
452 1562 550 1596 χωρεῖν
564 1561 592 1592 ὲς
608 1561 738 1594 διαλέξεις
758 1564 805 1590 καὶ
820 1564 872 1590 ἀπ-

83 1607 216 1642 αντήσεις
243 1606 297 1632 τῶν
325 1607 354 1639 ἐξ
382 1606 497 1638 Ἰταλίας
526 1606 620 1634 ἰόντων
635 1617 641 1623 ⁸
659 1609 726 1634 ὅπου
747 1617 778 1643 γε
802 1609 871 1644 μηδὲ

81 1653 142 1683 τοῖς
160 1651 356 1687 προεδρεύουσι
375 1654 422 1679 καὶ
445 1652 529 1687 τιμῆς
545 1653 674 1689 τοιαύτης
696 1654 869 1690 ἠξιωμένοις,

83 1700 152 1733 πρὶν
167 1697 228 1733 μετ’
240 1698 362 1733 ἀλλήλων
377 1699 422 1724 τὸν
436 1699 485 1733 τῆς
502 1699 645 1732 διαλέξεως
662 1701 794 1735 ἐσκέφθαι
809 1709 871 1727 σκο-

84 1745 148 1776 πὸν,
167 1743 257 1779 χρεὼν
272 1745 409 1780 ἀπαντᾷν¹
426 1745 541 1778 εἰδότας,
557 1745 598 1772 ὅτι
618 1745 718 1780 πρᾶξις
736 1747 810 1773 πᾶσα
825 1747 871 1773 καὶ

83 1789 165 1824 λόγος
181 1789 254 1821 ἅπας
268 1789 324 1824 ἔχει
338 1790 438 1816 σκοπὸν
454 1791 501 1817 καὶ
512 1791 598 1824 τέλος,
613 1792 678 1825 πρὸς
694 1791 708 1818 δ
723 1791 870 1825 βλέποντας

82 1834 130 1861 τόν
145 1842 174 1860 τε
192 1834 344 1869 πράττοντα
363 1835 409 1862 καὶ
431 1835 544 1868 λεγοντα
560 1836 610 1871 τήν
633 1844 662 1862 τε
681 1836 780 1871 πρᾶξιν
803 1836 870 1871 ὁμοῦ

84 1881 131 1907 καὶ
149 1881 196 1906 τὸν
209 1880 288 1914 λόγον
305 1880 427 1907 εὐθύνειν
442 1883 584 1916 προσήκει.
603 1881 703 1908 Τούτου
718 1881 740 1908 δ’
754 1883 870 1914 ἀπόντος

83 1925 207 1952 κίνδυνον
223 1923 303 1957 εἶναι,
317 1925 431 1959 μάταιον
447 1926 564 1960 σπουδήν
579 1934 607 1952 τε
625 1927 714 1953 πᾶσαν
733 1928 779 1953 καὶ
790 1928 871 1954 πόνον

84 1971 195 1999 ἅπαντα
210 1971 379 2005 νομίζεσθαι.
396 1968 458 1997 Οἷον
474 1973 488 1997 ὁ
507 1971 594 1998 πλέων
607 1971 636 1998 οὺ
653 1972 731 1999 τοῦτο
747 1972 870 2007 βιύλεται

83 2019 135 2045 καὶ
152 2017 226 2044 τοῦτ’
248 2017 305 2052 ἔχει
324 2018 436 2049 σκοπὸν,
459 2018 526 2052 ὅπερ
542 2017 698 2053 ἐργάζεται.
710 2019 768 2044 ἀλλ’
784 2020 872 2046 ἐκεῖνο

85 2064 200 2099 μᾶλλον,
213 2060 242 2090 οἷα
251 2063 342 2089 ἕνεκεν
352 2063 499 2098 ἐργάζεται
511 2065 577 2098 ὅπερ
588 2063 741 2098 ἐργάζεται.
753 2064 871 2099 Κέρδους

83 2110 141 2144 γὰρ
155 2109 248 2142 ἕνεκα,
266 2110 313 2136 καὶ
327 2109 358 2135 οὐ
374 2108 420 2135 τοῦ
435 2108 538 2143 κύμασι
555 2109 600 2134 καὶ
623 2109 787 2143 πνευμάτων
800 2110 871 2144 βίαις

83 2155 258 2182 διακυϐεύειν
273 2155 303 2181 τὺ
319 2154 379 2189 ζῇν,
394 2155 488 2188 ἀνάγει
502 2155 551 2189 τὴν
571 2154 646 2181 ναῦν,
663 2155 717 2181 Καὶ
734 2156 748 2180 ὸ
759 2155 869 2188 τοξότης

923 246 1014 273 neque
1030 240 1165 266 rationem
1182 239 1251 266 inse
1265 239 1347 266 ullam
1366 239 1460 269 liabet.
1476 239 1574 265 modus
1595 243 1623 265 et
1639 239 1708 265 ratio

923 285 1059 319 aequitatis
1076 285 1201 312 ducenda
1215 292 1268 312 non
1283 289 1334 312 est.
1348 285 1453 312 Deinde
1466 285 1535 311 satis
1555 284 1651 316 scitur,
1668 284 1710 311 iii-

923 331 1126 359 considcratum
1145 332 1277 366 impetum
1294 340 1347 358 non
1378 335 1474 366 suapte
1495 337 1592 358 natura
1609 337 1707 366 parere

924 378 1070 405 victoriam
1091 388 1097 405 :
1114 379 1174 410 sed,
1192 376 1454 406 si'adversariorum
1473 378 1559 412 major
1588 376 1706 404 stultitia

924 424 1099 450 occasionem
1116 424 1155 450 rei
1183 424 1253 451 bene
1277 421 1403 457 gerendae
1429 427 1528 457 printer
1559 422 1714 456 opinonein.

924 469 1044 503 praebeat
1057 469 1202 496 contraria:
1215 468 1346 500 audaciae,
1362 476 1394 495 eo
1420 475 1482 495 casu
1498 468 1584 494 malas
1597 473 1707 501 quoque

924 521 967 539 res
984 513 1117 540 bonarum
1132 521 1225 541 rerum
1242 514 1333 540 locum
1353 520 1510 547 occupare;
1540 512 1612 539 sicut
1624 511 1707 538 vicis-

923 559 974 586 sim
989 560 1075 595 major
1090 567 1162 594 saepe
1171 559 1391 586 adversariorum
1401 558 1543 593 prudentia
1554 566 1601 585 eos
1611 558 1706 588 etiam.

923 605 970 640 qui
989 605 1060 632 bene
1089 606 1148 633 suis
1179 605 1260 632 rebus
1280 605 1454 632 consuluisse
1470 603 1551 639 504
1568 603 1707 635 videnlur,

923 655 1048 685 supcrat.
1066 651 1131 678 Nam
1147 658 1209 678 cum
1226 658 1269 677 res
1295 650 1395 677 futura:
1421 650 1532 676 incertae
1552 649 1618 682 sint,
1637 649 1708 675 nihil

924 697 1024 725 obstat.
1045 704 1099 731 quo
1115 697 1207 723 minus
1220 696 1357 723 interdum
1372 696 1455 723 etiam
1468 695 1520 722 tale
1535 694 1637 729 aliquid
1654 702 1707 721 usu

925 743 1027 769 veniat.
1054 742 1106 769 Sed
1138 742 1315 769 fortuitorum
1336 749 1512 768 SUCCCSSUllill
1537 739 1709 767 enumeratio

923 795 978 814 non
991 787 1072 814 debet
1085 788 1157 822 apud
1173 795 1223 815 nos
1237 788 1305 822 legis
1321 787 1381 814 loco
1394 794 1467 818 esse.
1505 794 1577 813 nunc
1595 793 1710 820 praeser-

926 835 985 866 tim,
1018 842 1080 862 cum
1109 834 1142 862 de
1175 834 1314 869 religionis
1343 833 1459 861 victoria
1481 833 1518 859 sit
1534 832 1708 859 certandum.

925 881 1072 908 Enimvero
1090 881 1140 908 hac
1156 880 1189 908 de
1207 887 1287 907 causa
1299 879 1399 914 prodii,
1424 879 1495 913 quod
1518 883 1545 906 et
1562 886 1604 905 me
1618 879 1707 912 ipsum

925 926 1089 960 pntaverim,
1118 926 1141 953 si
1161 925 1228 953 utile
1240 925 1384 952 consilium
1399 924 1506 956 darem,
1531 923 1665 958 quidquid
1681 923 1709 950 in
1752 933 1758 942 ι

924 978 967 997 me
980 971 1041 1005 opis
1058 970 1129 998 i‘orct
1145 971 1171 997 in
1188 978 1245 998 rem
1272 975 1434 1005 praesentem
1452 977 1514 997 esse
1537 969 1711 996 contributu~

926 1024 998 1044 rum.
1031 1016 1058 1044 id
1085 1021 1177 1044 autem
1210 1022 1320 1044 rectene
1344 1024 1378 1043 an
1406 1023 1487 1043 secus
1501 1015 1625 1042 facturus
1645 1015 1709 1047 sim,

924 1062 1124 1090 consideretur.
1138 1061 1231 1096 Neque
1242 1061 1315 1089 enim
1326 1062 1417 1096 legum
1431 1060 1606 1088 ferendarum
1620 1060 1709 1095 gratia

925 1108 1066 1140 adsumus,
1080 1112 1128 1134 aut
1148 1112 1178 1134 iit
1194 1112 1286 1134 nostra
1297 1108 1407 1134 decreta
1417 1106 1495 1134 ﬁrma
1506 1112 1533 1133 et
1546 1106 1710 1134 inconcussa

925 1152 1021 1180 haberi
1037 1153 1153 1180 velimus
1168 1162 1175 1184 ;
1192 1152 1241 1179 sed
1257 1157 1287 1180 ut
1302 1153 1366 1180 olim
1396 1153 1422 1180 in
1440 1152 1535 1180 liberis
1552 1151 1711 1179 civitatibus

925 1199 1018 1232 ﬁebat,
1038 1199 1074 1226 ita
1090 1202 1118 1225 et
1134 1198 1213 1226 nobis
1229 1206 1289 1233 quae
1320 1198 1349 1225 in
1365 1203 1484 1225 mentem
1512 1205 1562 1233 pro
1590 1202 1711 1232 tempore

924 1246 1066 1273 venissent
1076 1246 1153 1272 velut
1166 1245 1264 1279 stipem
1280 1243 1407 1272 conferre
1429 1244 1518 1271 visum
1534 1248 1585 1272 est.
1605 1243 1630 1270 is
1642 1250 1710 1271 vero

927 1292 1009 1327 hujus
1021 1295 1122 1318 nostrae
1135 1290 1269 1318 orationis
1285 1292 1385 1324 scapus
1399 1294 1451 1322 est,
1472 1295 1502 1317 ut
1518 1289 1709 1322 dehortemnr,

925 1346 959 1365 ne
974 1338 1064 1372 quivis
1080 1344 1130 1371 pro
1144 1343 1195 1364 suo
1210 1336 1288 1363 Iiliito
1299 1343 1360 1363 cum
1374 1336 1409 1363 iis
1427 1335 1474 1370 qui
1487 1342 1520 1363 ex
1534 1335 1610 1362 italia
1624 1342 1710 1362 vene-

926 1387 989 1410 runt
1003 1387 1107 1410 temere
1122 1381 1315 1416 congrediutur
1326 1384 1354 1408 et
1369 1380 1512 1415 disputet;
1541 1387 1602 1407 cum
1628 1379 1653 1407 id
1677 1388 1711 1407 ne

925 1427 1091 1463 praesulibus
1104 1426 1215 1462 quidem
1228 1431 1256 1453 et
1273 1426 1339 1453 viris
1361 1433 1393 1453 ea
1408 1426 1571 1453 auctoritate
1589 1425 1711 1460 praeditis

925 1472 1133 1501 concedendum
1147 1479 1208 1499 esse
1225 1471 1360 1503 videatur,
1383 1472 1543 1506 priusquam
1563 1471 1634 1498 inter
1649 1478 1710 1498 sese

925 1519 1120 1554 disputationis
1126 1526 1236 1554 scopum
1246 1523 1274 1545 et
1284 1517 1365 1545 tinem
1375 1517 1577 1544 considerarint
1588 1524 1596 1548 ;
1607 1516 1710 1552 quippe

925 1566 973 1601 qui
993 1566 1092 1597 sciant,
1123 1564 1198 1592 omni
1222 1563 1280 1591 sive
1303 1564 1402 1591 actioni
1420 1563 1478 1591 sive
1501 1563 1618 1590 orationi
1644 1570 1709 1590 sco-

926 1619 988 1646 pum
1002 1618 1033 1637 ac
1046 1610 1128 1637 linem
1140 1610 1258 1643 aliquem
1272 1617 1332 1636 esse
1348 1608 1530 1643 propositum,
1547 1608 1581 1635 ad
1591 1616 1671 1642 queui
1685 1607 1710 1634 is

925 1655 971 1690 qui
983 1655 1026 1682 vel
1041 1654 1096 1689 agit
1107 1653 1147 1680 vel
1160 1653 1270 1680 disserit
1282 1653 1423 1681 collimare
1431 1659 1541 1680 etsuam
1555 1658 1612 1680 tuin
1620 1654 1708 1680 actio-

925 1708 988 1728 nem
999 1705 1056 1727 tum
1070 1699 1225 1726 orationem
1239 1699 1357 1734 dirigere
1367 1699 1476 1726 debeat.
1489 1699 1567 1732 Quod
1584 1699 1637 1725 nisi
1649 1698 1706 1730 ﬂat,

924 1745 1075 1781 periculum
1085 1751 1177 1777 est,ne
1191 1752 1271 1771 omne
1279 1744 1412 1776 studium,
1426 1745 1515 1771 omnis
1527 1745 1604 1771 labor
1618 1745 1707 1771 inanis

924 1798 950 1819 et
961 1791 1056 1818 irritus
1064 1790 1208 1817 habeatur.
1218 1790 1308 1817 Veluti
1319 1790 1342 1817 is
1360 1790 1523 1825 quiuavigai
1538 1797 1591 1817 non
1603 1789 1628 1816 id
1637 1791 1708 1822 vult,

924 1844 978 1864 nec
986 1843 1099 1871 scopum
1115 1835 1167 1863 sibi
1176 1835 1306 1870 proponit
1316 1835 1341 1862 id
1350 1834 1423 1870 quod
1434 1835 1505 1870 agit;
1517 1834 1564 1862 sed
1581 1834 1648 1862 illud
1661 1842 1710 1869 po-

925 1882 990 1911 tius.
999 1881 1164 1916 cujuscausa
1178 1879 1203 1907 id
1213 1881 1300 1915 ipsum
1309 1880 1358 1915 agii
1366 1898 1374 1907 .
1385 1879 1464 1907 Lucri
1474 1879 1604 1909 nimirum
1615 1887 1708 1912 (ausa,

924 1934 979 1953 non
992 1932 1083 1953 autem
1096 1931 1124 1952 ut
1138 1930 1281 1953 ventorum
1292 1931 1320 1953 et
1334 1924 1466 1959 il‘uctuuni
1483 1925 1597 1952 arbitrio
1606 1925 1640 1952 de
1653 1925 1709 1952 vita

925 1971 1005 2007 505
1026 1971 1147 2003 dimicet,
1163 1978 1178 1998 e
1193 1976 1271 2006 portu
1295 1970 1385 1999 solvit,
1403 1970 1503 1998 Eodem
1524 1971 1604 1997 modo
1628 1970 1709 2005 sagit-

926 2019 1012 2046 tarius
1025 2026 1079 2045 non
1098 2018 1159 2045 ideo
1175 2017 1287 2051 sagittas
1309 2016 1418 2048 emittit,
1436 2021 1466 2044 ut
1479 2021 1589 2043 ventum
1611 2016 1709 2043 verbe—

926 2063 984 2096 ret;
999 2064 1045 2091 sed
1061 2068 1091 2090 ut
1105 2063 1211 2091 hostem
1228 2067 1343 2095 sternet,
1359 2062 1384 2089 id
1399 2062 1474 2089 facit.
1489 2061 1538 2089 ilic
1550 2070 1613 2088 vero
1628 2063 1708 2095 cujus

924 2109 1101 2137 emolumenti
1118 2117 1177 2144 spe,
1190 2116 1244 2143 quo
1258 2108 1311 2135 line
1325 2107 1474 2143 proposito.
1489 2108 1633 2142 quisquam
1648 2108 1708 2135 dis-

925 2160 1022 2190 putare
1044 2158 1110 2182 cunt
1124 2155 1230 2182 Latinis
1263 2154 1339 2188 velit,
1356 2153 1483 2189 equidem
1508 2162 1562 2181 non
1579 2153 1667 2185 video.
1684 2154 1708 2181 si

82 2200 107 2226 ὃ*
123 2200 227 2234 ὁμοίως
248 2200 298 2226 οὐκ
311 2201 376 2226 αὐτὸ
396 2200 456 2226 καύ*
471 2199 537 2226 αὐτὸ
551 2200 581 2225 τὸ
599 2199 728 2232 τοξεύειν,
743 2200 810 2226 ἀλλὰ
825 2201 870 2226 τοῦ

925 2209 976 2229 nee
995 2201 1045 2236 ipsi
1064 2201 1175 2233 nostris,
1190 2208 1241 2228 nee
1253 2208 1304 2228 nos
1319 2200 1427 2227 illorum
1443 2200 1561 2228 decretis
1576 2200 1706 2228 assentiri

85 2244 178 2278 βαλεῖν
190 2244 235 2269 τὸν
249 2243 378 2277 πολέμων
393 2244 483 2269 εἵνεκα
498 2243 575 2270 τοῦτο
590 2244 752 2279 προῄρηται.
763 2245 874 2271 Ἐνταυ-

84 2290 129 2316 οοί
142 2291 164 2316 δ’
181 2290 231 2325 οὐχ
245 2289 310 2323 ὁρῶ,
329 2290 401 2321 τίνος
422 2290 515 2316 εἵνεκα
530 2290 641 2326 κέρδους
665 2292 711 2317 καὶ
727 2291 794 2327 πρὸς
813 2291 874 2318 τινα

86 2335 196 2370 βλέπων
214 2335 314 2360 σκοπὸν
337 2334 509 2369 διαλέγεσθαι
525 2335 557 2362 ἄν
583 2344 624 2367 τις
648 2329 749 2369 ἔλοπος
766 2337 790 2362 εἰ
811 2337 873 2372 μήτ’

84 2381 162 2407 αὐτοὶ
176 2381 232 2412 τοῖς
248 2380 336 2415 ἡμῶν,
362 2380 425 2416 μήθ’
444 2382 526 2416 ἡμεῖς
541 2382 597 2413 τοῖς
610 2382 700 2408 αὐτῶν
726 2383 872 2409 συνθέσθαι

86 2427 258 2463 βουλήμασιν
275 2426 397 2461 ἔγνωμεν
412 2426 533 2460 πώποτε,
557 2427 607 2454 κᾶν
622 2428 722 2458 πάντες
739 2428 810 2461 φῶσι
832 2429 874 2454 λί-

85 2475 140 2507 Θοι,
157 2473 210 2500 κᾶν
237 2472 325 2499 πάντα
344 2474 426 2506 φυτά.
442 2474 502 2500 Ἐτι
523 2475 578 2508 μὴν
595 2474 640 2500 καὶ
661 2475 715 2500 τῶν
729 2475 872 2500 ἀτοπωτά-

85 2527 139 2545 των
154 2519 189 2545 ἂν
202 2518 246 2552 εἴη
263 2518 309 2543 καὶ
326 2518 485 2558 πόρροηπου
500 2517 547 2543 τοῦ
562 2518 746 2552 προσήκοντος
761 2519 873 2553 πορευό-

86 2573 169 2600 μενον
186 2562 280 2598 λόγου,
293 2564 356 2594 τοὺς
373 2566 424 2598 μὲν
447 2563 624 2598 Ὀλυμπιάσιν
646 2565 810 2596 ἀγωνιστὰς,
827 2566 872 2590 καὶ

85 2611 144 2637 ὅσοι
159 2611 213 2645 γῆς
228 2610 310 2636 ἓνεκα
332 2609 470 2640 σταδιαίας
486 2609 703 2644 ἀμφισϐητοῦσι,
727 2611 775 2636 καὶ
791 2610 871 2641 εἴτις

85 2655 269 2686 λωποδυσίαις
285 2655 431 2688 ἁλίσκοιτο,
450 2655 554 2686 τούτοις
565 2657 667 2688 ἐξεῖναι
685 2656 767 2682 πᾶσιν
779 2656 872 2683 Ἑλλα-

87 2701 197 2731 νοδίκας
212 2700 289 2731 τινὰς
303 2700 348 2726 καὶ
368 2699 465 2734 κριτὰς
475 2700 608 2734 ἀρῤεπεῖς
629 2699 814 2734 προκαθίζειν,
834 2699 872 2731 ὡς

89 2747 127 2783 μὴ
139 2747 209 2783 λάθῃ
229 2746 397 2781 παραῤῥυεὶς
419 2746 433 2771 ὁ
451 2745 498 2771 τοῦ
521 2745 627 2772 δικαίου
653 2746 752 2778 κανὼν,
771 2747 871 2781 μᾶλλον

88 2791 110 2817 δ’
127 2791 171 2819 ἰνα
189 2791 229 2826 μὴ
244 2790 376 2825 ἀνήνυτον
389 2789 439 2824 ἔχῃ
453 2789 499 2815 τὸν
525 2789 627 2824 δρόμον
642 2789 658 2823 ή
673 2790 721 2824 τῆς
733 2790 872 2826 ape/utin.-

89 2837 193 2872 τὴτεως
211 2835 282 2870 ἔρις,
297 2834 409 2870 μηδενὸς
421 2835 602 2870 προκειμένου
621 2835 731 2866 κανόνος
750 2836 796 2862 καὶ
810 2836 872 2862 στά-

925 2254 1044 2282 unquam
1056 2247 1241 2285 decrevimus,
1256 2246 1298 2273 vcl
1311 2247 1332 2273 si
1348 2253 1444 2273 omnes
1458 2246 1508 2273 hoc
1519 2246 1633 2283 lapides,
1648 2254 1708 2273 om-

925 2301 973 2321 nes
994 2293 1104 2327 stipites
1118 2293 1233 2319 dictent.
1250 2292 1353 2319 Deinde
1376 2291 1604 2319 absurdissimum
1628 2297 1656 2319 ct
1670 2293 1705 2319 ab

924 2340 998 2366 omni
1017 2340 1122 2366 ratione
1137 2337 1334 2366 alienissimum
1353 2338 1444 2371 fuerit,
1464 2337 1497 2365 iis
1515 2338 1600 2372 quiin
1614 2337 1706 2374 Olym-

924 2384 975 2419 piis
994 2388 1101 2411 certant
1115 2388 1144 2411 et
1163 2384 1190 2410 in
1211 2384 1299 2411 stadio
1316 2384 1476 2415 decurrunt,
1502 2388 1550 2410 aut
1570 2384 1615 2418 qui
1642 2384 1708 2411 l'urti

924 2434 1087 2465 arguuntur,
1106 2429 1138 2456 ad
1160 2429 1350 2456 llcllanodicas
1364 2434 1392 2456 et
1411 2429 1586 2464 incorruptos
1599 2429 1708 2464 iudices-

924 2483 984 2502 esse
998 2474 1231 2509 provocationem,
1247 2483 1280 2501 ne
1293 2475 1408 2509 justitiae
1427 2475 1520 2509 regula
1541 2474 1634 2501 iurliiu
1657 2475 1707 2501 dc-

924 2521 1009 2548 cliue:
1031 2528 1063 2548 ac
1081 2520 1166 2552 fallat.
1191 2526 1238 2547 aut
1264 2521 1322 2547 litis
1348 2520 1511 2554 disceptatio
1527 2519 1627 2547 frustra
1643 2528 1704 2554 pro-

924 2567 1013 2598 cedat,
1038 2566 1111 2594 nulla
1139 2567 1231 2601 regula
1250 2570 1298 2593 aut
1314 2574 1407 2593 norma
1424 2566 1557 2596 adhibita,
1574 2566 1606 2592 ad
1623 2574 1704 2600 quam

924 2609 1134 2644 disceptantium
1162 2609 1284 2636 rationes
1304 2610 1495 2637 exaetzelitein
1523 2609 1635 2636 tiniaut:
1660 2617 1708 2636 eos

924 2663 1000 2687 vero,
1016 2655 1064 2690 qui
1080 2655 1114 2682 de
1133 2655 1215 2682 rebus
1228 2655 1329 2682 divinis
1345 2655 1510 2689 disputaturi
1522 2660 1550 2682 et
1563 2655 1704 2690 inlougis-

923 2704 994 2729 siino
1013 2702 1060 2729 illo
1081 2702 1170 2729 stadio
1188 2702 1331 2729 maximam
1353 2701 1458 2729 cladem
1477 2701 1575 2728 animis
1591 2706 1618 2728 et
1642 2709 1704 2728 cor-

924 2748 1039 2782 poribus
1055 2748 1200 2776 miiiitaiite
1214 2748 1359 2776 decursuri
1384 2753 1458 2780 sunt,
1474 2747 1579 2774 nullum
1601 2747 1705 2775 habere

922 2794 1053 2828 judicem,
1072 2795 1119 2828 qui
1146 2795 1291 2829 utriusque
1308 2794 1392 2829 partis
1409 2794 1490 2820 verba
1506 2794 1652 2828 expendat,
1675 2801 1708 2821 ac

925 2839 970 2866 illa
984 2839 1095 2874 quidem
1114 2840 1235 2868 victricia
1249 2840 1419 2875 pronuntiet,
1437 2840 1481 2867 illa
1496 2848 1561 2867 vero
1575 2845 1604 2867 ut
1616 2839 1707 2867 inania
