1920 3075
198 156 246 188 711
340 154 378 190 [Α.
399 162 426 181 κ.
448 154 517 182 6856
537 162 568 181 AD
588 153 669 190 6849]

795 154 1003 186 NICEPHORI
1023 155 1213 185 GREGORrE

1347 151 1414 188 [ηιμ.
1436 157 1565 178 Asanoxic
1589 151 1656 187 tum]

1758 154 1816 186 7l2

197 220 257 239 rum
275 212 421 245 doctrinm,‘
443 220 492 247 pro
518 212 591 239 virili
617 211 702 239 verba
727 210 870 243 faciemus,
897 217 971 246 atqm

1031 211 1155 246 γιστικῆς
1172 220 1200 238 τε
1222 211 1268 237 καὶ
1285 210 1449 245 ἀναλυτικῆς
1466 211 1621 243 ὲπιστήμής
1641 209 1816 244 βεϐαιοῦσθαι

197 258 249 285 ista
262 258 470 293 explicabimus.
488 258 565 291 Quod
582 257 605 285 si
621 261 649 285 et
663 257 743 284 nobis
758 261 916 284 sanctorum
930 257 979 284 Pa-

197 307 269 329 trum
286 302 396 337 scriptis
408 302 456 330 niti
474 306 502 330 et
519 302 561 330 his
577 302 662 329 armis
674 309 735 329 cum
750 300 914 328 adversariis
928 309 979 335 pu-

196 355 280 383 gnare
291 348 477 375 necessarium
490 353 581 381 esset;
603 347 756 382 simplicem
771 351 799 374 et
823 347 874 382 ipsi
889 347 977 374 secuti

196 392 331 420 rationem
356 393 568 421 dilucidioribus
589 393 735 428 scripturis
760 397 919 425 uteremur;
945 393 978 420 iis

196 445 314 472 nempe,
343 446 405 473 quae
434 439 590 466 evidentem
618 443 646 466 et
671 438 886 474 irrefragabilcm
915 446 979 465 sen-

197 491 258 511 sum
283 484 432 511 lcctoribus
455 485 642 516 ostenderent,
662 491 717 511 non
733 488 823 511 autem
841 484 977 516 obscuris,

196 537 246 557 nec
254 530 288 557 iis
297 537 357 564 quae
366 534 477 564 propter
487 530 569 564 510
580 529 756 564 multiplicem
766 537 863 556 vocum
872 530 978 565 signiti-

195 576 331 602 cationem
342 575 525 610 dictionisque
537 583 568 602 ac
583 575 730 602 verborum
745 575 872 602 tenebras
881 580 908 602 et
918 583 978 603 am-

195 621 366 656 biguitatem,
397 621 424 648 in
452 621 544 656 plures
570 622 721 649 sententias
741 622 828 657 accipi
855 627 977 657 possent.

195 667 271 701 δωρο
284 667 357 694 enim
374 667 401 694 in
420 674 497 694 sacra
518 666 660 702 Scriptura
675 667 768 695 verbis
781 668 907 703 qumdam
928 669 977 696 ob-

193 713 282 740 scuris
294 713 415 740 involuta
433 717 602 745 occurrunt;
626 713 698 748 quod
720 718 748 740 et
762 719 976 742 consentaneum

192 763 243 785 est.
262 757 297 786 Ut
312 759 385 785 enim
402 766 497 792 regum
514 759 636 792 thalami,
650 759 756 794 aliaque
769 767 829 794 qum
843 765 935 788 sancta
949 765 977 788 et

193 811 292 838 magno
314 803 340 829 in
357 803 447 837 pretio
464 803 498 829 ab
515 802 672 830 hominibus
686 803 832 836 habentur,
853 805 914 832 aliis
933 809 976 832 at-

193 855 247 882 que
264 848 326 875 aliis
341 848 409 875 velis
433 848 616 880 occultantur,
639 856 673 875 ne
689 853 739 876 aut
758 849 874 884 profano
895 850 976 886 vulgo

191 894 314 928 exposita
328 894 561 926 contaminemur,
578 897 625 920 aut
647 894 712 928 quia
728 894 857 922 omnibus
871 895 975 931 absque

193 939 285 966 labore
301 944 412 973 pateant
432 939 600 973 contemplui
618 939 690 973 sint;
709 939 748 967 sic
761 940 843 968 etiam
861 941 975 976 plurimi

191 992 276 1012 sacrae
291 985 439 1019 Scriptura:
454 984 518 1017 loci,
539 985 691 1019 praesertim
717 985 743 1012 in
759 987 860 1020 quibus
874 995 975 1015 arcana

191 1029 324 1064 quaepiam
341 1030 464 1057 doctrina
477 1030 645 1064 continetur,
675 1035 805 1065 tanquam
822 1032 891 1059 velis
911 1033 974 1066 qui-

190 1075 319 1108 busdam,
333 1075 542 1102 absconduntur
556 1076 689 1110 ejusmodi
705 1076 808 1109 verbis,
827 1085 888 1112 qua:
902 1078 974 1106 mul-

191 1125 245 1148 tam
254 1121 403 1158 caliginem
427 1129 520 1148 secum
537 1121 659 1155 trahunt,
675 1126 703 1150 et
719 1123 846 1151 tenebras
866 1124 919 1151 sibi
933 1124 974 1151 la-

190 1167 306 1193 tibulum
319 1167 328 1182 ¹
342 1172 446 1201 ponunt
462 1172 489 1195 et
505 1167 532 1194 in
554 1168 672 1195 circuitu
698 1175 749 1196 suo
764 1169 972 1197 tabernaculum

189 1211 241 1238 sibi
259 1211 335 1246 ipsis.
353 1211 465 1238 Monent
477 1217 504 1239 et
518 1212 606 1239 sancti
620 1213 726 1247 Patres,
741 1213 870 1245 Basilius,
888 1214 974 1249 Cliry-

189 1264 338 1288 sostomus,
352 1256 484 1284 Maximus
493 1257 654 1292 etCyrillus,
667 1265 721 1285 non
732 1265 764 1285 ea
775 1259 865 1286 omnia
878 1259 971 1291 verba,

188 1302 294 1340 quaejn
313 1303 387 1329 omni
410 1302 525 1330 materia
540 1303 668 1330 eumdem
685 1311 783 1331 sonum
799 1304 895 1337 edunt,
915 1310 971 1333 sta-

189 1349 238 1376 tim
259 1349 356 1377 eodem
375 1350 457 1378 modo
471 1351 631 1386 accipienda
645 1359 723 1386 esse;
749 1361 839 1389 neque
853 1359 970 1382 mentem

188 1395 218 1422 in
234 1396 327 1424 verbis
342 1404 458 1431 prorsus
481 1397 663 1433 deligendam,
678 1399 724 1427 sed
744 1400 877 1435 propositi
893 1409 958 1435 argu

189 1441 275 1468 menti
293 1442 446 1470 sententias
461 1442 621 1477 intuendus,
637 1448 665 1472 et
677 1453 790 1480 scopum
806 1451 889 1482 atque
907 1455 971 1482 pro-

187 1486 307 1521 positum
323 1487 471 1522 Scriptura:
486 1489 544 1524 ejus
561 1489 587 1516 in
599 1497 651 1525 qua
665 1496 810 1519 versentur
822 1493 971 1528 exquiren-

187 1533 264 1566 dum,
280 1534 317 1560 uti
332 1533 438 1567 deceat,
454 1539 482 1562 et
493 1536 618 1570 personis
631 1541 713 1572 atque
727 1539 895 1573 temporibus
906 1544 969 1574 apte

187 1579 437 1614 convenienterque
449 1582 709 1609 accommodandum
729 1588 756 1611 et
767 1584 969 1619 applicandum.

187 1622 237 1650 Est
257 1627 286 1650 et
300 1623 449 1658 Gregorius
465 1625 621 1660 Tlieologus
646 1632 753 1660 auctor,
771 1628 904 1663 quosdam
925 1637 970 1658 res

187 1676 249 1696 cum
266 1670 406 1697 vocabulis
423 1672 578 1699 consentire
599 1679 649 1700 nec
668 1673 801 1701 minutius
821 1673 907 1702 dividi
926 1683 968 1702 ar-

187 1715 304 1743 bitratus
328 1717 473 1751 opiniones
497 1717 597 1746 divinis
618 1718 701 1746 rebus
727 1719 853 1755 indignas
875 1720 970 1749 animo

186 1762 356 1797 concepisse.
375 1763 452 1798 511
471 1764 538 1790 Cirin
553 1764 635 1799 igitur
649 1770 722 1792 tanta
753 1766 789 1793 sit
818 1767 852 1794 de
876 1767 970 1795 verbis

185 1811 214 1836 et
242 1809 401 1837 nominibus
426 1810 562 1838 dis5cnsio
578 1831 586 1843 ,
612 1816 755 1845 propterea
779 1813 851 1847 quod
873 1813 969 1840 eadem

187 1855 298 1882 nomina
326 1860 441 1890 possunt
477 1857 558 1883 rebus
581 1856 698 1884 diversis
733 1859 894 1892 convenire,
926 1863 970 1886 at-

187 1909 240 1936 que
253 1901 333 1928 aliter
358 1902 385 1929 in
401 1902 457 1929 Deo
481 1903 659 1937 intelligenda
680 1909 756 1937 sunt,
779 1905 858 1932 aliter
873 1906 899 1932 in
917 1906 969 1934 hac

187 1953 247 1974 orla
260 1952 292 1974 et
303 1948 422 1982 peritura
436 1953 550 1975 natura:
568 1948 704 1984 quis'bazc
718 1958 766 1985 pro
778 1951 911 1986 dignitate
923 1960 970 1979 cx-

188 1992 316 2027 plicabit!
343 1991 411 2019 Nam
438 1994 460 2021 si
491 2001 601 2022 sanctos
630 1995 692 2022 illos
720 1996 824 2029 Patres,
850 1997 969 2032 Spiritus

186 2038 274 2065 sancti
299 2038 494 2072 instrumenta,
523 2040 571 2075 qui
599 2041 674 2067 omni
695 2041 813 2069 humana
836 2043 968 2077 sapientia

187 2088 301 2110 caeteros
325 2091 422 2111 omnes
439 2086 610 2120 supergressi
636 2092 710 2119 sunt,
729 2088 750 2114 si
775 2095 840 2124 ergo
859 2089 921 2117 illos
941 2089 967 2117 in

187 2136 326 2155 sacrarum
340 2129 542 2164 Scripturarum
553 2132 773 2160 cuarrationibus
783 2140 969 2168 saepenumero

188 2169 335 2200 dissentire
350 2174 484 2208 videmus,
505 2180 533 2202 et
548 2176 604 2204 fere
620 2179 756 2204 contraria
777 2178 886 2209 aiierre,
902 2185 970 2214 pro-

187 2225 248 2254 pter
262 2219 458 2248 obscuritatem
472 2222 622 2256 ingentem,
638 2231 692 2258 qua
707 2223 810 2250 divinae
825 2225 968 2258 sententia:

186 2270 215 2292 et
229 2264 342 2292 altiores
361 2273 458 2293 sensus
483 2267 566 2294 veluti
585 2267 672 2296 ﬁrmis
691 2273 773 2304 atque
787 2270 969 2298 adainanlinis

186 2310 332 2338 vestibulis
348 2312 530 2340 muniuntur:
548 2313 613 2348 quid
626 2313 696 2342 alius
708 2315 808 2350 aliquis
818 2315 901 2348 dicat,
917 2323 969 2344 nec

186 2356 306 2383 humana
321 2358 453 2392 sapientia
471 2365 533 2385 cum
560 2359 614 2386 illis
627 2359 819 2394 conferendus,
840 2361 968 2396 idemque

186 2403 279 2437 pravis
303 2404 447 2432 aﬂ'ectibus
471 2404 618 2437 obnoxius,
645 2410 672 2433 et
697 2413 857 2442 corpoream
880 2408 969 2436 labem

187 2452 262 2475 totus
282 2450 430 2477 redolens?
452 2450 521 2478 Ecce
547 2451 621 2478 enim
647 2453 688 2486 (ut
706 2453 836 2487 pleraque
860 2454 969 2482 silentio

185 2494 366 2529 dissimulem)
381 2496 461 2523 illud:
481 2505 490 2521 ι
506 2497 637 2525 Dominus
653 2499 758 2526 creavit
769 2495 816 2526 'me
833 2500 968 2535 principio

186 2541 256 2567 viam
284 2542 391 2575 suam',
413 2551 423 2566 ι
443 2542 551 2570 divinus
570 2543 615 2570 ille
630 2548 658 2570 ct
673 2551 787 2579 magnus
807 2545 923 2572 Basilius
935 2546 969 2573 de

184 2594 216 2614 ea
236 2587 380 2622 sapientia,
401 2596 461 2623 qua:
480 2589 506 2615 in
523 2589 625 2617 mundo
642 2595 767 2625 apparet,
786 2591 889 2618 dictum
907 2600 968 2620 esse

220 2651 229 2668 ¹
242 2650 304 2679 Job.
320 2659 386 2683 ult.
403 2652 447 2680 Μ.
485 2653 495 2668 ¹
512 2653 592 2680 Prov.
609 2662 646 2686 ix,
659 2654 703 2680 ‘22.

1029 258 1077 284 καὶ
1090 258 1123 284 τὰ
1136 249 1259 292 ἡμέτερα
1271 256 1404 292 δόγματα,
1419 255 1456 287 ὡς
1473 256 1574 290 σαθρόν
1590 264 1619 282 τε
1631 256 1678 282 καὶ
1693 255 1817 282 ὕποπτον

1029 303 1069 334 είς
1087 302 1223 335 ἀπόδειξιν
1239 302 1379 335 ἀληθείας·
1400 302 1429 328 τὸ
1446 301 1568 329 τοιοῦτον
1586 299 1657 333 εἶδος
1672 302 1719 328 τοῦ
1735 302 1817 336 λόγου

1029 348 1270 384 παραιτησόμεθα.
1285 349 1356 374 [lict
1367 348 1420 383 γάρ
1434 349 1491 374 ἐστι
1503 348 1649 383 πρόδηλον,
1662 348 1691 375 τὸ
1703 348 1752 383 τὴν
1760 348 1818 375 δια-

1028 394 1156 429 λεκτικὴν
1167 393 1328 429 περιεργίαν
1338 394 1399 430 ίσην
1409 395 1451 427 ἐφ’
1460 394 1578 428 ἑκάτερα
1586 393 1634 428 τὴν
1646 393 1723 428 ἰσχὺν
1731 393 1816 428 ἔχειν,

1029 441 1097 475 πρός
1110 449 1140 467 τε
1155 440 1204 475 τὴν
1222 441 1271 474 τῆς
1291 439 1419 474 ἁληθεία;
1437 440 1595 475 ἀνατροπὴν
1614 440 1661 466 καὶ
1679 439 1747 474 πρὸς
1765 440 1816 474 τὴν

1029 486 1198 520 κατηγορίαν
1215 485 1261 512 τοῦ
1278 486 1404 520 ψεύδους.
1422 486 1503 513 Ὀθεν
1524 486 1572 512 καὶ
1586 486 1671 522 αὐτὴν
1687 487 1736 522 τὴν
1749 485 1817 521 ἀλή-

1014 567 1020 571 η
1029 532 1116 566 οειαν,
1131 533 1196 559 ὅταν
1212 533 1282 568 μετά
1293 541 1366 565 τινος
1377 532 1505 566 τοιαύτης
1517 532 1612 568 τέχνης
1630 533 1816 568 προσάγηται,

1027 578 1061 605 δι’
1085 579 1201 613 ὑποψίας
1220 579 1348 610 πολλάκις
1373 580 1536 613 ποιούμεθα,
1561 579 1598 610 ὡς
1619 580 1668 614 τῆς
1696 582 1759 614 περὶ
1781 579 1817 605 τὰ

1028 623 1139 650 τοιαῦτα
1156 623 1306 659 δεινότητος
1325 624 1572 660 παρικρουομάνης
1591 625 1668 659 ἡμῶν
1689 625 1738 659 τὴν
1757 623 1818 650 διά-

1028 677 1103 696 νοιαν
1115 668 1221 703 καὶτῆς
1234 666 1361 702 ἀληθεῖας
1374 669 1611 708 άποσφαλλοὺσης.
1626 669 1656 694 Εἰ
1671 669 1699 695 δέ
1713 678 1754 700 τις
1769 668 1816 695 τὸν

1028 715 1216 748 ἀκατάσκενόν
1233 723 1261 741 τε
1274 715 1321 742 καὶ
1336 715 1440 750 γυμνὸν
1459 716 1549 750 πάσης
1566 715 1715 750 περιϐολῆς
1730 723 1817 750 προσ-

1029 762 1098 788 ίεται
1117 761 1206 795 λόγον,
1221 761 1349 796 ἐροῦμεν.
1366 761 1438 793 ὅπως
1456 760 1488 787 ἂν
1505 758 1560 788 οἷόν
1583 770 1612 787 τε
1638 759 1667 797 ᾗ,
1683 760 1754 787 κατὰ
1768 760 1815 787 τὸν

1028 808 1123 843 εἱρμὸν
1139 807 1189 841 τῆς
1206 807 1348 842 γραφικῆς
1366 807 1540 842 ὐφηγήσεως,
1562 807 1611 841 τὴν
1631 807 1695 841 περὶ
1710 806 1816 833 τούτων

1028 851 1144 886 θεωρίαν
1159 852 1354 885 προσάγοντες.
1367 852 1399 878 Εί
1415 851 1448 886 δὴ
1463 849 1509 878 οὖν
1525 850 1573 877 καὶ
1587 852 1654 886 ἡμῖν
1668 850 1748 877 θείων
1760 851 1817 877 Πα-

1027 899 1113 933 τέρων
1125 899 1244 934 γραφαῖς
1254 898 1411 930 ὁπλίζεσθαι
1424 899 1470 926 καὶ
1480 897 1739 931 ἀντιστρατεύεσθαι
1752 897 1815 924 κατ’

1026 944 1116 972 αὐτῶν
1130 945 1278 979 ἀναγκαῖον
1298 945 1458 980 ἐτύγχανεν,
1472 944 1654 979 ἁκατασκεύῳ
1669 944 1707 979 τῷ
1721 944 1816 979 τρόπῳ

1026 992 1072 1018 καὶ
1086 992 1163 1018 αὐτοὶ
1176 993 1234 1023 ταῖς
1250 992 1430 1026 σαφεστέραις
1443 991 1476 1017 ἂν
1489 991 1677 1026 ἐχρησάμεθα.
1689 990 1737 1017 καὶ
1749 991 1817 1017 ὀπό-

1026 1047 1070 1064 σαι
1088 1037 1214 1073 προφανῆ
1225 1039 1270 1064 καὶ
1285 1038 1519 1071 ἀνανταγώνιστον
1533 1038 1579 1063 τὸν
1588 1035 1747 1072 ἐγκείμενον
1758 1037 1817 1068 τοῖς

1026 1081 1149 1116 μετιοῦσι
1173 1082 1323 1117 παρέχουσι
1345 1081 1419 1114 νοῦν,
1438 1082 1486 1108 καὶ
1509 1081 1540 1107 οὐ
1559 1080 1631 1115 μάλα
1651 1080 1684 1116 δὴ
1697 1081 1757 1113 ταῖς
1770 1081 1816 1108 αί-

1024 1126 1209 1159 νιγματὼδεσι
1225 1128 1273 1154 καὶ
1288 1126 1454 1161 δυναμέναις
1464 1125 1508 1152 διά
1521 1133 1551 1151 τε
1566 1124 1614 1156 τὰς
1629 1125 1683 1151 τῶν
1703 1125 1816 1152 ὑποκει-

1027 1173 1116 1207 μένων
1135 1173 1296 1208 ὁμωνυμίας
1324 1173 1370 1199 καὶ
1389 1173 1432 1199 διὰ
1452 1173 1482 1200 τί)
1500 1174 1550 1208 τῆς
1567 1173 1668 1205 λέξεως
1690 1173 1736 1199 καὶ
1756 1172 1814 1199 τῶν

1024 1219 1165 1252 ὀνομάτων
1178 1219 1338 1254 Ιὀμιχλῶδές
1357 1228 1386 1246 τε
1405 1220 1452 1247 καὶ
1473 1220 1648 1256 ἀμφιρῤεπὲς
1672 1219 1816 1254 πολλαχῶς

1024 1265 1235 1300 ἑρμηνεύεσθαι.
1254 1265 1426 1301 [εὑρίσκομεν
1447 1266 1503 1302 γὰρ
1528 1266 1648 1300 πολλαχῆ
1667 1265 1717 1300 τῆς
1737 1266 1814 1297 θείας

1023 1309 1134 1345 Γραφῆς
1151 1311 1297 1346 ὲπίκρυψίν
1311 1320 1337 1337 τι
1352 1311 1440 1342 αὐτοῖς
1451 1312 1579 1346 ὀνόμασιν
1589 1311 1814 1347 ὑποκαθημένην,

1022 1357 1060 1388 ὡς
1077 1357 1106 1383 τὸ
1122 1357 1205 1387 εἰκός.
1224 1357 1332 1392 Ὠσπερ
1349 1358 1402 1392 γὰρ
1418 1359 1442 1385 οι
1457 1357 1511 1384 τῶν
1530 1358 1662 1393 βασιλέων
1682 1357 1813 1394 θάλαμοι,

1023 1404 1071 1430 καὶ
1084 1404 1170 1430 ὁπόσα
1191 1404 1345 1438 ἀνθρώποις
1363 1404 1424 1438 ίερά
1439 1412 1469 1430 τε
1484 1404 1530 1430 καὶ
1542 1404 1633 1439 τίμια,
1648 1404 1700 1431 ὑπὸ
1722 1413 1814 1439 παραυ

1022 1450 1196 1485 πετάσμασιν
1213 1449 1279 1476 ἄλλα
1298 1450 1388 1482 ἄλλοις
1404 1450 1597 1483 καλύπτονται,
1615 1451 1658 1478 ἵνα
1677 1452 1747 1486 μήτε
1765 1451 1815 1488 δή-

1023 1506 1082 1533 μοις
1094 1497 1212 1529 ἀνοσίοις
1225 1496 1393 1532 προκείμενα
1409 1497 1617 1533 κιϐδηλεύηται,
1637 1498 1707 1533 μήτε
1730 1506 1814 1532 περι-

982 1557 1003 1586 c
1022 1543 1155 1580 φρονῆται
1178 1543 1222 1570 διὰ
1237 1543 1267 1570 τδ
1282 1544 1332 1578 τῆς
1354 1544 1532 1579 καταλήψεως
1553 1545 1700 1580 πρόχειρόν
1716 1553 1746 1571 τε
1764 1545 1814 1572 καὶ

1021 1591 1132 1621 ἄπονον,
1154 1589 1227 1616 οὕτω
1244 1589 1277 1625 δὴ
1293 1590 1340 1617 καὶ
1354 1590 1387 1616 τὰ
1406 1590 1518 1617 πλεῖστα
1544 1590 1591 1625 τῆς
1608 1590 1682 1622 θείας
1699 1590 1814 1625 Γραφῆς

1020 1637 1066 1663 καὶ
1088 1637 1206 1671 μάλιστα
1223 1633 1263 1669 οἷς
1289 1636 1415 1672 μυστικοί
1431 1644 1503 1668 τινες
1519 1636 1700 1671 ὖφεδρεύουσι
1717 1636 1813 1671 λόγοι,

1020 1682 1144 1717 καθάπερ
1155 1683 1206 1709 ὑπὸ
1217 1683 1452 1717 παραπετάσμασι
1462 1682 1645 1710 καλύπτονται
1657 1683 1712 1714 τοῖς
1723 1683 1814 1710 τοιού-

1019 1736 1075 1760 τοις
1087 1729 1228 1763 ὀνόμασιν,
1241 1729 1290 1755 ὅσα
1302 1728 1446 1755 πολὺντδν
1460 1728 1558 1762 γνόφον
1573 1728 1751 1764 ἐπισύρονται
1766 1729 1814 1755 καὶ

1022 1774 1117 1806 σκότος
1131 1775 1294 1809 ἀποκρυφὴν
1307 1774 1412 1801 ἑαυτῶν
1423 1774 1543 1801 τίθενται
1554 1773 1600 1800 καὶ
1614 1773 1705 1809 κύκλῳ
1719 1774 1813 1801 αὐτῶν

1021 1820 1071 1855 τὴν
1089 1821 1191 1855 σκηνὴν
1211 1820 1313 1847 αὐτῶν.
1333 1819 1506 1854 Εὑρίσκομεν
1525 1819 1554 1846 δὲ
1573 1819 1620 1846 καὶ
1636 1819 1699 1851 τοὺς
1720 1819 1814 1851 θείους

1019 1865 1156 1900 Πατέρας,
1169 1865 1308 1892 Βασίλειόν
1322 1865 1449 1900 φημικαὶ
1462 1865 1669 1900 Χρυσόστομον,
1683 1864 1814 1897 Μάξιμὸν

1018 1921 1047 1940 τε
1059 1913 1269 1951 καὶνΚύριλλον,
1282 1911 1531 1948 παραγγέλλοντας,
1557 1911 1594 1946 μὴ
1610 1912 1659 1938 ὅσα
1677 1911 1732 1938 τῶν
1751 1911 1814 1937 ὀνο-

1021 1958 1125 1992 μάτων,
1154 1956 1214 1991 μηδ’
1230 1956 1258 1982 ὲν
1278 1957 1349 1987 ὅσοις
1369 1955 1558 1990 ὑποκειμένοις
1578 1954 1674 1990 ἠχοῦσι
1701 1955 1813 1988 ταυτὸν,

1020 2002 1067 2029 καὶ
1083 2002 1152 2029 κατὰ
1167 2002 1267 2037 τρόπον
1285 2002 1364 2033 εὐθὺς
1378 2001 1560 2038 ὲκλαμΰόινειν
1575 2001 1642 2036 ὁμοῦ
1658 2001 1703 2027 τὸν
1717 2001 1812 2035 αὑτὸν,

1022 2048 1089 2083 μηδὲ
1103 2049 1164 2079 ταῖς
1180 2047 1269 2080 λέξεσι
1286 2048 1430 2083 προσέχειν
1447 2047 1576 2080 καθάπαξ
1592 2048 1637 2073 τὸν
1653 2047 1727 2079 νοῦν,
1742 2047 1813 2074 ἀλλὰ

1019 2095 1079 2126 ταῖς
1100 2094 1148 2125 τῆς
1167 2094 1351 2129 ὑποκειμένης
1373 2094 1528 2125 ὑποθέσεως
1551 2094 1668 2124 ἐννοίαις
1692 2095 1740 2120 καὶ
1767 2094 1812 2120 τὸν

1021 2137 1121 2167 σκοπὸν
1132 2137 1200 2172 ὀμιιῦ
1211 2138 1259 2163 καὶ
1274 2137 1323 2171 τὴν
1335 2136 1466 2172 πρόθεσιν
1479 2137 1526 2171 τῆς
1541 2137 1732 2172 μελετωμένης
1741 2136 1812 2171 Γρα-

1021 2184 1075 2218 φῆς
1090 2182 1239 2216 ἐξετάζειν,
1257 2182 1294 2215 ὡς
1309 2183 1339 2209 τὸ
1353 2183 1436 2215 είκὺς,
1453 2181 1494 2215 [Ρ.
1513 2182 1576 2219 515]
1594 2183 1640 2209 καὶ
1655 2183 1710 2214 τοῖς
1727 2191 1814 2220 προσ-

981 2230 1105 2269 Βώποις
1127 2231 1174 2256 καὶ
1198 2231 1255 2261 τοῖς
1280 2230 1383 2263 καιροῖς
1407 2229 1545 2262 ἀναλόγως
1565 2230 1611 2256 καὶ
1635 2229 1813 2265 καταλλήλως

1019 2275 1184 2310 ἐφαρμόζειν
1197 2275 1244 2301 καὶ
1260 2275 1450 2307 συμὸιῦάζειν.
1467 2276 1536 2310 Φησὶ
1550 2275 1578 2301 δὲ
1595 2275 1670 2301 καὶὸ
1687 2275 1812 2308 θεολόγος

1017 2321 1168 2357 Γρηγόριος
1192 2316 1260 2356 (εὖ),
1278 2322 1320 2347 ὅτι
1345 2322 1405 2352 ταῖς
1432 2324 1630 2356 προσηγορίαις
1650 2321 1723 2359 τιρίὲς
1742 2321 1812 2355 ὁμοῦ

1019 2366 1066 2393 καὶ
1082 2366 1132 2401 τὴν
1147 2365 1241 2392 οὐσίαν
1260 2366 1429 2401 παχυμερῶς
1449 2365 1661 2401 συνδιαιρεῖσθαι
1682 2365 1812 2398 δοξάζον-

1019 2419 1064 2443 τες
1076 2411 1172 2443 ἀνάξια
1186 2411 1344 2437 παντάπασι
1357 2412 1410 2437 τῶν
1422 2410 1501 2437 θείων
1510 2413 1567 2442 ni;
1575 2412 1680 2438 ἑαυτῶν
1692 2412 1812 2441 ἐννοίαις

1020 2457 1171 2490 δοξάζουσι.
1183 2457 1324 2492 Τοσαύτης
1334 2457 1423 2484 τοίνλν
1431 2457 1645 2492 διχοττασίαςὲπ
1657 2459 1812 2493 χωριτιξοὺ-

1022 2511 1072 2537 σης
1086 2503 1150 2538 περὶ
1160 2503 1209 2535 τὰς
1222 2502 1309 2535 λέξεις
1323 2504 1371 2529 καὶ
1384 2505 1419 2530 τὰ
1433 2505 1566 2539 ὀνόματα,
1581 2504 1626 2531 διὰ
1640 2505 1687 2533 τά,
1700 2505 1811 2537 ὁμωνυ-

1022 2549 1087 2583 μίας
1102 2549 1155 2575 τῶν
1177 2549 1366 2584 ὑποκειμένων
1387 2551 1570 2585 πραγμάτων,
1593 2550 1639 2576 καὶ
1654 2549 1742 2581 ἄλλως
1761 2551 1813 2586 μὲν

1021 2594 1066 2620 ἐπὶ
1087 2594 1153 2621 Θεοῦ
1171 2594 1360 2630 λαμὸάιεσθαι
1382 2596 1543 2630 όξειλόντων
1563 2597 1663 2628 αὐτῶν,
1681 2597 1770 2627 ἄλλως
1790 2597 1813 2623 δ’

862 2703 1028 2735 t’ariorum
1047 2710 1139 2736 notae.

186 2763 296 2802 divina;
307 2763 541 2802 παρεσκευάσθαι.
559 2763 782 2802 μήτενδεινότητα
794 2765 968 2802 διαλεκτικῆς

188 2799 331 2835 ἀγχινοίας
348 2800 387 2831 εἰς
404 2799 565 2834 συμμαχίαν
578 2801 647 2835 κατὰ
661 2800 716 2825 τὼν
731 2799 969 2835 ἀντιτεταγμένων

186 2833 398 2869 προϐάλλεσθαι,
410 2834 428 2869 ἢ
442 2836 489 2861 καὶ
504 2833 556 2867 τὴν
568 2834 698 2868 ἀλήθειαν
712 2835 841 2866 πολλάκι,
855 2833 893 2866 εἰς
906 2837 969 2862 ὑπό-

187 2869 260 2894 νοίαν
274 2868 387 2903 ψεύῖους
403 2868 449 2895 ἐπὶ
459 2869 513 2896 τῶν
527 2869 649 2904 ἀπείρων
661 2870 892 2905 ἀντιμεθίστησςν.
903 2871 970 2898 Grc.-

1018 2775 1077 2803 gor.
1094 2768 1172 2803 N,yss.
1188 2768 1237 2796 lib.
1253 2776 1282 2800 ll,
1300 2769 1401 2796 Contra
1416 2769 1587 2801 Eunomium,
1599 2768 1696 2796 eodem
1713 2775 1810 2803 sensu,

1019 2803 1067 2830 sed
1090 2811 1143 2829 non
1160 2804 1255 2830 iisdem
1274 2805 1373 2831 verbis.
1395 2804 1496 2831 ΒοινιΝ,

1057 2839 1113 2873 (85)
1127 2838 1168 2866 Ad
1184 2837 1341 2874 livagrium,
1359 2839 1396 2866 Dc
1416 2840 1568 2867 Dirinitate.
1585 2838 1690 2867 Bonus.
