1920 3075
111 156 163 188 7ὶ3
253 153 292 189 [Δ.
312 159 337 181 c.
354 152 423 181 1528
441 145 473 179 in
490 149 567 186 15M]

638 151 863 182 BYZANTINIE
884 142 1078 180 HIS'I‘ORIE’E
1101 150 1163 179 LIB
1184 149 1220 179 Χ.

1289 146 1356 182 [ινιτ.
1371 151 1501 174 Αῖωιιοειις
1520 144 1590 180 tum]

1683 145 1736 178 711

105 211 152 238 ἐπὶ
166 211 218 246 τῆς
240 211 373 245 γεννητῆς
396 209 497 245 ταύτης
514 208 561 236 καὶ
586 209 704 242 ῥευστῆς
720 207 839 242 φύσεως,
855 206 896 237 τίς

967 205 1004 238 it;
1023 205 1152 240 quoniam
1171 204 1229 232 haec
1253 208 1356 231 tantum
1372 211 1426 230 non
1447 211 1514 230 voce
1532 203 1606 230 edita
1623 211 1671 238 per
1692 211 1735 234 ea.

108 257 201 293 ἱκανὸς
226 256 370 291 ἐφικέσθαι
386 256 418 291 δὴ
433 256 483 290 τῆς
497 255 592 288 ἀξίας;
614 254 645 281 Et
661 254 713 290 γὰρ
731 254 795 284 τοὺς
811 253 898 284 θείους

109 303 236 336 Πατέρας
254 302 386 335 ἐκείνους,
409 302 443 328 τὰ
457 301 505 328 τοῦ
521 300 679 335 Πνεύματος
703 299 817 334 ὄργανα,
834 300 899 330 τοὺς

108 351 200 376 πᾶσαν
218 348 288 383 ὑπὲρ
307 349 431 379 ἅπαντας
446 346 624 382 ἀνθρωπίνην
643 345 739 379 σοφίαν
753 344 900 377 διεξελθόν-

107 402 174 424 τας,
189 394 213 418 εἰ
229 391 276 419 οὖν
298 392 419 424 ἐκείνους
437 393 466 417 ὲν
487 392 547 422 ταῖς
569 390 648 417 θείων
666 389 783 426 Γραφῶν
799 389 901 424 ἐξηγή-

109 448 168 467 σεσι
185 437 390 473 διαφωνοῦντας
407 437 575 475 εὑρίσκομεν
590 436 713 471 πολλαχῆ
730 435 778 462 καὶ
799 434 899 470 μικροῦ

107 484 240 512 τάναντία
263 483 395 514 πολλάκις
410 482 571 514 διεξιόντας,
589 481 633 508 διὰ
649 481 678 507 τὸ
700 481 792 516 γνόφῳ
811 480 901 515 πολλῷ

107 531 170 563 καὶ,
191 528 249 556 οἷον
264 530 362 562 εἰπεῖν,
381 527 559 564 προπυλαίοις
574 528 699 563 στερροῖς
713 527 761 554 καὶ
779 527 901 561 ἁδαμαν⁴

107 578 193 608 τίνοις
208 574 417 611 δορυφορεῖσθαι
434 571 483 605 τὰς
500 574 575 605 θείας
588 574 691 604 ταύτας
708 573 755 600 καὶ
770 573 903 608 ὑψηλοτέ-

111 633 160 659 pa;
176 623 280 651 ἐννοίας
290 630 296 636 ·
313 622 339 648 τί
354 621 388 648 ἂν
406 620 462 656 ἔχοι
476 629 519 651 τις
538 620 632 654 ἕτερος
647 620 746 657 λέγειν,
767 620 836 655 μήτε
851 622 902 654 τὴν

109 669 285 705 ἀνθρωπίνην
301 668 398 702 σοφίαν
411 667 495 701 ἐγγύς
511 675 562 693 που
574 667 715 702 τυγχάνων
728 667 841 693 ἐκείνων
857 666 903 692 καὶ

109 716 170 751 ἅμα
188 715 289 748 πολλῆς
310 714 420 745 ἀπόζων
439 713 491 748 τῆς
509 712 650 748 μοχθηρᾶς
663 711 764 747 ταύτης
781 713 827 738 καὶ
845 712 902 738 ὕλι-

111 761 162 794 χῆς
179 758 383 793 προσπαθείαςς
396 757 463 784 Ἰδοὺ
478 758 541 792 γὰρ,
560 758 605 784 ἶνα
625 759 714 792 σιωπῇ
729 757 904 792 παραδράμω

110 806 146 832 τὰ
159 805 284 836 πλεῖστα,
299 804 344 835 τὸ,
367 813 375 829 ι
394 803 497 839 Κύριος
515 803 607 829 ἔκτισε
626 812 660 838 με
682 803 769 839 ἀρχὴν
784 804 842 830 ὁδὸν
857 803 906 829 αὺ-

111 850 173 883 τοῦ,
195 859 205 876 ι
225 851 239 876 ὁ
263 850 314 885 μὲν
340 850 410 880 θεῖος
433 849 479 876 καὶ
501 849 588 884 μέγας
609 849 749 880 Βασίλειος
773 849 838 884 περὶ
857 850 906 883 τῆς

111 880 317 930 ἐμφαινομένης
334 893 372 928 τῷ
384 894 479 928 κόσμῳ
496 880 592 927 σοφίας
611 893 736 928 εἰρῆσθαί
753 880 902 929 (ευ-φησί,
920 880 945 910 Β

113 941 259 975 μονονουχὶ
284 940 375 974 φωνὴν
400 939 526 974 ἀφιείσης
546 939 591 966 διὰ
611 939 664 965 τῶν
687 940 844 974 ὁρωμένων.
862 940 904 966 ὅτι

111 987 192 1022 παρὰ
213 986 280 1013 Θεοῦ
306 987 403 1020 γέγονε
421 986 469 1012 καὶ
487 985 538 1012 οὐκ
562 985 724 1020 αὐτομάτως
746 987 762 1021 ἡ
785 986 904 1021 τοσαύτη

113 1033 197 1066 σοφία
215 1033 272 1063 τοῖς
285 1031 509 1059 ἀπο-τελεσθεῖσιν
524 1032 664 1067 ἐμπρέπει
675 1038 682 1044 ·
696 1031 769 1058 καθὰ
782 1032 829 1059 καὶ
840 1032 905 1063 τοὺς
922 1042 925 1045 ·

112 1079 273 1114 οὐρανοὺς-6
285 1078 368 1105 Δαὸὶδ
377 1077 530 1112 διηγεῖσθαί
540 1086 606 1111 φησι
622 1077 670 1112 τὴν
685 1077 764 1109 δόξαν
780 1078 826 1104 τοῦ
837 1077 904 1104 Θεοῦ

114 1127 220 1160 φωναῖς
234 1125 393 1160 ἀλαλήτοις.
417 1123 446 1150 '0
463 1123 492 1150 δὲ
509 1124 597 1158 μέγας
615 1125 643 1150 ὲν
660 1123 785 1159 θεολογίᾳ
801 1124 906 1159 Γρηγὸ-

115 1180 173 1206 pm;
184 1170 230 1197 τοῦ
245 1171 371 1205 Σωτῆρος
381 1168 475 1196 τοῦτον
487 1168 556 1195 εἶναι
570 1170 671 1203 φάσκει
687 1169 731 1196 τὺν
740 1171 818 1204 λόγον
831 1171 887 1205 (85)
898 1179 904 1186 ‘

113 1218 165 1244 καὶ
183 1217 246 1252 ἑξῆς
271 1216 442 1251 ἑρμηνεύων,
459 1216 509 1242 ὅσα
526 1216 575 1250 μὲν
603 1215 673 1250 μετὰ
688 1216 736 1249 τῆς
753 1215 842 1248 αἰτίας
862 1217 907 1242 εὑ-

116 1260 268 1300 ρίσκει,”τῇ
285 1263 478 1298 ἀνθρωπότητι
497 1262 583 1288 ταῦτα
607 1261 785 1297 προστίθησιν
798 1271 806 1279 ·
819 1263 869 1289 ὅσα
885 1263 907 1289 δ’

115 1310 193 1336 ἁπλᾶ
204 1309 250 1336 καὶ
262 1309 382 1342 ἀναίτια,
393 1308 479 1335 ταῦτα
489 1307 587 1334 διελὼν
597 1308 734 1342 λογίζεται
744 1309 777 1343 τῇ
789 1308 906 1342 θεότητι.

121 1356 196 1383 Ἀλλ’
209 1353 282 1383 οὗτοι
299 1355 348 1391 μὲν
360 1355 445 1388 σκεύη
458 1355 503 1382 τοῦ
516 1355 675 1389 Πνεύματος
687 1355 763 1386 ὄντες
777 1356 824 1382 καὶ
839 1356 908 1391 πρὸς

114 1403 166 1429 ἕνα
184 1403 329 1438 βλέποντες
353 1402 454 1428 σκοπὸν
474 1402 522 1428 καὶ
540 1401 589 1436 τὴν
608 1401 738 1436 τοιαύτην
760 1402 909 1438 διαφωνίαν

115 1449 214 1483 ὥσπερ
229 1450 261 1475 ἐκ
273 1448 410 1482 διαφόρων
426 1448 495 1474 ὁδῶν
511 1447 579 1482 πρὸς
591 1447 622 1474 ἐν
638 1449 804 1483 περιάγουσι
821 1449 908 1481 τέλος,

117 1495 232 1526 εὐσεϐὲς
251 1494 352 1530 δηλαδὴ
369 1494 416 1521 καὶ
435 1495 579 1530 σωτήριον.
596 1494 627 1521 Ol
645 1494 672 1520 δὲ
686 1495 741 1521 τῶν
763 1494 910 1530 ἁλὶοτρίων

117 1543 256 1578 αἱρέσεων
273 1542 424 1577 ἡγεμόνες,
447 1541 584 1576 πρόφασιν
607 1541 791 1575 λαμϐάνοντες
814 1542 844 1567 τὸ
861 1542 911 1576 τῆς
926 1560 947 1587 c

117 1589 240 1619 διανοίας
260 1588 420 1622 δυσέφικτον
443 1588 498 1614 τῶν
515 1587 644 1624 Γραφῶν,
666 1587 744 1622 δίκην
767 1587 912 1621 ἱεροσύλων

118 1635 315 1668 καταξαίνουσι
340 1634 439 1666 ταύτας
455 1635 502 1661 καὶ
525 1634 592 1670 πρὸς
610 1634 749 1665 ἀϐύσσους
771 1633 912 1668 πυθμένας

118 1683 288 1710 καθέλκουσι
314 1681 368 1708 τῶν
392 1681 585 1716 βλασφημιῶν.
611 1681 644 1708 Εἰ
670 1680 738 1715 γοῦν
763 1681 914 1714 ἀναγκαῖον

120 1729 256 1764 ἐτύγχανε
278 1728 326 1754 καὶ
349 1729 414 1762 ἡμῖν
431 1728 477 1753 ἐπὶ
494 1726 542 1753 τοῦ
566 1727 702 1761 παρόντος
718 1726 841 1757 ὁπλίζειν
864 1725 913 1759 τὴν

122 1775 252 1808 γλῶτταν
265 1773 337 1799 κατὰ
354 1772 408 1799 τῶν
425 1772 564 1805 ἐναντίων,
582 1772 620 1803 ὡς
639 1771 759 1806 ἔφαμεν,
775 1772 805 1797 οὐ
825 1770 913 1797 τοιού-

118 1829 177 1847 τοις
192 1820 226 1845 ἂν
234 1818 415 1853 ἐχρησάμεθα
423 1818 479 1849 τοῖς
491 1818 630 1852 ὀνόμασιν,
645 1815 685 1849 οἷς
700 1817 730 1843 τὸ
745 1816 914 1851 πολύτροπον

119 1867 169 1892 καὶ
185 1864 344 1899 πολυσχιδὲς
362 1863 515 1898 ὲμφωλεύει
532 1863 578 1889 τοῦ
595 1863 653 1895 νοῦ,
670 1862 739 1889 ἀλλά
754 1863 810 1893 τοῖς
826 1863 916 1897 ἀναμ-

121 1911 300 1944 φισϐητήτως
315 1908 537 1944 ὡμολογημένοις
548 1908 593 1934 καὶ
605 1909 870 1942 συμπεφωνημένοις
885 1907 916 1939 ἐξ

121 1957 227 1989 ἀμφοῖν
242 1955 290 1980 καὶ
309 1954 359 1980 ὅσα.
377 1955 416 1985 εἰς
433 1954 558 1985 ἐπινοίας
573 1953 685 1987 ἄγουσιν
698 1954 771 1988 ἡμᾶς
786 1953 815 1986 ἐξ
832 1954 916 1987 ἀνάγ-

122 2007 175 2034 κης
187 1998 241 2024 τῶν
249 1997 351 2032 νοητῶν
361 1997 431 2024 κατὰ
442 1997 472 2023 τὸ
485 1996 670 2032 ἁπλούστερον
682 2005 688 2011 ·
700 1998 760 2023 ἐπεὶ
770 1997 917 2032 πάμπολλα

125 2044 228 2078 σφόδρα
240 2044 286 2070 καὶ
297 2042 383 2069 ταῦῑα
396 2043 508 2069 ἐπανθεῖ
523 2044 556 2077 τῇ
582 2043 642 2077 θείᾳ
670 2043 776 2078 Γραφῇ.
793 2042 835 2078 [Ρ.
852 2042 916 2075 5161

131 2089 210 2116 Ἐπεὶ
224 2089 245 2114 δ’
262 2088 310 2114 οὐκ
326 2088 474 2122 ἀναγκαῖον
488 2080 565 2114 tofm"
577 2088 639 2121 ἡμῖν
654 2088 730 2114 ἐστιν
747 2089 776 2113 ὲν
795 2087 833 2121 τῷ
846 2096 919 2123 παρ-

124 2134 193 2164 όντι,
210 2132 418 2168 ἑρηρεισμένοις
433 2131 480 2157 καὶ
494 2131 676 2166 ἡδρασμένυις
692 2131 738 2157 ἐπὶ
753 2132 812 2162 ταῖς
829 2131 919 2166 κρείτ-

125 2187 185 2206 τοσι
206 2179 301 2213 ρήσεσι
317 2179 364 2204 καὶ
376 2177 601 2211 ἁσφαλεστέραις,
613 2178 672 2208 ταῖς
686 2186 714 2203 τε
728 2169 919 2212 εὐαγγελικαῖς

949 259 1011 286 qua:
1027 251 1080 278 sub
1097 256 1238 286 aspectum
1254 249 1398 277 oculorum
1417 249 1519 276 cadunt
1533 253 1661 281 testetur,
1676 257 1705 276 se
1720 257 1737 277 ιι

952 300 1007 326 Deo
1022 306 1083 326 esse
1096 299 1237 326 conditam
1249 303 1278 324 et
1291 304 1347 324 non
1360 303 1425 324 casu
1441 287 1591 328 exstitisse,
1611 301 1642 323 ιιι
1661 300 1738 323 tanta

950 345 978 372 in
998 345 1033 372 iis
1060 352 1120 379 quat
1143 344 1214 370 facta
1231 347 1294 370 sunt
1318 342 1451 376 sapientia
1470 342 1622 375 emineret;
1641 348 1738 377 quem-

950 391 1097 421 admodum
1111 394 1138 418 et
1152 382 1234 417 David
1242 389 1327 417 emlos
1335 388 1403 416 dixit
1417 388 1464 416 Dei
1477 388 1592 422 gloriam
1607 396 1738 416 enarrare

951 437 1066 465 vocibus
1079 436 1275 464 inetl‘abilibus.
1288 436 1322 463 At
1333 443 1449 470 magnus
1461 435 1487 461 in
1501 435 1739 470 theologieisGre-

953 485 1045 520 gorius
1060 483 1216 512 Servatoris‘
1230 484 1302 511 hanc
1314 483 1468 511 orationem
1485 490 1546 510 esse
1561 482 1608 514 ait,
1622 490 1740 517 eamque

951 531 1049 559 ordine
1064 532 1261 565 interpretans,
1277 538 1337 565 qua
1349 538 1412 558 cum
1425 537 1506 557 causa
1517 536 1578 557 esse
1592 529 1741 564 conjuncta

953 577 1068 609 invenit,
1096 584 1128 604 ea
1156 576 1321 605 humanitati
1345 575 1555 602 accommodat:
1585 582 1647 609 qua:
1677 582 1743 602 vero

956 618 1092 658 simplicia
1107 627 1135 650 et
1149 623 1209 650 sine
1224 629 1316 654 causa,
1336 621 1482 656 distinguit
1497 628 1529 648 ac
1544 620 1624 655 512
1641 620 1745 647 Divini-

956 671 1005 698 tati
1020 670 1159 698 attribuit.
1175 669 1324 696 Enimvero
1340 668 1380 701 hi,
1394 675 1456 695 cum
1470 667 1590 702 Spiritus
1607 675 1671 693 vasa
1687 667 1744 694 sint

954 721 983 744 et
997 716 1031 744 ad
1055 715 1183 744 eumdem
1207 722 1322 749 scopum
1349 714 1502 745 colliment,
1522 713 1575 740 tale
1597 712 1744 740 dissidium

955 763 1033 790 velut
1049 762 1168 790 diversis
1191 762 1245 789 viis
1264 761 1298 788 ad
1316 769 1402 788 unum
1427 760 1509 788 ﬁnem
1524 767 1644 794 eumque
1668 759 1743 794 pium

957 819 989 838 ac
1001 811 1148 838 salutarem
1159 809 1311 838 inﬂectunt.
1320 809 1520 836 Extranearum
1532 814 1598 834 vero
1607 811 1743 833 sectarum

957 860 1096 888 auctores,
1123 860 1232 890 arrepta
1248 854 1425 882 obscuritatis
1443 853 1649 887 Scripturarum
1661 859 1740 878 oeca-

957 902 1045 933 sione,
1064 901 1263 935 sacrilegorum
1283 900 1368 927 instar
1386 907 1433 927 eas
1448 899 1599 926 dilacerant
1611 902 1639 924 et
1652 897 1681 924 in
1699 905 1747 924 ex-

958 950 1073 973 tremam
1090 945 1324 980 blasphemiarum
1340 945 1467 980 abyssum
1492 942 1650 970 detrudunt.
1665 941 1742 974 Quod

958 991 980 1018 si
1004 991 1085 1018 nobis
1110 991 1193 1018 etiam
1219 991 1246 1017 in
1271 989 1414 1024 praesentia
1440 993 1515 1016 esset
1538 996 1607 1023 opus
1622 988 1745 1023 linguam

958 1040 1054 1062 contra
1074 1035 1248 1062 adversarios
1262 1042 1373 1065 acuere,
1390 1038 1420 1061 ut
1435 1034 1566 1066 diximus,
1579 1041 1634 1060 non
1648 1033 1681 1060 iis
1697 1041 1747 1060 vo-

960 1081 1066 1108 cabulis
1077 1085 1229 1112 uteremur,
1245 1080 1273 1107 in
1289 1079 1391 1114 quibus
1409 1079 1546 1106 sententia
1562 1079 1704 1113 multiplex
1720 1083 1749 1105 et

959 1127 1035 1154 varia
1053 1128 1169 1160 lateret;
1194 1126 1241 1153 scd
1258 1126 1302 1156 iis.
1321 1134 1381 1160 quae
1396 1131 1474 1154 extra
1497 1133 1607 1153 omnem
1634 1129 1746 1152 contro-

960 1174 1078 1201 versiam
1092 1173 1329 1207 consentientibus
1342 1172 1442 1200 animis
1458 1173 1567 1208 utrique
1581 1172 1747 1199 conﬁteren-

962 1225 1016 1252 tur,
1032 1226 1150 1258 quotque
1171 1218 1328 1246 necessario
1349 1226 1400 1246 nos
1412 1218 1445 1245 ad
1459 1218 1602 1253 cogitanda
1615 1225 1645 1244 ea
1662 1217 1750 1245 dedu-

962 1269 1064 1296 cerent.
1084 1272 1143 1300 qme
1160 1264 1321 1299 simpliciori
1334 1271 1416 1292 sensu
1432 1264 1662 1299 intelligerentur.
1680 1264 1746 1291 Nam

962 1316 990 1338 et
1003 1311 1160 1346 hujusmodi
1176 1310 1313 1344 permulta
1338 1317 1353 1337 e
1372 1309 1458 1336 sacris
1482 1309 1597 1336 Litteris
1615 1309 1690 1336 velut
1706 1310 1747 1336 et-

963 1356 1123 1384 ilurcscunt.
1144 1355 1197 1383 Sed
1214 1356 1277 1391 quia
1293 1356 1372 1383 nobis
1388 1355 1415 1382 id
1434 1356 1487 1383 hoc
1503 1361 1626 1390 tempore
1638 1363 1692 1382 nou
1707 1360 1750 1382 est

964 1401 1164 1434 necessarium,
1190 1402 1235 1436 qui
1263 1401 1423 1429 melioribus
1443 1406 1471 1429 et
1491 1402 1640 1429 tutioribus
1657 1402 1748 1434 dictis,

963 1447 1128 1483 evangelieis
1141 1447 1282 1480 videlicet,
1296 1452 1323 1474 et
1337 1454 1416 1474 sacro
1427 1447 1489 1474 ﬁdei
1501 1447 1643 1483 Symbola,
1660 1457 1674 1475 a
1687 1456 1751 1475 san-

966 1494 1018 1520 ctis
1035 1493 1163 1520 Patribus
1178 1492 1243 1520 olim
1267 1493 1384 1524 sancito,
1407 1492 1524 1519 nitimur
1538 1497 1567 1520 et
1583 1493 1666 1520 veluti
1691 1494 1752 1520 fun—

965 1538 1097 1565 damento
1114 1537 1268 1565 insistimus
1285 1537 1324 1573 (hi
1340 1538 1413 1564 enim
1427 1537 1538 1571 limites,
1556 1538 1614 1566 inec
1629 1547 1751 1574 pronun-

967 1585 1032 1611 tiata
1057 1592 1154 1612 revera
1174 1588 1239 1612 sunt
1256 1583 1372 1617 notiora,
1397 1584 1554 1619 nullamque
1579 1584 1752 1612 demonstra-

966 1633 1067 1658 tionem
1084 1630 1240 1665 requirunt)
1254 1640 1261 1657 :
1273 1630 1383 1658 silentio
1398 1630 1504 1658 rixosas
1514 1630 1621 1657 illorum
1637 1635 1754 1658 conten-

965 1679 1055 1705 tiones
1070 1683 1098 1704 et
1113 1677 1320 1705 adversationes
1332 1684 1414 1712 quam
1428 1677 1663 1712 disputationibus
1676 1686 1756 1705 ever-

967 1729 1026 1751 tere
1042 1723 1110 1750 mihi
1125 1723 1235 1750 videtur
1249 1731 1311 1750 esse
1335 1723 1452 1757 aequius.
1471 1723 1547 1756 Quod
1565 1724 1587 1750 si
1606 1724 1687 1750 nobis
1706 1731 1754 1750 oc-

965 1770 1087 1796 curritur
1101 1769 1136 1796 ab
1149 1769 1253 1803 aliquo,
1270 1773 1380 1796 sanctos
1395 1769 1490 1796 Patres
1507 1776 1579 1803 saepe
1590 1769 1755 1804 syllogismis

968 1823 1032 1842 usos
1048 1816 1075 1842 in
1091 1815 1226 1850 ejusmodi
1241 1813 1452 1849 qumstionibus,
1469 1822 1532 1841 eum
1548 1822 1598 1849 ego
1617 1815 1688 1842 hami
1704 1823 1755 1849 op-

968 1864 1086 1895 portuna
1103 1860 1195 1887 dicere
1207 1859 1378 1887 amrinarim.
1398 1859 1493 1894 Neque
1510 1860 1583 1886 enim
1596 1867 1629 1887 eo
1643 1860 1669 1887 id
1682 1860 1756 1887 fece-

967 1909 1043 1938 runt,
1073 1910 1104 1933 ut
1127 1905 1315 1938 ostenderent,
1342 1913 1403 1940 quae
1429 1905 1475 1932 Dei
1494 1910 1589 1932 natura
1607 1911 1690 1936 esset,
1708 1911 1757 1933 aut

968 1959 1028 1987 qua:
1041 1951 1102 1978 Filii
1120 1952 1199 1986 513
1217 1951 1369 1986 generatio,
1386 1955 1435 1978 aut
1448 1959 1508 1986 qutc
1526 1951 1644 1985 Spiritus
1666 1953 1755 1979 sancti

970 1997 1129 2032 processio:
1145 1996 1192 2023 sed
1209 1997 1310 2030 potius,
1328 1999 1359 2022 ut
1379 2003 1426 2022 eos
1441 1999 1613 2028 coercerent,
1632 1996 1679 2030 qui
1696 1997 1758 2023 sine

969 2043 1024 2070 ulla
1045 2041 1179 2069 modestia
1205 2041 1233 2068 in
1258 2041 1421 2075 theologiam
1447 2041 1619 2068 invaderent.
1645 2041 1756 2075 Alioqui

970 2088 1044 2115 dicat
1059 2087 1127 2114 mihi
1148 2078 1259 2121 aliquis,
1274 2094 1329 2121 quo
1345 2086 1463 2114 consilio
1479 2094 1592 2121 magnus
1608 2086 1654 2113 ille
1677 2087 1756 2114 theo-

970 2135 1049 2169 logus
1058 2133 1207 2169 Gregorius
1218 2141 1276 2165 eos,
1286 2132 1335 2167 qui
1349 2133 1521 2160 contentiose
1533 2133 1565 2159 de
1578 2133 1756 2167 generatione

972 2180 1033 2207 Filii
1058 2184 1085 2206 et
1101 2180 1134 2206 de
1150 2179 1270 2214 Spiritus
1295 2179 1381 2206 sancti
1400 2179 1578 2213 processione
1602 2179 1756 2215 interroga-

125 2225 229 2260 δηλαδὴ
245 2225 293 2251 καὶ
308 2225 345 2255 ὡς
360 2224 464 2250 ἄνωθεν
484 2225 538 2255 τοῖς
559 2224 643 2255 ὁσίοις
660 2224 832 2259 [Ιατράσίτὸ
849 2225 911 2250 θεῖοι

974 2227 1050 2258 bant,
1081 2226 1133 2253 hac
1150 2225 1297 2253 verborum
1324 2225 1409 2260 ﬁgura
1432 2232 1576 2259 aggressus
1599 2225 1651 2252 sit:
1682 2236 1692 2252 ‹
1708 2227 1757 2254 Die

127 2272 177 2305 τῆς
197 2271 317 2300 πίστεως
337 2270 494 2303 κεκύρωται
522 2269 656 2304 σύμὶἰολον
676 2271 773 2304 (ταῦτα
791 2271 845 2305 γὰρ
860 2271 918 2306 ὅροι

129 2317 178 2343 καὶ
194 2317 281 2347 θέσεις
301 2316 338 2347 ὡς
355 2315 462 2350 ἀληθῶς
479 2315 691 2350 γνωριμώτεραί
708 2325 737 2342 τε
757 2318 804 2342 καὶ
819 2317 921 2343 ἀναπό-

129 2363 242 2396 δεικτοι)
257 2369 264 2376 ⁶
289 2363 378 2396 σιωπῇ
402 2362 451 2393 τὰς
475 2362 564 2387 αὐτῶν
584 2362 753 2394 φιλονείκους
779 2363 920 2393 ἐνστάσεις

130 2408 296 2441 ἀνατρέπειν
312 2406 411 2441 μᾶλλον
426 2406 441 2441 ἢ
460 2406 559 2440 λόγοις,
573 2406 634 2440 ἐμοὶ
653 2407 727 2432 δοκεῖ
741 2407 919 2441 δικαιότερον.

132 2453 162 2479 Εἰ
177 2453 205 2478 δέ
222 2461 264 2483 τις
278 2452 424 2483 ὲνίσταιτο,
448 2452 511 2484 τοὺς
535 2452 623 2483 θείους
640 2452 765 2487 Πατέρας
797 2453 920 2487 συλλογι-

133 2500 212 2534 σμοῖς
228 2498 358 2530 πολλάκις
369 2498 528 2533 χρωμένους
542 2499 676 2534 παράγων
685 2500 712 2524 ἐν
721 2500 774 2530 τοῖς
781 2499 922 2531 τοιούτοις·

133 2546 183 2575 οὐκ
200 2546 233 2572 ἂν
257 2545 345 2579 ἔγωγε
370 2545 464 2579 καίρια
481 2547 596 2579 φάσκειν
619 2546 743 2580 φήσαιμι
762 2545 866 2572 τοῦτον.
885 2547 922 2573 Οὐ

134 2593 188 2626 γὰρ
208 2591 251 2617 ἵνα
267 2590 401 2622 δείξωσιν,
421 2590 478 2616 οὗθ’
497 2591 511 2617 ὃ
538 2600 563 2617 τι
579 2592 637 2617 ἐστὶ
652 2594 702 2626 τὴν
718 2591 799 2625 φύσιν
812 2592 826 2617 ό
843 2592 920 2625 Θεὸς,

973 2272 1052 2304 mihi,
1065 2271 1164 2306 inquit,
1180 2278 1236 2305 quo
1253 2274 1332 2305 pacto
1346 2270 1426 2297 Pater
1443 2274 1524 2296 natus
1539 2278 1593 2297 non
1609 2271 1654 2302 sit,
1669 2276 1696 2298 et
1707 2280 1759 2307 ego

971 2323 1095 2345 naturam
1123 2316 1310 2352 generationis
1330 2316 1391 2343 Filii
1417 2316 1560 2351 explicabo
1586 2321 1613 2343 et
1638 2317 1760 2353 Spiritus

971 2363 1193 2397 processionem;
1212 2367 1240 2390 et
1254 2363 1336 2390 ambo
1354 2363 1534 2396 insaniemus,
1553 2363 1580 2390 in
1594 2371 1694 2391 arcana
1711 2365 1759 2392 Dei

971 2411 1097 2438 curiosos
1114 2410 1209 2438 oculos
1231 2410 1403 2438 inserentes:
1429 2410 1447 2436 ii
1464 2410 1627 2444 praesertim,
1644 2411 1691 2445 qui
1709 2419 1760 2438 nec

973 2465 1005 2484 ea
1023 2465 1084 2491 quae
1099 2461 1163 2484 ante
1180 2457 1264 2491 pedes
1277 2459 1352 2488 sunt,
1367 2456 1519 2491 intelligere
1535 2463 1690 2490 possumus,
1703 2464 1759 2484 non

973 2510 1084 2530 arenam
1103 2502 1197 2535 maris,
1215 2509 1269 2528 non
1284 2505 1375 2536 guttas
1388 2501 1555 2536 pluviarum,
1571 2509 1622 2529 nec
1639 2502 1698 2529 dies
1711 2510 1761 2529 saa-

975 2547 1029 2574 culi
1044 2554 1228 2574 enumerare:
1251 2550 1357 2572 tantum
1374 2545 1464 2578 abest,
1480 2549 1510 2571 ut
1535 2544 1562 2571 in
1580 2545 1627 2572 Dei
1650 2545 1761 2579 profun-

974 2592 1073 2619 ditatcs
1100 2592 1266 2620 descendere
1290 2596 1318 2618 et
1337 2591 1405 2618 adeo
1427 2590 1576 2618 ineil‘ebilis
1601 2597 1707 2618 natura:
1732 2595 1761 2619 et

811 2661 980 2692 Variorum
1000 2667 1092 2693 notae.

173 2731 230 2766 (34)
243 2729 362 2766 Basilius
370 2728 604 2766 MagnusrlibLtvL
614 2730 744 2766 Aduersus
755 2730 925 2764 Eunomium,

137 2769 168 2794 ad
178 2764 224 2792 illa
238 2765 333 2795 verba,
345 2765 472 2791 ΚΥΡΙΟΣ
482 2764 801 2800 ΕΚῚ’1ΣΕΜΕ,¹Λνάγλη
815 2765 872 2797 οὖν,
882 2767 924 2793 in-

139 2803 207 2837 quit,
224 2803 263 2831 εἱς
277 2799 538 2837 τὴνανθρωπὸτητα
562 2800 645 2837 αὑτοῦ
662 2801 742 2826 νοεῖν,
760 2801 837 2827 Eine:
853 2803 874 2826 δ’
891 2803 924 2828 ἀν

140 2834 178 2865 -Ξες
196 2837 244 2862 xxi.
260 2836 304 2870 τόν
321 2834 563 2870 Σολομῶντα-περι
584 2835 632 2868 τῆς
657 2836 751 2868 σοφίας
768 2837 921 2870 εἰρηκέναι,

139 2870 170 2907 ἧς
189 2872 238 2897 καὶ
253 2871 267 2896 ό
283 2869 443 2900 ’Δπόστολος
465 2868 613 2903 μέμνηται,
636 2871 736 2895 εἰπών·
754 2868 848 2906 ἐπειδὴ
867 2873 920 2907 γὰρ

301 2919 438 2949 l‘nuot.
460 2918 519 2947 (in.
543 2918 592 2948 CX
601 2918 647 2946 Μ’
656 2918 692 2948 Ill

979 2736 1008 2761 ἐν
1024 2736 1057 2769 τῇ
1074 2734 1155 2768 σοφίᾳ
1170 2732 1300 2768 τοῦδε)εοῦ
1321 2732 1370 2758 οὐκ
1383 2732 1454 2769 ,ἔγνω
1477 2730 1637 2769 κόσμοςᾉδιὰ
1653 2732 1702 2767 τῆς
1717 2741 1762 2758 σο-

979 2766 1198 2803 φίχξτὸνθὲὸν.
1218 2766 1343 2794 Fortasse
1360 2768 1391 2794 ad
1409 2775 1442 2794 ea
1467 2766 1549 2794 verba
1567 2766 1702 2802 Gregoras
1718 2776 1762 2795 rc-

978 2805 1076 2839 spexit.
1098 2805 1200 2830 BOH‘IN.

1016 2840 1070 2875 (δῖ’)
1088 2839 1199 2874 Gre-ger.
1219 2839 1281 2866 Nat.
1299 2839 1422 2866 oratione
1436 2839 1453 2865 '2
1473 2841 1505 2868 dc
1522 2841 1599 2867 Filio.
1621 2839 1725 2867 Boma'.
1771 2851 1774 2853 τ

1565 2923 1602 2952 ῑὶ3
