1920 3075
160 143 215 176 Ἶ15
305 142 342 178 [Α.
363 149 392 169 ιι.
413 140 535 177 6838.11)
556 139 639 176 6849]

765 141 977 173 NICEPHORI
998 142 1191 173 GltEGORIE

1739 144 1796 176 716

1333 140 1401 176 [ηερ.
1421 146 1564 169 Αποιιοκιο.
1585 141 1655 178 sum]

162 219 270 240 omnem
281 211 414 239 rationem
425 209 582 246 superantis
593 209 726 238 rationem
735 210 852 238 reddere
861 217 941 246 quea-

998 209 1055 236 οὔθ’
1069 211 1083 237 ὃ
1099 219 1124 237 τι
1151 210 1226 237 ἐστὶν
1246 209 1311 237 Υἱοῦ
1327 210 1455 245 γέννησις
1465 231 1473 244 ,
1487 210 1545 238 οὗθ’
1558 212 1572 238 ὅ
1586 221 1612 239 τι
1627 213 1686 240 ἐστὶ
1703 213 1795 242 Πνιύ·

162 265 250 285 mus.»
264 257 304 284 Ac
319 257 399 292 paulo
415 261 477 292 post
495 257 606 288 iterum,
629 256 788 284 adversario
806 260 947 291 quierente

161 303 300 338 specimen
329 308 356 330 et
377 302 597 334 similitudinem,
623 310 674 334 ac,
703 312 713 328 ε
735 302 772 329 Da
798 303 876 335 milii,
905 302 947 329 in-

161 349 285 384 quiente,
303 356 337 376 ex
353 349 451 377 eodem
470 349 569 384 partim
586 348 696 381 Filium,
712 350 812 383 partim
831 357 886 376 non
904 348 949 376 Fi-

161 397 241 428 lium,
261 395 362 423 deinde
381 401 410 423 et
430 395 555 422 eamdem
580 395 780 428 substantiam;
806 404 838 423 ac
860 396 946 422 Deum

160 448 188 470 et
202 442 287 470 Deum
305 443 461 474 admittam,
475 451 484 468 ι
503 442 667 476 respondet:
686 451 695 467 ι
712 442 779 469 Dato
789 446 818 469 et
832 446 861 469 tu
877 443 945 470 mihi

160 489 246 516 Deum
265 488 348 516 alium
366 493 394 516 et
410 493 538 516 naturam
559 489 626 521 Dei;
646 492 674 516 et
685 496 736 524 ego
755 489 804 516 tibi
820 489 945 516 eamdem

160 534 322 562 Trinitatem
338 534 420 566 dabo,
436 542 498 562 cum
523 535 619 562 iisdem
637 540 665 563 et
681 535 840 563 nominibus
861 539 889 562 et
902 543 946 562 re-

159 581 223 608 bus.
242 581 269 607 Si
286 588 353 608 vero
370 588 443 608 unus
458 585 500 608 est
513 581 596 613 Deus,
615 588 668 607 una
685 588 812 615 suprema
827 586 945 608 natura:

160 626 233 654 unde
252 627 300 654 tibi
315 626 428 654 alleram
446 627 674 654 similitudinem?
688 638 698 653 ι
717 627 763 655 Est
775 629 848 655 enim
866 628 945 655 valde

158 676 249 706 turpe.
263 679 313 699 nec
328 672 409 700 modo
426 676 516 706 turpe,
531 672 578 699 sed
591 677 618 700 et
630 672 843 707 perabsurdum,
858 681 891 700 ex
904 674 946 701 in-

158 718 307 745 ferioribus
322 719 496 753 superiorum
512 723 606 753 petere
624 719 781 753 imaginem,
807 725 834 747 et
848 728 944 747 eorum

158 772 218 800 quae
243 765 356 792 immota
375 770 438 792 sunt
462 773 496 792 ex
514 758 548 792 iis
562 773 623 800 qua:
647 765 718 792 fluxa
732 769 760 792 et
780 765 893 798 caduca,
916 770 945 793 et

157 810 229 846 quod
244 811 326 838 Isaias
341 811 388 842 ait,
402 811 521 838 viventia
538 812 564 838 in
578 812 696 838 mortuis
710 811 862 846 requirere.
874 811 946 844 Qua-

156 859 272 892 propter
298 857 380 883 etiam
409 856 473 883 alibi
503 857 557 884 ait:
589 867 598 882 ι
617 856 689 884 Intra
716 857 817 884 limites
836 863 944 885 nostros

157 901 239 937 514
248 901 429 928 consistentes
441 902 592 936 ingenitum
604 903 760 937 elgenitum
773 903 939 937 inducimus,

156 952 184 975 et
201 948 226 974 id
244 948 316 982 quod
332 955 346 974 e
363 948 444 975 Patre
460 948 592 981 procedit,
615 953 645 975 ut
662 949 720 983 ipSe
735 949 807 976 Deus
832 955 859 976 et
876 950 943 977 Ver-

156 994 222 1021 bum
238 994 287 1021 ait.
300 1004 309 1019 »
327 993 389 1021 ilazc
400 994 484 1029 igitur
500 994 560 1029 ejus
576 999 650 1027 sunt,
663 1002 716 1021 non
732 996 777 1030 qui
794 996 943 1022 assarendo

157 1040 328 1067 constituere
346 1039 421 1072 velit,
443 1040 509 1074 quid
529 1040 588 1067 haec
608 1040 673 1071 sint,
690 1040 736 1067 sed
751 1041 819 1075 ejus,
839 1041 885 1076 qui
901 1049 943 1068 re-

156 1085 240 1120 pellat
260 1089 287 1112 et
311 1085 449 1112 deterreat
465 1093 524 1116 eos,
542 1085 588 1120 qui
607 1090 709 1113 temere
734 1086 766 1112 ad
787 1086 942 1121 hujusmodi

156 1131 323 1159 assertiones
345 1131 518 1166 confugiunt.
544 1131 721 1166 Eequomodo
747 1135 839 1159 autem
863 1132 943 1160 aliter

156 1177 267 1209 sentiat,
286 1177 332 1212 qui
357 1184 392 1203 ne
407 1176 539 1206 vocabula
553 1177 664 1211 quidem
691 1177 738 1205 Dei
755 1182 860 1205 natum
877 1186 943 1205 eon-

156 1223 282 1257 gruentia
308 1217 423 1256 reperiri
453 1221 487 1248 ab
513 1222 672 1249 hominibus
697 1230 776 1258 posse
804 1223 943 1250 afﬁrmat?

155 1268 212 1296 Res
226 1268 301 1295 enim
329 1267 436 1294 divinas
456 1267 559 1294 nostris
577 1268 746 1300 nominibus,
760 1273 788 1295 ut
802 1269 876 1300 licet,
895 1277 942 1295 ex-

155 1313 310 1348 primimus.
324 1312 406 1339 «Nam
417 1312 439 1339 si
453 1313 480 1339 in
493 1312 536 1345 iis,
549 1311 647 1346 inquit.
663 1320 724 1347 qua:
739 1312 941 1348 intelliguntur,

156 1367 188 1387 ea
203 1367 264 1394 qua:
287 1356 413 1386 inﬁmum
434 1359 524 1387 locum
541 1359 676 1391 obtinent,
697 1367 797 1394 nempe
821 1359 894 1395 ψυχή
915 1364 943 1387 et

155 1403 246 1437 λόγος,
272 1403 392 1439 propriis
420 1403 578 1430 nominibus
604 1408 698 1430 carent
718 1404 841 1439 ‘(ctenim
867 1404 940 1440 ψυχή

155 1449 276 1477 femineo
302 1449 411 1476 nomine
429 1449 592 1484 appellatur,
620 1457 682 1476 eniti
703 1457 735 1476 ea
761 1450 821 1485 ejus
844 1455 941 1477 natura

156 1503 211 1522 non
229 1496 276 1527 sit,
292 1500 320 1521 et
338 1495 417 1528 λόγος
434 1494 597 1527 masculino,
611 1495 662 1521 etsi
681 1494 741 1529 ejus
759 1502 812 1521 non
831 1495 867 1522 sit
884 1502 941 1521 ma-

156 1541 231 1569 scula
245 1545 353 1577 natura)
368 1549 375 1574 ;
391 1548 423 1568 ea
437 1540 617 1572 intellectilia,
637 1548 697 1574 qum
711 1541 833 1567 oumium
852 1541 938 1575 prima
955 1553 976 1582 ε

154 1591 218 1615 sunt
235 1592 262 1614 et
277 1594 384 1614 omnem
402 1587 571 1613 intellectum
587 1589 736 1627 superanti,
748 1587 867 1620 propriis
891 1595 937 1621 ap-

155 1633 249 1667 pellari
265 1632 424 1660 nominibus
447 1631 586 1667 quomodo
602 1622 819 1660 aliirmabimus?
846 1643 855 1658 ι
871 1633 940 1661 Cum

154 1679 238 1714 igitur
254 1683 335 1706 tanta:
347 1684 375 1706 et
392 1678 535 1705 notiOnum
551 1685 578 1706 et
590 1678 804 1713 appellationum
822 1679 941 1706 tenebrat

154 1729 256 1752 nostrae
274 1725 358 1751 menti
371 1724 564 1754 oﬂ‘undantur.
585 1724 653 1761 quis
677 1723 833 1752 ratiocinari
855 1725 881 1751 in
896 1725 940 1752 bis

154 1772 254 1808 queat?
272 1771 350 1805 Quod
371 1772 416 1807 qui
431 1776 555 1803 conatur,
578 1771 703 1804 bifariam
727 1776 829 1806 peccat.
846 1771 940 1805 Neque

153 1819 226 1846 enim
237 1818 333 1845 horum
342 1817 490 1852 quidquam
498 1818 582 1849 novit,
594 1817 730 1852 simulque
739 1825 770 1844 ea
777 1825 805 1844 se
814 1817 940 1852 ignorare

154 1864 272 1899 ignorat.
285 1863 336 1895 Qui
355 1868 446 1890 autem
461 1863 579 1897 ignorat,
595 1863 705 1897 quando
717 1869 743 1890 et
757 1863 802 1890 tibi
815 1867 939 1897 oporteat

154 1910 325 1942 ratiocinari,
339 1916 372 1936 ne
383 1913 439 1936 tum
451 1909 560 1943 quidem
571 1917 632 1936 etim
644 1909 863 1936 ratiocinandum
875 1909 938 1941 erit,

154 1962 186 1982 ea
195 1963 254 1989 quae
263 1959 372 1990 oportet
383 1960 465 1989 atque
475 1962 507 1981 eo
519 1955 600 1981 modo
610 1963 666 1989 quo
676 1960 784 1990 oportet
795 1963 940 1990 argumen-

154 2001 237 2027 tando
250 2001 406 2028 coneludet.
421 2000 498 2034 Quod
511 2000 562 2027 etsi
578 2000 694 2027 fortassa
708 2005 830 2036 praestet,
848 2005 939 2028 tamen

153 2052 280 2082 suspecta
307 2048 360 2074 erit
377 2046 553 2074 audientibus
576 2046 635 2081 ejus
653 2048 750 2079 oratio,
768 2048 813 2082 qui
830 2055 893 2074 eum
910 2053 940 2074 ut

152 2094 304 2128 simplicem
314 2098 342 2120 et
354 2098 490 2120 amentem
504 2093 589 2127 semel
602 2093 776 2128 reprobutum
790 2093 939 2121 carebunt.

153 2138 289 2165 Fortassis
304 2139 385 2166 etiam
403 2139 490 2165 sancti
504 2138 542 2165 illi
560 2139 655 2165 Patres
671 2138 823 2165 istiusmodi
841 2138 938 2165 absur-

153 2184 202 2211 das
225 2185 416 2211 contentiones
433 2185 542 2211 silentio
558 2192 670 2219 prorsus
687 2185 864 2220 repulissent,
883 2185 936 2212 nisi

1001 262 1087 289 ματος
1113 254 1192 288 ἁγίου
1217 255 1391 290 ἑκπόρευσις,
1417 255 1476 282 ἀλλ’
1503 257 1546 283 ἵνα
1573 257 1674 292 μᾶλλον
1702 259 1794 291 ἄλλως

999 300 1133 334 ἐπίσχωσι
1155 302 1219 332 τοὺς
1238 301 1363 332 ἀτάκτως
1383 303 1417 337 τῇ
1443 302 1569 338 θεολογὶᾳ
1588 303 1792 338 ὲπιπηδῶντας.

999 346 1031 373 Εί
1049 346 1071 372 δ’
1087 346 1144 379 οὖν,
1161 347 1266 381 λεγέτω
1284 347 1332 382 μοί
1353 356 1396 379 τις
1412 348 1567 383 παρελθὼν,
1587 350 1612 375 τί
1629 349 1795 384 βουλόμενος

998 393 1012 419 ὁ
1032 393 1119 427 μέγας
1135 394 1163 420 ὲν
1181 393 1306 429 θεολογίᾳ
1328 394 1479 430 Γρηγόριος
1500 395 1600 422 οὑτωσὶ
1626 397 1794 432 σχηματίζει

998 439 1044 465 τὸν
1059 439 1138 474 λόγον
1153 440 1220 473 πρὸς
1244 441 1306 471 τοὺς
1324 441 1471 475 ἐριστικῶς
1492 442 1653 476 ἐρωτῶντας
1671 443 1736 479 περί
1759 452 1791 469 τε

997 482 1046 514 τῆς
1065 483 1112 509 τοῦ
1130 482 1194 509 Υἱοῦ
1209 484 1364 518 γεννήσεως
1378 484 1426 510 καὶ
1441 484 1492 519 τῆς
1510 484 1557 511 τοῦ
1577 486 1655 519 ἁγίου
1664 486 1796 521 Πνεύμα-·

997 537 1042 560 τος
1058 528 1264 564 ὲκπορεύσεωςο
1291 538 1301 554 ‹
1318 530 1385 556 Εἰπέ
1402 537 1459 564 μοι,
1479 539 1489 555 υ
1508 530 1620 564 φάσκων
1637 529 1735 566 (86),’‹
1757 533 1790 559 σὺ

997 573 1047 609 τὴν
1060 575 1223 609 ἁγεννησίαν
1236 573 1283 600 τοῦ
1298 574 1430 608 Πατέρος,
1448 574 1526 609 κάγὼ
1539 574 1588 610 τὴν
1603 575 1731 610 γέννησιν
1741 575 1790 602 τοῦ

998 620 1062 647 1·ίοῦ
1072 620 1259 656 φυσιολογήσω
1271 620 1316 647 καὶ
1328 619 1376 655 τὴν
1389 620 1554 654 ἐκπόρευσιν
1563 621 1610 647 τοῦ
1619 621 1793 655 Πνεύματος,

997 666 1044 693 καὶ
1058 665 1321 700 παραπληκτίσομεν
1337 665 1430 700 ἄμφω,
1447 666 1487 696 εἰς
1499 665 1568 692 Θεοῦ
1583 666 1722 701 μυστήρια
1738 675 1793 693 πα-

998 710 1182 746 ρακύπτοντες
1193 718 1200 726 ·
1222 710 1269 736 καὶ
1283 709 1371 736 ταῦτα
1385 710 1473 743 τίνες;
1488 710 1519 736 Οἱ
1533 710 1601 746 μηδὲ
1613 710 1647 737 τὰ
1662 711 1691 737 ὲν
1708 711 1793 738 ποσὶν

995 757 1097 783 ειδέναι
1112 757 1268 791 δυνάμενοι,
1286 756 1353 790 μηδὲ
1371 755 1486 790 ψάμμον
1499 756 1643 783 θαλασσῶν
1659 757 1706 783 καὶ
1722 766 1791 784 στα-

995 803 1079 837 γόνας
1094 803 1172 829 ὑετοῦ
1189 803 1236 828 καὶ
1254 803 1361 837 ἡμέρας
1386 802 1484 833 αἰῶνος
1500 802 1556 838 (8⁵1)
1569 802 1790 838 ἐξαριθμεῖσθαι,

997 849 1034 885 μὴ
1049 850 1089 876 ὅτι
1102 857 1132 883 γε
1145 848 1213 875 Θεοῦ
1223 849 1332 883 βάθεσιν
1350 848 1516 882 ἐμϐατεύειν
1531 850 1578 876 καὶ
1587 849 1666 883 λόγον
1677 849 1792 884 ὑπέχειν

995 897 1044 930 τῆς
1065 895 1151 926 οὕτως
1173 895 1295 930 ἀρρήτου
1318 896 1363 921 καὶ
1383 895 1453 930 ὑπὲρ
1469 895 1547 928 λόγον
1564 895 1681 929 φύσεως.
1703 905 1712 921 ι
1734 897 1792 923 Καὶ

997 943 1055 977 μετ’
1069 942 1146 976 ὀλίγα
1163 942 1254 974 πάλιν,
1271 942 1317 968 τοῦ
1334 942 1456 968 ὲναντίου
1473 942 1619 976 ζητοῦντος
1634 943 1791 977 ὑπόδειγμα

995 990 1041 1015 καὶ
1057 989 1185 1023 ὁμοίωσιν
1201 988 1258 1019 καὶ,
1275 998 1283 1014 t
1297 988 1346 1019 Δός
1359 997 1416 1023 μοι⁷
1429 998 1438 1014 ι
1456 988 1591 1022 λέγοντος,
1609 998 1617 1014 ι
1636 988 1722 1015 ὲκτοῦ
1738 988 1791 1015 αὺ-

994 1031 1040 1058 τοῦ
1058 1032 1087 1057 τὺ
1102 1031 1152 1066 μὲν
1175 1031 1250 1063 Υίὺν,
1264 1031 1294 1058 τὺ
1310 1030 1337 1057 δὲ
1354 1031 1401 1066 οὐχ
1410 1032 1485 1064 Υίδν,
1502 1029 1561 1058 εἶτα
1576 1032 1718 1066 ὀμοούσια,
1740 1032 1791 1061 καὶ

994 1068 1180 1113 δὲχομαιϐεδν
1194 1078 1241 1104 καὶ
1253 1077 1330 1110 Θεὸν,
1351 1087 1360 1103 ι
1380 1078 1559 1112 ἀποκρίνεται
1577 1078 1682 1112 λέγων·
1701 1088 1710 1105 t
1735 1078 1789 1109 Δός

996 1133 1042 1160 μοι
1068 1125 1115 1150 καὶ
1133 1124 1164 1150 σὺ
1177 1124 1243 1150 Θεὺν
1264 1123 1343 1150 ἄλλον
1359 1124 1407 1151 καὶ
1431 1124 1512 1158 φύσιν
1533 1124 1613 1156 Θεοῦ,
1641 1124 1687 1151 καὶ
1707 1124 1789 1151 δώσω

995 1179 1035 1197 σοι
1065 1171 1114 1205 τὴν
1136 1170 1219 1205 αὐτὴν
1241 1170 1344 1204 Τριάὄα
1375 1171 1444 1205 μετὰ
1462 1171 1517 1197 τῶν
1534 1170 1624 1197 αὐτῶν
1642 1170 1788 1205 ὀνομάτων

994 1224 1023 1241 τε
1050 1215 1097 1241 καὶ
1127 1215 1308 1249 πραγμάτων.
1341 1214 1373 1242 El
1399 1214 1428 1241 δὲ
1460 1213 1500 1246 εἷς
1533 1215 1600 1246 Θεὸς
1624 1216 1672 1250 μία
1700 1214 1786 1249 φύσις

994 1261 1010 1296 ἡ
1027 1261 1169 1292 ἀνωτάτω,
1185 1260 1267 1287 πόθεν
1284 1261 1454 1296 παραστήσω
1478 1269 1519 1287 σοι
1539 1261 1590 1296 τὴν
1604 1261 1749 1296 ὀμοίωσινς
1771 1269 1782 1287 ι

993 1307 1062 1334 Λίαν
1084 1307 1138 1342 γὰρ
1166 1307 1297 1342 αἰσχρὸν,
1313 1306 1360 1333 καὶ
1380 1307 1431 1333 οὐκ
1455 1306 1567 1342 αἰσχρὸν
1594 1307 1692 1341 μόνον,
1716 1306 1786 1334 ἀλλὰ

994 1354 1042 1380 καὶ
1072 1355 1188 1389 μάταιον
1217 1353 1366 1385 ἐπιεικῶς,
1396 1353 1428 1379 ὲκ
1454 1354 1508 1380 τῶν
1539 1354 1617 1380 κάτω
1644 1353 1698 1379 τῶν
1728 1352 1787 1380 ἄνω

993 1400 1043 1435 τὴν
1063 1399 1187 1428 εἰκασίαν
1208 1399 1368 1433 λαμϐάνειν,
1389 1400 1436 1425 καὶ
1459 1399 1513 1425 τῶν
1524 1399 1661 1434 ἀκινήτων
1683 1399 1714 1425 ὲκ
1735 1399 1786 1432 τῆς

995 1446 1111 1481 ῥευστῆς
1125 1446 1244 1480 φύσεως,
1263 1446 1321 1478 καὶ,
1337 1445 1350 1471 ὅ
1365 1454 1447 1479 φησιν
1470 1445 1594 1476 Ἡσαΐας,
1610 1445 1785 1479 ἑκζητεῖσθαι

993 1492 1027 1518 τὰ
1044 1492 1133 1524 ζῶντα
1145 1492 1173 1518 ὲν
1188 1492 1244 1523 τοῖς
1259 1493 1376 1526 νεκροῖς.
1392 1492 1442 1518 Διὰ
1452 1492 1531 1518 τοῦτο
1542 1492 1587 1518 καὶ
1601 1490 1716 1526 ἀλλαχοῦ
1732 1499 1785 1526 φη-

994 1547 1036 1564 σιν
1048 1547 1055 1554 ·
1073 1547 1082 1563 ι
1095 1538 1156 1564 Ἐπὶ
1180 1538 1234 1564 τῶν
1259 1537 1403 1573 ἡμετέρων
1422 1538 1492 1572 ὅρων
1513 1537 1569 1573 (88)
1588 1537 1728 1572 ἱστάμενοι
1752 1537 1785 1564 τὸ

993 1584 1138 1619 ἀγέννητον
1148 1583 1296 1618 εἰσάγομεν
1309 1583 1356 1609 καὶ
1369 1583 1400 1609 τὸ
1417 1583 1564 1618 γεννητὸνο
1580 1582 1628 1609 καὶ
1646 1582 1674 1608 τὸ
1688 1583 1720 1608 ἑκ
1733 1581 1781 1608 τοῦ

990 1630 1095 1665 "ergo;
1116 1630 1345 1664 ἐκπορευόμενον,
1366 1628 1402 1661 ὥς
1415 1637 1499 1664 φησιν
1521 1629 1603 1660 αὐ.δς
1621 1629 1636 1656 ὸ
1651 1628 1716 1660 Θεὸς
1734 1628 1785 1656 καὶ

989 1665 1085 1710 Λόγος.
1109 1685 1119 1702 ι
1141 1675 1233 1702 Ταῦτα
1258 1676 1290 1711 δὴ
1313 1676 1403 1702 τοίνυν
1426 1677 1455 1702 οὐ
1474 1675 1595 1706 θέλοντός
1618 1676 1676 1701 ἐστι
1699 1681 1786 1701 κατα-

991 1723 1136 1754 σκευάζειν
1161 1723 1174 1748 ὄ
1203 1731 1229 1748 τι
1247 1722 1305 1749 ἐστὶ
1323 1721 1419 1755 ταῦτα,
1437 1722 1496 1748 ἀλλ’
1520 1721 1716 1752 ἁνασιϐοῧντος
1734 1720 1785 1747 καὶ

991 1770 1193 1803 ἀποτρέποντος
1208 1770 1270 1800 τοὺς
1285 1768 1392 1801 ἀλόγως
1409 1768 1449 1799 είς
1463 1768 1590 1799 τοιαύτας
1607 1768 1784 1798 κατασκευὰς
1826 1756 1831 1764 Ι

990 1815 1224 1849 καταφεύγοντας.
1241 1815 1301 1846 Πῶς
1314 1815 1383 1849 γάρ;
1396 1814 1425 1846 ὃς
1438 1814 1491 1840 οὐδ’
1503 1814 1625 1848 ὀνόματά
1641 1813 1698 1849 (89)
1713 1822 1784 1848 φησι

990 1864 1163 1898 ’προσήκοντα
1180 1861 1258 1896 φύσει
1268 1860 1336 1887 Θεοῦ
1349 1861 1406 1892 τοῖς
1420 1860 1573 1894 ἀνθρώποις
1590 1860 1663 1886 ἔστιν
1678 1859 1783 1893 εὑρεῖν.

990 1910 1032 1946 [Ρ.
1046 1908 1110 1945 517]
1129 1908 1314 1942 Ὀνομάζομεν
1330 1907 1394 1942 γὰρ,
1409 1906 1446 1938 ὡς
1461 1907 1527 1942 ἡμῖν
1540 1905 1662 1941 ἐφικτὸν,
1679 1906 1712 1932 ὲκ
1727 1905 1783 1931 τῶν

989 1956 1134 1991 ἡμετέρων
1149 1955 1181 1981 τΞι
1191 1954 1238 1981 τοῦ
1254 1954 1333 1981 Θεοῦ.
1351 1964 1359 1979 ι
1378 1952 1409 1980 Et
1428 1955 1481 1989 γὰρ
1493 1953 1547 1979 τῶν
1556 1952 1660 1986 νοητῶν
1674 1952 1783 1987 (φησὶν)

989 2004 1092 2038 ἔσχατα
1112 2002 1185 2037 ψυχὴ
1211 2001 1260 2027 καὶ
1283 2001 1361 2034 λόγος
1384 2000 1480 2035 κύριον
1500 1999 1530 2025 ού
1555 1999 1705 2034 κέκτηνται
1721 1997 1786 2024 τοῦ-

990 2058 1074 2083 νομα·
1093 2049 1166 2084 ψυχὴ
1183 2049 1232 2083 μὲν
1248 2048 1302 2082 γὰρ
1319 2047 1433 2081 ὀνόματι
1451 2046 1561 2082 θηλυκῷ
1579 2045 1786 2081 προσαγορεύει·

989 2103 1046 2128 tu,
1061 2094 1190 2128 τοιαύτην
1210 2093 1260 2120 οὐκ
1276 2093 1377 2126 ἔχουσα
1392 2092 1485 2126 φύσιν,
1507 2091 1553 2117 καὶ
1568 2091 1582 2117 ὁ
1599 2090 1677 2124 λόγος
1693 2090 1716 2116 δ’
1730 2089 1784 2125 ἄῤ-

990 2142 1066 2176 ρενος
1087 2140 1192 2174 φύσεως
1206 2139 1307 2174 ἥκιστα
1319 2137 1356 2164 ὢν
1374 2138 1522 2173 ὰῤῥενικδν
1537 2137 1583 2164 καὶ
1600 2136 1680 2167 αὐτὸς
1699 2136 1784 2171 ἐκτή-

991 2196 1055 2214 σατο
1078 2186 1217 2220 τοῦνομα·
1239 2185 1263 2211 εἰ
1281 2185 1327 2210 οὖν
1350 2184 1436 2210 ταῦτα
1461 2183 1555 2218 κύριον
1577 2183 1606 2208 οὺ
1635 2182 1783 2217 κέκτηνται

151 2230 232 2256 inviti
243 2238 288 2256 cas
298 2229 418 2256 refutare
431 2232 515 2257 coacti
527 2235 628 2261 essent,
641 2238 702 2257 cum
717 2231 857 2265 populum,
870 2238 938 2257 nou-

994 2233 1118 2267 τοῦνομα,
1133 2233 1190 2263 πῶς
1205 2231 1237 2258 ἂν
1249 2231 1284 2257 τὰ
1300 2231 1395 2265 πρῶτα
1408 2230 1456 2256 καὶ
1469 2230 1576 2256 πάντων
1588 2228 1715 2255 ἐπέκεινα
1727 2228 1783 2254 τῶν

151 2276 217 2303 dum
229 2276 307 2311 515
324 2277 350 2303 in
364 2277 415 2303 fide
428 2276 577 2304 stabilitum
593 2285 643 2304 nec
658 2278 748 2304 omnis
757 2277 937 2304 dubitationis

151 2327 304 2356 expertem,
332 2322 399 2349 alias
423 2323 485 2350 aliis
510 2323 592 2350 sectis
619 2323 829 2350 suborientibus
857 2323 936 2351 facile

152 2367 294 2394 aditu-rere
318 2368 462 2403 vidissent.
481 2368 560 2395 Nunc
582 2373 674 2396 autem
702 2377 764 2395 eum
790 2369 937 2396 multitudo

152 2413 189 2439 ita
202 2413 362 2440 confirmata
378 2414 442 2441 etin
463 2414 514 2440 lide
527 2414 613 2441 deﬁxa
630 2414 677 2445 sit,
694 2419 723 2441 ut.
735 2415 799 2442 lerri
813 2420 937 2441 naturam

153 2459 262 2486 fat-ilius
277 2464 378 2493 mutes,
396 2468 477 2494 quam
495 2467 543 2487 eos
566 2461 707 2494 paululum
725 2468 740 2487 a
758 2461 854 2495 patriis
871 2461 938 2495 dog-

151 2505 272 2532 matibus
295 2506 438 2534 abducas:
457 2506 522 2541 quid
547 2514 617 2541 opus
639 2511 682 2544 est
707 2506 938 2540 disputationibus

151 2551 220 2579 nihil
235 2552 406 2586 profuturis?
423 2552 457 2581 Ut
470 2553 543 2580 enim
561 2557 588 2580 et
608 2553 669 2587 ipse
683 2552 805 2586 Apostoli
823 2552 916 2579 verbis
928 2552 936 2567 ‘

191 2639 198 2653 ι
217 2636 296 2664 Rom.
314 2644 369 2668 vui,
387 2637 428 2667 9.7

989 2279 1093 2314 νοητῶν
1107 2279 1190 2312 νοητὰ
1204 2277 1308 2312 κυρίοις
1321 2277 1450 2310 ὀνύμασιν
1465 2274 1663 2309 ἐπικεκλῆσθαι
1680 2274 1783 2308 φήσαι-

993 2331 1059 2358 μεν;
1086 2333 1095 2350 ι
1113 2323 1251 2357 Τοσαύτης
1272 2321 1362 2348 τοίνυν
1384 2320 1482 2351 νυκτὸς
1506 2318 1726 2354 ἐπιπροσθούσης
1748 2319 1783 2353 τῇ

991 2369 1115 2404 ἡμετέρα
1141 2367 1246 2402 διανοίᾳ
1265 2366 1320 2407 ,τῶν
1343 2374 1371 2392 τε
1397 2365 1539 2399 νοημάτων
1555 2364 1602 2391 καὶ
1628 2364 1782 2398 ὀνομάτων,

990 2415 1032 2446 τίς
1052 2414 1084 2441 ἂν
1099 2415 1128 2440 ἐν
1143 2417 1249 2443 τούτοις
1266 2411 1470 2446 συλλογίζεσθαι
1487 2410 1612 2445 δυνηθείη
1627 2418 1634 2442 ;
1649 2409 1680 2436 El
1696 2408 1724 2435 δέ
1740 2418 1784 2441 τις

990 2459 1154 2495 ἐπιχειροίη,
1180 2458 1282 2490 διπλῶς
1306 2457 1469 2492 ἁμαρτάνει.
1496 2456 1565 2483 Οῦτε
1590 2455 1645 2490 γὰρ
1664 2452 1734 2482 οῐδεν
1754 2456 1783 2482 ὲν

993 2506 1099 2537 τούτοις
1112 2505 1189 2532 οὐδὲν
1204 2505 1251 2531 καὶ
1267 2505 1325 2539 ἅμα
1338 2503 1451 2538 λέληθεν
1466 2503 1563 2529 ἑαυτὸν
1578 2503 1627 2529 οὐκ
1643 2501 1730 2533 εἰδώς.
1754 2501 1783 2528 ὐ

991 2552 1014 2579 δ’
1029 2552 1081 2579 οὐκ
1095 2551 1171 2583 εἰδὼς
1187 2552 1232 2578 ὅτε
1250 2551 1292 2577 δεῖ
1305 2550 1351 2578 καὶ
1367 2551 1421 2584 ὅπη
1437 2549 1478 2576 δεῖ
1492 2548 1709 2583 συλλογίζεσθαι,
1726 2547 1783 2574 οὐκ)

826 2679 995 2709 \‘ariorum
1011 2685 1104 2710 notae.

185 2736 242 2771 (86)
267 2735 383 2771 Gregor.
411 2734 478 2761 Naz.
504 2733 631 2760 oratione
658 2732 692 2759 de
709 2731 812 2766 Spiritu
830 2737 937 2757 sancto.

150 2773 317 2840 Βοξζὲῒῡίρε
331 2804 433 2837 εωευιί,
455 2812 520 2836 non,
534 2808 565 2830 ut
585 2802 712 2840 vertebat
729 2801 854 2834 Wolﬁus,
866 2805 940 2840 trier-

155 2838 255 2868 uit‘atia.
282 2841 348 2867 Nam
375 2840 428 2866 dies
450 2838 606 2866 teternitntia
629 2845 773 2864 numerare
787 2845 839 2863 non
855 2838 939 2868 magis

154 2876 232 2903 facile
246 2880 298 2905 est,
311 2882 392 2907 quam
408 2875 435 2901 in
450 2875 496 2901 Dei
508 2873 639 2907 orofttttdu
651 2872 816 2899 descendere.
834 2872 937 2898 Πομ-ιρι.

1026 2732 1082 2766 (88)
1103 2731 1218 2767 Crux.
1253 2730 1318 2759 Nu.
1349 2731 1475 2758 oratione
1504 2731 1591 2765 prima
1631 2730 1667 2758 de
1698 2731 1780 2758 Filio.

990 2767 1096 2794 Bonna.

1026 2802 1081 2836 (89)
1097 2801 1213 2837 (inge:-

990 2837 1095 2864 Botvm.

1243 2801 1304 2829 νυ.
1327 2801 1358 2828 td
1385 2801 1531 2836 Evagrium
1563 2801 1597 2829 de
1621 2801 1783 2829 Diviuitate.
