1920 3075
134 144 188 176 ’119
260 141 297 178 [Α.
313 151 341 170 ιι.
360 141 429 170 6836
441 150 475 169 AD
490 141 574 178 6849]

735 141 945 174 NICEPHORI
964 142 1156 175 GREGOR/E

1319 142 1386 178 [ιιιρ.
1412 150 1552 171 Αιιοιιοιιιε.
1568 141 1639 180 tum]
1709 145 1766 177 720

133 213 198 239 dum
217 220 224 239 :
243 211 311 239 item
337 219 372 239 ne
399 211 433 238 iis
456 219 518 246 qua:
530 211 728 239 encomiastice
750 211 823 239 dicta
846 214 921 241 sunt,

984 213 1023 239 ια).
1042 213 1121 240 τοῦτο
1141 212 1241 249 χρεὼν,
1261 212 1298 245 ῶς
1319 213 1368 248 οὐχ
1390 213 1483 246 ἁπλῶς
1505 214 1566 240 οὐδὲ
1588 214 1650 241 καθ’
1663 213 1712 241 ἕνα
1733 223 1767 250 γε

133 266 184 294 pro
194 259 300 293 legibus
314 262 434 285 utamur.
449 258 517 286 Nam
528 257 705 285 laudantibus
718 265 764 284 ars
777 258 834 292 ipsa
846 254 931 292 quid-3

133 305 176 332 vis
200 304 468 332 dicendi‘licentiam
493 304 580 331 dedit.
598 303 665 337 Quae
683 311 748 331 vero
769 303 929 346 dogmalieef

132 355 161 378 et
182 351 354 378 sententiose
376 349 520 380 enuntiata
539 353 614 380 sunt,
631 349 665 376 iis
688 349 797 376 demum
817 348 929 375 rectum’

133 402 160 425 et
176 401 265 424 tutum
279 401 321 424 est
337 395 422 423 veluti
439 395 540 430 regulis
556 399 585 422 et
600 395 702 422 amussi
726 393 816 429 quoad
842 393 923 420 [idem

133 443 184 470 uti.
203 442 259 477 Ego
273 450 339 470 vero
356 442 427 469 sicut
441 442 523 469 italos
539 441 666 476 improbo
689 445 717 467 et
738 440 924 475 reprehendo,

133 489 203 516 adeo
225 494 328 516 temere
347 492 375 515 et
391 492 554 523 arroganter
572 487 599 514 in
628 487 793 522 theologiam
812 486 924 513 irruen-

133 541 190 568 tes;
209 536 245 562 ita
260 535 343 563 etiam
362 539 442 569 turpe
456 537 484 561 et
504 533 625 561 levitatis
642 541 703 560 esse
721 533 805 564 duco.
826 531 927 560 eorum

133 590 193 617 qum
211 582 363 616 probamus
387 580 479 608 lacere
495 588 546 607 nos
570 581 722 612 contraria,
741 587 837 607 eorum
858 585 925 606 vero

133 635 194 663 qua:
215 627 404 662 improbamus
414 627 526 654 similia.
539 626 598 653 Non
615 627 688 653 enim
704 625 767 661 quia
784 624 926 652 conﬁden-

134 678 175 701 tes
201 673 239 700 illi
264 678 330 701 sunt
349 677 377 700 et
395 672 517 699 audaces
543 672 570 699 in
587 672 747 707 hujusmodi
764 672 859 704 rebus,
884 671 926 698 id-

134 720 208 746 circo
233 726 283 746 nos
298 726 396 745 eorum
413 718 569 753 exemplum
592 718 670 753 sequi
687 726 737 753 par
752 723 814 751 est;
835 725 926 752 neque

133 773 178 797 eo,
197 765 268 799 quod
284 764 368 792 iidem
386 772 401 792 a
417 769 493 792 recta
513 764 557 791 via
572 764 757 796 deﬂexerunt,
773 768 801 791 et
818 771 869 791 nos
894 772 925 791 ea

136 811 274 847 negligere
291 815 410 845 oportet,
429 818 490 846 quae
506 815 581 838 recte
597 810 747 838 constituta
763 816 837 838 sunt.
855 810 925 843 Quin

135 857 227 891 potius
238 856 344 883 immoti
354 855 425 883 intra
441 855 578 891 legitimos
587 856 720 883 terminos
729 856 925 888 consistamus,

973 259 1022 301 1τὸν
1038 259 1138 294 τρόπον
1153 259 1203 291 τὰς
1220 259 1274 286 τῶν
1292 259 1371 286 θείων
1390 260 1520 295 Πατέρων
1536 252 1646 294 γραφὰς
1662 260 1768 296 ἐκλαμ-

970 304 1070 351 έὸάνειν
1084 306 1154 334 δέον.
1169 306 1210 333 Τὰ
1227 308 1275 342 μὲν
1288 307 1342 342 γὰρ
1358 308 1447 334 αὐτῶν
1461 307 1725 343 διδασκαλικώτερόν
1738 315 1770 334 τι

978 353 1024 379 καὶ
1041 352 1288 388 οίκονομικώτερον
1305 353 1414 388 ἐξεδόθη
1431 354 1478 380 τὸν
1494 355 1595 389 τρόπον
1606 374 1614 385 ,
1632 353 1772 389 καταλλή-

976 400 1032 433 ,λως
1054 399 1104 434 μὲν
1120 401 1177 431 τοῖς
1193 400 1352 434 προσώποις
1368 401 1415 427 καὶ
1431 401 1485 432 τοῖς
1502 400 1597 428 ἄλλοτε
1615 400 1703 432 ἄλλως
1720 401 1772 428 dv-

971 445 1055 485 ¹θοῦσι
1071 446 1177 480 καιροῖς
1187 454 1194 461 ·
1211 445 1332 477 εὐσεϐῶς
1346 445 1369 472 δ’
1382 446 1490 472 ἅπαντα
1501 454 1509 462 ’
1525 445 1553 472 αἱ
1570 445 1620 481 μὲν
1635 444 1702 480 γοῦν
1715 445 1772 472 τῶν

978 492 1092 528 γραφῶν
1107 492 1194 524 οὕτως
1210 492 1374 528 ἐξεδόθησαν
1385 515 1391 525 ,
1405 493 1434 520 αἰ
1448 493 1476 520 δὲ
1491 493 1664 528 δογματικῶς
1676 515 1682 523 ,
1698 493 1726 519 αἱ
1743 492 1774 520 δὲ

978 539 1218 571 ὲγκωμιαστικῶς,
1244 540 1273 565 αἱ
1296 539 1323 566 δὲ
1347 539 1547 574 ἀγωνιστικῶς.
1571 539 1635 566 οὕτ*
1649 537 1697 566 οὖν
1723 539 1774 570 τὰς

978 583 1090 610 ἄλλοθεν
1101 583 1393 618 ἀγωνιστικὰξᾶλλοσε
1407 586 1570 620 μεταφέρειν
1581 585 1679 620 χρεών.
1693 585 1773 611 Ἐπεὶ

978 629 1031 655 οὐδ’
1044 630 1070 656 εἴ
1080 639 1121 661 τις
1137 631 1280 664 πολεμίοις
1297 631 1452 666 μαχόμενος
1468 631 1515 658 καὶ
1529 632 1594 666 ὃλην
1609 631 1774 666 ἁπασχολῶν
1793 624 1799 630 ’

978 675 1027 709 τὴν
1043 675 1164 702 διάνοιαν
1179 676 1209 707 ὲς
1224 675 1254 702 τὸ
1272 676 1348 710 ξίφος
1363 676 1412 702 καὶ
1428 676 1477 711 τὴν
1493 676 1598 703 ἀσπίδα
1613 676 1667 711 πρὸ
1683 675 1774 702 ποδῶν

981 722 1128 756 ἱστάμενον
1145 722 1190 748 τὸν
1207 721 1416 758 συστρατιώτην
1434 721 1588 757 ὲξώθηςεν,
1607 720 1670 748 οὒτε
1688 721 1774 755 νόμον
1791 723 1793 725 ’

979 759 1105 801 ἡγεῖσθαί
1117 768 1147 794 τὸ
1160 769 1365 802 πεπραγμένον,
1379 767 1441 794 οὔτε
1452 767 1491 803 τῷ
1503 767 1654 803 πεπραχότι
1667 767 1774 794 δίκαιον

979 813 1125 847 ἐγκαλεῖν,
1140 813 1190 849 τῆς
1206 814 1331 849 ἀνάγκης
1347 814 1444 841 ἄλλοσε
1460 812 1613 848 τηνικαῦτα
1629 812 1774 847 περισπὼο

981 867 1032 893 σης
1053 859 1099 886 τὸν
1119 860 1251 895 λογισμὸν
1272 860 1319 886 καὶ
1340 859 1441 894 ἥκιστα
1465 858 1662 894 συγχωρούσης
1685 858 1776 890 ἄλλως

134 907 162 929 et
176 902 332 929 istiusmodi
349 902 481 936 strepitus
500 902 678 936 repellamus,
694 902 767 929 sicut
784 909 868 936 rupes
886 902 927 929 in-

984 906 1138 941 πεπρᾶχθαι
1151 907 1182 933 τὸ
1195 907 1402 941 πεπραγμένον.
1416 905 1479 932 Οῠτ’
1491 905 1537 932 οὖν
1549 904 1622 931 τοῦθ’
1635 904 1707 931 οὕτω
1719 905 1775 940 χρὴ

134 956 268 976 concussa
278 948 558 975 ﬂuctusincurrentes
568 948 721 983 propulsat.
728 947 832 975 Vereor
840 948 927 980 enim,

134 998 232 1022 vereor
244 1014 251 1024 .
275 1003 309 1022 ne
339 995 444 1021 l‘umum
463 994 599 1029 fugientes
613 994 641 1020 in
657 994 833 1028 blasphemia:
851 993 929 1020 llam-

135 1047 206 1067 tuam
223 1040 388 1068 incidamus.
402 1040 481 1073 Quod
497 1040 570 1067 enim
587 1048 601 1067 a
618 1040 761 1067 veteribus
773 1039 878 1067 Graecis
894 1039 928 1067 de

134 1086 248 1114 Platone
265 1086 398 1121 jactatum
413 1090 465 1119 est,
489 1094 551 1114 cum
578 1086 602 1113 is
625 1085 659 1113 ad
677 1086 836 1122 Dionysium
860 1086 930 1114 Sici-

134 1133 178 1161 lia:
194 1139 339 1169 tyrannum
354 1133 454 1167 hospes
470 1134 604 1165 venisset,
620 1133 724 1168 regiam
740 1134 856 1168 pulvere
879 1133 930 1160 im-

135 1180 237 1214 pletam
262 1179 357 1211 fuisse,
386 1186 449 1206 cum
477 1179 603 1213 plerique
629 1178 822 1206 describendis
849 1178 931 1206 lineis

136 1227 297 1256 incumbere
313 1227 388 1254 illico
405 1226 572 1260 coepissent;
597 1225 623 1253 id
639 1230 666 1253 ct
680 1225 752 1260 apud
774 1233 824 1253 nos
850 1226 930 1253 hodie

135 1273 191 1300 alio
206 1272 288 1299 modo
304 1272 416 1299 aceidit.
435 1271 542 1298 Etenim
567 1270 644 1305 ipsis,
663 1276 692 1297 ttt
707 1271 743 1298 ita
759 1270 859 1303 dicam,
875 1278 932 1298 cer-

136 1311 254 1346 donibus
269 1323 363 1353 patent
384 1317 472 1345 etfusa
489 1316 633 1352 theologia
655 1317 796 1352 mysteria,
811 1324 930 1351 quorum

136 1364 291 1393 rationibus
313 1363 478 1399 syllogistica
506 1362 591 1398 518
616 1368 675 1390 arte
698 1363 874 1398 penetraudis
894 1363 931 1390 ita

136 1418 234 1438 omnes
246 1410 411 1437 incumbunt
434 1413 462 1436 et
481 1409 598 1442 inhiant,
611 1413 640 1435 ut
655 1409 774 1444 pecudes
795 1409 887 1437 herbis
903 1413 931 1436 et

135 1457 257 1493 pascuis.
267 1458 356 1491 Atque
365 1456 382 1483 ii
392 1464 510 1491 quorum
519 1455 586 1482 ﬁdes
599 1464 631 1482 an
643 1461 715 1482 recta
729 1456 930 1490 sitambiguum

136 1507 188 1536 est,
205 1510 255 1530 nec
273 1510 326 1530 non
343 1502 361 1529 1i
379 1503 427 1537 qui
443 1502 581 1537 quomodo
596 1501 631 1529 sit
646 1502 813 1529 credendum
825 1507 852 1530 et
863 1502 929 1537 quid

122 1551 174 1579 "sit
190 1550 267 1583 illud,
293 1549 366 1584 quod
396 1553 495 1576 vocant
509 1549 633 1580 credere,
663 1550 805 1583 ignorant;
836 1549 865 1582 ii,
889 1550 931 1576 in-

137 1606 231 1634 quam,
249 1601 277 1625 et
301 1598 357 1624 fon
375 1602 403 1624 et
429 1598 552 1632 porticus
567 1601 594 1624 et
618 1597 725 1623 theatra
742 1597 832 1624 omnia
854 1598 932 1624 theo-

137 1645 208 1679 logia
225 1644 443 1680 compleverunt,
457 1650 544 1677 neque
559 1642 643 1670 solent
662 1643 735 1670 hunc
753 1643 931 1678 impudentia:

138 1698 196 1718 suae
213 1690 303 1717 facere
323 1693 420 1717 testetu
445 1694 619 1717 reverentur.
638 1690 671 1717 Et
690 1689 758 1725 quid
783 1691 931 1718 absurdius

139 1737 254 1773 cogitari
272 1741 364 1772 queat,
382 1744 464 1772 quain
492 1744 554 1763 cum
582 1736 648 1763 olim
679 1736 840 1765 Graecorum
865 1738 932 1772 dog-

139 1788 214 1811 mata
228 1783 370 1815 ﬂorerent,
387 1787 491 1810 eertum
516 1782 640 1809 ordinem
664 1783 816 1815 exstitisse,
830 1788 858 1811 et
872 1791 932 1819 my-

141 1830 209 1858 stica
240 1837 361 1862 arcana,
395 1828 561 1863 Delphorum
600 1829 735 1864 theologis
765 1830 930 1863 commissa,

141 1875 210 1903 nulli
225 1875 272 1903 alii
289 1875 332 1902 vel
351 1875 465 1910 vulgare
483 1875 525 1902 vel
542 1875 672 1909 indagare
698 1875 821 1908 licuisse,
838 1877 895 1903 sive
910 1877 933 1903 is

141 1922 230 1954 Plato,
245 1921 302 1948 sive
320 1920 449 1948 Socrates
462 1924 547 1952 esset,
568 1924 616 1946 aut
630 1920 722 1955 quivis
736 1921 807 1948 alius
823 1923 930 1956 sapien-

143 1968 187 1994 tia:
202 1967 283 1994 laude
301 1967 419 1994 celebris
434 1975 440 1993 :
460 1966 532 2001 apud
549 1973 601 1993 nos
616 1971 719 1999 autem,
734 1967 780 2001 qui
794 1967 931 1998 sincerum

142 2021 214 2041 vera:
227 2012 368 2048 religionis
387 2012 548 2048 mysterium
562 2013 733 2047 profitentur,
748 2013 783 2040 ita
801 2021 844 2042 res
860 2014 933 2040 divi-

143 2068 193 2087 nas
207 2059 346 2093 profanari
361 2063 388 2086 et
407 2058 576 2093 quibuslibet
602 2059 635 2086 de
660 2059 693 2086 iis
714 2060 866 2087 disserendi
885 2069 935 2095 po-

143 2111 268 2134 testatum
286 2106 355 2138 dari,
381 2105 423 2132 vel
442 2105 533 2140 potius
544 2105 705 2139 _quemlibet
720 2113 780 2132 eam
806 2106 857 2133 sibi
881 2106 934 2142 ipsi

143 2152 293 2186 arrogaret?
317 2151 465 2186 Gregorius
480 2159 545 2178 vero
567 2151 725 2179 divinarutn
750 2161 842 2180 rerum
860 2153 934 2188 peri-

144 2198 267 2225 tissimus
284 2197 404 2232 linguam
425 2196 459 2224 ad
478 2197 646 2232 theologicas
660 2197 862 2232 disputationes
877 2207 934 2234 ap—

145 2243 247 2278 pellere
274 2243 314 2269 sie
340 2243 511 2275 reformidat,
537 2247 567 2270 ut
590 2251 702 2270 manum
724 2245 758 2271 ad
778 2241 932 2273 ﬂammam.

144 2290 263 2318 Proinde
289 2289 383 2316 multis
410 2289 503 2317 verbis
531 2298 561 2317 se
593 2296 716 2323 excusat,
747 2291 933 2328 declaratque,

145 2343 174 2363 se
192 2343 245 2362 non
264 2335 380 2363 libenter
393 2336 523 2363 accedere
540 2335 575 2363 ad
598 2337 845 2371 disputandumde
869 2339 935 2373 Deo,

145 2387 174 2409 et
200 2389 248 2409 eos
264 2382 310 2416 qui
337 2381 365 2408 id
391 2387 495 2409 temere
513 2382 633 2410 audeant
647 2383 792 2418 improbat.
812 2392 821 2409 ι
841 2383 935 2420 Neque

146 2429 232 2462 enim,
248 2429 350 2463 inquit,
366 2428 501 2455 laudabile
516 2433 557 2454 est
572 2429 751 2461 desiderium,
770 2430 817 2457 sed
837 2435 865 2458 et
888 2439 936 2459 co-

146 2481 228 2503 natus
242 2475 300 2510 ipse
321 2475 511 2502 formidabilis.
531 2484 540 2500 ι
556 2474 590 2502 Et
605 2474 666 2502 01a:
681 2476 835 2510 exemplum
851 2477 936 2504 addu-

145 2521 192 2554 cit,
221 2522 266 2556 qui
291 2520 389 2548 Arcam
415 2521 479 2548 ΟΙὶιιι
497 2521 669 2553 solummodo
695 2523 831 2557 attingere
853 2531 937 2550 ausus

147 2568 244 2602 periit;
279 2568 345 2600 Deo,
371 2568 470 2601 inquit,
501 2568 684 2595 reverentiam
711 2568 788 2596 Area:
815 2569 935 2596 debitam

145 2615 190 2643 sic
202 2619 348 2642 assert-nte.
379 2614 456 2648 Quod
484 2615 506 2642 si
521 2622 567 2642 rex
592 2623 654 2642 eum
681 2623 762 2650 quam
786 2616 904 2650 primum
922 2625 937 2644 e

148 2663 239 2690 medio
257 2662 375 2694 tolleret,
402 2662 450 2696 qui
476 2662 577 2696 regiam
604 2669 733 2689 coronam
761 2663 937 2698 impudenter

148 2709 229 2744 519
246 2717 295 2736 suo
321 2709 403 2744 capiti
419 2708 561 2743 imponere
577 2709 709 2742 auderet;
726 2714 794 2744 quot
810 2710 935 2744 fulmina,

145 2759 214 2790 quot
246 2755 371 2782 turbines
399 2755 423 2782 is
458 2759 590 2786 tueretur,
619 2756 665 2789 qui
695 2757 841 2784 temerario
866 2765 935 2785 ausu

147 2800 301 2834 irrumpere
319 2801 345 2827 in
369 2800 532 2836 theologiam
550 2808 604 2827 non
625 2801 757 2829 dubitat?
781 2801 847 2831 Volo
861 2805 934 2832 enim

146 2844 256 2871 brevem
283 2845 536 2873 narrautiunculani
565 2848 667 2875 veteris
692 2850 842 2882 memoriae,
872 2851 936 2879 huic

149 2891 259 2924 negotio
275 2891 353 2919 valde
376 2897 600 2928 consentaneum,
623 2894 801 2930 subjungcre.
819 2897 936 2926 Alexam

982 954 1079 986 ποιεῖν,
1093 952 1156 979 οὕτε
1173 952 1226 987 μὴν
1240 953 1300 983 ταῖς
1315 952 1552 986 ὲγκωμιαστικαῖς
1566 951 1604 982 ὼς
1619 951 1713 984 νόμοις
1728 959 1776 977 κε-

942 1034 947 1037 _
980 999 1108 1035 χρῆσθαι.
1121 998 1272 1033 Ᾱύτονομία
1284 998 1338 1033 γὰρ
1351 999 1382 1024 ὲκ
1393 998 1441 1034 τῆς
1454 997 1549 1032 τέχνης
1562 997 1610 1024 καὶ
1620 998 1675 1028 ταῖς
1687 997 1777 1031 ἐγκω-

984 1045 1112 1079 μιάζουσι
1137 1044 1242 1070 δέδοται
1268 1043 1360 1077 λέγειν
1383 1044 1434 1070 ὅσα
1461 1042 1634 1078 βουλομένοις
1662 1042 1705 1077 εἴη
1731 1043 1775 1069 ἄν.

983 1089 1068 1120 Ὅσας
1083 1097 1115 1123 γε
1134 1088 1187 1124 μὴν
1199 1087 1374 1123 δογματικῶς
1387 1097 1416 1115 τε
1432 1088 1480 1115 καὶ
1495 1087 1689 1122 άωφαντικῶς
1705 1087 1777 1114 ἐκεῖ·

983 1144 1021 1162 νοι
1043 1134 1231 1169 ἐξενηνόχασι,
1251 1133 1359 1165 τούτοις
1379 1134 1402 1161 δ’
1413 1133 1467 1170 ἄρα
1489 1133 1657 1168 ἁνέγκλητόν
1676 1141 1705 1159 τε
1728 1133 1777 1159 καὶ

981 1180 1102 1216 ἀσφαλὲς
1119 1178 1164 1206 οίά
1179 1188 1234 1206 τισι
1251 1179 1347 1207 κανόσι
1365 1181 1412 1206 καὶ
1429 1180 1564 1216 στάθμαις
1581 1180 1649 1215 πρὸς
1665 1181 1714 1214 τὴν
1731 1179 1778 1206 πε-

984 1237 1042 1254 στιν
1065 1227 1229 1262 κεχρῆσθαι.
1251 1226 1322 1260 Ἐγὼ
1345 1227 1437 1253 τοίνυν
1457 1226 1553 1260 ὥσπερ
1575 1226 1644 1258 τοὺς
1658 1225 1778 1258 Ἰταλοὺς

982 1273 1104 1308 διασύρω
1114 1272 1161 1298 καὶ
1174 1271 1327 1306 μέμφομαι,
1341 1271 1445 1306 ἰταμῶς
1456 1271 1556 1298 οὑτωσὶ
1567 1271 1614 1297 καὶ
1627 1269 1696 1306 μετὰ
1712 1269 1779 1296 πολ-

983 1321 1032 1355 λῆς
1047 1321 1096 1354 τῆς
1110 1319 1210 1354 ὀφρύος
1221 1320 1254 1354 τῇ
1266 1318 1392 1353 θεολογίᾳ
1421 1318 1622 1352 ἐπιπηδῶντας,
1633 1318 1678 1344 ’τὸν
1696 1317 1779 1344 αὑτὸν

983 1366 1014 1400 δὴ
1027 1366 1128 1401 τρόπον
1141 1364 1253 1399 αἰσχρὸν
1281 1365 1327 1390 καὶ
1341 1364 1508 1399 παλίμϐολον
1535 1364 1652 1399 ἥγημαι,
1666 1360 1703 1390 ὧν
1727 1362 1779 1398 μὲν

983 1412 1149 1446 ἐπαινοῦμεν
1173 1412 1304 1439 τάναντία
1321 1412 1407 1437 ποιεῖν
1437 1411 1528 1446 ἡμᾶς,
1544 1409 1582 1442 οἷς
1600 1410 1628 1436 δὲ
1657 1409 1781 1444 ψέγομεν

983 1460 1016 1486 τὰ
1029 1459 1216 1494 παραπλήσια.
1231 1457 1271 1494 [Ρ.
1287 1457 1350 1493 519]
1364 1457 1401 1483 Οὐ
1415 1457 1469 1492 γὰρ
1482 1458 1522 1483 ὅτι
1537 1457 1635 1483 ἐκεῖνοι
1647 1455 1781 1490 τολμηροὶ

983 1504 1157 1538 καὶλθρασεῖς
1171 1505 1235 1538 περὶ
1245 1504 1277 1531 τὰ
1287 1503 1409 1535 τοιαῦτα,
1419 1503 1463 1530 διὰ
1475 1503 1554 1530 τοῦτο
1564 1503 1610 1530 καὶ
1623 1503 1695 1538 ἡμᾶς
1713 1503 1780 1528 ἒπε-

954 1583 966 1592 Ί
985 1550 1045 1576 σθαι
1060 1550 1099 1576 δεῖ
1110 1558 1116 1565 ·
1131 1549 1186 1576 οὐδ’
1198 1550 1238 1575 ὅτι
1249 1550 1298 1584 τῆς
1312 1548 1417 1580 εὐθείας
1433 1548 1532 1575 ἐκεῖνοί
1546 1557 1577 1582 γε
1587 1548 1779 1584 ἐξετράποντο,

984 1597 1031 1622 καὶ
1045 1596 1116 1630 ἡμᾶς
1130 1595 1184 1622 τῶν
1198 1595 1377 1622 καθεστώτων
1389 1594 1478 1629 χρεὼν
1492 1594 1603 1628 ἀμελεῖν
1612 1601 1620 1609 ⁸
1635 1594 1692 1620 ἀλλ’
1702 1593 1781 1621 ἀκλι-

986 1645 1041 1674 νεῖς
1059 1642 1112 1668 τῶν
1131 1642 1326 1677 προσηκόντων
1347 1642 1418 1675 ὅρων
1439 1640 1602 1675 ἱσταμένους
1623 1640 1700 1672 ἐντὸς
1716 1640 1782 1672 τοὺς

985 1689 1123 1720 τοιούτους
1140 1687 1363 1723 πειρακρούεσθαι
1380 1687 1504 1722 κρότους,
1519 1686 1646 1721 καθάπερ
1660 1685 1782 1721 προϐλῆ-

985 1744 1030 1766 τες
1057 1736 1198 1761 ἁτίνακτοι
1223 1733 1258 1760 τὰ
1284 1733 1494 1768 προσπίπτοντα
1519 1733 1643 1767 κύματα.
1667 1732 1782 1759 Δέδοικα

972 1781 1051 1817 ,γὰρ,
1069 1780 1106 1817 μὴ
1122 1780 1225 1807 καπνὸν
1241 1780 1388 1814 φεύγοντες
1405 1780 1444 1811 είς
1459 1780 1516 1815 πῦρ
1534 1779 1711 1814 βλασφημίας
1727 1780 1781 1814 ἑμ-

987 1828 1141 1862 πίπτωμεν.
1158 1827 1191 1853 Ὃ
1209 1827 1261 1861 γὰρ
1280 1827 1347 1860 παρ’
1359 1826 1474 1860 Ἕλλησι
1494 1825 1580 1852 πάλαι
1597 1824 1782 1859 τεθρύλληται

986 1876 1051 1909 περὶ
1073 1874 1235 1906 Πλάτωνος,
1253 1873 1291 1904 ὼς
1309 1873 1415 1898 ἐκείνου
1435 1881 1466 1906 γε
1485 1872 1561 1907 παρὰ
1577 1871 1718 1898 Διονύσιον
1734 1871 1783 1898 τὸν

985 1921 1035 1955 τῆς
1053 1920 1178 1952 Σικελίας
1196 1919 1419 1954 ἐπιδημήσαντος
1436 1918 1569 1954 τύραννον
1587 1917 1729 1953 κονιορτοῦ
1746 1917 1783 1944 τὰ

988 1967 1111 2003 βασίλεια
1128 1965 1349 2001 ἐνεπίμπλαντο,
1368 1966 1434 2000 περὶ
1451 1965 1500 1996 τὰς
1517 1965 1681 2000 γραμμικὰς
1698 1965 1783 1999 ἀσχο-

987 2014 1048 2045 λίας
1066 2014 1218 2048 τηνικαῦτα
1235 2013 1289 2040 τῶν
1308 2013 1444 2039 πλείστων
1462 2011 1611 2048 ὁρμώντων
1622 2032 1629 2044 ,
1646 2012 1729 2038 τοῦτο
1747 2012 1784 2047 δὴ

987 2061 1034 2086 καὶ
1048 2060 1113 2094 παρ’
1124 2061 1189 2094 ἡμῖν
1202 2059 1301 2094 τρόπον
1314 2059 1407 2094 ἕτερον
1420 2059 1542 2094 γίγνεται
1557 2059 1687 2094 σήμερον.
1702 2057 1798 2093 Οὕτως

987 2106 1042 2141 γὰρ
1057 2106 1104 2132 καὶ
1119 2105 1183 2141 παρ’
1194 2106 1286 2136 αὐτοῖς
1300 2106 1388 2131 εἰπεῖν
1400 2106 1456 2135 τοῖς
1471 2104 1619 2139 βαναύσοις
1633 2104 1785 2139 ἐκκέχυται

987 2152 1022 2179 τὰ
1039 2152 1177 2186 θεολογίας
1195 2152 1333 2187 μυστήρια
1349 2151 1397 2178 καὶ
1412 2150 1483 2177 οὕτω
1499 2151 1647 2185 κεχήνασιν
1663 2150 1784 2181 ἅπαντες

989 2200 1035 2226 ἐπὶ
1047 2200 1085 2234 τῷ
1101 2199 1313 2232 συλλογιστικῶς
1327 2197 1491 2232 ἐμϐατεύειν
1503 2198 1560 2228 τοῖς
1574 2197 1664 2230 λόγοις
1679 2196 1783 2229 αὐτῶν,

992 2246 1086 2282 ὥσπερ
1103 2246 1149 2272 ἐπὶ
1164 2247 1196 2281 τῇ
1217 2245 1285 2280 χλόῃ
1302 2246 1348 2271 καί
1364 2245 1424 2276 ταῖς
1441 2245 1538 2278 νομαῖς
1555 2244 1589 2270 τὰ
1607 2243 1782 2278 βοσκήματα.

990 2293 1045 2319 Καὶ
1061 2293 1084 2319 οῖ
1096 2292 1126 2318 τὸ
1141 2292 1282 2319 πιστεύειν
1295 2292 1382 2327 ὀρθῶς
1399 2291 1550 2326 ἀμφίϐολον
1563 2290 1682 2325 ἔχοντες,
1697 2289 1745 2317 καὶ
1758 2291 1784 2317 οι

990 2339 1051 2374 μηδ’
1067 2339 1141 2370 ὅπως
1160 2338 1201 2364 δεῖ
1220 2338 1360 2364 πιστεύειν
1387 2337 1490 2368 ειδότες
1513 2337 1574 2372 μηδ’
1589 2337 1602 2363 ὅ
1626 2345 1652 2362 τι
1675 2337 1751 2362 ἐστὶν
1769 2337 1783 2363 ὃ

988 2384 1128 2411 πιστεύειν
1142 2385 1239 2418 φασὶν,
1254 2385 1357 2420 ἀγορὰς
1372 2386 1418 2410 καὶ
1432 2384 1602 2418 περιπάτους
1616 2384 1663 2410 καὶ
1677 2383 1783 2418 θέατρα

987 2431 1273 2466 πάντ’ὲμπεπλήκασι
1293 2432 1344 2464 τῆς
1366 2431 1507 2464 θεολογίας
1528 2430 1576 2456 καὶ
1595 2429 1655 2456 οὐδὲ
1675 2431 1783 2457 τουτονὶ

987 2478 1033 2505 τὸν
1049 2479 1124 2513 ἥλιον
1138 2478 1313 2512 αἰσχύνονται
1329 2478 1455 2513 μάρτυρα
1470 2478 1519 2509 τῆς
1535 2476 1674 2508 ἀναιδείας
1690 2476 1783 2503 ποιού-

990 2533 1076 2559 μενοι.
1095 2525 1155 2556 Πῶς
1174 2524 1195 2550 δ’
1209 2525 1258 2551 οὐκ
1277 2524 1310 2550 ἂν
1327 2524 1368 2560 εἴη
1387 2524 1440 2549 τῶν
1458 2524 1562 2559 σφόδρα
1580 2523 1782 2557 ἀτοπωτάτων,

989 2571 1073 2597 πάλαι
1092 2571 1141 2606 μὲν
1155 2571 1235 2598 ὁπότε
1250 2572 1284 2597 τὰ
1302 2571 1435 2606 Ἑλλήνων
1451 2571 1560 2606 ἤκμαζε
1577 2570 1717 2604 δίγματα.
1733 2569 1781 2596 τά-

989 2619 1030 2651 ξιν
1046 2618 1220 2651 ἐπιπολάζειν
1236 2619 1282 2645 καὶ
1298 2618 1315 2645 ὃ.
1330 2620 1384 2648 τοῖς
1398 2617 1507 2651 Δελιτςῶν
1523 2617 1659 2650 θεολόγοις
1675 2617 1782 2651 ἐφεῖται

990 2666 1142 2700 μυστήρια,
1167 2665 1260 2699 μηδενὶ
1283 2665 1337 2690 τῖιν
1360 2664 1446 2690 ἄλλων
1471 2663 1573 2696 ἐξεῖναι
1596 2664 1664 2698 μήτε
1688 2663 1782 2697 λέγειν

990 2713 1059 2747 μήτε
1075 2712 1225 2747 περινοεῖν,
1242 2711 1292 2737 κᾶι
1306 2711 1452 2746 Σωκράτης
1467 2708 1500 2746 ᾖ,
1519 2711 1571 2736 xiv
1585 2709 1710 2741 Πλάτων,
1727 2709 1782 2736 κᾶν

988 2759 1014 2785 εἴ
1028 2767 1069 2787 τις
1087 2759 1131 2785 ἐπὶ
1150 2759 1231 2792 σοφίᾳ
1249 2758 1403 2792 περιφανής
1421 2765 1451 2782 τε
1469 2757 1515 2782 καὶ
1531 2756 1692 2790 διαϐόητος·
1714 2754 1780 2791 παρ’

988 2806 1055 2840 ἡμῖν
1071 2805 1108 2836 δὲ,
1123 2802 1163 2836 οἷς
1178 2804 1323 2837 ἀκῐόᾗηλκν
1339 2804 1368 2829 τὸ
1383 2804 1431 2838 τῆς
1447 2803 1589 2833 εὐσείείας
1606 2802 1780 2836 ὁμολογεῖται

990 2853 1151 2887 μυστήριον,
1176 2851 1276 2876 οὐτοσὶ
1300 2850 1481 2886 βεϐηλοῦοθλι
1501 2851 1534 2876 τὰ
1558 2849 1618 2875 θεῖα
1640 2850 1687 2875 καὶ
1711 2849 1780 2874 πᾶσι

988 2900 1043 2931 τοῖς
1061 2899 1195 2933 θεολογεῖν
1212 2897 1386 2932 βουλομένοις
1403 2894 1471 2923 εἶναι
1488 2896 1559 2923 τοῦτ’
1573 2896 1715 2931 ἐφειμένον
1731 2899 1779 2922 καὶ
