1920 3075
130 170 181 204 721
237 145 247 154 '
277 172 314 208 ιι.
332 180 357 199 c.
376 172 444 201 l528
460 182 492 201 AD
505 173 585 210 1511]

649 177 870 207 ΒΥΖΛΝΤᾹΝίΕ
890 179 1080 209 lllSTORI/E
1100 179 1173 210 LIB.
1196 181 1230 210 X.

1306 177 1371 212 [μιν.
1391 183 1533 204 maneam.
1548 174 1617 210 ων.)
1705 178 1768 208 τῃ

131 229 387 265 αὐτοχειροτόνητον
400 232 487 265 ;“Αλλ“
500 233 515 259 ὁ
532 233 614 265 πολὺς
633 234 661 260 ἐν
675 234 920 270 θερλογίξιψρηγό-

979 236 1051 262 Jrum
1066 237 1153 270 aiunt,
1169 236 1345 263 Macedonem
1362 236 1450 268 illum,
1467 240 1529 270 post
1544 235 1656 269 longum
1671 234 1758 261 victo-

132 282 190 310 ριος
205 275 332 302 τοσοῦτον
345 277 485 313 ἀποδειλιᾷ
500 279 568 314 πρὸς
582 279 721 314 θεολογίαν
735 280 784 316 τὴν
797 281 920 315 γλῶτταν

132 321 237 353 κινεῖν,
255 320 348 356 ὥσπερ
366 323 416 358 τὴν
432 324 511 359 χεῖρα
531 325 600 360 πρὸς
619 325 706 360 φλόγα
728 327 825 360 πυρός.
839 327 920 354 Ὥστε

133 367 182 393 καὶ
203 367 318 397 πολλοὺς
336 368 405 403 πρὸς
424 370 590 405 παραίτησιν
608 371 788 406 προϐάλλεται
808 372 920 405 λόγους,

133 412 163 438 ιν
175 409 217 444 οἷς
228 413 285 439 οὗθ’
295 414 390 440 ἑαυτὸν
402 416 536 450 ἐγχειρεῖν
550 417 774 453 προθυμούμενον
788 420 843 450 τοῖς
857 418 922 453 περὶ

134 458 204 484 Θεοῦ
219 459 338 486 δείκνυσι
353 459 453 494 λόγοις,
469 462 530 488 οὔτε
547 462 592 489 τὸν
605 457 782 498 ἐγχειροῦντα
798 464 922 499 θρασέως

133 504 308 539 ἀποδέχεται.
333 514 342 531 ι
367 506 436 533 Οὔτε
458 508 511 542 γὰρ
533 509 689 542 ἐπαινετὸς,
712 519 722 536 ι
747 511 830 545 φησὶν
850 512 921 547 (91),

135 558 145 575 ε
167 550 183 576 ὁ
201 550 298 583 πόθος,
314 551 383 578 ἀλλὰ
403 553 449 580 καὶ
468 550 583 588 φοϐερὸν
598 555 628 581 τὺ
647 556 828 591 ἐγχείρημα.»
848 558 923 593 Παρ-

104 606 108 622 :
132 594 237 628 ιισάγει
251 595 279 622 δὲ
293 597 340 623 καὶ
356 597 436 629 Ὀζᾶν
449 598 562 632 ἐκεῖνον,
577 599 606 631 ὃς
633 599 684 635 τῆς
706 601 824 628 κιόωτοῦ
838 602 922 628 πάλαι

98 660 105 682 Ι,
133 639 237 674 ψαῦσαι
248 640 386 676 τολμήσας
400 643 479 677 μόνον
489 643 625 677 ἀπώλετο,
639 645 832 679 φυλάσσοντος,
844 647 923 682 φησὶ,

134 683 184 710 τοῦ
196 683 264 711 Θεοῦ
275 686 307 720 τῇ
322 687 432 722 κιϐωτῷ
442 688 472 714 τὺ
484 688 642 724 σεϐάσμιον.
653 691 684 716 Et
696 690 724 717 δὲ
737 691 784 718 καὶ
797 691 924 726 βασιλεὺς

136 728 242 764 τάχιστ’
254 730 288 757 ἂν
303 731 332 764 ἐξ
349 732 500 767 ἀνθρώπων
517 735 668 769 ποιήσειεν,
686 736 713 762 ετ
727 745 769 767 τις
784 737 838 763 τῶν
856 737 925 773 ὑπη-

137 775 208 801 κόων
224 776 340 809 ἀναιδῶς
357 779 405 805 ἐπὶ
418 780 468 813 τῆς
485 779 582 807 ἑαυτοῦ
600 782 721 817 κεφαλῆς
737 783 766 809 τὸ
784 783 924 818 βασιλικὸν
938 782 948 791 ”

135 820 272 849 ἐπιθεῖναι
286 823 431 859 τολμήσειε
447 825 554 860 στέφος,
572 828 662 854 πόσων
677 829 710 855 ἂν
724 829 768 863 εἴη
783 830 925 865 κεραυνῶν

136 866 184 891 καὶ
201 867 368 903 πρηστήρων
385 868 475 902 ἄξιος,
493 871 520 897 et
532 879 573 903 τις
590 872 738 908 αὐτονομίᾳ
756 873 925 909 θρασύτητος

136 911 238 938 οὑτωσὶ
247 913 295 947 τῆς
307 913 446 948 θεολογίας
456 917 630 953 κατατολμᾷς
649 918 748 945 Ἐθέλω
759 920 812 955 γὰρ
824 921 871 946 καὶ
880 929 925 955 μι-
942 910 963 938 Β

137 957 203 991 κρδν
218 958 250 984 ἐκ
263 958 317 985 τῶν
332 960 417 987 πάλαι
434 962 593 997 προσθεῖναι
608 964 646 999 τῷ
663 964 735 999 λόγῳ
750 965 883 1000 διήγημα,
893 967 926 1000 τῇ

135 1002 264 1030 ὑποθέσει
278 1005 347 1033 πάνυ
359 1015 399 1033 τοι
413 1008 515 1044 σφόδρα
524 1009 721 1046 προσῆκον.·[Ρ.
732 1010 794 1047 5:20]
803 1012 927 1044 Ἀλέξαν-

134 1048 199 1083 δρόν
215 1058 312 1084 φασιν,
328 1053 431 1080 ἐκεῖνον
457 1055 504 1082 τὸν
526 1056 684 1089 Μακεδόνα,
702 1059 771 1092 μετὰ
785 1059 830 1085 τὸν
845 1059 928 1085 πολὺν

135 1095 240 1122 ὲκεῖνον
254 1097 353 1132 δρόμον
381 1099 430 1126 καὶ
444 1101 477 1128 τὰ
493 1102 599 1137 μεγάλα
619 1105 751 1139 τρόπαια,
768 1105 927 1140 ὲπειδήποτε

136 1141 279 1178 ῥᾳστώνης
290 1143 371 1173 ἕνεκά
386 1155 458 1179 τινος
470 1148 516 1175 καὶ
527 1149 661 1184 θυμηδίας
681 1151 780 1182 ἐπιϐὰς
795 1152 925 1187 τριήρους

135 1186 212 1214 ἔπλει
229 1192 404 1225 περισκοπῶν
418 1194 464 1221 καὶ
479 1196 602 1230 ποταμὸν
615 1197 660 1222 τὸν
674 1186 832 1233 Εὐφράτην,
847 1199 925 1225 ἐκπῖ-

136 1241 200 1260 πτει
214 1235 263 1270 τῆς
279 1237 361 1265 αὐτοῦ
376 1240 509 1275 κεφαλῆς,
524 1242 631 1276 συμϐὰν
643 1243 744 1270 οὑτωσί
760 1252 829 1275 πως,
843 1246 858 1279 ἡ
875 1245 926 1279 βα-

136 1281 228 1317 ΰιλικὴ
241 1283 386 1319 καλύπτρα
400 1287 465 1321 περὶ
481 1288 565 1322 μέσον
577 1289 624 1316 τὸν
640 1290 764 1325 ποταμόν
776 1298 782 1305 ·
799 1291 832 1326 ήν
847 1291 926 1326 τάχι-

136 1327 188 1354 στά
201 1336 243 1360 τις
254 1329 307 1356 τῶν
318 1332 423 1358 ναυτῶν
435 1333 541 1369 εἰλήφει
553 1335 750 1371 διανηξάμενος
761 1345 770 1354 '
782 1337 828 1364 καὶ
840 1337 925 1372 αὐτὴν

973 281 1076 307 riarum
1092 288 1203 308 cursum
1218 286 1245 308 et
1261 288 1374 314 magnos
1386 280 1542 315 triumphos
1557 287 1619 306 cum
1635 279 1758 306 animum

972 327 1093 354 relaxare
1117 331 1145 353 et
1171 334 1296 354 recreare
1320 327 1411 357 vellet,
1429 326 1535 353 triremi
1559 333 1710 353 conscensa
1731 324 1759 352 in

971 373 1111 407 Euphrate
1129 373 1271 407 navigasse
1285 373 1572 406 circumspectantem,
1596 379 1629 398 ac
1648 372 1674 398 in
1702 378 1759 398 me-

973 418 1019 446 dio
1049 419 1162 446 ﬂumine
1179 419 1305 446 diadema
1334 419 1373 445 illi
1400 418 1514 446 fortuito
1536 426 1552 446 e
1569 419 1661 453 capite
1684 418 1760 445 dela-

973 471 1051 499 psum
1067 471 1127 492 esse
1147 475 1153 491 :
1170 464 1243 499 quod
1257 472 1319 491 cum
1336 468 1419 491 nauta
1431 464 1543 499 quidam
1559 464 1680 491 natando
1693 471 1758 498 pro-

973 513 1069 536 vectus
1096 509 1332 543 apprehendisset.
1350 513 1377 536 et
1400 509 1465 544 quia
1489 516 1572 535 manu
1596 513 1702 544 gestare
1729 515 1761 535 ac

974 553 1054 581 simul
1076 559 1171 582 natare
1188 563 1242 581 non
1268 559 1385 589 poterat,
1402 555 1486 589 capiti
1504 563 1555 582 suo
1573 554 1760 588 imposuisset,

974 608 1006 627 ac
1026 600 1141 635 denique
1156 604 1270 628 enatant;
1287 601 1320 627 ad
1341 609 1431 636 regem
1446 605 1614 635 reportasset
1631 609 1637 626 :
1656 600 1762 628 homini

974 645 1023 678 illi,
1038 646 1111 681 quod
1128 647 1232 681 regium
1247 647 1371 673 diadema
1396 651 1544 678 servasset,
1569 647 1701 673 talentum
1715 646 1764 673 do-

975 691 1100 723 navisse;
1126 691 1172 718 sed
1200 691 1266 726 quia
1294 691 1366 719 idem
1391 692 1518 719 diadema
1544 692 1656 726 indigne
1680 691 1763 724 capiti

975 745 1025 764 suo
1054 737 1238 771 impasnisset,
1263 742 1345 772 caput
1368 737 1525 764 abstulisse.
1538 737 1617 770 Quod
1642 736 1664 763 si
1681 736 1764 764 homo

976 783 1127 816 hominem,
1152 783 1199 818 qui
1223 783 1321 810 eodem
1338 790 1431 809 secum
1445 782 1517 817 pileo
1536 790 1602 809 usus
1626 782 1707 814 foret,
1723 781 1764 808 vi-

975 837 1039 857 vum
1051 830 1123 857 ferre
1137 837 1191 857 non
1212 829 1313 864 potuit,
1330 837 1419 863 neque
1441 829 1510 856 ultra
1528 836 1626 863 passus
1643 833 1684 855 est
1700 835 1763 855 om-

976 876 1052 903 nium
1070 883 1161 903 rerum
1184 875 1309 903 altricem
1328 874 1427 902 intueri
1450 874 1515 902 solis
1530 874 1632 905 lucem,
1646 874 1711 908 quid
1729 875 1763 900 de

978 921 1011 949 iis
1025 921 1157 953 dicemus,
1169 920 1216 955 qui
1237 922 1305 948 adeo
1319 921 1475 956 petulanter
1498 920 1525 947 in
1542 919 1706 954 theologiam
1723 919 1761 946 ir-

976 967 1127 1003 rumpunt?
1152 967 1234 1002 idque
1247 974 1308 994 cum
1324 974 1414 1001 neque
1432 967 1569 993 daemones
1583 966 1694 1001 ejicere,
1714 974 1762 992 ne-

977 1021 1031 1048 que
1059 1020 1134 1040 mare
1158 1012 1371 1045 interscindere,
1396 1020 1447 1039 nec
1478 1019 1611 1046 aquarum
1628 1018 1723 1037 amnes
1749 1019 1764 1037 e

977 1059 1092 1093 rupibus
1108 1059 1204 1086 elicere
1221 1058 1338 1092 possint,
1365 1063 1394 1085 ut
1409 1058 1468 1085 istis
1494 1058 1590 1084 saltem
1617 1056 1761 1084 inductum

977 1105 1075 1139 vulgus
1093 1105 1244 1132 dedeceant
1265 1109 1347 1140 atque
1363 1105 1432 1132 adeo
1449 1105 1476 1132 in
1499 1112 1564 1132 suas
1590 1108 1682 1139 partes
1707 1108 1763 1130 tra-

980 1152 1056 1178 hant.
1076 1151 1132 1186 Ego
1162 1158 1228 1178 vero
1255 1158 1316 1185 qua:
1347 1150 1424 1178 utilia
1453 1158 1514 1178 esse
1534 1149 1666 1186 iudicavi,
1683 1157 1713 1176 ea
1736 1149 1763 1176 in

979 1197 1098 1224 medium
1117 1196 1280 1231 proferenda
1294 1203 1354 1223 esse
1377 1195 1483 1223 censui.
1504 1195 1569 1228 Qua:
1594 1195 1616 1222 si
1630 1194 1766 1222 auditori-

979 1243 1031 1271 bus
1048 1243 1130 1277 digna
1148 1242 1242 1270 auditu
1267 1243 1326 1269 visa
1350 1246 1426 1274 sunt,
1443 1241 1498 1268 Deo
1522 1241 1641 1275 accepta]
1657 1240 1764 1270 refero,

979 1291 1036 1325 qui,
1050 1289 1183 1325 quidquid
1197 1288 1352 1324 pulchrum,
1369 1288 1496 1323 largitur.
1513 1287 1560 1314 Sin
1572 1286 1672 1316 minus,
1685 1285 1765 1320 520

979 1335 1126 1372 quaerenda
1142 1339 1206 1362 sunt
1222 1335 1348 1362 meliora.
1368 1343 1378 1360 ι

136 1375 187 1408 μέν
203 1377 236 1411 τῇ
254 1378 324 1412 χειρὶ
341 1378 486 1413 βαστάζειν
501 1382 560 1417 ἅμα
577 1383 624 1410 καὶ
640 1384 768 1419 νήχεσθαι
788 1386 824 1420 μὴ
842 1385 922 1420 ἔχων,
942 1387 975 1421 τῇ
994 1384 1092 1412 ἑαυτοῦ
1108 1383 1214 1419 κεφαλῇ
1248 1382 1371 1417 περιθεὶς
1402 1380 1548 1417 ἐξενήξατο
1564 1382 1684 1417 κομίζων
1699 1381 1767 1407 ταύ-

134 1429 185 1457 την
198 1423 237 1457 τῷ
253 1423 374 1458 βασιλεῖ·
390 1428 404 1453 ὃ
419 1436 450 1461 γε
468 1429 521 1465 μὴν
535 1429 660 1464 βασιλεὺς
674 1431 742 1466 (92),
757 1431 798 1457 ὅτι
813 1431 862 1466 μὲν
874 1430 923 1466 τὴν
944 1431 1078 1466 βισίλειον
1091 1429 1250 1464 καλύπτραν
1282 1428 1357 1463 αὑτῷ
1387 1428 1545 1461 διεσώσατο,
1558 1427 1689 1454 τάλαντον
1701 1428 1768 1454 ἔδω.

136 1468 241 1503 μήσατο
251 1477 258 1484 ·
272 1471 313 1497 ὅτι
327 1472 351 1499 δ’
361 1474 446 1509 αὐτὴν
461 1475 580 1509 ἀναξίως
591 1478 624 1512 τῇ
639 1477 736 1504 ἑαυτοῦ
752 1478 857 1512 κεφαλῇ
873 1477 1049 1513 περιέθηκεν,
1084 1476 1242 1511 ἀφαιρεῖται
1274 1475 1326 1510 τῆς
1358 1474 1480 1510 κεφαλῆς
1507 1474 1551 1501 τὸν
1566 1474 1720 1508 ἄνθρωπον.
1736 1475 1766 1501 Et

135 1514 158 1545 δ’
171 1515 315 1552 ἄνθρωπος
329 1520 472 1556 ἄνθρωπον
486 1523 535 1550 οὐκ
568 1524 700 1560 ἠνέσχετο
732 1524 781 1560 τὴν
815 1524 900 1559 αὐτὴν
917 1524 1006 1560 ἑαυτῷ
1026 1523 1172 1559 περιθέντα
1192 1522 1351 1557 καλύπτραν
1383 1521 1471 1554 ζῶντα
1492 1521 1602 1556 βλέπειν
1622 1522 1699 1548 ἐᾶσαι
1719 1521 1766 1548 τοῦ

136 1561 231 1589 λοιποῦ
248 1563 297 1599 τὴν
313 1566 346 1592 τὰ
363 1567 450 1594 πάντα
469 1569 619 1603 βόσκουσαν
636 1571 760 1606 αἰθερίαν
777 1571 923 1606 λαμπάδα,
943 1571 969 1596 τί
986 1571 1109 1606 φήσομεν
1123 1569 1188 1604 περὶ
1219 1568 1274 1595 τῶν
1306 1567 1392 1599 ἀδεῶς
1407 1567 1507 1594 οὑτωσὶ
1520 1568 1554 1602 τῇ
1571 1567 1694 1603 θεολογίᾳ
1708 1567 1769 1594 ἐπι-

137 1608 286 1643 πηδώντων
300 1613 346 1639 καὶ
361 1613 450 1640 ταῦτα
465 1615 534 1649 μήτε
552 1615 685 1651 δαίμονας
703 1617 858 1652 δυναμένων
874 1615 1028 1650 ἐκϐάλλειν,
1057 1616 1126 1652 μήτε
1157 1615 1294 1642 θάλασσαν
1322 1614 1442 1649 τέμνειν,
1456 1613 1524 1649 μήτε
1553 1614 1692 1648 ποταμοὺς
1705 1614 1768 1641 ὑδά-

138 1663 192 1682 των
205 1659 428 1692 παρασκευάζειν
439 1661 580 1694 ἐκσλύξειν
594 1664 625 1690 ἐκ
638 1665 752 1700 πέτρας,
765 1664 807 1691 ἵνα
820 1663 925 1695 τούτοις
946 1663 1011 1697 γοῦν
1025 1663 1211 1697 μεταπείσωσι
1224 1662 1286 1693 τοὺς
1317 1661 1432 1692 πολλοὺς
1446 1661 1493 1688 καὶ
1507 1661 1575 1696 πρὸς
1606 1661 1718 1693 ἑαυτοὺς
1731 1662 1770 1694 ὡς

137 1703 213 1734 είκέις
227 1705 444 1741 ἀνθελκύσωσιν;
466 1708 538 1736 Ἀλλ’
551 1709 606 1744 ἐγὼ
623 1710 672 1743 μὲν
704 1710 721 1737 ἃ
738 1710 888 1745 συμφέρειν
917 1709 1042 1745 ἐνόμισα,
1066 1709 1152 1735 ταῦτα
1173 1708 1220 1734 καὶ
1240 1708 1331 1742 λέγειν
1351 1707 1505 1741 προῖεΥμαι.
1542 1708 1575 1734 Et
1597 1708 1625 1734 δὲ
1647 1707 1693 1735 καὶ
1712 1709 1768 1745 τοῖς

138 1749 285 1777 ἁκούουσιν
301 1752 385 1787 ἀκοῆς
403 1753 466 1785 ἄξια
482 1754 568 1781 ταῦτα
587 1755 696 1790 φανείη,
715 1755 753 1789 τῷ
772 1744 836 1790 Θεῷν
849 1755 929 1790 χάρις
946 1744 985 1790 τῷ
1007 1753 1117 1780 πάντων
1148 1752 1241 1779 καλῶν
1278 1751 1399 1787 χορηγῷ.
1421 1751 1452 1777 El.
1472 1751 1494 1778 δ’
1508 1751 1565 1785 οὖν,
1586 1753 1718 1780 σκεπτέον
1739 1744 1769 1779 τὸ

138 1795 255 1830 βέλτιον.
273 1806 283 1822 ›

173 1843 212 1871 Γ¹.
233 1845 326 1872 Ταῦτα
343 1845 485 1878 διεξελθὼν
503 1847 650 1882 όμόστοιχα
666 1847 757 1882 λέγειν
776 1847 853 1881 ἔδοξα
870 1847 925 1883 (95)

1013 1845 1057 1872 lll.
1086 1845 1148 1872 [late
1166 1851 1229 1872 cum
1245 1843 1387 1877 dixissem,
1403 1845 1479 1872 visus
1502 1852 1562 1872 sum
1584 1846 1768 1873 eruditiorum

137 1891 195 1922 τοῖς
215 1891 441 1927 ἐλλογιμωτέροις
459 1893 514 1920 τῶν
536 1894 694 1921 ἐπισκόπων
712 1896 767 1925 τοῖς
785 1903 816 1921 τε
836 1895 926 1927 ἄλλοις

138 1937 187 1963 καὶ
204 1936 321 1972 μάλιστα
336 1938 488 1974 Δυρραχίου
504 1939 542 1974 τῷ
558 1940 628 1967 πάνυ
641 1948 648 1956 ·
663 1941 693 1972 ὃς
709 1941 790 1976 πολιᾷ
806 1940 864 1975 βίου
880 1941 927 1976 καὶ,

138 1970 274 2015 συνέσεως
286 1970 399 2018 ὀξύτητι
409 1970 454 2012 κᾶι
469 1970 642 2022 μεγαλοφυτᾳ
655 1970 768 2022 γνώμης
777 1970 930 2022 διέπρεπεᾷ

139 2030 169 2055 ἐν
184 2030 241 2061 τοῖς
256 2030 426 2064 ἐπισκόποις,
443 2031 514 2067 λόγῳ
528 2041 558 2059 τε
573 2033 623 2068 τὴν
637 2034 738 2069 ἀρετὴν
755 2034 866 2069 κοσμῶν
881 2035 928 2061 καὶ

139 2076 225 2111 ἀρετῇ
241 2077 287 2103 τὸν
301 2077 390 2110 λόγον.
404 2076 452 2109 Οἷς
466 2079 621 2106 ἀκολουθεῖν
637 2080 802 2107 πεπείκασιν
817 2081 930 2112 ἑαυτοὺς

138 2124 185 2149 καὶ
203 2123 260 2149 ὅσοι
279 2124 316 2157 μὴ
334 2124 424 2157 λόγοις
440 2124 490 2159 τὴν
507 2125 633 2158 γλῶσσαν
651 2125 772 2157 ὁπλίζειν
790 2126 927 2160 ἐδύναντο,

139 2168 232 2194 πᾶσαν
246 2168 389 2204 ἐριστικὴν
404 2169 433 2202 ἐξ
448 2170 571 2205 ἀνάγκης
586 2171 750 2205 ἀποθέμενοι
765 2172 890 2207 γνώμην.

175 2260 213 2286 Δ’.
232 2259 279 2285 Ἐν
293 2260 380 2294 τούτῳ
391 2258 431 2294 τῷ
446 2259 534 2295 χρόνῳ
548 2261 595 2286 καὶ
610 2261 624 2287 ὁ
639 2260 772 2296 δεσπότης
785 2261 840 2296 (94)
856 2270 931 2288 τετε-

138 2305 258 2339 λεύτηκε
272 2306 490 2339 Κωνσταντῖνος,
503 2305 593 2340 ἑαυτῷ
606 2314 637 2341 γε
652 2307 790 2342 συνθάψας
802 2307 870 2342 ὁμοῦ
883 2307 931 2334 καὶ

137 2351 188 2383 τὰς
203 2351 335 2386 ἀκαίρους
353 2351 406 2378 τῶν
422 2351 530 2379 πολλῶν
545 2352 720 2387 προσδοκίας.

978 1892 1170 1927 episcoporum
1180 1891 1304 1926 Opinioni
1318 1891 1621 1926 congruentiajdixisse.
1629 1899 1691 1920 eum
1701 1893 1768 1920 alio-

971 1945 1053 1971 ‘rum,
1081 1944 1138 1966 tum
1166 1939 1286 1966 maxime
1313 1938 1506 1972 Dyrrhachini,
1528 1938 1578 1966 viri
1597 1940 1767 1973 praestantis-

979 1987 1059 2020 simi;
1075 1986 1122 2021 qui
1139 1989 1168 2013 et
1197 1985 1276 2012 senili
1302 1985 1435 2020 gravitate
1453 1989 1480 2012 et
1503 1984 1607 2019 ingenii
1639 1985 1767 2013 acumine

979 2038 1007 2060 et
1033 2032 1117 2059 animi
1144 2031 1331 2067 magnitudine
1350 2031 1422 2058 inter
1441 2030 1587 2065 episcopos
1603 2031 1767 2064 excellebat,

981 2086 1014 2106 ac
1039 2079 1168 2105 virtutem
1199 2077 1357 2105 eruditione
1389 2082 1418 2105 et
1450 2076 1634 2104 eruditionem
1664 2077 1766 2104 virtute

983 2125 1109 2153 ornabat.
1137 2124 1193 2152 Hos
1224 2124 1243 2151 ii
1269 2124 1322 2151 sibi
1347 2123 1503 2158 sequendos
1519 2127 1697 2158 putaverunt,
1718 2124 1766 2159 qui

977 2171 1135 2206 eloquentia
1164 2178 1219 2198 non
1244 2169 1382 2203 valebant,
1397 2177 1478 2197 omne
1504 2169 1690 2198 contentionis
1710 2176 1768 2199 stu-

977 2218 1053 2246 dium
1069 2217 1157 2245 coacti
1172 2217 1303 2253 abjieere‘.

1013 2264 1057 2291 Ν.
1091 2263 1147 2290 [loc
1173 2268 1296 2298 tempore
1323 2262 1406 2291 etiam
1435 2263 1548 2297 despota
1571 2263 1769 2294 Constantinus

980 2309 1110 2342 decessit,
1127 2314 1156 2337 et
1182 2317 1235 2336 una
1253 2315 1345 2336 secum
1362 2300 1471 2335 inanem
1493 2310 1567 2344 vulgi
1585 2311 1768 2346 exspectatio.-

982 2363 1045 2383 nem
1066 2355 1203 2390 sepelivit.

812 2413 981 2445 Variorum
998 2421 1093 2446 noue.
1707 2447 1711 2449 .

177 2464 233 2498 (9|)
259 2463 374 2498 Gregor.
407 2462 474 2490 Naz.
508 2465 634 2492 oratione
677 2465 742 2499 περὶ
778 2464 928 2503 δόγματος.
944 2467 970 2497 D
984 2474 1041 2493 men
1050 2467 1186 2503 subsecuta
1196 2474 1247 2503 nou
1260 2471 1308 2499 est,
1319 2464 1589 2503 NicephoriGrcgora'
1599 2466 1685 2492 omnia
1702 2470 1767 2503 Iunt,

141 2499 248 2526 Bclvm.

182 2535 240 2568 (92)
263 2533 365 2561 Vitiosa
381 2535 559 2563 constructio.
580 2534 685 2562 Belvm.

180 2570 236 2603 (95)
254 2569 309 2596 Leo
325 2569 452 2602 Allatius,
479 2570 517 2597 De
546 2569 646 2597 Ecclus.
668 2571 756 2599 Uccid.
777 2576 802 2598 et
829 2572 930 2599 Orient.

163 2613 219 2639 erp.
248 2612 369 2641 tonseus.
395 2605 492 2641 liban.
516 2612 573 2641 cap
596 2605 640 2641 16,
657 2607 766 2638 scct.2,
794 2608 931 2641 pontillcis

156 2641 261 2677 {omani
280 2640 419 2677 Benedicti
434 2640 482 2677 ΧΠ
510 2640 542 2667 ad
560 2639 710 2677 Robertum
723 2639 823 2668 Sicilia:
839 2650 929 2677 regem

143 2675 289 2712 epistolam
313 2675 428 2712 profert,
451 2675 542 2712 datam
560 2675 701 2712 Avenione
728 2684 757 2704 Ill
775 2677 833 2704 Kal.
853 2675 929 2712 Sépt.

144 2718 190 2737 an.
211 2710 278 2738 Chr.
294 2711 373 2740 1559.
388 2711 469 2745 eique
496 2710 620 2745 epistolae
641 2711 785 2745 subjungit
802 2717 860 2739 acta
881 2710 930 2739 eo~

144 2747 207 2781 dom
220 2753 292 2772 anno
308 2745 379 2781 inter
395 2745 716 2781 eumdemrBencdictum
730 2754 826 2781 papam
842 2751 869 2774 et
878 2747 930 2774 Au-

144 2780 253 2816 droniei
267 2780 386 2815 iunioris
396 2781 511 2815 legatos,
525 2780 695 2816 Barlaamum
709 2780 738 2808 et
758 2780 927 2816 Stephanum

146 2815 313 2846 landulum,
333 2815 379 2850 qui
407 2815 441 2842 do
459 2815 644 2843 Ecclesiarum
675 2815 822 2844 concordia
838 2818 927 2845 acturi

145 2851 316 2877 Avenionem
333 2855 477 2878 venerant.
492 2850 625 2885 Denique,
649 2851 693 2879 his
705 2851 833 2879 omnibus
852 2853 926 2880 velut

146 2885 327 2920 lrxstructis,
347 2885 405 2913 haec
425 2886 482 2921 ipse
497 2885 573 2914 addit
586 2885 620 2914 de
635 2893 686 2914 suo
702 2895 708 2915 :
722 2886 869 2915 Concordia
884 2892 926 2916 ta-

983 2506 1006 2528 el
1022 2502 1110 2535 favore
1129 2502 1254 2536 principis
1278 2507 1302 2528 et
1325 2501 1482 2535 eloquentia:
1507 2502 1593 2528 nervis
1617 2508 1712 2534 susque
1725 2501 1770 2526 de-

981 2544 1031 2572 que
1048 2538 1178 2564 miscentis
1206 2537 1362 2572 pernicacia,
1391 2537 1436 2572 qui
1454 2536 1559 2570 prolixa
1585 2537 1707 2562 oratione
1722 2544 1770 2572 po-

981 2569 1127 2598 iriarc/mm
1138 2569 1234 2607 ipsum,
1251 2569 1464 2607 Dyrrhachinunt
1476 2571 1635 2606 episcopum,
1654 2575 1690 2607 Aet
1701 2569 1769 2596 alios

981 2607 1130 2642 perplures.
1149 2605 1284 2634 seductos
1305 2608 1331 2634 in
1347 2616 1423 2634 suam
1438 2607 1520 2642 tmgcit
1545 2605 1716 2634 sententiam,
1734 2613 1770 2642 ne

981 2640 1060 2678 legati
1076 2642 1206 2677 pontiﬁcis
1222 2642 1389 2673 audirentur,
1404 2641 1655 2678 repudiarenturque
1668 2640 1768 2678 omina,

980 2674 1038 2712 (ιιῖω
1065 2674 1233 2704 concordiam
1251 2677 1363 2704 similem
1384 2674 1503 2703 stabilire
1524 2675 1686 2712 uiderentur;
1715 2674 1768 2700 Leu

979 2709 1097 2740 Allatius
1113 2717 1234 2746 tempora
1252 2712 1406 2739 confundit.
1421 2711 1489 2739 Nam
1502 2711 1591 2737 oratio
1606 2710 1651 2746 illa
1663 2709 1767 2746 Gregof

985 2755 1023 2774 ra:
1038 2756 1092 2774 non
1110 2747 1144 2774 ad
1159 2744 1204 2774 an.
1222 2747 1288 2775 Chr.
1309 2747 1377 2774 1559
1402 2751 1449 2773 aut
1477 2746 1546 2772 1510
1569 2745 1698 2779 pertinet,
1719 2744 1767 2771 sed

982 2782 1026 2810 ad.
1043 2790 1087 2810 an.
1106 2782 1185 2814 1555,
1202 2787 1231 2810 ut
1247 2791 1329 2817 supra
1344 2782 1448 2809 dictum
1460 2785 1512 2817 est.
1525 2781 1630 2808 Bowm.

1019 2817 1075 2853 (91)
1088 2817 1238 2845 Andronici
1254 2814 1371 2844 senioris
1385 2817 1457 2853 imp._
1470 2815 1542 2844 ﬁlius
1558 2814 1769 2853 secundc'genip

983 2856 1028 2880 tus
1044 2850 1077 2880 ex
1092 2854 1169 2880 Anna
1185 2852 1271 2886 prima
1290 2860 1386 2880 uxore.
1409 2851 1478 2879 Vide
1490 2855 1605 2879 stemma
1621 2850 1768 2885 Palaeolog.

980 2893 1010 2916 et
1027 2888 1178 2919 scriptores
1194 2887 1232 2916 ibi
1250 2887 1384 2916 laudatos.
1400 2887 1517 2915 Ducam.
