  <div class='ocr_page' id='page_1' title='image "/cluster/home/n/w/nwhite01/storage/ocr_20150623/148/njp.32101077773164/425.png"; bbox 0 0 1920 3075; ppageno 0'>
   <div class='ocr_carea' id='block_1_1' title="bbox 782 93 803 103">
    <p class='ocr_par' dir='ltr' id='par_1_1' title="bbox 782 93 803 103">
     <span class='ocr_line' id='line_1_1' title="bbox 782 93 803 103; baseline 0 0"><span class='ocrx_word' id='word_1_1' title='bbox 782 93 803 103; x_wconf 70' lang='lat'><strong><em>\</em></strong></span> 
     </span>
    </p>
   </div>
   <div class='ocr_carea' id='block_1_2' title="bbox 159 163 595 201">
    <p class='ocr_par' dir='ltr' id='par_1_2' title="bbox 159 163 595 201">
     <span class='ocr_line' id='line_1_2' title="bbox 159 163 595 201; baseline 0.002 -10"><span class='ocrx_word' id='word_1_2' title='bbox 159 165 211 196; x_wconf 80' lang='lat'><strong>735</strong></span> <span class='ocrx_word' id='word_1_3' title='bbox 281 163 319 199; x_wconf 75' lang='grc' dir='ltr'><strong>[Δ.</strong></span> <span class='ocrx_word' id='word_1_4' title='bbox 336 172 364 190; x_wconf 63' lang='grc' dir='ltr'>ιι.</span> <span class='ocrx_word' id='word_1_5' title='bbox 379 163 448 191; x_wconf 77' lang='lat'><strong>6856</strong></span> <span class='ocrx_word' id='word_1_6' title='bbox 465 172 498 191; x_wconf 73' lang='lat' dir='ltr'><strong>AD</strong></span> <span class='ocrx_word' id='word_1_7' title='bbox 513 164 595 201; x_wconf 66' lang='lat'><strong>6859]</strong></span> 
     </span>
    </p>
   </div>
   <div class='ocr_carea' id='block_1_3' title="bbox 756 169 1182 202">
    <p class='ocr_par' dir='ltr' id='par_1_3' title="bbox 756 169 1182 202">
     <span class='ocr_line' id='line_1_3' title="bbox 756 169 1182 202; baseline 0.007 -3"><span class='ocrx_word' id='word_1_8' title='bbox 756 169 967 202; x_wconf 76' lang='lat' dir='ltr'><strong>NlCEl’IIOllI</strong></span> <span class='ocrx_word' id='word_1_9' title='bbox 988 172 1182 202; x_wconf 55' lang='lat' dir='ltr'><strong>GREGOBKE</strong></span> 
     </span>
    </p>
   </div>
   <div class='ocr_carea' id='block_1_4' title="bbox 1342 171 1787 211">
    <p class='ocr_par' dir='ltr' id='par_1_4' title="bbox 1342 171 1787 211">
     <span class='ocr_line' id='line_1_4' title="bbox 1342 171 1787 211; baseline 0.002 -13"><span class='ocrx_word' id='word_1_10' title='bbox 1342 171 1407 207; x_wconf 68' lang='lat' dir='ltr'><strong>[tam</strong></span> <span class='ocrx_word' id='word_1_11' title='bbox 1435 171 1661 208; x_wconf 73' lang='lat' dir='ltr'><strong>ANDIONIC.JUN.]</strong></span> <span class='ocrx_word' id='word_1_12' title='bbox 1715 174 1787 211; x_wconf 79' lang='lat'><strong>_735</strong></span> 
     </span>
    </p>
   </div>
   <div class='ocr_carea' id='block_1_5' title="bbox 159 219 949 264">
    <p class='ocr_par' dir='ltr' id='par_1_5' title="bbox 159 219 948 258">
     <span class='ocr_line' id='line_1_5' title="bbox 159 219 948 258; baseline 0.01 -14"><span class='ocrx_word' id='word_1_13' title='bbox 159 229 219 255; x_wconf 68' lang='lat' dir='ltr'><strong>qus</strong></span> <span class='ocrx_word' id='word_1_14' title='bbox 248 219 374 251; x_wconf 74' lang='lat' dir='ltr'><strong>fratrem,</strong></span> <span class='ocrx_word' id='word_1_15' title='bbox 392 225 422 247; x_wconf 88' lang='lat' dir='ltr'><strong>ut</strong></span> <span class='ocrx_word' id='word_1_16' title='bbox 448 228 497 255; x_wconf 83' lang='lat' dir='ltr'><strong>par</strong></span> <span class='ocrx_word' id='word_1_17' title='bbox 518 227 587 254; x_wconf 82' lang='lat' dir='ltr'><strong>erat,</strong></span> <span class='ocrx_word' id='word_1_18' title='bbox 612 225 860 258; x_wconf 69' lang='lat' dir='ltr'><strong>conservaliamus,</strong></span> <span class='ocrx_word' id='word_1_19' title='bbox 887 234 948 253; x_wconf 88' lang='lat' dir='ltr'><strong>cum</strong></span> 
     </span>
    </p>
   </div>
   <div class='ocr_carea' id='block_1_6' title="bbox 1001 219 1788 264">
    <p class='ocr_par' dir='ltr' id='par_1_6' title="bbox 1005 227 1788 264">
     <span class='ocr_line' id='line_1_6' title="bbox 1005 227 1788 264; baseline 0.001 -11"><span class='ocrx_word' id='word_1_20' title='bbox 1005 229 1071 260; x_wconf 74' lang='grc' dir='ltr'>πρός</span> <span class='ocrx_word' id='word_1_21' title='bbox 1082 237 1112 254; x_wconf 89' lang='grc' dir='ltr'><strong>τε</strong></span> <span class='ocrx_word' id='word_1_22' title='bbox 1124 228 1173 262; x_wconf 75' lang='grc' dir='ltr'>τὴν</span> <span class='ocrx_word' id='word_1_23' title='bbox 1196 227 1356 264; x_wconf 80' lang='grc' dir='ltr'>Κ-ράλαιναν</span> <span class='ocrx_word' id='word_1_24' title='bbox 1368 229 1415 254; x_wconf 83' lang='grc' dir='ltr'>καὶ</span> <span class='ocrx_word' id='word_1_25' title='bbox 1426 228 1471 254; x_wconf 75' lang='grc' dir='ltr'><strong>τὸν</strong></span> <span class='ocrx_word' id='word_1_26' title='bbox 1487 228 1574 262; x_wconf 73' lang='grc' dir='ltr'>αὐτῆς</span> <span class='ocrx_word' id='word_1_27' title='bbox 1603 228 1718 262; x_wconf 83' lang='grc' dir='ltr'>ἀδελφὺν</span> <span class='ocrx_word' id='word_1_28' title='bbox 1742 229 1788 255; x_wconf 78' lang='grc' dir='ltr'>διὰ</span> 
     </span>
    </p>
   </div>
   <div class='ocr_carea' id='block_1_7' title="bbox 162 265 951 305">
    <p class='ocr_par' dir='ltr' id='par_1_7' title="bbox 162 265 951 305">
     <span class='ocr_line' id='line_1_7' title="bbox 162 265 951 305; baseline 0.01 -15"><span class='ocrx_word' id='word_1_29' title='bbox 162 269 276 299; x_wconf 87' lang='lat' dir='ltr'><strong>propter</strong></span> <span class='ocrx_word' id='word_1_30' title='bbox 292 265 385 292; x_wconf 81' lang='lat' dir='ltr'><strong>divum</strong></span> <span class='ocrx_word' id='word_1_31' title='bbox 411 265 487 293; x_wconf 87' lang='lat' dir='ltr'><strong>illum</strong></span> <span class='ocrx_word' id='word_1_32' title='bbox 514 272 543 294; x_wconf 90' lang='lat' dir='ltr'><strong>et</strong></span> <span class='ocrx_word' id='word_1_33' title='bbox 570 268 788 296; x_wconf 79' lang='lat' dir='ltr'><strong>Iaudatissimum</strong></span> <span class='ocrx_word' id='word_1_34' title='bbox 804 271 951 305; x_wconf 81' lang='lat' dir='ltr'><strong>imperato—</strong></span> 
     </span>
    </p>
   </div>
   <div class='ocr_carea' id='block_1_8' title="bbox 160 314 951 347">
    <p class='ocr_par' dir='ltr' id='par_1_8' title="bbox 160 314 951 347">
     <span class='ocr_line' id='line_1_8' title="bbox 160 314 951 347; baseline 0.009 -9"><span class='ocrx_word' id='word_1_35' title='bbox 160 319 230 341; x_wconf 74' lang='lat' dir='ltr'><strong>rem,</strong></span> <span class='ocrx_word' id='word_1_36' title='bbox 247 320 342 338; x_wconf 86' lang='lat' dir='ltr'><strong>eorum</strong></span> <span class='ocrx_word' id='word_1_37' title='bbox 356 317 460 346; x_wconf 81' lang='lat' dir='ltr'><strong>patrezn</strong></span> <span class='ocrx_word' id='word_1_38' title='bbox 472 333 479 345; x_wconf 90' lang='lat'><strong>,</strong></span> <span class='ocrx_word' id='word_1_39' title='bbox 495 317 553 340; x_wconf 92' lang='lat' dir='ltr'><strong>tum</strong></span> <span class='ocrx_word' id='word_1_40' title='bbox 572 314 700 347; x_wconf 80' lang='lat' dir='ltr'><strong>maxime,</strong></span> <span class='ocrx_word' id='word_1_41' title='bbox 720 320 749 343; x_wconf 95' lang='lat' dir='ltr'><strong>ut</strong></span> <span class='ocrx_word' id='word_1_42' title='bbox 768 324 800 343; x_wconf 93' lang='lat' dir='ltr'><strong>ne</strong></span> <span class='ocrx_word' id='word_1_43' title='bbox 817 317 878 344; x_wconf 89' lang='lat' dir='ltr'><strong>istis</strong></span> <span class='ocrx_word' id='word_1_44' title='bbox 892 323 951 344; x_wconf 88' lang='lat' dir='ltr'><strong>tan-</strong></span> 
     </span>
    </p>
   </div>
   <div class='ocr_carea' id='block_1_9' title="bbox 162 357 951 397">
    <p class='ocr_par' dir='ltr' id='par_1_9' title="bbox 162 357 951 397">
     <span class='ocr_line' id='line_1_9' title="bbox 162 357 951 397; baseline 0.01 -14"><span class='ocrx_word' id='word_1_45' title='bbox 162 363 188 384; x_wconf 90' lang='lat' dir='ltr'><strong>ta</strong></span> <span class='ocrx_word' id='word_1_46' title='bbox 204 357 361 384; x_wconf 81' lang='lat' dir='ltr'><strong>calamitate</strong></span> <span class='ocrx_word' id='word_1_47' title='bbox 389 359 528 392; x_wconf 79' lang='lat' dir='ltr'><strong>oppressis</strong></span> <span class='ocrx_word' id='word_1_48' title='bbox 541 359 710 387; x_wconf 80' lang='lat' dir='ltr'><strong>deess&#39;emus.</strong></span> <span class='ocrx_word' id='word_1_49' title='bbox 727 362 819 396; x_wconf 87' lang='lat' dir='ltr'><strong>itaque</strong></span> <span class='ocrx_word' id='word_1_50' title='bbox 835 363 951 397; x_wconf 83' lang='lat' dir='ltr'><strong>impera-</strong></span> 
     </span>
    </p>
   </div>
   <div class='ocr_carea' id='block_1_10' title="bbox 161 402 952 437">
    <p class='ocr_par' dir='ltr' id='par_1_10' title="bbox 161 402 952 437">
     <span class='ocr_line' id='line_1_10' title="bbox 161 402 952 437; baseline 0.01 -10"><span class='ocrx_word' id='word_1_51' title='bbox 161 405 204 427; x_wconf 89' lang='lat' dir='ltr'><strong>tor</strong></span> <span class='ocrx_word' id='word_1_52' title='bbox 220 402 306 436; x_wconf 79' lang='lat' dir='ltr'><strong>magis</strong></span> <span class='ocrx_word' id='word_1_53' title='bbox 323 409 354 428; x_wconf 91' lang='lat' dir='ltr'><strong>ac</strong></span> <span class='ocrx_word' id='word_1_54' title='bbox 371 404 456 437; x_wconf 80' lang='lat' dir='ltr'><strong>magis</strong></span> <span class='ocrx_word' id='word_1_55' title='bbox 471 411 505 429; x_wconf 61' lang='lat' dir='ltr'><strong>oo</strong></span> <span class='ocrx_word' id='word_1_56' title='bbox 530 411 563 430; x_wconf 89' lang='lat' dir='ltr'><strong>eo</strong></span> <span class='ocrx_word' id='word_1_57' title='bbox 586 405 706 433; x_wconf 77' lang='lat' dir='ltr'><strong>mollitus</strong></span> <span class='ocrx_word' id='word_1_58' title='bbox 724 406 838 434; x_wconf 86' lang='lat' dir='ltr'><strong>crimina</strong></span> <span class='ocrx_word' id='word_1_59' title='bbox 858 407 952 436; x_wconf 86' lang='lat' dir='ltr'><strong>Deme-</strong></span> 
     </span>
    </p>
   </div>
   <div class='ocr_carea' id='block_1_11' title="bbox 161 448 953 486">
    <p class='ocr_par' dir='ltr' id='par_1_11' title="bbox 161 448 953 486">
     <span class='ocr_line' id='line_1_11' title="bbox 161 448 953 486; baseline 0.01 -12"><span class='ocrx_word' id='word_1_60' title='bbox 161 448 215 474; x_wconf 91' lang='lat' dir='ltr'><strong>trio</strong></span> <span class='ocrx_word' id='word_1_61' title='bbox 241 449 359 483; x_wconf 57' lang='lat' dir='ltr'><strong>despotic</strong></span> <span class='ocrx_word' id='word_1_62' title='bbox 381 449 490 483; x_wconf 85' lang='lat' dir='ltr'><strong>objecta</strong></span> <span class='ocrx_word' id='word_1_63' title='bbox 509 450 617 478; x_wconf 86' lang='lat' dir='ltr'><strong>silentio</strong></span> <span class='ocrx_word' id='word_1_64' title='bbox 640 452 781 486; x_wconf 79' lang='lat' dir='ltr'><strong>przeteriit.</strong></span> <span class='ocrx_word' id='word_1_65' title='bbox 796 453 953 482; x_wconf 86' lang='lat' dir='ltr'><strong>Aceusatio-</strong></span> 
     </span>
    </p>
   </div>
   <div class='ocr_carea' id='block_1_12' title="bbox 161 494 951 532">
    <p class='ocr_par' dir='ltr' id='par_1_12' title="bbox 161 494 951 532">
     <span class='ocr_line' id='line_1_12' title="bbox 161 494 951 532; baseline 0.011 -13"><span class='ocrx_word' id='word_1_66' title='bbox 161 494 204 520; x_wconf 81' lang='lat' dir='ltr'><strong>nis</strong></span> <span class='ocrx_word' id='word_1_67' title='bbox 235 498 325 521; x_wconf 87' lang='lat' dir='ltr'><strong>atttetn</strong></span> <span class='ocrx_word' id='word_1_68' title='bbox 348 503 455 522; x_wconf 88' lang='lat' dir='ltr'><strong>summa</strong></span> <span class='ocrx_word' id='word_1_69' title='bbox 482 496 539 524; x_wconf 75' lang='lat' dir='ltr'><strong>bmc</strong></span> <span class='ocrx_word' id='word_1_70' title='bbox 565 503 645 530; x_wconf 83' lang='lat' dir='ltr'><strong>erat,</strong></span> <span class='ocrx_word' id='word_1_71' title='bbox 676 499 765 532; x_wconf 87' lang='lat' dir='ltr'><strong>palam</strong></span> <span class='ocrx_word' id='word_1_72' title='bbox 796 507 858 527; x_wconf 89' lang='lat' dir='ltr'><strong>eum</strong></span> <span class='ocrx_word' id='word_1_73' title='bbox 890 508 951 528; x_wconf 89' lang='lat' dir='ltr'><strong>cum</strong></span> 
     </span>
    </p>
   </div>
   <div class='ocr_carea' id='block_1_13' title="bbox 162 539 950 574">
    <p class='ocr_par' dir='ltr' id='par_1_13' title="bbox 162 539 950 574">
     <span class='ocr_line' id='line_1_13' title="bbox 162 539 950 574; baseline 0.009 -9"><span class='ocrx_word' id='word_1_74' title='bbox 162 539 301 566; x_wconf 87' lang='lat' dir='ltr'><strong>seditiosis</strong></span> <span class='ocrx_word' id='word_1_75' title='bbox 318 541 502 574; x_wconf 83' lang='lat' dir='ltr'><strong>conspirasse.</strong></span> <span class='ocrx_word' id='word_1_76' title='bbox 516 542 549 569; x_wconf 83' lang='lat' dir='ltr'><strong>At</strong></span> <span class='ocrx_word' id='word_1_77' title='bbox 561 542 632 570; x_wconf 88' lang='lat' dir='ltr'><strong>idem</strong></span> <span class='ocrx_word' id='word_1_78' title='bbox 645 543 718 570; x_wconf 81' lang='lat' dir='ltr'><strong>aliud</strong></span> <span class='ocrx_word' id='word_1_79' title='bbox 733 545 840 572; x_wconf 82' lang='lat' dir='ltr'><strong>consilii</strong></span> <span class='ocrx_word' id='word_1_80' title='bbox 857 553 950 573; x_wconf 84' lang='lat' dir='ltr'><strong>secum</strong></span> 
     </span>
    </p>
   </div>
   <div class='ocr_carea' id='block_1_14' title="bbox 163 585 952 626">
    <p class='ocr_par' dir='ltr' id='par_1_14' title="bbox 163 585 952 626">
     <span class='ocr_line' id='line_1_14' title="bbox 163 585 952 626; baseline 0.01 -16"><span class='ocrx_word' id='word_1_81' title='bbox 163 585 245 611; x_wconf 73' lang='lat' dir='ltr'><strong>tat-ite</strong></span> <span class='ocrx_word' id='word_1_82' title='bbox 264 585 410 613; x_wconf 81' lang='lat' dir='ltr'><strong>meditatus</strong></span> <span class='ocrx_word' id='word_1_83' title='bbox 439 589 537 621; x_wconf 85' lang='lat' dir='ltr'><strong>fuerat,</strong></span> <span class='ocrx_word' id='word_1_84' title='bbox 556 588 639 623; x_wconf 86' lang='lat' dir='ltr'><strong>idque</strong></span> <span class='ocrx_word' id='word_1_85' title='bbox 664 589 812 617; x_wconf 81' lang='lat' dir='ltr'><strong>admodum</strong></span> <span class='ocrx_word' id='word_1_86' title='bbox 831 591 952 626; x_wconf 87' lang='lat' dir='ltr'><strong>pruden-</strong></span> 
     </span>
    </p>
   </div>
   <div class='ocr_carea' id='block_1_15' title="bbox 162 631 951 672">
    <p class='ocr_par' dir='ltr' id='par_1_15' title="bbox 162 631 951 672">
     <span class='ocr_line' id='line_1_15' title="bbox 162 631 951 672; baseline 0.011 -16"><span class='ocrx_word' id='word_1_87' title='bbox 162 634 215 657; x_wconf 90' lang='lat' dir='ltr'><strong>ter.</strong></span> <span class='ocrx_word' id='word_1_88' title='bbox 246 631 313 658; x_wconf 79' lang='lat' dir='ltr'><strong>Nam</strong></span> <span class='ocrx_word' id='word_1_89' title='bbox 341 633 427 667; x_wconf 86' lang='lat' dir='ltr'><strong>ipsius</strong></span> <span class='ocrx_word' id='word_1_90' title='bbox 451 633 582 662; x_wconf 71' lang='lat' dir='ltr'><strong>Craltente</strong></span> <span class='ocrx_word' id='word_1_91' title='bbox 611 636 698 670; x_wconf 73' lang='lat' dir='ltr'><strong>gratia</strong></span> <span class='ocrx_word' id='word_1_92' title='bbox 716 636 865 671; x_wconf 75' lang='lat' dir='ltr'><strong>imperator</strong></span> <span class='ocrx_word' id='word_1_93' title='bbox 886 646 951 672; x_wconf 89' lang='lat' dir='ltr'><strong>ope-</strong></span> 
     </span>
    </p>
   </div>
   <div class='ocr_carea' id='block_1_16' title="bbox 162 677 954 717">
    <p class='ocr_par' dir='ltr' id='par_1_16' title="bbox 162 677 954 717">
     <span class='ocr_line' id='line_1_16' title="bbox 162 677 954 717; baseline 0.01 -14"><span class='ocrx_word' id='word_1_94' title='bbox 162 684 220 704; x_wconf 91' lang='lat' dir='ltr'><strong>ram</strong></span> <span class='ocrx_word' id='word_1_95' title='bbox 247 677 333 710; x_wconf 85' lang='lat' dir='ltr'><strong>dedit,</strong></span> <span class='ocrx_word' id='word_1_96' title='bbox 363 683 392 706; x_wconf 90' lang='lat' dir='ltr'><strong>ut</strong></span> <span class='ocrx_word' id='word_1_97' title='bbox 422 687 483 714; x_wconf 67' lang='lat' dir='ltr'><strong>quae</strong></span> <span class='ocrx_word' id='word_1_98' title='bbox 506 680 579 709; x_wconf 87' lang='lat' dir='ltr'><strong>illius</strong></span> <span class='ocrx_word' id='word_1_99' title='bbox 606 681 684 709; x_wconf 82' lang='lat' dir='ltr'><strong>fratri</strong></span> <span class='ocrx_word' id='word_1_100' title='bbox 713 682 834 717; x_wconf 72' lang='lat' dir='ltr'><strong>despota:</strong></span> <span class='ocrx_word' id='word_1_101' title='bbox 861 685 954 711; x_wconf 93' lang='lat' dir='ltr'><strong>crimi-</strong></span> 
     </span>
    </p>
   </div>
   <div class='ocr_carea' id='block_1_17' title="bbox 163 724 952 766">
    <p class='ocr_par' dir='ltr' id='par_1_17' title="bbox 163 724 952 766">
     <span class='ocr_line' id='line_1_17' title="bbox 163 724 952 766; baseline 0.013 -17"><span class='ocrx_word' id='word_1_102' title='bbox 163 729 199 749; x_wconf 76' lang='lat' dir='ltr'><strong>na</strong></span> <span class='ocrx_word' id='word_1_103' title='bbox 228 724 442 759; x_wconf 86' lang='lat' dir='ltr'><strong>objiciebantur,</strong></span> <span class='ocrx_word' id='word_1_104' title='bbox 474 734 505 753; x_wconf 90' lang='lat' dir='ltr'><strong>ea</strong></span> <span class='ocrx_word' id='word_1_105' title='bbox 533 728 646 755; x_wconf 89' lang='lat' dir='ltr'><strong>omnino</strong></span> <span class='ocrx_word' id='word_1_106' title='bbox 674 729 829 758; x_wconf 85' lang='lat' dir='ltr'><strong>silerentur.</strong></span> <span class='ocrx_word' id='word_1_107' title='bbox 859 731 952 766; x_wconf 85' lang='lat' dir='ltr'><strong>Neque</strong></span> 
     </span>
    </p>
   </div>
   <div class='ocr_carea' id='block_1_18' title="bbox 165 768 952 808">
    <p class='ocr_par' dir='ltr' id='par_1_18' title="bbox 165 768 952 808">
     <span class='ocr_line' id='line_1_18' title="bbox 165 768 952 808; baseline 0.014 -14"><span class='ocrx_word' id='word_1_108' title='bbox 165 768 224 795; x_wconf 64' lang='lat' dir='ltr'><strong>haec</strong></span> <span class='ocrx_word' id='word_1_109' title='bbox 240 769 328 796; x_wconf 86' lang='lat' dir='ltr'><strong>solum</strong></span> <span class='ocrx_word' id='word_1_110' title='bbox 357 771 531 806; x_wconf 81' lang='lat' dir='ltr'><strong>imperatoris</strong></span> <span class='ocrx_word' id='word_1_111' title='bbox 558 773 708 802; x_wconf 85' lang='lat' dir='ltr'><strong>bonitatem</strong></span> <span class='ocrx_word' id='word_1_112' title='bbox 725 777 884 808; x_wconf 88' lang='lat' dir='ltr'><strong>ostendunt.</strong></span> <span class='ocrx_word' id='word_1_113' title='bbox 902 778 952 805; x_wconf 85' lang='lat' dir='ltr'><strong>sed</strong></span> 
     </span>
    </p>
   </div>
   <div class='ocr_carea' id='block_1_19' title="bbox 162 814 953 857">
    <p class='ocr_par' dir='ltr' id='par_1_19' title="bbox 162 814 953 857">
     <span class='ocr_line' id='line_1_19' title="bbox 162 814 953 857; baseline 0.014 -18"><span class='ocrx_word' id='word_1_114' title='bbox 162 817 190 840; x_wconf 91' lang='lat' dir='ltr'><strong>et</strong></span> <span class='ocrx_word' id='word_1_115' title='bbox 205 814 257 840; x_wconf 82' lang='lat' dir='ltr'><strong>alia</strong></span> <span class='ocrx_word' id='word_1_116' title='bbox 277 815 406 849; x_wconf 89' lang='lat' dir='ltr'><strong>plurima.</strong></span> <span class='ocrx_word' id='word_1_117' title='bbox 430 816 537 852; x_wconf 85' lang='lat' dir='ltr'><strong>Quippe</strong></span> <span class='ocrx_word' id='word_1_118' title='bbox 552 818 633 854; x_wconf 64' lang='lat'><strong>534</strong></span> <span class='ocrx_word' id='word_1_119' title='bbox 649 824 733 847; x_wconf 86' lang='lat' dir='ltr'><strong>totam</strong></span> <span class='ocrx_word' id='word_1_120' title='bbox 757 821 887 857; x_wconf 79' lang='lat' dir='ltr'><strong>deinceps</strong></span> <span class='ocrx_word' id='word_1_121' title='bbox 901 831 953 851; x_wconf 88' lang='lat' dir='ltr'><strong>co-</strong></span> 
     </span>
    </p>
   </div>
   <div class='ocr_carea' id='block_1_20' title="bbox 163 859 952 901">
    <p class='ocr_par' dir='ltr' id='par_1_20' title="bbox 163 859 952 901">
     <span class='ocr_line' id='line_1_20' title="bbox 163 859 952 901; baseline 0.014 -17"><span class='ocrx_word' id='word_1_122' title='bbox 163 859 316 893; x_wconf 81' lang='lat' dir='ltr'><strong>gnitionem</strong></span> <span class='ocrx_word' id='word_1_123' title='bbox 334 862 430 889; x_wconf 88' lang='lat' dir='ltr'><strong>eodem</strong></span> <span class='ocrx_word' id='word_1_124' title='bbox 447 864 529 891; x_wconf 91' lang='lat' dir='ltr'><strong>modo</strong></span> <span class='ocrx_word' id='word_1_125' title='bbox 548 865 663 899; x_wconf 74' lang='lat' dir='ltr'><strong>peregit,</strong></span> <span class='ocrx_word' id='word_1_126' title='bbox 680 873 769 901; x_wconf 90' lang='lat' dir='ltr'><strong>neque</strong></span> <span class='ocrx_word' id='word_1_127' title='bbox 793 867 819 894; x_wconf 90' lang='lat' dir='ltr'><strong>in</strong></span> <span class='ocrx_word' id='word_1_128' title='bbox 837 868 952 895; x_wconf 86' lang='lat' dir='ltr'><strong>seditio—</strong></span> 
     </span>
    </p>
   </div>
   <div class='ocr_carea' id='block_1_21' title="bbox 1002 273 1788 309">
    <p class='ocr_par' dir='ltr' id='par_1_21' title="bbox 1002 273 1788 309">
     <span class='ocr_line' id='line_1_21' title="bbox 1002 273 1788 309; baseline -0.001 -9"><span class='ocrx_word' id='word_1_129' title='bbox 1002 274 1047 300; x_wconf 75' lang='grc' dir='ltr'>τὸν</span> <span class='ocrx_word' id='word_1_130' title='bbox 1064 274 1220 309; x_wconf 81' lang='grc' dir='ltr'><strong>μακαρίτην</strong></span> <span class='ocrx_word' id='word_1_131' title='bbox 1235 274 1281 300; x_wconf 74' lang='grc' dir='ltr'>καὶ</span> <span class='ocrx_word' id='word_1_132' title='bbox 1310 274 1434 307; x_wconf 64' lang='grc' dir='ltr'>ἀοίδιμσν</span> <span class='ocrx_word' id='word_1_133' title='bbox 1461 273 1586 308; x_wconf 67' lang='grc' dir='ltr'>βασιλέα,</span> <span class='ocrx_word' id='word_1_134' title='bbox 1613 273 1659 299; x_wconf 75' lang='grc' dir='ltr'>τὸν</span> <span class='ocrx_word' id='word_1_135' title='bbox 1681 274 1788 308; x_wconf 82' lang='grc' dir='ltr'><strong>πατέρα</strong></span> 
     </span>
    </p>
   </div>
   <div class='ocr_carea' id='block_1_22' title="bbox 1002 318 1788 351">
    <p class='ocr_par' dir='ltr' id='par_1_22' title="bbox 1002 318 1788 351">
     <span class='ocr_line' id='line_1_22' title="bbox 1002 318 1788 351; baseline -0.003 -5"><span class='ocrx_word' id='word_1_136' title='bbox 1002 319 1109 346; x_wconf 57' lang='grc' dir='ltr'>αὐτῶν</span> <span class='ocrx_word' id='word_1_137' title='bbox 1134 320 1243 351; x_wconf 84' lang='grc' dir='ltr'>πάντως</span> <span class='ocrx_word' id='word_1_138' title='bbox 1255 320 1283 346; x_wconf 83' lang='grc' dir='ltr'>δὲ</span> <span class='ocrx_word' id='word_1_139' title='bbox 1309 320 1357 346; x_wconf 68' lang='grc' dir='ltr'>καὶ</span> <span class='ocrx_word' id='word_1_140' title='bbox 1386 319 1420 345; x_wconf 84' lang='grc' dir='ltr'>δι’</span> <span class='ocrx_word' id='word_1_141' title='bbox 1455 320 1564 351; x_wconf 68' lang='grc' dir='ltr'>αὐτοὺς,</span> <span class='ocrx_word' id='word_1_142' title='bbox 1594 319 1623 345; x_wconf 83' lang='grc' dir='ltr'><strong>ἐν</strong></span> <span class='ocrx_word' id='word_1_143' title='bbox 1647 318 1788 349; x_wconf 79' lang='grc' dir='ltr'><strong>τοιαύταις</strong></span> 
     </span>
    </p>
   </div>
   <div class='ocr_carea' id='block_1_23' title="bbox 1001 364 1786 401">
    <p class='ocr_par' dir='ltr' id='par_1_23' title="bbox 1001 364 1786 401">
     <span class='ocr_line' id='line_1_23' title="bbox 1001 364 1786 401; baseline -0.001 -9"><span class='ocrx_word' id='word_1_144' title='bbox 1001 366 1096 400; x_wconf 81' lang='grc' dir='ltr'>τύχαις</span> <span class='ocrx_word' id='word_1_145' title='bbox 1110 366 1334 401; x_wconf 83' lang='grc' dir='ltr'>κατενεχθέντας.</span> <span class='ocrx_word' id='word_1_146' title='bbox 1357 365 1401 396; x_wconf 84' lang='grc' dir='ltr'>Ὠς</span> <span class='ocrx_word' id='word_1_147' title='bbox 1433 364 1514 391; x_wconf 76' lang='grc' dir='ltr'>πλέον</span> <span class='ocrx_word' id='word_1_148' title='bbox 1541 364 1667 391; x_wconf 81' lang='grc' dir='ltr'>ἐντεῦθεν</span> <span class='ocrx_word' id='word_1_149' title='bbox 1696 365 1786 398; x_wconf 86' lang='grc' dir='ltr'>μαλα-</span> 
     </span>
    </p>
   </div>
   <div class='ocr_carea' id='block_1_24' title="bbox 1001 411 1789 448">
    <p class='ocr_par' dir='ltr' id='par_1_24' title="bbox 1001 411 1789 448">
     <span class='ocr_line' id='line_1_24' title="bbox 1001 411 1789 448; baseline -0.004 -9"><span class='ocrx_word' id='word_1_150' title='bbox 1001 413 1100 448; x_wconf 77' lang='grc' dir='ltr'>χθέντα</span> <span class='ocrx_word' id='word_1_151' title='bbox 1115 412 1160 438; x_wconf 72' lang='grc' dir='ltr'>’τὸν</span> <span class='ocrx_word' id='word_1_152' title='bbox 1173 412 1285 446; x_wconf 82' lang='grc' dir='ltr'>βασιλέα</span> <span class='ocrx_word' id='word_1_153' title='bbox 1300 412 1389 446; x_wconf 80' lang='grc' dir='ltr'>σιωπῇ</span> <span class='ocrx_word' id='word_1_154' title='bbox 1412 411 1559 446; x_wconf 76' lang='grc' dir='ltr'><strong>παρελθεῖν</strong></span> <span class='ocrx_word' id='word_1_155' title='bbox 1580 411 1627 436; x_wconf 77' lang='grc' dir='ltr'>καὶ</span> <span class='ocrx_word' id='word_1_156' title='bbox 1643 411 1677 437; x_wconf 75' lang='grc' dir='ltr'>τὰ</span> <span class='ocrx_word' id='word_1_157' title='bbox 1691 412 1789 445; x_wconf 88' lang='grc' dir='ltr'>Δημη-</span> 
     </span>
    </p>
   </div>
   <div class='ocr_carea' id='block_1_25' title="bbox 1001 454 1789 493">
    <p class='ocr_par' dir='ltr' id='par_1_25' title="bbox 1001 454 1789 493">
     <span class='ocr_line' id='line_1_25' title="bbox 1001 454 1789 493; baseline -0.003 -10"><span class='ocrx_word' id='word_1_158' title='bbox 1001 457 1078 493; x_wconf 84' lang='grc' dir='ltr'>τρίου</span> <span class='ocrx_word' id='word_1_159' title='bbox 1105 457 1153 483; x_wconf 79' lang='grc' dir='ltr'><strong>τοῦ</strong></span> <span class='ocrx_word' id='word_1_160' title='bbox 1177 457 1308 484; x_wconf 83' lang='grc' dir='ltr'><strong>δεσπότου</strong></span> <span class='ocrx_word' id='word_1_161' title='bbox 1342 457 1515 490; x_wconf 82' lang='grc' dir='ltr'>ἐγκλήματα.</span> <span class='ocrx_word' id='word_1_162' title='bbox 1544 454 1636 481; x_wconf 82' lang='grc' dir='ltr'><strong>Ἦσαν</strong></span> <span class='ocrx_word' id='word_1_163' title='bbox 1665 455 1688 482; x_wconf 83' lang='grc' dir='ltr'>δ’</span> <span class='ocrx_word' id='word_1_164' title='bbox 1718 455 1789 481; x_wconf 73' lang='grc' dir='ltr'>αὐτὰ</span> 
     </span>
    </p>
   </div>
   <div class='ocr_carea' id='block_1_26' title="bbox 1001 502 1791 538">
    <p class='ocr_par' dir='ltr' id='par_1_26' title="bbox 1001 502 1791 538">
     <span class='ocr_line' id='line_1_26' title="bbox 1001 502 1791 538; baseline -0.003 -8"><span class='ocrx_word' id='word_1_165' title='bbox 1001 504 1090 530; x_wconf 81' lang='grc' dir='ltr'><strong>τοιάδε</strong></span> <span class='ocrx_word' id='word_1_166' title='bbox 1102 503 1172 530; x_wconf 85' lang='grc' dir='ltr'>τινά.</span> <span class='ocrx_word' id='word_1_167' title='bbox 1194 503 1239 534; x_wconf 82' lang='grc' dir='ltr'>Ἐς</span> <span class='ocrx_word' id='word_1_168' title='bbox 1253 503 1303 538; x_wconf 74' lang='grc' dir='ltr'>μὲν</span> <span class='ocrx_word' id='word_1_169' title='bbox 1317 502 1476 537; x_wconf 74' lang='grc' dir='ltr'>τούμφανὲς</span> <span class='ocrx_word' id='word_1_170' title='bbox 1492 502 1629 537; x_wconf 79' lang='grc' dir='ltr'>ὡμολόγει</span> <span class='ocrx_word' id='word_1_171' title='bbox 1655 503 1712 533; x_wconf 83' lang='grc' dir='ltr'>τοῖς</span> <span class='ocrx_word' id='word_1_172' title='bbox 1723 510 1791 528; x_wconf 86' lang='grc' dir='ltr'>στα-</span> 
     </span>
    </p>
   </div>
   <div class='ocr_carea' id='block_1_27' title="bbox 1003 547 1791 582">
    <p class='ocr_par' dir='ltr' id='par_1_27' title="bbox 1003 547 1791 582">
     <span class='ocr_line' id='line_1_27' title="bbox 1003 547 1791 582; baseline -0.004 -6"><span class='ocrx_word' id='word_1_173' title='bbox 1003 549 1143 580; x_wconf 77' lang='grc' dir='ltr'>σιάζουσι·</span> <span class='ocrx_word' id='word_1_174' title='bbox 1158 548 1220 575; x_wconf 86' lang='grc' dir='ltr'>καθ’</span> <span class='ocrx_word' id='word_1_175' title='bbox 1252 549 1349 575; x_wconf 77' lang='grc' dir='ltr'>ἑαυτὸν</span> <span class='ocrx_word' id='word_1_176' title='bbox 1376 548 1399 575; x_wconf 82' lang='grc' dir='ltr'>δ’</span> <span class='ocrx_word' id='word_1_177' title='bbox 1429 548 1523 582; x_wconf 72' lang='grc' dir='ltr'>ἕτερον</span> <span class='ocrx_word' id='word_1_178' title='bbox 1544 547 1642 582; x_wconf 76' lang='grc' dir='ltr'>ἔτρεφε</span> <span class='ocrx_word' id='word_1_179' title='bbox 1659 547 1791 582; x_wconf 74' lang='grc' dir='ltr'>λογισμὸν</span> 
     </span>
    </p>
   </div>
   <div class='ocr_carea' id='block_1_28' title="bbox 1003 583 1791 628">
    <p class='ocr_par' dir='ltr' id='par_1_28' title="bbox 1003 583 1791 628">
     <span class='ocr_line' id='line_1_28' title="bbox 1003 583 1791 628; baseline -0.004 -6"><span class='ocrx_word' id='word_1_180' title='bbox 1003 595 1050 622; x_wconf 77' lang='grc' dir='ltr'>καὶ</span> <span class='ocrx_word' id='word_1_181' title='bbox 1062 595 1132 622; x_wconf 83' lang='grc' dir='ltr'>πάνυ</span> <span class='ocrx_word' id='word_1_182' title='bbox 1149 603 1190 621; x_wconf 87' lang='grc' dir='ltr'><strong>τοι</strong></span> <span class='ocrx_word' id='word_1_183' title='bbox 1206 583 1315 621; x_wconf 73' lang='grc' dir='ltr'>συνετόν</span> <span class='ocrx_word' id='word_1_184' title='bbox 1327 594 1387 628; x_wconf 73' lang='lat'><strong>(2‘).</strong></span> <span class='ocrx_word' id='word_1_185' title='bbox 1403 594 1453 620; x_wconf 82' lang='grc' dir='ltr'><strong>Διὰ</strong></span> <span class='ocrx_word' id='word_1_186' title='bbox 1467 593 1522 628; x_wconf 84' lang='grc' dir='ltr'><strong>γὰρ</strong></span> <span class='ocrx_word' id='word_1_187' title='bbox 1532 593 1617 628; x_wconf 81' lang='grc' dir='ltr'>αὐτὴν</span> <span class='ocrx_word' id='word_1_188' title='bbox 1631 593 1791 627; x_wconf 79' lang='grc' dir='ltr'>Κράλαιναν</span> 
     </span>
    </p>
   </div>
   <div class='ocr_carea' id='block_1_29' title="bbox 1002 638 1791 674">
    <p class='ocr_par' dir='ltr' id='par_1_29' title="bbox 1002 638 1791 674">
     <span class='ocr_line' id='line_1_29' title="bbox 1002 638 1791 674; baseline -0.005 -6"><span class='ocrx_word' id='word_1_189' title='bbox 1002 641 1052 673; x_wconf 84' lang='grc' dir='ltr'><strong>τὰς</strong></span> <span class='ocrx_word' id='word_1_190' title='bbox 1078 641 1125 668; x_wconf 74' lang='grc' dir='ltr'><strong>τοῦ</strong></span> <span class='ocrx_word' id='word_1_191' title='bbox 1150 641 1283 667; x_wconf 79' lang='grc' dir='ltr'><strong>δεσπότου</strong></span> <span class='ocrx_word' id='word_1_192' title='bbox 1301 640 1349 666; x_wconf 84' lang='grc' dir='ltr'>τοῦ</span> <span class='ocrx_word' id='word_1_193' title='bbox 1376 640 1462 674; x_wconf 82' lang='grc' dir='ltr'>αὐτῆς</span> <span class='ocrx_word' id='word_1_194' title='bbox 1483 639 1598 673; x_wconf 78' lang='grc' dir='ltr'>ἀδελφοῦ</span> <span class='ocrx_word' id='word_1_195' title='bbox 1622 638 1791 673; x_wconf 75' lang='grc' dir='ltr'><strong>κατηγορίας</strong></span> 
     </span>
    </p>
   </div>
   <div class='ocr_carea' id='block_1_30' title="bbox 1002 683 1793 721">
    <p class='ocr_par' dir='ltr' id='par_1_30' title="bbox 1002 683 1793 721">
     <span class='ocr_line' id='line_1_30' title="bbox 1002 683 1793 721; baseline -0.008 -6"><span class='ocrx_word' id='word_1_196' title='bbox 1002 688 1094 715; x_wconf 80' lang='grc' dir='ltr'>τέλεον</span> <span class='ocrx_word' id='word_1_197' title='bbox 1111 687 1303 721; x_wconf 79' lang='grc' dir='ltr'><strong>παρεσκεύασε</strong></span> <span class='ocrx_word' id='word_1_198' title='bbox 1320 686 1486 713; x_wconf 82' lang='grc' dir='ltr'>σιωπᾶσθαι.</span> <span class='ocrx_word' id='word_1_199' title='bbox 1507 685 1544 711; x_wconf 81' lang='grc' dir='ltr'><strong>Οὐ</strong></span> <span class='ocrx_word' id='word_1_200' title='bbox 1565 685 1633 718; x_wconf 75' lang='grc' dir='ltr'>μόνα</span> <span class='ocrx_word' id='word_1_201' title='bbox 1657 684 1686 710; x_wconf 83' lang='grc' dir='ltr'>δὲ</span> <span class='ocrx_word' id='word_1_202' title='bbox 1703 683 1793 710; x_wconf 75' lang='grc' dir='ltr'>ταῦτα</span> 
     </span>
    </p>
   </div>
   <div class='ocr_carea' id='block_1_31' title="bbox 1002 729 1793 769">
    <p class='ocr_par' dir='ltr' id='par_1_31' title="bbox 1002 729 1793 769">
     <span class='ocr_line' id='line_1_31' title="bbox 1002 729 1793 769; baseline -0.009 -8"><span class='ocrx_word' id='word_1_203' title='bbox 1002 735 1052 769; x_wconf 81' lang='grc' dir='ltr'>τὴν</span> <span class='ocrx_word' id='word_1_204' title='bbox 1064 734 1125 760; x_wconf 85' lang='grc' dir='ltr'>τότε</span> <span class='ocrx_word' id='word_1_205' title='bbox 1139 733 1185 759; x_wconf 85' lang='grc' dir='ltr'>τοῦ</span> <span class='ocrx_word' id='word_1_206' title='bbox 1201 732 1335 767; x_wconf 83' lang='grc' dir='ltr'>βασιλέως</span> <span class='ocrx_word' id='word_1_207' title='bbox 1348 730 1517 763; x_wconf 74' lang='grc' dir='ltr'>ἐνδείξασθαι</span> <span class='ocrx_word' id='word_1_208' title='bbox 1530 729 1586 765; x_wconf 75' lang='grc' dir='ltr'>ἔχει</span> <span class='ocrx_word' id='word_1_209' title='bbox 1606 729 1793 764; x_wconf 77' lang='grc' dir='ltr'><strong>χρηστότητα,</strong></span> 
     </span>
    </p>
   </div>
   <div class='ocr_carea' id='block_1_32' title="bbox 1003 772 1838 813">
    <p class='ocr_par' dir='ltr' id='par_1_32' title="bbox 1003 772 1838 813">
     <span class='ocr_line' id='line_1_32' title="bbox 1003 772 1838 813; baseline -0.01 -7"><span class='ocrx_word' id='word_1_210' title='bbox 1003 779 1072 806; x_wconf 83' lang='grc' dir='ltr'>ἀλλὰ</span> <span class='ocrx_word' id='word_1_211' title='bbox 1083 779 1131 805; x_wconf 82' lang='grc' dir='ltr'>καὶ</span> <span class='ocrx_word' id='word_1_212' title='bbox 1144 778 1228 813; x_wconf 75' lang='grc' dir='ltr'>ἕτερα</span> <span class='ocrx_word' id='word_1_213' title='bbox 1252 777 1378 804; x_wconf 79' lang='grc' dir='ltr'>πλεῖστα.</span> <span class='ocrx_word' id='word_1_214' title='bbox 1398 776 1454 803; x_wconf 79' lang='grc' dir='ltr'><strong>Καὶ</strong></span> <span class='ocrx_word' id='word_1_215' title='bbox 1470 776 1524 810; x_wconf 86' lang='grc' dir='ltr'><strong>γὰρ</strong></span> <span class='ocrx_word' id='word_1_216' title='bbox 1540 774 1587 801; x_wconf 82' lang='grc' dir='ltr'>καὶ</span> <span class='ocrx_word' id='word_1_217' title='bbox 1606 774 1640 800; x_wconf 79' lang='grc' dir='ltr'><strong>τὰ</strong></span> <span class='ocrx_word' id='word_1_218' title='bbox 1652 774 1734 809; x_wconf 78' lang='grc' dir='ltr'>μέχρι</span> <span class='ocrx_word' id='word_1_219' title='bbox 1748 773 1793 800; x_wconf 64' lang='grc' dir='ltr'>τέ-</span> <span class='ocrx_word' id='word_1_220' title='bbox 1834 772 1838 773; x_wconf 59' lang='grc'><strong><em>⁷</em></strong></span> 
     </span>
    </p>
   </div>
   <div class='ocr_carea' id='block_1_33' title="bbox 1002 819 1780 858">
    <p class='ocr_par' dir='ltr' id='par_1_33' title="bbox 1002 819 1780 858">
     <span class='ocr_line' id='line_1_33' title="bbox 1002 819 1780 858; baseline -0.009 -7"><span class='ocrx_word' id='word_1_221' title='bbox 1002 825 1065 856; x_wconf 87' lang='grc' dir='ltr'>λους</span> <span class='ocrx_word' id='word_1_222' title='bbox 1081 824 1129 858; x_wconf 84' lang='grc' dir='ltr'>τῆς</span> <span class='ocrx_word' id='word_1_223' title='bbox 1145 823 1295 855; x_wconf 80' lang='grc' dir='ltr'>ἐξετάσεως</span> <span class='ocrx_word' id='word_1_224' title='bbox 1308 821 1408 855; x_wconf 82' lang='grc' dir='ltr'>ὁμοίως</span> <span class='ocrx_word' id='word_1_225' title='bbox 1434 821 1550 852; x_wconf 82' lang='grc' dir='ltr'><strong>διήνυσε</strong></span> <span class='ocrx_word' id='word_1_226' title='bbox 1569 821 1616 846; x_wconf 71' lang='grc' dir='ltr'>καὶ</span> <span class='ocrx_word' id='word_1_227' title='bbox 1630 819 1706 846; x_wconf 77' lang='grc' dir='ltr'>οὐδὲν</span> <span class='ocrx_word' id='word_1_228' title='bbox 1720 819 1780 853; x_wconf 82' lang='grc' dir='ltr'>ἀπη</span> 
     </span>
    </p>
   </div>
   <div class='ocr_carea' id='block_1_34' title="bbox 1003 865 1793 903">
    <p class='ocr_par' dir='ltr' id='par_1_34' title="bbox 1003 865 1793 903">
     <span class='ocr_line' id='line_1_34' title="bbox 1003 865 1793 903; baseline -0.008 -5"><span class='ocrx_word' id='word_1_229' title='bbox 1003 872 1048 903; x_wconf 83' lang='grc' dir='ltr'><strong>νές</strong></span> <span class='ocrx_word' id='word_1_230' title='bbox 1062 870 1213 902; x_wconf 73' lang='grc' dir='ltr'>ἐνεδείξατο</span> <span class='ocrx_word' id='word_1_231' title='bbox 1231 869 1300 903; x_wconf 75' lang='grc' dir='ltr'>πρὸς</span> <span class='ocrx_word' id='word_1_232' title='bbox 1326 868 1389 899; x_wconf 78' lang='grc' dir='ltr'>τοὺς</span> <span class='ocrx_word' id='word_1_233' title='bbox 1409 867 1589 902; x_wconf 76' lang='grc' dir='ltr'><strong>ἐλεγχθέντας</strong></span> <span class='ocrx_word' id='word_1_234' title='bbox 1615 865 1793 892; x_wconf 63' lang='grc' dir='ltr'>στασιαστὰς.</span> 
     </span>
    </p>
   </div>
   <div class='ocr_carea' id='block_1_35' title="bbox 161 906 949 951">
    <p class='ocr_par' dir='ltr' id='par_1_35' title="bbox 161 906 949 949">
     <span class='ocr_line' id='line_1_35' title="bbox 161 906 949 949; baseline 0.015 -19"><span class='ocrx_word' id='word_1_235' title='bbox 161 911 209 931; x_wconf 81' lang='lat' dir='ltr'><strong>sos</strong></span> <span class='ocrx_word' id='word_1_236' title='bbox 224 906 366 934; x_wconf 78' lang='lat' dir='ltr'><strong>convictos</strong></span> <span class='ocrx_word' id='word_1_237' title='bbox 391 909 489 936; x_wconf 82' lang='lat' dir='ltr'><strong>acerbe</strong></span> <span class='ocrx_word' id='word_1_238' title='bbox 507 911 658 938; x_wconf 81' lang='lat' dir='ltr'><strong>consuluit.</strong></span> <span class='ocrx_word' id='word_1_239' title='bbox 673 911 726 939; x_wconf 85' lang='lat' dir='ltr'><strong>Sed</strong></span> <span class='ocrx_word' id='word_1_240' title='bbox 742 913 814 941; x_wconf 90' lang='lat' dir='ltr'><strong>alios</strong></span> <span class='ocrx_word' id='word_1_241' title='bbox 837 915 949 949; x_wconf 87' lang='lat' dir='ltr'><strong>quidem</strong></span> 
     </span>
    </p>
   </div>
   <div class='ocr_carea' id='block_1_36' title="bbox 1001 906 1793 951">
    <p class='ocr_par' dir='ltr' id='par_1_36' title="bbox 1009 910 1793 951">
     <span class='ocr_line' id='line_1_36' title="bbox 1009 910 1793 951; baseline -0.01 -7"><span class='ocrx_word' id='word_1_242' title='bbox 1009 916 1089 945; x_wconf 79' lang='grc' dir='ltr'>Ἀλλὰ</span> <span class='ocrx_word' id='word_1_243' title='bbox 1101 917 1163 948; x_wconf 78' lang='grc' dir='ltr'>τοὺς</span> <span class='ocrx_word' id='word_1_244' title='bbox 1178 915 1229 951; x_wconf 81' lang='grc' dir='ltr'>μὲν</span> <span class='ocrx_word' id='word_1_245' title='bbox 1252 915 1350 945; x_wconf 83' lang='grc' dir='ltr'>ἄλλους</span> <span class='ocrx_word' id='word_1_246' title='bbox 1382 914 1472 948; x_wconf 83' lang='grc' dir='ltr'>ἀφῆκε</span> <span class='ocrx_word' id='word_1_247' title='bbox 1501 913 1603 939; x_wconf 85' lang='grc' dir='ltr'>τέλεον·</span> <span class='ocrx_word' id='word_1_248' title='bbox 1636 911 1734 946; x_wconf 83' lang='grc' dir='ltr'>μόνους</span> <span class='ocrx_word' id='word_1_249' title='bbox 1761 910 1793 937; x_wconf 84' lang='grc' dir='ltr'>δὲ</span> 
     </span>
    </p>
   </div>
   <div class='ocr_carea' id='block_1_37' title="bbox 163 950 952 989">
    <p class='ocr_par' dir='ltr' id='par_1_37' title="bbox 163 950 952 989">
     <span class='ocr_line' id='line_1_37' title="bbox 163 950 952 989; baseline 0.016 -13"><span class='ocrx_word' id='word_1_250' title='bbox 163 950 274 984; x_wconf 81' lang='lat' dir='ltr'><strong>penitus</strong></span> <span class='ocrx_word' id='word_1_251' title='bbox 291 951 409 980; x_wconf 81' lang='lat' dir='ltr'><strong>absolvit</strong></span> <span class='ocrx_word' id='word_1_252' title='bbox 429 963 436 981; x_wconf 91' lang='lat'><strong><em>:</em></strong></span> <span class='ocrx_word' id='word_1_253' title='bbox 453 955 524 982; x_wconf 89' lang='lat' dir='ltr'><strong>solos</strong></span> <span class='ocrx_word' id='word_1_254' title='bbox 543 961 634 984; x_wconf 79' lang='lat' dir='ltr'><strong>autent</strong></span> <span class='ocrx_word' id='word_1_255' title='bbox 659 958 757 987; x_wconf 83' lang='lat' dir='ltr'><strong>Asanis</strong></span> <span class='ocrx_word' id='word_1_256' title='bbox 772 960 841 988; x_wconf 82' lang='lat' dir='ltr'><strong>ﬁlios</strong></span> <span class='ocrx_word' id='word_1_257' title='bbox 859 966 952 989; x_wconf 90' lang='lat' dir='ltr'><strong>custo-</strong></span> 
     </span>
    </p>
   </div>
   <div class='ocr_carea' id='block_1_38' title="bbox 165 995 951 1037">
    <p class='ocr_par' dir='ltr' id='par_1_38' title="bbox 165 995 951 1037">
     <span class='ocr_line' id='line_1_38' title="bbox 165 995 951 1037; baseline 0.014 -15"><span class='ocrx_word' id='word_1_258' title='bbox 165 995 222 1027; x_wconf 88' lang='lat' dir='ltr'><strong>dia,</strong></span> <span class='ocrx_word' id='word_1_259' title='bbox 241 1004 328 1031; x_wconf 87' lang='lat' dir='ltr'><strong>eaque</strong></span> <span class='ocrx_word' id='word_1_260' title='bbox 346 999 463 1027; x_wconf 85' lang='lat' dir='ltr'><strong>vinculis</strong></span> <span class='ocrx_word' id='word_1_261' title='bbox 485 1001 572 1028; x_wconf 84' lang='lat' dir='ltr'><strong>libera</strong></span> <span class='ocrx_word' id='word_1_262' title='bbox 588 1010 637 1029; x_wconf 89' lang='lat' dir='ltr'><strong>nec</strong></span> <span class='ocrx_word' id='word_1_263' title='bbox 653 1003 812 1037; x_wconf 84' lang='lat' dir='ltr'><strong>inhumana,</strong></span> <span class='ocrx_word' id='word_1_264' title='bbox 831 1006 951 1033; x_wconf 82' lang='lat' dir='ltr'><strong>inclusos</strong></span> 
     </span>
    </p>
   </div>
   <div class='ocr_carea' id='block_1_39' title="bbox 164 1042 950 1084">
    <p class='ocr_par' dir='ltr' id='par_1_39' title="bbox 164 1042 950 1084">
     <span class='ocr_line' id='line_1_39' title="bbox 164 1042 950 1084; baseline 0.015 -17"><span class='ocrx_word' id='word_1_265' title='bbox 164 1042 264 1076; x_wconf 83' lang='lat' dir='ltr'><strong>tenuit,</strong></span> <span class='ocrx_word' id='word_1_266' title='bbox 277 1051 311 1070; x_wconf 87' lang='lat' dir='ltr'><strong>ne</strong></span> <span class='ocrx_word' id='word_1_267' title='bbox 325 1043 348 1070; x_wconf 90' lang='lat' dir='ltr'><strong>si</strong></span> <span class='ocrx_word' id='word_1_268' title='bbox 365 1044 529 1079; x_wconf 86' lang='lat' dir='ltr'><strong>improbitas</strong></span> <span class='ocrx_word' id='word_1_269' title='bbox 542 1048 655 1075; x_wconf 90' lang='lat' dir='ltr'><strong>omnino</strong></span> <span class='ocrx_word' id='word_1_270' title='bbox 681 1049 815 1084; x_wconf 71' lang='lat' dir='ltr'><strong>impunita</strong></span> <span class='ocrx_word' id='word_1_271' title='bbox 833 1052 950 1079; x_wconf 84' lang='lat' dir='ltr'><strong>mansis—</strong></span> 
     </span>
    </p>
   </div>
   <div class='ocr_carea' id='block_1_40' title="bbox 163 1090 949 1128">
    <p class='ocr_par' dir='ltr' id='par_1_40' title="bbox 163 1090 949 1128">
     <span class='ocr_line' id='line_1_40' title="bbox 163 1090 949 1128; baseline 0.017 -16"><span class='ocrx_word' id='word_1_272' title='bbox 163 1092 216 1118; x_wconf 81' lang='lat' dir='ltr'><strong>set,</strong></span> <span class='ocrx_word' id='word_1_273' title='bbox 230 1095 325 1116; x_wconf 89' lang='lat' dir='ltr'><strong>omnes</strong></span> <span class='ocrx_word' id='word_1_274' title='bbox 338 1090 420 1118; x_wconf 79' lang='lat' dir='ltr'><strong>Simili</strong></span> <span class='ocrx_word' id='word_1_275' title='bbox 433 1092 547 1119; x_wconf 78' lang='lat' dir='ltr'><strong>audacia</strong></span> <span class='ocrx_word' id='word_1_276' title='bbox 563 1093 591 1120; x_wconf 93' lang='lat' dir='ltr'><strong>in</strong></span> <span class='ocrx_word' id='word_1_277' title='bbox 603 1094 694 1122; x_wconf 83' lang='lat' dir='ltr'><strong>scelus</strong></span> <span class='ocrx_word' id='word_1_278' title='bbox 707 1095 808 1123; x_wconf 82' lang='lat' dir='ltr'><strong>deinde</strong></span> <span class='ocrx_word' id='word_1_279' title='bbox 826 1103 949 1128; x_wconf 90' lang='lat' dir='ltr'><strong>ruerent.</strong></span> 
     </span>
    </p>
   </div>
   <div class='ocr_carea' id='block_1_41' title="bbox 163 1131 950 1174">
    <p class='ocr_par' dir='ltr' id='par_1_41' title="bbox 163 1131 950 1174">
     <span class='ocr_line' id='line_1_41' title="bbox 163 1131 950 1174; baseline 0.017 -16"><span class='ocrx_word' id='word_1_280' title='bbox 163 1131 198 1158; x_wconf 82' lang='lat' dir='ltr'><strong>Et</strong></span> <span class='ocrx_word' id='word_1_281' title='bbox 214 1133 250 1159; x_wconf 86' lang='lat' dir='ltr'><strong>ita</strong></span> <span class='ocrx_word' id='word_1_282' title='bbox 279 1134 390 1168; x_wconf 86' lang='lat' dir='ltr'><strong>quidem</strong></span> <span class='ocrx_word' id='word_1_283' title='bbox 419 1137 516 1164; x_wconf 87' lang='lat' dir='ltr'><strong>concio</strong></span> <span class='ocrx_word' id='word_1_284' title='bbox 542 1138 576 1165; x_wconf 81' lang='lat' dir='ltr'><strong>ab</strong></span> <span class='ocrx_word' id='word_1_285' title='bbox 608 1138 775 1174; x_wconf 88' lang='lat' dir='ltr'><strong>imperatore</strong></span> <span class='ocrx_word' id='word_1_286' title='bbox 798 1142 903 1174; x_wconf 80' lang='lat' dir='ltr'><strong>habita,</strong></span> <span class='ocrx_word' id='word_1_287' title='bbox 919 1152 950 1171; x_wconf 85' lang='lat' dir='ltr'><strong>ac</strong></span> 
     </span>
    </p>
   </div>
   <div class='ocr_carea' id='block_1_42' title="bbox 162 1179 950 1224">
    <p class='ocr_par' dir='ltr' id='par_1_42' title="bbox 162 1179 950 1224">
     <span class='ocr_line' id='line_1_42' title="bbox 162 1179 950 1224; baseline 0.016 -20"><span class='ocrx_word' id='word_1_288' title='bbox 162 1182 218 1204; x_wconf 84' lang='lat' dir='ltr'><strong>tota</strong></span> <span class='ocrx_word' id='word_1_289' title='bbox 234 1179 277 1206; x_wconf 91' lang='lat' dir='ltr'><strong>illa</strong></span> <span class='ocrx_word' id='word_1_290' title='bbox 292 1181 414 1216; x_wconf 74' lang='lat' dir='ltr'><strong>cognitio</strong></span> <span class='ocrx_word' id='word_1_291' title='bbox 440 1185 585 1212; x_wconf 87' lang='lat' dir='ltr'><strong>commode</strong></span> <span class='ocrx_word' id='word_1_292' title='bbox 604 1190 633 1213; x_wconf 88' lang='lat' dir='ltr'><strong>et</strong></span> <span class='ocrx_word' id='word_1_293' title='bbox 652 1187 768 1214; x_wconf 88' lang='lat' dir='ltr'><strong>comiter</strong></span> <span class='ocrx_word' id='word_1_294' title='bbox 788 1192 853 1216; x_wconf 88' lang='lat' dir='ltr'><strong>tunc</strong></span> <span class='ocrx_word' id='word_1_295' title='bbox 870 1197 950 1224; x_wconf 87' lang='lat' dir='ltr'><strong>pera-</strong></span> 
     </span>
    </p>
   </div>
   <div class='ocr_carea' id='block_1_43' title="bbox 162 1229 273 1252">
    <p class='ocr_par' dir='ltr' id='par_1_43' title="bbox 162 1229 273 1252">
     <span class='ocr_line' id='line_1_43' title="bbox 162 1229 273 1252; baseline -0.009 -1"><span class='ocrx_word' id='word_1_296' title='bbox 162 1229 205 1251; x_wconf 82' lang='lat' dir='ltr'><strong>cta</strong></span> <span class='ocrx_word' id='word_1_297' title='bbox 221 1229 273 1252; x_wconf 85' lang='lat' dir='ltr'><strong>est.</strong></span> 
     </span>
    </p>
   </div>
   <div class='ocr_carea' id='block_1_44' title="bbox 199 1270 948 1317">
    <p class='ocr_par' dir='ltr' id='par_1_44' title="bbox 199 1270 948 1317">
     <span class='ocr_line' id='line_1_44' title="bbox 199 1270 948 1317; baseline 0.016 -19"><span class='ocrx_word' id='word_1_298' title='bbox 199 1270 241 1298; x_wconf 78' lang='lat' dir='ltr'><strong>Vl.</strong></span> <span class='ocrx_word' id='word_1_299' title='bbox 265 1271 334 1299; x_wconf 91' lang='lat' dir='ltr'><strong>Cum</strong></span> <span class='ocrx_word' id='word_1_300' title='bbox 357 1278 448 1300; x_wconf 83' lang='lat' dir='ltr'><strong>autem</strong></span> <span class='ocrx_word' id='word_1_301' title='bbox 473 1283 502 1302; x_wconf 87' lang='lat' dir='ltr'><strong>re</strong></span> <span class='ocrx_word' id='word_1_302' title='bbox 521 1276 579 1310; x_wconf 77' lang='lat' dir='ltr'><strong>ipsa</strong></span> <span class='ocrx_word' id='word_1_303' title='bbox 596 1277 773 1307; x_wconf 84' lang='lat' dir='ltr'><strong>intellexisset</strong></span> <span class='ocrx_word' id='word_1_304' title='bbox 789 1280 948 1317; x_wconf 84' lang='lat' dir='ltr'><strong>imperator,</strong></span> 
     </span>
    </p>
   </div>
   <div class='ocr_carea' id='block_1_45' title="bbox 163 1316 950 1362">
    <p class='ocr_par' dir='ltr' id='par_1_45' title="bbox 163 1316 950 1362">
     <span class='ocr_line' id='line_1_45' title="bbox 163 1316 950 1362; baseline 0.018 -21"><span class='ocrx_word' id='word_1_305' title='bbox 163 1316 288 1343; x_wconf 78' lang='lat' dir='ltr'><strong>Alcxium</strong></span> <span class='ocrx_word' id='word_1_306' title='bbox 306 1317 570 1352; x_wconf 80' lang='lat' dir='ltr'><strong>Philantitropenum</strong></span> <span class='ocrx_word' id='word_1_307' title='bbox 587 1324 751 1351; x_wconf 83' lang='lat' dir='ltr'><strong>avunculum</strong></span> <span class='ocrx_word' id='word_1_308' title='bbox 767 1333 858 1359; x_wconf 87' lang='lat' dir='ltr'><strong>suum,</strong></span> <span class='ocrx_word' id='word_1_309' title='bbox 871 1328 950 1362; x_wconf 89' lang='lat' dir='ltr'><strong>cujus</strong></span> 
     </span>
    </p>
   </div>
   <div class='ocr_carea' id='block_1_46' title="bbox 163 1361 948 1402">
    <p class='ocr_par' dir='ltr' id='par_1_46' title="bbox 163 1361 948 1402">
     <span class='ocr_line' id='line_1_46' title="bbox 163 1361 948 1402; baseline 0.018 -15"><span class='ocrx_word' id='word_1_310' title='bbox 163 1361 293 1397; x_wconf 79' lang='lat' dir='ltr'><strong>frequens</strong></span> <span class='ocrx_word' id='word_1_311' title='bbox 307 1371 389 1398; x_wconf 83' lang='lat' dir='ltr'><strong>supra</strong></span> <span class='ocrx_word' id='word_1_312' title='bbox 403 1370 429 1392; x_wconf 89' lang='lat' dir='ltr'><strong>et</strong></span> <span class='ocrx_word' id='word_1_313' title='bbox 447 1367 587 1402; x_wconf 77' lang='lat' dir='ltr'><strong>multiplex</strong></span> <span class='ocrx_word' id='word_1_314' title='bbox 602 1376 617 1395; x_wconf 90' lang='lat' dir='ltr'><strong>a</strong></span> <span class='ocrx_word' id='word_1_315' title='bbox 631 1369 711 1397; x_wconf 91' lang='lat' dir='ltr'><strong>nobis</strong></span> <span class='ocrx_word' id='word_1_316' title='bbox 727 1370 796 1398; x_wconf 80' lang='lat' dir='ltr'><strong>facta</strong></span> <span class='ocrx_word' id='word_1_317' title='bbox 812 1377 853 1399; x_wconf 89' lang='lat' dir='ltr'><strong>est</strong></span> <span class='ocrx_word' id='word_1_318' title='bbox 871 1361 948 1400; x_wconf 85' lang='lat' dir='ltr'><strong>men-</strong></span> 
     </span>
    </p>
   </div>
   <div class='ocr_carea' id='block_1_47' title="bbox 163 1408 950 1453">
    <p class='ocr_par' dir='ltr' id='par_1_47' title="bbox 163 1408 950 1453">
     <span class='ocr_line' id='line_1_47' title="bbox 163 1408 950 1453; baseline 0.018 -20"><span class='ocrx_word' id='word_1_319' title='bbox 163 1409 213 1439; x_wconf 88' lang='lat' dir='ltr'><strong>tio,</strong></span> <span class='ocrx_word' id='word_1_320' title='bbox 230 1408 376 1442; x_wconf 81' lang='lat' dir='ltr'><strong>prudentia</strong></span> <span class='ocrx_word' id='word_1_321' title='bbox 398 1412 503 1446; x_wconf 75' lang='lat' dir='ltr'><strong>&#39;vulgus</strong></span> <span class='ocrx_word' id='word_1_322' title='bbox 526 1414 641 1441; x_wconf 87' lang='lat' dir='ltr'><strong>multum</strong></span> <span class='ocrx_word' id='word_1_323' title='bbox 670 1417 792 1449; x_wconf 78' lang='lat' dir='ltr'><strong>anteire;</strong></span> <span class='ocrx_word' id='word_1_324' title='bbox 820 1420 950 1453; x_wconf 64' lang='lat' dir='ltr'><strong>paenituit</strong></span> 
     </span>
    </p>
   </div>
   <div class='ocr_carea' id='block_1_48' title="bbox 159 1454 947 1497">
    <p class='ocr_par' dir='ltr' id='par_1_48' title="bbox 159 1454 947 1497">
     <span class='ocr_line' id='line_1_48' title="bbox 159 1454 947 1497; baseline 0.018 -19"><span class='ocrx_word' id='word_1_325' title='bbox 159 1460 236 1484; x_wconf 83' lang='lat' dir='ltr'><strong>eum,</strong></span> <span class='ocrx_word' id='word_1_326' title='bbox 251 1454 323 1487; x_wconf 89' lang='lat' dir='ltr'><strong>qttod</strong></span> <span class='ocrx_word' id='word_1_327' title='bbox 343 1454 381 1481; x_wconf 86' lang='lat' dir='ltr'><strong>iili</strong></span> <span class='ocrx_word' id='word_1_328' title='bbox 412 1456 489 1484; x_wconf 80' lang='lat' dir='ltr'><strong>Lesbi</strong></span> <span class='ocrx_word' id='word_1_329' title='bbox 517 1462 544 1485; x_wconf 86' lang='lat' dir='ltr'><strong>et</strong></span> <span class='ocrx_word' id='word_1_330' title='bbox 566 1459 720 1487; x_wconf 71' lang='lat' dir='ltr'><strong>insularum</strong></span> <span class='ocrx_word' id='word_1_331' title='bbox 740 1462 824 1497; x_wconf 67' lang='grc' dir='ltr'>ΛΕιςεεί</span> <span class='ocrx_word' id='word_1_332' title='bbox 854 1465 947 1497; x_wconf 77' lang='lat' dir='ltr'><strong>maris,</strong></span> 
     </span>
    </p>
   </div>
   <div class='ocr_carea' id='block_1_49' title="bbox 161 1501 946 1539">
    <p class='ocr_par' dir='ltr' id='par_1_49' title="bbox 161 1501 946 1539">
     <span class='ocr_line' id='line_1_49' title="bbox 161 1501 946 1539; baseline 0.018 -14"><span class='ocrx_word' id='word_1_333' title='bbox 161 1505 301 1534; x_wconf 85' lang='lat' dir='ltr'><strong>quotquot</strong></span> <span class='ocrx_word' id='word_1_334' title='bbox 331 1501 463 1530; x_wconf 75' lang='lat' dir='ltr'><strong>Romanis</strong></span> <span class='ocrx_word' id='word_1_335' title='bbox 503 1511 649 1539; x_wconf 87' lang='lat' dir='ltr'><strong>parerent,</strong></span> <span class='ocrx_word' id='word_1_336' title='bbox 680 1507 946 1539; x_wconf 80' lang='lat' dir='ltr'><strong>administrationem</strong></span> 
     </span>
    </p>
   </div>
   <div class='ocr_carea' id='block_1_50' title="bbox 160 1545 949 1588">
    <p class='ocr_par' dir='ltr' id='par_1_50' title="bbox 160 1545 949 1588">
     <span class='ocr_line' id='line_1_50' title="bbox 160 1545 949 1588; baseline 0.016 -18"><span class='ocrx_word' id='word_1_337' title='bbox 160 1552 215 1571; x_wconf 90' lang='lat' dir='ltr'><strong>non</strong></span> <span class='ocrx_word' id='word_1_338' title='bbox 242 1545 347 1573; x_wconf 90' lang='lat' dir='ltr'><strong>diutius</strong></span> <span class='ocrx_word' id='word_1_339' title='bbox 372 1548 539 1581; x_wconf 83' lang='lat' dir='ltr'><strong>reliquisset.</strong></span> <span class='ocrx_word' id='word_1_340' title='bbox 570 1550 608 1577; x_wconf 86' lang='lat' dir='ltr'><strong>Eo</strong></span> <span class='ocrx_word' id='word_1_341' title='bbox 629 1551 703 1579; x_wconf 88' lang='lat' dir='ltr'><strong>enim</strong></span> <span class='ocrx_word' id='word_1_342' title='bbox 737 1559 869 1588; x_wconf 69' lang='lat' dir='ltr'><strong>praesente</strong></span> <span class='ocrx_word' id='word_1_343' title='bbox 898 1564 949 1584; x_wconf 88' lang='lat' dir='ltr'><strong>nec</strong></span> 
     </span>
    </p>
   </div>
   <div class='ocr_carea' id='block_1_51' title="bbox 160 1589 949 1632">
    <p class='ocr_par' dir='ltr' id='par_1_51' title="bbox 160 1589 949 1632">
     <span class='ocr_line' id='line_1_51' title="bbox 160 1589 949 1632; baseline 0.016 -17"><span class='ocrx_word' id='word_1_344' title='bbox 160 1589 307 1624; x_wconf 75' lang='lat' dir='ltr'><strong>Mitylenen</strong></span> <span class='ocrx_word' id='word_1_345' title='bbox 332 1599 498 1627; x_wconf 78' lang='lat' dir='ltr'><strong>quemquam</strong></span> <span class='ocrx_word' id='word_1_346' title='bbox 527 1594 647 1622; x_wconf 86' lang='lat' dir='ltr'><strong>hostium</strong></span> <span class='ocrx_word' id='word_1_347' title='bbox 673 1603 884 1632; x_wconf 84' lang='lat' dir='ltr'><strong>occupaturum,</strong></span> <span class='ocrx_word' id='word_1_348' title='bbox 899 1608 949 1628; x_wconf 87' lang='lat' dir='ltr'><strong>nec</strong></span> 
     </span>
    </p>
   </div>
   <div class='ocr_carea' id='block_1_52' title="bbox 158 1635 948 1676">
    <p class='ocr_par' dir='ltr' id='par_1_52' title="bbox 158 1635 948 1676">
     <span class='ocr_line' id='line_1_52' title="bbox 158 1635 948 1676; baseline 0.015 -15"><span class='ocrx_word' id='word_1_349' title='bbox 158 1642 191 1661; x_wconf 84' lang='lat' dir='ltr'><strong>ea</strong></span> <span class='ocrx_word' id='word_1_350' title='bbox 209 1635 395 1663; x_wconf 65' lang='lat' dir='ltr'><strong>liotnauorum</strong></span> <span class='ocrx_word' id='word_1_351' title='bbox 411 1638 450 1664; x_wconf 85' lang='lat' dir='ltr'><strong>rei</strong></span> <span class='ocrx_word' id='word_1_352' title='bbox 466 1639 580 1666; x_wconf 63' lang='lat' dir='ltr'><strong>marinae</strong></span> <span class='ocrx_word' id='word_1_353' title='bbox 592 1640 732 1676; x_wconf 78' lang='lat' dir='ltr'><strong>naufragia</strong></span> <span class='ocrx_word' id='word_1_354' title='bbox 752 1643 844 1671; x_wconf 79' lang='lat' dir='ltr'><strong>futura</strong></span> <span class='ocrx_word' id='word_1_355' title='bbox 854 1645 948 1673; x_wconf 80' lang='lat' dir='ltr'><strong>fuisse.</strong></span> 
     </span>
    </p>
   </div>
   <div class='ocr_carea' id='block_1_53' title="bbox 161 1680 950 1725">
    <p class='ocr_par' dir='ltr' id='par_1_53' title="bbox 161 1680 950 1725">
     <span class='ocr_line' id='line_1_53' title="bbox 161 1680 950 1725; baseline 0.018 -20"><span class='ocrx_word' id='word_1_356' title='bbox 161 1680 259 1713; x_wconf 76' lang='lat' dir='ltr'><strong>Itaque</strong></span> <span class='ocrx_word' id='word_1_357' title='bbox 287 1681 363 1708; x_wconf 87' lang='lat' dir='ltr'><strong>illum</strong></span> <span class='ocrx_word' id='word_1_358' title='bbox 393 1684 598 1718; x_wconf 80' lang='lat' dir='ltr'><strong>quamprimum</strong></span> <span class='ocrx_word' id='word_1_359' title='bbox 626 1686 659 1713; x_wconf 83' lang='lat' dir='ltr'><strong>iis</strong></span> <span class='ocrx_word' id='word_1_360' title='bbox 687 1689 897 1725; x_wconf 69' lang='lat' dir='ltr'><strong>pra-licitalque</strong></span> <span class='ocrx_word' id='word_1_361' title='bbox 917 1699 950 1719; x_wconf 89' lang='lat' dir='ltr'><strong>eo</strong></span> 
     </span>
    </p>
   </div>
   <div class='ocr_carea' id='block_1_54' title="bbox 159 1726 947 1767">
    <p class='ocr_par' dir='ltr' id='par_1_54' title="bbox 159 1726 947 1767">
     <span class='ocr_line' id='line_1_54' title="bbox 159 1726 947 1767; baseline 0.016 -16"><span class='ocrx_word' id='word_1_362' title='bbox 159 1726 400 1762; x_wconf 72' lang='lat' dir='ltr'><strong>prolieiscijubet.</strong></span> <span class='ocrx_word' id='word_1_363' title='bbox 417 1729 467 1762; x_wconf 86' lang='lat' dir='ltr'><strong>Qui</strong></span> <span class='ocrx_word' id='word_1_364' title='bbox 494 1737 557 1758; x_wconf 92' lang='lat' dir='ltr'><strong>cum</strong></span> <span class='ocrx_word' id='word_1_365' title='bbox 581 1732 742 1767; x_wconf 79' lang='lat' dir='ltr'><strong>trajeeisset.</strong></span> <span class='ocrx_word' id='word_1_366' title='bbox 758 1735 861 1763; x_wconf 83' lang='lat' dir='ltr'><strong>sedatis</strong></span> <span class='ocrx_word' id='word_1_367' title='bbox 879 1741 947 1764; x_wconf 91' lang='lat' dir='ltr'><strong>tem—</strong></span> 
     </span>
    </p>
   </div>
   <div class='ocr_carea' id='block_1_55' title="bbox 158 1772 948 1815">
    <p class='ocr_par' dir='ltr' id='par_1_55' title="bbox 158 1772 948 1815">
     <span class='ocr_line' id='line_1_55' title="bbox 158 1772 948 1815; baseline 0.016 -18"><span class='ocrx_word' id='word_1_368' title='bbox 158 1772 332 1806; x_wconf 83' lang='lat' dir='ltr'><strong>pestatibus,</strong></span> <span class='ocrx_word' id='word_1_369' title='bbox 355 1781 415 1806; x_wconf 64' lang='lat' dir='ltr'><strong>quae</strong></span> <span class='ocrx_word' id='word_1_370' title='bbox 441 1779 561 1810; x_wconf 86' lang='lat' dir='ltr'><strong>tempore</strong></span> <span class='ocrx_word' id='word_1_371' title='bbox 587 1777 752 1806; x_wconf 80' lang='lat' dir='ltr'><strong>intermedio</strong></span> <span class='ocrx_word' id='word_1_372' title='bbox 779 1782 948 1815; x_wconf 77' lang='lat' dir='ltr'><strong>acciderant,</strong></span> 
     </span>
    </p>
   </div>
   <div class='ocr_carea' id='block_1_56' title="bbox 158 1818 949 1855">
    <p class='ocr_par' dir='ltr' id='par_1_56' title="bbox 158 1818 949 1855">
     <span class='ocr_line' id='line_1_56' title="bbox 158 1818 949 1855; baseline 0.015 -12"><span class='ocrx_word' id='word_1_373' title='bbox 158 1818 283 1851; x_wconf 72' lang='lat' dir='ltr'><strong>pristinae</strong></span> <span class='ocrx_word' id='word_1_374' title='bbox 309 1820 501 1854; x_wconf 82' lang='lat' dir='ltr'><strong>tranquillitati</strong></span> <span class='ocrx_word' id='word_1_375' title='bbox 531 1823 623 1850; x_wconf 87' lang='lat' dir='ltr'><strong>omnia</strong></span> <span class='ocrx_word' id='word_1_376' title='bbox 651 1825 772 1852; x_wconf 84' lang='lat' dir='ltr'><strong>restituit</strong></span> <span class='ocrx_word' id='word_1_377' title='bbox 799 1835 806 1853; x_wconf 87' lang='lat'>:</span> <span class='ocrx_word' id='word_1_378' title='bbox 833 1828 877 1854; x_wconf 81' lang='lat' dir='ltr'><strong>vix</strong></span> <span class='ocrx_word' id='word_1_379' title='bbox 904 1828 949 1855; x_wconf 88' lang='lat' dir='ltr'><strong>ille</strong></span> 
     </span>
    </p>
   </div>
   <div class='ocr_carea' id='block_1_57' title="bbox 157 1865 949 1906">
    <p class='ocr_par' dir='ltr' id='par_1_57' title="bbox 157 1865 949 1906">
     <span class='ocr_line' id='line_1_57' title="bbox 157 1865 949 1906; baseline 0.013 -15"><span class='ocrx_word' id='word_1_380' title='bbox 157 1865 281 1900; x_wconf 82' lang='lat' dir='ltr'><strong>quidem,</strong></span> <span class='ocrx_word' id='word_1_381' title='bbox 305 1874 357 1894; x_wconf 88' lang='lat' dir='ltr'><strong>nec</strong></span> <span class='ocrx_word' id='word_1_382' title='bbox 374 1868 433 1895; x_wconf 89' lang='lat' dir='ltr'><strong>sine</strong></span> <span class='ocrx_word' id='word_1_383' title='bbox 454 1876 551 1903; x_wconf 82' lang='lat' dir='ltr'><strong>magna</strong></span> <span class='ocrx_word' id='word_1_384' title='bbox 568 1870 692 1903; x_wconf 84' lang='lat' dir='ltr'><strong>solertia,</strong></span> <span class='ocrx_word' id='word_1_385' title='bbox 712 1878 825 1906; x_wconf 88' lang='lat' dir='ltr'><strong>propter</strong></span> <span class='ocrx_word' id='word_1_386' title='bbox 850 1873 949 1901; x_wconf 80' lang='lat' dir='ltr'><strong>factam</strong></span> 
     </span>
    </p>
   </div>
   <div class='ocr_carea' id='block_1_58' title="bbox 158 1911 948 1948">
    <p class='ocr_par' dir='ltr' id='par_1_58' title="bbox 158 1911 948 1948">
     <span class='ocr_line' id='line_1_58' title="bbox 158 1911 948 1948; baseline 0.008 -10"><span class='ocrx_word' id='word_1_387' title='bbox 158 1911 270 1938; x_wconf 86' lang='lat' dir='ltr'><strong>interim</strong></span> <span class='ocrx_word' id='word_1_388' title='bbox 289 1911 371 1938; x_wconf 86' lang='lat' dir='ltr'><strong>Lesbi</strong></span> <span class='ocrx_word' id='word_1_389' title='bbox 387 1916 413 1939; x_wconf 89' lang='lat' dir='ltr'><strong>et</strong></span> <span class='ocrx_word' id='word_1_390' title='bbox 429 1912 563 1948; x_wconf 64' lang='lat' dir='ltr'><strong>Mitylene:</strong></span> <span class='ocrx_word' id='word_1_391' title='bbox 591 1921 688 1941; x_wconf 78' lang='lat' dir='ltr'><strong>noram</strong></span> <span class='ocrx_word' id='word_1_392' title='bbox 713 1923 802 1942; x_wconf 88' lang='lat' dir='ltr'><strong>rertttu</strong></span> <span class='ocrx_word' id='word_1_393' title='bbox 818 1917 948 1944; x_wconf 83' lang='lat' dir='ltr'><strong>mulatio-</strong></span> 
     </span>
    </p>
   </div>
   <div class='ocr_carea' id='block_1_59' title="bbox 158 1958 948 1995">
    <p class='ocr_par' dir='ltr' id='par_1_59' title="bbox 158 1958 948 1995">
     <span class='ocr_line' id='line_1_59' title="bbox 158 1958 948 1995; baseline 0.008 -11"><span class='ocrx_word' id='word_1_394' title='bbox 158 1965 222 1985; x_wconf 86' lang='lat' dir='ltr'><strong>nem</strong></span> <span class='ocrx_word' id='word_1_395' title='bbox 236 1967 243 1990; x_wconf 86' lang='lat'><strong><em>;</em></strong></span> <span class='ocrx_word' id='word_1_396' title='bbox 262 1958 309 1985; x_wconf 83' lang='lat' dir='ltr'><strong>sed</strong></span> <span class='ocrx_word' id='word_1_397' title='bbox 325 1963 415 1985; x_wconf 77' lang='lat' dir='ltr'><strong>tamen</strong></span> <span class='ocrx_word' id='word_1_398' title='bbox 431 1959 562 1986; x_wconf 89' lang='lat' dir='ltr'><strong>restituit.</strong></span> <span class='ocrx_word' id='word_1_399' title='bbox 579 1959 645 1986; x_wconf 89' lang='lat' dir='ltr'><strong>Nam</strong></span> <span class='ocrx_word' id='word_1_400' title='bbox 657 1960 736 1995; x_wconf 83' lang='lat'><strong>535</strong></span> <span class='ocrx_word' id='word_1_401' title='bbox 753 1963 948 1995; x_wconf 79' lang='lat' dir='ltr'><strong>mercenaries,</strong></span> 
     </span>
    </p>
   </div>
   <div class='ocr_carea' id='block_1_60' title="bbox 158 2004 949 2042">
    <p class='ocr_par' dir='ltr' id='par_1_60' title="bbox 158 2004 949 2042">
     <span class='ocr_line' id='line_1_60' title="bbox 158 2004 949 2042; baseline 0.008 -12"><span class='ocrx_word' id='word_1_402' title='bbox 158 2004 207 2039; x_wconf 90' lang='lat' dir='ltr'><strong>qui</strong></span> <span class='ocrx_word' id='word_1_403' title='bbox 223 2005 252 2031; x_wconf 90' lang='lat' dir='ltr'><strong>in</strong></span> <span class='ocrx_word' id='word_1_404' title='bbox 269 2005 335 2032; x_wconf 88' lang='lat' dir='ltr'><strong>urbe</strong></span> <span class='ocrx_word' id='word_1_405' title='bbox 355 2005 483 2040; x_wconf 81' lang='lat' dir='ltr'><strong>Mitylene</strong></span> <span class='ocrx_word' id='word_1_406' title='bbox 501 2010 589 2037; x_wconf 82' lang='lat' dir='ltr'><strong>erant,</strong></span> <span class='ocrx_word' id='word_1_407' title='bbox 605 2006 708 2033; x_wconf 90' lang='lat' dir='ltr'><strong>milites</strong></span> <span class='ocrx_word' id='word_1_408' title='bbox 727 2014 755 2033; x_wconf 89' lang='lat' dir='ltr'><strong>et</strong></span> <span class='ocrx_word' id='word_1_409' title='bbox 766 2008 949 2042; x_wconf 62' lang='lat' dir='ltr'><strong>prxsitliarios</strong></span> 
     </span>
    </p>
   </div>
   <div class='ocr_carea' id='block_1_61' title="bbox 159 2049 949 2086">
    <p class='ocr_par' dir='ltr' id='par_1_61' title="bbox 159 2049 949 2086">
     <span class='ocr_line' id='line_1_61' title="bbox 159 2049 949 2086; baseline 0.006 -10"><span class='ocrx_word' id='word_1_410' title='bbox 159 2049 324 2077; x_wconf 84' lang='lat' dir='ltr'><strong>Latinorum</strong></span> <span class='ocrx_word' id='word_1_411' title='bbox 353 2051 533 2086; x_wconf 78' lang='lat' dir='ltr'><strong>quingentos,</strong></span> <span class='ocrx_word' id='word_1_412' title='bbox 556 2051 636 2078; x_wconf 89' lang='lat' dir='ltr'><strong>binos</strong></span> <span class='ocrx_word' id='word_1_413' title='bbox 653 2055 681 2078; x_wconf 92' lang='lat' dir='ltr'><strong>et</strong></span> <span class='ocrx_word' id='word_1_414' title='bbox 698 2056 793 2079; x_wconf 87' lang='lat' dir='ltr'><strong>ternos</strong></span> <span class='ocrx_word' id='word_1_415' title='bbox 818 2054 889 2080; x_wconf 85' lang='lat' dir='ltr'><strong>clam</strong></span> <span class='ocrx_word' id='word_1_416' title='bbox 905 2062 949 2081; x_wconf 90' lang='lat' dir='ltr'><strong>ar-</strong></span> 
     </span>
    </p>
   </div>
   <div class='ocr_carea' id='block_1_62' title="bbox 160 2096 948 2134">
    <p class='ocr_par' dir='ltr' id='par_1_62' title="bbox 160 2096 948 2134">
     <span class='ocr_line' id='line_1_62' title="bbox 160 2096 948 2134; baseline 0.006 -12"><span class='ocrx_word' id='word_1_417' title='bbox 160 2096 277 2123; x_wconf 79' lang='lat' dir='ltr'><strong>cessitos</strong></span> <span class='ocrx_word' id='word_1_418' title='bbox 305 2101 334 2123; x_wconf 90' lang='lat' dir='ltr'><strong>et</strong></span> <span class='ocrx_word' id='word_1_419' title='bbox 353 2097 440 2131; x_wconf 83' lang='lat' dir='ltr'><strong>plenis</strong></span> <span class='ocrx_word' id='word_1_420' title='bbox 468 2096 594 2124; x_wconf 83' lang='lat' dir='ltr'><strong>manibus</strong></span> <span class='ocrx_word' id='word_1_421' title='bbox 614 2097 725 2125; x_wconf 89' lang='lat' dir='ltr'><strong>domum</strong></span> <span class='ocrx_word' id='word_1_422' title='bbox 744 2098 948 2134; x_wconf 81' lang='lat' dir='ltr'><strong>redirejussos,</strong></span> 
     </span>
    </p>
   </div>
   <div class='ocr_carea' id='block_1_63' title="bbox 160 2135 949 2179">
    <p class='ocr_par' dir='ltr' id='par_1_63' title="bbox 160 2135 949 2179">
     <span class='ocr_line' id='line_1_63' title="bbox 160 2135 949 2179; baseline 0.006 -12"><span class='ocrx_word' id='word_1_423' title='bbox 160 2147 325 2176; x_wconf 83' lang='lat' dir='ltr'><strong>prosecutus</strong></span> <span class='ocrx_word' id='word_1_424' title='bbox 361 2142 461 2169; x_wconf 83' lang='lat' dir='ltr'><strong>callide</strong></span> <span class='ocrx_word' id='word_1_425' title='bbox 477 2135 559 2177; x_wconf 86' lang='lat' dir='ltr'><strong>atque</strong></span> <span class='ocrx_word' id='word_1_426' title='bbox 575 2145 682 2171; x_wconf 74' lang='lat' dir='ltr'><strong>oeeulle</strong></span> <span class='ocrx_word' id='word_1_427' title='bbox 709 2145 804 2171; x_wconf 84' lang='lat' dir='ltr'><strong>urbem</strong></span> <span class='ocrx_word' id='word_1_428' title='bbox 822 2146 949 2179; x_wconf 79' lang='lat' dir='ltr'><strong>pra-sidio</strong></span> 
     </span>
    </p>
   </div>
   <div class='ocr_carea' id='block_1_64' title="bbox 160 2187 948 2223">
    <p class='ocr_par' dir='ltr' id='par_1_64' title="bbox 160 2187 948 2223">
     <span class='ocr_line' id='line_1_64' title="bbox 160 2187 948 2223; baseline 0.006 -10"><span class='ocrx_word' id='word_1_429' title='bbox 160 2187 320 2213; x_wconf 81' lang='lat' dir='ltr'><strong>destitutam</strong></span> <span class='ocrx_word' id='word_1_430' title='bbox 348 2187 388 2214; x_wconf 75' lang='lat' dir='ltr'><strong>sic</strong></span> <span class='ocrx_word' id='word_1_431' title='bbox 415 2188 548 2216; x_wconf 69' lang='lat' dir='ltr'><strong>Romanis</strong></span> <span class='ocrx_word' id='word_1_432' title='bbox 580 2190 762 2223; x_wconf 69' lang='lat' dir='ltr'><strong>recuperavit.</strong></span> <span class='ocrx_word' id='word_1_433' title='bbox 779 2191 888 2218; x_wconf 87' lang='lat' dir='ltr'><strong>Etenim</strong></span> <span class='ocrx_word' id='word_1_434' title='bbox 906 2199 948 2218; x_wconf 92' lang='lat' dir='ltr'><strong>vtr</strong></span> 
     </span>
    </p>
   </div>
   <div class='ocr_carea' id='block_1_65' title="bbox 1001 956 1794 995">
    <p class='ocr_par' dir='ltr' id='par_1_65' title="bbox 1001 956 1794 995">
     <span class='ocr_line' id='line_1_65' title="bbox 1001 956 1794 995; baseline -0.01 -5"><span class='ocrx_word' id='word_1_435' title='bbox 1001 963 1064 995; x_wconf 78' lang='grc' dir='ltr'>τοὺς</span> <span class='ocrx_word' id='word_1_436' title='bbox 1079 962 1126 989; x_wconf 82' lang='grc' dir='ltr'>τοῦ</span> <span class='ocrx_word' id='word_1_437' title='bbox 1156 961 1241 988; x_wconf 77' lang='grc' dir='ltr'>’Λσὰν</span> <span class='ocrx_word' id='word_1_438' title='bbox 1266 961 1343 991; x_wconf 74' lang='grc' dir='ltr'>υἱοὺς</span> <span class='ocrx_word' id='word_1_439' title='bbox 1361 960 1400 994; x_wconf 74' lang='grc' dir='ltr'><strong>(ὅ)</strong></span> <span class='ocrx_word' id='word_1_440' title='bbox 1423 960 1452 986; x_wconf 87' lang='grc' dir='ltr'><strong>ἐν</strong></span> <span class='ocrx_word' id='word_1_441' title='bbox 1485 958 1596 992; x_wconf 84' lang='grc' dir='ltr'>ἀδέσμῳ</span> <span class='ocrx_word' id='word_1_442' title='bbox 1623 958 1671 984; x_wconf 69' lang='grc' dir='ltr'>καὶ</span> <span class='ocrx_word' id='word_1_443' title='bbox 1697 956 1794 992; x_wconf 81' lang='grc' dir='ltr'>φιλαν-</span> 
     </span>
    </p>
   </div>
   <div class='ocr_carea' id='block_1_66' title="bbox 1001 1002 1793 1045">
    <p class='ocr_par' dir='ltr' id='par_1_66' title="bbox 1001 1002 1793 1045">
     <span class='ocr_line' id='line_1_66' title="bbox 1001 1002 1793 1045; baseline -0.011 -9"><span class='ocrx_word' id='word_1_444' title='bbox 1001 1009 1105 1045; x_wconf 82' lang='grc' dir='ltr'>θρώπῳ</span> <span class='ocrx_word' id='word_1_445' title='bbox 1120 1009 1247 1042; x_wconf 78' lang='grc' dir='ltr'>κατεῖχεν</span> <span class='ocrx_word' id='word_1_446' title='bbox 1260 1006 1367 1041; x_wconf 77' lang='grc' dir='ltr'>εἱρκτῇ,</span> <span class='ocrx_word' id='word_1_447' title='bbox 1381 1005 1427 1032; x_wconf 73' lang='grc' dir='ltr'><strong>ἴνα</strong></span> <span class='ocrx_word' id='word_1_448' title='bbox 1443 1004 1481 1039; x_wconf 83' lang='grc' dir='ltr'>μὴ</span> <span class='ocrx_word' id='word_1_449' title='bbox 1497 1003 1674 1038; x_wconf 85' lang='grc' dir='ltr'>ἁτιμωρήτου</span> <span class='ocrx_word' id='word_1_450' title='bbox 1705 1002 1793 1028; x_wconf 82' lang='grc' dir='ltr'>καθά-</span> 
     </span>
    </p>
   </div>
   <div class='ocr_carea' id='block_1_67' title="bbox 1001 1048 1793 1089">
    <p class='ocr_par' dir='ltr' id='par_1_67' title="bbox 1001 1048 1793 1089">
     <span class='ocr_line' id='line_1_67' title="bbox 1001 1048 1793 1089; baseline -0.011 -7"><span class='ocrx_word' id='word_1_451' title='bbox 1001 1055 1056 1088; x_wconf 74' lang='grc' dir='ltr'><strong>παξ</strong></span> <span class='ocrx_word' id='word_1_452' title='bbox 1071 1055 1121 1089; x_wconf 84' lang='grc' dir='ltr'>τῆς</span> <span class='ocrx_word' id='word_1_453' title='bbox 1146 1053 1247 1085; x_wconf 83' lang='grc' dir='ltr'>κακίας</span> <span class='ocrx_word' id='word_1_454' title='bbox 1275 1051 1410 1087; x_wconf 84' lang='grc' dir='ltr'>μενούσης</span> <span class='ocrx_word' id='word_1_455' title='bbox 1444 1051 1545 1081; x_wconf 84' lang='grc' dir='ltr'>πάντες</span> <span class='ocrx_word' id='word_1_456' title='bbox 1569 1049 1610 1080; x_wconf 86' lang='grc' dir='ltr'>εἰς</span> <span class='ocrx_word' id='word_1_457' title='bbox 1631 1049 1681 1083; x_wconf 82' lang='grc' dir='ltr'>τὴν</span> <span class='ocrx_word' id='word_1_458' title='bbox 1693 1048 1793 1082; x_wconf 84' lang='grc' dir='ltr'>ὁμοίαν</span> 
     </span>
    </p>
   </div>
   <div class='ocr_carea' id='block_1_68' title="bbox 1000 1094 1793 1135">
    <p class='ocr_par' dir='ltr' id='par_1_68' title="bbox 1000 1094 1793 1135">
     <span class='ocr_line' id='line_1_68' title="bbox 1000 1094 1793 1135; baseline -0.01 -8"><span class='ocrx_word' id='word_1_459' title='bbox 1000 1101 1100 1127; x_wconf 85' lang='grc' dir='ltr'>κακίαν</span> <span class='ocrx_word' id='word_1_460' title='bbox 1116 1100 1283 1135; x_wconf 82' lang='grc' dir='ltr'>ὁρμήσωσιν.</span> <span class='ocrx_word' id='word_1_461' title='bbox 1299 1098 1340 1134; x_wconf 74' lang='grc' dir='ltr'><strong>[Ρ.</strong></span> <span class='ocrx_word' id='word_1_462' title='bbox 1356 1095 1421 1132; x_wconf 73' lang='grc'><strong>528]</strong></span> <span class='ocrx_word' id='word_1_463' title='bbox 1434 1096 1475 1122; x_wconf 77' lang='grc' dir='ltr'><strong>Τὰ</strong></span> <span class='ocrx_word' id='word_1_464' title='bbox 1493 1095 1541 1130; x_wconf 78' lang='grc' dir='ltr'>μὲν</span> <span class='ocrx_word' id='word_1_465' title='bbox 1554 1095 1603 1130; x_wconf 84' lang='grc' dir='ltr'>τῆς</span> <span class='ocrx_word' id='word_1_466' title='bbox 1619 1094 1793 1129; x_wconf 76' lang='grc' dir='ltr'>δημηγορίας</span> 
     </span>
    </p>
   </div>
   <div class='ocr_carea' id='block_1_69' title="bbox 1000 1138 1793 1178">
    <p class='ocr_par' dir='ltr' id='par_1_69' title="bbox 1000 1138 1793 1178">
     <span class='ocr_line' id='line_1_69' title="bbox 1000 1138 1793 1178; baseline -0.009 -7"><span class='ocrx_word' id='word_1_467' title='bbox 1000 1144 1108 1178; x_wconf 78' lang='grc' dir='ltr'>ἐκείνης</span> <span class='ocrx_word' id='word_1_468' title='bbox 1124 1145 1171 1170; x_wconf 73' lang='grc' dir='ltr'>καὶ</span> <span class='ocrx_word' id='word_1_469' title='bbox 1188 1143 1337 1176; x_wconf 77' lang='grc' dir='ltr'>ἐξετάσεως</span> <span class='ocrx_word' id='word_1_470' title='bbox 1363 1139 1450 1172; x_wconf 74' lang='grc' dir='ltr'>οὕτως</span> <span class='ocrx_word' id='word_1_471' title='bbox 1464 1140 1573 1175; x_wconf 82' lang='grc' dir='ltr'>εὐφυῶς</span> <span class='ocrx_word' id='word_1_472' title='bbox 1589 1147 1647 1171; x_wconf 84' lang='grc' dir='ltr'><strong>πως</strong></span> <span class='ocrx_word' id='word_1_473' title='bbox 1664 1139 1710 1165; x_wconf 78' lang='grc' dir='ltr'>καὶ</span> <span class='ocrx_word' id='word_1_474' title='bbox 1734 1138 1793 1165; x_wconf 81' lang='grc' dir='ltr'>ῑλα-</span> 
     </span>
    </p>
   </div>
   <div class='ocr_carea' id='block_1_70' title="bbox 1001 1187 1276 1224">
    <p class='ocr_par' dir='ltr' id='par_1_70' title="bbox 1001 1187 1276 1224">
     <span class='ocr_line' id='line_1_70' title="bbox 1001 1187 1276 1224; baseline -0.004 -10"><span class='ocrx_word' id='word_1_475' title='bbox 1001 1188 1056 1224; x_wconf 82' lang='grc' dir='ltr'>ρῶς</span> <span class='ocrx_word' id='word_1_476' title='bbox 1073 1188 1182 1223; x_wconf 81' lang='grc' dir='ltr'>διήνυσε</span> <span class='ocrx_word' id='word_1_477' title='bbox 1196 1187 1276 1218; x_wconf 82' lang='grc' dir='ltr'>τέως.</span> 
     </span>
    </p>
   </div>
   <div class='ocr_carea' id='block_1_71' title="bbox 1036 1270 1793 1307">
    <p class='ocr_par' dir='ltr' id='par_1_71' title="bbox 1036 1270 1793 1307">
     <span class='ocr_line' id='line_1_71' title="bbox 1036 1270 1793 1307; baseline -0.007 -7"><span class='ocrx_word' id='word_1_478' title='bbox 1036 1271 1082 1307; x_wconf 70' lang='grc' dir='ltr'><strong>(τ’.</strong></span> <span class='ocrx_word' id='word_1_479' title='bbox 1106 1272 1185 1299; x_wconf 77' lang='grc' dir='ltr'>Ἐπεὶ</span> <span class='ocrx_word' id='word_1_480' title='bbox 1208 1272 1231 1299; x_wconf 78' lang='grc' dir='ltr'>δ’</span> <span class='ocrx_word' id='word_1_481' title='bbox 1249 1272 1347 1299; x_wconf 81' lang='grc' dir='ltr'>ἐκτῶν</span> <span class='ocrx_word' id='word_1_482' title='bbox 1363 1271 1538 1307; x_wconf 71' lang='grc' dir='ltr'>πραγμάτων</span> <span class='ocrx_word' id='word_1_483' title='bbox 1551 1270 1667 1306; x_wconf 81' lang='grc' dir='ltr'>συνῆκεν</span> <span class='ocrx_word' id='word_1_484' title='bbox 1686 1270 1700 1296; x_wconf 86' lang='grc' dir='ltr'><strong><em>ὸ</em></strong></span> <span class='ocrx_word' id='word_1_485' title='bbox 1716 1270 1793 1304; x_wconf 76' lang='grc' dir='ltr'>βασι-</span> 
     </span>
    </p>
   </div>
   <div class='ocr_carea' id='block_1_72' title="bbox 999 1315 1792 1353">
    <p class='ocr_par' dir='ltr' id='par_1_72' title="bbox 999 1315 1792 1353">
     <span class='ocr_line' id='line_1_72' title="bbox 999 1315 1792 1353; baseline -0.008 -6"><span class='ocrx_word' id='word_1_486' title='bbox 999 1319 1072 1351; x_wconf 80' lang='grc' dir='ltr'>λεὺς,</span> <span class='ocrx_word' id='word_1_487' title='bbox 1107 1319 1175 1346; x_wconf 81' lang='grc' dir='ltr'>πολὺ</span> <span class='ocrx_word' id='word_1_488' title='bbox 1204 1319 1258 1345; x_wconf 85' lang='grc' dir='ltr'>τῶν</span> <span class='ocrx_word' id='word_1_489' title='bbox 1283 1318 1390 1345; x_wconf 80' lang='grc' dir='ltr'>πολλῶν</span> <span class='ocrx_word' id='word_1_490' title='bbox 1412 1317 1552 1353; x_wconf 82' lang='grc' dir='ltr'>διαφέρειν</span> <span class='ocrx_word' id='word_1_491' title='bbox 1579 1317 1628 1351; x_wconf 80' lang='grc' dir='ltr'>τὴν</span> <span class='ocrx_word' id='word_1_492' title='bbox 1651 1315 1697 1342; x_wconf 78' lang='grc' dir='ltr'><strong>τοῦ</strong></span> <span class='ocrx_word' id='word_1_493' title='bbox 1717 1315 1792 1342; x_wconf 86' lang='grc' dir='ltr'>θείου</span> 
     </span>
    </p>
   </div>
   <div class='ocr_carea' id='block_1_73' title="bbox 1000 1358 1792 1399">
    <p class='ocr_par' dir='ltr' id='par_1_73' title="bbox 1000 1358 1792 1399">
     <span class='ocr_line' id='line_1_73' title="bbox 1000 1358 1792 1399; baseline -0.006 -7"><span class='ocrx_word' id='word_1_494' title='bbox 1000 1365 1083 1392; x_wconf 76' lang='grc' dir='ltr'>αὑτοῦ</span> <span class='ocrx_word' id='word_1_495' title='bbox 1105 1365 1215 1391; x_wconf 85' lang='grc' dir='ltr'>σύνεσιν</span> <span class='ocrx_word' id='word_1_496' title='bbox 1228 1363 1350 1396; x_wconf 77' lang='grc' dir='ltr'>Ἀλεξίου</span> <span class='ocrx_word' id='word_1_497' title='bbox 1372 1362 1614 1399; x_wconf 79' lang='grc' dir='ltr'>Φιλανθρωπηνοῦ,</span> <span class='ocrx_word' id='word_1_498' title='bbox 1633 1358 1663 1389; x_wconf 73' lang='grc' dir='ltr'><strong>οὗ</strong></span> <span class='ocrx_word' id='word_1_499' title='bbox 1676 1362 1708 1397; x_wconf 87' lang='grc' dir='ltr'><strong>δὴ</strong></span> <span class='ocrx_word' id='word_1_500' title='bbox 1724 1362 1792 1387; x_wconf 85' lang='grc' dir='ltr'>πολ-</span> 
     </span>
    </p>
   </div>
   <div class='ocr_carea' id='block_1_74' title="bbox 999 1407 1822 1446">
    <p class='ocr_par' dir='ltr' id='par_1_74' title="bbox 999 1407 1822 1446">
     <span class='ocr_line' id='line_1_74' title="bbox 999 1407 1822 1446; baseline -0.006 -8"><span class='ocrx_word' id='word_1_501' title='bbox 999 1411 1069 1446; x_wconf 87' lang='grc' dir='ltr'>λαχῆ</span> <span class='ocrx_word' id='word_1_502' title='bbox 1083 1411 1130 1443; x_wconf 79' lang='grc' dir='ltr'><strong>κᾳὶ</strong></span> <span class='ocrx_word' id='word_1_503' title='bbox 1149 1410 1280 1442; x_wconf 79' lang='grc' dir='ltr'>πολλάκις</span> <span class='ocrx_word' id='word_1_504' title='bbox 1297 1410 1476 1445; x_wconf 67' lang='grc' dir='ltr'>ἐμνήσθημεν</span> <span class='ocrx_word' id='word_1_505' title='bbox 1505 1409 1672 1444; x_wconf 76' lang='grc' dir='ltr'>ἔμπροσθεν,</span> <span class='ocrx_word' id='word_1_506' title='bbox 1705 1407 1793 1443; x_wconf 82' lang='grc' dir='ltr'>μετά-</span> <span class='ocrx_word' id='word_1_507' title='bbox 1817 1419 1822 1424; x_wconf 89' lang='lat'><strong>-</strong></span> 
     </span>
    </p>
   </div>
   <div class='ocr_carea' id='block_1_75' title="bbox 1001 1453 1792 1492">
    <p class='ocr_par' dir='ltr' id='par_1_75' title="bbox 1001 1453 1792 1492">
     <span class='ocr_line' id='line_1_75' title="bbox 1001 1453 1792 1492; baseline -0.006 -9"><span class='ocrx_word' id='word_1_508' title='bbox 1001 1457 1080 1492; x_wconf 84' lang='grc' dir='ltr'>μελον</span> <span class='ocrx_word' id='word_1_509' title='bbox 1091 1457 1170 1492; x_wconf 80' lang='grc' dir='ltr'>ἔσχεν</span> <span class='ocrx_word' id='word_1_510' title='bbox 1185 1456 1237 1491; x_wconf 75' lang='grc' dir='ltr'>ἤδη</span> <span class='ocrx_word' id='word_1_511' title='bbox 1259 1456 1323 1482; x_wconf 75' lang='grc' dir='ltr'>καθ’</span> <span class='ocrx_word' id='word_1_512' title='bbox 1338 1456 1436 1482; x_wconf 80' lang='grc' dir='ltr'>ἐαυτὸν</span> <span class='ocrx_word' id='word_1_513' title='bbox 1466 1455 1496 1481; x_wconf 85' lang='grc' dir='ltr'>οὐ</span> <span class='ocrx_word' id='word_1_514' title='bbox 1517 1455 1591 1488; x_wconf 82' lang='grc' dir='ltr'>μάλα</span> <span class='ocrx_word' id='word_1_515' title='bbox 1624 1453 1735 1488; x_wconf 59' lang='grc' dir='ltr'>μικρὸν,</span> <span class='ocrx_word' id='word_1_516' title='bbox 1750 1453 1792 1479; x_wconf 80' lang='grc' dir='ltr'><strong>ὅτι</strong></span> 
     </span>
    </p>
   </div>
   <div class='ocr_carea' id='block_1_76' title="bbox 1000 1498 1793 1538">
    <p class='ocr_par' dir='ltr' id='par_1_76' title="bbox 1000 1498 1793 1538">
     <span class='ocr_line' id='line_1_76' title="bbox 1000 1498 1793 1538; baseline -0.006 -9"><span class='ocrx_word' id='word_1_517' title='bbox 1000 1504 1038 1538; x_wconf 82' lang='grc' dir='ltr'>μὴ</span> <span class='ocrx_word' id='word_1_518' title='bbox 1054 1503 1122 1529; x_wconf 71' lang='grc' dir='ltr'>κάπὶ</span> <span class='ocrx_word' id='word_1_519' title='bbox 1135 1502 1207 1537; x_wconf 85' lang='grc' dir='ltr'>μάλα</span> <span class='ocrx_word' id='word_1_520' title='bbox 1216 1511 1258 1528; x_wconf 91' lang='grc' dir='ltr'><strong>τοι</strong></span> <span class='ocrx_word' id='word_1_521' title='bbox 1273 1502 1385 1529; x_wconf 88' lang='grc' dir='ltr'>πλείονα</span> <span class='ocrx_word' id='word_1_522' title='bbox 1399 1500 1597 1535; x_wconf 83' lang='grc' dir='ltr'>συγκεχώρηκε</span> <span class='ocrx_word' id='word_1_523' title='bbox 1613 1500 1709 1535; x_wconf 72' lang='grc' dir='ltr'>χρόνον</span> <span class='ocrx_word' id='word_1_524' title='bbox 1717 1498 1793 1533; x_wconf 70' lang='grc' dir='ltr'>αὐτῷ</span> 
     </span>
    </p>
   </div>
   <div class='ocr_carea' id='block_1_77' title="bbox 1000 1543 1794 1582">
    <p class='ocr_par' dir='ltr' id='par_1_77' title="bbox 1000 1543 1794 1582">
     <span class='ocr_line' id='line_1_77' title="bbox 1000 1543 1794 1582; baseline -0.005 -9"><span class='ocrx_word' id='word_1_525' title='bbox 1000 1548 1050 1582; x_wconf 87' lang='grc' dir='ltr'>τὴν</span> <span class='ocrx_word' id='word_1_526' title='bbox 1063 1547 1117 1573; x_wconf 83' lang='grc' dir='ltr'>τῶν</span> <span class='ocrx_word' id='word_1_527' title='bbox 1147 1547 1273 1575; x_wconf 70' lang='grc' dir='ltr'>Λεσϐίων</span> <span class='ocrx_word' id='word_1_528' title='bbox 1298 1547 1445 1580; x_wconf 80' lang='grc' dir='ltr'>διοίκησιν,</span> <span class='ocrx_word' id='word_1_529' title='bbox 1476 1546 1524 1572; x_wconf 75' lang='grc' dir='ltr'>καὶ</span> <span class='ocrx_word' id='word_1_530' title='bbox 1553 1545 1614 1571; x_wconf 76' lang='grc' dir='ltr'>ὅσαι</span> <span class='ocrx_word' id='word_1_531' title='bbox 1647 1543 1718 1570; x_wconf 80' lang='grc' dir='ltr'>κατὰ</span> <span class='ocrx_word' id='word_1_532' title='bbox 1747 1544 1794 1569; x_wconf 72' lang='grc' dir='ltr'>τὸν</span> 
     </span>
    </p>
   </div>
   <div class='ocr_carea' id='block_1_78' title="bbox 999 1589 1793 1628">
    <p class='ocr_par' dir='ltr' id='par_1_78' title="bbox 999 1589 1793 1628">
     <span class='ocr_line' id='line_1_78' title="bbox 999 1589 1793 1628; baseline -0.008 -8"><span class='ocrx_word' id='word_1_533' title='bbox 999 1594 1111 1628; x_wconf 76' lang='grc' dir='ltr'>Αἰγαῖον</span> <span class='ocrx_word' id='word_1_534' title='bbox 1129 1593 1207 1628; x_wconf 88' lang='grc' dir='ltr'>νῆσοι</span> <span class='ocrx_word' id='word_1_535' title='bbox 1233 1593 1380 1627; x_wconf 84' lang='grc' dir='ltr'>Ῥωμαίων</span> <span class='ocrx_word' id='word_1_536' title='bbox 1396 1592 1523 1627; x_wconf 82' lang='grc' dir='ltr'>ὑπήκοοι.</span> <span class='ocrx_word' id='word_1_537' title='bbox 1556 1589 1625 1616; x_wconf 71' lang='grc' dir='ltr'>Οὔτε</span> <span class='ocrx_word' id='word_1_538' title='bbox 1656 1589 1712 1624; x_wconf 73' lang='grc' dir='ltr'><strong>γὰρ</strong></span> <span class='ocrx_word' id='word_1_539' title='bbox 1737 1589 1793 1615; x_wconf 82' lang='grc' dir='ltr'>τῶν</span> 
     </span>
    </p>
   </div>
   <div class='ocr_carea' id='block_1_79' title="bbox 1000 1626 1794 1675">
    <p class='ocr_par' dir='ltr' id='par_1_79' title="bbox 1000 1626 1794 1675">
     <span class='ocr_line' id='line_1_79' title="bbox 1000 1626 1794 1675; baseline -0.008 -9"><span class='ocrx_word' id='word_1_540' title='bbox 1000 1626 1106 1675; x_wconf 76' lang='grc' dir='ltr'>ἐχθρῶν</span> <span class='ocrx_word' id='word_1_541' title='bbox 1132 1626 1222 1669; x_wconf 61' lang='grc' dir='ltr'>οδδεὶς</span> <span class='ocrx_word' id='word_1_542' title='bbox 1239 1638 1272 1665; x_wconf 87' lang='grc' dir='ltr'>ἂν</span> <span class='ocrx_word' id='word_1_543' title='bbox 1293 1626 1462 1672; x_wconf 16' lang='grc' dir='ltr'>γΜιτυλήνην</span> <span class='ocrx_word' id='word_1_544' title='bbox 1489 1635 1713 1671; x_wconf 72' lang='grc' dir='ltr'>ἠνδραποδίζετο,</span> <span class='ocrx_word' id='word_1_545' title='bbox 1735 1634 1794 1661; x_wconf 68' lang='grc' dir='ltr'>οὔτ’</span> 
     </span>
    </p>
   </div>
   <div class='ocr_carea' id='block_1_80' title="bbox 1000 1681 1794 1719">
    <p class='ocr_par' dir='ltr' id='par_1_80' title="bbox 1000 1681 1794 1719">
     <span class='ocr_line' id='line_1_80' title="bbox 1000 1681 1794 1719; baseline -0.008 -6"><span class='ocrx_word' id='word_1_546' title='bbox 1000 1688 1029 1718; x_wconf 83' lang='grc' dir='ltr'><strong>ἐς</strong></span> <span class='ocrx_word' id='word_1_547' title='bbox 1044 1686 1157 1713; x_wconf 70' lang='grc' dir='ltr'>τοσοῦτο</span> <span class='ocrx_word' id='word_1_548' title='bbox 1167 1686 1306 1719; x_wconf 71' lang='grc' dir='ltr'>ναυαγίων</span> <span class='ocrx_word' id='word_1_549' title='bbox 1317 1684 1350 1710; x_wconf 87' lang='grc' dir='ltr'><strong>τὰ</strong></span> <span class='ocrx_word' id='word_1_550' title='bbox 1369 1683 1504 1717; x_wconf 79' lang='grc' dir='ltr'>θαλάττης</span> <span class='ocrx_word' id='word_1_551' title='bbox 1519 1682 1620 1717; x_wconf 66' lang='grc' dir='ltr'>ἤλαυνε</span> <span class='ocrx_word' id='word_1_552' title='bbox 1644 1681 1794 1716; x_wconf 81' lang='grc' dir='ltr'>Ῥωμαίοις</span> 
     </span>
    </p>
   </div>
   <div class='ocr_carea' id='block_1_81' title="bbox 1001 1726 1794 1766">
    <p class='ocr_par' dir='ltr' id='par_1_81' title="bbox 1001 1726 1794 1766">
     <span class='ocr_line' id='line_1_81' title="bbox 1001 1726 1794 1766; baseline -0.006 -8"><span class='ocrx_word' id='word_1_553' title='bbox 1001 1733 1164 1766; x_wconf 78' lang='grc' dir='ltr'>πράγματα.</span> <span class='ocrx_word' id='word_1_554' title='bbox 1183 1730 1266 1757; x_wconf 81' lang='grc' dir='ltr'>Ὅθεν</span> <span class='ocrx_word' id='word_1_555' title='bbox 1280 1730 1364 1756; x_wconf 74' lang='grc' dir='ltr'>αὑτὸν</span> <span class='ocrx_word' id='word_1_556' title='bbox 1378 1729 1427 1764; x_wconf 77' lang='grc' dir='ltr'>τὴν</span> <span class='ocrx_word' id='word_1_557' title='bbox 1441 1729 1573 1763; x_wconf 85' lang='grc' dir='ltr'>ταχίστην</span> <span class='ocrx_word' id='word_1_558' title='bbox 1600 1728 1628 1759; x_wconf 78' lang='grc' dir='ltr'><strong>ἐς</strong></span> <span class='ocrx_word' id='word_1_559' title='bbox 1642 1727 1692 1761; x_wconf 82' lang='grc' dir='ltr'>τὴν</span> <span class='ocrx_word' id='word_1_560' title='bbox 1717 1726 1794 1753; x_wconf 84' lang='grc' dir='ltr'>ἐκεί-</span> 
     </span>
    </p>
   </div>
   <div class='ocr_carea' id='block_1_82' title="bbox 1000 1772 1793 1811">
    <p class='ocr_par' dir='ltr' id='par_1_82' title="bbox 1000 1772 1793 1811">
     <span class='ocr_line' id='line_1_82' title="bbox 1000 1772 1793 1811; baseline -0.008 -7"><span class='ocrx_word' id='word_1_561' title='bbox 1000 1787 1054 1804; x_wconf 90' lang='grc' dir='ltr'>νων</span> <span class='ocrx_word' id='word_1_562' title='bbox 1070 1777 1150 1808; x_wconf 74' lang='grc' dir='ltr'>αὒθις</span> <span class='ocrx_word' id='word_1_563' title='bbox 1165 1775 1317 1811; x_wconf 76' lang='grc' dir='ltr'>ἐπιτροπὴν</span> <span class='ocrx_word' id='word_1_564' title='bbox 1335 1775 1483 1810; x_wconf 75' lang='grc' dir='ltr'>ἀφικέσθαι</span> <span class='ocrx_word' id='word_1_565' title='bbox 1511 1773 1721 1809; x_wconf 82' lang='grc' dir='ltr'>προσετετάχει.</span> <span class='ocrx_word' id='word_1_566' title='bbox 1735 1772 1793 1799; x_wconf 81' lang='grc' dir='ltr'><strong>Καὶ</strong></span> 
     </span>
    </p>
   </div>
   <div class='ocr_carea' id='block_1_83' title="bbox 1001 1819 1794 1857">
    <p class='ocr_par' dir='ltr' id='par_1_83' title="bbox 1001 1819 1794 1857">
     <span class='ocr_line' id='line_1_83' title="bbox 1001 1819 1794 1857; baseline -0.008 -7"><span class='ocrx_word' id='word_1_567' title='bbox 1001 1823 1125 1850; x_wconf 84' lang='grc' dir='ltr'>ἀπελθὼν</span> <span class='ocrx_word' id='word_1_568' title='bbox 1139 1824 1167 1854; x_wconf 75' lang='grc' dir='ltr'><strong>ἐς</strong></span> <span class='ocrx_word' id='word_1_569' title='bbox 1182 1822 1231 1857; x_wconf 88' lang='grc' dir='ltr'>τὴν</span> <span class='ocrx_word' id='word_1_570' title='bbox 1250 1822 1386 1857; x_wconf 84' lang='grc' dir='ltr'>προτέραν</span> <span class='ocrx_word' id='word_1_571' title='bbox 1400 1821 1482 1852; x_wconf 80' lang='grc' dir='ltr'>εὐθὺς</span> <span class='ocrx_word' id='word_1_572' title='bbox 1498 1820 1533 1847; x_wconf 84' lang='grc' dir='ltr'><strong>τὰ</strong></span> <span class='ocrx_word' id='word_1_573' title='bbox 1552 1819 1705 1856; x_wconf 79' lang='grc' dir='ltr'>πράγματα</span> <span class='ocrx_word' id='word_1_574' title='bbox 1723 1819 1794 1853; x_wconf 78' lang='grc' dir='ltr'>ἠγα-</span> 
     </span>
    </p>
   </div>
   <div class='ocr_carea' id='block_1_84' title="bbox 1000 1864 1792 1903">
    <p class='ocr_par' dir='ltr' id='par_1_84' title="bbox 1000 1864 1792 1903">
     <span class='ocr_line' id='line_1_84' title="bbox 1000 1864 1792 1903; baseline -0.009 -7"><span class='ocrx_word' id='word_1_575' title='bbox 1000 1878 1047 1903; x_wconf 90' lang='grc' dir='ltr'><strong>γεν</strong></span> <span class='ocrx_word' id='word_1_576' title='bbox 1059 1865 1137 1900; x_wconf 74' lang='grc' dir='ltr'>οὗτος</span> <span class='ocrx_word' id='word_1_577' title='bbox 1149 1868 1316 1895; x_wconf 84' lang='grc' dir='ltr'>κατάστασιν</span> <span class='ocrx_word' id='word_1_578' title='bbox 1331 1867 1379 1894; x_wconf 80' lang='grc' dir='ltr'>καὶ</span> <span class='ocrx_word' id='word_1_579' title='bbox 1405 1867 1469 1897; x_wconf 81' lang='grc' dir='ltr'>τοὺς</span> <span class='ocrx_word' id='word_1_580' title='bbox 1501 1864 1604 1901; x_wconf 81' lang='grc' dir='ltr'>μεταξὺ</span> <span class='ocrx_word' id='word_1_581' title='bbox 1626 1866 1792 1898; x_wconf 74' lang='grc' dir='ltr'>γενομένους</span> 
     </span>
    </p>
   </div>
   <div class='ocr_carea' id='block_1_85' title="bbox 1000 1911 1791 1949">
    <p class='ocr_par' dir='ltr' id='par_1_85' title="bbox 1000 1911 1791 1949">
     <span class='ocr_line' id='line_1_85' title="bbox 1000 1911 1791 1949; baseline -0.006 -7"><span class='ocrx_word' id='word_1_582' title='bbox 1000 1916 1105 1942; x_wconf 83' lang='grc' dir='ltr'>διέλυσε</span> <span class='ocrx_word' id='word_1_583' title='bbox 1121 1915 1272 1946; x_wconf 78' lang='grc' dir='ltr'>κλύδωνας,</span> <span class='ocrx_word' id='word_1_584' title='bbox 1292 1914 1369 1949; x_wconf 77' lang='grc' dir='ltr'>μόλις</span> <span class='ocrx_word' id='word_1_585' title='bbox 1398 1913 1458 1949; x_wconf 79' lang='grc' dir='ltr'>μὲν,</span> <span class='ocrx_word' id='word_1_586' title='bbox 1486 1913 1532 1939; x_wconf 78' lang='grc' dir='ltr'>καὶ</span> <span class='ocrx_word' id='word_1_587' title='bbox 1551 1911 1598 1944; x_wconf 78' lang='grc' dir='ltr'><strong>ξὺν</strong></span> <span class='ocrx_word' id='word_1_588' title='bbox 1622 1911 1707 1945; x_wconf 83' lang='grc' dir='ltr'>πολλῇ</span> <span class='ocrx_word' id='word_1_589' title='bbox 1738 1919 1791 1936; x_wconf 86' lang='grc' dir='ltr'>πε-</span> 
     </span>
    </p>
   </div>
   <div class='ocr_carea' id='block_1_86' title="bbox 1002 1957 1792 1997">
    <p class='ocr_par' dir='ltr' id='par_1_86' title="bbox 1002 1957 1792 1997">
     <span class='ocr_line' id='line_1_86' title="bbox 1002 1957 1792 1997; baseline -0.008 -9"><span class='ocrx_word' id='word_1_590' title='bbox 1002 1961 1098 1997; x_wconf 74' lang='grc' dir='ltr'>ρινοίᾳ,</span> <span class='ocrx_word' id='word_1_591' title='bbox 1114 1961 1158 1987; x_wconf 77' lang='grc' dir='ltr'>διὰ</span> <span class='ocrx_word' id='word_1_592' title='bbox 1173 1961 1223 1995; x_wconf 78' lang='grc' dir='ltr'>τὴν</span> <span class='ocrx_word' id='word_1_593' title='bbox 1237 1960 1339 1995; x_wconf 79' lang='grc' dir='ltr'>μεταξὺ</span> <span class='ocrx_word' id='word_1_594' title='bbox 1356 1959 1505 1993; x_wconf 83' lang='grc' dir='ltr'>γενομένην</span> <span class='ocrx_word' id='word_1_595' title='bbox 1536 1957 1712 1991; x_wconf 82' lang='grc' dir='ltr'>καινοτομίαν</span> <span class='ocrx_word' id='word_1_596' title='bbox 1737 1957 1792 1983; x_wconf 88' lang='grc' dir='ltr'><strong>Μι-</strong></span> 
     </span>
    </p>
   </div>
   <div class='ocr_carea' id='block_1_87' title="bbox 1000 2004 1794 2044">
    <p class='ocr_par' dir='ltr' id='par_1_87' title="bbox 1000 2004 1794 2044">
     <span class='ocr_line' id='line_1_87' title="bbox 1000 2004 1794 2044; baseline -0.006 -10"><span class='ocrx_word' id='word_1_597' title='bbox 1000 2008 1117 2044; x_wconf 84' lang='grc' dir='ltr'>τυλήνης</span> <span class='ocrx_word' id='word_1_598' title='bbox 1133 2008 1182 2034; x_wconf 77' lang='grc' dir='ltr'>καὶ</span> <span class='ocrx_word' id='word_1_599' title='bbox 1196 2007 1249 2034; x_wconf 86' lang='grc' dir='ltr'><strong>τῶν</strong></span> <span class='ocrx_word' id='word_1_600' title='bbox 1264 2008 1292 2033; x_wconf 80' lang='grc' dir='ltr'><strong>ἐν</strong></span> <span class='ocrx_word' id='word_1_601' title='bbox 1303 2005 1400 2041; x_wconf 79' lang='grc' dir='ltr'>Λέσϐῳ</span> <span class='ocrx_word' id='word_1_602' title='bbox 1415 2006 1598 2040; x_wconf 81' lang='grc' dir='ltr'>πραγμάτων·</span> <span class='ocrx_word' id='word_1_603' title='bbox 1631 2004 1794 2038; x_wconf 78' lang='grc' dir='ltr'>ἐπανήγαγε</span> 
     </span>
    </p>
   </div>
   <div class='ocr_carea' id='block_1_88' title="bbox 999 2049 1794 2088">
    <p class='ocr_par' dir='ltr' id='par_1_88' title="bbox 999 2049 1794 2088">
     <span class='ocr_line' id='line_1_88' title="bbox 999 2049 1794 2088; baseline -0.008 -7"><span class='ocrx_word' id='word_1_604' title='bbox 999 2053 1022 2082; x_wconf 77' lang='grc' dir='ltr'>δ’</span> <span class='ocrx_word' id='word_1_605' title='bbox 1037 2053 1093 2081; x_wconf 79' lang='grc' dir='ltr'>οὖν.</span> <span class='ocrx_word' id='word_1_606' title='bbox 1112 2054 1182 2085; x_wconf 80' lang='grc' dir='ltr'>Τοὺς</span> <span class='ocrx_word' id='word_1_607' title='bbox 1196 2052 1250 2088; x_wconf 85' lang='grc' dir='ltr'><strong>γὰρ</strong></span> <span class='ocrx_word' id='word_1_608' title='bbox 1278 2053 1309 2079; x_wconf 86' lang='grc' dir='ltr'><strong>ἐν</strong></span> <span class='ocrx_word' id='word_1_609' title='bbox 1325 2052 1468 2088; x_wconf 85' lang='grc' dir='ltr'>Μιτυλήνῃ</span> <span class='ocrx_word' id='word_1_610' title='bbox 1492 2053 1525 2087; x_wconf 85' lang='grc' dir='ltr'>τῇ</span> <span class='ocrx_word' id='word_1_611' title='bbox 1550 2051 1626 2077; x_wconf 75' lang='grc' dir='ltr'>πόλει</span> <span class='ocrx_word' id='word_1_612' title='bbox 1658 2049 1794 2084; x_wconf 74' lang='grc' dir='ltr'>μισθοφὸ-</span> 
     </span>
    </p>
   </div>
   <div class='ocr_carea' id='block_1_89' title="bbox 1000 2096 1794 2136">
    <p class='ocr_par' dir='ltr' id='par_1_89' title="bbox 1000 2096 1794 2136">
     <span class='ocr_line' id='line_1_89' title="bbox 1000 2096 1794 2136; baseline -0.009 -8"><span class='ocrx_word' id='word_1_613' title='bbox 1000 2110 1065 2136; x_wconf 86' lang='grc' dir='ltr'>ρους</span> <span class='ocrx_word' id='word_1_614' title='bbox 1096 2100 1292 2130; x_wconf 68' lang='grc' dir='ltr'>πεντακοσίους</span> <span class='ocrx_word' id='word_1_615' title='bbox 1331 2099 1379 2125; x_wconf 75' lang='grc' dir='ltr'>καὶ</span> <span class='ocrx_word' id='word_1_616' title='bbox 1426 2098 1550 2132; x_wconf 75' lang='grc' dir='ltr'>φύλακας</span> <span class='ocrx_word' id='word_1_617' title='bbox 1583 2097 1638 2123; x_wconf 83' lang='grc' dir='ltr'>τῶν</span> <span class='ocrx_word' id='word_1_618' title='bbox 1668 2096 1794 2122; x_wconf 82' lang='grc' dir='ltr'>Λατίνων</span> 
     </span>
    </p>
   </div>
   <div class='ocr_carea' id='block_1_90' title="bbox 999 2142 1790 2181">
    <p class='ocr_par' dir='ltr' id='par_1_90' title="bbox 999 2142 1790 2181">
     <span class='ocr_line' id='line_1_90' title="bbox 999 2142 1790 2181; baseline -0.005 -8"><span class='ocrx_word' id='word_1_619' title='bbox 999 2147 1087 2181; x_wconf 74' lang='grc' dir='ltr'>λάθρα</span> <span class='ocrx_word' id='word_1_620' title='bbox 1112 2145 1208 2172; x_wconf 73' lang='grc' dir='ltr'>σύνδυο</span> <span class='ocrx_word' id='word_1_621' title='bbox 1237 2147 1284 2172; x_wconf 83' lang='grc' dir='ltr'>καὶ</span> <span class='ocrx_word' id='word_1_622' title='bbox 1315 2145 1440 2178; x_wconf 80' lang='grc' dir='ltr'>σύντρεις</span> <span class='ocrx_word' id='word_1_623' title='bbox 1467 2143 1715 2178; x_wconf 75' lang='grc' dir='ltr'>μεταπεμπόμενος</span> <span class='ocrx_word' id='word_1_624' title='bbox 1744 2142 1790 2169; x_wconf 69' lang='grc' dir='ltr'><strong>καὶ</strong></span> 
     </span>
    </p>
   </div>
   <div class='ocr_carea' id='block_1_91' title="bbox 1002 2189 1792 2229">
    <p class='ocr_par' dir='ltr' id='par_1_91' title="bbox 1002 2189 1792 2229">
     <span class='ocr_line' id='line_1_91' title="bbox 1002 2189 1792 2229; baseline -0.009 -9"><span class='ocrx_word' id='word_1_625' title='bbox 1002 2194 1161 2229; x_wconf 81' lang='grc' dir='ltr'>βριθούσαις</span> <span class='ocrx_word' id='word_1_626' title='bbox 1188 2192 1287 2225; x_wconf 81' lang='grc' dir='ltr'>δεξιαῖς</span> <span class='ocrx_word' id='word_1_627' title='bbox 1317 2193 1345 2223; x_wconf 85' lang='grc' dir='ltr'><strong>ἐς</strong></span> <span class='ocrx_word' id='word_1_628' title='bbox 1367 2192 1417 2223; x_wconf 83' lang='grc' dir='ltr'><strong>τὰς</strong></span> <span class='ocrx_word' id='word_1_629' title='bbox 1446 2190 1580 2224; x_wconf 85' lang='grc' dir='ltr'>πατρίδας</span> <span class='ocrx_word' id='word_1_630' title='bbox 1617 2189 1792 2223; x_wconf 86' lang='grc' dir='ltr'>προπέμπων</span> 
     </span>
    </p>
   </div>
   <div class='ocr_carea' id='block_1_92' title="bbox 159 2233 949 2272">
    <p class='ocr_par' dir='ltr' id='par_1_92' title="bbox 159 2233 949 2270">
     <span class='ocr_line' id='line_1_92' title="bbox 159 2233 949 2270; baseline 0.006 -10"><span class='ocrx_word' id='word_1_631' title='bbox 159 2233 206 2260; x_wconf 86' lang='lat' dir='ltr'><strong>ille</strong></span> <span class='ocrx_word' id='word_1_632' title='bbox 222 2241 275 2260; x_wconf 88' lang='lat' dir='ltr'><strong>non</strong></span> <span class='ocrx_word' id='word_1_633' title='bbox 305 2233 384 2260; x_wconf 87' lang='lat' dir='ltr'><strong>modo</strong></span> <span class='ocrx_word' id='word_1_634' title='bbox 410 2239 469 2260; x_wconf 90' lang='lat' dir='ltr'><strong>erat</strong></span> <span class='ocrx_word' id='word_1_635' title='bbox 483 2239 595 2269; x_wconf 84' lang='lat' dir='ltr'><strong>propter</strong></span> <span class='ocrx_word' id='word_1_636' title='bbox 622 2235 848 2270; x_wconf 77' lang='lat' dir='ltr'><strong>longinquitatem</strong></span> <span class='ocrx_word' id='word_1_637' title='bbox 862 2238 949 2265; x_wconf 58' lang='lat' dir='ltr'><strong>aetatis</strong></span> 
     </span>
    </p>
   </div>
   <div class='ocr_carea' id='block_1_93' title="bbox 1001 2233 1793 2272">
    <p class='ocr_par' dir='ltr' id='par_1_93' title="bbox 1002 2233 1793 2272">
     <span class='ocr_line' id='line_1_93' title="bbox 1002 2233 1793 2272; baseline -0.009 -7"><span class='ocrx_word' id='word_1_638' title='bbox 1002 2239 1097 2265; x_wconf 76' lang='grc' dir='ltr'>ἔλαθεν</span> <span class='ocrx_word' id='word_1_639' title='bbox 1112 2238 1182 2265; x_wconf 77' lang='grc' dir='ltr'>οὓτω</span> <span class='ocrx_word' id='word_1_640' title='bbox 1198 2238 1339 2272; x_wconf 79' lang='grc' dir='ltr'>φρονίμως</span> <span class='ocrx_word' id='word_1_641' title='bbox 1351 2237 1473 2267; x_wconf 83' lang='grc' dir='ltr'>κενώσας</span> <span class='ocrx_word' id='word_1_642' title='bbox 1500 2235 1550 2270; x_wconf 79' lang='grc' dir='ltr'>τὴν</span> <span class='ocrx_word' id='word_1_643' title='bbox 1567 2234 1644 2260; x_wconf 80' lang='grc' dir='ltr'>πόλιν</span> <span class='ocrx_word' id='word_1_644' title='bbox 1655 2233 1704 2260; x_wconf 74' lang='grc' dir='ltr'>καὶ</span> <span class='ocrx_word' id='word_1_645' title='bbox 1724 2233 1793 2259; x_wconf 81' lang='grc' dir='ltr'><strong>Ῥω-</strong></span> 
     </span>
    </p>
   </div>
   <div class='ocr_carea' id='block_1_94' title="bbox 160 2279 947 2310">
    <p class='ocr_par' dir='ltr' id='par_1_94' title="bbox 160 2279 947 2310">
     <span class='ocr_line' id='line_1_94' title="bbox 160 2279 947 2310; baseline 0.006 -6"><span class='ocrx_word' id='word_1_646' title='bbox 160 2279 249 2305; x_wconf 88' lang='lat' dir='ltr'><strong>multo</strong></span> <span class='ocrx_word' id='word_1_647' title='bbox 267 2286 357 2305; x_wconf 89' lang='lat' dir='ltr'><strong>terum</strong></span> <span class='ocrx_word' id='word_1_648' title='bbox 374 2281 575 2310; x_wconf 74' lang='lat' dir='ltr'><strong>u‘su&#39;ornatus;</strong></span> <span class='ocrx_word' id='word_1_649' title='bbox 596 2280 644 2307; x_wconf 85' lang='lat' dir='ltr'><strong>sed</strong></span> <span class='ocrx_word' id='word_1_650' title='bbox 672 2281 775 2308; x_wconf 88' lang='lat' dir='ltr'><strong>multus</strong></span> <span class='ocrx_word' id='word_1_651' title='bbox 789 2282 840 2309; x_wconf 89' lang='lat' dir='ltr'><strong>iste</strong></span> <span class='ocrx_word' id='word_1_652' title='bbox 857 2291 947 2309; x_wconf 81' lang='lat' dir='ltr'><strong>rerum</strong></span> 
     </span>
    </p>
   </div>
   <div class='ocr_carea' id='block_1_95' title="bbox 161 2326 947 2365">
    <p class='ocr_par' dir='ltr' id='par_1_95' title="bbox 161 2326 947 2365">
     <span class='ocr_line' id='line_1_95' title="bbox 161 2326 947 2365; baseline 0.004 -14"><span class='ocrx_word' id='word_1_653' title='bbox 161 2333 228 2351; x_wconf 55' lang='lat' dir='ltr'><strong>usus</strong></span> <span class='ocrx_word' id='word_1_654' title='bbox 257 2333 354 2359; x_wconf 79' lang='lat' dir='ltr'><strong>magno</strong></span> <span class='ocrx_word' id='word_1_655' title='bbox 377 2326 459 2352; x_wconf 86' lang='lat' dir='ltr'><strong>etiam</strong></span> <span class='ocrx_word' id='word_1_656' title='bbox 477 2330 505 2352; x_wconf 85' lang='lat' dir='ltr'><strong>ct</strong></span> <span class='ocrx_word' id='word_1_657' title='bbox 523 2326 622 2353; x_wconf 78' lang='lat' dir='ltr'><strong>illustri</strong></span> <span class='ocrx_word' id='word_1_658' title='bbox 648 2327 843 2362; x_wconf 42' lang='lat' dir='ltr'><strong>ingeniolapud</strong></span> <span class='ocrx_word' id='word_1_659' title='bbox 859 2328 947 2365; x_wconf 80' lang='lat' dir='ltr'><strong>ipsum</strong></span> 
     </span>
    </p>
   </div>
   <div class='ocr_carea' id='block_1_96' title="bbox 159 2370 948 2406">
    <p class='ocr_par' dir='ltr' id='par_1_96' title="bbox 159 2370 948 2406">
     <span class='ocr_line' id='line_1_96' title="bbox 159 2370 948 2406; baseline 0.006 -10"><span class='ocrx_word' id='word_1_660' title='bbox 159 2370 311 2397; x_wconf 81' lang='lat' dir='ltr'><strong>nitebatur.</strong></span> <span class='ocrx_word' id='word_1_661' title='bbox 338 2371 415 2398; x_wconf 83' lang='lat' dir='ltr'><strong>Uade</strong></span> <span class='ocrx_word' id='word_1_662' title='bbox 444 2371 582 2406; x_wconf 86' lang='lat' dir='ltr'><strong>duplicem</strong></span> <span class='ocrx_word' id='word_1_663' title='bbox 610 2372 722 2399; x_wconf 83' lang='lat' dir='ltr'><strong>virtutis</strong></span> <span class='ocrx_word' id='word_1_664' title='bbox 739 2373 858 2400; x_wconf 79' lang='lat' dir='ltr'><strong>fructum</strong></span> <span class='ocrx_word' id='word_1_665' title='bbox 877 2375 948 2405; x_wconf 83' lang='lat' dir='ltr'><strong>tulit,</strong></span> 
     </span>
    </p>
   </div>
   <div class='ocr_carea' id='block_1_97' title="bbox 159 2417 949 2455">
    <p class='ocr_par' dir='ltr' id='par_1_97' title="bbox 159 2417 949 2455">
     <span class='ocr_line' id='line_1_97' title="bbox 159 2417 949 2455; baseline 0.006 -13"><span class='ocrx_word' id='word_1_666' title='bbox 159 2417 258 2451; x_wconf 70' lang='lat' dir='ltr'><strong>“partim</strong></span> <span class='ocrx_word' id='word_1_667' title='bbox 274 2425 287 2443; x_wconf 80' lang='lat' dir='ltr'><strong>tt</strong></span> <span class='ocrx_word' id='word_1_668' title='bbox 308 2421 407 2444; x_wconf 84' lang='lat' dir='ltr'><strong>natura</strong></span> <span class='ocrx_word' id='word_1_669' title='bbox 423 2418 536 2445; x_wconf 87' lang='lat' dir='ltr'><strong>insitum</strong></span> <span class='ocrx_word' id='word_1_670' title='bbox 551 2425 579 2445; x_wconf 89' lang='lat' dir='ltr'><strong>et</strong></span> <span class='ocrx_word' id='word_1_671' title='bbox 605 2424 702 2454; x_wconf 88' lang='lat' dir='ltr'><strong>sponte</strong></span> <span class='ocrx_word' id='word_1_672' title='bbox 715 2425 838 2452; x_wconf 87' lang='lat' dir='ltr'><strong>enatum,</strong></span> <span class='ocrx_word' id='word_1_673' title='bbox 852 2421 949 2455; x_wconf 86' lang='lat' dir='ltr'><strong>partim</strong></span> 
     </span>
    </p>
   </div>
   <div class='ocr_carea' id='block_1_98' title="bbox 161 2462 951 2498">
    <p class='ocr_par' dir='ltr' id='par_1_98' title="bbox 161 2462 951 2498">
     <span class='ocr_line' id='line_1_98' title="bbox 161 2462 951 2498; baseline 0.006 -9"><span class='ocrx_word' id='word_1_674' title='bbox 161 2463 234 2497; x_wconf 82' lang='lat' dir='ltr'><strong>longi</strong></span> <span class='ocrx_word' id='word_1_675' title='bbox 274 2464 405 2498; x_wconf 83' lang='lat' dir='ltr'><strong>temporis</strong></span> <span class='ocrx_word' id='word_1_676' title='bbox 438 2465 548 2492; x_wconf 87' lang='lat' dir='ltr'><strong>casibus</strong></span> <span class='ocrx_word' id='word_1_677' title='bbox 575 2462 602 2492; x_wconf 83' lang='lat' dir='ltr'><strong>et</strong></span> <span class='ocrx_word' id='word_1_678' title='bbox 628 2465 873 2494; x_wconf 76' lang='lat' dir='ltr'><strong>exercitationibus</strong></span> <span class='ocrx_word' id='word_1_679' title='bbox 904 2475 951 2494; x_wconf 80' lang='lat' dir='ltr'><strong>ex-</strong></span> 
     </span>
    </p>
   </div>
   <div class='ocr_carea' id='block_1_99' title="bbox 160 2510 277 2537">
    <p class='ocr_par' dir='ltr' id='par_1_99' title="bbox 160 2510 277 2537">
     <span class='ocr_line' id='line_1_99' title="bbox 160 2510 277 2537; baseline 0 -1"><span class='ocrx_word' id='word_1_680' title='bbox 160 2510 277 2537; x_wconf 88' lang='lat' dir='ltr'><strong>cultum.</strong></span> 
     </span>
    </p>
   </div>
   <div class='ocr_carea' id='block_1_100' title="bbox 1003 2280 1792 2321">
    <p class='ocr_par' dir='ltr' id='par_1_100' title="bbox 1003 2280 1792 2321">
     <span class='ocr_line' id='line_1_100' title="bbox 1003 2280 1792 2321; baseline -0.009 -9"><span class='ocrx_word' id='word_1_681' title='bbox 1003 2286 1094 2321; x_wconf 84' lang='grc' dir='ltr'>μαίοις</span> <span class='ocrx_word' id='word_1_682' title='bbox 1121 2285 1279 2320; x_wconf 79' lang='grc' dir='ltr'>πεποιηκὼς</span> <span class='ocrx_word' id='word_1_683' title='bbox 1303 2285 1474 2319; x_wconf 73' lang='grc' dir='ltr'>ὑποχείριον.</span> <span class='ocrx_word' id='word_1_684' title='bbox 1502 2283 1540 2308; x_wconf 78' lang='grc' dir='ltr'><strong>Οὐ</strong></span> <span class='ocrx_word' id='word_1_685' title='bbox 1570 2281 1651 2316; x_wconf 70' lang='grc' dir='ltr'>μόνον</span> <span class='ocrx_word' id='word_1_686' title='bbox 1678 2281 1733 2314; x_wconf 77' lang='grc' dir='ltr'>γὰρ</span> <span class='ocrx_word' id='word_1_687' title='bbox 1759 2280 1792 2305; x_wconf 80' lang='grc' dir='ltr'>ὲκ</span> 
     </span>
    </p>
   </div>
   <div class='ocr_carea' id='block_1_101' title="bbox 1001 2328 1790 2366">
    <p class='ocr_par' dir='ltr' id='par_1_101' title="bbox 1001 2328 1790 2366">
     <span class='ocr_line' id='line_1_101' title="bbox 1001 2328 1790 2366; baseline -0.001 -8"><span class='ocrx_word' id='word_1_688' title='bbox 1001 2332 1048 2360; x_wconf 78' lang='grc' dir='ltr'>τοῦ</span> <span class='ocrx_word' id='word_1_689' title='bbox 1063 2333 1157 2366; x_wconf 80' lang='grc' dir='ltr'>γήρως</span> <span class='ocrx_word' id='word_1_690' title='bbox 1169 2331 1232 2366; x_wconf 71' lang='grc' dir='ltr'>ἔςχε</span> <span class='ocrx_word' id='word_1_691' title='bbox 1246 2331 1377 2366; x_wconf 71' lang='grc' dir='ltr'>λαμπρὰν</span> <span class='ocrx_word' id='word_1_692' title='bbox 1394 2332 1408 2356; x_wconf 79' lang='grc' dir='ltr'>ὁ</span> <span class='ocrx_word' id='word_1_693' title='bbox 1427 2329 1496 2364; x_wconf 73' lang='grc' dir='ltr'>ἀνὴρ</span> <span class='ocrx_word' id='word_1_694' title='bbox 1523 2328 1573 2363; x_wconf 76' lang='grc' dir='ltr'>τὴν</span> <span class='ocrx_word' id='word_1_695' title='bbox 1595 2328 1790 2362; x_wconf 76' lang='grc' dir='ltr'>πολυπειρίαν.</span> 
     </span>
    </p>
   </div>
   <div class='ocr_carea' id='block_1_102' title="bbox 1001 2372 1792 2410">
    <p class='ocr_par' dir='ltr' id='par_1_102' title="bbox 1001 2372 1792 2410">
     <span class='ocr_line' id='line_1_102' title="bbox 1001 2372 1792 2410; baseline -0.009 -6"><span class='ocrx_word' id='word_1_696' title='bbox 1001 2377 1061 2404; x_wconf 85' lang='grc' dir='ltr'>ἀλλ’</span> <span class='ocrx_word' id='word_1_697' title='bbox 1076 2377 1177 2404; x_wconf 76' lang='grc' dir='ltr'>ὅτικαὶ</span> <span class='ocrx_word' id='word_1_698' title='bbox 1201 2377 1235 2402; x_wconf 75' lang='grc' dir='ltr'><strong>τὰ</strong></span> <span class='ocrx_word' id='word_1_699' title='bbox 1255 2376 1304 2410; x_wconf 83' lang='grc' dir='ltr'>τῆς</span> <span class='ocrx_word' id='word_1_700' title='bbox 1331 2375 1512 2410; x_wconf 63' lang='grc' dir='ltr'>πολυπειρίας</span> <span class='ocrx_word' id='word_1_701' title='bbox 1538 2373 1582 2399; x_wconf 78' lang='grc' dir='ltr'><strong>ἐπ’</strong></span> <span class='ocrx_word' id='word_1_702' title='bbox 1605 2372 1678 2407; x_wconf 71' lang='grc' dir='ltr'><strong>αὑτῷ</strong></span> <span class='ocrx_word' id='word_1_703' title='bbox 1704 2373 1792 2406; x_wconf 79' lang='grc' dir='ltr'>μέγαν</span> 
     </span>
    </p>
   </div>
   <div class='ocr_carea' id='block_1_103' title="bbox 1000 2419 1792 2459">
    <p class='ocr_par' dir='ltr' id='par_1_103' title="bbox 1000 2419 1792 2459">
     <span class='ocr_line' id='line_1_103' title="bbox 1000 2419 1792 2459; baseline -0.008 -9"><span class='ocrx_word' id='word_1_704' title='bbox 1000 2420 1063 2459; x_wconf 66' lang='grc' dir='ltr'>εὗρε</span> <span class='ocrx_word' id='word_1_705' title='bbox 1083 2424 1132 2457; x_wconf 85' lang='grc' dir='ltr'>τὴν</span> <span class='ocrx_word' id='word_1_706' title='bbox 1144 2423 1226 2457; x_wconf 81' lang='grc' dir='ltr'>φύσιν</span> <span class='ocrx_word' id='word_1_707' title='bbox 1240 2423 1372 2456; x_wconf 77' lang='grc' dir='ltr'>συνεργὸν</span> <span class='ocrx_word' id='word_1_708' title='bbox 1389 2422 1436 2447; x_wconf 67' lang='grc' dir='ltr'>καὶ</span> <span class='ocrx_word' id='word_1_709' title='bbox 1450 2420 1586 2455; x_wconf 78' lang='grc' dir='ltr'>θεμέλιον.</span> <span class='ocrx_word' id='word_1_710' title='bbox 1599 2420 1653 2445; x_wconf 64' lang='grc' dir='ltr'><strong>Καὶ</strong></span> <span class='ocrx_word' id='word_1_711' title='bbox 1677 2419 1792 2453; x_wconf 73' lang='grc' dir='ltr'>γέγονεν</span> 
     </span>
    </p>
   </div>
   <div class='ocr_carea' id='block_1_104' title="bbox 1000 2464 1791 2505">
    <p class='ocr_par' dir='ltr' id='par_1_104' title="bbox 1000 2464 1791 2505">
     <span class='ocr_line' id='line_1_104' title="bbox 1000 2464 1791 2505; baseline -0.009 -9"><span class='ocrx_word' id='word_1_712' title='bbox 1000 2470 1073 2505; x_wconf 82' lang='grc' dir='ltr'>αὑτῴ</span> <span class='ocrx_word' id='word_1_713' title='bbox 1087 2469 1195 2500; x_wconf 80' lang='grc' dir='ltr'>διπλοῦς</span> <span class='ocrx_word' id='word_1_714' title='bbox 1210 2470 1224 2495; x_wconf 71' lang='grc' dir='ltr'>ὁ</span> <span class='ocrx_word' id='word_1_715' title='bbox 1236 2469 1284 2503; x_wconf 76' lang='grc' dir='ltr'>τῆς</span> <span class='ocrx_word' id='word_1_716' title='bbox 1299 2467 1402 2503; x_wconf 81' lang='grc' dir='ltr'>ἀρετῆς</span> <span class='ocrx_word' id='word_1_717' title='bbox 1422 2466 1539 2501; x_wconf 78' lang='grc' dir='ltr'>καρπὸς,</span> <span class='ocrx_word' id='word_1_718' title='bbox 1562 2465 1621 2495; x_wconf 79' lang='grc' dir='ltr'><strong>πῶς</strong></span> <span class='ocrx_word' id='word_1_719' title='bbox 1640 2464 1690 2499; x_wconf 80' lang='grc' dir='ltr'>μὲν</span> <span class='ocrx_word' id='word_1_720' title='bbox 1707 2465 1791 2490; x_wconf 88' lang='grc' dir='ltr'>αὺτο-</span> 
     </span>
    </p>
   </div>
   <div class='ocr_carea' id='block_1_105' title="bbox 1002 2510 1794 2550">
    <p class='ocr_par' dir='ltr' id='par_1_105' title="bbox 1002 2510 1794 2550">
     <span class='ocr_line' id='line_1_105' title="bbox 1002 2510 1794 2550; baseline -0.004 -9"><span class='ocrx_word' id='word_1_721' title='bbox 1002 2516 1072 2550; x_wconf 76' lang='grc' dir='ltr'>φυής</span> <span class='ocrx_word' id='word_1_722' title='bbox 1083 2524 1126 2546; x_wconf 88' lang='grc' dir='ltr'><strong>τις</strong></span> <span class='ocrx_word' id='word_1_723' title='bbox 1142 2515 1190 2541; x_wconf 76' lang='grc' dir='ltr'>καὶ</span> <span class='ocrx_word' id='word_1_724' title='bbox 1206 2514 1395 2548; x_wconf 76' lang='grc' dir='ltr'>ἀγεώργητος,</span> <span class='ocrx_word' id='word_1_725' title='bbox 1409 2513 1465 2543; x_wconf 79' lang='grc' dir='ltr'>πῶς</span> <span class='ocrx_word' id='word_1_726' title='bbox 1488 2511 1516 2537; x_wconf 82' lang='grc' dir='ltr'>δὲ</span> <span class='ocrx_word' id='word_1_727' title='bbox 1536 2510 1708 2546; x_wconf 68' lang='grc' dir='ltr'>γεωργηθεὶς</span> <span class='ocrx_word' id='word_1_728' title='bbox 1729 2510 1794 2545; x_wconf 77' lang='grc' dir='ltr'>χρό-</span> 
     </span>
    </p>
   </div>
   <div class='ocr_carea' id='block_1_106' title="bbox 1001 2558 1561 2596">
    <p class='ocr_par' dir='ltr' id='par_1_106' title="bbox 1001 2558 1561 2596">
     <span class='ocr_line' id='line_1_106' title="bbox 1001 2558 1561 2596; baseline -0.005 -8"><span class='ocrx_word' id='word_1_729' title='bbox 1001 2570 1054 2588; x_wconf 86' lang='grc' dir='ltr'><strong>νων</strong></span> <span class='ocrx_word' id='word_1_730' title='bbox 1070 2562 1200 2588; x_wconf 80' lang='grc' dir='ltr'>π).ειόνων</span> <span class='ocrx_word' id='word_1_731' title='bbox 1215 2560 1310 2596; x_wconf 78' lang='grc' dir='ltr'>τύχαις</span> <span class='ocrx_word' id='word_1_732' title='bbox 1325 2560 1373 2586; x_wconf 77' lang='grc' dir='ltr'>καὶ</span> <span class='ocrx_word' id='word_1_733' title='bbox 1384 2558 1561 2594; x_wconf 81' lang='grc' dir='ltr'>γυμνασίαις.</span> 
     </span>
    </p>
   </div>
   <div class='ocr_carea' id='block_1_107' title="bbox 837 2611 1118 2642">
    <p class='ocr_par' dir='ltr' id='par_1_107' title="bbox 837 2611 1118 2642">
     <span class='ocr_line' id='line_1_107' title="bbox 837 2611 1118 2642; baseline 0.004 -2"><span class='ocrx_word' id='word_1_734' title='bbox 837 2611 1007 2642; x_wconf 78' lang='lat' dir='ltr'><strong>Variorum</strong></span> <span class='ocrx_word' id='word_1_735' title='bbox 1027 2616 1118 2641; x_wconf 71' lang='lat' dir='ltr'><strong>notae.</strong></span> 
     </span>
    </p>
   </div>
   <div class='ocr_carea' id='block_1_108' title="bbox 195 2660 656 2694">
    <p class='ocr_par' dir='ltr' id='par_1_108' title="bbox 195 2660 656 2694">
     <span class='ocr_line' id='line_1_108' title="bbox 195 2660 656 2694; baseline 0.004 -8"><span class='ocrx_word' id='word_1_736' title='bbox 195 2660 244 2694; x_wconf 70' lang='lat'><strong>(‘2‘)</strong></span> <span class='ocrx_word' id='word_1_737' title='bbox 260 2661 320 2688; x_wconf 66' lang='lat' dir='ltr'><strong>Ilaec</strong></span> <span class='ocrx_word' id='word_1_738' title='bbox 338 2669 390 2688; x_wconf 82' lang='lat' dir='ltr'><strong>non</strong></span> <span class='ocrx_word' id='word_1_739' title='bbox 409 2660 559 2687; x_wconf 74' lang='lat' dir='ltr'><strong>conterent.</strong></span> <span class='ocrx_word' id='word_1_740' title='bbox 580 2661 656 2689; x_wconf 86' lang='lat' dir='ltr'><strong>Botv.</strong></span> 
     </span>
    </p>
   </div>
   <div class='ocr_carea' id='block_1_109' title="bbox 196 2696 947 2730">
    <p class='ocr_par' dir='ltr' id='par_1_109' title="bbox 196 2696 947 2730">
     <span class='ocr_line' id='line_1_109' title="bbox 196 2696 947 2730; baseline 0.003 -9"><span class='ocrx_word' id='word_1_741' title='bbox 196 2696 234 2729; x_wconf 80' lang='lat'><strong>(5,-</strong></span> <span class='ocrx_word' id='word_1_742' title='bbox 251 2696 469 2727; x_wconf 69' lang='lat' dir='ltr'><strong>Cantacu&#39;Lt-nus,</strong></span> <span class='ocrx_word' id='word_1_743' title='bbox 484 2697 532 2722; x_wconf 92' lang='lat' dir='ltr'><strong>lib.</strong></span> <span class='ocrx_word' id='word_1_744' title='bbox 543 2704 584 2728; x_wconf 83' lang='grc' dir='ltr'>ιιι,</span> <span class='ocrx_word' id='word_1_745' title='bbox 598 2704 658 2730; x_wconf 89' lang='lat' dir='ltr'><strong>cap.</strong></span> <span class='ocrx_word' id='word_1_746' title='bbox 672 2697 714 2726; x_wconf 84' lang='lat' dir='ltr'><strong>l7.</strong></span> <span class='ocrx_word' id='word_1_747' title='bbox 731 2701 848 2723; x_wconf 80' lang='lat' dir='ltr'><strong>testatur</strong></span> <span class='ocrx_word' id='word_1_748' title='bbox 861 2705 908 2724; x_wconf 78' lang='lat' dir='ltr'><strong>eos</strong></span> <span class='ocrx_word' id='word_1_749' title='bbox 921 2697 947 2724; x_wconf 88' lang='lat' dir='ltr'><strong>in</strong></span> 
     </span>
    </p>
   </div>
   <div class='ocr_carea' id='block_1_110' title="bbox 159 2731 949 2767">
    <p class='ocr_par' dir='ltr' id='par_1_110' title="bbox 159 2731 949 2767">
     <span class='ocr_line' id='line_1_110' title="bbox 159 2731 949 2767; baseline 0 -9"><span class='ocrx_word' id='word_1_750' title='bbox 159 2735 282 2758; x_wconf 73' lang='lat' dir='ltr'><strong>carcere‘</strong></span> <span class='ocrx_word' id='word_1_751' title='bbox 294 2732 377 2758; x_wconf 52' lang='lat' dir='ltr'><strong>litasse</strong></span> <span class='ocrx_word' id='word_1_752' title='bbox 395 2732 438 2756; x_wconf 79' lang='grc' dir='ltr'>ἐπ’</span> <span class='ocrx_word' id='word_1_753' title='bbox 453 2732 542 2757; x_wconf 74' lang='grc' dir='ltr'>ἐτεσιν</span> <span class='ocrx_word' id='word_1_754' title='bbox 554 2731 595 2763; x_wconf 73' lang='grc' dir='ltr'><strong>ἐξ.</strong></span> <span class='ocrx_word' id='word_1_755' title='bbox 612 2732 638 2757; x_wconf 88' lang='lat' dir='ltr'><strong>id</strong></span> <span class='ocrx_word' id='word_1_756' title='bbox 653 2733 674 2758; x_wconf 87' lang='lat' dir='ltr'><strong>si</strong></span> <span class='ocrx_word' id='word_1_757' title='bbox 689 2739 783 2757; x_wconf 73' lang='lat' dir='ltr'><strong>rerum</strong></span> <span class='ocrx_word' id='word_1_758' title='bbox 797 2737 848 2763; x_wconf 85' lang='lat' dir='ltr'><strong>est,</strong></span> <span class='ocrx_word' id='word_1_759' title='bbox 867 2740 949 2767; x_wconf 79' lang='lat' dir='ltr'><strong>opor-</strong></span> 
     </span>
    </p>
   </div>
   <div class='ocr_carea' id='block_1_111' title="bbox 160 2767 946 2798">
    <p class='ocr_par' dir='ltr' id='par_1_111' title="bbox 160 2767 946 2798">
     <span class='ocr_line' id='line_1_111' title="bbox 160 2767 946 2798; baseline 0.001 -6"><span class='ocrx_word' id='word_1_760' title='bbox 160 2771 199 2792; x_wconf 83' lang='lat' dir='ltr'><strong>tet</strong></span> <span class='ocrx_word' id='word_1_761' title='bbox 215 2774 262 2793; x_wconf 87' lang='lat' dir='ltr'><strong>eos</strong></span> <span class='ocrx_word' id='word_1_762' title='bbox 279 2767 306 2793; x_wconf 89' lang='lat' dir='ltr'><strong>in</strong></span> <span class='ocrx_word' id='word_1_763' title='bbox 325 2775 463 2793; x_wconf 72' lang='grc' dir='ltr'>υιιι-ειιτυιιι</span> <span class='ocrx_word' id='word_1_764' title='bbox 482 2767 568 2798; x_wconf 54' lang='lat' dir='ltr'><strong>conici</strong></span> <span class='ocrx_word' id='word_1_765' title='bbox 581 2771 623 2793; x_wconf 83' lang='lat' dir='ltr'><strong>tos</strong></span> <span class='ocrx_word' id='word_1_766' title='bbox 639 2767 723 2793; x_wconf 71' lang='lat' dir='ltr'><strong>fuisse</strong></span> <span class='ocrx_word' id='word_1_767' title='bbox 756 2771 821 2793; x_wconf 90' lang='lat' dir='ltr'><strong>ante</strong></span> <span class='ocrx_word' id='word_1_768' title='bbox 844 2775 946 2793; x_wconf 84' lang='lat' dir='ltr'><strong>annum</strong></span> 
     </span>
    </p>
   </div>
   <div class='ocr_carea' id='block_1_112' title="bbox 160 2801 948 2836">
    <p class='ocr_par' dir='ltr' id='par_1_112' title="bbox 160 2801 948 2836">
     <span class='ocr_line' id='line_1_112' title="bbox 160 2801 948 2836; baseline 0.001 -9"><span class='ocrx_word' id='word_1_769' title='bbox 160 2801 241 2836; x_wconf 46' lang='lat'><strong>4357,</strong></span> <span class='ocrx_word' id='word_1_770' title='bbox 257 2801 392 2835; x_wconf 63' lang='lat' dir='ltr'><strong>siquidem</strong></span> <span class='ocrx_word' id='word_1_771' title='bbox 409 2802 524 2829; x_wconf 88' lang='lat' dir='ltr'><strong>ultimus</strong></span> <span class='ocrx_word' id='word_1_772' title='bbox 537 2803 597 2836; x_wconf 87' lang='lat' dir='ltr'><strong>ejus</strong></span> <span class='ocrx_word' id='word_1_773' title='bbox 610 2802 734 2829; x_wconf 75' lang='lat' dir='ltr'><strong>sexenuii</strong></span> <span class='ocrx_word' id='word_1_774' title='bbox 748 2810 837 2828; x_wconf 84' lang='lat' dir='ltr'><strong>annus</strong></span> <span class='ocrx_word' id='word_1_775' title='bbox 852 2802 948 2828; x_wconf 84' lang='lat' dir='ltr'><strong>incidit</strong></span> 
     </span>
    </p>
   </div>
   <div class='ocr_carea' id='block_1_113' title="bbox 160 2834 947 2867">
    <p class='ocr_par' dir='ltr' id='par_1_113' title="bbox 160 2834 947 2867">
     <span class='ocr_line' id='line_1_113' title="bbox 160 2834 947 2867; baseline 0.003 -6"><span class='ocrx_word' id='word_1_776' title='bbox 160 2834 188 2861; x_wconf 92' lang='lat' dir='ltr'><strong>in</strong></span> <span class='ocrx_word' id='word_1_777' title='bbox 205 2834 304 2861; x_wconf 85' lang='lat' dir='ltr'><strong>anuum</strong></span> <span class='ocrx_word' id='word_1_778' title='bbox 317 2836 382 2862; x_wconf 68' lang='lat' dir='ltr'><strong>(I‘tr.</strong></span> <span class='ocrx_word' id='word_1_779' title='bbox 400 2836 464 2863; x_wconf 69' lang='lat' dir='ltr'><strong>L3H</strong></span> <span class='ocrx_word' id='word_1_780' title='bbox 479 2834 637 2867; x_wconf 67' lang='lat' dir='ltr'><strong>etettulem,</strong></span> <span class='ocrx_word' id='word_1_781' title='bbox 658 2842 687 2863; x_wconf 90' lang='lat' dir='ltr'><strong>ttt</strong></span> <span class='ocrx_word' id='word_1_782' title='bbox 703 2845 736 2863; x_wconf 77' lang='lat' dir='ltr'><strong>ex</strong></span> <span class='ocrx_word' id='word_1_783' title='bbox 752 2837 848 2863; x_wconf 86' lang='lat' dir='ltr'><strong>eodem</strong></span> <span class='ocrx_word' id='word_1_784' title='bbox 875 2837 947 2863; x_wconf 82' lang='lat' dir='ltr'><strong>Catt-</strong></span> 
     </span>
    </p>
   </div>
   <div class='ocr_carea' id='block_1_114' title="bbox 162 2871 947 2900">
    <p class='ocr_par' dir='ltr' id='par_1_114' title="bbox 162 2871 947 2900">
     <span class='ocr_line' id='line_1_114' title="bbox 162 2871 947 2900; baseline 0.003 -3"><span class='ocrx_word' id='word_1_785' title='bbox 162 2873 295 2898; x_wconf 83' lang='lat' dir='ltr'><strong>tacuzeuo</strong></span> <span class='ocrx_word' id='word_1_786' title='bbox 308 2876 428 2898; x_wconf 85' lang='lat' dir='ltr'><strong>constat.</strong></span> <span class='ocrx_word' id='word_1_787' title='bbox 440 2872 474 2899; x_wconf 86' lang='lat' dir='ltr'><strong>At</strong></span> <span class='ocrx_word' id='word_1_788' title='bbox 489 2871 605 2900; x_wconf 83' lang='lat' dir='ltr'><strong>fortasse</strong></span> <span class='ocrx_word' id='word_1_789' title='bbox 619 2873 827 2900; x_wconf 65' lang='lat' dir='ltr'><strong>tiautacuzcnus</strong></span> <span class='ocrx_word' id='word_1_790' title='bbox 847 2872 881 2899; x_wconf 87' lang='lat' dir='ltr'><strong>ad</strong></span> <span class='ocrx_word' id='word_1_791' title='bbox 898 2880 947 2899; x_wconf 74' lang='lat' dir='ltr'><strong>au~</strong></span> 
     </span>
    </p>
   </div>
   <div class='ocr_carea' id='block_1_115' title="bbox 997 2730 1459 2760">
    <p class='ocr_par' dir='ltr' id='par_1_115' title="bbox 997 2730 1459 2760">
     <span class='ocr_line' id='line_1_115' title="bbox 997 2730 1459 2760; baseline -0.009 -1"><span class='ocrx_word' id='word_1_792' title='bbox 997 2737 1159 2760; x_wconf 66' lang='lat' dir='ltr'><strong>lllﬂllSt‘t‘lllll</strong></span> <span class='ocrx_word' id='word_1_793' title='bbox 1186 2732 1220 2758; x_wconf 81' lang='lat' dir='ltr'><strong>ab</strong></span> <span class='ocrx_word' id='word_1_794' title='bbox 1254 2739 1326 2757; x_wconf 84' lang='lat' dir='ltr'><strong>anno</strong></span> <span class='ocrx_word' id='word_1_795' title='bbox 1365 2730 1459 2756; x_wconf 89' lang='lat' dir='ltr'><strong>mttudi</strong></span> 
     </span>
    </p>
   </div>
   <div class='ocr_carea' id='block_1_116' title="bbox 997 2765 1792 2798">
    <p class='ocr_par' dir='ltr' id='par_1_116' title="bbox 997 2765 1792 2798">
     <span class='ocr_line' id='line_1_116' title="bbox 997 2765 1792 2798; baseline -0.004 -4"><span class='ocrx_word' id='word_1_796' title='bbox 997 2775 1098 2794; x_wconf 86' lang='lat' dir='ltr'><strong>annum</strong></span> <span class='ocrx_word' id='word_1_797' title='bbox 1131 2766 1226 2794; x_wconf 88' lang='lat' dir='ltr'><strong>mundi</strong></span> <span class='ocrx_word' id='word_1_798' title='bbox 1255 2766 1323 2792; x_wconf 67' lang='grc'>6850</span> <span class='ocrx_word' id='word_1_799' title='bbox 1351 2766 1502 2798; x_wconf 82' lang='lat' dir='ltr'><strong>ineuntem,</strong></span> <span class='ocrx_word' id='word_1_800' title='bbox 1529 2765 1580 2792; x_wconf 90' lang='lat' dir='ltr'><strong>hoc</strong></span> <span class='ocrx_word' id='word_1_801' title='bbox 1605 2769 1647 2792; x_wconf 84' lang='lat' dir='ltr'><strong>est</strong></span> <span class='ocrx_word' id='word_1_802' title='bbox 1680 2772 1728 2798; x_wconf 87' lang='lat' dir='ltr'><strong>per</strong></span> <span class='ocrx_word' id='word_1_803' title='bbox 1743 2771 1792 2791; x_wconf 76' lang='lat' dir='ltr'><strong>sex</strong></span> 
     </span>
    </p>
   </div>
   <div class='ocr_carea' id='block_1_117' title="bbox 1006 2659 1793 2695">
    <p class='ocr_par' dir='ltr' id='par_1_117' title="bbox 1006 2659 1793 2695">
     <span class='ocr_line' id='line_1_117' title="bbox 1006 2659 1793 2695; baseline -0.005 -6"><span class='ocrx_word' id='word_1_804' title='bbox 1006 2671 1056 2689; x_wconf 88' lang='lat' dir='ltr'><strong>nos</strong></span> <span class='ocrx_word' id='word_1_805' title='bbox 1071 2661 1163 2688; x_wconf 86' lang='lat' dir='ltr'><strong>mundi</strong></span> <span class='ocrx_word' id='word_1_806' title='bbox 1177 2661 1306 2695; x_wconf 79' lang='lat' dir='ltr'><strong>respexit.</strong></span> <span class='ocrx_word' id='word_1_807' title='bbox 1324 2667 1427 2694; x_wconf 87' lang='lat' dir='ltr'><strong>eosque</strong></span> <span class='ocrx_word' id='word_1_808' title='bbox 1444 2659 1588 2687; x_wconf 79' lang='lat' dir='ltr'><strong>inclinatos</strong></span> <span class='ocrx_word' id='word_1_809' title='bbox 1605 2667 1654 2694; x_wconf 89' lang='lat' dir='ltr'><strong>pro</strong></span> <span class='ocrx_word' id='word_1_810' title='bbox 1670 2659 1793 2693; x_wconf 84' lang='lat' dir='ltr'><strong>comple&#39;</strong></span> 
     </span>
    </p>
   </div>
   <div class='ocr_carea' id='block_1_118' title="bbox 1003 2695 1791 2725">
    <p class='ocr_par' dir='ltr' id='par_1_118' title="bbox 1003 2695 1791 2725">
     <span class='ocr_line' id='line_1_118' title="bbox 1003 2695 1791 2725; baseline -0.005 0"><span class='ocrx_word' id='word_1_811' title='bbox 1003 2699 1038 2725; x_wconf 85' lang='lat' dir='ltr'><strong>tis</strong></span> <span class='ocrx_word' id='word_1_812' title='bbox 1053 2698 1147 2724; x_wconf 80' lang='lat' dir='ltr'><strong>haberi</strong></span> <span class='ocrx_word' id='word_1_813' title='bbox 1168 2697 1266 2723; x_wconf 83' lang='lat' dir='ltr'><strong>voluit.</strong></span> <span class='ocrx_word' id='word_1_814' title='bbox 1286 2696 1397 2722; x_wconf 81' lang='lat' dir='ltr'><strong>Scilicet</strong></span> <span class='ocrx_word' id='word_1_815' title='bbox 1413 2695 1511 2721; x_wconf 83' lang='lat' dir='ltr'><strong>Asanis</strong></span> <span class='ocrx_word' id='word_1_816' title='bbox 1534 2695 1614 2722; x_wconf 88' lang='lat' dir='ltr'><strong>liberi</strong></span> <span class='ocrx_word' id='word_1_817' title='bbox 1633 2695 1661 2721; x_wconf 90' lang='lat' dir='ltr'><strong>in</strong></span> <span class='ocrx_word' id='word_1_818' title='bbox 1678 2701 1791 2721; x_wconf 83' lang='lat' dir='ltr'><strong>carcere</strong></span> 
     </span>
    </p>
   </div>
   <div class='ocr_carea' id='block_1_119' title="bbox 1491 2729 1791 2757">
    <p class='ocr_par' dir='ltr' id='par_1_119' title="bbox 1491 2729 1791 2757">
     <span class='ocr_line' id='line_1_119' title="bbox 1491 2729 1791 2757; baseline -0.003 -1"><span class='ocrx_word' id='word_1_819' title='bbox 1491 2730 1560 2757; x_wconf 63' lang='grc'><strong>6845</strong></span> <span class='ocrx_word' id='word_1_820' title='bbox 1591 2730 1687 2757; x_wconf 81' lang='lat' dir='ltr'><strong>iuchoa</strong></span> <span class='ocrx_word' id='word_1_821' title='bbox 1693 2734 1719 2755; x_wconf 83' lang='lat' dir='ltr'><strong>to</strong></span> <span class='ocrx_word' id='word_1_822' title='bbox 1757 2729 1791 2755; x_wconf 85' lang='lat' dir='ltr'><strong>ad</strong></span> 
     </span>
    </p>
   </div>
   <div class='ocr_carea' id='block_1_120' title="bbox 999 2799 1791 2836">
    <p class='ocr_par' dir='ltr' id='par_1_120' title="bbox 999 2799 1791 2836">
     <span class='ocr_line' id='line_1_120' title="bbox 999 2799 1791 2836; baseline 0 -9"><span class='ocrx_word' id='word_1_823' title='bbox 999 2810 1096 2833; x_wconf 79' lang='lat' dir='ltr'><strong>annos,</strong></span> <span class='ocrx_word' id='word_1_824' title='bbox 1123 2809 1240 2836; x_wconf 82' lang='lat' dir='ltr'><strong>quorum</strong></span> <span class='ocrx_word' id='word_1_825' title='bbox 1259 2801 1364 2836; x_wconf 79' lang='lat' dir='ltr'><strong>primus</strong></span> <span class='ocrx_word' id='word_1_826' title='bbox 1384 2804 1421 2836; x_wconf 17' lang='lat' dir='ltr'><strong>ret</strong></span> <span class='ocrx_word' id='word_1_827' title='bbox 1450 2800 1563 2836; x_wconf 68' lang='lat' dir='ltr'><strong>ttllimtts</strong></span> <span class='ocrx_word' id='word_1_828' title='bbox 1592 2808 1644 2826; x_wconf 94' lang='lat' dir='ltr'><strong>non</strong></span> <span class='ocrx_word' id='word_1_829' title='bbox 1676 2799 1791 2835; x_wconf 79' lang='lat' dir='ltr'><strong>integri,</strong></span> 
     </span>
    </p>
   </div>
   <div class='ocr_carea' id='block_1_121' title="bbox 1000 2835 1628 2871">
    <p class='ocr_par' dir='ltr' id='par_1_121' title="bbox 1000 2835 1628 2871">
     <span class='ocr_line' id='line_1_121' title="bbox 1000 2835 1628 2871; baseline -0.003 -7"><span class='ocrx_word' id='word_1_830' title='bbox 1000 2837 1054 2865; x_wconf 89' lang='lat' dir='ltr'><strong>imo</strong></span> <span class='ocrx_word' id='word_1_831' title='bbox 1068 2845 1117 2865; x_wconf 89' lang='lat' dir='ltr'><strong>net:</strong></span> <span class='ocrx_word' id='word_1_832' title='bbox 1130 2835 1236 2864; x_wconf 67' lang='grc' dir='ltr'>ιιίιιιὶιιὶἰ</span> <span class='ocrx_word' id='word_1_833' title='bbox 1250 2835 1360 2871; x_wconf 89' lang='lat' dir='ltr'><strong>quidem</strong></span> <span class='ocrx_word' id='word_1_834' title='bbox 1378 2835 1500 2863; x_wconf 78' lang='lat' dir='ltr'><strong>fuerunt.</strong></span> <span class='ocrx_word' id='word_1_835' title='bbox 1526 2835 1628 2863; x_wconf 59' lang='lat' dir='ltr'><strong>Bonan.</strong></span> 
     </span>
    </p>
   </div>
   <div class='ocr_carea' id='block_1_122' title="bbox 1722 2936 1739 2943">
    <p class='ocr_par' dir='ltr' id='par_1_122' title="bbox 1722 2936 1739 2943">
     <span class='ocr_line' id='line_1_122' title="bbox 1722 2936 1739 2943; baseline 0 0"><span class='ocrx_word' id='word_1_836' title='bbox 1722 2936 1739 2943; x_wconf 64' lang='grc' dir='ltr'><strong><em>ρ</em></strong></span> 
     </span>
    </p>
   </div>
  </div>
