1920 3075
139 157 192 188 ’145

283 155 320 183 ιλ.
340 163 364 183 ο.
388 156 456 184 1528
477 164 510 184 ιω
533 155 611 192 tati]
660 156 880 188 BYZANTINzE
901 156 921 186 ll

975 158 1093 189 [omni
1109 157 1181 188 ΜΒ,
1199 156 1252 186 XI,
1292 152 1358 188 ium.
1380 160 1518 180 uanosic.
1539 153 1609 189 tum]

1712 157 1763 188 7i6

136 217 276 252 ὁρίζοντος
297 217 344 250 ἀφ’
370 217 490 252 ἑσπέρας
516 217 633 252 ἑκάστης
649 207 730 249 εὐθὺς
759 218 827 252 μετὰ
846 216 921 244 δύσιν

976 219 1109 254 cujusque
1128 218 1183 245 diei
1204 224 1315 251 vespere
1333 215 1426 243 statim
1452 220 1512 250 post
1534 215 1599 242 solis
1623 223 1762 243 occasura.

132 263 226 298 ἡλίου.
242 263 350 290 Μᾶλλον
365 263 388 289 δ’
402 264 432 290 οὐ
450 264 573 299 κομήτης
583 262 628 298 ἦν,
641 262 668 290 εί
681 272 721 295 τις
736 264 926 298 ἀκριϐολογεῖν

137 309 237 340 ἐθέλοι,
252 309 319 336 ἀλλὰ
330 310 485 341 πωγωνίας,
501 310 624 345 ῥομφαίᾳ
636 311 689 336 τινὶ
707 310 813 342 ἐοικώς.
823 309 926 336 Ἐδόκει

139 355 189 388 μὲν
204 354 251 381 οὖν
264 355 411 389 ἐσχηκέναι
428 356 478 389 τὴν
499 356 586 391 ἀρχὴν
605 357 636 382 ὲκ
665 355 719 382 τῶν
736 355 782 381 τοῦ
800 355 926 390 Περσέως

138 401 258 436 μάλιστα
269 402 367 434 ποδῶν,
385 401 408 428 οἳ
422 403 454 437 τῇ
472 402 549 437 patst
564 401 611 428 τοῦ
628 402 727 436 ταύρου
746 402 861 438 πλησίον
887 400 926 428 εῖ-

136 456 180 473 ναι
195 447 272 473 δοκοῦ
278 447 378 474 τιν’ὲπὶ
388 447 417 474 δὲ
428 448 462 474 τὰ
478 448 545 483 πρὸς
556 447 593 474 ἔω
604 449 673 483 μέρη
686 447 733 474 τοῦ
745 451 847 482 κόσμου
857 449 928 482 πέμ-

136 501 197 519 πειν
206 492 254 528 τὴν
266 494 407 528 κόμηνέπὶ
417 493 482 520 πολὺ
492 495 716 528 παρατείνουσαν,
729 492 793 521 Εῐτα
809 495 849 530 [Ρ.
861 494 925 530 554]

137 539 243 565 ἐκεῖθεν
268 539 417 575 ἀρξάμενος
441 540 579 566 ἀνέϐαινεν
593 540 658 567 εὐθὺ
670 541 715 567 τοῦ
731 540 862 576 ἀρκτικοῦ
876 542 926 567 πό-

134 585 193 616 λου,
211 584 369 620 κινούμενος
385 586 502 621 ὲκάστης
517 587 623 622 ἡμέρας
637 588 712 621 τρεῖς
729 586 843 620 ἔγγιστα
863 587 923 621 μοί-

137 639 196 666 ρας.
207 632 284 659 Ἐπεὶ
292 632 320 658 δὲ
333 632 488 666 παρήλλαξε
504 633 550 659 ’τὸν
563 633 696 668 ἀρκτικὸν
711 633 790 661 πόλον
804 634 860 660 καὶ
867 633 925 667 μετ’

134 678 239 703 ἐκεῖνον
256 678 307 712 τήν
333 686 362 704 τε
382 678 483 713 μικρὰν
497 678 600 713 ἄρκτον
617 679 726 710 καὶτὰς
750 679 864 713 καμπὰς
876 679 924 706 τοῦ

134 723 294 757 δράκοντος,
314 723 417 758 έψαυσε
439 724 484 751 καὶ
503 724 550 750 τοῦ
573 723 661 757 δεξιοῦ
679 724 757 756 ποδὸς
776 725 824 751 τοῦ
841 725 926 760 Ἡρα-

134 768 230 800 κλέους
249 769 296 794 xci.
312 769 371 803 μετ’
383 769 464 795 αὑτὸν
474 769 522 795 τοῦ
542 769 591 803 τῆς
611 769 754 804 ’Δριάδνης
777 770 923 804 στεφάνου.

140 813 260 840 Ἐκεῖθεν
275 815 402 849 διέδραμε
421 815 471 849 τὴν
489 816 637 850 ἀριστερὰν
652 818 732 851 χεῖρα
746 816 794 842 τοῦ
816 817 923 851 Ὀφιού-
941 804 961 832 Β

133 869 192 895 χου.
214 861 269 887 Καὶ
282 861 375 896 ἐπειδὴ
397 861 498 893 πλάτος
514 862 630 889 ἐνταῦθα
646 862 780 894 ζωδιακοῦ
799 864 845 890 καὶ
861 865 922 897 ίση-

134 905 246 939 μερινὺς
263 905 311 931 καὶ
325 905 407 936 τόπος
423 905 581 941 θερμότητα
604 907 684 941 ἔχων,
700 907 824 942 ἀντέχειν
848 909 862 934 ὁ
877 916 923 935 κο-

134 950 224 985 μήτης
237 950 286 977 οὐκ
301 951 434 987 ἠδυνήθη,
450 952 494 978 διὰ
515 952 546 978 τὸ
562 953 591 985 ἐξ
613 953 699 989 ὑγρᾶς
714 954 923 990 ἀναθυμιάσεως

132 995 181 1030 τὴν
199 995 286 1031 ἀρχὴν
313 998 362 1031 τῆς
380 997 546 1032 συμπήξεως
578 999 730 1033 είληφέναι.
752 1001 797 1027 Διὸ
824 1002 873 1036 τήν
893 1009 922 1027 τε

132 1042 222 1075 κόμην
237 1041 342 1068 διέλυσε
359 1043 406 1068 καὶ
419 1043 500 1074 αὐτὸς
515 1043 650 1078 ἠφανίσθη
663 1044 775 1076 τελέως.
785 1046 923 1072 Φαντασία

132 1089 187 1123 γὰρ
199 1086 233 1123 ἦν
247 1089 374 1124 ἀστέρος,
393 1090 440 1117 καὶ
455 1090 505 1116 οὐκ
524 1091 622 1125 ἀστήρ.
642 1091 793 1126 Προσθήσω
809 1093 865 1124 τοῖς
883 1093 922 1118 εί-

132 1135 263 1169 ρημένοις
275 1135 322 1162 καὶ
333 1135 419 1170 ἀκοῆς
433 1136 507 1169 ἀξιον
523 1137 586 1163 ἄλλο
598 1137 734 1172 διήγημα.

168 1181 206 1208 Β¹.
226 1181 272 1208 Ἐν
300 1181 406 1213 τούτοις
434 1183 490 1214 τοῖς
514 1183 620 1217 χρόνοις
655 1183 705 1217 μία
730 1183 784 1210 τῶν
812 1184 923 1211 Σκυθῶν

131 1227 281 1259 γυναικῶν,
295 1229 328 1254 ἐκ
345 1228 399 1255 τῶν
416 1229 546 1255 ἐπέκεινα
558 1228 603 1255 τοῦ
625 1229 732 1264 Ἴστρου
749 1230 797 1265 τὴν
815 1231 875 1266 οίκη
883 1239 921 1257 τιν

131 1271 320 1305 ποιουμένων,
345 1273 413 1306 μήτε
439 1271 556 1306 σύζυγον
589 1273 657 1308 μήτε
682 1275 781 1306 παῖδας
805 1275 918 1309 ἔχουσα,

133 1316 227 1351 ἐπειδὴ
249 1317 313 1348 τοὺς
329 1317 360 1342 ὲκ
380 1316 491 1352 Θρᾴκης
522 1318 713 1352 ἀπαγομένους
732 1319 922 1354 αἰχμαλώτους

131 1363 184 1396 πρθ
198 1362 252 1388 τῶν
268 1362 371 1396 ταύτης
391 1362 464 1397 ἐώρα
491 1362 582 1396 θυρῶν
610 1364 712 1398 (ἐπόθει
739 1365 761 1391 δ’
777 1367 808 1392 ὲκ
823 1366 922 1393 πολλοῦ

132 1408 329 1442 προσχωρῆσαι
350 1409 498 1444 Ῥωμαίοις
516 1410 562 1436 καὶ
584 1409 615 1436 τὸ
637 1410 707 1438 θεῖον
725 1411 921 1448 δέξασθαικβά-

131 1454 259 1489 πτισμα),
276 1453 355 1481 ὢνιον
369 1455 536 1483 διαναστᾶσα
555 1456 672 1491 σύζυγον
690 1457 787 1485 ἐλαϐεν
801 1458 850 1486 ἕνα
866 1460 922 1487 τῶν

131 1500 314 1535 αἰχμαλώτων
330 1501 513 1536 Χριστιανῶν,
535 1503 626 1539 ὅρκοις
639 1505 720 1531 αὐτὸν
741 1505 923 1540 ἐμπεδώσασα

131 1546 273 1581 πρότερον,
294 1547 331 1581 μὴ
344 1547 431 1574 λιπεῖν
446 1548 495 1583 τὴν
511 1548 614 1583 ταύτης
636 1550 803 1585 συνοίκησιν,
820 1552 884 1588 μηδ’
899 1554 922 1579 ει

130 1593 223 1619 ἄλλοθί
241 1601 291 1618 που
302 1593 351 1628 τὴν
366 1594 495 1629 ἀποικίαν
513 1595 684 1630 ποιήσαιντο.
703 1596 780 1623 Ἐπεὶ
794 1597 815 1623 δ’
831 1598 923 1625 εὐκαι-

132 1639 192 1674 ρίας
209 1640 279 1675 πρὸς
297 1641 439 1675 μετοικίαν
452 1641 622 1677 ζητουμένης
640 1643 764 1675 ἐνιαυτὸς
776 1645 836 1676 ὅλος
848 1645 921 1680 ἐτρί-

130 1687 175 1722 6η,
190 1688 218 1714 ὲν
239 1683 260 1721 ᾧ
273 1687 304 1723 δὴ
325 1688 371 1714 καί
384 1687 467 1714 τέκνα
493 1687 540 1715 δύο
554 1688 585 1715 τὸ
603 1689 651 1723 μὲν
667 1690 841 1725 γεγέννηκεν,
857 1693 887 1717 τὸ
900 1691 922 1718 δ’

130 1734 158 1759 ὲν
173 1733 274 1768 γαστρὶ
291 1733 413 1767 φέρουσα
429 1731 472 1768 ἦν,
491 1733 532 1759 ἔτι
551 1734 662 1761 πλείονα
678 1735 726 1770 τὴν
746 1736 863 1771 στοργήν
874 1738 922 1763 καὶ

130 1779 311 1815 στερροτέραν
335 1780 402 1814 πρὸς
413 1780 457 1806 τὸν
475 1779 592 1814 σύζυγον
614 1779 676 1816 ἔσχε
693 1780 761 1815 (i5).
779 1782 881 1808 Τούτου
897 1783 920 1809 δ’

129 1825 215 1856 οὕτως
241 1825 347 1860 ἔχοντος
362 1826 456 1860 ἔτυχεν
476 1827 504 1857 ις
528 1825 639 1852 τούπιὸν
665 1826 724 1858 ἔτος
749 1827 921 1862 αἰχμάλωτος

129 1871 293 1905 ἀπαγομένη
310 1871 358 1896 καὶ.
374 1872 391 1904 ὴ
407 1871 529 1906 προτέρα
549 1871 596 1897 τοῦ
620 1871 749 1906 ῥηθέντος
764 1872 859 1907 ἁνδρδς
875 1874 921 1899 σύ-

129 1916 222 1950 ζυγος.
242 1916 292 1942 Ἦν
302 1917 404 1948 ἐκεῖνος
423 1918 558 1952 ἐδάκρυσε
577 1917 756 1953 θεασάμενος.
778 1917 812 1945 Ἦ
829 1918 934 1953 μέντοι¹

121 1961 229 1994 ΔΣκυθὶς
250 1962 343 1997 ἐκείνη
357 1962 425 1997 γυνὴ
440 1964 488 1997 τὴν
509 1962 600 1990 αἰτίαν
623 1963 673 1998 τῆς
690 1963 778 1998 λύπης
804 1965 852 1991 καὶ
867 1965 921 1991 τῶν

128 2008 256 2042 δακρύων
278 2007 401 2042 μαθοῦσα
415 2007 471 2035 οὒτ’
486 2009 606 2045 ἠχθέσθη
618 2010 724 2045 τάνδρὶ,
735 2010 795 2036 οὔτε
807 2010 921 2044 ζηλοτύ-

131 2064 188 2086 πως
206 2055 269 2090 ἔσχε
287 2055 352 2090 πρὸς
367 2056 417 2090 τὴν
436 2059 553 2089 γυναῖκα
565 2063 571 2071 ·
588 2056 645 2082 ἀλλ’
659 2055 739 2083 ὢνιον
753 2057 858 2092 εὶλὴφει
875 2058 922 2084 καὶ

127 2102 240 2134 ταύτην,
257 2102 300 2128 ἵνα
328 2102 376 2129 καὶ
399 2103 458 2134 ταῖς
476 2103 582 2138 χρείαις
608 2105 731 2141 ὑπηρετῇ
758 2107 807 2139 τῆς
830 2106 921 2137 οἰκίας

978 264 1045 296 Ιιηο,
1062 269 1090 291 ut
1108 263 1265 291 accuratius
1279 263 1435 297 loquamur,
1450 269 1504 288 non
1527 262 1550 289 is
1565 266 1672 295 cometa
1694 268 1762 293 erat.

978 311 1025 337 sed
1043 310 1190 345 Pognnias,
1209 317 1258 336 seu
1278 308 1420 335 barbatum
1444 309 1530 341 sidus,
1547 308 1662 335 cuidam
1678 308 1762 335 veluti

978 357 1067 389 gladio
1081 357 1179 383 simlle.
1193 355 1288 383 Ortum
1301 360 1393 382 autem
1409 363 1423 381 a
1437 355 1528 382 Persei
1544 355 1660 390 pedibus
1679 356 1764 382 maxi-

979 410 1022 429 me
1046 403 1146 430 ducere
1166 401 1322 433 videbatur,
1346 401 1393 435 qui
1420 408 1435 427 a
1460 401 1536 435 spina
1561 401 1644 427 Tauri
1666 409 1763 434 parum

978 448 1087 475 absunt.
1102 447 1185 476 Coma
1198 455 1262 475 vero
1275 448 1334 482 ejus
1345 454 1441 474 versus
1453 446 1592 474 Orientem
1608 447 1662 474 late
1674 449 1765 474 exten-

978 493 1104 521 debalur.
1131 495 1219 528 Atque
1243 493 1306 520 inde
1328 498 1438 527 sumpto
1455 492 1533 519 initio
1551 497 1623 520 recta
1638 494 1765 528 quotidie

978 547 1076 566 versus
1089 539 1305 574 septentrionem
1318 538 1484 566 ascendebat
1504 538 1593 566 tribus
1605 539 1690 566 ferme
1704 547 1766 574 gra-

978 585 1070 613 dibus.
1087 585 1156 613 Cum
1171 592 1262 612 autem
1278 585 1371 620 pulum
1390 585 1523 612 arcticutn
1538 585 1717 619 prreteriisset
1733 593 1765 612 ac

978 636 1038 665 post
1052 639 1114 658 eum
1131 631 1226 659 Ursam
1244 632 1379 658 minorem
1396 635 1423 657 et
1439 631 1527 665 spiras
1543 630 1685 664 Draconis,
1699 632 1765 658 dex—

979 681 1050 703 trum
1066 677 1147 704 etiam
1164 676 1288 704 Herculis
1304 677 1400 711 pedem
1424 677 1528 711 attigit,
1551 677 1670 712 indeque
1687 685 1766 704 coro-

977 730 1039 749 nam
1055 722 1198 754 Ariadnes,
1217 727 1308 757 postea
1332 722 1472 749 sinistram
1492 722 1629 757 Ophiuchi
1652 730 1764 749 manum

978 768 1116 803 percurrit
1132 777 1138 795 :
1154 773 1180 795 et
1194 768 1257 803 quia
1277 768 1313 795 ibi
1334 769 1406 795 latus
1427 773 1470 796 est
1491 769 1626 796 Zodiacus
1640 774 1666 796 et
1681 770 1766 804 aequi-

977 814 1107 841 noctialis
1124 818 1152 840 et
1169 814 1247 841 locus
1261 814 1377 847 calidus,
1403 815 1503 841 durare
1524 819 1630 842 cometa
1646 823 1699 841 non
1719 824 1765 850 pu-

978 859 1040 892 tuit,
1064 863 1211 893 propterea
1233 859 1307 894 quod
1324 859 1436 886 humida
1453 859 1626 887 exhalatione
1643 861 1764 894 primum

977 904 1173 931 concrevisset.
1189 905 1278 938 Quare
1291 913 1368 932 coma
1384 905 1516 939 dissipata
1531 910 1558 932 et
1575 905 1632 940 ipse
1655 907 1765 940 penitus

977 951 1108 977 evanuit:
1124 952 1226 985 quippe
1242 951 1288 985 qui
1307 951 1393 978 stella:
1416 952 1535 985 speciem
1549 951 1659 990 quidem
1679 952 1764 980 habe-

978 999 1029 1028 ret,
1050 995 1127 1023 stella
1146 1003 1211 1023 vero
1230 1004 1285 1023 non
1306 1001 1389 1024 esset.
1413 996 1460 1024 His
1478 997 1559 1024 aliam
1577 998 1762 1027 narrationem

976 1041 1071 1070 auditu
1087 1043 1196 1077 dignata
1209 1047 1340 1070 attexam.

1012 1184 1044 1211 ll.
1067 1184 1113 1212 His
1133 1187 1304 1220 temporibus
1329 1188 1428 1216 mulier
1450 1190 1574 1224 quzedam
1599 1192 1671 1226 apud
1699 1192 1765 1229 Sey-

977 1231 1047 1264 thas,
1063 1239 1112 1259 eos
1136 1240 1234 1267 nempe
1258 1233 1304 1269 qui
1325 1239 1400 1261 trans
1423 1235 1522 1262 lstrum
1548 1237 1682 1271 habitant,
1701 1247 1763 1267 eum

976 1284 1066 1311 neque
1081 1277 1169 1303 virum
1187 1286 1275 1312 neque
1290 1279 1392 1307 liberos
1409 1280 1489 1316 543
1508 1281 1623 1310 haberet
1638 1289 1666 1311 et
1682 1285 1764 1313 adve-

976 1326 1034 1348 ctos
1052 1329 1067 1348 e
1083 1321 1198 1350 Thracia
1214 1324 1336 1358 captivos
1351 1329 1413 1353 ante
1433 1334 1498 1354 suas
1517 1328 1590 1356 fores
1604 1329 1710 1358 traduci
1726 1333 1765 1359 vi~

976 1366 1054 1393 deret
1076 1367 1168 1402 (longo
1191 1375 1282 1395 autem
1305 1370 1360 1404 jam
1380 1376 1502 1406 tempore
1519 1373 1551 1401 ad
1573 1375 1712 1404 Romanos
1735 1386 1764 1405 se

975 1412 1102 1440 conferre
1116 1418 1143 1440 et
1157 1421 1266 1441 sacrum
1291 1409 1425 1450 baptisma
1449 1418 1589 1453 suscipere
1613 1421 1764 1456 cupiebat),

978 1466 1061 1485 unum
1078 1467 1092 1485 e
1106 1459 1326 1488 Christianorum
1345 1463 1517 1496 captivorum
1540 1465 1618 1492 turba
1632 1466 1762 1494 eductum

976 1504 1091 1532 redemit
1107 1511 1135 1533 et
1157 1507 1299 1542 conjugem
1326 1508 1378 1535 sibi
1399 1509 1510 1543 ascivit,
1532 1511 1660 1539 adactum
1686 1513 1763 1547 prius

973 1552 1163 1586 jurejurando,
1195 1561 1229 1580 ne
1260 1554 1475 1589 contubernium
1501 1563 1582 1583 suum
1611 1557 1762 1591 desereret,

974 1596 1082 1623 etiamsi
1099 1597 1153 1624 alio
1171 1599 1407 1634 commigrassent.
1426 1600 1494 1627 Ilum
1512 1609 1577 1628 vero
1593 1603 1763 1637 migrationis

973 1639 1211 1676 opportunitatem
1236 1650 1375 1679 quaerunt.
1398 1653 1488 1674 annus
1513 1647 1618 1683 integer
1643 1649 1761 1682 teritur:

973 1697 1028 1724 quo
1044 1693 1169 1724 tempore
1186 1689 1267 1717 binos
1281 1690 1394 1723 liberos,
1416 1692 1533 1720 alterunt
1558 1695 1677 1728 peperit,
1695 1696 1763 1723 alte-

974 1743 1033 1761 rum
1050 1735 1076 1762 in
1101 1741 1179 1763 utero
1196 1737 1321 1771 gestavit.
1337 1737 1413 1765 Unde
1430 1738 1516 1773 magis
1531 1740 1614 1767 etiam
1634 1742 1762 1770 maritum

973 1781 1114 1826 diligebat;
1132 1782 1197 1815 Quae
1214 1780 1276 1823 eum
1303 1783 1338 1810 ita
1364 1791 1393 1811 se
1416 1785 1562 1818 haberent,
1579 1787 1667 1814 altero
1690 1796 1762 1815 anno

973 1828 1083 1860 accidit,
1099 1833 1128 1856 ut
1144 1834 1171 1856 et
1189 1829 1264 1863 prior
1283 1830 1353 1865 ejus,
1369 1838 1450 1864 quem
1465 1831 1595 1865 diximus,
1618 1833 1669 1860 viri
1695 1841 1763 1862 umr

972 1876 1079 1911 captiva
1093 1876 1278 1903 abducerem!
1297 1887 1303 1904 :
1322 1886 1376 1912 qua
1398 1879 1421 1906 is
1445 1886 1590 1914 conspecta
1608 1881 1761 1917 illacryma—

972 1923 1021 1949 vit.
1055 1922 1155 1950 Verum
1184 1922 1335 1959 Scythissa,
1363 1926 1493 1953 mceroris
1520 1931 1548 1954 et
1575 1927 1759 1963 laerymarum

971 1974 1052 1996 caiisa
1069 1969 1218 2002 intellecta,
1236 1978 1325 2005 neque
1337 1973 1497 1999 succensuit
1515 1974 1625 2006 marito,
1639 1982 1690 2002 nec
1706 1983 1761 2010 pne

973 2016 1107 2052 zelotypia
1138 2017 1203 2044 odio
1230 2023 1375 2052 persecuta
1404 2023 1447 2046 est
1470 2019 1635 2047 mulierem:
1663 2021 1712 2048 sed
1734 2028 1763 2049 et

973 2061 1058 2095 ipsam
1075 2062 1150 2093 emit,
1172 2065 1202 2089 ut
1225 2067 1252 2088 et
1274 2062 1426 2089 domestica
1441 2063 1593 2091 ministeria
1609 2065 1712 2099 obiret,
1726 2068 1763 2093 si-

972 2107 1084 2142 mulque
1099 2108 1199 2135 marito
1222 2108 1345 2144 dolorem
1370 2115 1519 2143 conspectu
1545 2110 1587 2138 sui
1612 2111 1717 2140 levaret
1735 2113 1761 2141 in

128 2149 176 2174 και
191 2148 250 2183 ἅμα
269 2148 442 2183 παραμύθιον
466 2150 509 2183 εἰη
524 2151 557 2184 τῇ
576 2150 678 2186 θεωρίᾳ
695 2151 806 2186 τάνδρὸς
818 2153 848 2178 ὲκ
865 2153 919 2179 τῶν

975 2153 1097 2187 proximo
1113 2153 1217 2180 futura.
1235 2151 1288 2180 Sed
1305 2161 1367 2181 cum
1386 2155 1624 2189 opportunitatem
1641 2163 1718 2186 nacta
1735 2164 1764 2187 et

128 2194 253 2228 ξγγιστα.
276 2194 353 2221 Ἐπεὶ
376 2195 399 2221 δ’
419 2195 560 2230 εὐκαιρίας
577 2197 725 2232 γενομένης
741 2202 781 2233 τῷ
807 2198 882 2233 θείῳ,
893 2207 921 2224 τε

127 2241 257 2276 ἐτελέσθη
275 2239 445 2276 βαπτίσματι
465 2243 511 2267 καὶ
537 2243 569 2277 τῇ
592 2241 773 2279 βασιλευούσῃ
803 2244 857 2270 τῶν
875 2245 923 2270 πό-

127 2285 198 2312 λεων
215 2286 384 2321 ἐπεδήμησε,
405 2286 548 2321 δραμοῦσα
564 2288 630 2322 πρὸς
645 2289 689 2314 τὸν
712 2290 884 2325 πατριάρχην
905 2292 920 2324 ὴ

127 2332 250 2367 προτέρα
268 2331 384 2366 σύζυγος
404 2332 471 2359 ὲὸὀα
484 2332 531 2359 καὶ
550 2334 775 2369 ὲστερνοτυπείτο
794 2337 842 2363 καὶ
863 2337 922 2364 ἀδι-

127 2378 235 2404 κεῖσθαι
251 2378 355 2412 ἔφασκε
369 2379 445 2413 πινρά
458 2379 505 2414 τῆς
523 2379 664 2412 Σκυθίδος,
688 2381 860 2417 ἀφελομένης
873 2383 919 2409 τὸν

126 2424 211 2458 ἄνδρα
225 2425 322 2458 αὐτῆς.
348 2425 541 2460 [Ιαρελθούσης
568 2426 662 2460 μέντοι
678 2428 806 2462 κάκείνης
825 2430 872 2454 καὶ
885 2429 920 2455 τὰ

125 2469 173 2495 τῑῦ
196 2472 370 2504 πράγματος,
396 2471 433 2502 ὡς
464 2469 548 2506 εἶχεν,
572 2472 695 2507 ἀκριϐῶς
717 2473 918 2510 διεξελθούσης,

127 2523 177 2540 ουκ
192 2514 264 2548 εἶχεν
281 2515 367 2547 οὐδεὶς
381 2517 459 2543 οὐδὲν
472 2518 526 2544 ἀπὸ
539 2517 645 2544 δικαίου
659 2520 806 2554 προφέρειν
820 2521 919 2557 ἐγκλη-

128 2569 166 2596 μα
178 2559 238 2587 κατ’
254 2561 351 2596 αὐτῆς.
368 2563 457 2596 Κυρία
475 2563 528 2598 γὰρ
539 2561 577 2599 ἦν
588 2565 761 2599 ἀμφοτέρων,
780 2566 827 2593 ἅτε
848 2577 917 2603 χρη-

127 2616 222 2639 ματων
235 2608 345 2635 οἰκείων
362 2608 461 2640 ὠνίους
477 2609 507 2642 ἐξ
521 2610 624 2645 ἀγρίων
639 2612 723 2645 φάναι
736 2612 828 2647 θηρῶν
842 2615 917 2650 είλη-

127 2655 206 2687 φυῖι.
225 2653 321 2689 ’Ὅμως
347 2656 511 2682 σιωπώντων
528 2658 658 2685 ἁπάντων
675 2658 723 2684 καὶ
744 2659 827 2694 μηδὲν
843 2661 917 2695 ἑχόν-

125 2708 179 2726 των
194 2700 345 2735 προφέρειν
360 2701 485 2736 ἔγκλημα
500 2703 560 2729 κατ’
573 2703 669 2738 αὐτῆς,
679 2704 768 2739 κρίσιν
782 2705 917 2740 ἐπέθηκεν

643 2747 651 2779 ί

971 2208 1050 2227 sacro
1068 2191 1234 2234 baptismate
1251 2199 1359 2229 initiata
1382 2205 1409 2226 ct
1431 2200 1458 2227 in
1484 2201 1580 2229 urbem
1605 2203 1763 2238 imperatri-

971 2254 1031 2273 cem
1049 2245 1173 2280 profecta
1187 2251 1272 2277 easet,
1289 2246 1364 2279 prior
1386 2239 1454 2275 uxor
1469 2247 1501 2274 ad
1519 2249 1702 2284 patriarcbam
1719 2258 1764 2278 ac—

971 2294 1069 2325 currit,
1091 2287 1245 2319 vociferans
1257 2298 1285 2319 et
1302 2298 1399 2327 pectus
1414 2294 1548 2330 plangens
1565 2296 1674 2331 sibique
1691 2298 1764 2333 inju-

973 2338 1040 2366 riam
1056 2346 1071 2365 a
1083 2333 1229 2373 Scythissa
1243 2336 1303 2365 fieri
1324 2334 1478 2374 quiritans;
1489 2349 1550 2376 qua).
1564 2342 1617 2369 sibi
1633 2343 1761 2371 maritum

973 2384 1119 2419 rapuisset.
1135 2384 1273 2412 Caeterum
1292 2393 1355 2411 cum
1372 2391 1400 2413 et
1417 2387 1463 2414 illa
1479 2388 1639 2422 prodiisset,
1657 2397 1689 2416 ac
1705 2397 1761 2416 rem

972 2437 1093 2462 attinent,
1113 2431 1148 2456 ita
1163 2435 1192 2457 ut
1207 2435 1282 2465 gesta
1295 2436 1364 2463 erat,
1378 2431 1476 2459 ordine
1489 2433 1662 2468 explicasset.
1682 2442 1763 2462 nemo

968 2476 1032 2510 jure
1051 2475 1124 2502 illam
1149 2475 1350 2510 reprehendere
1372 2479 1472 2511 potuit,
1494 2483 1524 2505 ut
1540 2486 1601 2513 quae
1617 2480 1761 2507 amborum

971 2522 1082 2549 domina
1096 2527 1167 2548 esset
1183 2529 1288 2557 suaque
1302 2525 1420 2555 pecunia
1436 2531 1469 2550 ex
1485 2525 1653 2553 immanibus
1671 2527 1713 2560 (ut
1726 2528 1762 2553 ita

972 2569 1072 2602 (licalll)
1091 2568 1187 2596 bestiis
1202 2570 1298 2595 ambos
1325 2570 1497 2597 redemisset.
1518 2571 1621 2599 Tamen
1647 2577 1764 2599 tacenti-

973 2617 1024 2643 bus
1041 2615 1123 2652 544
1137 2616 1281 2647 universis,
1295 2623 1346 2643 nec
1360 2616 1394 2642 de
1412 2617 1465 2643 ulla
1483 2624 1512 2644 re
1526 2625 1586 2644 eam
1607 2620 1763 2646 accusanti-

972 2664 1033 2695 bus,
1057 2655 1164 2690 tandem
1192 2663 1262 2690 hanc
1287 2663 1346 2697 ipsa
1372 2663 1538 2690 sententiam
1564 2664 1637 2692 tulit.
1665 2664 1762 2702 Merito

973 2713 1084 2744 propter
1102 2708 1374 2747 consuetudinemet
1396 2714 1539 2744 susceptos
1553 2718 1585 2737 ex
1607 2717 1641 2738 eo
1657 2710 1762 2738 liberos

802 2778 970 2810 Vaz'iorum
988 2783 1080 2810 noue.

161 2845 218 2879 (l3)
232 2844 505 2888 ﬂlqjore'etﬁrn‘tiore
520 2836 908 2888 a/feffukmaritum-diligebat,
926 2860 993 2887 non,
1028 2861 1044 2880 a
1064 2853 1160 2880 marito
1192 2852 1361 2886 diligebatur,
1381 2857 1410 2881 ut
1439 2852 1673 2888 interpretabatur
1684 2854 1760 2882 Wol-

125 2880 189 2913 ﬁus,
208 2882 254 2915 qui
272 2881 379 2915 legebat
396 2882 464 2917 πρὸς
478 2884 527 2918 τὴν
538 2880 608 2915 εις.
622 2884 728 2920 Borvus.

248 2929 382 2960 PATROL.
401 2930 458 2960 (in.
476 2931 629 2963 CXLVIII

1563 2937 1601 2967 2't

1563 2959 1582 2968 ι-
