1920 3075
189 144 259 176 "m
335 146 375 183 μ.
396 152 424 172 ιι.
446 144 515 172 0856
534 153 567 172 AD
589 145 670 181 68491

811 146 1021 178 NlCEPllOlU
1042 148 1236 181 GREGORE

1387 148 1454 185 [utt>.
1477 157 1618 178 ssvuostc.
1636 151 1705 187 tum]

1776 155 1835 186 772

204 204 267 238 quis
288 203 395 231 illustre
421 208 498 231 tuum
521 206 678 240 coniugium
697 204 823 233 diremit?
845 205 911 243 Quae
933 205 984 233 fera

1043 216 1101 239 κε;,
1116 196 1200 239 ὠςέὲκ
1215 211 1346 243 ναυαγίου
1363 209 1411 249 κα).
1432 209 1566 241 κλύδωνος
1584 204 1644 238 ὅλον
1659 213 1834 247 ζημιωθετσα

206 254 354 283 tempestas
367 257 478 277 vernam
494 255 567 277 tuam
581 251 742 285 temperiem
758 252 899 286 corrupit?
912 252 991 286 Agite

205 303 282 329 vero,
294 297 383 323 omnis
395 295 516 324 Romane
531 296 611 332 564
626 297 736 331 popule,
746 298 872 332 adjuvate
884 299 989 326 luctum

206 349 308 373 meum,
332 342 517 369 communiter
530 343 678 377 ejulemus,
700 351 754 370 non
771 343 846 370 illum
865 343 992 375 deplora-

206 386 270 419 turi,
286 387 332 414 sed
350 391 459 414 nosmet
473 388 555 422 ipsos,
572 388 619 422 qui
635 389 668 415 ab
684 388 731 416 illo
745 389 868 417 destituti
880 397 987 417 sumus.

204 432 255 463 Qui
281 437 427 460 stemmate
457 433 633 468 imperatorio
661 435 728 461 estis
755 435 819 467 orti,
847 435 990 469 deplorate

203 477 407 511 imperatorem,
434 483 465 505 ut
489 483 517 506 et
538 483 682 514 cognatum
704 484 733 507 et
756 479 868 508 familiae
891 486 989 508 vestra

203 528 409 551 ornamentum.
422 524 473 557 Qui
491 525 585 559 palatii
600 525 693 552 limina
711 525 903 560 frequentatis,
914 534 989 561 quaa-

203 569 224 594 ri
231 574 255 595 te
269 569 361 603 palatii
383 570 567 604 splendorem.
582 570 648 604 Vos,
674 570 785 603 milites,
801 571 890 606 lugete
904 572 991 599 soler-

203 619 257 641 tem
285 615 411 643 ducem:
439 624 488 644 vos
526 615 638 649 famuli,
662 617 811 645 humanum
843 618 986 645 dominum

203 658 371 692 deplorate:
399 661 446 695 qui
475 661 597 688 dormire
622 666 651 688 et
674 662 818 697 quiescere
844 663 986 697 solebatis,

202 703 361 738 pervigilem
378 704 577 741 ercubitorem.
596 705 650 733 Vos
664 705 781 739 judices,
799 706 985 733 lamentamini

200 756 275 780 eum,
287 757 301 776 a
317 758 371 784 quo
385 751 474 784 legum
489 751 530 778 vis
545 751 691 786 pendebat.
705 751 758 779 Vos
773 751 900 780 Ecclesiae
916 752 986 780 sacri

200 801 341 827 proceres,
356 794 511 822 desiderate
526 795 690 823 acerrimum
705 801 854 823 amatorem
868 801 895 824 et
908 797 986 832 θαμι-

199 843 286 866 torem
309 840 465 873 degniatum
483 851 490 875 ;
507 843 554 877 qui
580 842 607 869 in
633 842 772 870 montibus
796 847 824 870 et
847 843 988 878 speluncis

201 884 310 918 degitis,
323 887 478 919 pra-sidiam
489 892 517 916 et
526 887 762 922 propugnaculum
775 888 987 916 existimationis

198 935 226 957 et
248 931 340 965 gloria:
367 937 486 965 vestrae;
513 941 572 966 vos,
591 940 730 960 sacrorum
759 934 988 961 monasteriorum

199 981 332 1008 rectores,
345 982 442 1005 vestra:
454 979 584 1013 potentiae
599 986 701 1006 arcem.
716 978 848 1013 Reputate
863 984 986 1007 extrema

198 1022 273 1050 illius
294 1024 445 1051 certamina
470 1033 520 1060 pro
541 1025 620 1052 vobis
641 1029 780 1058 suscepta.
805 1024 932 1058 COgitute
957 1029 987 1053 ut

198 1075 316 1103 corpore
344 1075 400 1097 tum
425 1069 574 1097 lios’lilibus
596 1069 770 1102 vulneribus,
792 1075 848 1097 tum
871 1070 987 1098 medicis

200 1114 357 1142 ustionibus
379 1123 494 1150 prorsus
511 1116 655 1146 exhausto,
673 1120 701 1143 et
723 1115 756 1142 ad
781 1121 897 1143 mortem
920 1123 986 1150 pro—

197 1164 321 1193 perante.
337 1164 365 1186 et
380 1167 481 1194 corpus
495 1167 573 1187 suum
589 1160 796 1195 contempserit,
811 1165 838 1187 et
852 1160 914 1188 vitae
929 1168 986 1189 sua:

197 1211 252 1231 non
272 1204 437 1239 pepercerit,
457 1205 503 1232 sed
522 1205 651 1232 alacriter
668 1205 700 1232 ad
717 1210 874 1240 suggestum
893 1211 920 1233 et
941 1213 986 1233 sa-

197 1258 308 1277 crorum
332 1250 469 1278 antistites
494 1251 618 1278 venerit:
635 1259 686 1278 nec
701 1251 779 1286 prius
797 1251 860 1278 inde
883 1251 987 1280 disces-

196 1296 282 1328 serit,
301 1304 384 1330 quam
413 1304 488 1331 spem
516 1296 642 1329 fecisset,
670 1297 850 1325 insectatores
879 1304 985 1326 vestros

195 1345 379 1376 corruptaque
399 1341 507 1368 illorum
525 1344 659 1376 dogmata,
682 1343 755 1378 quod
778 1343 805 1370 in
828 1351 858 1370 se
873 1343 984 1378 quidem

196 1390 282 1418 esset,
305 1385 478 1419 conterendi,
495 1393 527 1413 ac
549 1394 663 1421 prorsus
686 1387 823 1415 abolendi.
846 1387 985 1416 Recorda-

196 1429 277 1460 mini.
298 1437 359 1464 quae
375 1436 403 1458 et
423 1435 527 1464 quanto
550 1438 612 1459 cum
639 1432 698 1460 Zelo
720 1434 806 1461 sacris
830 1434 884 1461 illis
906 1435 985 1463 labiis

199 1475 281 1501 verba
313 1475 458 1510 protulerit
483 1484 533 1512 pro
551 1477 630 1513 565
654 1478 816 1507 defensione
841 1488 983 1508 sacrarum

1045 253 1091 280 τὸν
1115 254 1296 289 πολυτίμητον
1321 255 1436 290 φόρτονς
1457 256 1505 288 Τίς
1531 257 1625 290 ἀφεῖλέ
1650 266 1697 284 σου
1724 259 1755 285 τὸ
1782 260 1835 294 τῆς

1045 298 1189 335 πορφύρας
1217 300 1386 334 κράτιστον;
1417 300 1464 332 Τίς
1487 309 1533 327 σου
1557 302 1602 327 τὸν
1621 302 1738 336 χρυσοῦν
1762 305 1834 331 ἀπέ-

1047 352 1122 380 κειρε
1150 345 1314 380 βόστρυχον;
1329 345 1377 378 Τίς
1397 347 1442 372 τὸν
1457 346 1502 373 σδν
1524 347 1632 382 ἥρπασε
1659 348 1771 383 λύχνονς
1789 351 1834 381 τίς

1045 390 1090 417 τὸν
1107 391 1151 417 σον
1168 391 1280 418 ἔσϐεσεν
1294 391 1385 427 ἥλιον;
1402 392 1444 423 τίς
1467 401 1509 419 σοι
1527 393 1576 428 τὴν
1590 394 1750 428 καινοτέραν
1764 395 1833 421 ταύ-

1045 443 1095 470 την
1113 431 1228 471 ἡλιακὴν
1250 435 1370 471 ἔκλειψιν
1387 436 1548 470 simias-tat;
1565 437 1607 468 τίς
1630 446 1677 463 σου
1691 437 1742 472 τὴν
1760 437 1834 472 λαμ-

1046 481 1119 516 πρὰν
1132 480 1263 516 συζυγίαν
1283 482 1405 515 διέλυσε;
1420 482 1469 513 Τίς
1484 482 1577 517 ἄγριος
1594 482 1699 518 χειμὼν
1714 482 1765 518 τὴν
1781 481 1834 518 σὴν

1045 527 1156 563 ἐαρινὴν
1180 528 1313 563 ἁρμονίαν
1337 528 1496 563 διέῤῥηξενς
1516 528 1596 555 ’Δλλὰ
1613 529 1765 564 συνάρασθέ
1786 538 1833 564 μοι

1044 573 1092 600 τοῦ
1110 574 1226 605 πένθους
1242 574 1314 606 ἄπας
1326 575 1340 600 ὁ
1352 574 1405 601 τῶν
1426 574 1570 608 Ῥωμαίων
1582 574 1676 609 δῆμος,
1690 575 1738 601 καὶ
1750 575 1834 610 δεῦρο

1045 621 1122 654 κοινῇ
1137 620 1183 646 τδν
1199 620 1296 655 θρῆνον
1309 620 1468 655 ἐγείρωμεν,
1494 619 1632 652 κλαίοντες
1647 621 1696 647 οὐκ
1713 621 1833 652 ἐκεῖνον,

1043 665 1101 693 ἀλλ’
1119 666 1192 700 ἡμᾶς
1215 666 1312 697 αὖτοὺς
1335 666 1363 692 ἐν
1379 666 1482 701 ἐρημίᾳ
1505 666 1695 696 καταστάντας
1710 666 1831 695 ἐκείνου.

1044 710 1078 738 οι
1090 711 1140 743 τὰς
1161 711 1208 738 τοῦ
1224 711 1318 745 γένους
1341 711 1443 746 φλέὸας
1458 712 1584 744 ἐλκοντες
1606 712 1639 739 ἐκ
1653 711 1707 738 τῶν
1723 708 1834 747 βασιλιέ

1044 756 1100 784 κῶν
1117 756 1223 792 πηγῶν,
1237 756 1392 792 δακρύσατε
1407 757 1456 784 καὶ
1469 758 1506 789 ὡς
1523 757 1642 793 συγγενῆ
1655 757 1700 784 τὸν
1715 758 1832 792 βασιλέα

1043 804 1091 830 καὶ
1110 803 1147 835 ὡς
1161 802 1209 829 τοῦ
1224 804 1319 836 γένους
1334 803 1476 838 καύχημα.
1494 804 1525 831 Ol.
1543 803 1592 835 τὰς
1609 802 1761 838 βασιλείους
1775 813 1832 830 πα-

1042 849 1151 881 τοῦντες
1175 849 1272 880 αὐλὰς,
1289 849 1428 885 ζητήσατε
1448 849 1497 885 τὴν
1516 850 1569 876 τῶν
1592 849 1738 884 βασιλείων
1755 850 1829 884 λαμ-

1040 895 1174 930 πρότητα.
1188 896 1221 922 Οἰ
1235 895 1411 929 στρατιῶται,
1426 895 1580 931 πενθήσατε
1591 895 1636 922 τὸν
1649 896 1735 928 δεξιὸν
1749 905 1831 931 στρα-

1038 940 1122 973 τηγόν
1134 947 1140 955 '
1157 939 1200 976 [P.
1216 939 1279 976 διθ]
1300 940 1325 966 οἰ
1341 940 1442 973 δοῦλοι,
1462 940 1599 968 κλαύσατε
1611 941 1657 966 τὸν
1673 940 1830 976 φιλάνθρω-

1037 995 1090 1015 πον
1104 986 1257 1021 δεσπότην
1277 987 1301 1012 οἱ
1318 986 1459 1014 καθεύδειν
1483 987 1531 1013 καὶ
1546 987 1661 1021 ἠρεμεῖν
1687 987 1826 1020 εἰωθότες,

1038 1030 1084 1058 τὸν
1107 1031 1245 1066 ἄγρυπνον
1269 1031 1375 1065 φύλακα
1387 1041 1395 1049 υ
1412 1033 1436 1059 οἰ
1452 1032 1587 1065 δικασταὶ,
1603 1034 1757 1068 θρηνήσατε
1783 1033 1829 1060 τὸν

1038 1077 1155 1112 χορηγὸν
1171 1076 1221 1112 τῆς
1235 1077 1289 1104 τῶν
1311 1077 1400 1113 νόμων
1421 1077 1528 1114 ἰσχύος·
1545 1078 1570 1105 οἰ
1594 1079 1644 1112 τῆς
1665 1075 1828 1113 Ἐκκλησίας

1041 1123 1109 1157 ἱεροὶ
1123 1123 1273 1158 προστάται
1289 1123 1358 1158 (49),
1373 1123 1508 1159 ζητήσατε
1533 1123 1579 1151 τὸν
1599 1124 1730 1160 διάπυρον
1744 1134 1829 1151 σπου-

1037 1168 1139 1204 δαστὴν
1155 1169 1202 1195 καὶ
1219 1168 1391 1204 συλλήπτορα
1406 1169 1460 1196 τῶν
1479 1169 1624 1205 δογμάτων
1635 1178 1643 1186 ·
1660 1170 1685 1197 οἰ
1705 1173 1733 1196 ἐν
1750 1170 1828 1206 ἥρεσι

1037 1214 1085 1241 καὶ
1102 1214 1255 1249 σπηλαίοις,
1278 1212 1324 1241 τὸν
1346 1214 1477 1250 πρόϐολον
1491 1216 1537 1242 καὶ
1562 1215 1752 1251 προασπιστὴν
1777 1216 1827 1251 τῆς

1037 1260 1174 1296 ὑμετέρας
1196 1261 1319 1293 εὐκλείας
1336 1261 1383 1288 καὶ
1409 1262 1489 1296 δόξης
1502 1270 1509 1278 ·
1533 1263 1557 1289 οἱ
1573 1261 1628 1289 τῶν
1644 1262 1723 1289 θείων
1738 1263 1827 1296 ἀσκη-

1036 1305 1140 1341 τηρίων
1152 1306 1332 1341 κοσμήτορες,
1347 1305 1397 1341 τὴν
1410 1306 1459 1340 τῆς
1475 1306 1611 1342 ὑμετέρας
1636 1305 1726 1341 ἰσχύος
1738 1304 1826 1341 ἀκρό-

1036 1351 1125 1379 πολιν.
1139 1352 1292 1386 Λογίσασθε
1316 1352 1377 1383 τοὺς
1392 1351 1462 1387 ὑπὲρ
1476 1351 1553 1387 ὑμῶν
1568 1352 1738 1384 τελευταίους
1749 1352 1826 1386 ἀγῶ-

1037 1407 1084 1430 νας
1110 1396 1205 1430 αὐτοῦ,
1233 1397 1290 1429 πῶς
1324 1397 1509 1433 πεπονηκότος
1541 1396 1591 1432 ἠδη
1621 1397 1748 1431 καθάπαξ
1779 1398 1826 1424 τοῦ

1038 1444 1164 1478 σώματος
1177 1443 1208 1470 ἐκ
1221 1452 1251 1470 τε
1263 1443 1318 1470 τῶν
1333 1443 1489 1478 πολεμικῶν
1504 1443 1668 1478 τραυμάτων
1681 1443 1713 1470 ἐκ
1727 1451 1757 1470 τε
1772 1443 1827 1470 τῶν

1038 1489 1171 1524 ἰατρικῶν
1190 1489 1335 1524 καυτήρων
1346 1488 1394 1515 καὶ
1408 1487 1476 1524 πρὶς
1488 1487 1601 1515 θάνατον
1612 1488 1736 1515 ἐντεῦθεν
1748 1489 1827 1516 ἐλαυ-

195 1521 369 1548 sam-tionum
391 1526 419 1549 et
442 1522 530 1557 ipsius
551 1524 685 1551 veritatis.
711 1525 904 1554 Recordamini
923 1535 984 1562 qua:

1038 1521 1147 1570 νόμενος
1162 1521 1348 1569 κατεφρονησέ
1362 1542 1392 1560 τε
1409 1521 1456 1560 τοῦ
1481 1533 1617 1567 σώματος,
1635 1534 1681 1560 καὶ
1696 1533 1747 1568 τῆς
1762 1534 1826 1560 ἐαυ-

195 1567 312 1598 dixerit,
336 1568 496 1603 priusquam
519 1568 553 1596 ad
582 1574 738 1604 suggestum
761 1572 933 1606 pervenisset
952 1577 981 1601 et

195 1611 228 1637 ad
246 1618 354 1638 sacrum
371 1613 516 1640 concilium
532 1622 539 1641 :
561 1621 622 1648 quae
641 1615 706 1642 item
720 1623 781 1643 eum
803 1617 921 1645 venisset
938 1626 982 1646 re-

134 1655 145 1660 ’
194 1657 298 1689 eitarit,
313 1658 431 1685 maximo
446 1667 508 1686 cum
533 1660 642 1695 ingenio
655 1666 682 1688 et
697 1667 820 1689 veterum
844 1663 982 1698 theologo-

193 1710 254 1729 rum
277 1703 440 1736 imitatione,
459 1712 521 1732 cum
548 1705 641 1734 divino
664 1706 756 1734 alllatu
780 1708 854 1743 pleni
871 1709 981 1745 linguas

193 1749 332 1776 resonanti
348 1750 374 1775 in
396 1749 463 1784 ipsis
477 1754 506 1777 et
521 1751 671 1786 impellenti
696 1753 807 1788 spiritui
824 1762 981 1782 accommo-

192 1794 314 1821 (Iabant:
331 1799 358 1822 et
372 1796 499 1830 quamvis
516 1805 588 1825 mors
605 1798 688 1832 capiti
709 1799 874 1832 immineret,
890 1805 980 1829 tamen

192 1848 247 1866 non
265 1842 389 1874 cesserit,
404 1842 450 1869 sed
466 1842 593 1871 alacriter
606 1844 752 1872 admodum
769 1852 800 1872 ea
815 1854 876 1881 quae
891 1849 983 1882 requi-

192 1886 327 1913 rebantur
349 1889 488 1923 peregerit
506 1897 514 1916 :
533 1889 600 1922 Deo,
625 1890 664 1917 uti
690 1896 905 1920 consentaneum
929 1899 980 1927 est,

193 1939 321 1966 magnum
337 1933 410 1961 hunc
429 1934 564 1963 fervorem
580 1937 673 1964 animo
691 1937 750 1971 ejus
763 1937 873 1972 largito,
892 1943 920 1966 ut
933 1946 979 1966 co-

194 1979 320 2006 ronidem
334 1980 481 2014 quamdam
495 1982 603 2009 caeteris
623 1983 682 2018 ejus
699 1984 837 2022 praeclaris
851 1987 980 2013 certami-

193 2025 275 2052 nibus
289 2030 316 2053 et
333 2027 416 2054 veluti
430 2027 548 2061 sigillum
565 2029 822 2063 prastantissimum
837 2031 995 2066 imprime--

193 2075 245 2101 ret,
268 2071 388 2106 linguam
413 2073 471 2108 ejus
495 2073 652 2108 hujusmodi
674 2075 848 2103 sermonibus
866 2084 981 2112 perpur-

191 2116 297 2150 gando;
317 2123 346 2144 ut
371 2118 471 2146 talibus
491 2119 597 2154 legibus
621 2124 648 2147 et
667 2120 785 2148 decretis
802 2124 981 2158 promulgatis

191 2181 208 2199 ο
227 2174 280 2200 vita
293 2173 456 2202 discederet.
475 2184 485 2200 ι

1034 1579 1081 1607 τοῦ
1095 1580 1167 1615 ζωῆς
1184 1579 1334 1615 ἀφειδήσας
1348 1578 1494 1615 προθύμως
1508 1579 1554 1606 ἐπὶ
1566 1580 1595 1606 τὸ
1609 1579 1685 1614 βῆμα
1697 1580 1744 1607 καὶ
1759 1581 1824 1612 τοὺς

1035 1627 1230 1662 ἰεροφάντορας
1245 1624 1297 1663 ἧκε
1323 1627 1371 1653 καὶ
1395 1626 1425 1653 οὐ
1448 1626 1581 1663 πρότερον
1608 1627 1714 1654 ἐκεῖθεν
1736 1627 1826 1663 ἀπήλ-

1034 1673 1108 1706 λαξε,
1123 1675 1189 1709 πρὶν
1210 1673 1320 1705 ἐλπίδας
1341 1673 1442 1706 δοῦναι,
1458 1673 1496 1705 ὡς
1511 1673 1575 1705 τοὺς
1594 1674 1670 1709 ὑμῶν
1693 1674 1826 1709 ὒὸριστὰς

1034 1719 1082 1746 καὶ.
1099 1719 1133 1746 τὰ
1152 1719 1263 1745 ἐκείνων
1279 1719 1443 1754 διεφθορότα
1456 1719 1589 1754 δόγματα.
1605 1720 1636 1746 τό
1651 1728 1683 1754 γε
1699 1721 1739 1752 εἰς
1755 1721 1826 1747 ἐκεῖ·

1035 1773 1079 1791 νον
1099 1762 1176 1800 ἧκον,
1199 1764 1339 1800 συντρίψει
1353 1773 1383 1792 τε
1401 1765 1447 1792 καὶ
1471 1766 1542 1798 ὅλοις
1555 1766 1635 1792 δώσει
1654 1766 1758 1802 φθορᾶς
1778 1769 1826 1796 καὶ

1035 1810 1172 1843 ἀπωλείας
1198 1810 1289 1846 βυθοῑς
1314 1819 1342 1838 τε
1367 1812 1415 1838 καὶ
1441 1811 1570 1846 κύμασιν.
1603 1812 1822 1848 Ἀναμνήσθητε,

1035 1858 1106 1888 οῐους
1123 1858 1168 1884 καὶ
1181 1857 1243 1884 ὅσου
1258 1857 1304 1883 τοῦ
1321 1856 1403 1891 ζήλου
1420 1859 1534 1893 μεστοὺς
1548 1859 1602 1884 τῶν
1619 1859 1701 1893 ιερῶν
1713 1860 1826 1886 ἐκείνων

1035 1903 1148 1940 χειλέων
1162 1903 1225 1934 τοὺς
1241 1903 1335 1937 λόγους
1354 1905 1523 1938 προήνεγκεν
1545 1904 1615 1938 ὑπέρ
1632 1913 1661 1930 τε
1675 1905 1729 1931 τῶν
1745 1905 1825 1932 Θείων

1036 1949 1144 1984 θεσμῶν
1160 1949 1206 1975 καὶ
1223 1950 1270 1984 τῆς
1295 1949 1424 1984 ἀληθείας
1441 1950 1536 1985 αὐτῆς.
1556 1951 1763 1987 Ἀναμνήσθητε
1787 1949 1824 1979 ὧν

1035 1994 1185 2029 ἐφθέγξατο
1211 1995 1276 2030 πρὶν
1289 1995 1365 2029 ἥκειν
1391 1995 1437 2020 ἐπὶ
1460 1996 1490 2022 τὸ
1516 1995 1591 2030 βῆμα
1608 1997 1656 2023 καὶ
1680 1998 1727 2024 τὸν
1751 1999 1824 2032 ἰερὸν

1037 2041 1164 2075 σύλλογον
1175 2048 1183 2056 ⁸
1201 2038 1238 2067 ὧν
1254 2050 1282 2067 τε
1297 2041 1375 2073 αὖθις
1399 2041 1483 2069 ἐλθὼν
1497 2041 1597 2077 διεξῄει
1616 2043 1686 2070 πάνυ
1709 2052 1751 2070 τοι
1778 2053 1825 2079 με·

1035 2087 1188 2122 γαὶοφυῶς,
1205 2087 1252 2114 καὶ
1267 2087 1360 2122 ὥσπερ
1373 2088 1397 2114 οἱ
1412 2087 1495 2115 πάλαι
1510 2088 1564 2114 τῶν
1580 2088 1724 2122 θεολόγων,
1743 2090 1824 2116 ὁπότε

1035 2132 1108 2164 θείας
1125 2132 1268 2164 ἐπιπνοίας
1287 2132 1487 2168 ἐμφορηθέντες
1507 2133 1556 2168 τὴν
1573 2133 1695 2168 γλῶτταν
1720 2135 1823 2162 ἐδίδουν

1035 2178 1073 2212 τῷ
1088 2177 1228 2212 ἐνηχοῦντι
1254 2178 1301 2204 καὶ
1317 2178 1426 2212 φέροντι
1448 2178 1583 2214 πνεύματι
1596 2189 1604 2195 '
1619 2181 1665 2206 καὶ
1679 2181 1753 2213 ὃπως
1776 2187 1823 2213 τοῦ

193 2219 349 2253 νοσήματος
374 2221 445 2257 ὑπὲρ
472 2221 593 2256 κεφαλῆς
617 2222 781 2258 αἰωροῦντος
804 2224 850 2250 τοῦ
875 2224 933 2259 βίου
961 2228 991 2254 τὸ
1011 2227 1107 2262 πέρας.
1127 2225 1141 2251 ὁ
1162 2224 1190 2250 δὲ
1206 2223 1256 2250 οὐκ
1279 2223 1421 2257 ἐνέδωκεν,
1449 2225 1508 2251 ἀλλ’
1529 2225 1656 2260 ἐπέραινε
1675 2228 1709 2254 τὰ
1727 2228 1825 2262 βελτίω

193 2264 266 2296 μάλα
283 2265 429 2299 προθύμως
441 2273 448 2280 ·
469 2264 544 2300 οἶμαι
562 2266 608 2293 τοῦ
623 2267 690 2293 Θεοῦ
714 2268 836 2303 μεγάλην
853 2270 953 2305 ταύτην
975 2271 1024 2306 τὴν
1039 2271 1114 2303 ζέσιν
1132 2271 1165 2304 τῇ
1182 2268 1277 2295 τούτου
1307 2270 1491 2304 χαρισαμένου
1508 2269 1591 2305 ψυχῇ,
1627 2271 1669 2297 ἵνα
1692 2274 1826 2306 κορωνίὸι

191 2311 250 2335 τ.νὰ
275 2311 331 2340 τοῖς
365 2310 455 2342 ἄλλοις
493 2312 598 2338 ἐκείνου
624 2315 752 2348 χρηστοῖς
776 2315 865 2348 ἀγῶσι
901 2317 948 2342 καὶ
985 2315 1041 2344 οἷον
1071 2316 1267 2351 ἐκσφράγισμα
1291 2315 1436 2349 κράτιστον
1478 2316 1597 2350 ἐπιθείη,
1623 2317 1654 2343 τὸ
1692 2319 1824 2352 τοιούτοις

190 2353 279 2389 λόγοις
293 2356 451 2391 άγνισθῆναι
463 2357 512 2393 τὴν
525 2358 651 2392 γλῶσσαν
670 2360 716 2386 καὶ
734 2361 864 2392 τοιούτοις
877 2351 969 2397 νόμοις
985 2363 1034 2390 καὶ
1050 2363 1167 2397 δόγμασι
1183 2360 1362 2388 συναπελθεῖν
1376 2360 1457 2388 αὐτὸν
1475 2362 1507 2388 ἐκ
1520 2362 1568 2388 τοῦ
1583 2362 1654 2397 βίον.
1673 2373 1682 2389 ι

227 2411 270 2438 ιν.
289 2411 349 2438 Fuit
366 2412 411 2439 hic
426 2412 577 2448 imperator
594 2415 717 2449 jucunda
743 2421 771 2443 et
786 2417 897 2444 amabili
912 2425 977 2452 spe-

1053 2413 1102 2445 ”Δ’.
1118 2416 1174 2444 Ἦν
1190 2426 1221 2452 γε
1250 2417 1304 2453 μὴν
1326 2418 1340 2444 ό
1359 2417 1486 2452 βασιλεὺς
1512 2418 1576 2453 ἡδὺς
1599 2419 1647 2445 καὶ
1672 2420 1778 2454 χαρίεις
1795 2421 1824 2448 τδ

189 2459 243 2489 cie,
258 2458 351 2486 hilaris
364 2463 391 2485 et
412 2467 524 2487 accessu
543 2460 641 2494 facilis,
656 2461 794 2490 humanus
809 2467 835 2490 et
855 2463 980 2490 clemen-

191 2505 322 2532 tissimus.
341 2504 476 2532 thterntn
500 2507 618 2534 neminis
645 2508 731 2535 ullum
758 2509 905 2536 consilium
930 2509 979 2536 ad-

191 2551 329 2584 mittebat,
341 2550 384 2578 sui
399 2552 482 2579 unius
495 2553 637 2580 sententia:
651 2557 680 2581 et
696 2553 819 2581 scientia:
837 2555 980 2582 insistens.

191 2597 286 2632 ltapte
325 2598 456 2634 pleraque
490 2599 701 2633 dissimulabat,
738 2601 854 2628 consilio
884 2601 982 2636 plenus

1030 2463 1100 2496 εἶδος
1118 2463 1187 2498 (50),
1201 2464 1231 2490 τὸ
1248 2461 1313 2498 ἦθος
1329 2464 1420 2499 ἰλαρὺς
1441 2465 1487 2491 καὶ
1504 2465 1676 2500 εὐπρόσιτο,
1691 2467 1740 2501 τὴν
1756 2466 1824 2500 γνώ-

1033 2520 1086 2546 μην
1099 2510 1288 2545 φιλάνθρωπος
1306 2510 1355 2537 καὶ
1373 2511 1443 2537 πάνυ
1458 2519 1500 2537 τοι
1516 2512 1674 2548 συμπαθής.
1699 2513 1824 2548 Συμδου-

1030 2555 1080 2590 λήν
1093 2563 1124 2589 γε
1140 2555 1194 2590 μὴν
1209 2555 1264 2582 τῶν
1278 2555 1386 2582 πάντων
1409 2556 1514 2588 οὐδενὸς
1541 2557 1762 2593 προσδεχόμενος
1777 2559 1823 2586 ού-

1031 2601 1138 2637 δεμίαν,
1154 2602 1223 2638 μόνῃ
1244 2603 1278 2637 τῇ
1299 2602 1397 2630 ἑαυτοῦ
1412 2603 1525 2631 διετέλει
1548 2604 1708 2639 πειθόμενος
1726 2606 1821 2641 γνώμῃ

830 2742 834 2743 7
863 2700 1031 2732 Variorum
1052 2705 1144 2732 noue.

225 2767 281 2801 (69)
295 2767 359 2804 Haec
379 2769 460 2796 verba
477 2777 508 2796 ex
531 2768 659 2804 Gregorae
675 2771 762 2798 naenia
778 2771 858 2798 alrert
873 2771 976 2799 Canta-

190 2809 286 2840 euzcn.
305 2803 355 2829 lib.
381 2811 417 2840 iv,
434 2811 494 2838 cap.
513 2805 558 2837 is,
574 2803 656 2840 atque
673 2813 706 2833 ex
722 2806 755 2834 iis
771 2807 868 2834 malam
894 2808 975 2835 tidem

191 2836 320 2871 Gregortc
339 2839 435 2873 carpit.
453 2836 571 2867 licens.

1065 2773 1121 2812 (50)
1137 2772 1323 2812 Cantacuzen'.
1338 2774 1387 2812 lib.
1405 2783 1436 2808 ll,
1451 2784 1511 2812 cap.
1526 2778 1556 2804 2i
1577 2783 1648 2806 extr.
1665 2779 1699 2807 de
1715 2780 1819 2809 Andro-

1031 2808 1094 2849 nico
1106 2809 1180 2844 jun.,
1193 2809 1260 2849 πξσι
1275 2809 1329 2849 Ῑᾲρ
1345 2811 1395 2849 ορκ
1411 2808 1561 2849 ἐπέραστος
1577 2817 1670 2849 μόνον,
1687 2815 1758 2843 ἀλλὰ
1773 2808 1818 2844 is:

1033 2842 1172 2878 θαύματος
1188 2844 1251 2878 ἀξία
1267 2842 1337 2879 ⁸ἰηαὶς
1352 2842 1396 2880 ἦν.
1415 2842 1531 2875 Duc-asc.
