1920 3075
67 155 122 187 773

203 152 242 190 [Α.
262 160 289 182 c.
313 152 380 181 1528
399 161 432 181 an
453 151 537 189 15M]
591 153 815 185 BYZANTIN/E
837 151 1029 183 [lISTORllE
1046 152 1118 184 LIB.
1139 152 1194 183 Xl-

1246 149 1312 186 [μιν.
1333 155 1475 177 moneam.
1496 147 1568 185 tum]
1657 149 1712 181 774

69 222 115 240 χ-ιι
133 213 245 247 γνώσει.
262 211 308 239 Arb
328 213 375 239 καὶ
389 214 538 247 κρυψινους
559 208 594 247 ἦν
607 211 644 241 ὡς
659 211 693 238 τὰ
717 210 803 238 πολλὰ
819 209 866 236 καὶ

930 210 963 237 lle
983 211 1114 244 quidem;
1133 211 1182 239 sed
1206 218 1222 238 a
1249 210 1395 246 colloquiis
1414 215 1442 238 et
1468 214 1542 238 coetu
1568 209 1712 237 hominum

69 259 183 295 βαθεῖαν
199 259 248 294 μὲν
261 259 306 285 διὰ
329 258 428 294 φρενὸς
444 257 636 294 καρπούμενος
660 257 786 285 αθλακιι⁹
804 257 867 283 ἀνο-

70 306 188 341 μίλητος
199 306 221 332 δ’
232 305 280 332 οὖν
295 305 342 332 καὶ
357 304 446 340 μισῶν
460 304 526 338 περὶ
539 304 635 331 ἑαυτὸν
646 303 749 339 πλῆθος
763 302 868 338 ἀνθρώ-

69 361 128 379 πων
145 352 225 387 ὸρᾷν.

106 397 145 426 E'.
164 398 248 426 Ὅθεν
262 398 310 425 καὶ
332 399 394 426 οὔτε
413 399 566 435 βασιλικαῖς
583 400 724 435 ἐνέχεσθαι
743 398 867 435 φροντίσι

70 444 119 470 καὶ
136 443 276 478 ἀσχολίαις
294 445 428 480 ἠνείχετο,
447 445 509 473 οὗτε
529 446 582 481 μὴν
599 447 628 473 ὲν
645 447 705 478 ταῖς
723 446 868 481 μεγίσταις

69 490 125 516 τῶν
152 489 255 525 ἑορτῶν
279 490 313 517 τὰ
339 491 389 525 τῆς
417 491 558 526 βασιλείας
574 492 661 519 ἐτέλει
686 493 800 527 νόμιμα,
819 491 868 524 τὰς

70 535 220 571 θεατρικὰς
233 544 305 572 φημι
328 538 376 564 καὶ
397 537 555 572 δημοτελεῖς
578 539 703 573 πομπὰς,
725 538 772 565 καὶ
792 537 866 572 φιλο-

71 581 213 617 φροσύνας
237 583 284 609 καὶ
307 583 357 614 τὰς
376 583 583 619 μεγαλοψύχους
599 584 760 619 εὐεργεσίας
776 592 807 610 τε
822 584 869 611 καὶ

70 626 205 662 διανομὰς
235 628 290 654 τῶν
313 637 344 654 τε
379 629 530 664 χρημάτων
559 629 628 664 ὁμοῦ
664 629 711 655 καὶ
744 628 867 663 ἀξιωμά-

72 679 138 698 των.
162 671 206 703 Ὠς
223 671 391 699 κινδυνεύειν
409 673 535 700 ἐντεῦθεν
552 673 637 708 λήθης
654 673 803 700 καταδῦναι
819 673 869 709 βυ-

74 715 131 748 θοῖς
149 716 185 742 τὰ
201 718 252 752 τῆς
276 717 419 753 βασιλικῆς
433 717 561 752 εὐταξίας
585 718 678 754 ἔθιμα,
694 718 737 754 [Ρ.
754 717 820 754 350]
832 714 870 745 ὢν

74 762 124 796 τὴν
140 763 253 798 μνήμην
267 763 339 790 κατὰ
353 763 480 799 διαδοχὴν
491 764 517 791 οἱ
531 763 651 799 βασιλεῖς
665 765 721 796 τοῖς
733 764 870 799 ἐψιγόνοις

75 809 270 844 παρέπεμπον.
288 810 389 837 Πολλοῦ
403 811 457 846 γὰρ
473 811 681 847 παραρῤυέντος
696 811 807 847 χρόνου,
820 812 869 838 καὶ

74 853 128 880 τῶν
146 854 257 881 εἰδότων
273 855 420 889 θανόντων,
438 857 570 892 δυσχερὲς
594 856 627 884 ἂν
642 857 748 890 γένοιτο
767 857 870 892 γνῶναι

74 899 138 930 τοὺς
153 901 282 932 ἐπιόντας
298 901 332 927 τὰ
348 901 443 928 δέοντα
455 909 463 917 ⁶
484 902 542 928 ἀλλ’
556 902 594 933 ὡς
612 901 712 936 ἔοικεν,
728 904 823 938 ὴπρὺς
837 903 871 930 τὰ
887 894 907 922 Β

75 945 166 979 φαῦλα
184 947 285 979 σπουδὴ
303 946 495 983 ῥᾳθυμοτέραν
516 949 588 974 ποιεῖ
613 948 663 983 τὴν
677 949 706 981 ἐς
720 949 754 976 τὰ
774 949 870 976 δέοντα

76 992 247 1027 φιλοτιμίαν.
263 992 382 1028 Ἐτρεφε
408 993 464 1029 γὰρ
487 993 572 1026 κύνας
587 994 644 1029 (51)
660 995 708 1021 καὶ
720 995 802 1030 ὄρνεα
825 1003 873 1021 κυ-

46 1049 54 1056 ι
76 1039 211 1074 νηγετικὰ
228 1039 382 1075 παμπληθῆ
405 1041 452 1066 καὶ
469 1039 598 1068 τοσοῦτον
613 1042 641 1072 ὲς
656 1041 742 1068 ταῦτα
757 1041 870 1076 ἥττητο,

75 1084 147 1112 ὥστε
172 1086 221 1112 καὶ
245 1085 271 1112 εί
285 1093 327 1117 τις
348 1084 423 1120 αὺτῷ
439 1086 564 1121 ἐντυχεῖν
586 1086 724 1118 ἐϐούλετο,
748 1086 871 1122 ὅρνεονῆ

77 1130 147 1159 κύνα
174 1131 295 1167 κομίζων
309 1131 441 1166 ἐτύγχανε
459 1133 546 1168 ῥᾷστα
563 1132 611 1159 τοῦ
637 1133 818 1168 ποθουμένου.
839 1134 872 1160 'A

77 1178 168 1205 πάντα
184 1178 256 1213 μετὰ
275 1178 326 1214 τὴν
347 1178 453 1206 ἐκείνου
467 1179 598 1215 τελευτὴν
617 1181 630 1206 ὸ
645 1179 873 1215 Καντακουξηνὸς

77 1225 134 1256 τοῖς
169 1223 303 1260 χρῄζουσι
332 1225 496 1261 διεμέρισεν,
528 1226 762 1260 ἀναλογισάμενος
786 1226 817 1253 τό
842 1234 873 1253 τε

79 1270 244 1306 παμπληθὲς
260 1271 311 1306 τῆς
335 1271 458 1306 δαπάνης
482 1271 574 1298 καὶτὸ
598 1271 699 1299 τούτων
716 1272 744 1304 ἐς
772 1271 806 1299 τὰ
823 1271 874 1304 τῆς

81 1317 221 1351 βασιλείας
237 1317 390 1353 πράγματα
407 1318 497 1354 πάντῃ
514 1317 563 1353 μὲν
581 1317 723 1352 ἀνόνητον,
744 1318 835 1353 πάντῃ
850 1317 873 1344 δ’

79 1363 243 1399 ἐπισφαλές.
264 1364 349 1391 Πέντε
372 1364 427 1400 γὰρ
454 1365 502 1391 καὶ
519 1363 584 1391 δέκα
611 1364 733 1400 χιλιάδας
750 1364 833 1399 φασὶν
849 1364 873 1391 οί

79 1411 126 1437 τοῦ
144 1410 289 1445 βασιλικοῦ
304 1411 469 1446 πρυτανείου
490 1412 627 1446 διοικηταὶ
647 1411 713 1446 περὶ
726 1411 775 1447 τὴν
798 1411 874 1447 σφῶν

79 1456 206 1492 δαπάνην
226 1457 459 1492 καινοτομεῖσθαι.
737 1480 739 1482 -

115 1505 162 1538 ς’.
179 1504 257 1531 Οὕτω
271 1513 304 1539 γε
326 1504 378 1540 μὴν
393 1504 494 1540 πολλὴν
510 1505 558 1532 καὶ
579 1505 692 1541 βεϐαίαν
717 1505 786 1541 πρὸς
808 1505 875 1533 Θεὸν

80 1552 215 1586 ἐκέκτητο
227 1551 330 1585 πίστιν,
346 1551 416 1578 ὥστε
429 1553 477 1579 καὶ
492 1552 648 1586 ἀφύλακτος
664 1553 742 1589 διῆγε
755 1552 785 1579 τὸ
801 1553 875 1580 πλεῖ-

80 1605 144 1624 στον
160 1598 208 1625 καὶ
230 1598 319 1624 αὐτῶν
335 1598 400 1625 ἄνευ
417 1598 472 1626 τῶν
495 1598 645 1634 βασιλικῶν
668 1599 872 1635 πελεκυφόρων.

81 1644 216 1676 Πολλάκις
245 1644 273 1671 δὲ
295 1645 343 1672 καὶ
368 1645 415 1677 οὓς
437 1645 495 1681 ᾔδει
526 1647 588 1673 κατ’
609 1646 693 1673 αὑτοῦ
709 1645 807 1674 δίκτυα
829 1647 876 1673 καὶ

79 1692 202 1727 ἀγχόνας
221 1692 375 1727 ἁρτύοντας
390 1692 559 1727 ὀμοστέγους
572 1701 603 1719 τε
618 1693 738 1720 ἐποιεῖτο
753 1693 800 1719 καὶ
812 1692 876 1719 τού-

79 1747 136 1770 τοις
155 1738 382 1774 συνδιαιτώμενος
399 1736 443 1774 ἦν.
459 1739 556 1774 Ἔλεγε
581 1740 648 1774 γὰρ,
670 1740 708 1771 ὡς
729 1739 875 1775 ἀνθρώπου

81 1785 139 1819 ζωὴ
159 1786 191 1820 τῇ
214 1786 289 1820 χειρὶ
306 1784 354 1811 τοῦ
376 1784 445 1812 Θεοῦ
462 1786 595 1817 συνοικεῖ,
620 1786 669 1813 καὶ
684 1787 750 1813 ὅταν
770 1783 876 1813 ἐκεῖθεν

81 1829 248 1865 συγχωρηθῇ
265 1829 298 1856 τὰ
317 1830 367 1864 τῆς
382 1829 498 1863 λύσεως,
515 1830 576 1858 τότε
593 1831 639 1857 καὶ
658 1831 725 1857 πᾶσι
741 1831 876 1863 κινδύνοις

80 1877 186 1910 ἀνέῳγε
202 1876 283 1911 θύρα.

115 1922 155 1949 Ζ¹.
168 1922 205 1948 Οὐ
221 1922 301 1957 μόνον
316 1916 358 1956 δὲ,
373 1922 441 1950 ἀλλὰ
463 1924 512 1951 καὶ
526 1923 634 1956 φύσεώς
656 1932 698 1955 τις
725 1923 876 1959 ίδιοτροπία

83 1968 168 2002 συνῆν
188 1977 219 2003 γε
233 1969 320 2004 αὐτῷ,
337 1969 374 2004 μὴ
385 1969 591 2004 ,φιλοτιμεῖσθαι
618 1970 733 2005 μηδαμῆ
750 1970 817 2005 περὶ
831 1971 877 1996 τὸν

82 2013 129 2041 τοῦ
144 2014 288 2050 βασιλικοῦ
316 2015 450 2050 μεγέθους
471 2016 553 2050 ὄγκον
567 2022 573 2029 ·
592 2017 660 2044 ἀλλὰ
683 2017 876 2051 ταπεινότερον

82 2061 131 2088 καὶ
144 2061 236 2088 αὒτῶν
250 2069 281 2096 γε
295 2061 350 2087 τῶν
367 2062 495 2097 ὑπηκόων
508 2062 623 2098 ὁρᾶσθαι
637 2062 779 2094 πολλάκις.
795 2063 878 2090 Τουτὶ

83 2108 105 2133 δ’
125 2107 156 2141 ἐξ
172 2107 232 2139 ἐνὸς
256 2107 312 2135 τῶν
327 2107 434 2135 πολλῶν
456 2108 633 2144 παραστῆσαι
649 2118 692 2142 τις
717 2110 750 2136 ἂν
765 2111 793 2136 ὲν
809 2104 877 2146 βρα-

82 2155 136 2188 χεῖ.
152 2154 238 2188 Δῆλον
253 2154 308 2190 γάρ
331 2155 389 2181 ἐστι
404 2156 460 2187 τοῖς
477 2155 589 2186 ἅπασιν.
605 2155 643 2187 ὡς
660 2147 689 2182 αἱ
714 2155 761 2182 τοῦ
781 2157 878 2183 ἐπιπέ-

82 2201 128 2227 δου
145 2200 203 2236 (52)
220 2202 252 2228 ἐκ
265 2201 413 2236 διαμέτρου
425 2201 577 2237 ἀκρότητες
591 2202 646 2228 τῶν
659 2202 807 2237 βασιλικῶν
819 2211 878 2238 τρι-

919 256 1049 284 alienior.

956 395 988 424 ν.
1010 395 1049 422 Eo
1068 395 1161 428 ﬁebat,
1175 398 1205 422 ut
1229 393 1422 428 imperatorias
1440 401 1522 421 curas
1538 398 1566 420 et
1589 401 1710 428 occupa—

922 441 1011 469 tiones
1028 445 1214 474 aversaretur,
1224 448 1256 468 ac
1269 448 1303 467 ne
1322 440 1349 466 in
1367 439 1493 467 maximis
1508 440 1619 474 quidem
1635 440 1713 468 festi-
1724 456 1730 465 .

920 488 1053 516 vitatibus
1078 488 1210 515 solemnia
1242 487 1351 522 imperii
1372 486 1473 518 obiret,
1499 486 1545 513 illa
1570 486 1714 519 nimirum,

921 541 983 568 quae
997 532 1031 560 ad
1059 533 1215 568 spectacula
1233 536 1261 559 et
1278 531 1404 565 publicas
1426 539 1540 566 pompas
1555 536 1583 558 et
1609 532 1715 559 saluta-

921 578 1013 607 tiones
1027 584 1055 607 et
1072 579 1290 606 munificentiam
1307 578 1513 612 imperatoriam
1527 582 1554 605 et
1578 577 1713 605 distribu-

921 625 1025 653 tionem
1048 618 1230 660 pecuniarum
1255 629 1284 653 et
1311 625 1449 652 honorum
1475 624 1657 659 pertinerent.
1682 624 1716 653 Ut

918 672 974 708 jam
992 672 1144 707 periculum
1166 672 1212 704 sit,
1230 679 1264 699 ne
1288 671 1472 706 imperatoria:
1496 671 1648 710 disciplinae
1671 671 1723 698 in-«

921 719 1028 750 stituta.
1045 726 1164 754 quorum
1187 718 1348 745 memoriam
1372 717 1474 752 singuli
1492 717 1614 744 vicissim
1634 717 1716 753 566

922 766 1105 800 imperatores
1129 765 1164 793 ad
1196 770 1321 800 posteros
1346 763 1549 799 propagabant,
1576 763 1715 791 oblivione

920 818 1034 845 prorsus
1062 810 1224 837 obruantur.
1252 808 1318 836 Nam
1346 810 1413 836 cum
1444 807 1561 835 multum
1584 807 1715 841 temporis

922 855 1119 886 interfluxerit.
1131 860 1158 883 et
1184 856 1230 890 qui
1251 855 1297 882 illa
1318 854 1449 882 tenebant
1466 851 1648 884 decesserint,
1664 859 1715 887 po-

922 902 1004 930 steris
1027 902 1094 937 quid
1116 901 1199 929 ollieii
1221 901 1257 928 sit
1278 902 1349 928 scire
1364 899 1475 928 difﬁcile
1492 900 1556 927 erit.
1578 898 1714 926 Nimirum

923 956 955 976 ea
969 956 1031 983 qum
1056 948 1083 975 in
1105 949 1187 976 rebus
1213 948 1319 975 frivolis
1337 955 1419 982 opera
1441 946 1539 976 Sedulo
1556 947 1716 979 insumitur,

923 994 956 1022 ad
972 1002 1005 1021 ea
1022 1001 1083 1029 quae
1096 993 1178 1021 oliicii
1196 998 1273 1026 sunt,
1292 992 1470 1028 exsequenda
1484 992 1627 1027 segniores
1641 991 1715 1018 facit.

923 1040 1012 1068 Canes
1026 1040 1099 1067 enim
1124 1044 1153 1067 et
1179 1047 1245 1067 aves
1260 1039 1401 1067 vena‘tieas
1423 1045 1523 1072 magno
1548 1038 1639 1065 alebat
1665 1045 1717 1064 nu-

924 1093 1023 1114 mero:
1045 1086 1212 1122 quibus‘ita
1237 1091 1298 1113 erat
1326 1085 1448 1116 deditus,
1464 1089 1496 1112 ut.
1522 1084 1544 1112 si
1568 1084 1630 1118 quis
1652 1091 1716 1111 eum

923 1133 1001 1161 adire
1025 1133 1141 1167 cupiens
1164 1139 1261 1160 canem
1283 1137 1331 1160 aut
1351 1140 1430 1160 avem
1448 1132 1571 1166 offerret,
1586 1132 1717 1160 facillime

925 1187 1038 1214 compos
1054 1179 1107 1206 voti
1126 1179 1300 1206 redderetur.
1316 1179 1381 1212 Qum
1398 1179 1490 1206 omnia
1506 1179 1716 1207 Cantacuzenus

926 1232 988 1263 post
1002 1228 1063 1262 ejus
1078 1226 1184 1254 obitum
1211 1225 1244 1253 iis
1266 1227 1314 1261 qui
1333 1226 1465 1261 petebant
1488 1226 1641 1258 distribuit,
1654 1233 1717 1252 eum

926 1275 1142 1310 magnitudinem
1163 1279 1324 1310 sumptuum
1342 1278 1483 1308 reputaret
1508 1278 1536 1300 et
1555 1281 1612 1300 rem
1629 1272 1717 1308 ipsam

926 1321 1044 1356 imperio
1057 1328 1110 1348 non
1127 1320 1210 1348 modo
1223 1320 1359 1351 inutilem,
1370 1319 1416 1346 sed
1430 1319 1511 1346 etiam
1531 1319 1717 1354 perniciosam

923 1367 1069 1404 judicaret.
1088 1366 1337 1400 Nnm~quindeeim
1360 1373 1539 1393 nummorum
1557 1365 1640 1392 millia
1664 1363 1719 1391 im

927 1415 1056 1450 peratorii
1082 1414 1138 1442 fisci
1165 1418 1359 1448 procuratores
1379 1413 1450 1440 ultra
1475 1416 1597 1439 veterem
1613 1419 1719 1439 morem

927 1462 953 1489 in
971 1469 1018 1488 eas
1033 1469 1078 1488 res
1095 1468 1215 1493 expensa
1232 1460 1400 1487 retulerunt.

962 1506 1007 1534 Vl.
1023 1506 1114 1541 Usque
1130 1505 1199 1533 adeo
1215 1509 1306 1532 autem
1324 1504 1380 1532 Deo
1392 1504 1481 1532 fretus
1497 1508 1558 1532 erat
1574 1508 1602 1532 et
1618 1503 1719 1531 fiducia

889 1568 910 1598 ο
928 1553 1038 1588 plenus,
1049 1557 1085 1580 τοι
1100 1553 1264 1588 plerumque
1279 1552 1339 1580 sine
1354 1551 1482 1579 custodia
1505 1555 1597 1586 ageret
1619 1556 1647 1577 et
1660 1552 1720 1577 sine

927 1599 1112 1634 imperatoriis
1140 1598 1329 1626 satellitibus:
1347 1597 1413 1633 quin
1441 1602 1469 1626 et
1483 1605 1555 1632 saepe
1578 1605 1626 1625 eos
1651 1605 1721 1632 quos

927 1644 996 1672 retia
1011 1649 1040 1671 et
1055 1645 1168 1679 laqueos
1184 1649 1280 1671 contra
1302 1652 1333 1672 se
1351 1645 1491 1672 instruere
1511 1644 1606 1676 sciret,
1621 1648 1722 1671 contu—

927 1689 1054 1722 bernales
1083 1690 1135 1717 sibi
1166 1690 1272 1717 faceret
1301 1695 1383 1725 atque
1414 1690 1497 1717 etiam
1535 1691 1720 1718 convictores.

927 1735 1040 1763 Dicebat
1059 1736 1145 1768 enim.
1164 1736 1248 1763 vitam
1271 1736 1393 1764 hominis
1417 1736 1445 1763 in
1474 1744 1557 1764 manu
1581 1736 1630 1764 Dei
1659 1744 1720 1764 esse

927 1783 1054 1817 positam,
1070 1790 1084 1808 a
1115 1790 1171 1817 quo
1197 1781 1245 1809 ubi
1268 1782 1328 1817 ejus
1354 1782 1508 1810 destructio
1531 1784 1720 1818 permittatur,

928 1832 992 1855 tunc
1006 1827 1134 1855 omnibus
1147 1827 1279 1863 periculis
1296 1831 1391 1863 patere
1407 1828 1493 1856 fores.

966 1919 1022 1948 Vll.
1050 1920 1118 1949 Erat
1144 1926 1277 1956 pneterea
1309 1921 1458 1957 singularis
1481 1923 1608 1958 quaedam
1635 1923 1663 1951 in
1687 1930 1723 1952 eo

914 1972 1036 2000 matura,
1052 1975 1087 1996 ne
1108 1976 1222 2003 usquam
1240 1968 1427 2003 imperatoria:
1441 1969 1593 2004 majestatis
1613 1970 1721 2004 magni<

929 2014 1045 2042 ficentia:
1060 2018 1088 2041 et
1100 2014 1275 2048 amplitudini
1290 2014 1415 2043 studeret
1428 2024 1435 2042 :
1447 2015 1495 2043 sed
1511 2023 1584 2051 saape
1601 2016 1722 2044 subditis

929 2060 1061 2088 humilius
1077 2068 1107 2088 se
1122 2066 1241 2095 θεῖοι-ιιι.
1258 2061 1344 2097 idque
1360 2069 1415 2089 uno
1432 2061 1466 2090 de
1484 2063 1578 2091 multis
1595 2064 1723 2098 exemplo

929 2105 1052 2132 breviter
1081 2105 1215 2133 declarari
1247 2111 1347 2141 potest.
1381 2107 1482 2135 Nolunt
1508 2113 1551 2136 est
1579 2108 1720 2142 omnibus,

929 2151 1010 2187 567
1026 2153 1267 2186 impcr‘atoriorum
1285 2153 1468 2182 tricliniorum
1485 2155 1633 2190 pavimenti
1648 2162 1723 2184 sum-

931 2199 1039 2226 mitates
1054 2198 1148 2226 ambas
1165 2199 1237 2226 inter
1257 2207 1318 2227 sese
1339 2200 1483 2235 oppositas
1500 2202 1626 2229 eminere
1638 2210 1722 2237 supra

84 2247 184 2274 κλίνων
213 2247 370 2282 ἀμφότεραι
405 2248 583 2283 ὑπέρκεινται
613 2257 664 2276 που
697 2249 743 2276 τοῦ
775 2249 874 2285 μεταξὺ

932 2245 1105 2281 interjectum
1123 2246 1211 2273 solum
1235 2254 1322 2282 usque
1340 2247 1374 2274 ad
1395 2248 1477 2283 palmi
1504 2249 1644 2282 trientem,
1660 2250 1723 2278 illac

83 2293 215 2320 ἐπιπέδου
230 2294 295 2330 ἄχρι
308 2295 355 2321 καὶ
370 2296 398 2326 ὲς
413 2296 506 2330 τρίτον
529 2295 680 2331 σπιθαμῆς,
695 2297 743 2324 καὶ
757 2297 875 2331 μάλιστα

83 2339 137 2374 ὅπη
153 2341 201 2365 καὶ
214 2339 227 2365 ὁ
242 2339 381 2374 βασιλικὸς
399 2340 500 2376 ἔστηκε
527 2340 621 2376 θρόνος
631 2349 639 2356 '
657 2341 692 2368 ἵν’
706 2342 774 2373 ἴσως
789 2341 838 2377 ἔχῃ
851 2350 877 2368 τι

84 2385 135 2411 κάν
150 2383 241 2420 τούτῳ
260 2385 342 2412 πλέον
366 2386 422 2412 τῶν
439 2386 528 2414 ἄλλων
545 2385 560 2412 ὁ
586 2385 714 2422 βασιλεὺς
732 2386 877 2422 ἱστάμενος

84 2432 112 2458 ἓν
125 2440 157 2458 τε
172 2433 234 2462 ταῖς
246 2433 332 2467 ἱεραῖς
348 2432 509 2468 ὑμνῳδίαις,
530 2433 577 2460 καὶ
590 2433 635 2459 ὅτε
651 2433 812 2467 διαλέγοιτο,
831 2433 877 2460 νῦν

86 2478 137 2511 μὲν
150 2479 207 2509 τοῖς
224 2478 368 2514 ὑπηκόοις,
382 2478 431 2506 νῦν
456 2479 484 2506 δὲ
497 2480 555 2510 τοῖς
569 2479 600 2512 ἐξ
617 2479 702 2507 ἐθνῶν
718 2479 876 2513 πρέσϐεσιν.

90 2523 208 2556 Ἑξεῖναί
223 2533 254 2559 γε
273 2525 327 2560 μὴν
344 2525 388 2551 ἐπ’
401 2524 509 2559 ἐκείνης
521 2526 570 2558 τῆς
585 2526 706 2557 στάσεως
722 2525 812 2552 οὐδενὶ
823 2525 879 2552 τῶν

83 2570 214 2596 ἁπάντων
228 2570 268 2605 τῷ
288 2571 395 2605 βασιλεῖ
408 2570 597 2602 συνίστασθαι,
609 2570 679 2605 πλὴν
693 2571 744 2606 τῆς
760 2570 878 2605 συζύγου

83 2617 133 2643 καὶ
148 2616 203 2643 τῶν
224 2609 306 2644 υἱέων
327 2618 374 2644 καὶ
400 2616 543 2652 ἀδελφῶν·
566 2617 718 2653 προσθείην
733 2617 755 2643 δ’
777 2617 811 2644 ἂν
832 2617 879 2644 καὶ

82 2662 138 2690 τῶν
158 2662 368 2698 πατραδέλφων.
389 2663 470 2690 Ἀλλὰ
490 2662 588 2690 τούτου
608 2672 641 2698 γε
665 2663 812 2699 ἱσταμένου
830 2665 878 2690 καὶ

81 2708 241 2745 ὁμιλοῦντος
265 2709 371 2736 ἐκεῖθεν
397 2707 438 2742 οἱς
467 2710 551 2745 ἐχρῆν
581 2709 702 2745 ἀνῄεσαν
726 2709 774 2737 καὶ
811 2718 876 2736 συν-

927 2292 1046 2319 maxime
1059 2292 1105 2320 ubi
1120 2293 1331 2327 imperatorium
1349 2295 1451 2322 solium
1465 2300 1508 2323 est
1520 2297 1719 2330 constitutum;

927 2338 1058 2365 nimirum
1078 2344 1108 2366 ut
1124 2343 1151 2366 et
1162 2340 1190 2367 in
1204 2347 1238 2367 eo
1256 2340 1409 2376 imperator
1421 2342 1524 2377 aliquid
1543 2351 1600 2378 prae
1613 2344 1723 2371 caeteris

927 2384 1057 2412 eximium
1085 2386 1194 2422 habeat,
1212 2388 1270 2414 sive
1291 2388 1319 2414 in
1343 2389 1430 2417 sacris
1454 2389 1612 2425 bymnodiis
1634 2395 1721 2422 stans,

928 2430 986 2458 sive
1018 2440 1092 2459 nunc
1121 2432 1251 2467 subditis,
1280 2442 1355 2462 nunc
1385 2440 1545 2463 exterarum
1578 2437 1721 2464 nationum

929 2477 1026 2512 legatis
1042 2479 1213 2513 respondens
1228 2489 1235 2507 :
1250 2488 1302 2508 nec
1316 2481 1345 2508 in
1360 2481 1407 2509 illo
1422 2482 1483 2510 loco
1497 2483 1626 2518 cuiquam
1649 2491 1724 2510 mor-

931 2525 1025 2552 talium
1039 2525 1124 2554 licere
1144 2527 1181 2554 illi
1202 2532 1303 2561 astare,
1318 2533 1502 2564 praeterquam
1523 2529 1613 2562 uxori,
1629 2529 1724 2557 liberis

929 2576 957 2599 et
983 2571 1135 2606 fratribus;
1160 2574 1261 2608 quibus
1284 2579 1311 2602 et
1342 2575 1445 2610 patrui,
1469 2579 1500 2603 ut
1524 2576 1633 2611 opinor,
1659 2576 1724 2603 addi

929 2624 1054 2652 possunt.
1067 2619 1168 2647 Verum
1182 2620 1229 2648 illo
1250 2614 1287 2648 ibi
1312 2626 1401 2649 stante
1416 2626 1444 2649 et
1459 2629 1521 2649 cum
1537 2622 1639 2658 quibus
1653 2630 1724 2657 opus

929 2665 1213 2700 erat‘eolloquente,
1247 2675 1303 2694 non
1334 2667 1417 2703 modo
1445 2668 1536 2696 omnis
1570 2668 1724 2696 nobilita-tis

931 2710 1117 2740 adolescentia
1132 2714 1230 2742 eodem
1253 2714 1423 2743 ascendebat
1443 2719 1471 2743 et
1485 2715 1525 2744 illi
1541 2715 1660 2748 astabat,
1676 2715 1724 2743 sed

757 2779 929 2814 Variorum
950 2787 1045 2815 notes.

123 2858 179 2893 (51)
195 2857 380 2885 Cantacuzen.
397 2858 446 2886 lib.
461 2867 482 2890 ι,
499 2866 561 2892 cap.
576 2858 602 2886 5.
623 2858 744 2888 Ducum.

123 2893 179 2930 (52)
198 2893 266 2920 Vide
299 2894 383 2922 Gloss.
413 2896 481 2924 med.
498 2894 606 2924 ercit.
630 2895 702 2923 inv.
725 2895 874 2931 Πρόκυψις.

928 2903 1018 2923 UCANG.
