1920 3075
159 137 213 168 $03
304 135 342 162 1Α.
362 144 386 162 ιι,
409 135 479 163 684⁸)
502 143 553 163 ικιι.
574 134 602 170 9]

761 138 1185 173 NiCEPllORI‘GRECDRE
1220 146 1243 165 δ

1366 141 1421 176 [IMI'
1455 151 1476 170 ι.
1496 151 1601 171 ρΑιΑςοι,
1619 145 1669 178 .Ll

1743 147 1796 177 ιθι

158 202 186 220 et
209 195 381 228 provincias;
405 203 449 225 ne.
473 201 501 221 ut
518 197 627 229 opinor.
645 202 736 224 vetera
754 198 836 224 simul
859 204 888 226 et
903 208 941 225 rc-

1001 210 1042 226 ναι
1064 201 1207 235 Ῥωμαίων
1225 202 1333 228 {innati
1350 203 1427 230 πάλιν
1450 205 1495 229 καὶ
1521 206 1625 239 χώραν,
1655 209 1699 231 καὶ
1727 209 1798 231 αυτά

158 238 249 265 ccntia
264 240 354 272 gentis
369 239 469 266 delicta
491 241 626 275 impunita
641 248 746 270 essent.
771 243 865 278 quue
882 253 945 279 per-

159 285 273 311 missum
283 291 326 312 est
335 286 397 312 talia
407 294 455 319 per
461 286 691 321 sci-Iusobrepere
700 288 833 316 malorum
845 291 946 318 instru-

158 335 250 357 menta
268 336 296 357 et.
319 338 429 363 causas,
452 331 528 358 nullo
544 332 598 358 alio
613 332 676 367 jure
690 341 772 368 quam
795 336 948 363 ambitione

157 380 187 402 et
199 383 266 403 vana
285 376 381 410 gloria.
400 376 453 403 Sed
479 384 529 412 age
551 377 616 404 illuc
635 377 791 411 redeamus,
807 380 882 407 unde
897 387 947 407 no-

159 425 215 448 stra
232 420 343 448 deﬂexit
357 421 456 449 oratio.

820 498 824 519 ί

194 576 238 604 111.
259 576 339 609 Cum,
355 582 385 605 ut
401 578 466 611 dixi,
480 578 688 608 Cantacuzenus
700 581 875 617 intelligeret.
892 591 947 610 nou

159 623 287 651 desinere
312 624 489 659 Apocaucum
511 625 589 652 dolos
604 630 630 653 ct
646 627 761 654 insidias
777 633 885 656 struere
898 629 947 656 ad-

159 677 257 704 qersus
272 676 311 701 se,
331 673 359 696 et
375 669 591 697 l‘unestissimam
615 671 835 707 coniurationem
852 675 879 701 in
903 683 948 702 ca-
976 693 979 694 ν

159 719 209 748 put
231 722 310 741 suum
325 715 470 749 pOStpanlo
485 721 646 751 erupturam
664 719 839 753 praevideret,
861 721 948 756 impe-

159 759 286 786 ratricem
298 764 327 786 et
341 761 523 795 patriarcham
541 763 668 796 privatim
683 766 825 800 convenit,
838 772 866 794 et
878 767 949 794 hanc

158 805 231 839 apud
247 803 298 833 'eos
312 806 465 834 orationem
486 808 582 835 habuit
596 819 603 837 :

195 849 238 878 IV.
258 860 268 877 ι
290 852 471 879 Profanorum
486 854 714 890 philosophorum
727 859 948 892 praestantissimi

998 246 1047 280 τῆς
1063 247 1110 273 τοῦ
1125 247 1193 273 Θεοῦ
1209 248 1370 283 Ἐκκλησίας
1386 251 1552 285 συγχυθῆναι
1580 251 1615 277 τὰ
1635 253 1796 286 πράγματα,

998 292 1032 317 δι’
1046 291 1148 319 ἔκτισιν
1165 289 1244 327 οἶμαι
1260 294 1446 329 παλαιοτέρων
1461 296 1519 330 ἃμα
1535 296 1579 322 καὶ
1594 298 1734 331 νεωτέρων
1747 305 1764 323 τ
1780 296 1797 323 ὖ
1841 295 1847 299 ’

998 338 1095 370 γένους
1118 338 1336 373 ἁμαρτημάτων.
1361 341 1422 366 ’Καὶ
1449 341 1493 368 διὰ
1506 341 1586 368 τοῦτο
1616 342 1795 377 συνεχωρήθη

998 383 1112 410 τοιαῦτα
1135 385 1378 420 παρεισφθαρῆναι
1392 387 1490 418 κακίας
1505 388 1610 422 δργανα
1623 389 1669 415 καὶ
1683 390 1794 424 προφά-

1000 437 1067 462 σεις,
1096 429 1166 465 πλὴν
1196 431 1342 467 φιλαρχίας
1366 433 1414 459 καὶ
1445 434 1525 468 ἱόξης
1562 435 1680 468 ματα.ἀς
1718 434 1796 461 οὐτέν

1000 476 1116 511 ἐχούσας
1130 477 1161 504 τὺ
1174 477 1295 512 εὔλογον.
1315 479 1387 506 Ἀλλ’
1402 480 1430 511 ἐς
1443 480 1474 506 τὺ
1493 480 1627 516 πρότερον
1661 480 1733 515 ἴχνος
1748 480 1795 507 τοῦ

999 522 1079 557 λόγου
1095 524 1161 560 φέρε
1175 525 1393 561 ἀναχάμψωμεν.

1044 569 1081 597 I".
1094 570 1220 605 Συνορῶν
1233 572 1298 607 γὰρ,
1313 572 1352 604 ὡς
1378 573 1494 609 ἔφημεν,
1516 575 1531 601 δ
1558 575 1795 610 Καντακουζηνὸς.

1000 615 1042 643 ὄτι
1055 617 1230 649 συσκευάζων
1243 617 1322 650 αὖθις
1337 618 1509 652 Ἀπόκαυκος
1524 621 1554 647 ού
1571 620 1688 648 παύεται
1702 621 1796 653 δόλους

1001 663 1049 690 καὶ
1064 663 1159 699 ἐνεδρα
1174 663 1234 691 κατ’
1249 665 1402 698 αὐτοῦγκαὶ
1414 666 1464 693 οὐκ
1475 667 1514 698 είς
1531 666 1640 702 μακρὰν
1651 668 1797 702 ὴρεμήσας

1001 708 1149 745 ἐπιδουλὴν
1158 711 1325 746 ὲκραγεῖσαν
1342 712 1438 748 ὄψεται
1454 713 1535 747 φόνου
1548 714 1651 748 μεστὴν
1665 714 1736 740 κατὰ
1745 713 1796 748 τῆς

1001 754 1102 781 ἐαυτοῦ
1127 756 1260 790 κεφαλῆς,
1286 758 1338 793 ἰδίᾳ
1353 758 1522 792 παραλασὼν
1540 760 1601 794 ἃμα
1615 758 1730 794 βασιλίδι
1749 760 1796 786 τὸν

999 803 1176 839 πιτριάρχην
1203 805 1292 832 τοιάδε
1320 807 1386 842 φησι
1402 815 1410 823 ·

1035 850 1073 878 Δ’.
1094 859 1103 876 ‹
1123 851 1183 877 Τῶν
1198 851 1250 885 ἔξω
1276 853 1365 887 σοφῶν
1379 853 1435 889 (8!)
1452 854 1476 880 οἱ
1494 855 1669 890 χαριέστεροι
1697 856 1796 882 τάναν-

159 897 241 932 592
259 899 397 925 contraria
411 900 507 927 eodem
536 905 660 936 tempore
674 902 764 930 eidem
782 905 821 932 rei
849 912 944 941 neganl

1001 895 1046 922 τία
1068 897 1138 923 κατὰ
1152 897 1197 924 τδν
1225 899 1308 925 αὑτὸν
1336 900 1432 934 χρόνον
1455 901 1484 928 ὲν
1498 901 1538 936 τῷ
1570 901 1645 937 αὑτῷ
1666 902 1795 936 γενέσΊαι

160 943 250 970 inesse
266 951 356 979 posse.
373 944 450 977 Quod
467 953 528 973 cum
546 947 582 973 ita
599 947 646 981 sit,
660 956 712 976 nou
729 950 810 978 video
823 960 947 986 quantum

159 997 173 1015 a
191 997 233 1016 me
250 991 335 1024 possit
351 991 477 1018 machina
500 992 638 1025 adhiberi,
662 1003 715 1030 qtta
734 997 842 1024 duabus
867 999 949 1026 rebus

159 1036 247 1070 iisque
265 1037 381 1064 maxime
397 1039 544 1066 contrariis
557 1040 644 1068 divisa
661 1043 821 1072 cautissime
843 1046 947 1079 possim

156 1082 271 1116 exsequi
289 1090 320 1110 ea
337 1091 397 1118 qua!
413 1084 537 1113 decrevi.
561 1086 628 1114 Nam
649 1092 677 1115 et
696 1088 745 1116 toti
769 1090 886 1124 publicae
909 1093 948 1120 rci

157 1136 243 1155 unum
272 1137 317 1156 me
343 1131 510 1165 prospicere,
536 1137 564 1159 et
589 1133 623 1160 de
650 1135 789 1168 omnibus,
813 1138 859 1172 qui
886 1139 950 1166 huic

159 1175 276 1210 imperio
291 1176 408 1212 subjecti
429 1183 502 1210 sunt.
521 1180 667 1208 sollicitum
683 1189 754 1216 esse,
766 1191 798 1211 ne
819 1184 885 1219 quid
902 1186 949 1213 de-

158 1222 283 1250 triuututi
301 1227 406 1251 temere
426 1225 461 1251 ab
476 1225 602 1254 hostibus
621 1228 766 1264 accipiant,
789 1231 815 1258 id
838 1233 948 1266 quidem

156 1275 254 1301 omnes
269 1268 353 1296 traliit
371 1271 404 1297 ad
430 1278 459 1298 se
477 1272 561 1299 animi
581 1282 692 1305 nervos,
717 1283 813 1303 omnes
830 1278 920 1305 viudic
940 1284 950 1306 t

157 1316 337 1349 cogitationes
358 1322 386 1344 et
400 1326 492 1345 curas.
517 1321 550 1345 At
567 1327 615 1347 eos
632 1321 706 1356 ipsos
720 1323 781 1350 vita:
798 1331 864 1351 mea:
883 1325 949 1352 iusi~

157 1361 237 1392 diari,
255 1362 356 1396 quibus
379 1363 504 1395 consulo,
532 1364 559 1391 id
581 1373 648 1393 vero
673 1368 865 1401 gravissimum
886 1379 948 1397 cum

157 1405 204 1438 sit.
231 1407 303 1442 cogit
321 1415 363 1434 me
380 1409 453 1435 omni
473 1409 523 1436 alia
541 1418 607 1437 cura
644 1413 747 1448 abjccta
779 1415 825 1442 uni
854 1417 947 1450 provi-

159 1452 224 1478 dere
245 1452 329 1489 saluti
350 1460 426 1486 meae,
453 1459 481 1481 et
509 1463 622 1491 quoquo
651 1458 732 1485 modo
757 1462 853 1493 parare
881 1463 947 1489 mihi

157 1498 346 1525 securitatem.
372 1499 436 1535 Ejus
454 1506 544 1528 autent
568 1502 606 1528 rei
618 1504 839 1533 emendationem
855 1508 949 1534 ambo-

160 1544 211 1571 bus
233 1544 310 1572 vobis
337 1545 498 1573 incumbere
521 1548 678 1582 oportebat,
703 1550 726 1577 si
752 1559 813 1586 quae
838 1560 981 1599 a-quumC

157 1596 218 1616 crat
233 1597 264 1618 ea
281 1591 372 1618 facere
390 1592 562 1626 vt-luissetis;
585 1595 674 1628 vobis,
694 1596 817 1631 inquam,
834 1598 866 1625 ad
879 1607 947 1632 quos

156 1644 190 1662 ca
211 1637 302 1664 omnis
321 1645 386 1665 cura
413 1644 529 1673 spectat.
547 1648 663 1675 quorum
680 1649 761 1669 omne
781 1644 902 1680 studiupt
921 1646 947 1673 in

1001 943 1174 980 ὑποκειμένῳ
1190 945 1244 972 τῶν
1257 946 1407 981 ἀμηχάνων
1420 945 1491 975 εἶναί
1506 956 1584 983 φασι.
1600 949 1700 976 Τούτου
1718 949 1742 975 δ’
1749 950 1796 976 οῦ-

1001 998 1054 1021 τως
1068 989 1188 1024 ἔχοντος,
1205 991 1255 1027 οὺχ
1274 993 1329 1028 δρῶ
1349 993 1392 1025 τίς
1406 994 1439 1021 ἃν
1453 995 1517 1029 ἐμοὶ
1528 995 1633 1029 γένοιτο
1645 997 1764 1032 μηχανὴ,
1778 998 1796 1033 ἢ

1002 1035 1169 1071 μεριζομένη
1184 1038 1251 1072 πρὸς
1268 1038 1314 1064 δύο
1331 1039 1537 1067 τάναντιώτατα
1551 1041 1698 1076 παρέχοιτο
1727 1042 1796 1077 δρᾷν

1000 1081 1129 1114 ἀσφαλῶς
1148 1082 1165 1109 α
1185 1085 1426 1120 προκεχείρισμαι.
1442 1087 1479 1114 Τὸ
1495 1088 1545 1121 μὲν
1559 1090 1613 1124 γὰρ
1625 1091 1679 1116 τῶν
1695 1090 1795 1119 κοινῶν

1001 1129 1353 1165 προνοεῖσθαι-πραγμάτων
1368 1133 1497 1161 ἁπάντων
1512 1134 1560 1162 ἕνα
1575 1144 1608 1170 με
1623 1136 1688 1163 δντα
1699 1137 1793 1168 αὐτὴν,

1001 1173 1049 1198 καὶ
1069 1175 1177 1201 πάντων
1190 1177 1379 1212 ἐπιμελεῖσθαι
1391 1179 1447 1206 τῶν
1472 1180 1642 1209 ὑπεικόντων
1656 1184 1689 1218 τῇ
1716 1183 1794 1218 βασι-

1001 1218 1060 1254 λείᾳ
1071 1220 1225 1254 ἀνθρώπων
1246 1223 1284 1258 μὴ
1300 1225 1401 1260 ῥᾳδίως
1418 1227 1471 1254 ὑπὸ
1485 1227 1540 1254 τῶν
1568 1229 1705 1264 πολεμίων
1730 1231 1794 1265 βλᾶ-

1001 1266 1128 1300 πτεσθαι,
1142 1269 1233 1295 πᾶσαν
1243 1269 1318 1297 ἕλκει
1332 1273 1399 1307 πρδς
1411 1274 1490 1301 ἑαυτὸ
1500 1275 1631 1308 διάνοιαν,
1641 1279 1689 1305 καὶ
1702 1279 1793 1305 πᾶσαν

1001 1311 1138 1347 λογισμῶν
1152 1314 1300 1343 ὺποτάττει
1320 1319 1458 1352 φροντίδα·
1483 1321 1513 1347 τὸ
1526 1322 1548 1348 δ’
1558 1323 1650 1354 αὐτοῖς
1665 1324 1792 1356 ἐκείνοις,

1000 1357 1038 1385 ὧν
1058 1362 1257 1397 προνενόημαι,
1285 1364 1439 1397 ἐπιϐούλοις
1467 1368 1619 1402 κεχρῆσθαι
1643 1370 1714 1396 κατὰ
1743 1371 1793 1405 τῆς

1001 1408 1121 1442 ἐμαυτοῦ
1137 1409 1221 1444 ζωῆς,
1248 1411 1328 1438 τοῦτο
1344 1412 1372 1438 δὲ
1396 1413 1575 1448 παγχάλεπον
1591 1415 1620 1442 δν
1643 1416 1792 1450 ἀναγκάζει

1002 1455 1112 1481 πάντων
1126 1456 1285 1484 ἀποστάντα
1307 1467 1341 1493 με
1357 1459 1410 1486 τῶν
1422 1460 1511 1487 ἄλλων
1526 1463 1674 1496 φροντίδων
1706 1465 1792 1499 μόνης

999 1500 1049 1534 τῆς
1075 1502 1194 1536 ἐμαυτοῦ
1220 1503 1294 1538 ζωῆς
1320 1507 1503 1540 προνοεῖσθαι,
1539 1510 1586 1536 καὶ
1614 1510 1664 1544 τὴν
1686 1511 1791 1537 οἰκείαν

1000 1547 1149 1581 ἀσφάλειαν
1162 1549 1295 1582 ἐκπαντὸς
1309 1553 1554 1587 πραγματεύεσθαι
1563 1557 1676 1590 τρόπον.
1690 1557 1791 1584 Τούτου

1001 1593 1029 1619 δὲ
1045 1595 1095 1629 τὴν
1109 1594 1253 1630 διόρθωσιν
1266 1597 1368 1631 ἀμφοῖν
1385 1599 1448 1634 ὑμῖν
1461 1601 1633 1636 ἀνηρτῆσθαι
1655 1604 1751 1639 ἐχρῆν,
1766 1606 1790 1631 εί

999 1639 1033 1664 τὰ
1045 1638 1136 1665 δίκαια
1155 1640 1286 1675 πράττειν
1298 1643 1454 1685 ἐῦούλεσοε,
1469 1643 1510 1676 οἷς
1522 1647 1602 1682 χρέος
1628 1649 1702 1675 ἆπαν
1720 1638 1792 1685 λό’νῆ-

158 1689 192 1706 co
204 1683 266 1716 poni
277 1683 365 1714 debet,
382 1688 408 1710 ut
419 1685 567 1713 advertatis
577 1694 609 1713 ac
619 1687 771 1721 praecidatis
782 1690 910 1724 quidquid
922 1692 944 1718 iu

1001 1692 1066 1711 πται
1078 1686 1145 1712 πᾶσι
1160 1686 1271 1721 τρόποις
1295 1683 1454 1723 ἐπείγεσθαι
1477 1692 1641 1727 ἀποτρέπειν
1656 1696 1701 1721 καὶ
1723 1697 1792 1722 ἀπο-

161 1727 311 1762 imperium
335 1730 416 1757 simul
432 1735 461 1757 et
475 1730 624 1759 Ecclesiam
641 1735 808 1762 suctu-verit
820 1737 951 1769 germinis

158 1774 232 1806 ntali,
250 1782 304 1809 quo
318 1776 346 1810 in
364 1776 422 1803 dies
436 1783 599 1812 augescente
613 1780 752 1814 corrumpi
769 1782 855 1815 possit
867 1787 948 1817 atque

157 1820 271 1847 outniuo
284 1821 369 1848 deleri
390 1823 534 1858 utriusque
550 1826 695 1858 pOIestatis
719 1827 815 1854 robur.
840 1829 873 1855 At
890 1837 947 1862 vos,

156 1875 219 1894 cum
249 1867 385 1902 improbis
416 1868 574 1897 hominibus
600 1871 669 1898 clam
695 1877 723 1899 et
751 1873 849 1900 crebro
865 1875 948 1901 collo-

156 1918 283 1947 quentes,
313 1921 468 1949 eortunque
491 1915 595 1943 insanis
622 1917 726 1945 inducti
757 1920 946 1952 suasionibus,

156 1959 190 1986 iis
204 1959 275 1987 ultro
293 1960 494 1992 assiutilamini,
514 1962 560 1996 qui
579 1962 691 1990 sinistra
717 1972 798 1992 tnanu
821 1964 943 1994 dextram

156 2011 301 2040 amputare
311 2005 449 2033 studeant.
465 2006 523 2034 Jam
541 2015 617 2039 vero,
633 2009 655 2036 si
669 2010 787 2037 animattt
815 2012 881 2039 tnihi
899 2013 945 2040 uni

155 2051 263 2086 eripere
279 2052 379 2079 vellent
398 2053 573 2081 insidiatores
590 2055 656 2088 mei,
679 2064 731 2083 nec
756 2065 853 2085 eorum
872 2059 947 2086 inso-

153 2099 321 2126 lentissimus
340 2099 446 2134 gladius
469 2108 517 2134 per
539 2102 641 2129 amicos
656 2111 761 2135 omnes,
773 2112 821 2139 per
835 2113 944 2134 omncut

152 2144 266 2177 stirpem
281 2149 354 2171 esset
371 2152 549 2179 pervasurus,
573 2147 711 2182 quiessent
738 2156 788 2183 ego
816 2151 944 2185 fortasse,

152 2190 267 2215 fortasse
285 2189 368 2216 ctiam
392 2198 445 2217 non
468 2191 617 2225 quiessem.
630 2192 709 2228 593
727 2194 792 2222 Mihi
806 2196 878 2223 enim
895 2206 945 2226 nec

1001 1732 1123 1766 κόπτειν,
1141 1734 1194 1759 εἴτι
1209 1742 1261 1760 που
1273 1735 1342 1762 κατά
1364 1745 1393 1762 τε
1409 1737 1463 1763 τῶν
1487 1737 1537 1773 τῆς
1557 1729 1697 1774 βασιλᾶας
1721 1742 1790 1774 ὁμοῦ

999 1778 1046 1805 καὶ
1064 1779 1113 1813 τῆς
1141 1779 1307 1815 Ἐκκλησίας
1336 1782 1485 1816 ύποφύοιτο
1514 1785 1613 1816 κακίας
1631 1786 1790 1823 βλάστημα.

999 1823 1012 1849 ὃ
1024 1824 1193 1863 λυμανεῖται
1211 1827 1358 1861 προϐαῖνον
1374 1830 1415 1860 εἰς
1429 1829 1544 1866 αὕξησιν
1570 1833 1618 1859 καὶ
1641 1834 1715 1860 ἅπαν
1739 1836 1791 1870 ἄρ-

999 1869 1048 1904 δην
1063 1870 1175 1904 ἀφανιεῐ
1188 1871 1218 1897 τὸ
1234 1872 1334 1906 κράτος
1350 1874 1463 1909 ἀμφοῖν.
1484 1875 1578 1910 Ὑμεῖς
1594 1877 1622 1904 δὲ
1640 1869 1791 1915 μοχθηροῖς

997 1914 1111 1949 ἀνδράσι
1129 1915 1216 1951 λάθρα
1233 1916 1280 1943 καὶ
1296 1918 1381 1952 συχνὰ
1402 1919 1648 1956 κοινολογούμενοι,
1670 1924 1717 1949 καὶ
1732 1914 1791 1952 τοῖς

997 1960 1087 1987 αὐτῶν
1115 1961 1284 1997 παραλόγοις
1309 1963 1438 1999 ἑπόμενοι
1475 1965 1576 1999 λόγοις⁹
1610 1969 1790 2005 τῇάριστερᾷ

998 2007 1070 2042 χειρὶ
1081 2007 1131 2042 τὴν
1150 2007 1241 2041 δεξιὰν
1270 2009 1439 2037 ἀποκόπτειν
1459 2012 1649 2048 ἐπειγομένοις
1679 2015 1789 2047 ἑκόντες

999 2053 1120 2080 ἐοίκατε.
1140 2053 1257 2081 Ἔπειτα
1281 2056 1304 2081 εί
1326 2056 1375 2090 μὲν
1404 2056 1471 2091 ἐμοῦ
1501 2058 1550 2094 τὴν
1566 2059 1655 2094 ψυχὴν
1678 2061 1788 2095 ἐξάγειν

997 2097 1045 2123 τοῦ
1069 2098 1195 2133 σώματος
1213 2100 1269 2132 τοῖς
1293 2100 1446 2134 ἐπιϐούλοις
1479 2101 1512 2138 ἧν
1539 2105 1605 2138 πρὸς
1632 2104 1789 2141 βουλήσεως

1000 2145 1093 2179 μόνου,
1105 2145 1152 2172 καὶ
1164 2145 1202 2181 μὴ
1213 2147 1282 2173 κατά
1297 2148 1396 2179 παντὸς
1408 2148 1517 2183 ἐχώρει,
1531 2151 1585 2178 τῶν
1595 2160 1624 2178 τε
1640 2152 1724 2186 φίλων
1741 2154 1789 2180 καὶ

999 2191 1054 2217 τῶν
1068 2191 1196 2224 ἐκγόνων,
1211 2192 1241 2218 τὸ
1249 2193 1298 2228 τῆς
1311 2194 1386 2228 σφῶν
1401 2195 1537 2228 ἀναιδείας
1554 2197 1641 2232 ξίφος,
1653 2199 1719 2232 ῐσως
1739 2202 1789 2234 μὲν

151 2234 223 2261 istuc
237 2234 347 2262 videtur
369 2236 482 2262 omnino
511 2237 687 2271 permissum,
706 2243 736 2266 ut
750 2239 869 2267 animam
890 2250 940 2268 no—

1001 2239 1095 2272 ἐσίγων
1106 2238 1139 2264 ἄν
1152 2238 1214 2271 ἴσως
1224 2239 1246 2265 δ’
1257 2239 1299 2266 οὗ.
1313 2241 1349 2266 Οὐ
1362 2241 1416 2276 γὰρ
1426 2241 1497 2268 πάνυ
1513 2251 1558 2277 μοι
1569 2243 1694 2277 φαίνεται
1710 2247 1790 2280 θεμι-

150 2286 245 2313 ειιπιιιτ,
273 2280 351 2315 cujus
369 2286 413 2308 est
436 2281 565 2309 dominus
590 2283 669 2315 alter,
696 2284 855 2319 dcpositarii
873 2295 938 2314 vero

150 2334 200 2353 nos
224 2333 328 2356 sumus.
347 2327 494 2359 prodamus
512 2329 586 2355 ultro
611 2333 639 2355 et
665 2331 836 2363 deseramus.
862 2339 939 2361 antc-

148 2380 230 2406 quam
244 2371 404 2398 liberaverit
423 2373 456 2404 is,
474 2373 521 2408 qui
543 2374 673 2402 dominus
687 2382 740 2403 est.
763 2377 810 2405 Sin
829 2379 882 2406 hoc
908 2380 940 2408 li-

147 2422 201 2450 cet,
220 2417 334 2452 prodeat
351 2417 450 2452 aliquis
462 2418 617 2454 doceatque
631 2429 685 2452 me,
700 2430 750 2448 cur
775 2423 839 2450 olim
861 2424 936 2458 judi-

146 2469 193 2489 ccs
210 2463 407 2496 sapientissimi
427 2464 565 2491 voluerint
580 2473 628 2493 eos
648 2467 744 2502 projici
773 2469 936 2504 insepultos,

145 2509 192 2543 qui
207 2516 283 2535 suam
299 2509 324 2536 in
341 2517 370 2536 se
384 2510 459 2544 ipsos
472 2510 594 2537 dextram
611 2515 803 2540 armavisscnt.
817 2515 936 2544 Pcriudc

145 2554 218 2581 cuint
245 2554 312 2581 illud
336 2555 446 2582 videtur
469 2563 530 2583 esse
550 2557 766 2591 quodammodo,
782 2567 814 2586 ac
831 2561 853 2587 si
873 2562 936 2595 quis

145 2601 290 2635 peregrino
306 2602 365 2632 solp
385 2610 515 2636 egressus
539 2603 660 2630 alienum
679 2606 848 2639 mancipium
873 2609 935 2634 vin-

143 2647 214 2674 culis
235 2647 374 2679 eduxerit,
389 2654 417 2675 et
434 2649 577 2683 fugitivum
604 2649 682 2676 abire
705 2651 828 2685 jusserit.
856 2654 934 2685 Quod

143 2693 165 2719 si
177 2693 211 2720 ad
230 2701 326 2720 omnes
342 2695 444 2729 pariter
459 2696 600 2729 pertinent
617 2701 645 2722 ct
659 2697 764 2724 insidia:
779 2698 930 2726 scelerato-

144 2746 205 2765 rum
233 2739 387 2772 hominum,
403 2745 430 2767 ct
448 2741 599 2774 periculum
621 2751 723 2776 meum,
742 2743 855 2772 insania:
877 2747 931 2773 cri-

989 2287 1035 2312 τὸν
1045 2286 1105 2313 οὐδὲ
1117 2287 1206 2319 τοῦτο,
1220 2287 1374 2322 προδιδόναι
1384 2290 1433 2324 τὴν
1445 2289 1541 2316 ἑαυτοῦ
1562 2299 1603 2322 τις
1619 2291 1690 2317 ἑκὼν
1699 2300 1730 2326 γε
1750 2291 1789 2319 εἴ.

991 2341 1036 2360 ναι
1048 2333 1234 2368 ψυχὴν,ἄλλου
1251 2333 1345 2369 κτῆμα
1361 2335 1407 2360 καὶ
1423 2337 1656 2372 παρακαταθήκην
1667 2337 1709 2373 [Ρ.
1724 2338 1788 2374 568]

991 2377 1074 2405 οὖσαν
1094 2380 1160 2413 πρὶν
1185 2379 1253 2414 πρὸς
1273 2379 1320 2406 τοῦ
1342 2380 1473 2407 δεσπότου
1488 2382 1615 2412 γενέσθαι
1637 2383 1686 2418 τὴν
1699 2383 1788 2412 λύσιν.

991 2425 1022 2451 Et
1035 2425 1057 2451 δ’
1073 2425 1130 2456 οῦν,
1147 2426 1281 2460 φρασάτω
1295 2434 1338 2457 τις
1356 2427 1418 2461 ἐμοὶ
1440 2428 1595 2462 παρελθὼν,
1623 2429 1686 2455 ὃτιιυ
1703 2431 1786 2465 χάριν

992 2472 1113 2506 ἀτάφους
1127 2472 1182 2499 τῶν
1197 2472 1282 2498 πάλαι
1299 2472 1438 2501 δικασῖῶν
1452 2475 1476 2500 οἱ
1498 2475 1648 2510 σοφώτεροι
1676 2477 1785 2510 ῥιπτεῖ-

988 2517 1050 2544 σθαι
1078 2517 1324 2554 κατεψηφίσαντο,
1354 2516 1391 2546 ὧν
1420 2522 1448 2546 αἰ
1475 2522 1566 2556 χεῖρες
1597 2522 1659 2549 καθ’
1678 2523 1785 2549 ἑαυτῶν

986 2562 1212 2599 ἐστρατεύσαντο.
1228 2563 1341 2599 ’Ὅμοιον
1356 2564 1486 2600 γὰρεῖναί
1499 2575 1556 2598 πως
1570 2567 1686 2594 δοκεῖτὸ
1699 2567 1788 2594 τοιοῦο

984 2618 1042 2640 τον,
1059 2609 1151 2643 ὥσπερ
1168 2610 1201 2636 ἂν
1221 2610 1247 2637 et
1260 2619 1302 2642 τις
1325 2611 1353 2643 ἐξ
1381 2612 1534 2647 ἀλλοδαπῆς
1564 2613 1611 2640 ἰὼν
1638 2613 1720 2640 ἄλλου
1741 2614 1788 2640 δε-

987 2655 1101 2691 σμώτην
1116 2656 1255 2692 δραπέτην
1284 2658 1443 2692 ἐργάσαιτο.
1461 2659 1491 2685 Εί
1515 2659 1543 2685 δὲ
1562 2660 1630 2694 πρὸς
1657 2659 1786 2692 ἅπαντας

985 2703 1068 2738 ἄρδην
1081 2703 1181 2738 ὁμοίως
1194 2703 1327 2731 διαϐαίνοι
1353 2705 1389 2732 τά
1412 2714 1441 2732 τε
1474 2706 1524 2741 τῆς
1552 2706 1700 2742 ἐπιϐουλῆς
1728 2708 1785 2734 τῶν

987 2749 1132 2783 μοχθηρῶν
1148 2749 1195 2776 καὶ
1207 2749 1254 2776 τοῦ
1279 2758 1310 2784 γε
1329 2750 1454 2778 κινδύνου
1481 2751 1596 2787 τούμοῦ,
1619 2753 1719 2788 μανίας
1735 2753 1784 2780 οὐκ

809 2817 987 2862 ὶΥιιιοίοιπιιιι
1007 2823 1100 2850 nota).

182 2868 238 2903 ($2)
257 2872 404 2899 Lauttttul.
427 2873 474 2899 tih.
494 2882 532 2907 ιιι,
549 2883 612 2910 cap.
631 2876 656 2904 5.
673 2876 792 2904 Ducas.
