1924 3076
135 91 190 124 865
339 92 378 128 [Α.
399 101 425 121 c.
447 94 525 130 1542]

631 98 851 129 BYZA‘NTIN/‘E
871 97 1063 130 HISTORIE
1086 100 1159 131 LIB.
1180 99 1265 129 XIII.

1333 97 1400 134 [tum
1428 105 1448 125 ι.
1469 105 1587 126 mutos.
1608 99 1636 134 2]

1708 100 1760 132 866

135 149 263 184 πανταχῆ
276 150 311 177 δι’
327 151 454 186 εὐφήμου
467 153 517 188 τῆς
531 154 642 188 μνήμης
657 155 688 181 τὸ
701 155 799 181 οἰκεῖον
809 154 924 190 ἣλπιζεν

979 155 1302 182 coniicommeudatione
1328 155 1501 182 circumferri
1515 163 1594 191 posse
1620 157 1757 190 sperabat,

134 194 222 229 ὄνομα
246 195 376 223 δύνασθαι
400 199 543 238 φέρεσθαι,
565 200 646 226 κάκεῖ
666 201 849 234 προηγεῖσθαι
873 201 921 234 τῆς

136 239 273 273 βασιλίδος
294 242 395 278 ’Λννης
415 243 534 278 τοῦνομα
553 246 600 271 καὶ
616 246 684 280 πρός
709 254 740 279 γε
757 246 802 272 τοῦ
819 245 922 278 ταύτης

136 285 220 317 υἱέως
245 286 304 321 μεθ’
320 289 430 323 ἀπάσης
452 290 560 316 ἐκέλευε
584 291 694 326 γνώμης
719 292 766 317 καὶ
794 292 924 326 προαιρέ-

136 340 207 363 σεως
219 340 226 347 ·
241 333 336 368 ὥσπερ
351 334 405 369 ἄρα
424 337 470 361 καὶ
487 336 556 369 πρὸς
568 337 705 369 Αἰτωλούς
716 346 745 363 τε
762 338 809 363 καὶ
822 338 923 363 Θεττα-

136 377 200 408 λούς
211 386 241 403 τε
251 379 434 413 τονἊγγελον
444 381 635 408 ἀποστέλλοντι
643 382 839 417 Ἰωάννη,·ῶσῡ’
849 383 925 409 ἑκόν-

137 432 193 452 των
207 426 304 460 ἄρχειν
318 426 419 458 αὐτῶν,
438 428 476 458 ὡς
497 429 642 463 προϊόντες,
658 428 776 463 ἐροῦμεν
789 429 925 455 πλατύτε-

137 478 195 504 ρον.
214 470 351 506 προῦργου
367 471 685 509 γέγονεηδιακελεύεσθαί
698 482 727 498 τε
746 473 794 500 καὶ
818 482 926 508 παραγ-

136 515 245 548 γέλλειν
258 516 353 543 τούτου
374 525 405 551 γε
425 517 518 544 εῗνεκα
537 519 656 553 μάλιστα
676 521 797 551 πάντων,
825 520 872 546 καὶ
889 520 926 554 μὴ

138 562 275 595 πρότερον
307 562 453 597 μεθιέναι,
481 564 544 598 πρὶν
573 565 653 591 αὐτὸν
683 565 863 600 τελεσιουργᾶι
892 565 926 591 τὰ

137 608 228 634 τοιάδε
245 609 298 643 πρὸ
315 609 417 640 παντὸς
438 610 659 644 ἐπαγγείλασθαι
676 611 742 646 δρᾷν
763 611 925 646 παραγγέλ-

139 662 228 687 ματα.
249 655 358 681 Είσεται
374 656 402 683 δὲ
425 655 534 688 πάντως
551 659 579 689 ἐς
596 658 625 683 τὸ
646 658 772 692 ἀκριϐὲς,
786 659 815 688 ὃς
833 659 865 685 ἂν
884 659 926 683 ἑν-

137 699 207 735 τύχῃ
224 701 346 736 ζητήσας
356 701 397 736 τῷ
410 703 479 737 πρὶς
495 703 578 729 αὐτὸν
599 703 777 738 θεσπίσματι,
794 703 880 730 ταῦτά
895 713 925 730 τε

978 201 1035 228 illic
1047 201 1131 228 Annae
1149 201 1316 235 imperaticis
1335 205 1368 235 ,οι
1382 201 1428 228 filii
1456 202 1516 236 ejus
1543 210 1642 229 nomen
1661 203 1759 236 prteire

979 246 1053 273 omni
1070 247 1162 273 studio
1176 254 1209 274 ac
1235 247 1377 278 voluntate
1392 247 1517 280 jubebat.
1546 247 1592 274 Sic
1611 248 1641 274 ad
1656 247 1762 286 Etolos

979 292 1179 327 Thessalosque
1191 292 1321 319 Joannem
1336 293 1468 327 Angelum
1485 301 1547 320 cum
1560 294 1691 325 mitteret,
1708 294 1762 320 illis

977 337 1135 364 volentibus
1150 337 1347 371 prefuturum;
1376 337 1606 372 quemadmodum
1634 337 1703 364 infra
1720 336 1762 362 dit

977 382 1072 409 ccmus
1088 381 1176 409 fusius
1190 390 1197 414 ;
1213 382 1251 408 nil
1268 382 1292 410 ei
1309 382 1360 409 luit
1380 382 1482 416 potius,
1497 389 1578 416 quam
1599 386 1629 408 ut
1653 381 1762 416 jubet-ct

978 428 1195 463 preciperetque
1211 427 1278 455 illud
1295 427 1413 454 maxime
1427 436 1434 455 :
1451 435 1500 454 nec
1514 428 1590 462 prius
1605 435 1667 454 eum
1679 427 1762 454 dirui-

977 474 1023 506 sit,
1039 482 1121 508 quam
1138 475 1183 500 ille
1199 473 1334 508 ejusmodi
1357 473 1483 500 mandata
1500 481 1528 499 re
1542 473 1599 507 ipsa
1615 477 1763 500 exsecutu-

978 527 1038 546 rum
1053 527 1082 547 se
1093 525 1157 546 ante
1172 514 1265 546 omnia
1284 519 1466 553 promisisset.
1485 519 1572 553 Atque
1603 519 1660 545 haec
1674 519 1764 552 quivis

979 565 1197 599 exploratissime
1212 566 1354 599 percipiet.
1367 565 1529 599 rescriptum
1547 565 1636 599 ipsum
1649 570 1762 591 nactus:

979 619 1067 647 neque
1086 612 1143 639 [nec
1160 611 1258 641 solum.
1277 611 1324 638 sed
1338 616 1366 637 et
1380 618 1550 645 quaecunque
1564 610 1614 636 alia
1629 610 1671 636 liis
1685 610 1756 637 simi—

980 657 1014 683 lia
1030 656 1225 691 addit,jubens
1241 663 1315 688 eum,
1330 655 1452 690 quandiu
1470 655 1594 682 victurus
1604 655 1648 686 sit,
1668 656 1764 681 Roma-

980 710 1046 729 num
1065 702 1209 736 imperium
1227 701 1301 728 omni
1317 701 1421 728 honore
1436 705 1463 727 et
1483 701 1636 728 reverentia
1661 701 1762 735 ποιοῖο,

138 747 186 774 καὶ
212 747 261 773 ὅσα
290 747 394 780 τούτοις
421 749 602 784 προστίθησιν
620 750 712 784 ὅμοια,
743 751 775 786 τῇ
800 750 923 784 βασιλείᾳ
948 747 1094 775 Ῥωμαίων
1125 749 1214 775 πᾶσαν
1242 748 1335 781 νέμειν
1352 747 1421 774 αἰδῶ
1466 748 1514 774 καὶ
1545 747 1689 774 εὐλάσειαν
1722 747 1765 774 διὰ

138 792 198 827 βίου
214 793 344 821 κελεύων.

174 839 211 866 Ζ’.
231 839 311 866 Τοῦθ’
326 840 418 867 ίκανδν
442 841 529 876 ἔγωγε
548 841 630 876 μόνον
646 843 694 869 καὶ
714 842 843 877 ἀποχρῶν
856 843 926 878 ἥγη-

1013 839 1070 866 νιι.
1087 838 1177 866 Unum
1190 845 1241 873 ego
1257 837 1324 865 illud
1340 842 1406 872 puto
1417 837 1542 864 sufﬁcere
1558 844 1590 865 ac
1618 839 1684 866 satis
1704 846 1765 866 esse

140 894 201 920 μαι,
217 886 272 913 τῶν
293 886 382 914 ἄλλων
397 888 483 914 ὁπόσα
502 888 552 924 τὴν
566 889 665 923 ὁμοίαν
685 889 731 915 τοῦ
747 889 829 925 ἤθους
846 889 924 923 εὐγέ-

138 940 214 958 νειαν
231 932 288 967 ἔχει
314 933 514 968 σιωπωμένων.
529 933 652 966 ἅπαντας
675 934 791 964 πείθειν,
814 933 855 966 οἷς
877 935 922 961 νοῦ

138 976 188 1003 καὶ
203 977 363 1011 φρονήσεως
382 978 509 1013 μέτεστιν
522 978 656 1011 ὁπωσοῦν,
674 979 799 1016 θειοτέρᾳ
810 980 924 1016 προνοίᾳ

137 1023 299 1050 διοικεῖσθαι
313 1024 348 1051 τὰ
362 1024 460 1058 πάντα,
478 1026 527 1052 καὶ
544 1026 655 1061 μηδαμῆ
673 1026 743 1053 κατὰ
759 1026 789 1053 τὸ
803 1015 924 1060 αὐτόμα-

138 1077 184 1095 τον
207 1068 351 1104 φέρεσθαι,
375 1069 437 1105 μηδ’
454 1070 509 1097 ἀπὸ
531 1072 615 1106 τύχης
637 1072 720 1105 τινὸς,
746 1073 816 1108 μήτε
840 1073 923 1108 μηδὲν

137 1114 194 1141 τῶν
211 1114 337 1141 ἁπάντων
351 1115 454 1149 ἕτερον,
475 1117 544 1152 μήτε
559 1118 608 1151 τὴν
624 1117 719 1144 τούτου
734 1120 802 1152 προς
814 1119 864 1154 τὴν
877 1118 925 1154 βα,

139 1161 302 1188 σιλεύουσαν
321 1162 404 1188 πόλιν
420 1163 593 1197 ἀναίμακτον
615 1164 718 1191 εἴσοδον
735 1165 782 1191 καὶ
802 1165 850 1200 τὴν
870 1166 924 1192 τῶν

139 1205 291 1240 βασιλικῶν
304 1207 446 1242 ἀντίληψιν
462 1208 576 1243 θρόνων,
588 1209 659 1236 οὕτω
675 1210 797 1245 μακροὺς
812 1212 859 1237 καὶ
875 1219 924 1237 πο-

139 1251 253 1283 λυειδεῖς
285 1253 331 1279 καὶ
359 1252 475 1280 θανάτου
503 1254 590 1288 φάναι
620 1255 745 1289 γείτονας
768 1248 924 1291 νενικηκότι

142 1297 293 1329 κινδύνους·
308 1298 367 1324 ἀλλ’
381 1298 456 1334 αὑτῷ
469 1299 519 1332 μὲν
534 1299 652 1334 ἀμοιϐὴν
667 1300 716 1335 τῆς
735 1301 844 1336 μακρᾶς
855 1308 924 1336 καρ-

139 1343 245 1379 τερίας,
263 1344 330 1371 πᾶσι
342 1344 365 1371 δ’
384 1344 418 1372 οὗ
433 1345 550 1372 ἐλπίδων
568 1346 686 1382 ἔρεισμα
698 1347 836 1382 χρηστῶν,
851 1345 892 1378 οἷς
908 1348 924 1383 ἠ

141 1389 240 1424 γνώμη
263 1388 312 1424 τὴν
336 1389 392 1416 τῶν
413 1391 508 1418 δεινῶν
533 1393 684 1428 καρτερίαν
700 1392 790 1428 πέρας
814 1393 925 1427 εὐγενὲς

141 1434 301 1467 ἐπιδέξεσθαι
320 1435 500 1471 ὑπισχνεῖται.

978 883 1098 919 (caeteris
1117 882 1236 914 omissis.
1251 890 1312 916 quae
1326 889 1488 918 generosam
1510 881 1631 908 indolem
1659 884 1764 917 pariter

977 930 1108 965 arguunt)
1130 929 1163 956 ad
1180 928 1403 964 persuadendum
1418 929 1559 961 omnibus,
1588 928 1635 963 qui
1664 929 1764 956 mentis

977 981 1005 1004 et
1022 975 1177 1010 prudentia:
1194 983 1249 1002 non
1274 975 1329 1002 sint
1347 975 1461 1002 omnino
1475 979 1613 1010 expertes,
1629 974 1762 1001 diviniori

978 1020 1149 1057 providentia
1163 1021 1254 1048 omnia
1270 1020 1429 1056 gubernari,
1449 1029 1503 1048 non
1519 1025 1610 1048 autem
1635 1020 1707 1047 volvi
1724 1025 1764 1048 te-

977 1077 1070 1101 mere;
1098 1073 1180 1103 atque
1215 1073 1244 1095 ut
1269 1069 1339 1095 nihil
1367 1068 1453 1101 aliud,
1486 1069 1523 1096 ita
1551 1075 1602 1096 nec
1616 1068 1681 1095 illud
1698 1075 1764 1096 casu

977 1116 1078 1144 factum
1092 1116 1189 1148 fuisse,
1204 1120 1234 1142 ut
1250 1115 1458 1143 Cantacuzcnus
1469 1115 1532 1142 sine
1546 1115 1679 1150 sanguine
1691 1115 1765 1148 prin-

977 1161 1065 1196 cipem
1082 1161 1178 1188 urbem
1203 1161 1321 1189 intraret
1337 1165 1365 1188 et
1380 1160 1450 1188 solio
1468 1161 1645 1195 imperatorio
1660 1161 1765 1194 potira-

978 1210 1032 1239 tur,
1050 1206 1182 1241 periculis
1198 1205 1281 1233 tantis
1292 1209 1321 1232 et
1334 1209 1389 1232 tam
1417 1206 1616 1240 multiplicibus
1644 1206 1772 1232 exantIa-'

979 1251 1023 1283 tis,
1041 1252 1167 1287 ipsoque,
1187 1256 1218 1279 ut
1244 1252 1280 1278 ita
1293 1251 1396 1283 dicam,
1413 1251 1580 1285 triumphato
1610 1251 1706 1279 mortis
1730 1251 1766 1278 li-

978 1297 1136 1325 minezsed
1153 1297 1239 1325 fuisse
1265 1297 1332 1324 illud
1360 1297 1412 1332 ipsi
1437 1297 1550 1332 quidem
1574 1296 1766 1324 Cantacuzeno

978 1342 1117 1370 diuturnae
1136 1341 1275 1377 patientim
1291 1341 1464 1374 mercedem;
1480 1342 1541 1369 aliis
1561 1349 1626 1369 vero
1646 1343 1702 1377 spei
1718 1341 1767 1369 bo—

978 1396 1020 1416 nze
1050 1388 1310 1423 confirmationem;
1331 1386 1413 1423 645
1428 1387 1462 1415 iis
1489 1387 1630 1420 videlicet,
1661 1388 1765 1423 quibus

980 1434 1051 1461 mala
1069 1434 1180 1462 fortiter
1197 1433 1381 1461 tolerantibus
1408 1433 1517 1461 animus
1531 1441 1603 1461 suus
1617 1434 1766 1469 gloriosum

980 1480 1086 1508 exitum
1099 1479 1225 1514 spondet.

176 1525 218 1552 H'.
234 1524 265 1552 Et
283 1524 337 1560 γὰρ
349 1525 438 1552 πάντα
453 1525 512 1552 καθ’
528 1526 630 1552 ἕκαστα
644 1525 842 1562 βουληθείημεν
855 1526 926 1561 ἀφη-

1016 1526 1085 1554 Vlll.
1105 1525 1184 1560 Quod
1212 1526 1234 1554 si
1260 1525 1352 1553 omnia
1378 1525 1517 1561 sigillatim
1544 1521 1765 1561 percenseamus,

140 1572 261 1606 γεῖσθαι,
276 1571 363 1598 ὁπόσα
377 1572 537 1606 πέπρακται
555 1572 604 1606 μὲν
620 1572 752 1599 ὲπίὸουλα
768 1573 828 1599 κατ’
842 1571 926 1600 αὐτοῦ

133 1618 197 1649 ιτοτς
208 1617 328 1653 ἐχθροῖς,
344 1618 391 1645 καὶ
412 1617 506 1645 ὁπόσοι
532 1618 622 1653 φιλίας
638 1618 796 1652 ὑποκριταὶ,
816 1618 928 1645 πάντων

140 1664 163 1690 δ’
176 1664 326 1699 ὑπέρτερος
338 1663 407 1698 πρὸς
416 1664 465 1699 τῆς
478 1664 583 1691 ἄνωθεν
596 1661 631 1699 ἦν
642 1664 811 1699 τηρούμενος
824 1663 926 1698 δεξιᾶς,

136 1710 216 1736 δέδια
238 1710 275 1745 μή
303 1718 346 1741 τις
362 1710 454 1744 φιλίας
474 1719 507 1745 με
532 1709 672 1745 γράψηται
688 1710 755 1745 πρὸς
783 1710 830 1736 τὸν
844 1710 927 1744 ἄνδρα

143 1757 254 1791 μακρᾶς
269 1756 323 1782 τῶν
337 1755 395 1782 ὅσοι
410 1757 560 1791 γυμνάσιον
574 1756 663 1791 ἕτεροι
680 1756 803 1791 γλώττης
818 1755 928 1782 ποιοῦν-

141 1811 187 1829 ται
202 1803 251 1838 τὴν
264 1803 318 1828 τῶν
330 1801 360 1829 ἐν
375 1810 407 1837 γε
426 1803 464 1837 τῷ
479 1803 595 1838 παρόντι
612 1803 761 1838 γινομένων
774 1811 927 1837 συγγραφι-

142 1850 195 1882 xiv
219 1849 360 1883 ἀφήγησιν
388 1849 455 1883 ἡμῖν
479 1856 510 1882 γε
537 1848 748 1883 παραπλησίως.
769 1848 800 1874 Εἰ
818 1848 872 1882 γάρ
886 1856 927 1878 τις

141 1894 197 1920 τῶν
210 1893 309 1926 ἔξωθεν
327 1894 373 1921 τοῦ
392 1893 426 1920 τὰ
441 1894 531 1920 τοιάδε
552 1894 725 1930 συγγράφειν
751 1893 837 1924 ἑστὼς
854 1901 928 1928 γυμ-

142 1940 247 1972 νασίου,
262 1939 390 1975 καθάπερ
404 1948 447 1971 τις
463 1939 655 1975 Ἑλλανοδίκης
667 1940 714 1967 καὶ
726 1940 833 1975 ἀπαθὴς
848 1939 927 1966 ἀθλο-

144 1986 239 2021 θέτης,
255 1985 342 2012 ἐθέλει
355 1986 477 2019 σκοπεῖν,
492 1985 589 2020 ὄψεται
605 1986 655 2020 μὲν
667 1985 730 2017 τοὺς
744 1985 842 2017 ἄλλους
859 1984 928 2019 ὀργῇ

144 2031 192 2058 καὶ
216 2030 295 2066 θυμῷ
320 2030 577 2066 στρατηγουμένους
607 2030 653 2057 καὶ
672 2030 828 2064 γράφοντας
853 2028 929 2063 παρὰ

143 2076 272 2103 τοσοῦτον
287 2076 393 2108 πάθους
415 2077 538 2107 ἐκείνους
560 2075 590 2102 οὺ
608 2076 681 2110 μάλα
699 2075 788 2107 ὲκτδς,
809 2075 929 2109 παρόσον

144 2122 274 2157 ἀληθείας
290 2123 344 2149 οὐδ’
360 2122 429 2153 ὅλως
443 2122 528 2157 ἔμεγε
544 2121 640 2152 ἐκτός.

182 2169 219 2196 Θ’.
236 2170 273 2196 Οὐ
298 2168 350 2204 γὰρ
377 2168 529 2203 λελείψεται
553 2177 598 2203 μοι
620 2168 675 2194 τῶν
699 2167 808 2194 πάντων
833 2167 929 2201 ὥσπερ

143 2216 218 2243 οὐδὲν
233 2215 286 2242 τῶν
299 2215 513 2253 ἐπαινουμένων,
530 2214 614 2245 οὕτως
630 2213 691 2240 οὐδὲ
701 2214 756 2240 τῶν
770 2213 928 2247 ψεγομένων

144 2262 231 2295 οὐδὲν,
246 2261 311 2288 εἴτι
328 2261 376 2288 καὶ
399 2260 486 2295 τούτῳ
505 2260 597 2295 σαφῶς
616 2259 754 2295 ἀνθρώπῳ
772 2267 803 2293 γε
825 2259 880 2285 ὄντι
897 2260 928 2293 ὴ-

144 2309 294 2344 μὰρτηται,
310 2308 365 2333 εἴτε
378 2308 448 2334 κατὰ
463 2306 574 2342 γνώμην
589 2307 635 2332 καὶ
649 2306 786 2341 βούλησιν,
800 2305 854 2331 εἴτε
868 2304 928 2331 κατ’

143 2355 264 2388 ἄγνοιαν,
284 2354 336 2380 εἴτε
359 2355 405 2380 καὶ
420 2353 469 2388 τῆς
485 2353 531 2380 τοῦ
549 2354 643 2388 χρόνου
663 2361 691 2378 τε
715 2352 761 2378 καὶ
778 2352 830 2377 τῶν
846 2353 928 2384 ἀναγ-

144 2403 229 2427 καίων
249 2400 412 2435 βιαζομένης
423 2400 593 2435 πραγμάτων
604 2399 702 2433 φορᾶς.
721 2398 841 2436 [0.1.021
855 2398 926 2424 Πάν-

143 2456 196 2473 των
212 2446 266 2481 γὰρ
276 2446 378 2472 τούτων
396 2446 464 2480 μόνα
478 2446 512 2471 τὰ
528 2445 597 2471 κατὰ
611 2445 724 2479 γνώμην
735 2445 783 2470 καὶ
802 2444 928 2479 βούλητιν

143 2494 198 2526 ἕχει
213 2494 244 2518 τὸ
253 2492 351 2527 κράτος
369 2492 422 2519 τῶν
441 2491 532 2526 ψόγων
544 2491 590 2517 καὶ
607 2490 660 2517 τῶν
676 2491 804 2516 ἐπαίνων.
822 2491 891 2516 ’Ὅσα
901 2491 927 2516 δὲ

143 2539 256 2574 ῥεούσης
264 2539 294 2565 τό
307 2547 339 2573 γε
351 2538 438 2564 δοκεῖν
447 2538 607 2573 αὐτομάτως
616 2538 662 2563 καὶ
671 2537 755 2570 λόγων
762 2537 813 2562 τῶν
824 2545 928 2571 προση-

143 2586 245 2611 κόντων
268 2585 318 2620 τῆς
340 2585 425 2620 τύχης
442 2585 531 2616 ἐκτὸς,
557 2585 602 2610 καὶ
622 2583 668 2609 νῦν
684 2584 734 2617 μὲν
750 2584 779 2609 τὺ
801 2582 928 2617 εὔδαιμον

142 2633 313 2667 χορηγούσης
335 2632 390 2662 τοῖς
407 2631 532 2664 γινομένο
546 2639 558 2661 ς
585 2630 633 2665 ὅλῃ
655 2630 729 2664 δεξιᾷ
751 2629 796 2654 καὶ
819 2628 901 2663 δρὸμο
915 2637 928 2659 ς

142 2679 278 2713 ἁσχέτοις,
292 2677 338 2704 νῦν
350 2677 378 2704 δὲ
389 2677 438 2710 τῆς
454 2676 560 2706 εὐθείας
575 2675 786 2710 ἁποπλανώσης,
804 2675 849 2701 καὶ
862 2676 928 2709 πρὸς

143 2725 284 2759 κρημνοὺς
299 2723 483 2758 όδηγουμένης
500 2722 567 2757 ὁμοῦ
593 2723 640 2748 καὶ
658 2722 806 2753 σκοπέλους
824 2723 927 2756 duom,-

145 2771 249 2803 μάτων,
265 2771 312 2796 καὶ
329 2770 480 2804 πράγματα
498 2768 605 2802 θρήνων
626 2769 710 2803 μεστὰ
740 2769 786 2794 καὶ
802 2762 928 2803 δακρύων

145 2815 258 2851 μακρῶν
283 2815 477 2854 προξενούσης,
503 2812 543 2845 οἷς
571 2807 755 2849 κακᾶπραγείν
781 2814 848 2849 πρὸς
879 2815 927 2848 τῆς

977 1580 1039 1608 quae
1060 1577 1087 1600 et
1106 1572 1211 1600 inimici
1235 1577 1263 1599 et
1284 1571 1413 1599 amicitiae
1437 1573 1614 1600 simulatores
1633 1572 1766 1600 insidiose

978 1619 1111 1646 adversus
1129 1626 1191 1646 eum
1212 1618 1361 1646 machinati
1379 1622 1461 1649 sunt;
1476 1618 1577 1653 quibus
1593 1623 1684 1646 tamen
1704 1626 1766 1646 om-

978 1665 1061 1692 nibus
1077 1665 1205 1692 altiorem
1231 1673 1293 1692 cum
1318 1665 1446 1700 praestitit
1462 1665 1630 1700 divinajpsa
1651 1668 1766 1697 dextra;

979 1719 1085 1745 verear,
1101 1719 1135 1739 ne
1151 1719 1193 1738 me
1215 1711 1300 1738 studii
1315 1719 1379 1746 erga
1404 1712 1480 1739 illum
1499 1712 1575 1738 nimii
1593 1717 1703 1739 accuset
1715 1712 1767 1739 ali-

979 1757 1041 1792 quis
1056 1765 1088 1784 ex
1107 1757 1142 1784 iis
1155 1757 1201 1792 qui
1220 1757 1353 1792 linguam,
1371 1757 1410 1783 uti
1425 1765 1486 1789 nos,
1505 1761 1635 1784 exercent
1656 1758 1682 1784 in
1702 1765 1768 1784 cou-

979 1803 1124 1831 scribenda
1141 1808 1294 1837 temporum
1309 1808 1466 1829 nostrorum
1482 1802 1605 1829 historia.
1622 1802 1768 1829 Enimvero

979 1850 1003 1877 si
1024 1850 1086 1885 quis
1100 1855 1175 1877 extra
1189 1849 1262 1876 illam
1280 1848 1475 1876 historicorum
1495 1848 1648 1883 palmstram
1663 1849 1768 1875 consti-

980 1900 1065 1928 tutus,
1083 1902 1212 1930 tanquam
1228 1896 1394 1931 agonothcta
1414 1895 1513 1930 aliquis
1529 1902 1561 1922 ac
1582 1902 1678 1930 pugna:
1693 1894 1767 1921 arbi-

982 1947 1023 1969 ter
1042 1942 1228 1976 incorruptus,
1246 1946 1372 1976 spectare
1392 1941 1468 1974 velit,
1486 1941 1589 1968 videbit
1604 1945 1679 1967 certe
1701 1940 1768 1966 alios

981 1988 1028 2016 ira:
1050 1989 1199 2022 animoque
1225 1986 1340 2022 obsequi
1367 1991 1495 2022 tanquam
1520 1986 1595 2018 duci,
1620 1990 1703 2020 atque
1730 1986 1768 2013 ita

979 2033 1112 2066 scribere,
1128 2039 1157 2060 ut
1169 2032 1400 2068 quemadmodum
1412 2040 1464 2067 ego
1477 2039 1530 2059 non
1547 2031 1660 2059 omnino
1671 2031 1767 2059 absum

980 2089 995 2108 a
1013 2081 1138 2112 veritate,
1157 2080 1196 2107 sic
1210 2084 1238 2107 et
1252 2079 1302 2114 ipsi
1322 2079 1356 2106 ab
1378 2079 1453 2107 omni
1469 2086 1581 2113 prorsus
1597 2078 1696 2106 affectu
1713 2086 1767 2104 non

981 2128 1035 2156 sint
1051 2127 1144 2154 alieni.

943 2191 968 2222 Ι)
1017 2174 1062 2201 ΙΧ.
1084 2173 1147 2200 Mihi
1164 2172 1236 2200 enim
1256 2177 1285 2200 ut
1312 2171 1380 2199 nihil
1406 2179 1502 2200 eorum
1522 2178 1582 2206 qua:
1605 2170 1765 2200 laudantur,

983 2220 1018 2247 ita
1039 2227 1090 2247 nec
1103 2227 1198 2247 eorum
1214 2227 1274 2254 qum
1287 2220 1480 2253 vituperantur
1494 2217 1644 2253 quidquam
1661 2217 1769 2243 omitte-

981 2269 1035 2295 tur,
1058 2263 1078 2291 si
1100 2263 1165 2298 quid
1181 2263 1214 2290 ab
1227 2264 1279 2290 isto
1299 2268 1393 2297 utpote
1414 2263 1524 2291 homine
1541 2266 1682 2297 peccatum
1701 2269 1767 2288 con~

979 2313 1042 2341 stet,
1057 2310 1114 2336 sive
1128 2308 1244 2336 consilio
1267 2317 1298 2334 ac
1321 2308 1473 2339 voluntate,
1492 2307 1549 2334 sive
1574 2315 1622 2341 per
1642 2308 1768 2342 ignorati-

982 2356 1055 2385 tiaun.
1079 2356 1135 2382 sive
1162 2360 1316 2389 temporum
1344 2363 1375 2381 ac
1402 2355 1574 2382 necessitatis
1592 2354 1617 2381 \‘i
1641 2358 1766 2388 cogente.

981 2402 1018 2428 Ex
1039 2401 1080 2428 his
1094 2402 1195 2436 quippe
1215 2401 1343 2428 omnibus
1361 2409 1393 2427 ea
1417 2401 1473 2428 sola
1491 2402 1615 2427 maxime
1631 2400 1767 2427 laudanda

980 2452 1026 2474 aut
1051 2447 1230 2481 vituperanda
1256 2451 1331 2476 sunt,
1357 2455 1416 2481 qum
1440 2455 1493 2473 non
1522 2447 1581 2473 sine
1604 2445 1719 2473 consilio
1737 2452 1767 2471 ac

980 2494 1118 2520 voluntate
1135 2492 1213 2518 fiunt.
1231 2491 1296 2524 Qua:
1320 2499 1384 2518 vero
1408 2492 1535 2518 accidunt
1553 2492 1663 2522 lluemc,
1679 2497 1767 2523 quan—

982 2546 1038 2565 lum
1053 2539 1163 2573 quidem
1177 2538 1297 2569 videtur,
1313 2543 1416 2564 temore
1433 2542 1459 2563 et
1477 2537 1545 2563 citra
1564 2537 1648 2570 legem
1665 2543 1686 2561 ci
1699 2541 1766 2560 rtaln

981 2586 1089 2612 fortuna
1110 2586 1219 2618 (nempe
1237 2584 1293 2610 inec
1314 2583 1394 2609 modo
1413 2583 1569 2609 lelicitutcm
1589 2584 1659 2615 larga
1686 2588 1767 2606 manu

980 2637 1007 2658 et
1025 2631 1133 2665 profuse
1151 2630 1324 2664 impertitur;
1344 2629 1449 2655 tnodoa
1463 2632 1536 2655 recta
1553 2627 1594 2653 \ia
1608 2628 1767 2653 aberrantes

981 2677 1007 2703 in
1034 2684 1153 2711 praeceps
1183 2676 1239 2710 agit
1271 2680 1353 2709 atque
1384 2675 1410 2700 in
1444 2674 1572 2708 scopulos
1593 2672 1777 2700 temeritatis»

980 2723 1145 2757 facessiique
1183 2722 1218 2749 iis
1251 2721 1358 2757 negotia
1394 2720 1484 2747 lltt‘llls
1519 2726 1550 2746 ac
1585 2719 1766 2753 lat‘rynm'um

979 2769 1062 2804 646
1078 2769 1166 2803 plena.
1188 2775 1256 2802 quos
1273 2775 1333 2794 esse
1352 2766 1474 2794 infelices
1496 2766 1578 2801 jusﬂt
1596 2766 1753 2799 oiuuipnlcn

982 2820 1015 2842 tis
1031 2813 1208 2849 providentia:
1223 2813 1385 2846 decretum),
1401 2820 1470 2847 qute,
1488 2812 1610 2845 inquam.
1628 2819 1641 2836 a
1658 2811 1768 2836 fortuna
