1924 3076
191 97 242 132 8'It
334 96 371 131 [Α.
393 104 420 123 ιι.
442 95 523 127 0851,
544 101 598 121 Iun.
622 93 663 128 ll]

806 95 1010 125 Nli‘El’HOItI
1031 95 1220 125 GREGUll/E

1364 91 1430 126 [tum
1451 98 1470 117 ι.
1493 96 1610 117 rumor.
1630 86 1660 124 ε]

1753 88 1818 121 879-

192 154 251 181 Non
274 153 357 188 igitur
373 152 502 180 visitandi
529 158 601 177 nunc
627 155 746 183 tempur.
763 149 810 176 sed
838 149 975 176 uberrime

1032 158 1103 180 νους.
1121 150 1157 175 Οὐ
1176 148 1290 183 θεωρίας
1303 146 1349 174 οὖν
1362 149 1376 173 ό
1396 149 1490 181 παρὼν
1512 146 1607 180 καιρὸς
1634 145 1694 172 οὐδὲ
1709 145 1813 178 λόγων,

191 198 286 226 tlcndi.
304 198 401 225 Gravis
417 197 489 224 enim
505 197 550 223 hic
565 196 653 227 dolor,
671 195 716 229 qui
732 199 760 222 et
781 202 859 222 acres
880 195 975 221 admo-

191 251 256 271 vere
275 244 354 270 mihi-
364 243 490 270 stimulos
507 246 535 269 et
555 241 690 268 violentas
709 240 801 266 animo
822 247 884 267 meo
901 240 975 267 faces

192 288 302 316 videtur
312 288 469 320 subiicere;
484 287 612 322 quoniam
627 284 699 312 haud
714 284 795 311 datur
808 292 881 317 eum,
897 285 975 320 cujus

192 333 352 367 impressam
365 340 430 367 gero
444 333 470 359 in
487 331 569 358 corde
584 329 741 364 imaginem.
754 329 872 356 amicum
887 330 976 357 intue-

192 379 216 406 ri
233 379 462 413 pulcherrimum,
477 375 661 412 imperatoriis
673 376 885 411 circumseptum
896 383 975 403 orna-

193 429 306 460 tumque
321 423 501 452 exercitibus.
522 432 531 449 ι

227 513 272 541 lll.
291 514 347 541 Nec
360 520 426 540 vero
441 512 467 540 id
490 513 582 548 lingua
597 513 656 548 ejus
670 513 710 541 sic
729 512 848 544 dicebat,
871 517 899 540 ut
916 513 975 539 ani-

192 568 254 588 mus
269 568 323 586 non
340 559 502 586 adiceretur.
521 558 574 586 Sed
591 559 679 586 multo
694 559 790 594 majori
807 558 881 586 intus
897 557 975 584 dolo-

192 614 222 634 re
239 611 335 641 pectus
349 605 482 640 ﬂagrabat
498 609 578 640 atque
597 605 807 632 incendebatur.
832 605 916 638 ldque
933 604 975 631 af-

191 652 303 678 ﬁrmare
324 651 412 678 ausim
440 651 566 685 pluribus
596 651 731 685 exemplis
755 651 922 679 declaratum
942 650 975 676 iri

169 696 356 729 _cvidentius,
383 696 550 731 procedente
578 696 629 723 hac
659 696 784 723 historia.
818 696 894 723 Adeo
921 702 976 722 non

191 745 326 772 Barbaros
352 744 470 771 habebat
492 743 574 770 homo
599 744 743 774 barbarus.
768 744 815 772 sed
840 744 976 771 humanos

191 799 294 823 mores,
311 795 338 818 et
354 790 476 818 Grzecam
493 790 572 824 plane
587 789 789 817 institutionem
806 789 974 816 redolentes.

191 838 296 864 Llorum
310 837 383 864 enirn
403 837 565 868 similitudo,
583 837 606 864 si
625 836 662 863 nil
675 836 805 870 amplius,
821 840 849 862 at
865 835 977 863 Orestas

191 890 266 912 certe
284 884 453 920 Pyladasque
469 884 541 912 inter
558 891 587 912 se
604 883 734 912 conciliat
748 891 755 910 :
771 888 799 910 et
821 886 901 910 erant
916 882 978 918 qui-

192 930 254 957 dem
271 929 308 957 illi
321 929 418 957 eadem
432 933 513 964 gente
525 929 638 956 oriundi
659 932 688 956 et
710 928 844 963 sanguine
863 932 977 962 cognato

190 974 293 1010 juncti,
307 971 462 1008 iisdemque
477 979 505 1001 et
521 973 628 1009 legibus
651 979 678 1000 et
700 972 853 1008 disciplinis
868 971 975 999 imbuti.

191 1019 246 1047 lsle
263 1024 354 1047 autem
378 1019 505 1046 barbaris
526 1019 686 1054 parentibus
702 1023 794 1049 natus.
812 1017 936 1046 moribus
949 1022 978 1044 et

191 1065 298 1100 legibus
315 1065 439 1092 barbaris
453 1073 469 1093 a
485 1065 601 1100 puerilia
618 1065 771 1094 institutus.
789 1064 935 1099 peregrino
949 1068 977 1091 et

190 1118 318 1138 sermone
341 1115 369 1138 et
388 1111 462 1138 victu
478 1119 540 1138 cum
560 1115 695 1143 uteretur,
714 1111 794 1145 longo
808 1109 887 1141 mari,
907 1110 978 1137 mul-

192 1157 227 1184 Iis
244 1161 272 1184 et
291 1157 431 1184 montibus
444 1162 472 1184 et
487 1157 605 1184 vallibus
623 1156 766 1192 profundis
781 1164 795 1183 a
807 1156 977 1184 CantaCuze-

191 1211 227 1229 no
243 1203 360 1235 divisus,
376 1203 457 1230 vitam
481 1211 592 1238 prorsus
616 1203 780 1238 disjunetam
799 1207 827 1230 et
843 1202 882 1230 illi
899 1203 984 1238 igno-

192 1253 245 1275 tam
263 1248 369 1283 agebat,
387 1249 496 1282 qualem
510 1248 601 1283 quivis
614 1248 767 1283 alienigena
782 1257 788 1275 :
803 1250 869 1283 quin
885 1253 913 1275 et
929 1255 978 1282 pro

193 1294 287 1320 hostili
303 1294 425 1321 habitam
446 1294 530 1328 65o
551 1293 638 1321 ausim
661 1293 763 1321 dicere.
782 1293 874 1328 quue
891 1293 930 1325 lit,
949 1297 978 1320 ut

191 1339 274 1373 longo
293 1338 345 1365 iste
362 1339 506 1366 intervallo
522 1339 582 1365 illos
601 1338 707 1365 ratione
723 1338 852 1366 amicitiae
864 1337 979 1365 transie-

193 1385 238 1416 rit,
254 1388 280 1410 et
298 1384 359 1418 ejus
377 1383 463 1418 ruagis
480 1391 561 1418 quam
578 1384 686 1411 illorum
705 1383 820 1411 allectus
844 1383 877 1410 ad
901 1390 977 1411 sum-

193 1436 266 1456 ruum
283 1429 400 1456 fervoris
413 1428 527 1464 gradum
544 1429 712 1464 pervenerit.

230 1517 274 1545 iV.
294 1517 372 1550 Quod
389 1518 410 1545 si
428 1517 491 1552 quis
507 1516 696 1545 Cantacuzeuo
717 1518 859 1546 blandiens
872 1518 898 1545 in
913 1525 977 1546 eum

194 1562 320 1591 conferat
337 1562 475 1598 quidquid
502 1563 624 1589 melioris
642 1570 729 1590 causa:
747 1561 810 1595 fuit.
835 1564 978 1591 veritatem

194 1609 217 1635 is
231 1608 371 1647 manifesta
388 1608 487 1641 injuria
508 1609 617 1636 alliciat.
643 1608 784 1636 Ambobus
797 1616 862 1637 sane
877 1609 899 1637 si
916 1610 978 1644 quis

194 1657 266 1682 hanc
294 1654 396 1681 tribuat
424 1654 543 1686 Iaudem,
569 1655 672 1681 carebit
699 1655 921 1689 reprehensione.
949 1655 977 1683 Si

194 1708 260 1727 vero
277 1699 375 1734 aliquis
395 1704 478 1727 totam
498 1699 575 1734 alteri
598 1700 707 1734 eripiat,
732 1708 765 1728 eo
782 1701 852 1734 quod
877 1701 975 1728 barba-

195 1755 241 1773 rus
255 1753 354 1780 genere
374 1745 458 1773 fuerit
483 1754 514 1772 ac
538 1746 650 1773 minime
674 1742 755 1773 nobis
775 1745 874 1778 alliuis,
891 1746 978 1773 uerni-

195 1798 256 1817 nem
278 1795 343 1824 puto
358 1791 479 1816 omnium
499 1790 567 1821 fore,
591 1791 637 1825 qui
660 1799 715 1818 non
732 1791 807 1817 illum
825 1792 922 1818 merito
937 1800 979 1818 re—

195 1835 358 1870 prehendat.
373 1836 534 1862 Auirnorum
551 1837 652 1871 quippe
665 1837 821 1871 conjunctio
835 1842 863 1864 et
877 1842 977 1870 cogita-

195 1883 233 1909 tio
261 1891 314 1908 non
336 1890 369 1909 ex
395 1890 494 1917 genere
520 1883 682 1912 tesimatur,
711 1883 758 1909 sed
784 1891 817 1910 cx
845 1891 878 1909 eo
904 1883 976 1917 quod

195 1928 336 1962 utriusque
347 1927 441 1954 eadem
454 1928 488 1955 sit
499 1927 636 1954 voluntas.
650 1927 886 1960 Quemadmodum
902 1929 975 1955 enim

194 1975 222 2000 in
241 1973 431 2000 instrumentis
449 1973 572 2004 musicis.
591 1973 676 2003 tibiis.
704 1973 780 2008 lyris,
805 1973 930 2004 citharis.
946 1981 978 2001 ac

196 2019 342 2054 tympanis.
368 2027 422 2045 non
443 2018 566 2046 locorum
590 2019 718 2045 vicinitas
740 2019 874 2046 musicum
896 2018 978 2046 ellirit

194 2069 369 2096 concentum,
384 2063 430 2091 sed
446 2071 577 2097 sonorum
601 2064 740 2091 modulata
755 2065 910 2095 consensio,
926 2065 978 2091 etsi

195 2110 264 2137 locis
281 2109 415 2150 disiuncta
433 2108 486 2137 sint
508 2118 540 2137 ea
560 2117 621 2144 qua:
643 2110 704 2137 soni
729 2110 874 2138 ellieientia
900 2115 976 2144 sunt,

1026 194 1094 220 ἀλλὰ
1109 188 1236 228 δακρύων
1263 192 1387 227 μακρῶν.
1409 190 1554 226 Ἐμὸριθὲς
1578 190 1633 225 γὰρ
1656 190 1687 215 τὸ
1712 189 1814 219 πάθος,

1026 239 1074 263 καὶ
1089 238 1216 271 δριμείας
1229 237 1279 271 μὲν
1295 235 1418 271 κομίζειν
1432 235 1507 262 δοκεῖ
1521 243 1566 270 μοι
1581 234 1630 266 τὰς
1641 232 1812 268 φλεγμονὰς,

1023 283 1208 319 δριμυτέρους
1226 283 1248 308 δ’
1263 282 1380 315 ἐπάγειν
1394 290 1444 316 μου
1457 282 1491 316 τῇ
1505 280 1577 316 ψυχῇ
1592 280 1656 310 τοὺς
1679 279 1812 314 πρηστῆ-

1026 336 1076 363 ρας
1088 336 1095 344 ·
1123 328 1186 354 ἐπεὶ
1204 327 1250 354 τὸν
1280 327 1472 354 ἐντυπωθέντα
1509 335 1560 361 μου
1577 327 1610 360 τῇ
1627 324 1724 360 καρδίᾳ
1742 325 1814 351 κάλ-

1025 375 1116 400 λιστον
1148 374 1225 408 φίλον
1260 372 1369 407 βλέπειν
1400 373 1451 399 οὐκ
1479 371 1545 407 ἔχω,
1568 372 1624 401 τοῖς
1659 369 1812 405 βασιλικοῖς

1025 419 1218 454 στρατοπέδοις
1235 417 1484 454 περικυκλούμενόν
1499 426 1528 444 τε
1546 417 1594 443 καὶ
1607 415 1815 450 ὲγκαλλωπιζό-

1026 474 1115 501 μενον.
1136 474 1144 490 ι

1059 510 1096 535 Γ’.
1113 509 1167 535 Καὶ
1182 509 1230 535 οὐκ
1240 508 1317 542 ἔλεγε
1335 509 1384 545 μὲν
1398 507 1486 534 ταῦτα
1498 508 1532 542 τῇ
1547 506 1666 541 γλώττῃ,
1679 506 1730 532 οὐκ
1739 504 1814 531 ἐπα-

1025 564 1072 591 σχε
1099 556 1127 582 δὲ
1141 555 1190 589 τὴν
1205 555 1304 590 ψυχήν.
1323 555 1405 581 Ἀλλὰ
1422 554 1521 589 μακρῷ
1533 562 1585 580 τινι
1601 553 1694 588 μεῖζον
1708 551 1739 578 τὸ
1757 551 1814 577 πά-

1025 599 1070 632 θος
1086 599 1160 626 ἔνδον
1170 599 1253 626 αὺτοῦ
1270 601 1319 634 τὴν
1333 598 1422 633 ψυχὴν
1454 597 1606 632 δπυρπόλει
1634 597 1682 624 καὶ
1706 597 1815 627 ἔκαιεν,

1025 645 1063 677 ὦς
1085 646 1290 680 ἐμφανέστερον
1313 644 1434 680 πολλαχῆ
1468 644 1618 678 προϊοῦσαν
1638 643 1737 676 δείξειν
1759 643 1816 676 τὴν

1026 691 1146 725 ἱστορίαν
1156 691 1237 722 αὐτὸς
1253 690 1439 726 ἰσχυρίζομαι.
1461 689 1557 721 Οὕτως
1576 689 1607 716 οὐ
1632 689 1773 724 βάρϐαρον
1800 689 1816 715 ὁ

1026 737 1164 772 βάρῦαρος
1184 734 1240 771 εἷχε
1257 737 1301 763 τὸν
1323 737 1434 771 τρόπον,
1465 735 1525 772 αλλ’
1549 735 1653 770 ἥμερον
1680 735 1726 761 καὶ
1746 743 1817 761 παι-

1026 771 1101 813 δείας
1123 782 1283 817 Ἑλληνικῆς
1310 781 1340 808 τὸ
1368 771 1500 816 παράπαν
1528 782 1667 814 ἐχόμενον.
1693 780 1727 807 Ἢ
1756 780 1817 816 γὰρ

994 825 1014 854 Β
1029 829 1155 863 ὁμοιότης
1168 828 1222 854 τῶν
1247 827 1366 862 τρόπων,
1391 828 1415 853 εί
1443 827 1481 861 μή
1503 835 1528 854 τι
1563 827 1654 859 πλέον,
1679 826 1738 852 ἀλλ’
1765 825 1817 852 οὖν

1034 873 1174 909 Ὀρέσταις
1187 873 1255 908 όμοῦ
1283 873 1331 900 καὶ
1358 873 1492 904 Πυλάδαις
1516 872 1608 907 σαφῶς
1635 872 1759 898 εἰσποιεῖ.
1780 872 1815 898 Ut

1030 920 1079 954 μὲν
1093 920 1148 954 γὰρ
1165 919 1308 954 ὁμόφυλοι,
1324 918 1376 951 κάξ
1405 919 1529 954 αἱμάτων
1556 918 1738 952 συγγενικῶν,
1763 917 1817 944 καὶ

1028 966 1118 1000 νόμων
1134 966 1181 992 καὶ
1197 966 1367 1001 μαθημάτων
1389 967 1589 1001 μετεσχηκότες
1602 964 1671 1000 ὁμοῦ
1683 965 1739 991 τῶν
1765 965 1818 991 αὖ·

1014 1013 1083 1042 ,τῶν
1096 1019 1104 1027 ⁸
1120 1012 1134 1038 ὁ
1148 1012 1175 1038 δὲ
1190 1012 1328 1048 βάρϐαρον
1341 1012 1410 1047 ἔχων
1426 1012 1476 1047 τὴν
1498 1013 1617 1046 γένεσιν,
1637 1012 1685 1038 καὶ
1710 1011 1820 1046 βαρῦά·

1029 1064 1086 1090 ροις
1102 1056 1179 1091 ἧθεσί
1191 1065 1220 1083 τε
1234 1057 1282 1083 καὶ
1295 1056 1388 1091 νόμοις
1404 1056 1653 1092 συντεθραμμένος,
1675 1057 1722 1082 καὶ
1736 1056 1817 1082 ἁλλο-

1029 1103 1106 1137 φύλῳ
1121 1102 1260 1137 χρώμενος
1276 1104 1351 1138 φωνῇ
1371 1102 1418 1129 καὶ
1439 1102 1546 1137 γλώττῃ
1563 1102 1610 1129 καὶ
1635 1102 1738 1138 διαίτῃ,
1766 1104 1818 1129 καὶ

1030 1148 1144 1178 πολλαῖς
1155 1148 1206 1182 μὲν
1221 1148 1379 1181 θαλάσσαις,
1404 1147 1512 1179 πολλοῖς
1527 1147 1549 1174 δ’
1560 1147 1635 1182 δρεσί
1651 1155 1680 1173 τε
1695 1149 1743 1174 καὶ
1759 1148 1816 1182 φά-

1029 1192 1111 1228 ραγξι
1137 1193 1364 1228 Καντακουζηνοῦ
1400 1193 1582 1227 διῖστάμενος,
1612 1194 1728 1227 ἄμικτον
1755 1192 1818 1228 εἶχε

1030 1239 1119 1274 πάντη
1132 1239 1178 1265 τδν
1194 1239 1251 1273 βίον
1265 1239 1339 1273 αὐτῷ
1359 1241 1405 1266 καὶ
1430 1240 1539 1273 ἀγνῶτα
1569 1240 1616 1266 καὶ
1643 1240 1796 1274 ἀλλόφυλον
1807 1248 1816 1256 ⁸

1029 1285 1109 1320 φαίην
1123 1285 1147 1312 δ’
1163 1285 1196 1312 ἂν
1208 1286 1255 1312 καὶ
1276 1287 1304 1311 ὲν
1315 1286 1420 1321 ἐχθρῶν
1442 1286 1608 1320 τεταγμένον
1638 1286 1722 1322 μοίρᾳ
1736 1295 1743 1301 ·
1777 1286 1818 1318 ὡς

1030 1332 1144 1367 μακροῖς
1159 1340 1214 1359 τισι
1228 1331 1271 1358 διὰ
1284 1331 1370 1358 ταῦτα
1389 1333 1445 1363 τοῖς
1465 1332 1575 1367 μέτροις
1595 1335 1701 1358 τουτονὶ
1726 1341 1818 1367 παρεε

1028 1377 1136 1404 λαύνειν
1150 1378 1270 1408 ἐκείνους
1285 1378 1325 1408 εἰς
1341 1377 1418 1411 λόγον
1431 1377 1532 1411 φιλίας,
1543 1377 1590 1403 καὶ
1605 1378 1674 1404 πολὺ
1684 1377 1715 1404 τὸ
1727 1378 1817 1412 ὑπαρ-

1029 1423 1126 1450 6άλλον
1138 1423 1186 1458 τῆς
1203 1423 1306 1458 θέρμης
1336 1423 1384 1456 τὴν
1408 1422 1504 1449 τούτου
1534 1422 1636 1456 μᾶλλον
1662 1422 1817 1457 κεκτῆσθαι

1031 1470 1133 1505 σχέσιν,
1150 1470 1166 1504 ἢ
1181 1469 1230 1504 τὴν
1245 1468 1368 1496 ἐκείνων.

1065 1516 1101 1543 A'.
1119 1515 1148 1541 Et
1166 1515 1194 1542 δέ
1219 1523 1260 1546 ¹ιἰς
1285 1513 1504 1550 Καντακουζηνῷ
1522 1513 1700 1549 χαριζόμενος
1715 1514 1745 1540 τὸ
1760 1516 1818 1541 πᾶν

1029 1561 1078 1597 τῆς
1091 1551 1226 1597 βελτίονος
1255 1561 1346 1592 αἰτίας
1363 1561 1463 1594 τουτῳῖ
1476 1561 1565 1596 φέρων
1589 1561 1740 1596 ἀνατιθείη,
1757 1562 1817 1588 ἅδην

1032 1609 1144 1642 κήσειεν
1163 1607 1196 1634 ἂν
1213 1607 1242 1639 ις
1257 1606 1294 1633 τό
1303 1606 1441 1642 προφανὲς
1455 1612 1504 1642 την
1520 1608 1657 1642 ἀλήθειαν.
1684 1609 1820 1641 Ἀμφοτε-

1031 1662 1088 1688 ροις
1101 1653 1155 1689 γὰρ
1171 1653 1248 1684 εἴτις
1262 1654 1336 1679 τουτὶ
1358 1652 1502 1688 παρέχοιτο
1520 1653 1650 1687 τάγαθὸν,
1668 1654 1762 1680 οὐδένα
1782 1655 1818 1681 ἂν

1030 1699 1120 1734 σχοίη,
1131 1700 1206 1731 ὅστις
1221 1699 1268 1725 καὶ
1284 1700 1439 1733 μέμφεσθαι
1455 1699 1585 1733 βούλοιτο.
1600 1699 1642 1735 [Ρ.
1656 1699 1718 1735 105]
1732 1700 1764 1725 Εἰ
1773 1709 1815 1731 τις

1029 1745 1051 1769 δ’
1064 1745 1169 1770 ἐκείνου
1182 1744 1308 1777 καθάπαξ
1325 1743 1397 1770 τοῦτ’
1411 1743 1538 1779 ἀφαιροίη
1551 1744 1679 1778 τάγαθὸν,
1695 1746 1735 1770 ὁτι
1749 1746 1818 1779 βάρ-

1030 1791 1115 1820 ὁαρον
1130 1790 1193 1825 ἕτχε
1211 1791 1239 1816 τὸ
1259 1791 1342 1823 ’γένος
1361 1790 1408 1816 χαὶ
1422 1790 1523 1824 ἥκιστα
1543 1790 1686 1824 συγγενὲς,
1715 1790 1815 1817 οὐδένα

1029 1835 1062 1862 ἂν
1075 1833 1151 1869 οἶμαι
1169 1836 1246 1869 σχοίη
1270 1835 1324 1860 τῶν
1361 1835 1480 1866 πάντων,
1506 1835 1580 1865 ὅστις
1609 1836 1658 1861 οὐκ
1685 1836 1817 1867 ἐπιεικῶς

1032 1880 1180 1914 μέμψαιτο.
1197 1881 1252 1914 Τὴν
1273 1882 1326 1916 γὰρ
1340 1881 1389 1915 τῆς
1401 1881 1490 1916 ψυχῆς
1502 1882 1629 1915 ὁμόνοιαν
1645 1890 1675 1907 τε
1688 1884 1736 1908 καὶ
1750 1891 1818 1915 συγ-

1030 1926 1137 1959 γένειαν
1151 1927 1211 1961 οὐχὶ
1225 1926 1254 1952 τὺ
1271 1926 1358 1960 γένος,
1373 1926 1430 1953 ἀλλ’
1456 1929 1472 1962 ὴ
1485 1928 1535 1961 τῆς
1558 1927 1672 1962 γνώμης
1694 1928 1816 1955 δείκνυσι

1030 1972 1174 2006 ταυτότης.
1201 1971 1244 2003 ’ος
1264 1973 1318 2007 γὰρ
1332 1974 1361 1999 ὲν
1376 1974 1431 2003 τοῖς
1455 1975 1595 2007 μουσικοῖς
1615 1974 1754 2008 ὀργάνοις,
1767 1976 1817 2001 ὅσα

1031 2020 1060 2044 ἐν
1075 2019 1165 2049 αὐλοῖς
1181 2019 1227 2044 καὶ
1241 2018 1339 2054 λύραις
1359 2019 1408 2045 καὶ
1435 2020 1563 2054 κιθάραις
1585 2022 1632 2046 καὶ
1653 2019 1816 2054 τυμπᾶνοις,

1030 2065 1079 2098 οὐχ
1092 2065 1108 2099 ἡ
1121 2064 1174 2090 τῶν
1185 2065 1275 2091 τόπων
1289 2064 1408 2099 ὲγγύτης
1416 2065 1467 2099 τὴν
1475 2065 1525 2099 τῆς
1540 2066 1673 2100 ἁρμονίας
1684 2067 1816 2102 δημιουρ-

1030 2111 1074 2144 γεῖ
1086 2111 1257 2144 συμφωνίαν,
1278 2110 1335 2136 ἀλλ’
1351 2111 1366 2145 ὴ
1385 2110 1434 2145 τῆς
1457 2111 1549 2146 φωνῆς
1577 2112 1699 2148 ἐμμελὴς
1727 2114 1817 2148 ὁμοιό-

197 2155 367 2183 tantumdem
387 2155 496 2190 quoq'uc
510 2156 716 2190 deprehendere
731 2161 774 2184 est
792 2161 820 2184 et
840 2157 867 2183 in
889 2157 977 2184 homi-

1035 2165 1095 2190 της,
1110 2155 1161 2182 κᾶν
1177 2155 1300 2190 ἀλλήλων
1311 2155 1406 2192 πόρρω
1423 2164 1476 2182 που
1489 2157 1537 2192 τὴν
1566 2158 1682 2192 τοπικὴν
1699 2158 1817 2193 τύχωσιν

197 2209 262 2227 num
277 2201 385 2233 animis,
400 2201 451 2228 etsi
467 2201 537 2228 forte
548 2209 581 2229 cx
595 2201 724 2236 gentibus
738 2202 855 2230 diversis
870 2202 978 2237 generis

196 2247 239 2274 sui
255 2247 389 2282 originem
409 2248 519 2279 ducant,
535 2248 586 2275 etsi
603 2248 719 2275 inﬁnitis
734 2256 748 2275 a
762 2256 791 2276 se
805 2249 920 2276 invicem
937 2248 979 2274 di~

197 2296 269 2319 stent
286 2296 364 2319 teme
382 2300 411 2318 ac
427 2293 508 2320 maris
526 2293 688 2320 intervallis.

234 2437 265 2464 ν.
290 2437 323 2464 lis
336 2444 427 2470 porro,
444 2443 502 2468 qum
515 2435 582 2467 dixi,
601 2436 667 2462 lides
681 2435 781 2462 deinde
797 2435 902 2462 firmior
915 2443 981 2462 con-

199 2484 282 2511 stabit
297 2491 329 2509 ex
352 2482 396 2513 iis,
422 2490 481 2516 qua:
499 2482 663 2516 procedente
681 2482 732 2508 hoc
750 2488 833 2515 opere
857 2481 981 2507 dicentur

199 2531 233 2556 de
259 2529 369 2556 homine
394 2529 449 2559 illo.
473 2535 574 2563 genere
595 2527 707 2562 quidem
731 2532 758 2554 at
781 2535 834 2554 non
858 2527 981 2554 moribus

201 2577 334 2606 barbaro;
350 2574 502 2608 cujusmodi
524 2578 566 2601 est
588 2573 671 2601 istud.
695 2573 763 2600 Cum
781 2580 814 2599 cx
834 2572 982 2607 Didymoti—

199 2624 250 2648 rho
263 2622 418 2656 imperatrix
435 2622 509 2648 lrcue
537 2620 652 2655 plurima
673 2620 696 2646 ei
725 2619 855 2651 mitteret,
872 2627 933 2653 qua:
950 2620 982 2645 ad

202 2673 304 2693 vntum
331 2672 377 2693 aut
403 2668 434 2692 ad
461 2667 590 2693 vestitum
616 2666 794 2700 pertinerent,
817 2673 911 2698 qua-ve
937 2673 984 2691 no-

200 2718 359 2738 eturnorurn
377 2711 522 2745 tegrninum
540 2717 619 2736 usum
638 2709 789 2743 erplerent,
813 2717 844 2736 ac
867 2709 983 2737 sawien-

203 2763 256 2783 tem
275 2763 330 2784 tum
347 2758 475 2791 temperis
487 2756 566 2792 651
583 2752 762 2782 hibernorum
780 2755 911 2790 frigorum
929 2757 982 2783 vim

201 2812 296 2831 arcere
311 2809 428 2839 possent,
454 2804 521 2830 nihil
549 2811 667 2837 unquam
692 2802 820 2836 acet-pit;
839 2803 917 2837 plane
934 2803 982 2830 ab-

1033 2202 1129 2236 ἕχοντα
1148 2201 1222 2228 θέσιν
1237 2202 1272 2228 τὰ
1284 2202 1332 2236 τῆς
1359 2203 1452 2236 φωνῆς
1477 2204 1666 2238 τελεσιουργὶ,
1693 2204 1766 2231 οὕτω
1787 2205 1818 2240 δὴ

1032 2249 1062 2274 τὸ
1078 2247 1268 2282 παραπλήσιον
1284 2248 1422 2275 δείκνυται
1444 2249 1496 2276 κάν
1519 2251 1579 2280 ταῖς
1595 2250 1649 2276 τῶν
1668 2251 1818 2285 ἀνθρώπων

1033 2295 1143 2329 ψυχαῖς,
1169 2295 1222 2320 κᾶν
1246 2293 1411 2328 ἀλλοφύλους
1433 2294 1541 2329 ἔχοντες
1566 2295 1669 2330 τύχωσι
1691 2297 1740 2327 τὰς
1773 2296 1819 2323 τοῦ

1034 2340 1129 2372 γένους
1141 2340 1288 2374 κρηπῖδας,
1300 2342 1352 2366 κᾶν
1364 2341 1471 2375 μυρίοις
1483 2341 1557 2376 ὅροις
1568 2341 1618 2376 γῆς
1626 2344 1671 2368 καὶ
1685 2343 1820 2378 θαλάττης

1034 2385 1158 2420 ἀλλήλων
1172 2387 1339 2421 ἀπέχωνται.

1072 2433 1109 2458 Ε¹.
1133 2433 1296 2468 Βεϐαιότερα
1311 2433 1333 2459 δ’
1353 2434 1497 2463 ἔσταιτοίς
1517 2434 1673 2468 εἰρημένοις
1689 2434 1819 2469 ἐχέγγυα,

1035 2480 1120 2505 όπὸτα
1147 2481 1266 2514 προῖόντι
1284 2480 1324 2515 τῷ
1339 2480 1409 2515 ὶόγῳ
1420 2481 1557 2513 λελέξεται
1574 2482 1636 2516 περὶ
1651 2482 1696 2507 τοῦ
1719 2483 1820 2517 βαρϐα-

1037 2534 1084 2559 ρου
1099 2525 1177 2552 τοῦδε
1193 2526 1221 2551 τὸ
1239 2527 1316 2559 γένος
1344 2528 1389 2552 xui.
1405 2527 1434 2552 οὗ
1451 2528 1495 2552 τὴν
1510 2529 1611 2562 τρόπον
1637 2528 1733 2563 ἀνδρός
1746 2537 1753 2544 ο
1768 2527 1822 2554 οἷον

1037 2571 1067 2604 δὴ
1082 2572 1202 2597 κάκεῖνο.
1223 2571 1341 2597 Πλεῖστα
1354 2573 1406 2607 γὰρ
1419 2573 1466 2606 τῆς
1483 2573 1619 2606 βασιλίδος
1638 2574 1758 2608 Εἰρήνης
1791 2576 1822 2600 ἐκ

1038 2617 1228 2651 Διδυμοτείχου
1263 2619 1438 2652 πεμπούσης,
1468 2620 1554 2645 ὁπόσα
1572 2621 1611 2650 εἰς
1637 2623 1739 2655 τροφὴν
1764 2624 1822 2646 επι-

1039 2663 1142 2697 τηδεια.
1159 2665 1205 2689 καί
1225 2664 1275 2690 ὅσα
1292 2666 1320 2688 iv
1337 2664 1480 2698 ἐνδύμασι,
1514 2666 1562 2691 καὶ
1584 2666 1634 2692 ὅσα
1663 2667 1822 2700 νυκτερινῆς

1040 2711 1144 2748 exinni
1159 2709 1371 2744 ἀποπληροῦντα
1400 2712 1494 2744 χρείαν
1512 2714 1519 2720 ⁴
1534 2711 1581 2745 τὴν
1607 2712 1653 2738 τοῦ
1685 2713 1822 2746 χειμερίου

1040 2758 1144 2790 dilati;
1163 2758 1307 2782 ἀποσοϐεῖν
1335 2757 1463 2784 ἐδύναντο
1491 2758 1645 2792 τηνικαῦτα
1667 2759 1823 2794 δριμύτητα

1040 2804 1115 2829 οᾷδὲν
1129 2803 1234 2838 οὐδαμῆ
1250 2803 1430 2838 προῖεδέξατο
1444 2813 1450 2820 ·
1467 2805 1523 2830 ἀλλ’
1552 2805 1654 2839 ἔφησεν
1677 2804 1748 2838 εἷνβι
1778 2813 1823 2832 σα-
