1924 3076
330 185 368 220 ιλ.
389 192 414 211 c.
437 184 513 220 ista]

149 186 202 220 877

650 185 869 218 BYZANTIN/E
886 189 1075 219 HISTORIJZ
1090 189 1163 220 LIB.
1174 190 1257 220 Xlll.

1363 197 1414 216 me.
1434 196 1453 216 ιε
1476 195 1593 217 subeat.
1614 190 1643 226 9.]

1715 192 1768 225 87$

189 247 226 276 l".
245 247 344 282 Ἔτυχε
359 247 382 273 δ’
406 246 545 280 ἀφιγμένη
577 245 729 280 τηνικαῦτα
755 247 810 274 κάκ
831 248 929 295 πόλεως

1022 260 1068 287 ιιι.
1088 259 1169 287 Forte
1184 268 1217 287 eo
1244 265 1367 295 tempore
1393 263 1541 291 advenerat
1565 273 1597 292 cx
1622 266 1689 293 urbe
1707 268 1775 295 Ber—‘

152 292 287 328 Βεῤῥοίας
310 291 447 327 πρεσεεία
475 290 514 325 τῷ
541 290 649 326 Κράλῃ,
677 292 774 325 λόγους
806 292 870 328 περὶ
898 290 936 320 ὧν

150 339 251 374 ἀπῄτει
270 337 421 372 κομίζουσα
446 337 493 363 καὶ
520 336 641 371 ζητοῦσα
673 337 769 371 μαθεῖν
801 338 934 373 ἀκριὸῶς,

151 384 168 411 ἃ
186 385 258 410 κατὰ
271 383 386 418 γνώμην
400 382 484 410 ἐστίν.
509 383 625 418 Ἀπῂτει
643 382 667 409 δ’
682 383 802 419 ὑπήκοον
820 383 869 419 τὴν
887 385 936 410 πό-

151 430 194 456 λιν
210 429 298 465 τούτῳ
313 430 442 463 γενέσθαι
473 429 519 455 καὶ
544 429 711 464 ὑποχείριον,
729 430 761 464 τῇ
790 429 936 465 ἀκροπόλει

150 476 272 511 φρουρὰν
293 475 452 511 Τριὸαλλῶν
476 475 633 510 ἐμϐαλόντι,
661 476 727 511 πρὶν
750 476 783 502 ἂν
801 476 936 503 ἀκουσίων

149 522 239 548 αὐτῶν
260 522 382 556 πολέμου
414 522 507 556 νόμοις
537 521 798 559 ὲξανδραποδίσηταί
834 531 863 548 τε
888 523 936 549 καὶ

150 567 289 602 διαρπάσῃ
306 565 354 593 καὶ
375 566 451 593 πόλιν
483 567 529 592 καὶ
552 566 640 597 οίκίας
666 566 724 602 ἅμα
757 568 804 593 καὶ
829 566 937 599 γυναιξὶ

148 612 197 638 καὶ
207 611 395 644 τέκνοις.Τοϊς
414 611 507 646 μέντοι
531 611 713 646 πρεσϐεύουσι
737 612 936 645 καταπλαγεῖσι

149 659 217 692 πρὸς
235 657 293 692 ,τὴν
321 658 376 684 τῶν
399 657 553 692 λεγομένων
572 657 732 692 ὲμϐρίθειαν
758 657 801 694 [Ρ.
812 657 876 694 408]
891 659 936 685 καὶ

149 703 303 738 ἀποτομίαν
328 703 400 735 ἔδοξε
418 703 524 738 βέλτιον
539 703 627 737 λάθρα
641 704 885 739 κοινολογήσασθαι
895 703 934 739 τῷ

151 750 259 785 βασιλεῖ
275 749 509 784 Καντακουζηνῷ,
529 749 577 776 καὶ
605 749 696 775 δοῦναι
725 748 855 784 λαμπρὰς
885 750 934 781 τὰς

147 794 264 829 ἐγγύας,
283 795 309 822 εἰ
331 794 451 830 βούλοιτο
466 794 516 830 τὴν
530 794 662 829 ταχίστην
683 793 773 821 λαθὼν
786 795 934 830 παρεισελ-

147 840 204 866 Θεῑν
233 837 282 867 καλ¹
308 839 400 866 λαϐεῖν
420 839 537 874 ἀπονητὶ
565 838 614 874 τὴν
634 839 712 866 πόλιν
739 839 830 878 aii-.6;
858 837 934 867 Εἶναι

147 886 202 920 γὰρ
222 885 374 920 μανιώδους
391 885 481 921 ψυχῆς
499 885 546 912 καὶ
565 885 690 920 γνώμης,
717 885 853 920 αἱρεῖσθαι
881 885 934 921 πρὸ

987 304 1064 333 rhosa
1087 305 1198 340 legatio,
1212 309 1306 332 actura
1325 314 1386 334 ettm
1400 307 1478 335 Crale
1494 309 1527 337 de
1550 310 1583 337 iis
1597 303 1690 343 rebus.
1708 321 1769 345 quze

988 351 1022 378 ab
1035 358 1069 378 eo
1094 352 1268 386 petebantur.
1287 357 1315 380 et
1338 353 1467 388 quidnam
1491 356 1659 385 decrevisset
1677 360 1771 387 scisci-

989 400 1078 423 tatura
1092 396 1246 431 diligenter.
1266 397 1379 425 Petebat
1397 404 1488 426 autem
1507 400 1562 433 ille,
1580 407 1609 428 ut
1628 404 1723 430 urbem
1742 405 1768 431 in

987 449 1037 468 sua
1064 447 1197 476 potestate
1223 447 1250 470 et
1275 451 1356 470 manu
1385 444 1508 478 haberet,
1535 455 1566 474 ac
1592 447 1768 477 Triballicunt

988 487 1143 522 praesidium
1167 487 1194 514 iu
1214 495 1304 515 arcem
1331 489 1526 522 introduceret,
1549 497 1692 526 antequam
1720 502 1770 528 per

988 529 1042 556 vim
1057 535 1085 557 et
1102 531 1165 558 belli
1177 531 1239 564 jure
1262 532 1370 564 urbem,
1384 533 1490 566 domos,
1511 536 1639 563 mulieres
1655 538 1770 565 liberos.

987 583 1040 610 que
1065 576 1091 602 in
1116 577 1277 604 servitutem
1304 579 1439 613 redigeret
1462 586 1543 615 atque
1567 582 1708 617 diriperet.
1736 585 1771 611 At

988 620 1094 655 legatis,
1112 621 1249 649 dictorum
1274 623 1374 650 duritia
1401 629 1429 652 et
1454 627 1602 654 acerbitate
1626 629 1769 662 perculsis,

988 666 1086 693 melius
1097 667 1183 694 visunt
1195 673 1236 695 est
1248 669 1317 696 clam
1329 677 1390 696 cum
1406 670 1595 700 Cantacuzcno
1609 673 1772 708 imperatore

987 711 1117 746 colloqui,
1135 720 1167 739 ac
1192 713 1272 740 lidém
1295 717 1319 742 ei
1336 722 1413 742 suam
1430 717 1504 743 omni
1521 720 1647 746 cautione
1670 722 1771 748 astrin—

986 764 1060 791 gere,
1073 757 1094 784 si
1118 757 1145 785 in
1166 759 1261 785 urbem
1282 759 1373 787 furtim
1397 766 1425 788 et
1445 770 1524 796 quarti
1550 765 1693 792 celerrime
1711 774 1771 794 sese

987 802 1172 832 introtnittere
1187 813 1302 840 eamque
1324 807 1383 841 ipse
1399 808 1474 835 nullo
1491 809 1584 837 labore
1599 819 1697 845 capere
1712 813 1772 840 vcl-

986 847 1034 875 let.
1051 848 1118 876 Esse
1131 850 1204 876 enim
1221 851 1303 877 anitui
1319 859 1350 879 ac
1373 855 1517 882 sententia:
1530 855 1657 889 furentis,
1674 857 1771 885 barba-

987 893 1054 920 riem
1071 895 1234 922 humanitati
1252 896 1390 930 praeferre,
1413 900 1564 934 gentilique
1579 907 1719 929 externam
1742 908 1771 930 ct

146 931 195 958 τοῦ
215 931 321 968 ἡμέρου
339 931 370 958 τδ
385 931 536 966 βάρϐαρον,
553 931 599 957 καὶ
623 932 762 967 προτιμᾷν
792 932 842 966 τῆς

985 935 1150 974 illegitimam
1180 946 1354 975 potestatem.
1387 931 1434 971 llis
1450 963 1452 966 μ
1468 945 1504 972 ita
1519 931 1703 981 'compositis,
1738 956 1770 975 ac

146 977 233 1012 φύλου
247 977 295 1012 τὴν
314 977 463 1012 ἀλλόφυλον
475 986 504 1003 τε
518 978 564 1003 καὶ
588 977 664 1004 νόθον
689 978 849 1013 ἡγεμονίαν.
863 977 933 1005 T615-

145 1033 201 1050 των
216 1024 288 1051 οὕτω
319 1023 561 1051 συσκευασθέντων
583 1024 631 1051 καὶ
666 1024 844 1060 κυρωθέντων
867 1025 933 1060 πρὶν

146 1069 290 1096 αἰσθέσθαι
312 1069 375 1102 τοὺς
401 1069 582 1106 Τρισαὶλοὺς,
613 1070 705 1106 λόγοις
720 1071 934 1113 ἀπατηλοζςτισι

148 1116 365 1151 μετεωρίσαντες
381 1115 431 1152 τὴν
447 1116 492 1143 τοῦ
507 1117 604 1152 Κράλη
624 1117 744 1144 διάνοιαν
756 1118 780 1144 οἱ
805 1119 837 1145 ὲκ
866 1118 935 1154 Βερ-

147 1161 223 1196 ροίας
239 1162 369 1196 πρέσϐεις
381 1161 425 1187 ἐπ’
435 1161 510 1189 οίκου
527 1162 719 1197 ἀνεχώρησαν,
749 1163 935 1197 ἀπαγγέλλον-

144 1215 191 1238 τες
205 1209 261 1238 τοῖς
279 1208 310 1233 ἐν
325 1207 442 1244 Βερῥοίᾳ
469 1208 519 1241 τήν
536 1216 565 1234 τε
587 1208 642 1234 τῶν
655 1208 702 1234 τοῦ
728 1208 823 1244 Κράλη
847 1208 934 1243 λόγων

149 1252 290 1288 βαρύτητα
313 1254 361 1279 καὶ
375 1253 408 1285 ἃς
437 1253 658 1287 ἀναγκασθέντες
693 1255 771 1281 αὐτοὶ
797 1254 934 1290 συνθήκας

985 985 1142 1020 priusquam
1159 986 1272 1016 Triballi
1300 989 1473 1023 perciperent
1496 992 1664 1024 constitutis,
1680 993 1769 1021 Cralis

984 1031 1077 1058 animo
1091 1032 1220 1066 captiosis
1237 1034 1401 1068 quibusdam
1419 1037 1509 1064 verbis
1523 1045 1669 1073 suspenso,
1687 1040 1768 1076 legati

984 1075 1180 1106 Berrhueenses
1200 1079 1310 1107 domum
1336 1082 1437 1109 reversi
1460 1083 1518 1110 suis
1543 1085 1650 1113 civibus
1667 1094 1769 1114 renun-

985 1121 1054 1148 tiant
1066 1126 1094 1149 et
1109 1122 1176 1150 dura
1197 1123 1285 1152 Cralis
1299 1125 1380 1161 655
1396 1135 1538 1161 responsa,
1552 1134 1580 1156 et
1595 1136 1683 1165 pacta,
1709 1141 1770 1168 qua:

984 1171 1099 1200 cogente
1112 1169 1286 1202 necessitate,
1304 1179 1366 1198 cum
1382 1172 1408 1199 id
1424 1174 1531 1201 consilii
1546 1174 1604 1209 ipsa
1620 1184 1662 1204 res
1676 1179 1768 1205 statim

984 1213 1076 1238 animo
1107 1215 1297 1250 suggessisset,
1312 1217 1363 1252 ipsi
1392 1226 1454 1246 cum
1484 1221 1646 1256 imperatore
1673 1229 1769 1259 suapte

984 1258 1146 1287 auctoritate
1162 1260 1293 1290 fecerant.

146 1301 382 1336 αὐτοκρατορικὰς
418 1300 582 1336 πεποίηνται
606 1301 674 1338 πρὸς
708 1301 831 1337 βασιλέα,
863 1303 910 1329 τοῦ
940 1305 1037 1339 καιροῦ
1064 1307 1254 1342 σχεδιάσαντος
1280 1310 1329 1345 τὴν
1357 1312 1483 1349 τοιαύτην
1515 1316 1683 1351 παραχρῆμα
1711 1319 1770 1349 ὲπί-

144 1354 229 1374 νοιαν.

180 1400 217 1428 Δ’.
235 1402 367 1437 Βραχεῖαι
386 1402 456 1438 μετά
468 1397 547 1430 τοῦτό
562 1403 620 1438 (80)
648 1403 851 1439 παρῳχήκεσαν
866 1405 935 1440 ὴμέ-

1018 1397 1063 1424 ιν.
1084 1398 1164 1426 Pauci
1184 1400 1247 1428 inde
1269 1401 1429 1431 ellluxerant
1455 1405 1524 1438 dies,
1542 1415 1603 1435 cum
1619 1409 1769 1446 imperator

146 1456 202 1481 ραι,
215 1448 261 1474 καὶ
275 1449 324 1480 τὰς
342 1449 445 1481 οίκείας
460 1449 474 1475 ὁ
491 1448 619 1483 βαῖιλεὺς
635 1449 764 1484 δυνάμεις
792 1450 929 1478 ἀναλαϐὼι

988 1451 1052 1472 suas
1066 1445 1158 1480 copias
1173 1454 1266 1474 secum
1282 1448 1385 1477 ducens
1397 1453 1547 1487 egreditur,
1568 1461 1696 1484 venatum
1712 1459 1767 1487 sci-

145 1494 193 1521 ὲπὶ
210 1494 360 1530 κυνηγέσια
372 1494 454 1529 δῆθεν
482 1495 567 1530 ἐξῄει,
593 1496 641 1522 καὶ
670 1496 840 1532 περιπάτους
871 1498 929 1524 ἀνέ-

985 1491 1045 1518 li’cct
1074 1492 1315 1528 ambulatumque.
1345 1496 1419 1531 regio
1444 1499 1562 1533 quodam
1593 1502 1768 1533 rclaxationis

146 1540 214 1571 σεώς
229 1548 299 1571 τινος
317 1541 365 1567 καὶ
391 1540 532 1576 ῥᾳστώνης
554 1540 713 1576 βασιλικῆς.
744 1542 800 1569 Καὶ
825 1542 875 1577 μὲν
900 1543 929 1577 δὴ

985 1538 1086 1572 otiique
1111 1547 1231 1574 genere:
1248 1541 1363 1569 necdum
1391 1543 1477 1571 tribus
1491 1554 1523 1572 ex
1539 1554 1571 1574 eo
1595 1548 1692 1577 diebus
1711 1552 1768 1578 ela-

143 1584 308 1621 051301963;
322 1587 428 1613 ἐκεῖθεν
443 1587 548 1622 ἡμέραι
565 1587 716 1623 παρῆλθον,
732 1588 779 1616 καὶ
803 1589 853 1624 τὴν
881 1597 929 1616 πο-

985 1583 1049 1618 psis,
1072 1585 1224 1613 accelerato
1249 1586 1358 1619 itinere,
1379 1588 1537 1618 facillimum
1555 1593 1588 1620 ad
1609 1593 1766 1624 Berrhmam

147 1632 224 1665 ρείαν
240 1633 405 1668 ἐπιταχύνας
436 1633 539 1668 σφόδρα
568 1634 761 1670 ἀταλαίπωρον
797 1635 860 1670 εὗρε
881 1635 929 1671 τὴν

985 1630 1081 1657 urbem
1096 1631 1199 1659 aditum
1214 1632 1339 1666 oﬂ'endit.
1356 1636 1558 1670 excipientibus
1572 1647 1635 1668 eum
1649 1643 1766 1671 maximo

146 1680 187 1709 εὶς
220 1679 352 1715 Βέρροιαν
384 1679 487 1706 εἴσοδον
515 1679 583 1714 (81).
614 1681 663 1707 σὺν
692 1680 762 1707 πάνυ
788 1681 926 1717 πολλῇτῇ

144 1724 283 1760 προθυμίᾳ
298 1725 345 1751 καὶ
357 1725 436 1760 ἡδονῇ
459 1726 508 1752 καὶ
539 1725 649 1757 ὑπτίαις
670 1725 701 1753 τὸ
725 1726 757 1761 δὴ
781 1727 927 1762 λεγόμενον

145 1772 350 1805 ὑποδεξαμένων
362 1771 416 1797 τῶν
427 1772 580 1808 Βερροιέων
595 1773 682 1807 χερσί.
709 1773 794 1800 Τοῦτο
817 1774 871 1809 γὰρ
897 1774 927 1800 ἒν

143 1818 260 1853 πρᾶγμα
282 1817 311 1843 ὃν
322 1817 488 1852 ἀμφοτέροις
506 1817 639 1852 ὠφελείας
657 1819 764 1853 μακρᾶς
780 1820 826 1846 καὶ
843 1819 926 1855 γαλή-

143 1872 191 1898 νης
206 1863 264 1897 ἀμα
274 1864 385 1897 γέγονεν
398 1864 495 1896 αἴτιον,
511 1864 693 1899 ἀπαλλαγεῖσι
702 1865 755 1892 τῶν
766 1865 814 1891 τοῦ
831 1865 925 1901 Κράλη

143 1910 242 1944 χειρῶν
259 1911 289 1936 ὲν
308 1910 408 1946 ταύτῷ.
428 1910 496 1937 Θεοῦ
522 1910 544 1936 δ’
570 1908 605 1946 ἦν
632 1912 740 1944 πάντως
764 1912 794 1938 τδ
820 1911 925 1947 Χρῆμαι

144 1954 190 1980 sai
220 1955 254 1982 τὰ
282 1955 399 1990 δυσχερῆ
435 1955 574 1987 ποιοῦντος
611 1956 701 1991 ῥᾴδια,
735 1957 782 1983 καὶ
815 1957 926 1983 τούναν-

143 2001 199 2028 τίον
221 2001 256 2028 αὖ
283 2002 364 2028 ὁπότε
385 2001 518 2037 βούλοιτο,
549 2003 596 2029 καὶ
620 2001 734 2029 οἷστισιν
761 2003 847 2030 ἐθέλοι
865 2004 926 2039 τρό-

144 2055 214 2079 ποις.

178 2093 219 2121 Ε’.
243 2094 320 2121 Ἐπεὶ
332 2094 387 2130 γὰρ
409 2094 536 2121 τεθέαται
557 2103 587 2121 τε
615 2095 662 2122 καὶ
680 2096 749 2130 ἔγνω
773 2096 865 2130 σαφῶς
880 2096 926 2124 τὸν

143 2138 255 2173 βασιλέα
282 2139 532 2174 περιφρονούμενὸν
557 2149 586 2166 τε
605 2141 651 2166 καῒ
683 2140 859 2176 ὑδριζόμενον
880 2143 926 2177 ὑφ’

141 2182 179 2211 ὧν
191 2187 219 2210 ὲν
233 2184 338 2211 ἐλπίσιν
350 2186 439 2212 ἔκειτο
450 2186 529 2221 δοχῆς
558 2187 605 2213 καὶ
629 2188 747 2222 στοργῆς
774 2188 925 2222 ἀξιοῦσθαι,

142 2230 270 2265 μετέθετό
282 2239 311 2257 τε
324 2231 372 2266 τὴν
386 2231 499 2266 γνώμην
516 2232 597 2264 εὐθὺς
613 2233 659 2259 καὶ
685 2233 766 2265 αὐτὸς
780 2234 827 2260 καὶ
843 2234 927 2270 δρασ-

980 1677 1072 1705 studio
1092 1677 1320 1708 Berrhteensibus
1333 1689 1365 1709 ac
1382 1684 1498 1718 supinis,
1520 1692 1548 1713 ut
1566 1688 1653 1722 aiunt,
1677 1693 1765 1719 mani-

980 1721 1041 1750 bus.
1066 1723 1167 1751 Eadem
1189 1725 1261 1752 enim
1283 1727 1406 1762 utrisque
1429 1737 1473 1756 res
1496 1739 1619 1767 magnam
1639 1721 1720 1763 simul
1738 1744 1766 1765 et

982 1767 1126 1794 utilitatem
1154 1773 1182 1796 et
1209 1771 1430 1804 tranquillitatem
1455 1774 1603 1810 afferebat;
1635 1781 1764 1814 quoniam

980 1812 1075 1840 cadent
1100 1813 1144 1840 via
1170 1814 1280 1849 utrique
1301 1816 1429 1844 manibus
1453 1818 1542 1848 Cralis
1573 1812 1762 1855 clabebantur.

980 1858 1067 1892 Atque
1081 1858 1148 1885 illud
1168 1866 1233 1887 sane
1248 1867 1317 1894 opus
1340 1862 1385 1889 Dei
1402 1870 1472 1897 erat,
1488 1865 1578 1894 facilia
1608 1870 1764 1900 cxhihentis

980 1911 1010 1930 ea
1025 1911 1085 1937 qua:
1100 1904 1219 1932 difﬁcilia
1236 1911 1309 1938 sunt,
1323 1913 1350 1935 ct
1365 1911 1531 1939 contrarium
1563 1916 1670 1949 quoties
1687 1919 1763 1953 juvat

980 1954 1007 1977 et
1023 1949 1125 1984 quibus
1141 1951 1199 1979 vult
1214 1953 1302 1980 modis
1316 1953 1469 1984 clIicientis.

1016 2095 1046 2122 V.
1068 2095 1174 2123 Etenim
1200 2096 1304 2130 Crales.
1327 2106 1389 2126 curn
1414 2100 1519 2129 videret
1533 2103 1759 2141 exploratumque

982 2141 1104 2172 haberet,
1119 2141 1222 2177 despici
1236 2148 1263 2170 et
1275 2145 1471 2174 contumeliose
1493 2148 1587 2177 haberi
1612 2151 1758 2186 imperato-

981 2195 1036 2214 rem
1066 2187 1100 2214 ab
1125 2188 1169 2221 iis,
1193 2196 1208 2215 a
1229 2189 1328 2223 quibus
1352 2198 1509 2225 speraverat
1531 2202 1561 2222 se
1586 2196 1704 2227 humane
1730 2209 1762 2228 ac

981 2233 1097 2267 benigne
1111 2239 1255 2269 exceptum
1271 2235 1316 2268 iri,
1334 2239 1446 2266 mutavit
1461 2245 1488 2267 ct
1512 2241 1568 2275 ipse
1590 2245 1680 2271 statim
1700 2254 1762 2274 sen-

143 2278 192 2311 μὴν
210 2277 242 2304 ἐκ
257 2278 305 2312 τῆς
318 2279 428 2313 μνήμης
449 2278 573 2311 γίνεσθαι
601 2278 671 2305 ἑκών
683 2288 715 2312 γε
743 2277 813 2306 εἶναι
841 2280 926 2306 ἐδίδου

985 2279 1104 2312 tentiam,
1129 2285 1210 2314 atque
1227 2289 1242 2307 e
1265 2283 1395 2310 memoria
1420 2286 1548 2314 excidere
1573 2289 1644 2317 ultro
1665 2286 1761 2325 passus

141 2323 195 2349 τῶν
204 2332 235 2350 τε
253 2323 457 2358 μελετηθέντων
470 2325 517 2350 καὶ
533 2325 712 2359 κυρωθέντων
735 2327 764 2352 ἐν
776 2326 814 2361 τῷ
830 2327 926 2360 ἀφανεῖ

985 2329 1029 2356 :st,
1052 2333 1112 2359 qua:
1125 2330 1237 2360 propter
1261 2327 1334 2354 lllum
1359 2329 1429 2356 bona
1453 2333 1619 2365 procedente
1637 2321 1759 2372 tempore

140 2370 188 2404 τῆς
204 2369 304 2400 οἰκείας
317 2369 429 2404 καρδίας
447 2369 632 2405 βουλευτηρίῳ
661 2371 707 2397 τοῦ
726 2371 848 2403 ἐπιόντος
864 2373 924 2407 χρό-

140 2424 187 2440 νυυ
206 2415 272 2450 πρὸς
286 2414 404 2450 ἀμοιϐὴν
414 2415 447 2441 δι’
466 2415 546 2442 αὐτὸν
570 2415 681 2449 ἀγαθῶν
700 2416 771 2450 (82l'
788 2417 835 2442 καὶ
857 2418 923 2451 πρὸς

139 2461 285 2491 ἐπιϐουλὰς
299 2461 367 2492 τέως
376 2461 524 2496 ἀπησχόλει
551 2462 596 2487 τὸν
610 2461 682 2493 νοῦν,
698 2462 744 2488 καὶ
769 2462 827 2494 ὅλος
855 2463 925 2497 πρὸς

139 2507 303 2538 Βυζαντίους
331 2505 365 2542 ἧν
391 2507 546 2542 ὑπορρέων,
580 2507 714 2542 καὶπρὸς
744 2509 790 2539 τὰς
821 2509 924 2535 ἐκεῖθεν

139 2553 188 2587 ἠρέ
194 2560 232 2586 μα
245 2552 443 2586 καθελκόμενος
453 2552 467 2577 ὗ
473 2552 624 2586 ποσχέσεις.

175 2599 220 2631 q'.
240 2598 310 2624 Ἀλλ’
331 2597 425 2632 ὥσπερ
453 2597 591 2632 πανταχοῦ
615 2598 648 2624 τὰ
671 2598 722 2632 τῆς
749 2598 922 2633 ἀνθρωπίνης

140 2645 255 2679 μελέτης
274 2643 420 2678 ἡττώμενα
446 2645 533 2669 κεῖται
563 2643 610 2669 τοῦ
638 2643 710 2670 θείου
742 2643 923 2680 βουλήματος,

137 2690 222 2720 uis-rw;
251 2690 470 2724 ἐπικρατέστερα
499 2689 637 2715 κάνταῦθα
668 2690 716 2716 νῦν
745 2691 878 2723 ἐγεγόνει,
904 2690 922 2717 ἃ

139 2733 201 2770 μηδ’
218 2735 285 2766 ὅλως
297 2735 403 2769 οὐδαμή
429 2734 612 2769 προσεδοκᾶτο
638 2735 695 2765 τοῖς
723 2735 920 2769 κινδυνεύουσι,

980 2371 1098 2397 vicissim
1118 2371 1169 2398 sibi
1187 2371 1212 2398 in
1229 2377 1368 2406 posterum
1388 2378 1562 2412 promiserat,
1577 2385 1605 2408 et
1617 2381 1642 2408 in
1660 2371 1758 2412 arcana

979 2416 1070 2443 cordis
1088 2417 1163 2444 curia
1184 2418 1345 2446 decreverat
1369 2429 1375 2446 :
1391 2422 1528 2458 cmpilquc
1543 2424 1680 2459 applicare
1700 2431 1758 2455 atti-

979 2469 1052 2487 mum
1068 2461 1102 2488 ad
1126 2465 1258 2497 parandas
1282 2465 1393 2492 insidias
1409 2471 1535 2503 totusque
1556 2471 1590 2498 ad
1616 2472 1758 2507 Byzantios

978 2515 1100 2542 vergere,
1126 2517 1157 2536 ac
1171 2511 1322 2545 promissis,
1343 2520 1403 2546 quzc
1426 2514 1500 2541 illim:
1519 2518 1674 2548 veniebant.
1689 2527 1756 2555 pau-

977 2553 1050 2579 latim
1070 2553 1153 2581 allici.

1013 2598 1054 2626 Vl.
1077 2599 1129 2626 Sed
1148 2605 1178 2627 ut
1203 2601 1320 2629 inomni
1337 2610 1365 2630 re
1386 2605 1501 2632 consilia
1524 2606 1642 2635 humana
1660 2608 1758 2637 divina:
1779 2606 1781 2608 ’

976 2645 1108 2672 voluntati
1129 2647 1377 2687 sultjiciuntur,ita
1393 2654 1447 2676 ιιιιιι
1465 2659 1572 2686 quoque
1589 2653 1643 2680 illic
1667 2655 1758 2683 vicere

975 2700 1005 2718 ca
1021 2699 1081 2726 qute
1093 2692 1128 2719 ab
1149 2693 1192 2726 iis,
1209 2702 1324 2728 quorum
1341 2701 1400 2723 erat
1417 2698 1579 2731 periculttm.
1594 2700 1678 2736 656
1696 2703 1756 2729 nul-

975 2739 1081 2765 latenus
1100 2740 1212 2774 praevisa
1229 2742 1346 2775 fuerant,
1361 2750 1410 2770 uec
1432 2744 1577 2772 humanam
1594 2747 1620 2774 in
1637 2754 1754 2776 mentem

794 2807 960 2846 Yariorum
976 2812 1068 2839 uotae.

173 2868 228 2902 (80)
249 2868 313 2894 V'ule
331 2867 513 2896 Cantacuzcn.
531 2869 578 2896 lib.
609 2877 650 2898 ιιι.
665 2877 724 2903 cap.
744 2869 776 2896 57
815 2870 918 2898 Bonus.

175 2904 230 2938 ιδ.)
253 2905 398 2930 (ὶςιιιιιιυιιι.
416 2905 463 2930 lib.
478 2912 517 2935 Ill,
536 2913 595 2939 νέῳ.
624 2905 668 2931 iis.
687 2906 804 2932 “uena.

1006 2872 1061 2909 ($2)
1079 2871 1115 2909 lta
1145 2873 1227 2899 etiam
1260 2873 1359 2909 legitur
1385 2875 1410 2902 in
1429 2876 1570 2909 Vaticano,
1597 2878 1669 2905 unde
1699 2879 1756 2908 hinc

969 2907 1045 2932 valde
1060 2907 1174 2934 obscura
1191 2907 1389 2937 illustrzttttruttt
1400 2919 1441 2937 ttte
1456 2907 1637 2946 speraveram.
1650 2916 1753 2942 tionis.
