1924 3076
170 103 226 136 est;
351 100 377 135 [Α
413 109 437 128 c.
462 100 540 136 ius]

686 100 908 132 BYZANTIN/E
926 101 1116 133 HISTORIA?
1135 103 1207 134 LIB.
1229 102 1312 132 XIII.
1354 101 1419 136 [me
1439 116 1459 129 δ.
1481 108 1598 129 mmet.
1619 101 1647 137 2]

1742 103 1794 134 8Ίο

170 163 274 196 οἶκαδε,
294 162 432 197 συμψήφῳ
455 162 489 189 δι’
507 162 664 195 ἀπόγνωσιν
683 162 716 196 τῇ
732 162 839 198 ἀνάγκῃ
856 161 954 197 χρησά·

1011 162 1077 190 tium
1106 162 1207 190 reverti
1232 169 1314 196 quam
1337 161 1480 189 celerrime
1503 161 1635 192 Volueris.
1651 157 1792 188 auctorem

171 220 264 247 μενος,
285 210 389 246 μακρόν
412 210 460 244 μὲν
484 209 614 243 ὀφλήσεις
637 208 683 234 τὸν
700 207 824 241 γέλωτα’
845 207 956 242 αἰσχρόν

171 259 225 293 γέιρ
240 266 323 293 φασιν
348 255 505 294 Ὁμηρίδαι,

223 356 318 390 δηρόν
335 365 368 383 τε
380 356 486 390 μένειν
501 356 609 383 κενεόν
621 363 653 383 τι
666 355 787 383 νέεσθαι
803 355 871 392 (97).

170 413 218 439 καὶ
233 413 301 447 πρός
322 421 353 446 γε
375 412 502 447 ζημιώσῃ
528 412 577 443 τὰς
596 412 699 444 πόλεις,
720 412 754 444 ἃς
776 411 862 439 ἐπιὼν
877 412 958 444 αὐτὸς

169 458 286 492 ἀπονητὶ
303 457 428 489 καθέξειν
441 457 554 490 ἐλπίζω.
572 459 602 485 El
615 459 643 485 δέ
657 459 686 485 τὸ
707 458 744 493 μὴ
758 459 892 490 τοιούτοις
907 467 958 485 πε-

171 504 375 537 ριπεπτωκέναι
392 504 525 535 κινδύνοις
549 503 616 539 ὁμοῦ
632 505 680 531 καὶ
693 505 806 531 ὀνείδεσι
823 505 957 539 φυλαττό-

172 558 252 585 μενος
267 549 438 584 παραμένειν
458 549 498 577 ἔτι
514 550 706 585 φιλονεικοιης,
725 551 774 577 οὐκ
796 551 828 577 ἂν
845 551 957 585 φθάνοις

173 599 243 634 μετὰ
256 598 302 626 τοῦ
327 599 434 633 γέλωτα
458 599 551 632 όφλειν
572 600 680 635 μακρὸν
702 601 748 627 καὶ
770 600 819 636 τὴν
837 600 957 636 κεφαλὴν

121 671 124 675 ,
170 644 383 679 ἀφαιρούμενος.
404 645 450 672 καὶ
474 639 678 683 βιαίωςγοῦτως
705 646 885 681 ἀπορρηγνὺς
909 646 958 680 τὴν

141 685 146 690 ’
170 691 270 725 ψυχὴν,
285 691 394 718 ἐπειδὰν
407 691 576 725 κυκλωθεϊσα
594 692 612 725 ἡ
636 691 724 724 πόλις,
744 691 774 718 τὸ
788 691 832 718 σὺν
848 691 895 718 νῦν
911 691 958 726 ὀρ-

171 737 316 772 μητήριον,
336 737 367 763 ἐκ
391 745 422 763 τι
442 736 494 772 γῆς
520 738 568 764 καὶ
597 737 732 772 θαλάττης
757 737 825 772 μετὰ
850 737 958 765 πολλῶν

168 784 291 814 ἐπιόντος
306 783 373 818 ἐμοῦ
385 784 440 809 τῶν
453 783 605 818 δυνάμεων,
627 784 673 810 ἐπὶ
686 784 732 810 τὸν
748 783 833 810 αἴτιον
856 783 959 819 τρέψη-

1008 216 1064 244 pra:
1083 208 1275 242 desperatione
1297 212 1408 235 secutus
1433 207 1636 238 necessitatem,
1658 207 1795 234 iunximus

1007 255 1062 283 erit
1076 255 1111 282 de
1133 259 1159 282 te
1174 254 1245 281 risus
1264 263 1270 281 :
1290 259 1368 288 turpe
1391 254 1464 281 enim
1491 261 1552 281 esse
1574 244 1730 281 lloiueridte
1753 253 1790 280 di-

1008 302 1115 334 ctitam,

1158 360 1285 386 mansisse
1299 359 1344 385 diu
1362 366 1524 393 vacuumque
1538 357 1643 384 reverti.

1009 418 1047 446 Ae
1064 421 1197 452 praeterea
1215 416 1296 444 urbes
1307 416 1459 443 amissurus
1470 423 1510 447 es,
1521 422 1590 450 quas
1603 421 1654 450 ego
1666 414 1795 442 obeundo

1009 463 1084 490 nullo
1098 467 1128 489 ut
1144 469 1224 496 spero
1240 461 1333 488 labore
1349 465 1480 495 capturus
1500 467 1571 486 sum.
1590 459 1618 487 Si
1637 467 1712 491 vero,
1730 459 1795 485 dum

1009 515 1090 536 caves
1105 516 1139 535 ne
1154 507 1182 535 in
1199 506 1243 534 illa
1261 506 1382 541 pericula
1398 506 1481 533 simul
1495 513 1527 532 ac
1553 505 1653 540 probra
1676 505 1794 536 incidas,

1008 554 1186 590 pertinaciter
1202 552 1293 580 adhuc
1317 551 1469 584 manseris';
1487 559 1542 578 non
1566 550 1671 585 poteris
1693 550 1794 582 facere,

1008 601 1075 637 quin
1087 604 1187 635 prater
1207 599 1291 626 risum
1306 599 1339 626 de
1358 602 1384 625 te
1396 597 1513 625 multum
1533 597 1622 631 capite
1637 596 1719 624 etiam
1738 596 1796 630 ple-

1008 647 1092 675 ctaris
1105 646 1281 680 animamque
1300 645 1337 672 ita
1354 644 1476 672 violento
1499 644 1556 671 fato
1572 643 1720 675 eﬁ‘undas;
1737 647 1796 670 tum

1009 693 1135 721 videlicet
1147 700 1209 720 cum
1228 692 1306 724 urbs,
1315 695 1391 718 tuum
1408 698 1483 718 nunc
1495 689 1661 725 perfugium,
1673 689 1797 724 undique

1009 741 1201 769 circumsessa.
1220 743 1334 773 urgente
1353 745 1396 765 me
1412 737 1517 771 magnis
1533 744 1595 763 cum
1611 735 1699 770 copiis
1723 741 1795 763 terra

1010 794 1042 813 ac
1064 786 1144 818 mari,
1165 785 1191 811 in
1221 789 1257 817 te,
1275 785 1321 819 qui
1339 784 1473 810 malorum
1498 786 1594 810 auctor
1610 782 1706 814 fueris,
1728 782 1796 808 iram

167 828 213 854 ταί
227 837 256 854 σε
271 830 320 863 τὴν
341 829 437 864 ὀργήν.
461 829 682 864 Μεταπέμψομαι
699 830 752 865 γὰρ
771 830 801 855 οὺ
828 829 954 856 Θετταλιὴ

1008 839 1117 859 omnem
1129 834 1229 858 vertet.
1249 830 1392 857 Arcessant:
1411 836 1510 862 nempe
1529 835 1584 855 non
1605 827 1796 854 Thessalicum

172 874 223 908 κὴν
239 875 319 909 μόνον
335 875 428 906 ἵππον,
447 875 494 902 καὶ
505 876 555 902 ὅσα
571 876 677 903 ἐκείοεν
694 876 874 911 στρατόπεδα,
888 874 956 911 mi

172 877 223 908 κήν
239 877 319 909 μόνον
335 877 428 906 ἵππον,
447 877 494 902 καὶ
505 877 555 902 ὅσα
571 877 677 903 ἐκείοεν
694 877 874 911 στρατόπεδα,
888 877 936 903 ἀλλ
952 877 956 880 ’

171 919 217 946 τοῦ
232 929 261 954 γε
275 920 367 947 εἵνεκα
385 922 432 947 καὶ
448 922 587 956 Περσικὰς
601 922 630 955 ἐξ
655 922 748 953 Ἀσίας
762 922 901 956 δυνάμεις.
919 877 959 960 Σέ

168 967 223 1000 γὰρ
241 966 291 1002 ἤδη
307 967 379 993 τοῦτ’
399 967 565 1002 ἐπεπράχεις
588 969 707 1002 πρῶτος,
730 968 791 994 καθ’
810 961 955 1003 ὁμοψύλων

165 1011 200 1037 δι’
221 1012 272 1046 ἐμὲ
299 1011 439 1047 Περσικὴν
458 1013 557 1045 ἐλάσας
582 1013 708 1048 δύναμιν.
735 1014 773 1041 Τὸ
795 1014 818 1040 δ’
843 1016 875 1042 ἐκ
901 1016 954 1042 τῶν

167 1057 270 1091 όμοίων
294 1059 339 1085 τὸν
366 1059 524 1095 ἀδικήσαντ¹
542 1061 706 1094 ἀμύνεσθαι,
727 1064 751 1089 εἰ
769 1063 819 1097 μὲν
842 1064 955 1097 ἀνενέγ-

166 1103 265 1138 κλητον
281 1101 353 1131 εἶναι
378 1106 483 1140 κρίνοις
507 1107 599 1139 αὐτὸς,
616 1107 704 1139 ἁθῶος
729 1108 795 1142 ἐγὼ,
818 1110 867 1136 καὶ
888 1109 954 1142 πρὺς

166 1150 257 1179 αᾶτῶν
272 1150 321 1185 τὴν
338 1152 492 1186 μαρτυρίαν
503 1151 549 1179 τοῦ
566 1154 810 1188 συγκεχωρηκότος
821 1153 954 1188 λαμὸάνω

167 1196 222 1222 τῶν
259 1197 469 1231 βασκαινόντων,
501 1197 530 1225 Et
557 1199 580 1225 δ’
609 1199 648 1230 είς
675 1200 846 1234 ἐγκλήματος
875 1200 954 1234 λόγον

167 1244 185 1270 ἀ
197 1243 279 1278 τάγεις
291 1244 394 1278 τούμὸν
412 1246 538 1280 πρᾶγμα,
555 1245 614 1282 ὥρα
636 1255 677 1277 σοι
693 1247 858 1280 λογίζεσθαι,
876 1248 955 1283 πηλί-

167 1298 225 1316 κύν
244 1289 291 1316 καὶ
305 1289 376 1323 ὅσων
392 1290 447 1316 τῶν
464 1291 644 1326 ἐγκλημάτων
667 1292 819 1319 ὑπεύθυνον
839 1293 871 1319 σὺ
888 1302 955 1320 σαυ-

166 1338 212 1371 τδν
228 1337 394 1372 ἐπεπράχεις
409 1337 563 1373 ἐθελοντὴς,
582 1338 652 1365 κατά
671 1346 701 1365 τε
722 1338 765 1375 [Ρ.
782 1338 845 1375 415]
870 1339 953 1374 μηδὲν

167 1383 323 1415 ἀδικοῦντος
338 1383 406 1410 ὅπλα
422 1383 540 1418 τοσαῦτα
559 1384 643 1411 κινιῖν
659 1385 765 1411 ἀσεϐῶν
783 1385 885 1420 ἀναμὶξ
906 1386 954 1412 καὶ

164 1430 318 1466 ὁμοφύλων,
338 1431 384 1458 καὶ
397 1430 507 1458 πάντων
520 1431 640 1466 ἀφειδῶν
657 1432 818 1466 χρημάτων,
837 1432 882 1459 καὶ
902 1432 955 1462 πᾶ-

167 1474 224 1504 σιν
240 1477 384 1512 Ῥωμαίων
397 1477 448 1512 γῆν
461 1477 636 1512 διαφθείρων,
651 1477 699 1504 καὶ
718 1477 786 1509 νεὼς
801 1478 952 1513 καθαιρῶν,

166 1524 213 1549 καὶ
243 1523 404 1558 μιασμάτων
428 1523 570 1558 ἐμπιπλὰς
600 1523 681 1558 iapix,
702 1523 748 1550 καὶ
775 1524 952 1558 πολυτρόπως

163 1571 219 1601 τοῖς
240 1570 322 1601 θείοις
335 1570 520 1605 ἐμπαροινῶν,
537 1570 584 1596 καὶ
598 1569 689 1605 πάσης
701 1570 797 1597 πολιὰν
813 1571 953 1605 εὐγενείας

165 1617 197 1641 ἐκ
221 1615 303 1649 μέσου
325 1615 420 1647 ποιῶν,
447 1617 493 1642 καὶ
516 1616 604 1643 πάντα
622 1617 726 1652 φύρδην
746 1617 802 1643 ἄνω
816 1617 863 1643 καὶ
879 1617 953 1644 κάτω

166 1662 258 1688 κυκῶν
274 1662 321 1689 καὶ
335 1662 507 1697 διαστρέφων
518 1671 524 1677 ·
543 1663 586 1689 ἵνα
601 1662 628 1689 τί
647 1663 777 1698 γένηται;
796 1663 839 1690 ἵνα
854 1664 886 1690 σὺ
904 1664 952 1697 μό-

162 1716 262 1743 ναρχος
276 1709 426 1743 καταστῇς,
442 1707 565 1743 μείζοσιν
580 1709 595 1744 ἢ
618 1709 688 1735 κατὰ
701 1709 730 1735 σὲ
747 1710 793 1735 καὶ
803 1709 853 1745 τὴν
867 1710 953 1745 τύχην

163 1755 214 1788 τὴν
227 1753 275 1790 σὴν
289 1753 443 1781 ἐπιϐάλλων
455 1754 611 1790 πράγμασι.
627 1755 684 1789 Τῆς
699 1755 828 1794 ἀπονοίας
839 1764 846 1770 ·
858 1755 952 1791 ὥςπερ

163 1801 197 1827 ἂν
211 1801 235 1826 εί
253 1799 347 1836 μηδεὶς
361 1800 415 1834 τῷν
428 1801 579 1836 γινομένων
591 1801 712 1835 ἐπόπτης
727 1801 831 1833 δίκαιος
845 1799 890 1837 ἦν,
904 1802 952 1828 καὶ

163 1845 253 1875 πάντα
272 1845 380 1872 διοικῶν
401 1846 469 1881 πρὸς
488 1845 520 1872 τὸ
544 1846 659 1881 βέλτιον,
683 1843 747 1873 ἀλλ”
765 1846 952 1884 ἀκυϐέρνητον

162 1889 220 1926 εἶχε
240 1892 270 1918 τὺ
291 1893 345 1919 πᾶν
362 1893 409 1918 καὶ
435 1892 584 1930 πλημμελῆ
599 1892 647 1928 τὴν
676 1892 774 1928 φοράν.
805 1894 861 1921 Καὶ
874 1893 952 1921 ταῦτ’

162 1939 224 1967 οὐδὲ
239 1939 308 1975 πρὸς
321 1939 372 1975 τᾲς
393 1939 464 1974 ἐμὰς
487 1939 576 1973 φυγὰς
596 1931 642 1973 καὶ
662 1940 744 1975 τύχας
764 1940 867 1968 ἀπιδὼν
889 1950 953 1968 συν-

161 1985 247 2017 έσεως
266 1984 355 2012 ότιοῦν
373 1985 413 2017 είς
426 1984 584 2021 δυσώπησιν
606 1985 741 2021 ἐδυνήθης
760 1986 864 2018 λαϐεῖν,
877 1987 952 2018 ὅπως

161 2032 225 2063 cui);
237 2031 288 2066 μὲν
307 2031 413 2066 φίλους,
433 2031 481 2057 καὶ
498 2031 599 2063 πολλὰς
619 2031 778 2066 ὀφείλοντας
794 2032 889 2067 ἔμοιγε
904 2033 954 2068 χά-

163 2086 253 2112 ριτας,
270 2077 308 2110 ὡς
324 2077 472 2112 πολεμίους
487 2077 621 2110 ἐξώπλισε
638 2078 699 2104 κατ’
721 2078 788 2113 ἐμοῦ
806 2079 836 2105 τὸ
848 2080 953 2115 iuvui»

161 2125 206 2155 ὖις
225 2123 273 2158 τῆς
293 2123 427 2159 γνώμης*
454 2123 517 2155 τοὺς
542 2123 565 2150 δ’
584 2123 700 2160 ἐχθροὺς
724 2124 772 2150 καὶ
797 2124 950 2160 δυσμενεῖς,

164 2170 211 2204 ὑφ’
225 2167 262 2196 ὧν
279 2177 325 2204 μοι
338 2169 460 2204 προσῆκε
481 2168 598 2204 πάσχειν
617 2169 717 2204 μᾶλλον
736 2169 841 2203 κακῶς,
857 2170 952 2205 φίλους

162 2217 190 2242 αι
204 2216 255 2250 τῆς
273 2215 352 2253 δίκης
377 2214 544 2249 πλάστιγγες
569 2214 673 2248 ἔδειξαν
688 2215 831 2250 ἀκριϐεῖς·
852 2216 900 2241 καὶ
922 2215 952 2242 ὃν

162 2263 177 2288 ό
194 2261 327 2296 ὑμέτερος
341 2260 445 2287 κλύδων
464 2260 504 2291 είς
518 2259 662 2295 πυθμένας
677 2261 831 2295 κατήνεγκε
847 2269 953 2295 συμφο-

163 2308 228 2344 ρῶν,
244 2307 393 2343 ὑπέρτερον
413 2306 574 2342 παραδόξως
602 2306 680 2342 ὑμῶν
705 2307 858 2344 ἐπεπράχει
874 2307 951 2344 Θεός.

163 2354 218 2382 Καὶ
233 2353 292 2386 νῦν,
315 2353 352 2385 ὡς
376 2354 452 2388 ὁρᾷς,
480 2353 541 2387 ἐμοὶ
568 2353 618 2387 μὲν
646 2353 772 2389 ἐξονριας
791 2353 898 2381 ἅπαντά
920 2362 952 2388 γε

160 2402 256 2437 χωρεῖ,
272 2401 321 2428 καὶ
339 2401 462 2436 χωρήσει
482 2399 529 2432 ξύν
549 2407 581 2433 γε
597 2398 668 2433 Θεῷ.
692 2399 729 2425 Σὺ
750 2399 774 2426 δ’
789 2399 867 2431 ὅλους
889 2400 955 2434 ἀνη-

162 2446 260 2476 λωκὼς
279 2446 431 2481 χρημάτων
448 2445 562 2481 σωροὺς,
575 2444 630 2471 τῶν
644 2445 668 2470 τ’
687 2445 762 2480 ἐμῶν
778 2445 879 2480 δηλαδὴ
894 2445 955 2479 μεθ’

161 2493 211 2520 ὅσα
225 2495 281 2523 τοῖς
297 2491 452 2527 βασιλικοῖς
466 2491 529 2526 ἐνῆν
549 2489 725 2525 πρυτανείοις
741 2490 790 2516 καὶ
805 2490 855 2516 ὅσα
871 2491 954 2517 πᾶσιν

161 2540 285 2573 εὖγενὲσι
300 2537 488 2573 ταμιευόμενα
511 2536 657 2571 πέπραχας
679 2535 815 2570 ἅρπαγμα
842 2536 955 2572 λῃστρι-

161 2587 221 2620 κὸν,
243 2586 320 2612 οὐδὲν
334 2584 415 2611 πλέον
430 2583 583 2618 κατορθοῖς,
602 2583 618 2618 ἢ
638 2583 684 2609 τὸν
698 2582 857 2617 Πηνελόπης
870 2582 954 2616 ὑφαί-

162 2643 219 2660 vat:
237 2633 328 2659 ἱστόν·
356 2632 386 2658 ὃν
406 2632 575 2666 πανημέριον
602 2630 783 2663 ὑφαινόμενον
805 2629 835 2655 τὺ
859 2630 954 2660 σκότος

161 2680 258 2707 ἀνέλυε
276 2680 326 2712 τῆς
349 2680 467 2705 κατόπιν
484 2677 590 2708 νυκτός.
613 2676 698 2710 Δῆλον
713 2673 760 2702 οὖν
777 2674 809 2701 ἂν
827 2674 952 2701 ἐντεῦθεν

162 2726 206 2762 εἴη
223 2727 268 2753 καὶ
281 2727 338 2761 τοῖς
358 2724 447 2760 μικρὰ
465 2722 621 2758 φρονοῦσιν,
636 2722 674 2754 ὡς
695 2722 758 2758 ὑμῖν
777 2722 827 2757 μὲν
840 2720 951 2748 ἀδικοῦ-

1007 878 1088 905 modo
1102 877 1267 912 equitatum,
1281 880 1309 903 et
1324 875 1458 910 quidquid
1475 875 1552 902 illinc
1574 874 1714 908 copiarum
1731 877 1795 905 est;

1007 924 1054 951 sed
1072 924 1111 951 tui
1130 922 1240 957 quidem
1261 929 1343 949 causa
1363 926 1390 949 et
1415 921 1541 948 Persicas
1566 927 1601 947 ex
1624 919 1686 946 Asia
1711 918 1795 945 vires.

1006 969 1064 997 Iam
1083 969 1156 996 enim
1182 973 1210 995 lu
1229 966 1390 995 commisisti
1408 966 1434 994 id
1450 967 1565 1001 primus.
1584 965 1631 1000 qui
1656 965 1796 992 Persicam

1008 1022 1119 1043 manum
1148 1013 1201 1042 mei
1230 1021 1313 1041 causa
1342 1013 1370 1040 in
1397 1013 1472 1040 cives
1494 1012 1645 1040 immisisti.
1665 1011 1797 1047 lnjuriam

1006 1067 1098 1089 autem
1114 1060 1197 1088 simili
1215 1059 1288 1088 facto
1302 1059 1410 1093 ulcisci,
1428 1059 1508 1094 culpa
1524 1058 1606 1094 665
1622 1066 1720 1085 vacare
1737 1047 1796 1092 ipse

1006 1109 1028 1136 si
1041 1108 1159 1143 iudicas,
1175 1107 1308 1135 innocens
1332 1110 1406 1133 certe
1431 1113 1492 1141 ego,
1509 1110 1537 1133 et
1559 1112 1696 1132 concessa:
1710 1104 1796 1131 νοοῖτο

1008 1154 1193 1182 testimonium
1209 1152 1315 1188 accipio
1330 1153 1364 1180 ab
1378 1153 1445 1188 ipsis
1460 1152 1701 1180 obtrectatoribus.
1715 1150 1794 1183 Quod

1006 1201 1027 1227 si
1044 1200 1145 1227 factum
1160 1200 1228 1227 illud
1245 1207 1335 1227 meum
1361 1200 1388 1226 iu
1404 1199 1509 1227 crimen
1525 1198 1657 1227 adducas.
1673 1197 1728 1233 jam
1745 1197 1795 1224 tibi

1006 1246 1183 1280 Cogitandum
1212 1251 1264 1278 est,
1290 1250 1358 1281 quot
1388 1251 1416 1273 et
1445 1246 1558 1280 quantis
1579 1244 1745 1273 criminibus
1769 1248 1796 1271 to
1840 1279 1845 1281 ν

1005 1293 1156 1320 obnoxium
1178 1292 1249 1320 ultro
1266 1291 1375 1324 feceris,
1394 1299 1456 1319 cum
1482 1296 1521 1319 tot
1543 1291 1569 1318 in
1599 1298 1642 1318 me
1661 1291 1796 1317 innocen-

1007 1341 1061 1363 tem
1088 1335 1241 1363 inﬂdelium
1267 1335 1424 1370 promiscue
1449 1343 1481 1363 ac
1506 1335 1608 1363 civium
1636 1343 1712 1362 arma
1735 1342 1796 1362 mo-

1005 1382 1080 1416 visti,
1105 1390 1168 1410 cum
1198 1382 1269 1410 nulli
1296 1383 1418 1418 sumptui
1450 1382 1610 1418 pepercisti,
1628 1390 1689 1410 cum
1711 1386 1796 1408 totam

1005 1430 1193 1457 Romanorum
1213 1429 1348 1457 ditionem
1371 1429 1526 1463 vastavisti,
1542 1429 1642 1464 templa
1659 1428 1797 1461 cvertistl,

1006 1482 1084 1503 sacra
1102 1475 1177 1503 omni
1194 1474 1299 1502 scelere
1325 1475 1445 1508 violasti,
1463 1483 1525 1503 cum
1543 1476 1571 1503 in
1587 1476 1680 1503 divina
1701 1475 1798 1502 multi-

1007 1521 1104 1549 fariam
1116 1526 1142 1549 et
1162 1521 1384 1557 petulantissime
1406 1521 1555 1549 bacchatus
1573 1529 1612 1555 es,
1628 1529 1691 1548 eum
1706 1521 1797 1548 omnis

1007 1567 1160 1595 nobilitatis
1175 1567 1361 1595 venerandam
1377 1568 1506 1595 canitiem
1528 1567 1562 1595 de
1588 1567 1679 1595 medio
1699 1572 1795 1595 sustu—

1006 1614 1073 1646 listi,
1086 1622 1147 1641 cum
1164 1614 1255 1641 omnia
1272 1614 1349 1641 nullo
1364 1614 1524 1641 discrimine
1537 1622 1646 1641 sursum
1665 1613 1794 1640 deorsum

1008 1659 1140 1686 miscuisti
1158 1664 1241 1694 atque
1257 1659 1409 1693 invertisli;
1433 1667 1488 1695 quo
1504 1659 1642 1688 consilio?
1664 1659 1796 1687 nimirum

1007 1712 1037 1734 ut
1055 1710 1082 1732 ιιι
1097 1705 1171 1732 solus
1185 1713 1276 1732 rerum
1295 1706 1429 1740 potirere,
1446 1706 1548 1739 majora
1572 1710 1598 1733 te
1614 1713 1645 1733 ac
1660 1711 1705 1732 tua
1725 1713 1794 1732 con-

1007 1752 1111 1779 ditione
1138 1751 1276 1779 all‘cctaus.
1296 1752 1368 1780 Proh
1396 1752 1580 1779 dementiam!
1598 1752 1676 1786 quasi
1705 1752 1798 1778 nullus

1006 1799 1077 1827 foret
1089 1799 1194 1826 arbiter
1204 1799 1308 1834 justus.
1322 1807 1336 1826 ιι
1354 1806 1410 1834 quo
1425 1799 1597 1833 aspiceretur
1609 1797 1797 1833 quodcunque

1007 1845 1048 1878 ﬁt,
1064 1853 1079 1872 a
1098 1853 1153 1880 quo
1180 1845 1273 1872 omnia
1297 1853 1380 1880 quam
1397 1845 1499 1881 optime
1514 1845 1796 1878 administrarentur;

1006 1895 1054 1922 sed
1080 1894 1208 1922 universa
1227 1894 1304 1922 nullo
1330 1898 1449 1927 rectore,
1465 1893 1539 1921 nulla
1567 1893 1625 1928 lege
1657 1893 1740 1920 irent.
1757 1892 1797 1923 Ac

1007 1949 1041 1970 ne
1049 1941 1161 1977 quidem
1177 1940 1210 1968 ad
1225 1948 1284 1968 mea
1300 1941 1396 1968 exsilia
1408 1947 1537 1974 measque
1548 1939 1717 1967 calamitates
1732 1947 1795 1966 cum

1007 1988 1174 2023 respiceres,
1195 1987 1300 2014 erudiri
1327 1987 1361 2015 ad
1389 1986 1583 2018 verecundiam
1608 1985 1732 2020 potuisti,
1750 1992 1798 2012 co-

1006 2035 1118 2070 gitando
1149 2034 1288 2070 quomodo
1320 2041 1368 2062 eos
1395 2033 1518 2068 quidem,
1543 2033 1589 2068 qui
1620 2033 1686 2059 mihi
1716 2032 1796 2060 amici

1005 2086 1084 2108 erant
1104 2088 1135 2108 ac
1152 2081 1300 2116 plurimum
1316 2080 1384 2107 mihi
1402 2079 1550 2113 debebant,
1560 2078 1645 2106 animi
1662 2079 1704 2106 sui
1720 2078 1798 2106 furor

1006 2127 1034 2154 in
1049 2134 1092 2155 me
1106 2131 1235 2162 tanquam
1252 2127 1346 2154 hostes
1360 2126 1507 2154 armaverit
1522 2135 1528 2152 :
1546 2125 1674 2153 inimicos
1689 2131 1794 2158 autem,

1005 2176 1034 2199 et
1053 2180 1111 2204 eos,
1136 2180 1151 2199 a
1180 2172 1282 2206 quibus
1312 2171 1374 2199 laedi
1406 2179 1449 2198 me
1465 2171 1573 2211 aquius
1597 2176 1666 2202 erat.
1694 2171 1798 2198 amicos

1004 2218 1071 2246 mihi
1084 2218 1184 2246 divinae
1194 2218 1308 2254 justitiaa
1330 2218 1423 2245 lances
1444 2225 1525 2245 veros
1540 2225 1571 2244 ac
1590 2222 1680 2245 certos
1697 2217 1798 2251 proba-

1005 2265 1113 2296 vcrint;
1131 2268 1159 2292 et
1180 2271 1262 2298 quem
1288 2269 1381 2291 vester
1405 2263 1452 2290 ille
1478 2267 1563 2290 aestus
1589 2263 1616 2290 in
1643 2262 1797 2297 profundos

1003 2311 1194 2339 calamitatum
1216 2310 1316 2337 [luctus
1339 2314 1485 2338 merserat.
1502 2299 1573 2336 leum
1597 2309 1669 2336 Deus
1696 2313 1797 2343 praeter

1005 2363 1116 2384 onmem
1144 2355 1303 2390 opinionem
1334 2354 1413 2382 vobis
1445 2355 1572 2382 altiorem
1601 2354 1736 2382 eil'ecerit.
1763 2354 1798 2381 Et

1003 2410 1089 2435 nunc,
1109 2406 1139 2430 ut
1155 2401 1241 2433 vides,
1259 2401 1326 2428 mihi
1343 2401 1456 2435 quidem
1473 2401 1566 2428 omnia
1584 2401 1648 2428 ﬂatu
1663 2409 1796 2435 prospero

1005 2454 1083 2482 cunt,
1099 2453 1127 2476 et
1150 2456 1234 2483 porro
1253 2448 1333 2475 ibunt
1349 2448 1406 2475 Deo
1425 2448 1552 2483 juvante.
1567 2447 1607 2474 Tu
1630 2448 1712 2483 666
1728 2455 1795 2474 vero

1006 2494 1178 2529 consumptis
1201 2493 1384 2529 pecuniarum
1408 2494 1526 2527 acervis,
1544 2501 1668 2521 mearutu
1684 2501 1795 2528 nempe,

1004 2544 1105 2574 prveter
1123 2539 1150 2566 id
1167 2546 1249 2565 omne
1270 2538 1344 2573 quod
1361 2537 1519 2572 principum
1535 2538 1642 2565 aerariis
1663 2538 1753 2565 inerat
1767 2544 1796 2566 et

1004 2583 1138 2619 quidquid
1155 2583 1227 2618 apud
1243 2583 1350 2610 nobiles
1361 2591 1458 2610 omnes
1474 2583 1625 2617 repositum
1640 2583 1796 2611 latronibus

1005 2631 1166 2666 rapiendum
1182 2630 1293 2664 dedisti,
1308 2630 1377 2658 nihil
1389 2629 1464 2657 aliud
1479 2629 1532 2656 uisi
1549 2629 1699 2664 Penelopes
1712 2630 1793 2658 telam

1008 2676 1131 2709 texuisti,
1148 2683 1229 2711 quam
1255 2679 1311 2703 tota
1331 2675 1376 2702 die
1396 2675 1563 2702 elaboratam
1587 2675 1727 2709 sequentis
1745 2682 1797 2702 no-

1007 2721 1060 2749 ctis
1088 2722 1185 2750 umbra
1211 2721 1362 2750 retexebat.
1389 2721 1467 2749 Patet
1491 2720 1586 2755 itaque
1616 2719 1680 2748 inde
1705 2719 1796 2749 cuivis

821 2778 988 2812 Variorum
1003 2784 1087 2811 notae

199 2846 252 2881 (Ἦ)
271 2845 379 2874 lloutcr.
397 2846 466 2874 Iliad
495 2854 524 2873 ιι.
553 2844 656 2873 Bonis.
