  <div class='ocr_page' id='page_1' title='image "/cluster/home/n/w/nwhite01/storage/ocr_20150623/148/njp.32101077773164/504.png"; bbox 0 0 1924 3076; ppageno 0'>
   <div class='ocr_carea' id='block_1_1' title="bbox 139 134 195 168">
    <p class='ocr_par' dir='ltr' id='par_1_1' title="bbox 139 134 195 168">
     <span class='ocr_line' id='line_1_1' title="bbox 139 134 195 168; baseline 0 -1"><span class='ocrx_word' id='word_1_1' title='bbox 139 134 195 168; x_wconf 79' lang='grc'><strong>833</strong></span> 
     </span>
    </p>
   </div>
   <div class='ocr_carea' id='block_1_2' title="bbox 336 135 522 172">
    <p class='ocr_par' dir='ltr' id='par_1_2' title="bbox 336 135 522 172">
     <span class='ocr_line' id='line_1_2' title="bbox 336 135 522 172; baseline 0.005 -9"><span class='ocrx_word' id='word_1_2' title='bbox 336 135 374 172; x_wconf 68' lang='grc' dir='ltr'><strong>[Α.</strong></span> <span class='ocrx_word' id='word_1_3' title='bbox 395 144 420 164; x_wconf 93' lang='lat' dir='ltr'><strong>c.</strong></span> <span class='ocrx_word' id='word_1_4' title='bbox 445 137 522 171; x_wconf 58' lang='lat' dir='ltr'><strong>tam</strong></span> 
     </span>
    </p>
   </div>
   <div class='ocr_carea' id='block_1_3' title="bbox 655 142 1262 174">
    <p class='ocr_par' dir='ltr' id='par_1_3' title="bbox 655 142 1262 174">
     <span class='ocr_line' id='line_1_3' title="bbox 655 142 1262 174; baseline 0.005 -3"><span class='ocrx_word' id='word_1_5' title='bbox 655 142 872 172; x_wconf 65' lang='grc' dir='ltr'><strong>ΒΥΖΛΝΤΙΝΈ</strong></span> <span class='ocrx_word' id='word_1_6' title='bbox 893 143 1082 174; x_wconf 70' lang='lat' dir='ltr'><strong>IlISTORI/E</strong></span> <span class='ocrx_word' id='word_1_7' title='bbox 1095 143 1167 173; x_wconf 85' lang='lat' dir='ltr'><strong>LIB.</strong></span> <span class='ocrx_word' id='word_1_8' title='bbox 1178 143 1262 174; x_wconf 86' lang='lat' dir='ltr'>XIII.</span> 
     </span>
    </p>
   </div>
   <div class='ocr_carea' id='block_1_4' title="bbox 1324 141 1622 178">
    <p class='ocr_par' dir='ltr' id='par_1_4' title="bbox 1324 141 1622 178">
     <span class='ocr_line' id='line_1_4' title="bbox 1324 141 1622 178; baseline -0.007 -9"><span class='ocrx_word' id='word_1_9' title='bbox 1324 142 1390 178; x_wconf 64' lang='lat' dir='ltr'><strong>[nun</strong></span> <span class='ocrx_word' id='word_1_10' title='bbox 1412 149 1431 168; x_wconf 77' lang='grc' dir='ltr'>ι.</span> <span class='ocrx_word' id='word_1_11' title='bbox 1455 149 1573 169; x_wconf 66' lang='grc' dir='ltr'>ιιιιῌεοι.</span> <span class='ocrx_word' id='word_1_12' title='bbox 1594 141 1622 176; x_wconf 78' lang='lat'><strong>3]</strong></span> 
     </span>
    </p>
   </div>
   <div class='ocr_carea' id='block_1_5' title="bbox 1713 143 1766 175">
    <p class='ocr_par' dir='ltr' id='par_1_5' title="bbox 1713 143 1766 175">
     <span class='ocr_line' id='line_1_5' title="bbox 1713 143 1766 175; baseline -0.019 0"><span class='ocrx_word' id='word_1_13' title='bbox 1713 143 1766 175; x_wconf 81' lang='lat' dir='ltr'><strong>89I</strong></span> 
     </span>
    </p>
   </div>
   <div class='ocr_carea' id='block_1_6' title="bbox 139 195 931 237">
    <p class='ocr_par' dir='ltr' id='par_1_6' title="bbox 139 195 928 234">
     <span class='ocr_line' id='line_1_6' title="bbox 139 195 928 234; baseline 0.006 -13"><span class='ocrx_word' id='word_1_14' title='bbox 139 195 253 230; x_wconf 79' lang='grc' dir='ltr'><strong>Θα).μοῖς</strong></span> <span class='ocrx_word' id='word_1_15' title='bbox 271 197 315 222; x_wconf 59' lang='grc' dir='ltr'>τὴν</span> <span class='ocrx_word' id='word_1_16' title='bbox 331 197 387 223; x_wconf 74' lang='grc' dir='ltr'>ἴσον</span> <span class='ocrx_word' id='word_1_17' title='bbox 401 198 491 230; x_wconf 77' lang='grc' dir='ltr'>ἔξεστι</span> <span class='ocrx_word' id='word_1_18' title='bbox 511 199 624 234; x_wconf 83' lang='grc' dir='ltr'>τρόπον.</span> <span class='ocrx_word' id='word_1_19' title='bbox 640 199 717 226; x_wconf 60' lang='grc' dir='ltr'>Ἵλατ’</span> <span class='ocrx_word' id='word_1_20' title='bbox 740 200 769 227; x_wconf 79' lang='grc' dir='ltr'>οὗ</span> <span class='ocrx_word' id='word_1_21' title='bbox 787 200 900 231; x_wconf 75' lang='grc' dir='ltr'><strong>δικαίως</strong></span> <span class='ocrx_word' id='word_1_22' title='bbox 915 201 928 227; x_wconf 80' lang='grc' dir='ltr'><strong>ὁ</strong></span> 
     </span>
    </p>
   </div>
   <div class='ocr_carea' id='block_1_7' title="bbox 983 195 1763 237">
    <p class='ocr_par' dir='ltr' id='par_1_7' title="bbox 983 201 1763 237">
     <span class='ocr_line' id='line_1_7' title="bbox 983 201 1763 237; baseline 0.004 -10"><span class='ocrx_word' id='word_1_23' title='bbox 983 209 1046 228; x_wconf 91' lang='lat' dir='ltr'><strong>num</strong></span> <span class='ocrx_word' id='word_1_24' title='bbox 1066 202 1164 235; x_wconf 82' lang='lat' dir='ltr'><strong>oculis,</strong></span> <span class='ocrx_word' id='word_1_25' title='bbox 1178 203 1343 233; x_wconf 68' lang='lat' dir='ltr'><strong>velutnovze</strong></span> <span class='ocrx_word' id='word_1_26' title='bbox 1369 207 1460 235; x_wconf 70' lang='lat' dir='ltr'><strong>nupta:</strong></span> <span class='ocrx_word' id='word_1_27' title='bbox 1483 202 1576 237; x_wconf 83' lang='lat' dir='ltr'><strong>posito</strong></span> <span class='ocrx_word' id='word_1_28' title='bbox 1599 201 1763 233; x_wconf 81' lang='lat' dir='ltr'><strong>ﬂammeolo.</strong></span> 
     </span>
    </p>
   </div>
   <div class='ocr_carea' id='block_1_8' title="bbox 140 242 927 279">
    <p class='ocr_par' dir='ltr' id='par_1_8' title="bbox 140 242 927 279">
     <span class='ocr_line' id='line_1_8' title="bbox 140 242 927 279; baseline 0.008 -13"><span class='ocrx_word' id='word_1_29' title='bbox 140 242 370 276; x_wconf 67' lang='grc' dir='ltr'>Καντακουζηνὸς</span> <span class='ocrx_word' id='word_1_30' title='bbox 385 243 435 278; x_wconf 73' lang='grc' dir='ltr'>τὴν</span> <span class='ocrx_word' id='word_1_31' title='bbox 449 252 503 278; x_wconf 84' lang='grc' dir='ltr'><strong>γρα</strong></span> <span class='ocrx_word' id='word_1_32' title='bbox 511 244 559 278; x_wconf 51' lang='grc' dir='ltr'><strong>θὴν</strong></span> <span class='ocrx_word' id='word_1_33' title='bbox 578 245 640 279; x_wconf 72' lang='grc' dir='ltr'>ἐμοὶ</span> <span class='ocrx_word' id='word_1_34' title='bbox 652 245 699 272; x_wconf 78' lang='grc' dir='ltr'>τοῦ</span> <span class='ocrx_word' id='word_1_35' title='bbox 717 245 876 279; x_wconf 66' lang='grc' dir='ltr'>ψεύδεσθαι,</span> <span class='ocrx_word' id='word_1_36' title='bbox 890 246 927 276; x_wconf 74' lang='grc' dir='ltr'>ὥς</span> 
     </span>
    </p>
   </div>
   <div class='ocr_carea' id='block_1_9' title="bbox 137 288 927 327">
    <p class='ocr_par' dir='ltr' id='par_1_9' title="bbox 137 288 927 327">
     <span class='ocr_line' id='line_1_9' title="bbox 137 288 927 327; baseline 0.005 -12"><span class='ocrx_word' id='word_1_37' title='bbox 137 296 170 321; x_wconf 82' lang='grc' dir='ltr'><strong>γε</strong></span> <span class='ocrx_word' id='word_1_38' title='bbox 185 288 272 323; x_wconf 72' lang='grc' dir='ltr'>οἶμαι,</span> <span class='ocrx_word' id='word_1_39' title='bbox 291 291 499 326; x_wconf 75' lang='grc' dir='ltr'>προστρίϐεται,</span> <span class='ocrx_word' id='word_1_40' title='bbox 519 292 566 318; x_wconf 71' lang='grc' dir='ltr'>τοῦ</span> <span class='ocrx_word' id='word_1_41' title='bbox 584 293 738 324; x_wconf 77' lang='grc' dir='ltr'><strong>λυσιτελοῦς</strong></span> <span class='ocrx_word' id='word_1_42' title='bbox 758 293 794 324; x_wconf 85' lang='grc' dir='ltr'>ὡς</span> <span class='ocrx_word' id='word_1_43' title='bbox 810 293 927 327; x_wconf 81' lang='grc' dir='ltr'>μάλιστα</span> 
     </span>
    </p>
   </div>
   <div class='ocr_carea' id='block_1_10' title="bbox 138 336 927 373">
    <p class='ocr_par' dir='ltr' id='par_1_10' title="bbox 138 336 927 373">
     <span class='ocr_line' id='line_1_10' title="bbox 138 336 927 373; baseline 0.006 -12"><span class='ocrx_word' id='word_1_44' title='bbox 138 336 296 370; x_wconf 74' lang='grc' dir='ltr'><strong>ποιουμένῳ</strong></span> <span class='ocrx_word' id='word_1_45' title='bbox 321 336 370 372; x_wconf 78' lang='grc' dir='ltr'>τὴν</span> <span class='ocrx_word' id='word_1_46' title='bbox 390 337 531 372; x_wconf 65' lang='grc' dir='ltr'>πρόνοιαν.</span> <span class='ocrx_word' id='word_1_47' title='bbox 555 338 626 371; x_wconf 79' lang='grc' dir='ltr'><strong>Ἐγὼ</strong></span> <span class='ocrx_word' id='word_1_48' title='bbox 649 338 703 372; x_wconf 82' lang='grc' dir='ltr'>γὰρ</span> <span class='ocrx_word' id='word_1_49' title='bbox 728 339 874 373; x_wconf 77' lang='grc' dir='ltr'><strong>ἐλάττωμα</strong></span> <span class='ocrx_word' id='word_1_50' title='bbox 894 339 927 366; x_wconf 72' lang='grc' dir='ltr'>ἂν</span> 
     </span>
    </p>
   </div>
   <div class='ocr_carea' id='block_1_11' title="bbox 138 382 927 420">
    <p class='ocr_par' dir='ltr' id='par_1_11' title="bbox 138 382 927 420">
     <span class='ocr_line' id='line_1_11' title="bbox 138 382 927 420; baseline 0.006 -13"><span class='ocrx_word' id='word_1_51' title='bbox 138 382 288 416; x_wconf 74' lang='grc' dir='ltr'><strong>ἡγησάμην</strong></span> <span class='ocrx_word' id='word_1_52' title='bbox 311 383 336 409; x_wconf 85' lang='grc' dir='ltr'><strong>εί</strong></span> <span class='ocrx_word' id='word_1_53' title='bbox 363 384 400 418; x_wconf 89' lang='grc' dir='ltr'>μὴ</span> <span class='ocrx_word' id='word_1_54' title='bbox 416 383 536 415; x_wconf 83' lang='grc' dir='ltr'>τοιοῦτος</span> <span class='ocrx_word' id='word_1_55' title='bbox 561 385 637 419; x_wconf 80' lang='grc' dir='ltr'>εῐην·</span> <span class='ocrx_word' id='word_1_56' title='bbox 664 385 782 420; x_wconf 76' lang='grc' dir='ltr'>κάκείνῳ</span> <span class='ocrx_word' id='word_1_57' title='bbox 804 385 827 412; x_wconf 82' lang='grc' dir='ltr'>δ’</span> <span class='ocrx_word' id='word_1_58' title='bbox 843 384 888 417; x_wconf 77' lang='grc' dir='ltr'>αὖ,</span> <span class='ocrx_word' id='word_1_59' title='bbox 903 386 927 412; x_wconf 83' lang='grc' dir='ltr'><strong>ει</strong></span> 
     </span>
    </p>
   </div>
   <div class='ocr_carea' id='block_1_12' title="bbox 139 429 927 467">
    <p class='ocr_par' dir='ltr' id='par_1_12' title="bbox 139 429 927 467">
     <span class='ocr_line' id='line_1_12' title="bbox 139 429 927 467; baseline 0.006 -13"><span class='ocrx_word' id='word_1_60' title='bbox 139 429 294 463; x_wconf 68' lang='grc' dir='ltr'>στρατηγοῦ</span> <span class='ocrx_word' id='word_1_61' title='bbox 324 431 411 456; x_wconf 78' lang='grc' dir='ltr'><strong>ποιεῖν</strong></span> <span class='ocrx_word' id='word_1_62' title='bbox 439 429 564 457; x_wconf 71' lang='grc' dir='ltr'>ἐϐούλετο</span> <span class='ocrx_word' id='word_1_63' title='bbox 592 432 727 466; x_wconf 77' lang='grc' dir='ltr'>πρᾶγμα.</span> <span class='ocrx_word' id='word_1_64' title='bbox 754 433 810 458; x_wconf 84' lang='grc' dir='ltr'>τότ’</span> <span class='ocrx_word' id='word_1_65' title='bbox 836 432 868 459; x_wconf 70' lang='grc' dir='ltr'>ἄν</span> <span class='ocrx_word' id='word_1_66' title='bbox 893 441 927 467; x_wconf 84' lang='grc' dir='ltr'><strong>με</strong></span> 
     </span>
    </p>
   </div>
   <div class='ocr_carea' id='block_1_13' title="bbox 137 474 927 514">
    <p class='ocr_par' dir='ltr' id='par_1_13' title="bbox 137 474 927 514">
     <span class='ocr_line' id='line_1_13' title="bbox 137 474 927 514; baseline 0.006 -14"><span class='ocrx_word' id='word_1_67' title='bbox 137 474 268 509; x_wconf 77' lang='grc' dir='ltr'><strong>λοιδορεῖν</strong></span> <span class='ocrx_word' id='word_1_68' title='bbox 287 476 382 510; x_wconf 80' lang='grc' dir='ltr'>ἐχρῆν,</span> <span class='ocrx_word' id='word_1_69' title='bbox 402 476 445 502; x_wconf 78' lang='grc' dir='ltr'>ὅτε</span> <span class='ocrx_word' id='word_1_70' title='bbox 467 476 505 511; x_wconf 87' lang='grc' dir='ltr'>μὴ</span> <span class='ocrx_word' id='word_1_71' title='bbox 522 476 591 503; x_wconf 61' lang='grc' dir='ltr'>οὕτω)</span> <span class='ocrx_word' id='word_1_72' title='bbox 607 479 665 509; x_wconf 79' lang='grc' dir='ltr'>τοῖς</span> <span class='ocrx_word' id='word_1_73' title='bbox 677 478 728 504; x_wconf 78' lang='grc' dir='ltr'>ἀνὰ</span> <span class='ocrx_word' id='word_1_74' title='bbox 742 479 837 513; x_wconf 76' lang='grc' dir='ltr'>χεῖρας</span> <span class='ocrx_word' id='word_1_75' title='bbox 852 479 927 514; x_wconf 73' lang='grc' dir='ltr'>ἑώρα</span> 
     </span>
    </p>
   </div>
   <div class='ocr_carea' id='block_1_14' title="bbox 139 521 928 559">
    <p class='ocr_par' dir='ltr' id='par_1_14' title="bbox 139 521 928 559">
     <span class='ocr_line' id='line_1_14' title="bbox 139 521 928 559; baseline 0.008 -13"><span class='ocrx_word' id='word_1_76' title='bbox 139 529 175 555; x_wconf 72' lang='grc' dir='ltr'><strong>με</strong></span> <span class='ocrx_word' id='word_1_77' title='bbox 200 521 346 556; x_wconf 73' lang='grc' dir='ltr'><strong>πράγμασι</strong></span> <span class='ocrx_word' id='word_1_78' title='bbox 372 523 532 556; x_wconf 80' lang='grc' dir='ltr'><strong>προσιόντα.</strong></span> <span class='ocrx_word' id='word_1_79' title='bbox 557 523 622 558; x_wconf 81' lang='grc' dir='ltr'><strong>Ἐμὲ</strong></span> <span class='ocrx_word' id='word_1_80' title='bbox 646 523 670 550; x_wconf 83' lang='grc' dir='ltr'>δ’</span> <span class='ocrx_word' id='word_1_81' title='bbox 693 525 781 551; x_wconf 66' lang='grc' dir='ltr'>ἐκεῖνο</span> <span class='ocrx_word' id='word_1_82' title='bbox 808 525 928 559; x_wconf 73' lang='grc' dir='ltr'>μάλιστα</span> 
     </span>
    </p>
   </div>
   <div class='ocr_carea' id='block_1_15' title="bbox 138 568 928 604">
    <p class='ocr_par' dir='ltr' id='par_1_15' title="bbox 138 568 928 604">
     <span class='ocr_line' id='line_1_15' title="bbox 138 568 928 604; baseline 0.008 -11"><span class='ocrx_word' id='word_1_83' title='bbox 138 568 251 594; x_wconf 73' lang='grc' dir='ltr'>πάντων</span> <span class='ocrx_word' id='word_1_84' title='bbox 266 568 375 604; x_wconf 81' lang='grc' dir='ltr'><strong>ἐπαίρει</strong></span> <span class='ocrx_word' id='word_1_85' title='bbox 392 569 544 604; x_wconf 81' lang='grc' dir='ltr'><strong>θαυμάζειν</strong></span> <span class='ocrx_word' id='word_1_86' title='bbox 560 569 676 603; x_wconf 78' lang='grc' dir='ltr'>ἐκείνου,</span> <span class='ocrx_word' id='word_1_87' title='bbox 690 571 749 601; x_wconf 80' lang='grc' dir='ltr'>πῶς</span> <span class='ocrx_word' id='word_1_88' title='bbox 762 571 839 598; x_wconf 74' lang='grc' dir='ltr'>ταῦτ’</span> <span class='ocrx_word' id='word_1_89' title='bbox 853 572 928 599; x_wconf 85' lang='grc' dir='ltr'>ἐπεί-</span> 
     </span>
    </p>
   </div>
   <div class='ocr_carea' id='block_1_16' title="bbox 138 613 928 652">
    <p class='ocr_par' dir='ltr' id='par_1_16' title="bbox 138 613 928 652">
     <span class='ocr_line' id='line_1_16' title="bbox 138 613 928 652; baseline 0.008 -14"><span class='ocrx_word' id='word_1_90' title='bbox 138 620 218 645; x_wconf 65' lang='grc' dir='ltr'>γεται</span> <span class='ocrx_word' id='word_1_91' title='bbox 233 613 309 648; x_wconf 76' lang='grc' dir='ltr'>δρᾷν,</span> <span class='ocrx_word' id='word_1_92' title='bbox 328 613 372 650; x_wconf 81' lang='grc' dir='ltr'><strong>[Ρ.</strong></span> <span class='ocrx_word' id='word_1_93' title='bbox 389 614 454 650; x_wconf 74' lang='grc'><strong>417]</strong></span> <span class='ocrx_word' id='word_1_94' title='bbox 483 613 523 647; x_wconf 76' lang='grc' dir='ltr'><strong>οἷς</strong></span> <span class='ocrx_word' id='word_1_95' title='bbox 554 616 692 648; x_wconf 72' lang='grc' dir='ltr'><strong>ὀνειδίζων</strong></span> <span class='ocrx_word' id='word_1_96' title='bbox 717 617 841 648; x_wconf 65' lang='grc' dir='ltr'>ἐκτόπως</span> <span class='ocrx_word' id='word_1_97' title='bbox 865 619 928 652; x_wconf 73' lang='grc' dir='ltr'>ἐμοὶ</span> 
     </span>
    </p>
   </div>
   <div class='ocr_carea' id='block_1_17' title="bbox 102 659 927 698">
    <p class='ocr_par' dir='ltr' id='par_1_17' title="bbox 102 659 927 698">
     <span class='ocr_line' id='line_1_17' title="bbox 102 659 927 698; baseline 0.007 -13"><span class='ocrx_word' id='word_1_98' title='bbox 102 671 109 679; x_wconf 77' lang='grc'><strong>›</strong></span> <span class='ocrx_word' id='word_1_99' title='bbox 139 659 312 695; x_wconf 79' lang='grc' dir='ltr'>λοιδορεῖται.</span> <span class='ocrx_word' id='word_1_100' title='bbox 337 661 388 696; x_wconf 82' lang='grc' dir='ltr'>τὴν</span> <span class='ocrx_word' id='word_1_101' title='bbox 417 661 590 697; x_wconf 73' lang='grc' dir='ltr'>βαρϐαρικήν</span> <span class='ocrx_word' id='word_1_102' title='bbox 604 672 676 698; x_wconf 86' lang='grc' dir='ltr'>φημι</span> <span class='ocrx_word' id='word_1_103' title='bbox 701 665 748 691; x_wconf 72' lang='grc' dir='ltr'><strong>καὶ</strong></span> <span class='ocrx_word' id='word_1_104' title='bbox 777 665 927 698; x_wconf 75' lang='grc' dir='ltr'>ἀλλόφυλον</span> 
     </span>
    </p>
   </div>
   <div class='ocr_carea' id='block_1_18' title="bbox 140 705 926 745">
    <p class='ocr_par' dir='ltr' id='par_1_18' title="bbox 140 705 926 745">
     <span class='ocr_line' id='line_1_18' title="bbox 140 705 926 745; baseline 0.006 -13"><span class='ocrx_word' id='word_1_105' title='bbox 140 705 310 740; x_wconf 75' lang='grc' dir='ltr'>συμμαχίαν.</span> <span class='ocrx_word' id='word_1_106' title='bbox 327 706 359 734; x_wconf 79' lang='grc' dir='ltr'><strong>Εἰ</strong></span> <span class='ocrx_word' id='word_1_107' title='bbox 373 707 427 742; x_wconf 79' lang='grc' dir='ltr'>γὰρ</span> <span class='ocrx_word' id='word_1_108' title='bbox 442 708 471 734; x_wconf 77' lang='grc' dir='ltr'>ἐν</span> <span class='ocrx_word' id='word_1_109' title='bbox 493 708 644 743; x_wconf 77' lang='grc' dir='ltr'>ἀλλοτρίοις</span> <span class='ocrx_word' id='word_1_110' title='bbox 665 710 836 745; x_wconf 75' lang='grc' dir='ltr'><strong>πταίσμασιν</strong></span> <span class='ocrx_word' id='word_1_111' title='bbox 857 710 926 737; x_wconf 78' lang='grc' dir='ltr'>ἰδίαν</span> 
     </span>
    </p>
   </div>
   <div class='ocr_carea' id='block_1_19' title="bbox 139 751 929 790">
    <p class='ocr_par' dir='ltr' id='par_1_19' title="bbox 139 751 929 790">
     <span class='ocr_line' id='line_1_19' title="bbox 139 751 929 790; baseline 0.008 -14"><span class='ocrx_word' id='word_1_112' title='bbox 139 751 292 784; x_wconf 81' lang='grc' dir='ltr'>ἀσφάλειαν</span> <span class='ocrx_word' id='word_1_113' title='bbox 304 753 450 787; x_wconf 79' lang='grc' dir='ltr'><strong>ἐγκωμίων</strong></span> <span class='ocrx_word' id='word_1_114' title='bbox 463 753 545 785; x_wconf 71' lang='grc' dir='ltr'>αὐτὸς</span> <span class='ocrx_word' id='word_1_115' title='bbox 557 755 705 790; x_wconf 70' lang='grc' dir='ltr'>ἐπορίσατο</span> <span class='ocrx_word' id='word_1_116' title='bbox 717 756 764 782; x_wconf 78' lang='grc' dir='ltr'>καὶ</span> <span class='ocrx_word' id='word_1_117' title='bbox 778 756 816 790; x_wconf 79' lang='grc' dir='ltr'>τῷ</span> <span class='ocrx_word' id='word_1_118' title='bbox 825 756 882 782; x_wconf 83' lang='grc' dir='ltr'>δντι</span> <span class='ocrx_word' id='word_1_119' title='bbox 893 756 929 783; x_wconf 84' lang='grc' dir='ltr'>τά</span> 
     </span>
    </p>
   </div>
   <div class='ocr_carea' id='block_1_20' title="bbox 141 792 928 836">
    <p class='ocr_par' dir='ltr' id='par_1_20' title="bbox 141 792 928 836">
     <span class='ocr_line' id='line_1_20' title="bbox 141 792 928 836; baseline 0.008 -14"><span class='ocrx_word' id='word_1_120' title='bbox 141 805 186 831; x_wconf 82' lang='grc' dir='ltr'><strong>μοι</strong></span> <span class='ocrx_word' id='word_1_121' title='bbox 203 792 387 833; x_wconf 76' lang='grc' dir='ltr'>πεπραγμένα</span> <span class='ocrx_word' id='word_1_122' title='bbox 404 799 555 834; x_wconf 79' lang='grc' dir='ltr'>μεμίσηκε,</span> <span class='ocrx_word' id='word_1_123' title='bbox 581 801 675 828; x_wconf 76' lang='grc' dir='ltr'>ποθεῖν</span> <span class='ocrx_word' id='word_1_124' title='bbox 690 802 740 828; x_wconf 78' lang='grc' dir='ltr'><strong>οὐκ</strong></span> <span class='ocrx_word' id='word_1_125' title='bbox 758 802 854 836; x_wconf 80' lang='grc' dir='ltr'><strong>ἐχρῆν,</strong></span> <span class='ocrx_word' id='word_1_126' title='bbox 867 801 928 829; x_wconf 73' lang='grc' dir='ltr'>οὐδὲ</span> 
     </span>
    </p>
   </div>
   <div class='ocr_carea' id='block_1_21' title="bbox 142 842 926 880">
    <p class='ocr_par' dir='ltr' id='par_1_21' title="bbox 142 842 926 880">
     <span class='ocr_line' id='line_1_21' title="bbox 142 842 926 880; baseline 0.009 -13"><span class='ocrx_word' id='word_1_127' title='bbox 142 842 299 876; x_wconf 77' lang='grc' dir='ltr'>μιμεῖσθαι.</span> <span class='ocrx_word' id='word_1_128' title='bbox 325 842 361 870; x_wconf 73' lang='grc' dir='ltr'>Τὸ</span> <span class='ocrx_word' id='word_1_129' title='bbox 378 844 431 878; x_wconf 80' lang='grc' dir='ltr'><strong>γὰρ</strong></span> <span class='ocrx_word' id='word_1_130' title='bbox 452 845 597 879; x_wconf 78' lang='grc' dir='ltr'>μιμεῖσθαι</span> <span class='ocrx_word' id='word_1_131' title='bbox 623 845 764 880; x_wconf 81' lang='grc' dir='ltr'>φιλοῦντός</span> <span class='ocrx_word' id='word_1_132' title='bbox 784 848 867 878; x_wconf 82' lang='grc' dir='ltr'>ἐστιν,</span> <span class='ocrx_word' id='word_1_133' title='bbox 895 847 926 874; x_wconf 81' lang='grc' dir='ltr'>οὺ</span> 
     </span>
    </p>
   </div>
   <div class='ocr_carea' id='block_1_22' title="bbox 980 249 1764 284">
    <p class='ocr_par' dir='ltr' id='par_1_22' title="bbox 980 249 1764 284">
     <span class='ocr_line' id='line_1_22' title="bbox 980 249 1764 284; baseline 0.001 -9"><span class='ocrx_word' id='word_1_134' title='bbox 980 254 1094 283; x_wconf 88' lang='lat' dir='ltr'><strong>possunt</strong></span> <span class='ocrx_word' id='word_1_135' title='bbox 1107 250 1231 277; x_wconf 82' lang='lat' dir='ltr'><strong>eamdem</strong></span> <span class='ocrx_word' id='word_1_136' title='bbox 1247 251 1283 276; x_wconf 91' lang='lat' dir='ltr'><strong>oh</strong></span> <span class='ocrx_word' id='word_1_137' title='bbox 1297 257 1409 277; x_wconf 80' lang='lat' dir='ltr'><strong>causam</strong></span> <span class='ocrx_word' id='word_1_138' title='bbox 1422 250 1571 284; x_wconf 85' lang='lat' dir='ltr'><strong>spectanda</strong></span> <span class='ocrx_word' id='word_1_139' title='bbox 1589 249 1693 276; x_wconf 84' lang='lat' dir='ltr'><strong>oll‘erri.</strong></span> <span class='ocrx_word' id='word_1_140' title='bbox 1704 250 1764 277; x_wconf 83' lang='lat' dir='ltr'><strong>Non</strong></span> 
     </span>
    </p>
   </div>
   <div class='ocr_carea' id='block_1_23' title="bbox 974 295 1764 330">
    <p class='ocr_par' dir='ltr' id='par_1_23' title="bbox 974 295 1764 330">
     <span class='ocr_line' id='line_1_23' title="bbox 974 295 1764 330; baseline 0 -8"><span class='ocrx_word' id='word_1_141' title='bbox 974 296 1050 330; x_wconf 83' lang='lat' dir='ltr'><strong>justo</strong></span> <span class='ocrx_word' id='word_1_142' title='bbox 1071 295 1165 330; x_wconf 75' lang='lat' dir='ltr'><strong>itaque</strong></span> <span class='ocrx_word' id='word_1_143' title='bbox 1187 295 1397 323; x_wconf 87' lang='lat' dir='ltr'><strong>Cantacuzenus</strong></span> <span class='ocrx_word' id='word_1_144' title='bbox 1423 295 1527 322; x_wconf 82' lang='lat' dir='ltr'><strong>crimen</strong></span> <span class='ocrx_word' id='word_1_145' title='bbox 1546 295 1613 324; x_wconf 87' lang='lat' dir='ltr'><strong>mihi</strong></span> <span class='ocrx_word' id='word_1_146' title='bbox 1630 295 1764 323; x_wconf 80' lang='lat' dir='ltr'><strong>mendacii</strong></span> 
     </span>
    </p>
   </div>
   <div class='ocr_carea' id='block_1_24' title="bbox 979 341 1764 377">
    <p class='ocr_par' dir='ltr' id='par_1_24' title="bbox 979 341 1764 377">
     <span class='ocr_line' id='line_1_24' title="bbox 979 341 1764 377; baseline 0.001 -9"><span class='ocrx_word' id='word_1_147' title='bbox 979 342 1144 376; x_wconf 86' lang='lat' dir='ltr'><strong>(utquidem</strong></span> <span class='ocrx_word' id='word_1_148' title='bbox 1169 341 1247 376; x_wconf 88' lang='lat' dir='ltr'><strong>puto)</strong></span> <span class='ocrx_word' id='word_1_149' title='bbox 1267 341 1375 368; x_wconf 87' lang='lat' dir='ltr'><strong>inurit:</strong></span> <span class='ocrx_word' id='word_1_150' title='bbox 1395 341 1463 368; x_wconf 89' lang='lat' dir='ltr'><strong>mihi</strong></span> <span class='ocrx_word' id='word_1_151' title='bbox 1486 342 1608 376; x_wconf 85' lang='lat' dir='ltr'><strong>inquam,</strong></span> <span class='ocrx_word' id='word_1_152' title='bbox 1625 343 1670 377; x_wconf 84' lang='lat' dir='ltr'><strong>qui</strong></span> <span class='ocrx_word' id='word_1_153' title='bbox 1689 342 1764 369; x_wconf 90' lang='lat' dir='ltr'><strong>utili-</strong></span> 
     </span>
    </p>
   </div>
   <div class='ocr_carea' id='block_1_25' title="bbox 979 387 1766 423">
    <p class='ocr_par' dir='ltr' id='par_1_25' title="bbox 979 387 1766 423">
     <span class='ocr_line' id='line_1_25' title="bbox 979 387 1766 423; baseline 0 -9"><span class='ocrx_word' id='word_1_154' title='bbox 979 387 1044 415; x_wconf 84' lang='lat' dir='ltr'><strong>tatis</strong></span> <span class='ocrx_word' id='word_1_155' title='bbox 1067 387 1238 422; x_wconf 85' lang='lat' dir='ltr'><strong>potissimam</strong></span> <span class='ocrx_word' id='word_1_156' title='bbox 1265 389 1400 415; x_wconf 84' lang='lat' dir='ltr'><strong>rationem</strong></span> <span class='ocrx_word' id='word_1_157' title='bbox 1426 387 1526 415; x_wconf 81' lang='lat' dir='ltr'><strong>habeo.</strong></span> <span class='ocrx_word' id='word_1_158' title='bbox 1557 388 1614 414; x_wconf 86' lang='lat' dir='ltr'><strong>lmo</strong></span> <span class='ocrx_word' id='word_1_159' title='bbox 1641 396 1691 423; x_wconf 76' lang='lat' dir='ltr'><strong>ego</strong></span> <span class='ocrx_word' id='word_1_160' title='bbox 1721 396 1766 414; x_wconf 82' lang='lat' dir='ltr'><strong>me</strong></span> 
     </span>
    </p>
   </div>
   <div class='ocr_carea' id='block_1_26' title="bbox 979 432 1763 466">
    <p class='ocr_par' dir='ltr' id='par_1_26' title="bbox 979 432 1763 466">
     <span class='ocr_line' id='line_1_26' title="bbox 979 432 1763 466; baseline -0.001 -8"><span class='ocrx_word' id='word_1_161' title='bbox 979 432 1093 459; x_wconf 86' lang='lat' dir='ltr'><strong>minoris</strong></span> <span class='ocrx_word' id='word_1_162' title='bbox 1115 432 1305 459; x_wconf 70' lang='lat' dir='ltr'><strong>aestimandum</strong></span> <span class='ocrx_word' id='word_1_163' title='bbox 1332 437 1467 466; x_wconf 73' lang='lat' dir='ltr'><strong>putarem.</strong></span> <span class='ocrx_word' id='word_1_164' title='bbox 1492 433 1514 460; x_wconf 89' lang='lat' dir='ltr'><strong>si</strong></span> <span class='ocrx_word' id='word_1_165' title='bbox 1546 433 1680 466; x_wconf 79' lang='lat' dir='ltr'><strong>ejusmodi</strong></span> <span class='ocrx_word' id='word_1_166' title='bbox 1709 441 1763 459; x_wconf 87' lang='lat' dir='ltr'><strong>non</strong></span> 
     </span>
    </p>
   </div>
   <div class='ocr_carea' id='block_1_27' title="bbox 978 478 1766 512">
    <p class='ocr_par' dir='ltr' id='par_1_27' title="bbox 978 478 1766 512">
     <span class='ocr_line' id='line_1_27' title="bbox 978 478 1766 512; baseline 0.001 -7"><span class='ocrx_word' id='word_1_167' title='bbox 978 485 1080 505; x_wconf 88' lang='lat' dir='ltr'><strong>essem.</strong></span> <span class='ocrx_word' id='word_1_168' title='bbox 1097 478 1149 505; x_wconf 84' lang='lat' dir='ltr'><strong>Iste</strong></span> <span class='ocrx_word' id='word_1_169' title='bbox 1174 483 1278 509; x_wconf 83' lang='lat' dir='ltr'><strong>autem,</strong></span> <span class='ocrx_word' id='word_1_170' title='bbox 1295 479 1317 505; x_wconf 89' lang='lat' dir='ltr'><strong>si</strong></span> <span class='ocrx_word' id='word_1_171' title='bbox 1351 478 1377 505; x_wconf 91' lang='lat' dir='ltr'><strong>id</strong></span> <span class='ocrx_word' id='word_1_172' title='bbox 1408 478 1481 512; x_wconf 85' lang='lat' dir='ltr'><strong>quod</strong></span> <span class='ocrx_word' id='word_1_173' title='bbox 1507 479 1683 512; x_wconf 84' lang='lat' dir='ltr'><strong>imperatoris</strong></span> <span class='ocrx_word' id='word_1_174' title='bbox 1705 486 1766 506; x_wconf 78' lang='lat' dir='ltr'><strong>erat</strong></span> 
     </span>
    </p>
   </div>
   <div class='ocr_carea' id='block_1_28' title="bbox 978 524 1763 556">
    <p class='ocr_par' dir='ltr' id='par_1_28' title="bbox 978 524 1763 556">
     <span class='ocr_line' id='line_1_28' title="bbox 978 524 1763 556; baseline 0 -5"><span class='ocrx_word' id='word_1_175' title='bbox 978 524 1068 552; x_wconf 62' lang='lat' dir='ltr'><strong>facere</strong></span> <span class='ocrx_word' id='word_1_176' title='bbox 1084 524 1229 556; x_wconf 83' lang='lat' dir='ltr'><strong>voluisset,</strong></span> <span class='ocrx_word' id='word_1_177' title='bbox 1242 529 1308 552; x_wconf 85' lang='lat' dir='ltr'><strong>tunc</strong></span> <span class='ocrx_word' id='word_1_178' title='bbox 1323 525 1389 552; x_wconf 89' lang='lat' dir='ltr'><strong>mihi</strong></span> <span class='ocrx_word' id='word_1_179' title='bbox 1415 525 1510 552; x_wconf 72' lang='lat' dir='ltr'><strong>debuit</strong></span> <span class='ocrx_word' id='word_1_180' title='bbox 1526 525 1685 556; x_wconf 79' lang='lat' dir='ltr'><strong>convitiari,</strong></span> <span class='ocrx_word' id='word_1_181' title='bbox 1701 534 1763 551; x_wconf 71' lang='lat' dir='ltr'><strong>cum</strong></span> 
     </span>
    </p>
   </div>
   <div class='ocr_carea' id='block_1_29' title="bbox 977 571 1766 607">
    <p class='ocr_par' dir='ltr' id='par_1_29' title="bbox 977 571 1766 607">
     <span class='ocr_line' id='line_1_29' title="bbox 977 571 1766 607; baseline 0.003 -10"><span class='ocrx_word' id='word_1_182' title='bbox 977 571 1089 599; x_wconf 78' lang='lat' dir='ltr'><strong>videbat</strong></span> <span class='ocrx_word' id='word_1_183' title='bbox 1107 579 1149 599; x_wconf 87' lang='lat' dir='ltr'><strong>me</strong></span> <span class='ocrx_word' id='word_1_184' title='bbox 1165 580 1219 598; x_wconf 93' lang='lat' dir='ltr'><strong>non</strong></span> <span class='ocrx_word' id='word_1_185' title='bbox 1237 571 1347 607; x_wconf 64' lang='lat' dir='ltr'><strong>aggredi</strong></span> <span class='ocrx_word' id='word_1_186' title='bbox 1359 579 1390 599; x_wconf 84' lang='lat' dir='ltr'><strong>ea</strong></span> <span class='ocrx_word' id='word_1_187' title='bbox 1404 580 1464 606; x_wconf 82' lang='lat' dir='ltr'><strong>qu-e</strong></span> <span class='ocrx_word' id='word_1_188' title='bbox 1479 573 1590 606; x_wconf 79' lang='lat' dir='ltr'><strong>exsequi</strong></span> <span class='ocrx_word' id='word_1_189' title='bbox 1608 577 1662 598; x_wconf 84' lang='lat' dir='ltr'><strong>tam</strong></span> <span class='ocrx_word' id='word_1_190' title='bbox 1686 572 1766 599; x_wconf 79' lang='lat' dir='ltr'><strong>facile</strong></span> 
     </span>
    </p>
   </div>
   <div class='ocr_carea' id='block_1_30' title="bbox 977 617 1770 652">
    <p class='ocr_par' dir='ltr' id='par_1_30' title="bbox 977 617 1770 652">
     <span class='ocr_line' id='line_1_30' title="bbox 977 617 1770 652; baseline 0 -8"><span class='ocrx_word' id='word_1_191' title='bbox 977 622 1004 644; x_wconf 91' lang='lat' dir='ltr'><strong>et</strong></span> <span class='ocrx_word' id='word_1_192' title='bbox 1017 617 1100 652; x_wconf 75' lang='lat'><strong>668</strong></span> <span class='ocrx_word' id='word_1_193' title='bbox 1114 623 1268 652; x_wconf 84' lang='lat' dir='ltr'><strong>promptum</strong></span> <span class='ocrx_word' id='word_1_194' title='bbox 1284 622 1369 645; x_wconf 87' lang='lat' dir='ltr'><strong>esset.</strong></span> <span class='ocrx_word' id='word_1_195' title='bbox 1388 617 1446 644; x_wconf 84' lang='lat' dir='ltr'><strong>.lam</strong></span> <span class='ocrx_word' id='word_1_196' title='bbox 1468 625 1533 644; x_wconf 85' lang='lat' dir='ltr'><strong>vero</strong></span> <span class='ocrx_word' id='word_1_197' title='bbox 1552 625 1614 644; x_wconf 83' lang='lat' dir='ltr'><strong>eum</strong></span> <span class='ocrx_word' id='word_1_198' title='bbox 1633 622 1663 644; x_wconf 89' lang='lat' dir='ltr'><strong>ut</strong></span> <span class='ocrx_word' id='word_1_199' title='bbox 1685 618 1770 645; x_wconf 87' lang='lat' dir='ltr'><strong>mirer</strong></span> 
     </span>
    </p>
   </div>
   <div class='ocr_carea' id='block_1_31' title="bbox 977 661 1764 697">
    <p class='ocr_par' dir='ltr' id='par_1_31' title="bbox 977 661 1764 697">
     <span class='ocr_line' id='line_1_31' title="bbox 977 661 1764 697; baseline 0 -9"><span class='ocrx_word' id='word_1_200' title='bbox 977 661 1031 689; x_wconf 80' lang='lat' dir='ltr'><strong>hoe</strong></span> <span class='ocrx_word' id='word_1_201' title='bbox 1045 662 1161 689; x_wconf 76' lang='lat' dir='ltr'><strong>maxime</strong></span> <span class='ocrx_word' id='word_1_202' title='bbox 1181 662 1306 693; x_wconf 83' lang='lat' dir='ltr'><strong>inducor,</strong></span> <span class='ocrx_word' id='word_1_203' title='bbox 1322 662 1394 697; x_wconf 88' lang='lat' dir='ltr'><strong>quod</strong></span> <span class='ocrx_word' id='word_1_204' title='bbox 1410 670 1442 690; x_wconf 84' lang='lat' dir='ltr'><strong>ea</strong></span> <span class='ocrx_word' id='word_1_205' title='bbox 1461 662 1550 690; x_wconf 79' lang='lat' dir='ltr'><strong>facere</strong></span> <span class='ocrx_word' id='word_1_206' title='bbox 1565 663 1689 694; x_wconf 80' lang='lat' dir='ltr'><strong>molitur,</strong></span> <span class='ocrx_word' id='word_1_207' title='bbox 1704 671 1764 697; x_wconf 67' lang='lat' dir='ltr'><strong>qua:</strong></span> 
     </span>
    </p>
   </div>
   <div class='ocr_carea' id='block_1_32' title="bbox 978 708 1768 742">
    <p class='ocr_par' dir='ltr' id='par_1_32' title="bbox 978 708 1768 742">
     <span class='ocr_line' id='line_1_32' title="bbox 978 708 1768 742; baseline 0.001 -8"><span class='ocrx_word' id='word_1_208' title='bbox 978 708 1044 735; x_wconf 89' lang='lat' dir='ltr'><strong>mihi</strong></span> <span class='ocrx_word' id='word_1_209' title='bbox 1061 713 1090 735; x_wconf 88' lang='lat' dir='ltr'><strong>ut</strong></span> <span class='ocrx_word' id='word_1_210' title='bbox 1107 708 1206 742; x_wconf 90' lang='lat' dir='ltr'><strong>probra</strong></span> <span class='ocrx_word' id='word_1_211' title='bbox 1227 709 1377 736; x_wconf 77' lang='lat' dir='ltr'><strong>insolenter</strong></span> <span class='ocrx_word' id='word_1_212' title='bbox 1400 709 1496 742; x_wconf 81' lang='lat' dir='ltr'><strong>objicit</strong></span> <span class='ocrx_word' id='word_1_213' title='bbox 1514 717 1521 736; x_wconf 91' lang='lat'><strong>:</strong></span> <span class='ocrx_word' id='word_1_214' title='bbox 1541 716 1679 736; x_wconf 86' lang='lat' dir='ltr'><strong>armorum</strong></span> <span class='ocrx_word' id='word_1_215' title='bbox 1706 709 1768 736; x_wconf 87' lang='lat' dir='ltr'><strong>dico</strong></span> 
     </span>
    </p>
   </div>
   <div class='ocr_carea' id='block_1_33' title="bbox 977 753 1769 788">
    <p class='ocr_par' dir='ltr' id='par_1_33' title="bbox 977 753 1769 788">
     <span class='ocr_line' id='line_1_33' title="bbox 977 753 1769 788; baseline 0.001 -8"><span class='ocrx_word' id='word_1_216' title='bbox 977 761 1041 780; x_wconf 83' lang='lat' dir='ltr'><strong>cum</strong></span> <span class='ocrx_word' id='word_1_217' title='bbox 1058 753 1183 781; x_wconf 74' lang='lat' dir='ltr'><strong>Barliaris</strong></span> <span class='ocrx_word' id='word_1_218' title='bbox 1203 759 1231 781; x_wconf 89' lang='lat' dir='ltr'><strong>et</strong></span> <span class='ocrx_word' id='word_1_219' title='bbox 1253 754 1414 788; x_wconf 74' lang='lat' dir='ltr'><strong>alienigenis</strong></span> <span class='ocrx_word' id='word_1_220' title='bbox 1430 755 1602 782; x_wconf 80' lang='lat' dir='ltr'><strong>Societatem.</strong></span> <span class='ocrx_word' id='word_1_221' title='bbox 1618 754 1684 781; x_wconf 85' lang='lat' dir='ltr'><strong>Nam</strong></span> <span class='ocrx_word' id='word_1_222' title='bbox 1701 755 1722 781; x_wconf 92' lang='lat' dir='ltr'><strong>si</strong></span> <span class='ocrx_word' id='word_1_223' title='bbox 1741 754 1769 781; x_wconf 92' lang='lat' dir='ltr'><strong>in</strong></span> 
     </span>
    </p>
   </div>
   <div class='ocr_carea' id='block_1_34' title="bbox 977 800 1768 828">
    <p class='ocr_par' dir='ltr' id='par_1_34' title="bbox 977 800 1768 828">
     <span class='ocr_line' id='line_1_34' title="bbox 977 800 1768 828; baseline -0.001 -2"><span class='ocrx_word' id='word_1_224' title='bbox 977 800 1072 827; x_wconf 84' lang='lat' dir='ltr'><strong>alienis</strong></span> <span class='ocrx_word' id='word_1_225' title='bbox 1092 800 1180 827; x_wconf 84' lang='lat' dir='ltr'><strong>ruinis</strong></span> <span class='ocrx_word' id='word_1_226' title='bbox 1205 800 1315 828; x_wconf 79' lang='lat' dir='ltr'><strong>laudum</strong></span> <span class='ocrx_word' id='word_1_227' title='bbox 1339 808 1449 827; x_wconf 89' lang='lat' dir='ltr'><strong>suarum</strong></span> <span class='ocrx_word' id='word_1_228' title='bbox 1479 801 1658 827; x_wconf 79' lang='lat' dir='ltr'><strong>stabilitatem</strong></span> <span class='ocrx_word' id='word_1_229' title='bbox 1682 801 1768 827; x_wconf 81' lang='lat' dir='ltr'><strong>collo-</strong></span> 
     </span>
    </p>
   </div>
   <div class='ocr_carea' id='block_1_35' title="bbox 977 846 1770 880">
    <p class='ocr_par' dir='ltr' id='par_1_35' title="bbox 977 846 1770 880">
     <span class='ocr_line' id='line_1_35' title="bbox 977 846 1770 880; baseline 0 -9"><span class='ocrx_word' id='word_1_230' title='bbox 977 846 1060 877; x_wconf 85' lang='lat' dir='ltr'><strong>cavit.</strong></span> <span class='ocrx_word' id='word_1_231' title='bbox 1074 852 1102 873; x_wconf 87' lang='lat' dir='ltr'><strong>et</strong></span> <span class='ocrx_word' id='word_1_232' title='bbox 1124 846 1219 873; x_wconf 81' lang='lat' dir='ltr'><strong>revera</strong></span> <span class='ocrx_word' id='word_1_233' title='bbox 1245 846 1309 873; x_wconf 89' lang='lat' dir='ltr'><strong>odio</strong></span> <span class='ocrx_word' id='word_1_234' title='bbox 1327 847 1363 873; x_wconf 89' lang='lat' dir='ltr'><strong>illi</strong></span> <span class='ocrx_word' id='word_1_235' title='bbox 1383 851 1448 873; x_wconf 87' lang='lat' dir='ltr'><strong>sunt</strong></span> <span class='ocrx_word' id='word_1_236' title='bbox 1471 854 1501 873; x_wconf 75' lang='lat' dir='ltr'><strong>ea</strong></span> <span class='ocrx_word' id='word_1_237' title='bbox 1527 854 1587 880; x_wconf 70' lang='lat' dir='ltr'><strong>qua:</strong></span> <span class='ocrx_word' id='word_1_238' title='bbox 1609 846 1770 880; x_wconf 74' lang='lat' dir='ltr'><strong>gessi,,all‘e—</strong></span> 
     </span>
    </p>
   </div>
   <div class='ocr_carea' id='block_1_36' title="bbox 144 884 931 937">
    <p class='ocr_par' dir='ltr' id='par_1_36' title="bbox 144 884 926 937">
     <span class='ocr_line' id='line_1_36' title="bbox 144 884 926 937; baseline 0.008 -23"><span class='ocrx_word' id='word_1_239' title='bbox 144 888 304 937; x_wconf 62' lang='grc' dir='ltr'>μισοδντος,</span> <span class='ocrx_word' id='word_1_240' title='bbox 331 890 377 937; x_wconf 76' lang='grc' dir='ltr'>καὶ</span> <span class='ocrx_word' id='word_1_241' title='bbox 403 884 590 925; x_wconf 54' lang='grc' dir='ltr'>θαυμάζοντος</span> <span class='ocrx_word' id='word_1_242' title='bbox 621 892 721 926; x_wconf 81' lang='grc' dir='ltr'>μᾶλλον</span> <span class='ocrx_word' id='word_1_243' title='bbox 745 893 762 928; x_wconf 82' lang='grc' dir='ltr'>ἢ</span> <span class='ocrx_word' id='word_1_244' title='bbox 787 893 926 937; x_wconf 73' lang='grc' dir='ltr'>ψέγοντος.</span> 
     </span>
    </p>
   </div>
   <div class='ocr_carea' id='block_1_37' title="bbox 983 884 1769 937">
    <p class='ocr_par' dir='ltr' id='par_1_37' title="bbox 983 891 1769 926">
     <span class='ocr_line' id='line_1_37' title="bbox 983 891 1769 926; baseline -0.004 -7"><span class='ocrx_word' id='word_1_245' title='bbox 983 898 1054 919; x_wconf 84' lang='lat' dir='ltr'><strong>ctare</strong></span> <span class='ocrx_word' id='word_1_246' title='bbox 1070 897 1151 926; x_wconf 88' lang='lat' dir='ltr'><strong>atque</strong></span> <span class='ocrx_word' id='word_1_247' title='bbox 1173 892 1274 919; x_wconf 83' lang='lat' dir='ltr'><strong>imitari</strong></span> <span class='ocrx_word' id='word_1_248' title='bbox 1291 893 1363 919; x_wconf 84' lang='lat' dir='ltr'><strong>haud</strong></span> <span class='ocrx_word' id='word_1_249' title='bbox 1380 893 1536 926; x_wconf 79' lang='lat' dir='ltr'><strong>oportebat.</strong></span> <span class='ocrx_word' id='word_1_250' title='bbox 1551 892 1652 918; x_wconf 85' lang='lat' dir='ltr'><strong>Imitari</strong></span> <span class='ocrx_word' id='word_1_251' title='bbox 1668 891 1769 926; x_wconf 81' lang='lat' dir='ltr'><strong>quippe</strong></span> 
     </span>
    </p>
   </div>
   <div class='ocr_carea' id='block_1_38' title="bbox 142 933 927 974">
    <p class='ocr_par' dir='ltr' id='par_1_38' title="bbox 142 933 927 974">
     <span class='ocr_line' id='line_1_38' title="bbox 142 933 927 974; baseline 0.009 -14"><span class='ocrx_word' id='word_1_252' title='bbox 142 933 237 967; x_wconf 78' lang='grc' dir='ltr'>οὐδεὶς</span> <span class='ocrx_word' id='word_1_253' title='bbox 258 936 313 970; x_wconf 77' lang='grc' dir='ltr'><strong>γὰρ</strong></span> <span class='ocrx_word' id='word_1_254' title='bbox 327 935 345 963; x_wconf 75' lang='grc' dir='ltr'>ἃ</span> <span class='ocrx_word' id='word_1_255' title='bbox 361 938 435 971; x_wconf 84' lang='grc' dir='ltr'><strong>μισεῖ</strong></span> <span class='ocrx_word' id='word_1_256' title='bbox 457 937 524 973; x_wconf 77' lang='grc' dir='ltr'>δρᾷν</span> <span class='ocrx_word' id='word_1_257' title='bbox 545 938 577 964; x_wconf 82' lang='grc' dir='ltr'>ὲκ</span> <span class='ocrx_word' id='word_1_258' title='bbox 603 937 693 974; x_wconf 76' lang='grc' dir='ltr'>ψυχῆς</span> <span class='ocrx_word' id='word_1_259' title='bbox 708 933 857 974; x_wconf 74' lang='grc' dir='ltr'>ἐπείγεται,</span> <span class='ocrx_word' id='word_1_260' title='bbox 881 939 927 967; x_wconf 81' lang='grc' dir='ltr'><strong>τοῦ</strong></span> 
     </span>
    </p>
   </div>
   <div class='ocr_carea' id='block_1_39' title="bbox 143 979 928 1018">
    <p class='ocr_par' dir='ltr' id='par_1_39' title="bbox 143 979 928 1018">
     <span class='ocr_line' id='line_1_39' title="bbox 143 979 928 1018; baseline 0.008 -11"><span class='ocrx_word' id='word_1_261' title='bbox 143 979 304 1016; x_wconf 75' lang='grc' dir='ltr'>βιαζομένου</span> <span class='ocrx_word' id='word_1_262' title='bbox 332 983 433 1014; x_wconf 77' lang='grc' dir='ltr'>παντὸς</span> <span class='ocrx_word' id='word_1_263' title='bbox 466 985 499 1011; x_wconf 78' lang='grc' dir='ltr'>ὲκ</span> <span class='ocrx_word' id='word_1_264' title='bbox 529 985 618 1011; x_wconf 86' lang='grc' dir='ltr'>ποδῶν</span> <span class='ocrx_word' id='word_1_265' title='bbox 658 986 814 1018; x_wconf 80' lang='grc' dir='ltr'>ίσταμένου.</span> <span class='ocrx_word' id='word_1_266' title='bbox 843 987 874 1013; x_wconf 87' lang='grc' dir='ltr'><strong>Εἰ</strong></span> <span class='ocrx_word' id='word_1_267' title='bbox 899 987 928 1013; x_wconf 67' lang='grc' dir='ltr'>δὲ</span> 
     </span>
    </p>
   </div>
   <div class='ocr_carea' id='block_1_40' title="bbox 142 1028 929 1066">
    <p class='ocr_par' dir='ltr' id='par_1_40' title="bbox 142 1028 929 1066">
     <span class='ocr_line' id='line_1_40' title="bbox 142 1028 929 1066; baseline 0.009 -14"><span class='ocrx_word' id='word_1_268' title='bbox 142 1028 250 1063; x_wconf 80' lang='grc' dir='ltr'><strong>γλώττῃ</strong></span> <span class='ocrx_word' id='word_1_269' title='bbox 270 1028 318 1062; x_wconf 79' lang='grc' dir='ltr'>μὲν</span> <span class='ocrx_word' id='word_1_270' title='bbox 338 1028 499 1063; x_wconf 74' lang='grc' dir='ltr'>λοιδορεῖται</span> <span class='ocrx_word' id='word_1_271' title='bbox 513 1030 621 1062; x_wconf 76' lang='grc' dir='ltr'>τούτοις</span> <span class='ocrx_word' id='word_1_272' title='bbox 644 1028 684 1062; x_wconf 74' lang='grc' dir='ltr'>οἷς</span> <span class='ocrx_word' id='word_1_273' title='bbox 707 1032 757 1066; x_wconf 78' lang='grc' dir='ltr'><strong>ἐμὲ</strong></span> <span class='ocrx_word' id='word_1_274' title='bbox 773 1032 929 1066; x_wconf 79' lang='grc' dir='ltr'>πράττοντα</span> 
     </span>
    </p>
   </div>
   <div class='ocr_carea' id='block_1_41' title="bbox 143 1072 929 1112">
    <p class='ocr_par' dir='ltr' id='par_1_41' title="bbox 143 1072 929 1112">
     <span class='ocr_line' id='line_1_41' title="bbox 143 1072 929 1112; baseline 0.009 -14"><span class='ocrx_word' id='word_1_275' title='bbox 143 1072 250 1108; x_wconf 80' lang='grc' dir='ltr'>βλέπει,</span> <span class='ocrx_word' id='word_1_276' title='bbox 277 1074 368 1108; x_wconf 76' lang='grc' dir='ltr'>ἔργοις</span> <span class='ocrx_word' id='word_1_277' title='bbox 391 1075 414 1101; x_wconf 82' lang='grc' dir='ltr'>δ’</span> <span class='ocrx_word' id='word_1_278' title='bbox 436 1075 485 1111; x_wconf 83' lang='grc' dir='ltr'>οὐχ</span> <span class='ocrx_word' id='word_1_279' title='bbox 511 1076 587 1108; x_wconf 83' lang='grc' dir='ltr'>ὅπως</span> <span class='ocrx_word' id='word_1_280' title='bbox 610 1076 661 1103; x_wconf 72' lang='grc' dir='ltr'>οὐκ</span> <span class='ocrx_word' id='word_1_281' title='bbox 688 1077 854 1105; x_wconf 82' lang='grc' dir='ltr'>ἀποσπεύδει</span> <span class='ocrx_word' id='word_1_282' title='bbox 878 1079 929 1112; x_wconf 84' lang='grc' dir='ltr'>τὴν</span> 
     </span>
    </p>
   </div>
   <div class='ocr_carea' id='block_1_42' title="bbox 145 1120 929 1160">
    <p class='ocr_par' dir='ltr' id='par_1_42' title="bbox 145 1120 929 1160">
     <span class='ocr_line' id='line_1_42' title="bbox 145 1120 929 1160; baseline 0.006 -14"><span class='ocrx_word' id='word_1_283' title='bbox 145 1120 272 1155; x_wconf 73' lang='grc' dir='ltr'>μίμησιν,</span> <span class='ocrx_word' id='word_1_284' title='bbox 297 1122 366 1149; x_wconf 79' lang='grc' dir='ltr'>ἀλλὰ</span> <span class='ocrx_word' id='word_1_285' title='bbox 389 1122 437 1149; x_wconf 91' lang='grc' dir='ltr'>καὶ</span> <span class='ocrx_word' id='word_1_286' title='bbox 463 1124 774 1157; x_wconf 75' lang='grc' dir='ltr'>προσεπιδαψιλεύεται,</span> <span class='ocrx_word' id='word_1_287' title='bbox 799 1125 878 1160; x_wconf 87' lang='grc' dir='ltr'>δῆλον</span> <span class='ocrx_word' id='word_1_288' title='bbox 892 1125 929 1156; x_wconf 82' lang='grc' dir='ltr'><strong>ὡς</strong></span> 
     </span>
    </p>
   </div>
   <div class='ocr_carea' id='block_1_43' title="bbox 142 1165 951 1205">
    <p class='ocr_par' dir='ltr' id='par_1_43' title="bbox 142 1165 951 1205">
     <span class='ocr_line' id='line_1_43' title="bbox 142 1165 951 1205; baseline 0.006 -14"><span class='ocrx_word' id='word_1_289' title='bbox 142 1165 194 1201; x_wconf 80' lang='grc' dir='ltr'><strong>οὐχ</strong></span> <span class='ocrx_word' id='word_1_290' title='bbox 207 1166 248 1192; x_wconf 84' lang='grc' dir='ltr'>ὅτι</span> <span class='ocrx_word' id='word_1_291' title='bbox 260 1167 348 1201; x_wconf 79' lang='grc' dir='ltr'>μισῶν</span> <span class='ocrx_word' id='word_1_292' title='bbox 357 1168 531 1202; x_wconf 81' lang='grc' dir='ltr'>λοιδορεῖται,</span> <span class='ocrx_word' id='word_1_293' title='bbox 548 1170 606 1196; x_wconf 81' lang='grc' dir='ltr'>ἀλλ’</span> <span class='ocrx_word' id='word_1_294' title='bbox 620 1171 662 1197; x_wconf 82' lang='grc' dir='ltr'>ὅτι</span> <span class='ocrx_word' id='word_1_295' title='bbox 676 1171 714 1205; x_wconf 84' lang='grc' dir='ltr'><strong>μὴ</strong></span> <span class='ocrx_word' id='word_1_296' title='bbox 726 1171 833 1205; x_wconf 82' lang='grc' dir='ltr'>πρῶτος</span> <span class='ocrx_word' id='word_1_297' title='bbox 848 1171 929 1201; x_wconf 71' lang='grc' dir='ltr'>αὐτὸς</span> <span class='ocrx_word' id='word_1_298' title='bbox 946 1178 951 1181; x_wconf 49' lang='grc' dir='ltr'><strong>λ</strong></span> 
     </span>
    </p>
   </div>
   <div class='ocr_carea' id='block_1_44' title="bbox 144 1212 930 1252">
    <p class='ocr_par' dir='ltr' id='par_1_44' title="bbox 144 1212 930 1252">
     <span class='ocr_line' id='line_1_44' title="bbox 144 1212 930 1252; baseline 0.009 -15"><span class='ocrx_word' id='word_1_299' title='bbox 144 1212 298 1247; x_wconf 78' lang='grc' dir='ltr'>ἐπεπράχει</span> <span class='ocrx_word' id='word_1_300' title='bbox 315 1213 505 1248; x_wconf 77' lang='grc' dir='ltr'>δυσχεραίνει·</span> <span class='ocrx_word' id='word_1_301' title='bbox 524 1215 594 1242; x_wconf 78' lang='grc' dir='ltr'>ὥστε</span> <span class='ocrx_word' id='word_1_302' title='bbox 618 1217 691 1243; x_wconf 75' lang='grc' dir='ltr'>δυοῖν</span> <span class='ocrx_word' id='word_1_303' title='bbox 716 1218 846 1252; x_wconf 83' lang='grc' dir='ltr'>ὁπότερον</span> <span class='ocrx_word' id='word_1_304' title='bbox 867 1217 930 1244; x_wconf 73' lang='grc' dir='ltr'>καθ’</span> 
     </span>
    </p>
   </div>
   <div class='ocr_carea' id='block_1_45' title="bbox 144 1258 931 1298">
    <p class='ocr_par' dir='ltr' id='par_1_45' title="bbox 144 1258 931 1298">
     <span class='ocr_line' id='line_1_45' title="bbox 144 1258 931 1298; baseline 0.01 -15"><span class='ocrx_word' id='word_1_305' title='bbox 144 1258 241 1293; x_wconf 71' lang='grc' dir='ltr'>ἑτέρου</span> <span class='ocrx_word' id='word_1_306' title='bbox 254 1259 416 1295; x_wconf 78' lang='grc' dir='ltr'>ψηφισθείη,</span> <span class='ocrx_word' id='word_1_307' title='bbox 434 1262 482 1288; x_wconf 57' lang='grc' dir='ltr'><strong>καὶ⁵</strong></span> <span class='ocrx_word' id='word_1_308' title='bbox 505 1262 612 1298; x_wconf 81' lang='grc' dir='ltr'>θατέρῳ</span> <span class='ocrx_word' id='word_1_309' title='bbox 633 1263 713 1290; x_wconf 84' lang='grc' dir='ltr'>τοῦτο</span> <span class='ocrx_word' id='word_1_310' title='bbox 734 1264 846 1296; x_wconf 81' lang='grc' dir='ltr'>δικαίως</span> <span class='ocrx_word' id='word_1_311' title='bbox 866 1265 931 1291; x_wconf 77' lang='grc' dir='ltr'>ἀκο-</span> 
     </span>
    </p>
   </div>
   <div class='ocr_carea' id='block_1_46' title="bbox 144 1303 930 1344">
    <p class='ocr_par' dir='ltr' id='par_1_46' title="bbox 144 1303 930 1344">
     <span class='ocr_line' id='line_1_46' title="bbox 144 1303 930 1344; baseline 0.009 -14"><span class='ocrx_word' id='word_1_312' title='bbox 144 1303 276 1340; x_wconf 84' lang='grc' dir='ltr'>λουθήσῃ,</span> <span class='ocrx_word' id='word_1_313' title='bbox 295 1306 342 1332; x_wconf 76' lang='grc' dir='ltr'><strong>καὶ</strong></span> <span class='ocrx_word' id='word_1_314' title='bbox 355 1306 455 1341; x_wconf 77' lang='grc' dir='ltr'>ὁμοίως</span> <span class='ocrx_word' id='word_1_315' title='bbox 469 1307 634 1343; x_wconf 75' lang='grc' dir='ltr'>ἀμφοτέροις</span> <span class='ocrx_word' id='word_1_316' title='bbox 652 1308 668 1343; x_wconf 83' lang='grc' dir='ltr'>ἢ</span> <span class='ocrx_word' id='word_1_317' title='bbox 688 1310 787 1343; x_wconf 58' lang='grc' dir='ltr'>τὰντῆς</span> <span class='ocrx_word' id='word_1_318' title='bbox 800 1309 930 1344; x_wconf 77' lang='grc' dir='ltr'>ἐπιτιμή-</span> 
     </span>
    </p>
   </div>
   <div class='ocr_carea' id='block_1_47' title="bbox 145 1351 929 1390">
    <p class='ocr_par' dir='ltr' id='par_1_47' title="bbox 145 1351 929 1390">
     <span class='ocr_line' id='line_1_47' title="bbox 145 1351 929 1390; baseline 0.006 -13"><span class='ocrx_word' id='word_1_319' title='bbox 145 1358 215 1378; x_wconf 68' lang='lat' dir='ltr'><strong>suo:</strong></span> <span class='ocrx_word' id='word_1_320' title='bbox 231 1351 247 1386; x_wconf 84' lang='grc' dir='ltr'>ἢ</span> <span class='ocrx_word' id='word_1_321' title='bbox 271 1351 304 1378; x_wconf 80' lang='grc' dir='ltr'><strong>τὰ</strong></span> <span class='ocrx_word' id='word_1_322' title='bbox 319 1352 368 1387; x_wconf 84' lang='grc' dir='ltr'>τῆς</span> <span class='ocrx_word' id='word_1_323' title='bbox 384 1353 551 1389; x_wconf 81' lang='grc' dir='ltr'>συγγνώμης</span> <span class='ocrx_word' id='word_1_324' title='bbox 567 1354 612 1389; x_wconf 80' lang='grc' dir='ltr'><strong>ἐφ’</strong></span> <span class='ocrx_word' id='word_1_325' title='bbox 627 1355 734 1390; x_wconf 74' lang='grc' dir='ltr'>ὁμοίοις</span> <span class='ocrx_word' id='word_1_326' title='bbox 758 1356 813 1386; x_wconf 79' lang='grc' dir='ltr'>τοῖς</span> <span class='ocrx_word' id='word_1_327' title='bbox 837 1356 929 1390; x_wconf 84' lang='grc' dir='ltr'>πράγ-</span> 
     </span>
    </p>
   </div>
   <div class='ocr_carea' id='block_1_48' title="bbox 146 1397 382 1432">
    <p class='ocr_par' dir='ltr' id='par_1_48' title="bbox 146 1397 382 1432">
     <span class='ocr_line' id='line_1_48' title="bbox 146 1397 382 1432; baseline 0.008 -10"><span class='ocrx_word' id='word_1_328' title='bbox 146 1404 231 1432; x_wconf 78' lang='grc' dir='ltr'>μασιν</span> <span class='ocrx_word' id='word_1_329' title='bbox 246 1397 354 1432; x_wconf 74' lang='grc' dir='ltr'>ἕψεται.</span> <span class='ocrx_word' id='word_1_330' title='bbox 373 1407 382 1424; x_wconf 74' lang='grc' dir='ltr'><strong>ι</strong></span> 
     </span>
    </p>
   </div>
   <div class='ocr_carea' id='block_1_49' title="bbox 979 937 1768 974">
    <p class='ocr_par' dir='ltr' id='par_1_49' title="bbox 979 937 1768 974">
     <span class='ocr_line' id='line_1_49' title="bbox 979 937 1768 974; baseline -0.003 -8"><span class='ocrx_word' id='word_1_331' title='bbox 979 939 1096 966; x_wconf 80' lang='lat' dir='ltr'><strong>amantis</strong></span> <span class='ocrx_word' id='word_1_332' title='bbox 1117 944 1168 970; x_wconf 86' lang='lat' dir='ltr'><strong>est.</strong></span> <span class='ocrx_word' id='word_1_333' title='bbox 1200 946 1253 966; x_wconf 90' lang='lat' dir='ltr'><strong>non</strong></span> <span class='ocrx_word' id='word_1_334' title='bbox 1283 939 1446 971; x_wconf 80' lang='lat' dir='ltr'><strong>aversantis,</strong></span> <span class='ocrx_word' id='word_1_335' title='bbox 1474 943 1503 966; x_wconf 87' lang='lat' dir='ltr'><strong>et</strong></span> <span class='ocrx_word' id='word_1_336' title='bbox 1526 939 1585 974; x_wconf 76' lang='lat' dir='ltr'><strong>ejus</strong></span> <span class='ocrx_word' id='word_1_337' title='bbox 1612 939 1697 973; x_wconf 83' lang='lat' dir='ltr'><strong>magis</strong></span> <span class='ocrx_word' id='word_1_338' title='bbox 1721 937 1768 972; x_wconf 90' lang='lat' dir='ltr'><strong>qui</strong></span> 
     </span>
    </p>
   </div>
   <div class='ocr_carea' id='block_1_50' title="bbox 979 985 1769 1020">
    <p class='ocr_par' dir='ltr' id='par_1_50' title="bbox 979 985 1769 1020">
     <span class='ocr_line' id='line_1_50' title="bbox 979 985 1769 1020; baseline -0.001 -8"><span class='ocrx_word' id='word_1_339' title='bbox 979 985 1142 1017; x_wconf 82' lang='lat' dir='ltr'><strong>admiretur,</strong></span> <span class='ocrx_word' id='word_1_340' title='bbox 1157 993 1238 1020; x_wconf 90' lang='lat' dir='ltr'><strong>quam</strong></span> <span class='ocrx_word' id='word_1_341' title='bbox 1256 985 1317 1020; x_wconf 78' lang='lat' dir='ltr'><strong>ejus</strong></span> <span class='ocrx_word' id='word_1_342' title='bbox 1345 985 1392 1019; x_wconf 88' lang='lat' dir='ltr'><strong>qui</strong></span> <span class='ocrx_word' id='word_1_343' title='bbox 1413 986 1560 1020; x_wconf 72' lang='lat' dir='ltr'><strong>vituperet.</strong></span> <span class='ocrx_word' id='word_1_344' title='bbox 1587 985 1673 1012; x_wconf 85' lang='lat' dir='ltr'><strong>Nemo</strong></span> <span class='ocrx_word' id='word_1_345' title='bbox 1696 985 1769 1012; x_wconf 86' lang='lat' dir='ltr'><strong>enim</strong></span> 
     </span>
    </p>
   </div>
   <div class='ocr_carea' id='block_1_51' title="bbox 979 1030 1770 1066">
    <p class='ocr_par' dir='ltr' id='par_1_51' title="bbox 979 1030 1770 1066">
     <span class='ocr_line' id='line_1_51' title="bbox 979 1030 1770 1066; baseline -0.001 -8"><span class='ocrx_word' id='word_1_346' title='bbox 979 1039 1048 1066; x_wconf 91' lang='lat' dir='ltr'><strong>quas</strong></span> <span class='ocrx_word' id='word_1_347' title='bbox 1064 1038 1108 1058; x_wconf 89' lang='lat' dir='ltr'><strong>res</strong></span> <span class='ocrx_word' id='word_1_348' title='bbox 1117 1030 1185 1060; x_wconf 80' lang='lat' dir='ltr'><strong>odit.</strong></span> <span class='ocrx_word' id='word_1_349' title='bbox 1195 1039 1240 1058; x_wconf 84' lang='lat' dir='ltr'><strong>eas</strong></span> <span class='ocrx_word' id='word_1_350' title='bbox 1251 1039 1315 1058; x_wconf 86' lang='lat' dir='ltr'><strong>vere</strong></span> <span class='ocrx_word' id='word_1_351' title='bbox 1332 1036 1360 1058; x_wconf 88' lang='lat' dir='ltr'><strong>et</strong></span> <span class='ocrx_word' id='word_1_352' title='bbox 1378 1039 1411 1058; x_wconf 81' lang='lat' dir='ltr'><strong>ex</strong></span> <span class='ocrx_word' id='word_1_353' title='bbox 1427 1031 1529 1062; x_wconf 78' lang='lat' dir='ltr'><strong>animo,</strong></span> <span class='ocrx_word' id='word_1_354' title='bbox 1545 1038 1606 1057; x_wconf 91' lang='lat' dir='ltr'><strong>cum</strong></span> <span class='ocrx_word' id='word_1_355' title='bbox 1621 1031 1714 1057; x_wconf 89' lang='lat' dir='ltr'><strong>omnis</strong></span> <span class='ocrx_word' id='word_1_356' title='bbox 1728 1031 1770 1057; x_wconf 85' lang='lat' dir='ltr'><strong>vis</strong></span> 
     </span>
    </p>
   </div>
   <div class='ocr_carea' id='block_1_52' title="bbox 978 1076 1770 1111">
    <p class='ocr_par' dir='ltr' id='par_1_52' title="bbox 978 1076 1770 1111">
     <span class='ocr_line' id='line_1_52' title="bbox 978 1076 1770 1111; baseline -0.001 -7"><span class='ocrx_word' id='word_1_357' title='bbox 978 1077 1069 1109; x_wconf 85' lang='lat' dir='ltr'><strong>abest,</strong></span> <span class='ocrx_word' id='word_1_358' title='bbox 1085 1077 1176 1104; x_wconf 79' lang='lat' dir='ltr'><strong>facere</strong></span> <span class='ocrx_word' id='word_1_359' title='bbox 1190 1077 1291 1104; x_wconf 81' lang='lat' dir='ltr'><strong>studet.</strong></span> <span class='ocrx_word' id='word_1_360' title='bbox 1309 1077 1388 1110; x_wconf 83' lang='lat' dir='ltr'><strong>Quod</strong></span> <span class='ocrx_word' id='word_1_361' title='bbox 1407 1078 1429 1104; x_wconf 89' lang='lat' dir='ltr'><strong>si</strong></span> <span class='ocrx_word' id='word_1_362' title='bbox 1446 1084 1490 1108; x_wconf 84' lang='lat' dir='ltr'><strong>ea,</strong></span> <span class='ocrx_word' id='word_1_363' title='bbox 1502 1085 1564 1111; x_wconf 73' lang='lat' dir='ltr'><strong>qum</strong></span> <span class='ocrx_word' id='word_1_364' title='bbox 1585 1085 1633 1111; x_wconf 69' lang='lat' dir='ltr'><strong>per</strong></span> <span class='ocrx_word' id='word_1_365' title='bbox 1650 1084 1694 1103; x_wconf 90' lang='lat' dir='ltr'><strong>me</strong></span> <span class='ocrx_word' id='word_1_366' title='bbox 1711 1076 1770 1103; x_wconf 70' lang='lat' dir='ltr'><strong>fieri</strong></span> 
     </span>
    </p>
   </div>
   <div class='ocr_carea' id='block_1_53' title="bbox 979 1122 1766 1157">
    <p class='ocr_par' dir='ltr' id='par_1_53' title="bbox 979 1122 1766 1157">
     <span class='ocr_line' id='line_1_53' title="bbox 979 1122 1766 1157; baseline -0.003 -7"><span class='ocrx_word' id='word_1_367' title='bbox 979 1122 1174 1157; x_wconf 83' lang='lat' dir='ltr'><strong>videt.iingua</strong></span> <span class='ocrx_word' id='word_1_368' title='bbox 1206 1123 1317 1157; x_wconf 89' lang='lat' dir='ltr'><strong>quidem</strong></span> <span class='ocrx_word' id='word_1_369' title='bbox 1347 1122 1392 1150; x_wconf 89' lang='lat' dir='ltr'><strong>ille</strong></span> <span class='ocrx_word' id='word_1_370' title='bbox 1421 1123 1597 1154; x_wconf 78' lang='lat' dir='ltr'><strong>criminatur,</strong></span> <span class='ocrx_word' id='word_1_371' title='bbox 1616 1130 1645 1149; x_wconf 88' lang='lat' dir='ltr'><strong>rc</strong></span> <span class='ocrx_word' id='word_1_372' title='bbox 1673 1127 1766 1149; x_wconf 88' lang='lat' dir='ltr'><strong>autem</strong></span> 
     </span>
    </p>
   </div>
   <div class='ocr_carea' id='block_1_54' title="bbox 980 1167 1772 1204">
    <p class='ocr_par' dir='ltr' id='par_1_54' title="bbox 980 1167 1772 1204">
     <span class='ocr_line' id='line_1_54' title="bbox 980 1167 1772 1204; baseline 0.001 -11"><span class='ocrx_word' id='word_1_373' title='bbox 980 1167 1038 1202; x_wconf 89' lang='lat' dir='ltr'><strong>ipsa</strong></span> <span class='ocrx_word' id='word_1_374' title='bbox 1053 1175 1107 1195; x_wconf 87' lang='lat' dir='ltr'><strong>non</strong></span> <span class='ocrx_word' id='word_1_375' title='bbox 1122 1168 1210 1194; x_wconf 91' lang='lat' dir='ltr'><strong>solum</strong></span> <span class='ocrx_word' id='word_1_376' title='bbox 1230 1175 1284 1195; x_wconf 94' lang='lat' dir='ltr'><strong>non</strong></span> <span class='ocrx_word' id='word_1_377' title='bbox 1304 1168 1436 1195; x_wconf 86' lang='lat' dir='ltr'><strong>abhorret</strong></span> <span class='ocrx_word' id='word_1_378' title='bbox 1461 1168 1495 1194; x_wconf 88' lang='lat' dir='ltr'><strong>ab</strong></span> <span class='ocrx_word' id='word_1_379' title='bbox 1519 1167 1663 1204; x_wconf 80' lang='lat' dir='ltr'><strong>imitando,</strong></span> <span class='ocrx_word' id='word_1_380' title='bbox 1680 1167 1727 1194; x_wconf 88' lang='lat' dir='ltr'><strong>sed</strong></span> <span class='ocrx_word' id='word_1_381' title='bbox 1744 1171 1772 1194; x_wconf 84' lang='lat' dir='ltr'><strong>et</strong></span> 
     </span>
    </p>
   </div>
   <div class='ocr_carea' id='block_1_55' title="bbox 980 1214 1770 1248">
    <p class='ocr_par' dir='ltr' id='par_1_55' title="bbox 980 1214 1770 1248">
     <span class='ocr_line' id='line_1_55' title="bbox 980 1214 1770 1248; baseline 0 -9"><span class='ocrx_word' id='word_1_382' title='bbox 980 1214 1093 1248; x_wconf 85' lang='lat' dir='ltr'><strong>insuper</strong></span> <span class='ocrx_word' id='word_1_383' title='bbox 1119 1214 1259 1241; x_wconf 89' lang='lat' dir='ltr'><strong>cumulum</strong></span> <span class='ocrx_word' id='word_1_384' title='bbox 1287 1214 1365 1241; x_wconf 85' lang='lat' dir='ltr'><strong>addit</strong></span> <span class='ocrx_word' id='word_1_385' title='bbox 1382 1214 1518 1240; x_wconf 85' lang='lat' dir='ltr'><strong>:evidens</strong></span> <span class='ocrx_word' id='word_1_386' title='bbox 1543 1218 1585 1240; x_wconf 88' lang='lat' dir='ltr'><strong>est</strong></span> <span class='ocrx_word' id='word_1_387' title='bbox 1611 1220 1691 1244; x_wconf 78' lang='lat' dir='ltr'><strong>eum,</strong></span> <span class='ocrx_word' id='word_1_388' title='bbox 1715 1221 1770 1240; x_wconf 91' lang='lat' dir='ltr'><strong>non</strong></span> 
     </span>
    </p>
   </div>
   <div class='ocr_carea' id='block_1_56' title="bbox 980 1258 1772 1294">
    <p class='ocr_par' dir='ltr' id='par_1_56' title="bbox 980 1258 1772 1294">
     <span class='ocr_line' id='line_1_56' title="bbox 980 1258 1772 1294; baseline -0.003 -7"><span class='ocrx_word' id='word_1_389' title='bbox 980 1259 1044 1294; x_wconf 86' lang='lat' dir='ltr'><strong>quia</strong></span> <span class='ocrx_word' id='word_1_390' title='bbox 1061 1259 1162 1292; x_wconf 84' lang='lat' dir='ltr'><strong>oderit,</strong></span> <span class='ocrx_word' id='word_1_391' title='bbox 1176 1259 1315 1286; x_wconf 86' lang='lat' dir='ltr'><strong>criminari</strong></span> <span class='ocrx_word' id='word_1_392' title='bbox 1329 1281 1335 1292; x_wconf 89' lang='grc'><strong>,</strong></span> <span class='ocrx_word' id='word_1_393' title='bbox 1353 1259 1400 1287; x_wconf 91' lang='lat' dir='ltr'><strong>sed</strong></span> <span class='ocrx_word' id='word_1_394' title='bbox 1421 1260 1485 1293; x_wconf 83' lang='lat' dir='ltr'><strong>quia</strong></span> <span class='ocrx_word' id='word_1_395' title='bbox 1513 1259 1619 1293; x_wconf 87' lang='lat' dir='ltr'><strong>primus</strong></span> <span class='ocrx_word' id='word_1_396' title='bbox 1643 1259 1716 1286; x_wconf 85' lang='lat' dir='ltr'><strong>haud</strong></span> <span class='ocrx_word' id='word_1_397' title='bbox 1732 1258 1772 1286; x_wconf 81' lang='lat' dir='ltr'><strong>fe-</strong></span> 
     </span>
    </p>
   </div>
   <div class='ocr_carea' id='block_1_57' title="bbox 980 1304 1771 1339">
    <p class='ocr_par' dir='ltr' id='par_1_57' title="bbox 980 1304 1771 1339">
     <span class='ocr_line' id='line_1_57' title="bbox 980 1304 1771 1339; baseline -0.003 -7"><span class='ocrx_word' id='word_1_398' title='bbox 980 1305 1059 1337; x_wconf 86' lang='lat' dir='ltr'><strong>cerit,</strong></span> <span class='ocrx_word' id='word_1_399' title='bbox 1084 1304 1147 1332; x_wconf 87' lang='lat' dir='ltr'><strong>ideo</strong></span> <span class='ocrx_word' id='word_1_400' title='bbox 1174 1305 1288 1332; x_wconf 86' lang='lat' dir='ltr'><strong>moleste</strong></span> <span class='ocrx_word' id='word_1_401' title='bbox 1316 1305 1399 1332; x_wconf 83' lang='lat' dir='ltr'><strong>ferre.</strong></span> <span class='ocrx_word' id='word_1_402' title='bbox 1426 1304 1716 1339; x_wconf 68' lang='lat' dir='ltr'><strong>Utracunqne-igitur</strong></span> <span class='ocrx_word' id='word_1_403' title='bbox 1743 1304 1771 1330; x_wconf 90' lang='lat' dir='ltr'><strong>in</strong></span> 
     </span>
    </p>
   </div>
   <div class='ocr_carea' id='block_1_58' title="bbox 982 1351 1769 1381">
    <p class='ocr_par' dir='ltr' id='par_1_58' title="bbox 982 1351 1769 1381">
     <span class='ocr_line' id='line_1_58' title="bbox 982 1351 1769 1381; baseline -0.003 -3"><span class='ocrx_word' id='word_1_404' title='bbox 982 1358 1066 1378; x_wconf 89' lang='lat' dir='ltr'><strong>unum</strong></span> <span class='ocrx_word' id='word_1_405' title='bbox 1083 1358 1099 1378; x_wconf 90' lang='lat' dir='ltr'><strong>e</strong></span> <span class='ocrx_word' id='word_1_406' title='bbox 1114 1351 1196 1379; x_wconf 89' lang='lat' dir='ltr'><strong>nobis</strong></span> <span class='ocrx_word' id='word_1_407' title='bbox 1212 1351 1255 1379; x_wconf 81' lang='lat' dir='ltr'><strong>lex</strong></span> <span class='ocrx_word' id='word_1_408' title='bbox 1270 1352 1323 1379; x_wconf 86' lang='lat' dir='ltr'><strong>lata</strong></span> <span class='ocrx_word' id='word_1_409' title='bbox 1338 1351 1432 1381; x_wconf 84' lang='lat' dir='ltr'><strong>fuerit.</strong></span> <span class='ocrx_word' id='word_1_410' title='bbox 1450 1359 1482 1378; x_wconf 86' lang='lat' dir='ltr'><strong>ea</strong></span> <span class='ocrx_word' id='word_1_411' title='bbox 1501 1352 1528 1378; x_wconf 89' lang='lat' dir='ltr'><strong>in</strong></span> <span class='ocrx_word' id='word_1_412' title='bbox 1546 1351 1661 1378; x_wconf 75' lang='lat' dir='ltr'><strong>alterum</strong></span> <span class='ocrx_word' id='word_1_413' title='bbox 1687 1351 1769 1377; x_wconf 82' lang='lat' dir='ltr'><strong>etiam</strong></span> 
     </span>
    </p>
   </div>
   <div class='ocr_carea' id='block_1_59' title="bbox 975 1397 1773 1429">
    <p class='ocr_par' dir='ltr' id='par_1_59' title="bbox 975 1397 1773 1429">
     <span class='ocr_line' id='line_1_59' title="bbox 975 1397 1773 1429; baseline -0.003 -4"><span class='ocrx_word' id='word_1_414' title='bbox 975 1399 1079 1425; x_wconf 79' lang='lat' dir='ltr'><strong>‘merito</strong></span> <span class='ocrx_word' id='word_1_415' title='bbox 1105 1398 1186 1425; x_wconf 84' lang='lat' dir='ltr'><strong>cadat</strong></span> <span class='ocrx_word' id='word_1_416' title='bbox 1212 1406 1326 1426; x_wconf 73' lang='lat' dir='ltr'><strong>necesse</strong></span> <span class='ocrx_word' id='word_1_417' title='bbox 1350 1402 1404 1429; x_wconf 85' lang='lat' dir='ltr'><strong>est,</strong></span> <span class='ocrx_word' id='word_1_418' title='bbox 1418 1402 1447 1424; x_wconf 89' lang='lat' dir='ltr'><strong>et</strong></span> <span class='ocrx_word' id='word_1_419' title='bbox 1473 1405 1506 1424; x_wconf 85' lang='lat' dir='ltr'><strong>ex</strong></span> <span class='ocrx_word' id='word_1_420' title='bbox 1531 1397 1668 1424; x_wconf 86' lang='lat' dir='ltr'><strong>similibus</strong></span> <span class='ocrx_word' id='word_1_421' title='bbox 1692 1397 1773 1424; x_wconf 74' lang='lat' dir='ltr'><strong>factis</strong></span> 
     </span>
    </p>
   </div>
   <div class='ocr_carea' id='block_1_60' title="bbox 982 1443 1786 1484">
    <p class='ocr_par' dir='ltr' id='par_1_60' title="bbox 982 1443 1786 1484">
     <span class='ocr_line' id='line_1_60' title="bbox 982 1443 1786 1484; baseline -0.001 -13"><span class='ocrx_word' id='word_1_422' title='bbox 982 1444 1257 1484; x_wconf 66' lang='lat' dir='ltr'><strong>similemutrinque</strong></span> <span class='ocrx_word' id='word_1_423' title='bbox 1289 1443 1422 1478; x_wconf 83' lang='lat' dir='ltr'><strong>consequi</strong></span> <span class='ocrx_word' id='word_1_424' title='bbox 1452 1443 1696 1478; x_wconf 84' lang='lat' dir='ltr'><strong>reprehensionem</strong></span> <span class='ocrx_word' id='word_1_425' title='bbox 1721 1447 1786 1470; x_wconf 65' lang='lat' dir='ltr'><strong>aur</strong></span> 
     </span>
    </p>
   </div>
   <div class='ocr_carea' id='block_1_61' title="bbox 982 1497 1135 1517">
    <p class='ocr_par' dir='ltr' id='par_1_61' title="bbox 982 1497 1135 1517">
     <span class='ocr_line' id='line_1_61' title="bbox 982 1497 1135 1517; baseline -0.013 0"><span class='ocrx_word' id='word_1_426' title='bbox 982 1497 1102 1517; x_wconf 79' lang='lat' dir='ltr'><strong>veniam.</strong></span> <span class='ocrx_word' id='word_1_427' title='bbox 1127 1500 1135 1515; x_wconf 82' lang='lat' dir='ltr'><strong>I</strong></span> 
     </span>
    </p>
   </div>
   <div class='ocr_carea' id='block_1_62' title="bbox 181 1533 931 1585">
    <p class='ocr_par' dir='ltr' id='par_1_62' title="bbox 181 1533 931 1573">
     <span class='ocr_line' id='line_1_62' title="bbox 181 1533 931 1573; baseline 0.009 -15"><span class='ocrx_word' id='word_1_428' title='bbox 181 1533 218 1560; x_wconf 68' lang='lat' dir='ltr'><strong>ll&#39;.</strong></span> <span class='ocrx_word' id='word_1_429' title='bbox 245 1533 362 1564; x_wconf 76' lang='grc' dir='ltr'>Ἐκεῖνος</span> <span class='ocrx_word' id='word_1_430' title='bbox 389 1535 438 1569; x_wconf 80' lang='grc' dir='ltr'>μὲν</span> <span class='ocrx_word' id='word_1_431' title='bbox 464 1534 511 1562; x_wconf 78' lang='grc' dir='ltr'>οὖν</span> <span class='ocrx_word' id='word_1_432' title='bbox 537 1536 614 1562; x_wconf 75' lang='grc' dir='ltr'>ταῦτ’</span> <span class='ocrx_word' id='word_1_433' title='bbox 632 1536 722 1571; x_wconf 73' lang='grc' dir='ltr'>ιέλεξε,</span> <span class='ocrx_word' id='word_1_434' title='bbox 751 1537 855 1573; x_wconf 79' lang='grc' dir='ltr'>σφόδρα</span> <span class='ocrx_word' id='word_1_435' title='bbox 881 1538 931 1573; x_wconf 78' lang='grc' dir='ltr'>τῆς</span> 
     </span>
    </p>
   </div>
   <div class='ocr_carea' id='block_1_63' title="bbox 983 1533 1773 1585">
    <p class='ocr_par' dir='ltr' id='par_1_63' title="bbox 1019 1535 1773 1571">
     <span class='ocr_line' id='line_1_63' title="bbox 1019 1535 1773 1571; baseline -0.001 -9"><span class='ocrx_word' id='word_1_436' title='bbox 1019 1537 1051 1563; x_wconf 88' lang='lat' dir='ltr'><strong>ll.</strong></span> <span class='ocrx_word' id='word_1_437' title='bbox 1066 1536 1129 1564; x_wconf 69' lang='lat' dir='ltr'><strong>Haec</strong></span> <span class='ocrx_word' id='word_1_438' title='bbox 1144 1542 1219 1566; x_wconf 82' lang='lat' dir='ltr'><strong>sunt.</strong></span> <span class='ocrx_word' id='word_1_439' title='bbox 1237 1545 1297 1571; x_wconf 70' lang='lat' dir='ltr'><strong>qua:</strong></span> <span class='ocrx_word' id='word_1_440' title='bbox 1327 1537 1372 1564; x_wconf 91' lang='lat' dir='ltr'><strong>ille</strong></span> <span class='ocrx_word' id='word_1_441' title='bbox 1394 1535 1476 1568; x_wconf 81' lang='lat' dir='ltr'><strong>dixit,</strong></span> <span class='ocrx_word' id='word_1_442' title='bbox 1501 1538 1535 1563; x_wconf 88' lang='lat' dir='ltr'><strong>de</strong></span> <span class='ocrx_word' id='word_1_443' title='bbox 1551 1543 1599 1563; x_wconf 88' lang='lat' dir='ltr'><strong>sua</strong></span> <span class='ocrx_word' id='word_1_444' title='bbox 1617 1535 1708 1562; x_wconf 88' lang='lat' dir='ltr'><strong>indole</strong></span> <span class='ocrx_word' id='word_1_445' title='bbox 1724 1535 1773 1561; x_wconf 81' lang='lat' dir='ltr'><strong>ad—</strong></span> 
     </span>
    </p>
   </div>
   <div class='ocr_carea' id='block_1_64' title="bbox 145 1579 929 1619">
    <p class='ocr_par' dir='ltr' id='par_1_64' title="bbox 145 1579 929 1619">
     <span class='ocr_line' id='line_1_64' title="bbox 145 1579 929 1619; baseline 0.008 -14"><span class='ocrx_word' id='word_1_446' title='bbox 145 1579 244 1606; x_wconf 73' lang='grc' dir='ltr'>εαυτοΰ</span> <span class='ocrx_word' id='word_1_447' title='bbox 277 1580 514 1616; x_wconf 78' lang='grc' dir='ltr'>καταψευδόμενος</span> <span class='ocrx_word' id='word_1_448' title='bbox 544 1582 670 1616; x_wconf 74' lang='grc' dir='ltr'>φύσεως.</span> <span class='ocrx_word' id='word_1_449' title='bbox 696 1584 744 1610; x_wconf 78' lang='grc' dir='ltr'>καὶ</span> <span class='ocrx_word' id='word_1_450' title='bbox 769 1583 929 1619; x_wconf 65' lang='grc' dir='ltr'>πιθανότητι</span> 
     </span>
    </p>
   </div>
   <div class='ocr_carea' id='block_1_65' title="bbox 145 1625 928 1666">
    <p class='ocr_par' dir='ltr' id='par_1_65' title="bbox 145 1625 928 1666">
     <span class='ocr_line' id='line_1_65' title="bbox 145 1625 928 1666; baseline 0.008 -15"><span class='ocrx_word' id='word_1_451' title='bbox 145 1625 268 1660; x_wconf 71' lang='grc' dir='ltr'>γλώττης</span> <span class='ocrx_word' id='word_1_452' title='bbox 279 1627 329 1662; x_wconf 85' lang='grc' dir='ltr'>τὴν</span> <span class='ocrx_word' id='word_1_453' title='bbox 341 1628 395 1654; x_wconf 85' lang='grc' dir='ltr'><strong>τῶν</strong></span> <span class='ocrx_word' id='word_1_454' title='bbox 410 1629 582 1664; x_wconf 79' lang='grc' dir='ltr'>πραγμάτων</span> <span class='ocrx_word' id='word_1_455' title='bbox 592 1630 771 1657; x_wconf 78' lang='grc' dir='ltr'>ὁποκλέπτων</span> <span class='ocrx_word' id='word_1_456' title='bbox 786 1629 928 1666; x_wconf 78' lang='grc' dir='ltr'>ἀλήθειαν.</span> 
     </span>
    </p>
   </div>
   <div class='ocr_carea' id='block_1_66' title="bbox 148 1672 929 1712">
    <p class='ocr_par' dir='ltr' id='par_1_66' title="bbox 148 1672 929 1712">
     <span class='ocr_line' id='line_1_66' title="bbox 148 1672 929 1712; baseline 0.003 -12"><span class='ocrx_word' id='word_1_457' title='bbox 148 1672 229 1704; x_wconf 78' lang='grc' dir='ltr'>Ἔθος</span> <span class='ocrx_word' id='word_1_458' title='bbox 241 1675 294 1708; x_wconf 71' lang='grc' dir='ltr'><strong>γὰρ</strong></span> <span class='ocrx_word' id='word_1_459' title='bbox 311 1674 385 1709; x_wconf 77' lang='grc' dir='ltr'>αὐτῷ</span> <span class='ocrx_word' id='word_1_460' title='bbox 398 1675 522 1710; x_wconf 73' lang='grc' dir='ltr'>διηνεκὲς</span> <span class='ocrx_word' id='word_1_461' title='bbox 534 1676 620 1707; x_wconf 74' lang='grc' dir='ltr'>τουτὶ,</span> <span class='ocrx_word' id='word_1_462' title='bbox 633 1676 680 1702; x_wconf 81' lang='grc' dir='ltr'>καὶ</span> <span class='ocrx_word' id='word_1_463' title='bbox 693 1676 826 1708; x_wconf 82' lang='grc' dir='ltr'>πολλάκις</span> <span class='ocrx_word' id='word_1_464' title='bbox 841 1677 929 1712; x_wconf 86' lang='grc' dir='ltr'>τούτῳ</span> 
     </span>
    </p>
   </div>
   <div class='ocr_carea' id='block_1_67' title="bbox 147 1721 929 1759">
    <p class='ocr_par' dir='ltr' id='par_1_67' title="bbox 147 1721 929 1759">
     <span class='ocr_line' id='line_1_67' title="bbox 147 1721 929 1759; baseline 0.006 -14"><span class='ocrx_word' id='word_1_465' title='bbox 147 1721 306 1755; x_wconf 82' lang='grc' dir='ltr'>περιφανῶς</span> <span class='ocrx_word' id='word_1_466' title='bbox 327 1721 574 1755; x_wconf 78' lang='grc' dir='ltr'>ἑνεκαλλωπίσατο,</span> <span class='ocrx_word' id='word_1_467' title='bbox 591 1723 673 1757; x_wconf 75' lang='grc' dir='ltr'>ἕτερα</span> <span class='ocrx_word' id='word_1_468' title='bbox 701 1723 752 1757; x_wconf 73' lang='grc' dir='ltr'>μὲν</span> <span class='ocrx_word' id='word_1_469' title='bbox 769 1724 803 1758; x_wconf 79' lang='grc' dir='ltr'>τῇ</span> <span class='ocrx_word' id='word_1_470' title='bbox 820 1723 929 1759; x_wconf 83' lang='grc' dir='ltr'>γλώττῃ</span> 
     </span>
    </p>
   </div>
   <div class='ocr_carea' id='block_1_68' title="bbox 147 1767 932 1804">
    <p class='ocr_par' dir='ltr' id='par_1_68' title="bbox 147 1767 932 1804">
     <span class='ocr_line' id='line_1_68' title="bbox 147 1767 932 1804; baseline 0.005 -12"><span class='ocrx_word' id='word_1_471' title='bbox 147 1767 306 1802; x_wconf 73' lang='grc' dir='ltr'>προφέρειν,</span> <span class='ocrx_word' id='word_1_472' title='bbox 329 1768 411 1802; x_wconf 71' lang='grc' dir='ltr'>ἕτερα</span> <span class='ocrx_word' id='word_1_473' title='bbox 429 1768 452 1795; x_wconf 89' lang='grc' dir='ltr'>δ’</span> <span class='ocrx_word' id='word_1_474' title='bbox 466 1769 495 1795; x_wconf 82' lang='grc' dir='ltr'>ὲν</span> <span class='ocrx_word' id='word_1_475' title='bbox 519 1770 552 1804; x_wconf 81' lang='grc' dir='ltr'>τῇ</span> <span class='ocrx_word' id='word_1_476' title='bbox 575 1769 680 1804; x_wconf 70' lang='grc' dir='ltr'>διανοίᾳ</span> <span class='ocrx_word' id='word_1_477' title='bbox 700 1769 862 1803; x_wconf 77' lang='grc' dir='ltr'>καλύπτειν,</span> <span class='ocrx_word' id='word_1_478' title='bbox 883 1771 932 1796; x_wconf 80' lang='grc' dir='ltr'>καὶ</span> 
     </span>
    </p>
   </div>
   <div class='ocr_carea' id='block_1_69' title="bbox 149 1813 932 1852">
    <p class='ocr_par' dir='ltr' id='par_1_69' title="bbox 149 1813 932 1852">
     <span class='ocr_line' id='line_1_69' title="bbox 149 1813 932 1852; baseline 0.004 -13"><span class='ocrx_word' id='word_1_479' title='bbox 149 1814 308 1848; x_wconf 82' lang='grc' dir='ltr'>μαχομένην</span> <span class='ocrx_word' id='word_1_480' title='bbox 323 1813 458 1841; x_wconf 82' lang='grc' dir='ltr'>δεικνύειν</span> <span class='ocrx_word' id='word_1_481' title='bbox 481 1816 522 1851; x_wconf 70' lang='grc' dir='ltr'><strong>τῃε</strong></span> <span class='ocrx_word' id='word_1_482' title='bbox 536 1814 644 1851; x_wconf 86' lang='grc' dir='ltr'>γλώττῃ</span> <span class='ocrx_word' id='word_1_483' title='bbox 661 1815 714 1842; x_wconf 81' lang='grc' dir='ltr'><strong>τῶν</strong></span> <span class='ocrx_word' id='word_1_484' title='bbox 729 1816 868 1850; x_wconf 78' lang='grc' dir='ltr'>λογισμῶν</span> <span class='ocrx_word' id='word_1_485' title='bbox 882 1816 932 1852; x_wconf 84' lang='grc' dir='ltr'><strong>τὴν</strong></span> 
     </span>
    </p>
   </div>
   <div class='ocr_carea' id='block_1_70' title="bbox 150 1859 933 1898">
    <p class='ocr_par' dir='ltr' id='par_1_70' title="bbox 150 1859 933 1898">
     <span class='ocr_line' id='line_1_70' title="bbox 150 1859 933 1898; baseline 0.004 -12"><span class='ocrx_word' id='word_1_486' title='bbox 150 1859 279 1895; x_wconf 80' lang='grc' dir='ltr'>μελέτην.</span> <span class='ocrx_word' id='word_1_487' title='bbox 300 1860 388 1888; x_wconf 81' lang='grc' dir='ltr'>Πολλὰ</span> <span class='ocrx_word' id='word_1_488' title='bbox 407 1861 457 1896; x_wconf 82' lang='grc' dir='ltr'>μὲν</span> <span class='ocrx_word' id='word_1_489' title='bbox 474 1859 520 1889; x_wconf 77' lang='grc' dir='ltr'>οὖν</span> <span class='ocrx_word' id='word_1_490' title='bbox 537 1861 676 1888; x_wconf 75' lang='grc' dir='ltr'>κάνταῦθα</span> <span class='ocrx_word' id='word_1_491' title='bbox 691 1864 723 1898; x_wconf 85' lang='grc' dir='ltr'>τῇ</span> <span class='ocrx_word' id='word_1_492' title='bbox 743 1862 850 1898; x_wconf 80' lang='grc' dir='ltr'>γλώττῃ</span> <span class='ocrx_word' id='word_1_493' title='bbox 867 1862 933 1897; x_wconf 83' lang='grc' dir='ltr'>θρα-</span> 
     </span>
    </p>
   </div>
   <div class='ocr_carea' id='block_1_71' title="bbox 147 1905 933 1944">
    <p class='ocr_par' dir='ltr' id='par_1_71' title="bbox 147 1905 933 1944">
     <span class='ocr_line' id='line_1_71' title="bbox 147 1905 933 1944; baseline 0.004 -12"><span class='ocrx_word' id='word_1_494' title='bbox 147 1905 295 1941; x_wconf 75' lang='grc' dir='ltr'>συνόμενος</span> <span class='ocrx_word' id='word_1_495' title='bbox 308 1908 362 1939; x_wconf 78' lang='grc' dir='ltr'>τοῖς</span> <span class='ocrx_word' id='word_1_496' title='bbox 379 1907 469 1942; x_wconf 82' lang='grc' dir='ltr'>ἔργοις</span> <span class='ocrx_word' id='word_1_497' title='bbox 481 1907 622 1943; x_wconf 74' lang='grc' dir='ltr'>ἠλέγχετο.</span> <span class='ocrx_word' id='word_1_498' title='bbox 646 1908 732 1940; x_wconf 69' lang='grc' dir='ltr'>Αὐτὸς</span> <span class='ocrx_word' id='word_1_499' title='bbox 751 1909 801 1943; x_wconf 81' lang='grc' dir='ltr'>μὲν</span> <span class='ocrx_word' id='word_1_500' title='bbox 815 1908 870 1944; x_wconf 76' lang='grc' dir='ltr'><strong>γὰρ</strong></span> <span class='ocrx_word' id='word_1_501' title='bbox 887 1909 933 1935; x_wconf 83' lang='grc' dir='ltr'><strong>διὰ</strong></span> 
     </span>
    </p>
   </div>
   <div class='ocr_carea' id='block_1_72' title="bbox 148 1953 932 1990">
    <p class='ocr_par' dir='ltr' id='par_1_72' title="bbox 148 1953 932 1990">
     <span class='ocr_line' id='line_1_72' title="bbox 148 1953 932 1990; baseline 0.003 -11"><span class='ocrx_word' id='word_1_502' title='bbox 148 1953 207 1983; x_wconf 77' lang='grc' dir='ltr'>δέος</span> <span class='ocrx_word' id='word_1_503' title='bbox 222 1953 250 1979; x_wconf 74' lang='grc' dir='ltr'>ἐν</span> <span class='ocrx_word' id='word_1_504' title='bbox 265 1953 449 1989; x_wconf 83' lang='grc' dir='ltr'>Θεσσαλονίκῃ</span> <span class='ocrx_word' id='word_1_505' title='bbox 476 1954 631 1988; x_wconf 79' lang='grc' dir='ltr'>παρέμεινε</span> <span class='ocrx_word' id='word_1_506' title='bbox 643 1962 650 1970; x_wconf 90' lang='grc'><strong>·</strong></span> <span class='ocrx_word' id='word_1_507' title='bbox 679 1954 729 1990; x_wconf 83' lang='grc' dir='ltr'>τὴν</span> <span class='ocrx_word' id='word_1_508' title='bbox 745 1954 774 1981; x_wconf 76' lang='grc' dir='ltr'>δὲ</span> <span class='ocrx_word' id='word_1_509' title='bbox 801 1954 932 1990; x_wconf 79' lang='grc' dir='ltr'>στρατιὰν</span> 
     </span>
    </p>
   </div>
   <div class='ocr_carea' id='block_1_73' title="bbox 148 2000 932 2037">
    <p class='ocr_par' dir='ltr' id='par_1_73' title="bbox 148 2000 932 2037">
     <span class='ocr_line' id='line_1_73' title="bbox 148 2000 932 2037; baseline 0.001 -11"><span class='ocrx_word' id='word_1_510' title='bbox 148 2001 201 2027; x_wconf 87' lang='grc' dir='ltr'><strong>τῶν</strong></span> <span class='ocrx_word' id='word_1_511' title='bbox 216 2001 360 2035; x_wconf 77' lang='grc' dir='ltr'>ἐπισήμων</span> <span class='ocrx_word' id='word_1_512' title='bbox 376 2000 416 2027; x_wconf 77' lang='grc' dir='ltr'><strong>ἐνὶ</strong></span> <span class='ocrx_word' id='word_1_513' title='bbox 438 2000 578 2035; x_wconf 79' lang='grc' dir='ltr'>παραδοὺς</span> <span class='ocrx_word' id='word_1_514' title='bbox 602 2001 649 2027; x_wconf 67' lang='lat' dir='ltr'><strong>hci.</strong></span> <span class='ocrx_word' id='word_1_515' title='bbox 665 2001 798 2037; x_wconf 74' lang='grc' dir='ltr'>Βέρῤοιαν</span> <span class='ocrx_word' id='word_1_516' title='bbox 813 2001 932 2036; x_wconf 79' lang='grc' dir='ltr'>ἔπεμψε,</span> 
     </span>
    </p>
   </div>
   <div class='ocr_carea' id='block_1_74' title="bbox 148 2046 934 2082">
    <p class='ocr_par' dir='ltr' id='par_1_74' title="bbox 148 2046 934 2082">
     <span class='ocr_line' id='line_1_74' title="bbox 148 2046 934 2082; baseline 0.001 -10"><span class='ocrx_word' id='word_1_517' title='bbox 148 2046 336 2081; x_wconf 78' lang='grc' dir='ltr'>παραγγείλας</span> <span class='ocrx_word' id='word_1_518' title='bbox 352 2046 416 2081; x_wconf 69' lang='grc' dir='ltr'>ἄχρι</span> <span class='ocrx_word' id='word_1_519' title='bbox 432 2055 515 2082; x_wconf 81' lang='grc' dir='ltr'>τριων</span> <span class='ocrx_word' id='word_1_520' title='bbox 541 2047 600 2073; x_wconf 78' lang='grc' dir='ltr'>ἐκεῖ</span> <span class='ocrx_word' id='word_1_521' title='bbox 630 2046 847 2082; x_wconf 71' lang='grc' dir='ltr'>παραδείξαντας</span> <span class='ocrx_word' id='word_1_522' title='bbox 869 2048 934 2073; x_wconf 82' lang='grc' dir='ltr'>ἑαυ-</span> 
     </span>
    </p>
   </div>
   <div class='ocr_carea' id='block_1_75' title="bbox 148 2092 936 2128">
    <p class='ocr_par' dir='ltr' id='par_1_75' title="bbox 148 2092 936 2128">
     <span class='ocr_line' id='line_1_75' title="bbox 148 2092 936 2128; baseline 0.003 -10"><span class='ocrx_word' id='word_1_523' title='bbox 148 2094 210 2124; x_wconf 73' lang='grc' dir='ltr'>τοὺς</span> <span class='ocrx_word' id='word_1_524' title='bbox 224 2092 338 2127; x_wconf 85' lang='grc' dir='ltr'>ἡμερῶν</span> <span class='ocrx_word' id='word_1_525' title='bbox 358 2093 407 2127; x_wconf 76' lang='grc' dir='ltr'>τὴν</span> <span class='ocrx_word' id='word_1_526' title='bbox 421 2093 552 2128; x_wconf 75' lang='grc' dir='ltr'>ταχίστην</span> <span class='ocrx_word' id='word_1_527' title='bbox 575 2093 730 2119; x_wconf 68' lang='grc' dir='ltr'>ἐπανιέναι.</span> <span class='ocrx_word' id='word_1_528' title='bbox 748 2093 785 2120; x_wconf 76' lang='grc' dir='ltr'><strong>Οὐ</strong></span> <span class='ocrx_word' id='word_1_529' title='bbox 800 2093 854 2128; x_wconf 80' lang='grc' dir='ltr'><strong>γὰρ</strong></span> <span class='ocrx_word' id='word_1_530' title='bbox 870 2093 936 2127; x_wconf 81' lang='grc' dir='ltr'>δρά-</span> 
     </span>
    </p>
   </div>
   <div class='ocr_carea' id='block_1_76' title="bbox 151 2138 935 2174">
    <p class='ocr_par' dir='ltr' id='par_1_76' title="bbox 151 2138 935 2174">
     <span class='ocr_line' id='line_1_76' title="bbox 151 2138 935 2174; baseline -0.001 -9"><span class='ocrx_word' id='word_1_531' title='bbox 151 2139 247 2170; x_wconf 74' lang='grc' dir='ltr'>σοντάς</span> <span class='ocrx_word' id='word_1_532' title='bbox 264 2148 290 2165; x_wconf 90' lang='grc' dir='ltr'><strong>τι</strong></span> <span class='ocrx_word' id='word_1_533' title='bbox 309 2141 432 2172; x_wconf 78' lang='grc' dir='ltr'>γενναῖον</span> <span class='ocrx_word' id='word_1_534' title='bbox 450 2139 519 2172; x_wconf 79' lang='grc' dir='ltr'>σφᾶς</span> <span class='ocrx_word' id='word_1_535' title='bbox 533 2138 689 2172; x_wconf 76' lang='grc' dir='ltr'>ἐπεπόμφει</span> <span class='ocrx_word' id='word_1_536' title='bbox 700 2145 708 2153; x_wconf 86' lang='grc'><strong><em>⁸</em></strong></span> <span class='ocrx_word' id='word_1_537' title='bbox 726 2138 780 2164; x_wconf 87' lang='grc' dir='ltr'>τῶν</span> <span class='ocrx_word' id='word_1_538' title='bbox 794 2138 848 2174; x_wconf 76' lang='grc' dir='ltr'>γὰρ</span> <span class='ocrx_word' id='word_1_539' title='bbox 861 2139 935 2172; x_wconf 79' lang='grc' dir='ltr'><strong>ἀμη-</strong></span> 
     </span>
    </p>
   </div>
   <div class='ocr_carea' id='block_1_77' title="bbox 150 2182 934 2219">
    <p class='ocr_par' dir='ltr' id='par_1_77' title="bbox 150 2182 934 2219">
     <span class='ocr_line' id='line_1_77' title="bbox 150 2182 934 2219; baseline -0.001 -10"><span class='ocrx_word' id='word_1_540' title='bbox 150 2184 239 2219; x_wconf 75' lang='grc' dir='ltr'>χάνων</span> <span class='ocrx_word' id='word_1_541' title='bbox 260 2183 288 2209; x_wconf 83' lang='grc' dir='ltr'>ἒν</span> <span class='ocrx_word' id='word_1_542' title='bbox 307 2183 397 2210; x_wconf 75' lang='grc' dir='ltr'>ὲεὸκει</span> <span class='ocrx_word' id='word_1_543' title='bbox 411 2183 484 2209; x_wconf 71' lang='grc' dir='ltr'>τοῦτ’</span> <span class='ocrx_word' id='word_1_544' title='bbox 496 2183 586 2218; x_wconf 76' lang='grc' dir='ltr'>αὐτῷ’</span> <span class='ocrx_word' id='word_1_545' title='bbox 603 2182 661 2209; x_wconf 73' lang='grc' dir='ltr'>ἀλλ’</span> <span class='ocrx_word' id='word_1_546' title='bbox 678 2182 739 2209; x_wconf 72' lang='grc' dir='ltr'>ὅσον</span> <span class='ocrx_word' id='word_1_547' title='bbox 755 2182 792 2216; x_wconf 81' lang='grc' dir='ltr'>μὴ</span> <span class='ocrx_word' id='word_1_548' title='bbox 806 2182 934 2217; x_wconf 80' lang='grc' dir='ltr'>φωραθῆ-</span> 
     </span>
    </p>
   </div>
   <div class='ocr_carea' id='block_1_78' title="bbox 982 1582 1775 1617">
    <p class='ocr_par' dir='ltr' id='par_1_78' title="bbox 982 1582 1775 1617">
     <span class='ocr_line' id='line_1_78' title="bbox 982 1582 1775 1617; baseline -0.004 -7"><span class='ocrx_word' id='word_1_549' title='bbox 982 1582 1093 1610; x_wconf 89' lang='lat' dir='ltr'><strong>modum</strong></span> <span class='ocrx_word' id='word_1_550' title='bbox 1111 1582 1257 1613; x_wconf 65' lang='lat' dir='ltr'><strong>mentiens.</strong></span> <span class='ocrx_word' id='word_1_551' title='bbox 1267 1590 1299 1610; x_wconf 90' lang='lat' dir='ltr'><strong>ac</strong></span> <span class='ocrx_word' id='word_1_552' title='bbox 1313 1583 1450 1610; x_wconf 89' lang='lat' dir='ltr'><strong>sermonis</strong></span> <span class='ocrx_word' id='word_1_553' title='bbox 1465 1582 1660 1617; x_wconf 85' lang='lat' dir='ltr'><strong>probabilitate</strong></span> <span class='ocrx_word' id='word_1_554' title='bbox 1681 1588 1775 1608; x_wconf 90' lang='lat' dir='ltr'><strong>rerum</strong></span> 
     </span>
    </p>
   </div>
   <div class='ocr_carea' id='block_1_79' title="bbox 982 1627 1774 1662">
    <p class='ocr_par' dir='ltr' id='par_1_79' title="bbox 982 1627 1774 1662">
     <span class='ocr_line' id='line_1_79' title="bbox 982 1627 1774 1662; baseline -0.001 -7"><span class='ocrx_word' id='word_1_555' title='bbox 982 1628 1124 1655; x_wconf 83' lang='lat' dir='ltr'><strong>veritatem</strong></span> <span class='ocrx_word' id='word_1_556' title='bbox 1143 1629 1306 1656; x_wconf 88' lang='lat' dir='ltr'><strong>obscurans.</strong></span> <span class='ocrx_word' id='word_1_557' title='bbox 1323 1628 1380 1657; x_wconf 81' lang='lat' dir='ltr'><strong>Mos</strong></span> <span class='ocrx_word' id='word_1_558' title='bbox 1404 1629 1478 1656; x_wconf 91' lang='lat' dir='ltr'><strong>enim</strong></span> <span class='ocrx_word' id='word_1_559' title='bbox 1500 1628 1545 1655; x_wconf 89' lang='lat' dir='ltr'><strong>hic</strong></span> <span class='ocrx_word' id='word_1_560' title='bbox 1568 1627 1606 1655; x_wconf 88' lang='lat' dir='ltr'><strong>illi</strong></span> <span class='ocrx_word' id='word_1_561' title='bbox 1623 1632 1774 1662; x_wconf 76' lang='lat' dir='ltr'><strong>perpetuus</strong></span> 
     </span>
    </p>
   </div>
   <div class='ocr_carea' id='block_1_80' title="bbox 981 1674 1776 1709">
    <p class='ocr_par' dir='ltr' id='par_1_80' title="bbox 981 1674 1776 1709">
     <span class='ocr_line' id='line_1_80' title="bbox 981 1674 1776 1709; baseline -0.001 -8"><span class='ocrx_word' id='word_1_562' title='bbox 981 1674 1058 1702; x_wconf 82' lang='lat' dir='ltr'><strong>fuit:</strong></span> <span class='ocrx_word' id='word_1_563' title='bbox 1080 1681 1167 1709; x_wconf 89' lang='lat' dir='ltr'><strong>eoque</strong></span> <span class='ocrx_word' id='word_1_564' title='bbox 1192 1682 1222 1701; x_wconf 80' lang='lat' dir='ltr'><strong>se</strong></span> <span class='ocrx_word' id='word_1_565' title='bbox 1248 1674 1338 1709; x_wconf 87' lang='lat' dir='ltr'><strong>palam</strong></span> <span class='ocrx_word' id='word_1_566' title='bbox 1362 1682 1434 1708; x_wconf 68' lang='lat' dir='ltr'><strong>saepe</strong></span> <span class='ocrx_word' id='word_1_567' title='bbox 1453 1680 1582 1709; x_wconf 84' lang='lat' dir='ltr'><strong>tanquam</strong></span> <span class='ocrx_word' id='word_1_568' title='bbox 1609 1677 1776 1700; x_wconf 86' lang='lat' dir='ltr'><strong>ornamento</strong></span> 
     </span>
    </p>
   </div>
   <div class='ocr_carea' id='block_1_81' title="bbox 983 1720 1771 1755">
    <p class='ocr_par' dir='ltr' id='par_1_81' title="bbox 983 1720 1771 1755">
     <span class='ocr_line' id='line_1_81' title="bbox 983 1720 1771 1755; baseline -0.001 -8"><span class='ocrx_word' id='word_1_569' title='bbox 983 1721 1075 1755; x_wconf 87' lang='lat' dir='ltr'><strong>aliquo</strong></span> <span class='ocrx_word' id='word_1_570' title='bbox 1101 1721 1260 1752; x_wconf 77' lang='lat' dir='ltr'><strong>venditavit,</strong></span> <span class='ocrx_word' id='word_1_571' title='bbox 1292 1721 1364 1755; x_wconf 86' lang='lat' dir='ltr'><strong>quod</strong></span> <span class='ocrx_word' id='word_1_572' title='bbox 1389 1721 1463 1748; x_wconf 85' lang='lat' dir='ltr'><strong>aliud</strong></span> <span class='ocrx_word' id='word_1_573' title='bbox 1492 1728 1540 1748; x_wconf 87' lang='lat' dir='ltr'><strong>ore</strong></span> <span class='ocrx_word' id='word_1_574' title='bbox 1565 1720 1771 1754; x_wconf 79' lang='lat' dir='ltr'><strong>pronuntiaret,</strong></span> 
     </span>
    </p>
   </div>
   <div class='ocr_carea' id='block_1_82' title="bbox 983 1765 1772 1799">
    <p class='ocr_par' dir='ltr' id='par_1_82' title="bbox 983 1765 1772 1799">
     <span class='ocr_line' id='line_1_82' title="bbox 983 1765 1772 1799; baseline -0.003 -7"><span class='ocrx_word' id='word_1_575' title='bbox 983 1765 1055 1792; x_wconf 85' lang='lat' dir='ltr'><strong>aliud</strong></span> <span class='ocrx_word' id='word_1_576' title='bbox 1072 1765 1098 1792; x_wconf 93' lang='lat' dir='ltr'><strong>in</strong></span> <span class='ocrx_word' id='word_1_577' title='bbox 1117 1766 1208 1792; x_wconf 84' lang='lat' dir='ltr'><strong>animo</strong></span> <span class='ocrx_word' id='word_1_578' title='bbox 1221 1765 1358 1792; x_wconf 83' lang='lat' dir='ltr'><strong>occultum</strong></span> <span class='ocrx_word' id='word_1_579' title='bbox 1383 1765 1506 1795; x_wconf 84' lang='lat' dir='ltr'><strong>haberet.</strong></span> <span class='ocrx_word' id='word_1_580' title='bbox 1522 1769 1549 1792; x_wconf 87' lang='lat' dir='ltr'><strong>et</strong></span> <span class='ocrx_word' id='word_1_581' title='bbox 1567 1772 1688 1799; x_wconf 78' lang='lat' dir='ltr'><strong>pugnare</strong></span> <span class='ocrx_word' id='word_1_582' title='bbox 1708 1772 1772 1792; x_wconf 87' lang='lat' dir='ltr'><strong>cum</strong></span> 
     </span>
    </p>
   </div>
   <div class='ocr_carea' id='block_1_83' title="bbox 982 1809 1772 1846">
    <p class='ocr_par' dir='ltr' id='par_1_83' title="bbox 982 1809 1772 1846">
     <span class='ocr_line' id='line_1_83' title="bbox 982 1809 1772 1846; baseline 0 -10"><span class='ocrx_word' id='word_1_583' title='bbox 982 1809 1076 1843; x_wconf 73' lang='lat' dir='ltr'><strong>lingua</strong></span> <span class='ocrx_word' id='word_1_584' title='bbox 1102 1810 1214 1837; x_wconf 89' lang='lat' dir='ltr'><strong>consilia</strong></span> <span class='ocrx_word' id='word_1_585' title='bbox 1243 1811 1304 1846; x_wconf 88' lang='lat' dir='ltr'><strong>ejus</strong></span> <span class='ocrx_word' id='word_1_586' title='bbox 1342 1815 1369 1837; x_wconf 86' lang='lat' dir='ltr'><strong>et</strong></span> <span class='ocrx_word' id='word_1_587' title='bbox 1406 1810 1588 1845; x_wconf 75' lang='lat' dir='ltr'><strong>cogitationes</strong></span> <span class='ocrx_word' id='word_1_588' title='bbox 1615 1816 1772 1844; x_wconf 87' lang='lat' dir='ltr'><strong>appareret.</strong></span> 
     </span>
    </p>
   </div>
   <div class='ocr_carea' id='block_1_84' title="bbox 982 1855 1772 1890">
    <p class='ocr_par' dir='ltr' id='par_1_84' title="bbox 982 1855 1772 1890">
     <span class='ocr_line' id='line_1_84' title="bbox 982 1855 1772 1890; baseline -0.003 -7"><span class='ocrx_word' id='word_1_589' title='bbox 982 1855 1094 1883; x_wconf 87' lang='lat' dir='ltr'><strong>Multam</strong></span> <span class='ocrx_word' id='word_1_590' title='bbox 1117 1855 1199 1890; x_wconf 79' lang='lat' dir='ltr'><strong>igitur</strong></span> <span class='ocrx_word' id='word_1_591' title='bbox 1221 1860 1277 1883; x_wconf 86' lang='lat' dir='ltr'><strong>tum</strong></span> <span class='ocrx_word' id='word_1_592' title='bbox 1300 1863 1410 1890; x_wconf 86' lang='lat' dir='ltr'><strong>quoque</strong></span> <span class='ocrx_word' id='word_1_593' title='bbox 1426 1855 1567 1882; x_wconf 82' lang='lat' dir='ltr'><strong>audaciam</strong></span> <span class='ocrx_word' id='word_1_594' title='bbox 1587 1855 1681 1882; x_wconf 80' lang='lat' dir='ltr'><strong>verbis</strong></span> <span class='ocrx_word' id='word_1_595' title='bbox 1705 1862 1772 1889; x_wconf 87' lang='lat' dir='ltr'><strong>pro-</strong></span> 
     </span>
    </p>
   </div>
   <div class='ocr_carea' id='block_1_85' title="bbox 985 1901 1772 1936">
    <p class='ocr_par' dir='ltr' id='par_1_85' title="bbox 985 1901 1772 1936">
     <span class='ocr_line' id='line_1_85' title="bbox 985 1901 1772 1936; baseline -0.003 -8"><span class='ocrx_word' id='word_1_596' title='bbox 985 1901 1073 1929; x_wconf 78' lang='lat' dir='ltr'><strong>fessus</strong></span> <span class='ocrx_word' id='word_1_597' title='bbox 1103 1901 1182 1929; x_wconf 81' lang='lat' dir='ltr'><strong>factis</strong></span> <span class='ocrx_word' id='word_1_598' title='bbox 1210 1901 1438 1936; x_wconf 81' lang='lat' dir='ltr'><strong>redarguebatur.</strong></span> <span class='ocrx_word' id='word_1_599' title='bbox 1471 1901 1539 1929; x_wconf 85' lang='lat' dir='ltr'><strong>Nam</strong></span> <span class='ocrx_word' id='word_1_600' title='bbox 1570 1902 1628 1934; x_wconf 83' lang='lat' dir='ltr'><strong>ipse</strong></span> <span class='ocrx_word' id='word_1_601' title='bbox 1658 1901 1772 1935; x_wconf 86' lang='lat' dir='ltr'><strong>quidem</strong></span> 
     </span>
    </p>
   </div>
   <div class='ocr_carea' id='block_1_86' title="bbox 985 1947 1776 1983">
    <p class='ocr_par' dir='ltr' id='par_1_86' title="bbox 985 1947 1776 1983">
     <span class='ocr_line' id='line_1_86' title="bbox 985 1947 1776 1983; baseline -0.001 -9"><span class='ocrx_word' id='word_1_602' title='bbox 985 1947 1186 1976; x_wconf 71' lang='lat' dir='ltr'><strong>Thessalonice</strong></span> <span class='ocrx_word' id='word_1_603' title='bbox 1209 1948 1310 1975; x_wconf 89' lang='lat' dir='ltr'><strong>mansit</strong></span> <span class='ocrx_word' id='word_1_604' title='bbox 1331 1956 1386 1982; x_wconf 62' lang='lat' dir='ltr'><strong>pra;</strong></span> <span class='ocrx_word' id='word_1_605' title='bbox 1411 1953 1484 1975; x_wconf 82' lang='lat' dir='ltr'><strong>metu</strong></span> <span class='ocrx_word' id='word_1_606' title='bbox 1505 1947 1609 1983; x_wconf 56' lang='grc' dir='ltr'><strong>μεθθ</strong></span> <span class='ocrx_word' id='word_1_607' title='bbox 1622 1947 1776 1974; x_wconf 79' lang='lat' dir='ltr'><strong>exercitum</strong></span> 
     </span>
    </p>
   </div>
   <div class='ocr_carea' id='block_1_87' title="bbox 986 1994 1769 2030">
    <p class='ocr_par' dir='ltr' id='par_1_87' title="bbox 986 1994 1769 2030">
     <span class='ocr_line' id='line_1_87' title="bbox 986 1994 1769 2030; baseline -0.001 -9"><span class='ocrx_word' id='word_1_608' title='bbox 986 1998 1077 2021; x_wconf 77' lang='lat' dir='ltr'><strong>autem</strong></span> <span class='ocrx_word' id='word_1_609' title='bbox 1101 1995 1148 2022; x_wconf 88' lang='lat' dir='ltr'><strong>uni</strong></span> <span class='ocrx_word' id='word_1_610' title='bbox 1172 2002 1205 2022; x_wconf 77' lang='lat' dir='ltr'><strong>ex</strong></span> <span class='ocrx_word' id='word_1_611' title='bbox 1226 1994 1395 2030; x_wconf 89' lang='lat' dir='ltr'><strong>primoribus</strong></span> <span class='ocrx_word' id='word_1_612' title='bbox 1416 1994 1594 2022; x_wconf 82' lang='lat' dir='ltr'><strong>commissum</strong></span> <span class='ocrx_word' id='word_1_613' title='bbox 1611 1994 1769 2020; x_wconf 74' lang='lat' dir='ltr'><strong>Berrhmam</strong></span> 
     </span>
    </p>
   </div>
   <div class='ocr_carea' id='block_1_88' title="bbox 987 2039 1771 2074">
    <p class='ocr_par' dir='ltr' id='par_1_88' title="bbox 987 2039 1771 2074">
     <span class='ocr_line' id='line_1_88' title="bbox 987 2039 1771 2074; baseline 0.001 -9"><span class='ocrx_word' id='word_1_614' title='bbox 987 2039 1290 2074; x_wconf 78' lang='lat' dir='ltr'><strong>misit,pr:ecepitque,</strong></span> <span class='ocrx_word' id='word_1_615' title='bbox 1320 2044 1464 2074; x_wconf 88' lang='lat' dir='ltr'><strong>postquam</strong></span> <span class='ocrx_word' id='word_1_616' title='bbox 1494 2047 1523 2066; x_wconf 86' lang='lat' dir='ltr'><strong>se</strong></span> <span class='ocrx_word' id='word_1_617' title='bbox 1553 2039 1609 2066; x_wconf 91' lang='lat' dir='ltr'><strong>illic</strong></span> <span class='ocrx_word' id='word_1_618' title='bbox 1638 2047 1685 2073; x_wconf 81' lang='lat' dir='ltr'><strong>pt-l&#39;</strong></span> <span class='ocrx_word' id='word_1_619' title='bbox 1715 2044 1771 2066; x_wconf 85' lang='lat' dir='ltr'><strong>tres</strong></span> 
     </span>
    </p>
   </div>
   <div class='ocr_carea' id='block_1_89' title="bbox 986 2083 1767 2118">
    <p class='ocr_par' dir='ltr' id='par_1_89' title="bbox 986 2083 1767 2118">
     <span class='ocr_line' id='line_1_89' title="bbox 986 2083 1767 2118; baseline 0 -8"><span class='ocrx_word' id='word_1_620' title='bbox 986 2083 1045 2111; x_wconf 77' lang='lat' dir='ltr'><strong>dies</strong></span> <span class='ocrx_word' id='word_1_621' title='bbox 1074 2089 1270 2115; x_wconf 75' lang='lat' dir='ltr'><strong>ostentassent.</strong></span> <span class='ocrx_word' id='word_1_622' title='bbox 1303 2088 1333 2111; x_wconf 92' lang='lat' dir='ltr'><strong>ut</strong></span> <span class='ocrx_word' id='word_1_623' title='bbox 1358 2084 1480 2111; x_wconf 82' lang='lat' dir='ltr'><strong>redirent</strong></span> <span class='ocrx_word' id='word_1_624' title='bbox 1504 2092 1585 2118; x_wconf 87' lang='lat' dir='ltr'><strong>quam</strong></span> <span class='ocrx_word' id='word_1_625' title='bbox 1611 2084 1767 2111; x_wconf 76' lang='lat' dir='ltr'><strong>celerrime.</strong></span> 
     </span>
    </p>
   </div>
   <div class='ocr_carea' id='block_1_90' title="bbox 986 2129 1766 2164">
    <p class='ocr_par' dir='ltr' id='par_1_90' title="bbox 986 2129 1766 2164">
     <span class='ocr_line' id='line_1_90' title="bbox 986 2129 1766 2164; baseline 0 -8"><span class='ocrx_word' id='word_1_626' title='bbox 986 2129 1045 2157; x_wconf 85' lang='lat' dir='ltr'><strong>Non</strong></span> <span class='ocrx_word' id='word_1_627' title='bbox 1067 2130 1140 2157; x_wconf 91' lang='lat' dir='ltr'><strong>enim</strong></span> <span class='ocrx_word' id='word_1_628' title='bbox 1154 2135 1184 2156; x_wconf 92' lang='lat' dir='ltr'><strong>ut</strong></span> <span class='ocrx_word' id='word_1_629' title='bbox 1205 2129 1309 2164; x_wconf 88' lang='lat' dir='ltr'><strong>aliquid</strong></span> <span class='ocrx_word' id='word_1_630' title='bbox 1328 2129 1450 2164; x_wconf 79' lang='lat' dir='ltr'><strong>pr.eclari</strong></span> <span class='ocrx_word' id='word_1_631' title='bbox 1471 2129 1602 2161; x_wconf 79' lang='lat' dir='ltr'><strong>facerent,</strong></span> <span class='ocrx_word' id='word_1_632' title='bbox 1617 2137 1666 2156; x_wconf 88' lang='lat' dir='ltr'><strong>eos</strong></span> <span class='ocrx_word' id='word_1_633' title='bbox 1682 2130 1766 2156; x_wconf 84' lang='lat' dir='ltr'><strong>mise—</strong></span> 
     </span>
    </p>
   </div>
   <div class='ocr_carea' id='block_1_91' title="bbox 987 2174 1772 2210">
    <p class='ocr_par' dir='ltr' id='par_1_91' title="bbox 987 2174 1772 2210">
     <span class='ocr_line' id='line_1_91' title="bbox 987 2174 1772 2210; baseline -0.003 -8"><span class='ocrx_word' id='word_1_634' title='bbox 987 2180 1047 2208; x_wconf 86' lang='lat' dir='ltr'><strong>rat;</strong></span> <span class='ocrx_word' id='word_1_635' title='bbox 1067 2176 1113 2210; x_wconf 90' lang='lat' dir='ltr'><strong>qui</strong></span> <span class='ocrx_word' id='word_1_636' title='bbox 1139 2175 1214 2202; x_wconf 87' lang='lat' dir='ltr'><strong>nullo</strong></span> <span class='ocrx_word' id='word_1_637' title='bbox 1239 2174 1319 2202; x_wconf 89' lang='lat' dir='ltr'><strong>modo</strong></span> <span class='ocrx_word' id='word_1_638' title='bbox 1344 2174 1402 2201; x_wconf 85' lang='lat' dir='ltr'><strong>ﬁeri</strong></span> <span class='ocrx_word' id='word_1_639' title='bbox 1428 2174 1455 2201; x_wconf 87' lang='lat' dir='ltr'><strong>id</strong></span> <span class='ocrx_word' id='word_1_640' title='bbox 1478 2182 1559 2210; x_wconf 73' lang='lat' dir='ltr'><strong>posse</strong></span> <span class='ocrx_word' id='word_1_641' title='bbox 1578 2174 1772 2207; x_wconf 76' lang='lat' dir='ltr'><strong>existimabat;</strong></span> 
     </span>
    </p>
   </div>
   <div class='ocr_carea' id='block_1_92' title="bbox 150 2219 931 2263">
    <p class='ocr_par' dir='ltr' id='par_1_92' title="bbox 150 2227 931 2263">
     <span class='ocr_line' id='line_1_92' title="bbox 150 2227 931 2263; baseline -0.003 -8"><span class='ocrx_word' id='word_1_642' title='bbox 150 2237 195 2255; x_wconf 86' lang='grc' dir='ltr'><strong>ναι</strong></span> <span class='ocrx_word' id='word_1_643' title='bbox 210 2229 257 2263; x_wconf 81' lang='grc' dir='ltr'>τὴν</span> <span class='ocrx_word' id='word_1_644' title='bbox 275 2229 368 2260; x_wconf 74' lang='grc' dir='ltr'>τούτου</span> <span class='ocrx_word' id='word_1_645' title='bbox 385 2227 485 2255; x_wconf 72' lang='grc' dir='ltr'>δειλίαν</span> <span class='ocrx_word' id='word_1_646' title='bbox 500 2229 555 2259; x_wconf 80' lang='grc' dir='ltr'>τοῖς</span> <span class='ocrx_word' id='word_1_647' title='bbox 571 2228 722 2258; x_wconf 80' lang='grc' dir='ltr'>πλείστοις.</span> <span class='ocrx_word' id='word_1_648' title='bbox 747 2227 802 2254; x_wconf 84' lang='grc' dir='ltr'><strong>Τοῦ</strong></span> <span class='ocrx_word' id='word_1_649' title='bbox 826 2227 881 2262; x_wconf 82' lang='grc' dir='ltr'>γάρ</span> <span class='ocrx_word' id='word_1_650' title='bbox 894 2235 931 2254; x_wconf 86' lang='grc' dir='ltr'><strong>τοι</strong></span> 
     </span>
    </p>
   </div>
   <div class='ocr_carea' id='block_1_93' title="bbox 983 2219 1766 2263">
    <p class='ocr_par' dir='ltr' id='par_1_93' title="bbox 987 2219 1766 2254">
     <span class='ocr_line' id='line_1_93' title="bbox 987 2219 1766 2254; baseline -0.003 -7"><span class='ocrx_word' id='word_1_651' title='bbox 987 2219 1033 2247; x_wconf 90' lang='lat' dir='ltr'><strong>sed</strong></span> <span class='ocrx_word' id='word_1_652' title='bbox 1055 2224 1083 2245; x_wconf 93' lang='lat' dir='ltr'><strong>ut</strong></span> <span class='ocrx_word' id='word_1_653' title='bbox 1098 2227 1131 2245; x_wconf 85' lang='lat' dir='ltr'><strong>ne</strong></span> <span class='ocrx_word' id='word_1_654' title='bbox 1155 2227 1170 2247; x_wconf 86' lang='lat' dir='ltr'><strong>a</strong></span> <span class='ocrx_word' id='word_1_655' title='bbox 1195 2219 1332 2254; x_wconf 86' lang='lat' dir='ltr'><strong>plerisque</strong></span> <span class='ocrx_word' id='word_1_656' title='bbox 1349 2220 1482 2246; x_wconf 87' lang='lat' dir='ltr'><strong>timiditas</strong></span> <span class='ocrx_word' id='word_1_657' title='bbox 1496 2220 1556 2252; x_wconf 86' lang='lat' dir='ltr'><strong>ejus</strong></span> <span class='ocrx_word' id='word_1_658' title='bbox 1573 2219 1766 2254; x_wconf 77' lang='lat' dir='ltr'><strong>deprehende-</strong></span> 
     </span>
    </p>
   </div>
   <div class='ocr_carea' id='block_1_94' title="bbox 151 2273 937 2309">
    <p class='ocr_par' dir='ltr' id='par_1_94' title="bbox 151 2273 937 2309">
     <span class='ocr_line' id='line_1_94' title="bbox 151 2273 937 2309; baseline -0.001 -9"><span class='ocrx_word' id='word_1_659' title='bbox 151 2274 270 2308; x_wconf 77' lang='grc' dir='ltr'>Θράσους</span> <span class='ocrx_word' id='word_1_660' title='bbox 289 2274 384 2309; x_wconf 77' lang='grc' dir='ltr'>ἀνδρίᾳ</span> <span class='ocrx_word' id='word_1_661' title='bbox 401 2275 447 2301; x_wconf 82' lang='grc' dir='ltr'>καὶ</span> <span class='ocrx_word' id='word_1_662' title='bbox 469 2274 559 2309; x_wconf 81' lang='grc' dir='ltr'>τόλμῃ</span> <span class='ocrx_word' id='word_1_663' title='bbox 579 2274 714 2308; x_wconf 80' lang='grc' dir='ltr'>πολεμικῇ</span> <span class='ocrx_word' id='word_1_664' title='bbox 741 2273 874 2299; x_wconf 75' lang='grc' dir='ltr'>συνοικεῖν</span> <span class='ocrx_word' id='word_1_665' title='bbox 891 2273 937 2299; x_wconf 81' lang='grc' dir='ltr'><strong>οὺ-</strong></span> 
     </span>
    </p>
   </div>
   <div class='ocr_carea' id='block_1_95' title="bbox 151 2319 935 2356">
    <p class='ocr_par' dir='ltr' id='par_1_95' title="bbox 151 2319 935 2356">
     <span class='ocr_line' id='line_1_95' title="bbox 151 2319 935 2356; baseline -0.003 -9"><span class='ocrx_word' id='word_1_666' title='bbox 151 2321 226 2356; x_wconf 73' lang='grc' dir='ltr'><strong>διμῆ</strong></span> <span class='ocrx_word' id='word_1_667' title='bbox 240 2321 401 2356; x_wconf 75' lang='grc' dir='ltr'>δυναμένου,</span> <span class='ocrx_word' id='word_1_668' title='bbox 428 2321 487 2352; x_wconf 85' lang='grc' dir='ltr'>πῶς</span> <span class='ocrx_word' id='word_1_669' title='bbox 502 2320 535 2347; x_wconf 83' lang='grc' dir='ltr'>ἂν</span> <span class='ocrx_word' id='word_1_670' title='bbox 553 2320 644 2353; x_wconf 77' lang='grc' dir='ltr'>αὐτὸς,</span> <span class='ocrx_word' id='word_1_671' title='bbox 669 2319 774 2354; x_wconf 77' lang='grc' dir='ltr'>μακρὸν</span> <span class='ocrx_word' id='word_1_672' title='bbox 798 2319 848 2354; x_wconf 76' lang='grc' dir='ltr'>μὲν</span> <span class='ocrx_word' id='word_1_673' title='bbox 862 2319 890 2345; x_wconf 82' lang='grc' dir='ltr'>ἐν</span> <span class='ocrx_word' id='word_1_674' title='bbox 903 2320 935 2354; x_wconf 85' lang='grc' dir='ltr'><strong>τῇ</strong></span> 
     </span>
    </p>
   </div>
   <div class='ocr_carea' id='block_1_96' title="bbox 151 2357 935 2401">
    <p class='ocr_par' dir='ltr' id='par_1_96' title="bbox 151 2357 935 2401">
     <span class='ocr_line' id='line_1_96' title="bbox 151 2357 935 2401; baseline -0.001 -9"><span class='ocrx_word' id='word_1_675' title='bbox 151 2366 259 2401; x_wconf 80' lang='grc' dir='ltr'>γλώττῃ</span> <span class='ocrx_word' id='word_1_676' title='bbox 277 2357 308 2393; x_wconf 73' lang='grc' dir='ltr'><strong>τδ</strong></span> <span class='ocrx_word' id='word_1_677' title='bbox 324 2367 424 2401; x_wconf 74' lang='grc' dir='ltr'>θράσος</span> <span class='ocrx_word' id='word_1_678' title='bbox 440 2366 519 2401; x_wconf 77' lang='grc' dir='ltr'>ἔχων,</span> <span class='ocrx_word' id='word_1_679' title='bbox 537 2365 711 2400; x_wconf 84' lang='grc' dir='ltr'>μακροτέραν</span> <span class='ocrx_word' id='word_1_680' title='bbox 733 2365 756 2391; x_wconf 80' lang='grc' dir='ltr'>δ’</span> <span class='ocrx_word' id='word_1_681' title='bbox 771 2366 799 2392; x_wconf 76' lang='grc' dir='ltr'>ἐν</span> <span class='ocrx_word' id='word_1_682' title='bbox 813 2367 846 2400; x_wconf 81' lang='grc' dir='ltr'><strong>τῇ</strong></span> <span class='ocrx_word' id='word_1_683' title='bbox 863 2365 935 2400; x_wconf 81' lang='grc' dir='ltr'>ψυχῇ</span> 
     </span>
    </p>
   </div>
   <div class='ocr_carea' id='block_1_97' title="bbox 149 2410 937 2447">
    <p class='ocr_par' dir='ltr' id='par_1_97' title="bbox 149 2410 937 2447">
     <span class='ocr_line' id='line_1_97' title="bbox 149 2410 937 2447; baseline -0.003 -9"><span class='ocrx_word' id='word_1_684' title='bbox 149 2411 201 2447; x_wconf 69' lang='grc' dir='ltr'>τὴν</span> <span class='ocrx_word' id='word_1_685' title='bbox 227 2411 328 2438; x_wconf 75' lang='grc' dir='ltr'>δειλίαν</span> <span class='ocrx_word' id='word_1_686' title='bbox 350 2412 577 2446; x_wconf 82' lang='grc' dir='ltr'>γεγυμνωμέυοις</span> <span class='ocrx_word' id='word_1_687' title='bbox 602 2410 710 2444; x_wconf 80' lang='grc' dir='ltr'>ξίφεσιν</span> <span class='ocrx_word' id='word_1_688' title='bbox 735 2410 754 2445; x_wconf 76' lang='grc' dir='ltr'><strong>ἢ</strong></span> <span class='ocrx_word' id='word_1_689' title='bbox 775 2411 856 2442; x_wconf 81' lang='grc' dir='ltr'>αὑτός</span> <span class='ocrx_word' id='word_1_690' title='bbox 877 2411 937 2437; x_wconf 74' lang='grc' dir='ltr'>ποθ’</span> 
     </span>
    </p>
   </div>
   <div class='ocr_carea' id='block_1_98' title="bbox 150 2455 936 2492">
    <p class='ocr_par' dir='ltr' id='par_1_98' title="bbox 150 2455 936 2492">
     <span class='ocr_line' id='line_1_98' title="bbox 150 2455 936 2492; baseline -0.001 -9"><span class='ocrx_word' id='word_1_691' title='bbox 150 2457 318 2492; x_wconf 73' lang='grc' dir='ltr'>ὁμιλήσειεν,</span> <span class='ocrx_word' id='word_1_692' title='bbox 336 2457 351 2491; x_wconf 78' lang='grc' dir='ltr'>ἢ</span> <span class='ocrx_word' id='word_1_693' title='bbox 367 2457 489 2484; x_wconf 77' lang='grc' dir='ltr'>πείσειεν</span> <span class='ocrx_word' id='word_1_694' title='bbox 505 2457 617 2488; x_wconf 47' lang='grc' dir='ltr'>ἄλλους</span> <span class='ocrx_word' id='word_1_695' title='bbox 640 2456 736 2483; x_wconf 72' lang='grc' dir='ltr'>οᾶττοιι</span> <span class='ocrx_word' id='word_1_696' title='bbox 765 2456 864 2491; x_wconf 79' lang='grc' dir='ltr'>μεντᾶν</span> <span class='ocrx_word' id='word_1_697' title='bbox 889 2455 936 2482; x_wconf 78' lang='grc' dir='ltr'><strong>τοῦ</strong></span> 
     </span>
    </p>
   </div>
   <div class='ocr_carea' id='block_1_99' title="bbox 152 2501 936 2539">
    <p class='ocr_par' dir='ltr' id='par_1_99' title="bbox 152 2501 936 2539">
     <span class='ocr_line' id='line_1_99' title="bbox 152 2501 936 2539; baseline 0 -11"><span class='ocrx_word' id='word_1_698' title='bbox 152 2501 278 2537; x_wconf 78' lang='grc' dir='ltr'>σώματος</span> <span class='ocrx_word' id='word_1_699' title='bbox 308 2503 558 2539; x_wconf 70' lang='grc' dir='ltr'>ᾲπορῤηγνυμένην</span> <span class='ocrx_word' id='word_1_700' title='bbox 585 2501 715 2528; x_wconf 75' lang='grc' dir='ltr'>θεάσαιτο</span> <span class='ocrx_word' id='word_1_701' title='bbox 742 2502 791 2536; x_wconf 80' lang='grc' dir='ltr'>τὴν</span> <span class='ocrx_word' id='word_1_702' title='bbox 805 2501 936 2537; x_wconf 76' lang='grc' dir='ltr'>ψυχὴν,ἢ</span> 
     </span>
    </p>
   </div>
   <div class='ocr_carea' id='block_1_100' title="bbox 154 2547 935 2583">
    <p class='ocr_par' dir='ltr' id='par_1_100' title="bbox 154 2547 935 2583">
     <span class='ocr_line' id='line_1_100' title="bbox 154 2547 935 2583; baseline 0 -9"><span class='ocrx_word' id='word_1_703' title='bbox 154 2547 378 2583; x_wconf 72' lang='grc' dir='ltr'>σνρῤηγνυμένου</span> <span class='ocrx_word' id='word_1_704' title='bbox 393 2547 514 2583; x_wconf 80' lang='grc' dir='ltr'>πολέμου</span> <span class='ocrx_word' id='word_1_705' title='bbox 538 2548 662 2582; x_wconf 79' lang='grc' dir='ltr'>πάταγον</span> <span class='ocrx_word' id='word_1_706' title='bbox 675 2548 764 2574; x_wconf 81' lang='grc' dir='ltr'>ὃπλων</span> <span class='ocrx_word' id='word_1_707' title='bbox 780 2548 935 2574; x_wconf 82' lang='grc' dir='ltr'>ἀκούσειεν.</span> 
     </span>
    </p>
   </div>
   <div class='ocr_carea' id='block_1_101' title="bbox 189 2637 937 2674">
    <p class='ocr_par' dir='ltr' id='par_1_101' title="bbox 189 2637 937 2674">
     <span class='ocr_line' id='line_1_101' title="bbox 189 2637 937 2674; baseline 0 -10"><span class='ocrx_word' id='word_1_708' title='bbox 189 2637 226 2665; x_wconf 76' lang='lat' dir='ltr'><strong>I&quot;.</strong></span> <span class='ocrx_word' id='word_1_709' title='bbox 246 2637 324 2664; x_wconf 75' lang='grc' dir='ltr'>Ἐπεὶ</span> <span class='ocrx_word' id='word_1_710' title='bbox 342 2637 434 2664; x_wconf 85' lang='grc' dir='ltr'>τοίνυν</span> <span class='ocrx_word' id='word_1_711' title='bbox 446 2638 712 2674; x_wconf 74' lang='grc' dir='ltr'>πεπαρρησιασμένῃ</span> <span class='ocrx_word' id='word_1_712' title='bbox 735 2637 809 2673; x_wconf 82' lang='grc' dir='ltr'>μάχῃ</span> <span class='ocrx_word' id='word_1_713' title='bbox 825 2637 871 2664; x_wconf 80' lang='grc' dir='ltr'>τὸν</span> <span class='ocrx_word' id='word_1_714' title='bbox 886 2645 937 2664; x_wconf 75' lang='grc' dir='ltr'>πο-</span> 
     </span>
    </p>
   </div>
   <div class='ocr_carea' id='block_1_102' title="bbox 153 2683 936 2720">
    <p class='ocr_par' dir='ltr' id='par_1_102' title="bbox 153 2683 936 2720">
     <span class='ocr_line' id='line_1_102' title="bbox 153 2683 936 2720; baseline -0.001 -10"><span class='ocrx_word' id='word_1_715' title='bbox 153 2683 248 2720; x_wconf 83' lang='grc' dir='ltr'>λέμιον</span> <span class='ocrx_word' id='word_1_716' title='bbox 259 2685 309 2710; x_wconf 82' lang='grc' dir='ltr'>οὐκ</span> <span class='ocrx_word' id='word_1_717' title='bbox 325 2684 388 2720; x_wconf 64' lang='grc' dir='ltr'>ἐνῆν</span> <span class='ocrx_word' id='word_1_718' title='bbox 399 2684 633 2719; x_wconf 74' lang='grc' dir='ltr'>κατεργάσασθαι,</span> <span class='ocrx_word' id='word_1_719' title='bbox 660 2684 727 2719; x_wconf 70' lang='grc' dir='ltr'>πρὸς</span> <span class='ocrx_word' id='word_1_720' title='bbox 739 2683 788 2716; x_wconf 74' lang='grc' dir='ltr'>τὰς</span> <span class='ocrx_word' id='word_1_721' title='bbox 801 2685 829 2710; x_wconf 85' lang='grc' dir='ltr'>ὲν</span> <span class='ocrx_word' id='word_1_722' title='bbox 845 2684 936 2718; x_wconf 81' lang='grc' dir='ltr'>κρυφῇ</span> 
     </span>
    </p>
   </div>
   <div class='ocr_carea' id='block_1_103' title="bbox 984 2265 1770 2301">
    <p class='ocr_par' dir='ltr' id='par_1_103' title="bbox 984 2265 1770 2301">
     <span class='ocr_line' id='line_1_103' title="bbox 984 2265 1770 2301; baseline -0.001 -8"><span class='ocrx_word' id='word_1_723' title='bbox 984 2270 1073 2293; x_wconf 85' lang='lat' dir='ltr'><strong>retur.</strong></span> <span class='ocrx_word' id='word_1_724' title='bbox 1088 2265 1234 2292; x_wconf 81' lang='lat' dir='ltr'><strong>Enimvero</strong></span> <span class='ocrx_word' id='word_1_725' title='bbox 1259 2265 1282 2293; x_wconf 90' lang='lat' dir='ltr'><strong>si</strong></span> <span class='ocrx_word' id='word_1_726' title='bbox 1312 2266 1385 2293; x_wconf 91' lang='lat' dir='ltr'><strong>nulla</strong></span> <span class='ocrx_word' id='word_1_727' title='bbox 1408 2273 1468 2293; x_wconf 88' lang='lat' dir='ltr'><strong>esse</strong></span> <span class='ocrx_word' id='word_1_728' title='bbox 1501 2270 1591 2301; x_wconf 81' lang='lat' dir='ltr'><strong>potest</strong></span> <span class='ocrx_word' id='word_1_729' title='bbox 1608 2265 1770 2300; x_wconf 62' lang='lat' dir='ltr'><strong>arrogantiae</strong></span> 
     </span>
    </p>
   </div>
   <div class='ocr_carea' id='block_1_104' title="bbox 987 2311 1772 2346">
    <p class='ocr_par' dir='ltr' id='par_1_104' title="bbox 987 2311 1772 2346">
     <span class='ocr_line' id='line_1_104' title="bbox 987 2311 1772 2346; baseline -0.001 -8"><span class='ocrx_word' id='word_1_730' title='bbox 987 2319 1049 2339; x_wconf 84' lang='lat' dir='ltr'><strong>cum</strong></span> <span class='ocrx_word' id='word_1_731' title='bbox 1067 2311 1229 2338; x_wconf 79' lang='lat' dir='ltr'><strong>fortitudine</strong></span> <span class='ocrx_word' id='word_1_732' title='bbox 1244 2315 1272 2338; x_wconf 88' lang='lat' dir='ltr'><strong>et</strong></span> <span class='ocrx_word' id='word_1_733' title='bbox 1286 2311 1384 2338; x_wconf 86' lang='lat' dir='ltr'><strong>bellica</strong></span> <span class='ocrx_word' id='word_1_734' title='bbox 1398 2312 1620 2346; x_wconf 75' lang='lat' dir='ltr'><strong>magnanimitate</strong></span> <span class='ocrx_word' id='word_1_735' title='bbox 1634 2312 1772 2342; x_wconf 77' lang='lat' dir='ltr'><strong>societas;</strong></span> 
     </span>
    </p>
   </div>
   <div class='ocr_carea' id='block_1_105' title="bbox 987 2357 1772 2393">
    <p class='ocr_par' dir='ltr' id='par_1_105' title="bbox 987 2357 1772 2393">
     <span class='ocr_line' id='line_1_105' title="bbox 987 2357 1772 2393; baseline 0 -9"><span class='ocrx_word' id='word_1_736' title='bbox 987 2358 1125 2393; x_wconf 85' lang='lat' dir='ltr'><strong>quomodo</strong></span> <span class='ocrx_word' id='word_1_737' title='bbox 1151 2357 1207 2388; x_wconf 81' lang='lat' dir='ltr'><strong>ille.</strong></span> <span class='ocrx_word' id='word_1_738' title='bbox 1228 2357 1271 2385; x_wconf 86' lang='lat' dir='ltr'><strong>cui</strong></span> <span class='ocrx_word' id='word_1_739' title='bbox 1300 2361 1405 2384; x_wconf 90' lang='lat' dir='ltr'><strong>tantum</strong></span> <span class='ocrx_word' id='word_1_740' title='bbox 1436 2358 1463 2384; x_wconf 89' lang='lat' dir='ltr'><strong>in</strong></span> <span class='ocrx_word' id='word_1_741' title='bbox 1492 2357 1584 2392; x_wconf 80' lang='lat' dir='ltr'><strong>lingua</strong></span> <span class='ocrx_word' id='word_1_742' title='bbox 1606 2357 1772 2392; x_wconf 67' lang='lat' dir='ltr'><strong>arrogantius</strong></span> 
     </span>
    </p>
   </div>
   <div class='ocr_carea' id='block_1_106' title="bbox 987 2403 1778 2445">
    <p class='ocr_par' dir='ltr' id='par_1_106' title="bbox 987 2403 1778 2445">
     <span class='ocr_line' id='line_1_106' title="bbox 987 2403 1778 2445; baseline -0.001 -16"><span class='ocrx_word' id='word_1_743' title='bbox 987 2408 1057 2435; x_wconf 81' lang='lat' dir='ltr'><strong>erat,</strong></span> <span class='ocrx_word' id='word_1_744' title='bbox 1073 2403 1100 2429; x_wconf 93' lang='lat' dir='ltr'><strong>in</strong></span> <span class='ocrx_word' id='word_1_745' title='bbox 1121 2403 1213 2437; x_wconf 78' lang='lat' dir='ltr'><strong>animo</strong></span> <span class='ocrx_word' id='word_1_746' title='bbox 1235 2408 1327 2430; x_wconf 88' lang='lat' dir='ltr'><strong>autem</strong></span> <span class='ocrx_word' id='word_1_747' title='bbox 1357 2403 1512 2431; x_wconf 80' lang='lat' dir='ltr'><strong>timiditatis</strong></span> <span class='ocrx_word' id='word_1_748' title='bbox 1526 2403 1623 2445; x_wconf 50' lang='lat' dir='ltr'><strong>[multo</strong></span> <span class='ocrx_word' id='word_1_749' title='bbox 1639 2403 1710 2437; x_wconf 79' lang='lat' dir='ltr'><strong>plus,</strong></span> <span class='ocrx_word' id='word_1_750' title='bbox 1726 2411 1778 2429; x_wconf 90' lang='lat' dir='ltr'><strong>uu-</strong></span> 
     </span>
    </p>
   </div>
   <div class='ocr_carea' id='block_1_107' title="bbox 990 2449 1781 2484">
    <p class='ocr_par' dir='ltr' id='par_1_107' title="bbox 990 2449 1781 2484">
     <span class='ocr_line' id='line_1_107' title="bbox 990 2449 1781 2484; baseline -0.003 -8"><span class='ocrx_word' id='word_1_751' title='bbox 990 2449 1062 2477; x_wconf 79' lang='lat' dir='ltr'><strong>datis</strong></span> <span class='ocrx_word' id='word_1_752' title='bbox 1088 2451 1202 2477; x_wconf 81' lang='lat' dir='ltr'><strong>ensibus</strong></span> <span class='ocrx_word' id='word_1_753' title='bbox 1227 2454 1274 2477; x_wconf 88' lang='lat' dir='ltr'><strong>aut</strong></span> <span class='ocrx_word' id='word_1_754' title='bbox 1299 2450 1356 2484; x_wconf 85' lang='lat' dir='ltr'><strong>ipse</strong></span> <span class='ocrx_word' id='word_1_755' title='bbox 1383 2450 1563 2482; x_wconf 80' lang='lat' dir='ltr'><strong>interfuisset,</strong></span> <span class='ocrx_word' id='word_1_756' title='bbox 1591 2454 1638 2476; x_wconf 83' lang='lat' dir='ltr'><strong>aut</strong></span> <span class='ocrx_word' id='word_1_757' title='bbox 1662 2449 1724 2476; x_wconf 84' lang='lat' dir='ltr'><strong>aliis</strong></span> <span class='ocrx_word' id='word_1_758' title='bbox 1748 2452 1781 2475; x_wconf 76' lang='lat' dir='ltr'><strong>ut</strong></span> 
     </span>
    </p>
   </div>
   <div class='ocr_carea' id='block_1_108' title="bbox 991 2494 1779 2529">
    <p class='ocr_par' dir='ltr' id='par_1_108' title="bbox 991 2494 1779 2529">
     <span class='ocr_line' id='line_1_108' title="bbox 991 2494 1779 2529; baseline -0.004 -8"><span class='ocrx_word' id='word_1_759' title='bbox 991 2495 1160 2522; x_wconf 79' lang='lat' dir='ltr'><strong>interessent</strong></span> <span class='ocrx_word' id='word_1_760' title='bbox 1183 2495 1387 2529; x_wconf 82' lang='lat' dir='ltr'><strong>persuasisset?</strong></span> <span class='ocrx_word' id='word_1_761' title='bbox 1413 2494 1500 2522; x_wconf 86' lang='lat' dir='ltr'><strong>Citius</strong></span> <span class='ocrx_word' id='word_1_762' title='bbox 1513 2495 1650 2528; x_wconf 78' lang='lat' dir='ltr'><strong>‘prol‘ecto</strong></span> <span class='ocrx_word' id='word_1_763' title='bbox 1680 2501 1779 2521; x_wconf 77' lang='lat' dir='ltr'><strong>erum-</strong></span> 
     </span>
    </p>
   </div>
   <div class='ocr_carea' id='block_1_109' title="bbox 990 2540 1776 2578">
    <p class='ocr_par' dir='ltr' id='par_1_109' title="bbox 990 2540 1776 2578">
     <span class='ocr_line' id='line_1_109' title="bbox 990 2540 1776 2578; baseline -0.004 -8"><span class='ocrx_word' id='word_1_764' title='bbox 990 2548 1099 2578; x_wconf 75' lang='lat' dir='ltr'><strong>pontem</strong></span> <span class='ocrx_word' id='word_1_765' title='bbox 1125 2550 1239 2576; x_wconf 89' lang='lat' dir='ltr'><strong>corpore</strong></span> <span class='ocrx_word' id='word_1_766' title='bbox 1259 2542 1378 2569; x_wconf 84' lang='lat' dir='ltr'><strong>animam</strong></span> <span class='ocrx_word' id='word_1_767' title='bbox 1407 2542 1534 2574; x_wconf 83' lang='lat' dir='ltr'><strong>vidisset,</strong></span> <span class='ocrx_word' id='word_1_768' title='bbox 1547 2549 1629 2576; x_wconf 82' lang='lat' dir='ltr'><strong>quant</strong></span> <span class='ocrx_word' id='word_1_769' title='bbox 1659 2541 1688 2568; x_wconf 91' lang='lat' dir='ltr'><strong>iu</strong></span> <span class='ocrx_word' id='word_1_770' title='bbox 1711 2540 1776 2567; x_wconf 81' lang='lat' dir='ltr'><strong>belli</strong></span> 
     </span>
    </p>
   </div>
   <div class='ocr_carea' id='block_1_110' title="bbox 989 2588 1571 2617">
    <p class='ocr_par' dir='ltr' id='par_1_110' title="bbox 989 2588 1571 2617">
     <span class='ocr_line' id='line_1_110' title="bbox 989 2588 1571 2617; baseline -0.005 0"><span class='ocrx_word' id='word_1_771' title='bbox 989 2589 1120 2617; x_wconf 78' lang='lat' dir='ltr'><strong>conﬂictu</strong></span> <span class='ocrx_word' id='word_1_772' title='bbox 1136 2589 1256 2616; x_wconf 88' lang='lat' dir='ltr'><strong>sonitum</strong></span> <span class='ocrx_word' id='word_1_773' title='bbox 1273 2588 1404 2615; x_wconf 82' lang='lat' dir='ltr'><strong>audiisset</strong></span> <span class='ocrx_word' id='word_1_774' title='bbox 1419 2596 1571 2615; x_wconf 84' lang='lat' dir='ltr'><strong>armorum.</strong></span> 
     </span>
    </p>
   </div>
   <div class='ocr_carea' id='block_1_111' title="bbox 1027 2633 1781 2670">
    <p class='ocr_par' dir='ltr' id='par_1_111' title="bbox 1027 2633 1781 2670">
     <span class='ocr_line' id='line_1_111' title="bbox 1027 2633 1781 2670; baseline -0.003 -8"><span class='ocrx_word' id='word_1_775' title='bbox 1027 2636 1072 2664; x_wconf 89' lang='lat' dir='ltr'><strong>Ill.</strong></span> <span class='ocrx_word' id='word_1_776' title='bbox 1086 2636 1156 2669; x_wconf 74' lang='lat' dir='ltr'><strong>Quia</strong></span> <span class='ocrx_word' id='word_1_777' title='bbox 1181 2635 1265 2670; x_wconf 79' lang='lat' dir='ltr'><strong>igitur</strong></span> <span class='ocrx_word' id='word_1_778' title='bbox 1287 2639 1382 2669; x_wconf 85' lang='lat' dir='ltr'><strong>aperto</strong></span> <span class='ocrx_word' id='word_1_779' title='bbox 1404 2634 1489 2662; x_wconf 75' lang='lat' dir='ltr'><strong>Marte</strong></span> <span class='ocrx_word' id='word_1_780' title='bbox 1511 2634 1617 2662; x_wconf 85' lang='lat' dir='ltr'><strong>hostem</strong></span> <span class='ocrx_word' id='word_1_781' title='bbox 1636 2633 1781 2668; x_wconf 63' lang='lat' dir='ltr'><strong>proﬂigare</strong></span> 
     </span>
    </p>
   </div>
   <div class='ocr_carea' id='block_1_112' title="bbox 993 2680 1782 2716">
    <p class='ocr_par' dir='ltr' id='par_1_112' title="bbox 993 2680 1782 2716">
     <span class='ocr_line' id='line_1_112' title="bbox 993 2680 1782 2716; baseline -0.005 -6"><span class='ocrx_word' id='word_1_782' title='bbox 993 2682 1066 2710; x_wconf 91' lang='lat' dir='ltr'><strong>haud</strong></span> <span class='ocrx_word' id='word_1_783' title='bbox 1086 2686 1204 2716; x_wconf 81' lang='lat' dir='ltr'><strong>poterat,</strong></span> <span class='ocrx_word' id='word_1_784' title='bbox 1223 2681 1256 2708; x_wconf 79' lang='lat' dir='ltr'><strong>ad</strong></span> <span class='ocrx_word' id='word_1_785' title='bbox 1284 2688 1350 2708; x_wconf 80' lang='lat' dir='ltr'><strong>suas</strong></span> <span class='ocrx_word' id='word_1_786' title='bbox 1373 2680 1433 2708; x_wconf 83' lang='lat' dir='ltr'><strong>illas</strong></span> <span class='ocrx_word' id='word_1_787' title='bbox 1457 2681 1549 2708; x_wconf 87' lang='lat' dir='ltr'><strong>denuo</strong></span> <span class='ocrx_word' id='word_1_788' title='bbox 1564 2681 1686 2708; x_wconf 81' lang='lat' dir='ltr'><strong>occultas</strong></span> <span class='ocrx_word' id='word_1_789' title='bbox 1707 2684 1782 2707; x_wconf 76' lang='lat' dir='ltr'><strong>artes</strong></span> 
     </span>
    </p>
   </div>
   <div class='ocr_carea' id='block_1_113' title="bbox 807 2743 1082 2783">
    <p class='ocr_par' dir='ltr' id='par_1_113' title="bbox 807 2743 1082 2783">
     <span class='ocr_line' id='line_1_113' title="bbox 807 2743 1082 2783; baseline -0.007 0"><span class='ocrx_word' id='word_1_790' title='bbox 807 2752 970 2783; x_wconf 84' lang='lat' dir='ltr'><strong>Variorum</strong></span> <span class='ocrx_word' id='word_1_791' title='bbox 987 2743 1082 2782; x_wconf 78' lang='lat' dir='ltr'><strong>notae.</strong></span> 
     </span>
    </p>
   </div>
   <div class='ocr_carea' id='block_1_114' title="bbox 157 2830 946 2866">
    <p class='ocr_par' dir='ltr' id='par_1_114' title="bbox 157 2830 946 2866">
     <span class='ocr_line' id='line_1_114' title="bbox 157 2830 946 2866; baseline -0.004 -6"><span class='ocrx_word' id='word_1_792' title='bbox 157 2831 269 2866; x_wconf 72' lang='lat' dir='ltr'><strong>Proprie</strong></span> <span class='ocrx_word' id='word_1_793' title='bbox 282 2830 384 2858; x_wconf 87' lang='lat' dir='ltr'><strong>dicitur</strong></span> <span class='ocrx_word' id='word_1_794' title='bbox 397 2830 431 2858; x_wconf 90' lang='lat' dir='ltr'><strong>de</strong></span> <span class='ocrx_word' id='word_1_795' title='bbox 455 2831 534 2858; x_wconf 78' lang='lat' dir='ltr'><strong>novis</strong></span> <span class='ocrx_word' id='word_1_796' title='bbox 547 2831 650 2866; x_wconf 82' lang='lat' dir='ltr'><strong>nuptis,</strong></span> <span class='ocrx_word' id='word_1_797' title='bbox 667 2839 726 2865; x_wconf 59' lang='lat' dir='ltr'><strong>qua;</strong></span> <span class='ocrx_word' id='word_1_798' title='bbox 744 2838 799 2864; x_wconf 88' lang='lat' dir='ltr'><strong>quo</strong></span> <span class='ocrx_word' id='word_1_799' title='bbox 810 2830 854 2857; x_wconf 69' lang='lat' dir='ltr'><strong>die</strong></span> <span class='ocrx_word' id='word_1_800' title='bbox 871 2830 946 2858; x_wconf 83' lang='lat' dir='ltr'><strong>ﬂam-</strong></span> 
     </span>
    </p>
   </div>
   <div class='ocr_carea' id='block_1_115' title="bbox 158 2865 944 2902">
    <p class='ocr_par' dir='ltr' id='par_1_115' title="bbox 158 2865 944 2902">
     <span class='ocr_line' id='line_1_115' title="bbox 158 2865 944 2902; baseline -0.004 -7"><span class='ocrx_word' id='word_1_801' title='bbox 158 2867 275 2895; x_wconf 82' lang='lat' dir='ltr'><strong>meolum</strong></span> <span class='ocrx_word' id='word_1_802' title='bbox 293 2865 442 2902; x_wconf 81' lang='lat' dir='ltr'><strong>ponebant,</strong></span> <span class='ocrx_word' id='word_1_803' title='bbox 459 2867 529 2894; x_wconf 78' lang='lat' dir='ltr'><strong>dona</strong></span> <span class='ocrx_word' id='word_1_804' title='bbox 541 2865 563 2893; x_wconf 81' lang='lat' dir='ltr'><strong>&#39;a</strong></span> <span class='ocrx_word' id='word_1_805' title='bbox 580 2872 676 2894; x_wconf 20' lang='lat' dir='ltr'><strong>marito</strong></span> <span class='ocrx_word' id='word_1_806' title='bbox 693 2871 719 2894; x_wconf 88' lang='lat' dir='ltr'><strong>ct</strong></span> <span class='ocrx_word' id='word_1_807' title='bbox 735 2867 768 2894; x_wconf 80' lang='lat' dir='ltr'><strong>ab</strong></span> <span class='ocrx_word' id='word_1_808' title='bbox 779 2866 874 2894; x_wconf 87' lang='lat' dir='ltr'><strong>amicis</strong></span> <span class='ocrx_word' id='word_1_809' title='bbox 888 2873 944 2893; x_wconf 90' lang='lat' dir='ltr'><strong>ma-</strong></span> 
     </span>
    </p>
   </div>
   <div class='ocr_carea' id='block_1_116' title="bbox 1000 2825 1785 2863">
    <p class='ocr_par' dir='ltr' id='par_1_116' title="bbox 1000 2825 1785 2863">
     <span class='ocr_line' id='line_1_116' title="bbox 1000 2825 1785 2863; baseline -0.005 -7"><span class='ocrx_word' id='word_1_810' title='bbox 1000 2827 1045 2856; x_wconf 86' lang='lat' dir='ltr'><strong>riti</strong></span> <span class='ocrx_word' id='word_1_811' title='bbox 1055 2827 1238 2863; x_wconf 82' lang='lat' dir='ltr'><strong>accipiebant,</strong></span> <span class='ocrx_word' id='word_1_812' title='bbox 1256 2827 1329 2856; x_wconf 83' lang='lat' dir='ltr'><strong>dicta</strong></span> <span class='ocrx_word' id='word_1_813' title='bbox 1344 2826 1447 2855; x_wconf 86' lang='lat' dir='ltr'><strong>idcirco</strong></span> <span class='ocrx_word' id='word_1_814' title='bbox 1460 2825 1700 2862; x_wconf 74' lang='grc' dir='ltr'>ἀνακαλυπτήρια.</span> <span class='ocrx_word' id='word_1_815' title='bbox 1720 2825 1785 2852; x_wconf 83' lang='lat' dir='ltr'><strong>Bot-</strong></span> 
     </span>
    </p>
   </div>
   <div class='ocr_carea' id='block_1_117' title="bbox 998 2871 1052 2891">
    <p class='ocr_par' dir='ltr' id='par_1_117' title="bbox 998 2871 1052 2891">
     <span class='ocr_line' id='line_1_117' title="bbox 998 2871 1052 2891; baseline -0.019 0"><span class='ocrx_word' id='word_1_816' title='bbox 998 2871 1052 2891; x_wconf 68' lang='grc' dir='ltr'><strong>ΠΝ.</strong></span> 
     </span>
    </p>
   </div>
  </div>
