1924 3076
157 114 208 146 955
279 111 316 148 [Α.
337 120 361 139 ιι.
384 111 464 143 6852.
478 119 529 139 lND.
551 110 596 148 1‘2]

755 112 965 144 NlCEPlIORl
985 113 1176 143 GREGOIUE

1354 111 1419 148 [ινιι.
1445 113 1600 149 ιηἰιιιεοι,
1617 110 1646 147 ὁ]
1730 113 1789 144 936

155 179 216 198 csse
233 172 320 198 visum
336 177 378 199 est
393 172 567 206 tranquillam
587 172 671 199 vitam
689 172 802 207 eligere.
819 173 854 200 ab
869 173 939 199 auli-

999 176 1132 210 τραγικῶν
1150 173 1194 210 [Ρ.
1203 174 1266 210 όὸῗ]
1284 173 1433 201 ἀπολαύειν
1456 174 1511 201 τῶν
1538 173 1710 208 συμφορῶν)’
1726 172 1788 198 τῶν

155 217 195 243 ris
213 217 325 252 theatris
340 217 508 245 absistendo.
523 217 639 245 Sublnto
664 219 736 245 enim
752 218 823 245 "ntali
851 218 942 245 irrita-

157 267 259 295 mento,
281 265 448 298 remotisque
474 264 507 291 iis
520 272 580 297 qua:
605 265 806 292 contensiosam
823 272 941 299 pugnaui

157 310 320 341 accendunt.
342 312 424 338 etiam
451 311 535 344 ipsius
559 311 620 338 mali
642 311 860 345 progressionem
885 320 943 338 ces—

157 364 218 383 sare
234 357 400 383 existimavi.
420 356 488 384 Cum
508 357 600 391 itaque
616 357 755 384 hortando
770 357 839 385 alios
855 359 940 384 uetui-

158 408 218 427 ncm
234 401 281 436 qui
295 401 420 428 cre-leret
435 401 557 428 invenire
574 402 736 436 potuissem,
749 402 774 428 id
790 402 852 434 feci,
869 402 941 436 quod

157 448 182 474 in
199 456 241 475 me
253 453 323 475 erat.
339 447 497 475 Tumultum
509 456 606 483 nempe
615 456 647 475 ex
659 456 725 482 pace
737 447 846 475 efﬁcere
859 448 941 475 etiam

155 494 296 521 vilissimis
313 499 340 521 et
355 495 454 522 infima:
468 495 546 529 721
573 495 660 530 plebis
682 495 840 523 homittibus
861 494 942 522 facile

155 545 214 573 est;
238 548 272 567 ex
297 541 415 567 tumultu
441 548 504 566 vero
531 548 635 574 pacem,
659 548 693 567 ne
718 540 942 575 prudentissimis

155 586 265 620 quidem
281 586 359 613 valde
373 591 539 621 promptum.
555 587 676 613 Alterum
689 587 790 620 quippe
800 586 942 614 liberrimo

155 637 261 660 natura).
275 633 377 666 impetu
393 631 478 659 fertur
492 641 497 659 :
515 636 638 659 naturam
656 639 737 665 porro
754 632 941 659 inordinatum

156 679 283 713 quiddam
298 686 357 707 esse
372 683 479 705 constat
497 684 524 705 et
543 678 677 713 inse-quale
694 687 701 705 :
715 670 832 706 alterum
851 683 941 705 autem

157 728 232 751 certo
247 724 331 750 animi
348 724 452 759 judicio
466 728 494 750 ct
510 723 680 758 sapientibus
690 723 812 750 consiliis
827 723 941 758 regitur.

158 770 251 805 itaque
267 770 331 797 illud
344 772 464 805 quidem,
482 775 511 796 ut
524 769 696 797 occasionem
712 769 858 797 discordiis
872 778 942 805 prze-

159 817 231 847 beat,
244 825 341 844 causas
365 817 582 844 comminiscitur
602 817 684 844 etiam
705 824 752 843 eas
777 824 838 852 quae
862 817 943 844 nullae

158 868 224 891 sunt
241 872 248 890 :
266 863 336 890 istud
352 870 417 891 vero
433 863 513 889 etiam
533 870 590 896 eas,
605 870 665 897 quae
680 862 808 896 subsunt,
820 863 943 890 recidere

156 915 288 946 conatur;
317 910 391 937 velut
414 909 551 941 medicus,
582 910 629 942 qui
657 909 770 942 morbo,
797 913 943 944 antequam

155 958 281 986 crescat,
313 955 340 982 in
370 955 427 989 ipsa
454 953 545 981 radice
576 955 710 982 medicam
741 954 854 982 adhibet
886 962 945 982 ma-

156 1009 231 1029 num.

193 1046 225 1074 ll.
242 1046 307 1074 Mihi
333 1047 415 1082 igitur
438 1047 610 1083 tranquillam
631 1047 714 1074 vitam
737 1047 836 1082 eligere
858 1048 945 1075 satius

157 1093 244 1120 visum
266 1097 318 1126 est,
340 1097 368 1119 et
384 1093 428 1137 ill.a
448 1093 587 1128 cogitanti,
608 1098 637 1121 et
655 1093 707 1121 hoc
728 1093 808 1121 simul
831 1094 946 1121 Zenonis

157 1140 232 1167 illius
252 1139 383 1174 sapientis
407 1140 611 1174 reminiscenti;
627 1139 674 1175 qui
690 1139 791 1167 celebri
807 1140 834 1167 in
850 1140 946 1167 convi-

154 1187 210 1218 vio,
227 1193 288 1213 cum
304 1185 446 1214 ambitiose
462 1186 560 1213 cmterii
579 1186 731 1221 philosophi
752 1187 823 1221 apud
845 1187 947 1220 legatos

155 1230 320 1265 Babylonios
330 1230 513 1265 disputarem,
529 1231 626 1259 silebat
639 1231 696 1266 ipse
710 1231 793 1263 solus,
806 1236 833 1258 et
845 1231 946 1259 silentii

156 1284 265 1304 causam
290 1276 493 1304 sciscitantibus
514 1276 619 1312 legatis,
640 1281 670 1304 ut
689 1276 822 1305 haberent
845 1277 946 1312 aliquid

156 1323 190 1349 de
206 1330 240 1349 eo
259 1322 337 1355 certi,
362 1322 433 1354 quod
451 1322 507 1358 regi
530 1315 719 1350 renuntiarent
735 1332 743 1350 :
760 1331 771 1348 ε
786 1323 877 1355 Abite,
905 1324 947 1351 in-

157 1369 226 1402 quit,
243 1376 274 1396 ac
290 1369 456 1405 renuntiate,
472 1369 572 1396 vidisse
591 1376 638 1396 vos
653 1369 767 1396 Athenis
782 1377 844 1397 eum
860 1370 949 1397 homi-

157 1422 231 1447 nem,
249 1415 294 1449 qui
308 1414 390 1442 silere
407 1414 434 1441 iu
448 1415 574 1442 convivio
591 1419 693 1450 posset.
709 1424 719 1440 ι

158 1563 240 1590 quam
257 1563 272 1582 e
291 1555 401 1590 specula
425 1562 482 1588 eos,
499 1555 548 1590 qui
569 1555 696 1590 utrinque
718 1555 946 1588 eﬂerveseebant,

159 1606 213 1628 tam
240 1601 361 1629 civilium
385 1609 466 1636 quam
495 1601 742 1629 ecclesiasticarum
776 1602 946 1637 negotiorum

158 1648 270 1679 ﬂuctus,
293 1648 427 1675 acerrime
452 1647 524 1675 inter
540 1655 568 1675 se
583 1653 727 1680 certantes,
751 1648 848 1683 eoquis
866 1656 947 1682 supe-

159 1694 215 1720 rior
235 1693 378 1725 eraderet;
405 1694 528 1728 atquein
544 1693 634 1720 medio
658 1693 726 1720 duas
743 1693 826 1721 veluti
853 1701 946 1725 naves,

159 1741 233 1768 nulla
249 1741 317 1775 lege,
335 1740 409 1768 nullo
423 1741 520 1768 ordine
530 1746 637 1774 euntes,
649 1741 695 1768 sed
709 1741 811 1775 impetu
827 1740 946 1775 quodam

159 1791 289 1820 motuque
317 1785 481 1819 temerario,
509 1793 582 1813 caeco
605 1789 633 1812 et
657 1786 782 1821 inaequali
811 1786 947 1821 abreptas,

159 1833 267 1867 qualem
291 1831 374 1859 efﬁcit
393 1839 488 1865 casus;
513 1837 543 1859 ut
563 1840 612 1859 nec
632 1836 753 1867 possent,
778 1841 828 1860 nec
848 1833 949 1860 vellent

159 1877 287 1912 opitulari
302 1877 355 1905 sibi
372 1877 487 1905 invicem
503 1877 714 1910 circumventis;
735 1877 782 1905 sed
806 1878 908 1912 pariter
920 1882 948 1905 et

161 1925 242 1960 ’122
270 1925 321 1952 sibi
345 1925 411 1960 ipsis
435 1925 567 1960 singulae,
591 1929 620 1952 et
643 1926 727 1953 altera
757 1926 834 1953 alteri
860 1926 946 1960 palam

159 1978 242 2007 atque
258 1973 328 1999 ultro
343 1976 495 1999 extremum
515 1971 626 1997 exiliunt
642 1971 813 2003 molirentur,
832 1979 947 2006 surgen-

161 2019 284 2052 tiumque
300 2019 364 2046 itide
384 2025 476 2045 coram
496 2017 626 2044 [itu-tuum
650 2017 748 2044 tnolcttt
767 2017 861 2044 videre
874 2022 947 2044 esset

160 2069 299 2092 curvatam
328 2065 447 2099 undique
471 2064 498 2092 in
523 2064 699 2099 Olympon-um
721 2069 749 2091 et
766 2064 947 2091 Caucasorum

160 2111 291 2145 speciem,
305 2115 328 2137 ct
343 2111 364 2137 si
378 2110 439 2144 quis
453 2118 530 2136 mons
544 2109 611 2136 alius
624 2109 742 2136 nubibus
758 2109 839 2136 altior
853 2117 948 2136 exsur-

161 2157 209 2195 git,
231 2161 260 2184 et
273 2156 305 2183 ad
323 2156 433 2183 :ctheris
453 2163 538 2190 ttsque
553 2155 669 2182 conliuia
688 2155 825 2189 pertingit.

197 2297 241 2324 IV.
260 2296 340 2331 Atqui
357 2295 454 2331 priscis
464 2295 645 2330 sapientibus,
657 2294 703 2330 qui
718 2295 832 2323 Athenis
844 2295 947 2328 vixere,

162 2351 300 2377 nunquam
325 2342 392 2369 alias
416 2341 540 2369 altercari
565 2346 593 2369 et
616 2342 762 2369 verborum
799 2341 948 2368 certamina

161 2388 314 2421 instituere,
328 2392 408 2423 atque
423 2387 517 2414 obvias
541 2386 663 2422 quasque
679 2395 759 2415 aures
772 2387 871 2422 linguae
886 2395 948 2414 ver-

162 2434 273 2462 beribus
296 2434 408 2468 fatigare
429 2432 520 2464 libuit,
539 2432 591 2459 nisi
611 2440 673 2460 cum
695 2433 812 2459 tumultu
837 2437 950 2459 externo

162 2479 294 2513 bellisque
317 2477 474 2505 adventitiis
496 2484 609 2512 pronus
631 2477 751 2504 defuncti
774 2481 863 2504 erant.
880 2475 949 2502 Tum

162 2524 263 2558 quippe
284 2524 310 2550 in
332 2523 438 2550 diversa
453 2527 589 2550 sectarum
607 2523 714 2558 agmina
728 2522 828 2550 scissos
844 2521 952 2549 (ἶνιρουε

163 2569 296 2597 dissidere
332 2574 439 2607 tempus
468 2569 591 2600 ferebat.
625 2569 706 2596 modo
742 2568 951 2603 Epicureorum,

164 2615 245 2642 modo
271 2615 520 2650 Pythagoreorum,
542 2619 569 2642 ct
591 2614 813 2649 quicunque-alii
838 2615 953 2647 posteris

166 2662 324 2689 memoriam
348 2663 464 2696 amplum
491 2661 637 2696 prodidere
659 2668 753 2688 earum
775 2668 878 2693 rerum,
894 2669 954 2695 qua:

165 2708 349 2736 contentionis
364 2709 504 2735 materiam
522 2707 685 2739 prteberent.
704 2708 738 2735 At
753 2707 799 2734 hic
816 2715 877 2734 cum
893 2707 955 2734 inli-

961 841 979 869 Ii

993 221 1148 255 κρατίστων
1167 219 1238 247 εἶναι
1265 220 1349 251 κάμοὶ
1365 219 1411 246 τδν
1432 220 1545 255 ἡσύχιον
1562 220 1636 252 ἔδοξε
1651 219 1709 253 βίον
1725 220 1788 245 ὲλέ-

995 268 1067 299 σθαι,
1083 267 1138 293 τῶν
1162 267 1310 300 βασιλικῶν
1343 266 1473 301 ἀφεμένῳ
1489 266 1621 300 θεάτρων.
1648 265 1701 292 Τοῦ
1727 267 1788 300 γὰρ

993 314 1161 349 ἐρεθίζοντος
1189 314 1237 340 καὶ
1256 313 1347 349 μάχην
1370 314 1516 340 ἀντίπαλον
1543 313 1708 344 ἀνιστῶντος
1733 313 1789 339 οὐκ

993 362 1078 392 δντος,
1096 361 1253 387 παύσασθαι
1268 361 1298 387 τὸ
1318 361 1470 394 νεμόμενον
1491 361 1541 396 τῆς
1556 360 1658 389 κακίας
1675 360 1787 395 ᾠήθην.

994 408 1077 435 Ὅθεν
1097 408 1192 443 ἐπειδὴ
1208 409 1264 439 τοῖς
1279 408 1368 439 ἄλλοις
1392 408 1572 442 παραινοῦντί
1587 416 1632 440 μοι
1646 408 1709 439 τοὺς
1725 416 1758 433 πε
1765 416 1790 432 ι-

993 453 1122 488 θομένους
1136 453 1226 487 ἥκιστ’
1242 454 1315 488 ἔχειν
1329 453 1403 487 ὲνῆν,
1417 455 1447 479 τὸ
1463 453 1521 480 κατ’
1533 453 1652 488 ἐμαυτὸν
1673 454 1790 480 ὲποίουν

994 500 1085 531 αὑτός.
1106 499 1228 534 Θόρυὸον
1248 500 1298 534 μὲν
1312 500 1367 535 γὰρ
1385 500 1414 533 ἐξ
1427 500 1537 535 είρήνης
1556 500 1647 536 ῥᾴδιον
1661 499 1708 525 καὶ
1726 500 1798 530 τοῐςι

994 546 1172 580 φαυλοτάτοις
1188 546 1235 572 καὶ
1248 546 1384 581 βάναυσον
1401 546 1499 580 ἄγουσι
1520 545 1576 580 βίον
1588 546 1738 572 ποιεῖνκὲκ
1756 546 1789 572 δὲ

994 592 1117 627 θορύϐων
1139 593 1262 627 είρήνην,
1281 593 1342 619 οὐδὲ
1354 593 1411 624 τοῖς
1435 592 1540 626 σφόδρα
1566 593 1686 623 συνετοῖς
1708 591 1787 625 μάλα

992 649 1034 666 τοι
1059 639 1161 666 εὔοδον.
1184 639 1222 665 Τδ
1249 639 1369 674 μὲν⁶γαρ
1383 639 1534 673 αὐτονομίᾳ
1547 638 1654 672 φύσεως
1671 637 1786 671 ἄγεται·

994 686 1010 721 ἠ
1028 685 1057 712 δὲ
1083 685 1166 719 φύσις
1194 685 1314 712 ἄτακτον
1330 684 1378 711 καὶ
1393 685 1536 718 ἀνώμαλον
1549 684 1724 718 ὡμολόγηται
1744 681 1788 709 εἷ-

986 739 1037 765 ,ναι
1051 738 1058 746 ·
1088 730 1119 756 τὸ
1140 729 1168 756 δὲ
1191 729 1302 764 παιδείᾳ
1322 729 1370 755 καὶ
1395 729 1502 755 συνέσει
1518 728 1720 764 βεϐουλευμένῃ
1735 728 1788 754 καὶ

994 777 1117 810 σώφροσι
1146 775 1287 809 λογισμοῖς
1313 775 1478 807 οίακίζεται.
1497 774 1579 801 Ὅθεν
1608 774 1638 800 τὸ
1667 774 1716 808 μὲν
1736 774 1788 800 καὶ

994 822 1044 852 τὰς
1059 821 1108 848 οὐκ
1124 821 1207 854 οὔσας
1223 821 1390 848 ἀναπλάττει
1408 822 1574 857 προφάσεις.
1593 821 1688 856 ἐφόδια
1705 821 1788 856 πορι-

997 868 1043 900 ζον
1056 869 1115 899 ταῖς
1132 870 1244 903 μάχαις’
1269 868 1299 894 τὸ
1321 867 1350 894 δὲ
1381 868 1429 895 καὶ
1457 868 1506 899 τὰς
1530 867 1614 899 οὔσας
1641 867 1786 902 ἐκτέμνειν

997 914 1135 948 πειρᾶται,
1159 914 1285 948 καθάπερ
1303 913 1395 948 ίατρὺς
1420 913 1474 948 πρὸ
1499 914 1548 948 τῆς
1570 913 1690 949 βλάστης
1704 913 1734 941 ὲν
1749 914 1785 948 τῇ

998 958 1060 994 ῥίζῃ
1078 958 1128 994 τὴν
1150 959 1297 993 θεραπείαν
1316 959 1494 994 τεχνώμενος.

1032 1049 1069 1077 Β’.
1092 1049 1169 1084 Ἐμοὶ
1184 1050 1233 1084 μὲν
1247 1049 1294 1076 οὖν
1315 1049 1360 1076 διά
1372 1057 1402 1075 τε
1418 1049 1504 1076 ταῦτα
1530 1049 1635 1084 βέλτιον
1655 1050 1701 1075 τὸν
1716 1050 1786 1084 ἡσυ-

997 1105 1054 1131 χιον
1073 1096 1145 1129 ἔδοξε
1162 1096 1219 1130 βίον
1241 1096 1363 1128 ἑλέσθαι,
1394 1097 1440 1122 καὶ
1460 1096 1519 1131 ἅμα
1550 1098 1720 1132 μεμνημένῳ
1737 1097 1788 1123 κὰ-

998 1142 1072 1168 κεῖνο
1094 1142 1125 1168 τὸ
1144 1142 1267 1176 Ζήνωνος
1290 1141 1337 1168 τοῦ
1363 1142 1459 1176 σοφοῦ,
1485 1141 1558 1172 ὅπως
1584 1143 1613 1168 ὲν
1641 1142 1787 1176 συμποσίῳ

1000 1188 1110 1223 μακρῷ,
1142 1188 1196 1214 τῶν
1221 1188 1309 1215 ἄλλων
1332 1188 1423 1223 σοφῶν
1447 1188 1639 1219 ἐπιδεικτικῶς
1664 1189 1721 1219 τοῖς
1754 1189 1787 1214 ἐκ

999 1235 1157 1266 Βαϐυλῶνος
1193 1235 1359 1270 ὁμιλούντων
1391 1235 1560 1268 πρέσϐεσιν,
1592 1236 1673 1270 μόνος
1704 1235 1787 1267 αὐτὸς

998 1281 1115 1314 ἐσιώπα,
1131 1282 1179 1309 καὶ
1202 1280 1251 1316 τὴν
1269 1281 1359 1308 αίτίαν
1386 1281 1440 1307 τῶν
1473 1281 1617 1316 πρέσϐεων
1645 1282 1786 1316 ἐρομένων

998 1329 1047 1363 τῆς
1078 1327 1197 1362 σιωπῆς,
1229 1328 1262 1354 ἶν’
1290 1327 1378 1362 ἔχοιεν
1409 1328 1593 1362 ἀπαγγέλλειν
1621 1329 1661 1363 τῷ
1679 1328 1787 1363 βασιλεῖ

1001 1375 1085 1408 σαφές
1095 1383 1120 1400 τι
1138 1374 1203 1409 περὶ
1218 1373 1301 1401 αὐτοῦ
1313 1382 1319 1388 ⁸
1335 1384 1344 1400 ι
1358 1374 1542 1408 Πορευθέντες
1554 1370 1754 1409 ἀπαγγείλατε,
1775 1386 1784 1401 ι

1000 1420 1094 1454 φησὶν,
1114 1429 1123 1444 ι
1143 1420 1207 1445 ἰδεῖν
1230 1420 1258 1445 ἐν
1285 1418 1413 1454 Ἀθήναις
1438 1418 1594 1454 ἄνθρωπον,
1624 1419 1730 1454 σιωπᾷν
1757 1420 1788 1445 ἐν

971 1478 981 1484 -
1001 1464 1144 1499 συμποσίῳ
1167 1464 1328 1498 δυνάμενον,
1350 1473 1359 1489 ι

193 1509 238 1537 Ill.
259 1509 333 1537 idem
359 1517 408 1541 ego
425 1517 488 1536 cum
515 1509 651 1543 fecissem,
674 1509 873 1545 prospiciebant
891 1513 945 1537 tan-

1035 1510 1072 1538 I".
1093 1510 1170 1537 Οὕτω
1184 1510 1216 1545 δὴ
1242 1509 1392 1545 πεπραχὼς
1414 1511 1461 1537 καὶ
1480 1511 1563 1542 αὐτὸς
1580 1512 1676 1546 ἐώρων
1690 1511 1787 1546 ὥσπερ

965 2178 987 2206 D

998 1558 1030 1584 ἐκ
1057 1557 1174 1596 σκοπιᾶς
1200 1557 1302 1592 σφόδρα
1329 1556 1616 1590 ἀντιφιλονεικοῦντας
1642 1557 1705 1588 τοὺς
1721 1558 1787 1584 ἐκα-

998 1603 1116 1638 τέρωθεν
1131 1602 1340 1636 ἁναϐράσαντας
1362 1602 1501 1634 κλύδωνας
1517 1602 1548 1628 ἐκ
1569 1611 1597 1629 τε
1625 1603 1680 1629 τῶν
1701 1603 1788 1638 δημο-

999 1649 1065 1675 σίων
1081 1649 1113 1675 ἔκ
1127 1657 1157 1675 τε
1182 1648 1237 1675 τῶν
1255 1647 1336 1682 ιερῶν
1349 1647 1399 1681 τῆς
1422 1647 1587 1683 Ἐκκλησίας
1604 1650 1786 1683 πραγμάτων,

997 1694 1070 1725 ὅστις
1085 1693 1155 1728 λάϐῃ
1169 1693 1198 1720 τὺ
1222 1693 1327 1728 μεῖζον,
1344 1693 1391 1719 καὶ
1402 1693 1481 1728 δίκην
1494 1693 1618 1720 ὁλκάδων
1640 1693 1712 1720 δυοῖν
1731 1694 1788 1729 (75)

998 1741 1027 1766 ἐν
1044 1741 1118 1775 μέσῳ
1149 1739 1320 1774 πλημμελῶς
1345 1740 1392 1767 καὶ
1411 1740 1538 1770 ἀτάκτως
1556 1740 1714 1775 ἀγομένων,
1738 1742 1789 1767 καὶ

998 1785 1158 1820 φερομένων
1182 1785 1269 1819 φοράν
1286 1793 1348 1811 τινα
1363 1785 1410 1811 καὶ
1423 1785 1534 1820 κίνησιν
1551 1785 1740 1822 ἀκυϐέρνητόν
1757 1795 1787 1812 τε

998 1832 1045 1861 καὶ
1072 1832 1168 1865 ἄλογον
1196 1832 1242 1859 καὶ
1265 1831 1421 1866 ἀνώμαλον,
1443 1833 1491 1859 καὶ
1520 1832 1579 1859 οἵαν
1605 1834 1678 1859 ποιεῖ
1693 1833 1723 1858 τὸ
1739 1833 1788 1859 αὺ-

998 1880 1126 1913 τό;.ιοιτον’
1142 1879 1180 1909 ὡς
1196 1878 1267 1913 μετὰ
1290 1879 1337 1906 τοῦ
1354 1879 1392 1914 μὴ
1407 1879 1538 1906 δύνασθαι
1558 1879 1625 1914 μηδὲ
1641 1879 1787 1913 βούλεσθαι

999 1925 1107 1962 βοηθεῖν
1132 1919 1394 1959 περιστατουμένοις
1422 1925 1571 1959 ἀλλήλοις·
1599 1925 1659 1952 ἀλλ’
1686 1925 1787 1959 ὁμοίως

998 1971 1106 2002 ἑαυτοῖς
1136 1979 1166 1996 τε
1192 1965 1251 1996 καῖ
1269 1970 1397 2003 ἀλλήλοις
1426 1971 1456 2001 ἐς
1482 1971 1637 2005 τούμφανὲς
1661 1971 1732 1997 ἑκών
1757 1979 1787 2004 γε

998 2014 1067 2043 εῖναι
1082 2018 1127 2043 τὸν
1147 2015 1260 2051 ἔσχατον
1280 2015 1390 2050 ῠλεθρον
1407 2016 1508 2051 ἀμφοῖν
1524 2016 1769 2051 πραγματεύεσθαι
1780 2023 1788 2032 ’

998 2064 1037 2094 ὡς
1063 2063 1112 2098 τὴν
1139 2062 1193 2089 τῶν
1219 2061 1345 2089 ἐντεῦθεν
1366 2062 1498 2097 ἄντικρυς
1515 2063 1646 2097 κυμάτων
1671 2063 1788 2098 μίμησςν

999 2108 1209 2143 κορυφουμένην
1226 2106 1296 2134 εἶναι
1312 2108 1379 2143 ὸρᾷν
1393 2108 1563 2142 πανταχόθεν
1574 2109 1614 2140 εἰς
1633 2109 1787 2143 Ὀλύμπους

1000 2154 1048 2180 καὶ
1064 2154 1247 2185 Κανκάσους,.
1265 2153 1313 2178 καὶ
1342 2153 1367 2178 εί
1391 2152 1487 2178 τιτῶν
1511 2152 1582 2187 ὁρῶν
1606 2153 1787 2188 ὑπερνέφελὴν

1001 2201 1031 2227 τέ
1046 2202 1106 2226 ἐστι
1128 2200 1176 2226 καὶ
1204 2199 1287 2234 μέχρι
1304 2199 1352 2225 καὶ
1380 2201 1408 2230 ὲς
1437 2198 1645 2235 αἰθέρος-φοιτᾷ
1665 2200 1787 2236 γειτονή-

1001 2255 1084 2282 ματα.

1036 2292 1071 2318 Δ’.
1088 2292 1183 2318 Καίτοι
1210 2294 1255 2318 καὶ
1279 2291 1431 2326 Ἀθηναίων
1452 2292 1509 2322 τοῖς
1527 2290 1611 2317 πάλαι
1635 2292 1728 2324 σοφοῖς
1741 2291 1788 2317 οὐκ

1000 2338 1095 2366 ἄλλοτέ
1119 2346 1182 2365 ποτε
1202 2338 1368 2375 στασιάζειν,
1388 2338 1435 2363 καὶ
1452 2337 1682 2370 γλωττοδαίδαλον
1701 2338 1795 2372 μάχην

1001 2386 1130 2421 ἐγείρειν,
1160 2385 1209 2410 καὶ
1238 2383 1292 2415 πὺξ
1319 2383 1373 2410 ἀπὸ
1401 2384 1535 2416 στόματος
1561 2383 1646 2422 ᾁκοὰς
1674 2384 1789 2417 ἐνοχλεῖν

1003 2430 1165 2460 ἀπαντώσας
1182 2428 1271 2464 ιπῄει,
1287 2429 1302 2464 ἢ
1323 2429 1366 2455 ὅτε
1377 2429 1431 2454 τῶν
1448 2429 1500 2461 ἔξω
1516 2428 1637 2462 θορύϐων
1653 2436 1683 2453 τε
1695 2429 1790 2454 καὶπο-

1004 2476 1226 2511 ὶὲμωνὲκδήμων
1236 2475 1352 2510 πάμπαν
1363 2473 1433 2510 ἦσαν
1443 2475 1661 2510 ἀπηλλαγμένοι.
1675 2474 1718 2510 [Ρ.
1731 2474 1789 2509 455]

1004 2523 1073 2550 Τότε
1093 2523 1146 2556 γὰρ
1161 2522 1208 2549 καὶ
1233 2522 1302 2556 προς
1323 2521 1467 2557 διαφόρους
1490 2521 1623 2555 αἱρέσεων
1651 2520 1790 2554 φάλαγγας

1004 2568 1081 2601 ὥραν
1109 2565 1167 2601 εἶχε
1194 2566 1228 2593 τὰ
1254 2566 1389 2600 Ἑλλήνων
1418 2565 1562 2600 σχίζεσθαι
1584 2566 1720 2600 δόγματα,
1747 2565 1789 2591 νῦν

1007 2615 1055 2648 μὲν
1068 2607 1281 2648 λΕπικουρείων,
1297 2612 1344 2638 νῦν
1358 2613 1386 2639 δὲ
1398 2612 1601 2647 Πυθαγορείων,
1617 2613 1664 2638 καὶ
1680 2613 1738 2638 ὅσοι
1755 2612 1789 2646 τῷ

1005 2659 1094 2694 χρόνῳ
1109 2660 1158 2694 τὴν
1175 2659 1284 2694 μνήμην
1307 2658 1458 2694 παρέδοσαν
1484 2659 1601 2692 ἄφθονον
1616 2659 1670 2684 τῶν
1683 2658 1732 2694 τὴν
1745 2659 1788 2692 τῆς

1006 2705 1093 2741 ἔριδος
1112 2704 1246 2741 χορηγίαν
1266 2704 1472 2739 παρεχομένων.
1495 2703 1631 2731 Ἐνταῦθα
1650 2703 1677 2729 δὲ
1692 2703 1790 2738 μυρίων

846 2788 1016 2819 Variorum
1036 2793 1129 2817 notat.

211 2849 266 2884 (7'5)
281 2849 353 2878 Duas
364 2852 440 2880 vcluli
453 2861 541 2887 nares,
561 2851 711 2880 Ecclesiam
735 2851 841 2881 scilicet
856 2855 883 2879 et
900 2852 1057 2886 imperium.
1077 2849 1181 2876 Bmvn‘.
