1924 3076
174 102 223 134 97]
300 97 338 134 [Α.
359 106 388 125 ιι.
409 97 552 130 6855,1xn.
577 96 620 132 IS]

765 99 971 131 NICEPHORI
990 99 1181 131 GREGORIE

1733 98 1803 130 9ῖὲ

1350 99 1418 135 [utin
1438 109 1460 127 ι.
1479 107 1594 127 HLA-20L.
1616 98 1644 135 41

165 161 286 189 remedio
300 163 442 187 uterentur
455 159 588 186 adversus
603 163 755 193 temporum
771 158 908 185 fortunam
922 162 950 185 et

1010 159 1052 186 ιὲν
1075 160 1213 195 ἡέκείνου
1241 161 1336 195 γέγονε
1358 160 1551 198 τελευτὴ-τοίς
1577 169 1606 186 τε
1631 159 1676 186 διὰ
1690 162 1803 188 πενίαν

151 208 353 237 ‘calamitatcs,
371 213 448 240 teque
472 210 501 232 ut
525 210 603 231 antea
628 205 798 237 subeuntes;
827 205 890 231 item
915 205 948 232 iis

164 254 211 288 qui
234 252 369 280 vindicata
400 250 475 278 illius
501 249 644 278 malefacta
667 250 762 278 videre
787 250 947 285 cupiebant,

165 304 310 333 antequam
325 297 517 331 desperatione
535 300 647 324 auctore
672 296 749 323 nefas
766 295 816 330 ipsi
837 295 948 330 aliquod

165 346 338 380 susciperent
352 353 358 371 :
372 344 566 371 documentum
584 350 648 370 vero
661 343 775 373 exstitit,
797 349 851 376 quo
866 342 950 369 auda-

166 393 264 423 ciores,
280 396 307 419 ct
324 391 341 418 ii
366 391 413 425 qui
431 389 507 417 nullo
526 393 598 416 metu
624 388 748 416 deterriti
776 396 806 416 ea
832 393 948 421 tentant,

165 446 225 473 qua:
243 439 375 464 intentata
398 443 458 463 esse
481 438 602 469 oportet,
617 434 649 461 ad
666 434 802 461 saniorem
829 438 947 461 mentem

165 488 369 510 revocarentur.
381 481 462 516 734
474 480 508 507 Ει
519 479 576 507 haec
590 479 699 515 quidem
712 479 739 506 in
754 479 827 506 hunc
838 479 948 506 modutn

165 535 238 564 gesta
254 532 328 555 sunt.

198 574 269 602 VIII.
293 573 428 600 Czt-terum
456 577 603 606 antequam
628 570 695 597 foris
720 571 864 605 quisquam
895 573 950 596 tra-

165 620 283 654 gcediam
311 619 384 645 illam
420 617 620 653 persensisset,
645 616 735 651 ruptis
767 615 896 642 omnibus
923 619 950 642 et

164 666 282 693 \ineulis
309 670 336 692 et
362 664 485 697 catenis,
512 663 631 690 maxima
664 669 727 688 cum
751 662 891 696 voluptate
916 660 950 687 ad

164 711 305 739 cadaveris
322 710 508 745 spectaculum
530 715 675 736 accurrere
690 707 709 734 ii
723 707 770 742 qui
792 707 819 734 in
840 713 951 733 carcere

165 761 254 789 erant,
273 756 345 783 haud
376 755 467 782 minus
480 754 618 782 ducentis.
642 753 682 780 Ex
700 753 801 787 quibus
823 759 892 778 unus
912 750 952 777 fa-

165 804 227 830 hrili
242 803 314 830 ascia
328 802 440 838 (etenim
458 801 533 828 ensis
546 799 640 827 nullus
655 804 754 834 praesto
769 798 839 832 crat)
856 800 947 832 caput.

998 205 1047 232 οὐκ
1080 206 1189 241 ἔχουσιν
1215 207 1269 242 ὅτῳ
1294 207 1441 242 χρήσονται
1472 207 1611 241 φαρμάκῳ
1640 207 1710 241 προς
1737 207 1803 236 τὰς

998 253 1128 285 ἐπιούσας
1141 253 1241 288 ὁμοίως
1252 252 1298 278 τοῦ
1308 252 1406 287 χρόνου
1417 251 1500 286 τύχας
1510 252 1556 277 καὶ
1570 251 1611 287 [Ρ.
1623 251 1686 287 461]
1699 252 1803 287 κῆρας

998 299 1046 325 καὶ
1060 295 1100 330 οἷς
1116 298 1209 332 ἔφεσις
1233 297 1286 324 τῶν
1305 297 1399 329 κακῶς
1428 297 1474 323 ὑπ’
1488 296 1571 323 αὑτοῦ
1587 297 1803 331 πραττομένων

998 343 1136 378 ἐκδίκησιν
1166 343 1315 370 θεάσασθαι
1352 340 1396 377 ἧν,
1427 343 1493 378 πρὶν
1531 342 1688 376 ἀπογνώσει
1718 343 1803 376 σφᾶς

998 389 1146 420 δεδωκότας
1160 389 1188 416 ἐν
1203 398 1230 415 τι
1244 388 1408 425 πεπονθέναι
1422 389 1475 415 τῶν
1488 388 1626 423 ἀθεμίτων
1639 396 1648 405 ο
1666 388 1713 415 καὶ
1728 389 1802 423 ἅμα

998 434 1201 469 παιδευτήριον,
1217 434 1244 466 ἐς
1261 433 1291 460 τὸ
1310 434 1417 469 σῶφρον
1445 433 1508 465 τοὺς
1531 433 1719 468 θρασυτέρους
1741 434 1803 460 ἀν-

999 480 1102 512 θέλκον,
1118 480 1164 506 καὶ
1179 477 1220 512 οἷς
1235 479 1268 506 τὰ
1283 480 1424 515 ἀτόλμητα
1440 480 1487 513 ξὺν
1501 479 1590 507 οὐδενὶ
1612 480 1667 507 δέει
1683 479 1802 514 τολμᾶ-

998 535 1054 553 ται.
1072 526 1126 552 Καὶ
1141 525 1225 552 ταῦτα
1239 526 1289 561 μέν
1305 526 1397 553 τοῦτον
1412 526 1474 562 ἔσχε
1489 526 1534 553 τὸν
1550 527 1662 561 τρόπον.

1036 569 1076 597 Η¹.
1095 570 1162 604 Πρίν
1187 579 1219 604 γε
1238 570 1292 605 μὴν
1305 570 1433 605 αἴσθησιν
1447 570 1495 597 τοῦ
1518 571 1658 605 δράματος
1673 571 1803 605 ἐγγενέ-

1001 617 1063 644 σθαι
1075 618 1132 648 τοῖς
1146 617 1208 650 ἔξω,
1218 616 1307 652 δεσμὰ
1319 617 1408 644 πάντα
1422 617 1469 643 καὶ
1486 617 1594 648 κλοιοὺς
1605 617 1631 643 ot
1646 617 1801 652 δεσμῶται

1002 661 1131 696 ῥήξαντες
1147 661 1186 692 είς
1203 661 1252 696 τὴν
1276 661 1323 688 τοῦ
1347 661 1493 696 πτώματος
1514 660 1579 688 θέαν
1603 661 1673 697 μετὰ
1695 662 1801 697 πάσης

1000 707 1144 740 ἐπεξέθεον
1158 707 1266 742 ἡδονῆς,
1282 707 1313 733 οὐ
1338 708 1414 742 μεῖον
1434 707 1579 734 διακοσίων
1595 707 1774 742 ὑπάρχοντες
1790 715 1799 722 ·

1000 751 1036 780 ὧν
1052 751 1090 785 εἷς
1113 762 1154 785 τις
1177 754 1325 789 σκεπάρνῳ
1340 753 1488 789 τεκτονικῷ
1505 753 1593 789 (ξίφος
1609 755 1664 789 γὰρ
1682 754 1799 788 ἥκιστα.

1002 800 1107 835 παρῆν)
1136 799 1182 826 τοῦ
1205 799 1299 826 λοιποῦ
1314 800 1363 834 τὴν
1377 799 1498 835 κεφαλὴν
1513 799 1680 835 ἀφελόμενος
1694 799 1801 834 σώμα-

164 850 199 877 ab
212 850 327 883 reliquis
342 848 473 875 membris
486 847 649 878 abscissum,
666 853 749 879 super
763 843 878 878 fastigiis
893 850 952 869 ntu-

1010 855 1048 877 τος
1073 846 1119 872 ἐπὶ
1143 846 1192 880 τῆς
1216 845 1353 877 ἐπάλξεως
1378 832 1504 880 ἔστησεν,
1529 832 1606 875 ὥστε.
1629 832 1798 880 καταφανὲς

162 902 257 922 rerum
270 895 377 927 statuit,
406 901 461 928 quo
479 892 651 920 manifestum
676 891 751 918 fleret
764 890 829 917 illud
844 889 951 916 facinus

165 942 300 968 universae
324 940 504 972 multitudini,
528 945 589 974 qum
613 938 790 966 extrinsecus
811 936 866 971 jam
888 943 952 970 pro-

165 990 225 1020 pter
247 993 341 1012 muros
364 984 498 1012 torrentis
524 984 610 1010 instar
627 982 802 1013 confluebat;
825 985 853 1007 et
877 985 907 1006 ut
933 979 950 1006 ii

164 1033 275 1066 quidem
299 1038 404 1063 omnes,
432 1031 478 1064 qui
505 1029 581 1057 illum
618 1035 719 1063 genere
747 1026 950 1060 contingebant,

165 1083 213 1105 aut
244 1078 334 1112 aliqua
359 1077 490 1104 societate
514 1083 576 1102 cum
600 1082 633 1102 eo
665 1073 806 1109 conjuncti
830 1072 950 1104 fuerant,

165 1125 259 1152 labore
280 1124 359 1150 irrito
377 1122 602 1157 supersederentI
619 1120 754 1147 exstincta
767 1126 881 1155 prorsus
897 1118 952 1145 sal-

166 1179 227 1197 \‘Ilm
250 1170 327 1196 illum
343 1167 460 1196 habendi
476 1175 543 1202 spe:
567 1173 749 1202 quoscunque
763 1173 829 1192 vero
849 1165 895 1192 ille
911 1165 952 1191 in-

166 1219 258 1243 fensos
276 1215 420 1246 habuerat,
445 1213 463 1240 ii
485 1213 578 1240 animo
604 1212 847 1243 confirmarentur,
871 1211 952 1238 ades-

165 1267 283 1297 sentque
299 1261 470 1289 extrinsecus
498 1260 557 1288 sine
578 1260 633 1286 uIIo
659 1264 733 1286 metu
763 1258 814 1291 iis,
830 1257 876 1292 qui
903 1264 952 1292 pro

166 1308 308 1335 communi
336 1305 674 1334 libertatecertavisset”.
691 1304 792 1332 Deinde
810 1311 838 1332 se
863 1304 888 1331 in
907 1311 952 1330 or-

167 1356 245 1382 tliues
268 1359 295 1382 et
319 1353 477 1388 manipulos
510 1352 730 1383 distribuerunt,
757 1355 953 1386 portarumque

168 1404 196 1426 et
212 1398 480 1433 propugnaculorum
499 1396 652 1424 custodiam
666 1395 756 1423 sortiti
770 1399 846 1423 sunt.

201 1443 249 1470 IX.
267 1443 302 1470 At
326 1449 426 1476 magno
449 1441 515 1476 ipsis
532 1440 728 1476 impedimento
743 1443 815 1472 erat,
831 1446 886 1474 quo
903 1438 954 1466 mi-

1002 891 1129 926 γενέσθαι
1147 891 1178 918 τὸ
1192 891 1282 926 δρᾶμα
1295 891 1342 917 καὶ
1359 891 1427 917 πᾶσι
1442 892 1499 922 τοῖς
1526 890 1625 923 ἔξωθεν
1640 891 1691 926 ήδη
1712 890 1799 925 παρὰ

1003 937 1036 964 τὰ
1060 937 1137 972 τείχη
1163 937 1319 971 ποταμηδὸν
1341 937 1477 971 είσρέουσι
1506 936 1622 972 δήμοις*
1640 936 1705 963 ὥσθ’
1732 937 1799 971 {iam

1004 983 1053 1019 μὲν
1068 983 1143 1018 αὐτῷ
1160 992 1232 1011 κατα
1256 981 1334 1017 γένος
1352 983 1368 1017 ἢ
1387 982 1450 1009 καθ’
1476 983 1614 1019 ἑταιρείαν
1629 981 1686 1010 εἷεν
1704 991 1799 1017 προσ-

1002 1031 1115 1066 ήκοντες
1131 1030 1229 1066 μηκέτι
1245 1030 1337 1056 πονεῖν
1352 1030 1484 1065 ἀνήνΰτα,
1501 1031 1594 1066 πάσης
1612 1030 1714 1061 τελέως
1728 1030 1799 1056 σϐε-

1004 1077 1112 1112 σθείσης
1140 1077 1188 1103 τοῦ
1205 1077 1254 1112 ζῇν
1272 1077 1377 1103 ἐκεῖνον
1393 1076 1502 1108 ἐλπίδος
1513 1084 1521 1092 ·
1540 1077 1598 1103 ὅσοι
1615 1077 1637 1103 δ’
1661 1076 1797 1111 ἀπεχθῶς

1003 1121 1075 1158 εἶχον
1100 1123 1135 1150 αὖ
1157 1123 1226 1156 πρὸς
1247 1124 1360 1155 ἐκεῖνον,
1380 1122 1494 1154 τούτους
1524 1123 1548 1149 δ’
1578 1122 1718 1158 ἐρρῶσθαι
1739 1123 1799 1153 τὰς

1002 1169 1134 1202 διανοίας,
1155 1170 1203 1195 καὶ
1226 1170 1381 1204 συμμαχεῖν
1395 1169 1494 1201 ἔξωθεν
1510 1169 1597 1200 ἀδεῶς
1611 1170 1667 1200 τοῖς
1684 1168 1798 1195 ἔνδοθεν

1004 1216 1074 1251 ὺπέρ
1089 1215 1138 1250 τῆς
1156 1215 1250 1250 κοινῆς
1266 1215 1421 1250 ἐλευθερίας
1445 1215 1655 1250 ἠγωνισμένοις.
1673 1215 1798 1242 Ἔπειτα

1002 1263 1136 1293 διελόντες
1164 1262 1276 1293 ἑαυτοὺς
1295 1261 1335 1293 είς
1360 1261 1452 1294 τάξεις
1475 1262 1522 1288 καὶ
1549 1260 1648 1296 μοίρας
1672 1259 1797 1296 τὴντῶν

1004 1308 1094 1336 πυλῶν
1109 1308 1176 1343 ὁμοῦ
1191 1308 1238 1335 καὶ
1253 1307 1391 1340 ἐπάλξεων
1409 1306 1531 1342 διέλαχον
1547 1306 1684 1342 φυλακήν.

1041 1445 1080 1473 Θ¹.
1100 1446 1237 1479 Μέγιστον
1265 1445 1288 1472 δ’
1312 1444 1386 1479 ὅμως
1411 1444 1520 1480 ὑπῆρχέ
1545 1453 1636 1480 σφισιν
1664 1446 1796 1480 ἐμπόδιον

168 1497 220 1517 nus
236 1490 311 1516 illius
329 1489 473 1524 insperatae
492 1486 591 1514 salutis
616 1485 810 1513 conservandae
836 1485 953 1512 faculta-

1010 1493 1044 1523 είς
1057 1491 1107 1526 τὴν
1122 1492 1171 1526 τῆς
1186 1491 1340 1526 παραδόξου
1356 1492 1475 1526 ταυτησὶ
1500 1492 1637 1526 σωτηρίας
1656 1501 1797 1528 συντηρη.

170 1541 224 1562 tem
249 1534 393 1565 haberent,
411 1540 507 1560 eorum
523 1537 584 1566 quae
610 1530 643 1557 ad
667 1529 769 1557 victum
799 1529 954 1556 necessaria

169 1586 233 1607 sunt
258 1580 360 1615 inopia,
385 1584 582 1612 armorumque
608 1581 635 1604 et
665 1576 782 1603 telorum
805 1574 906 1609 quibus
925 1581 955 1601 se

170 1619 349 1654 defenderent
380 1623 504 1659 penuria.
524 1623 584 1650 Non
609 1621 683 1648 enim
708 1620 857 1652 habebant,
881 1619 956 1646 unde

170 1674 248 1702 facile
263 1677 291 1700 et
305 1681 321 1700 e
336 1671 452 1705 vestigio
468 1677 499 1698 ea
513 1676 574 1704 quae
588 1668 649 1695 usui
667 1671 759 1695 essent
774 1666 953 1698 deveherent;

170 1729 232 1748 cum
244 1721 302 1756 ipsa
322 1719 430 1747 occasio
452 1717 479 1744 id
493 1717 565 1752 quod
583 1719 769 1751 perpetratum
783 1717 858 1746 erat,
874 1713 955 1740 mini-

173 1777 216 1795 me
244 1765 474 1803 praemeditatum,
498 1771 532 1791 ex
559 1768 681 1797 tempore
705 1760 894 1796 suggessisset.
918 1759 954 1786 Ea

172 1822 264 1843 tanton
290 1821 350 1849 qua:
373 1816 467 1840 secuta
495 1815 538 1838 est
566 1813 657 1842 nocte,
672 1815 733 1835 cum
755 1807 793 1834 illi
816 1813 913 1834 omttes
928 1805 956 1832 in

173 1862 289 1889 maxima
302 1858 508 1895 perturbatione
530 1862 715 1889 curarumque
730 1858 797 1881 aestu
815 1860 957 1880 versaren-

173 1915 226 1941 tur,
247 1907 322 1934 venit
350 1906 384 1933 de
402 1903 561 1931 triremibus
586 1900 713 1930 Galatasis
730 1908 792 1931 una,
806 1899 880 1927 circa
901 1905 957 1925 me-

171 1955 244 1981 diam
261 1953 346 1980 ferme
367 1954 488 1981 noctcm,
513 1948 547 1975 ab
566 1946 701 1974 maritimo
724 1953 802 1972 nturo
817 1951 915 1980 panem
930 1946 958 1970 et

175 2001 266 2027 tinum
282 2001 440 2033 apportans,
451 2000 479 2023 et
494 1993 574 2030 735
593 1992 726 2027 quidquid
749 1991 871 2018 ciborum
885 1990 958 2017 illius

175 2044 344 2080 tempestatis
362 2041 494 2077 iniquitas
514 2037 685 2066 concedebat
699 2045 706 2065 :
723 2037 788 2063 item
802 2033 958 2070 promissio-

149 2099 152 2102 '
176 2079 268 2119 ueniet
293 2089 409 2124 benigna
435 2086 530 2119 verba,
544 2083 703 2112 utrumlibet
728 2081 768 2109 illi
785 2081 875 2108 facere
893 2079 959 2107 tuai-

175 2138 239 2163 Icnl.
258 2135 286 2163 Si
302 2135 375 2161 enim
390 2140 499 2160 tuanere
526 2131 563 2158 ibi
586 2129 671 2157 satius
690 2129 833 2160 ducerent,
846 2126 958 2153 allatum

1006 1538 1084 1572 τικὴν
1100 1538 1206 1564 ἑαυτῶν
1229 1537 1347 1572 δύναμιν
1361 1537 1377 1572 ἧ
1393 1546 1423 1564 τε
1437 1539 1493 1564 τῶν
1507 1539 1575 1574 πρὸς
1591 1538 1621 1565 τὺ
1644 1538 1694 1575 ζῇν
1708 1540 1798 1575 ἀναγ-

1006 1585 1091 1612 καίων
1105 1584 1200 1615 σπάνις
1222 1584 1269 1611 καὶ
1284 1585 1300 1619 ἠ
1316 1585 1369 1610 τῶν
1384 1584 1474 1611 ὃπλων
1487 1592 1517 1611 τε
1533 1585 1579 1611 καὶ
1596 1585 1650 1612 τῶν
1664 1587 1794 1622 ἀμυντη-

1007 1631 1073 1666 ρίων
1102 1630 1189 1666 βελῶν
1221 1629 1320 1657 ἔνδεια.
1338 1630 1376 1656 Οὐ
1408 1631 1462 1665 γὰρ
1492 1628 1567 1665 εῐχον
1594 1632 1657 1659 ὅθεν
1682 1633 1715 1659 ἐκ
1745 1633 1796 1660 τοῦ

1007 1677 1179 1711 παραχρῆμα
1216 1676 1305 1712 ῥᾷστα
1342 1676 1502 1711 κομίσονται
1530 1678 1564 1704 τὰ
1594 1677 1645 1712 τῆς
1676 1679 1796 1714 χρείας,

1006 1721 1210 1756 ἀπροσδόκητον
1250 1721 1431 1756 σχεδιασάσης
1464 1722 1513 1757 τῆς
1549 1723 1737 1757 περιστάσεως
1762 1725 1797 1751 τὸ

1007 1767 1138 1802 πραχθέν.
1157 1767 1251 1802 Ὅμως
1273 1766 1323 1802 τῆς
1346 1768 1443 1799 νυκτὸς
1461 1767 1591 1803 ἐπιούσης
1606 1769 1727 1805 ἐκείνης,
1747 1771 1796 1797 καὶ

1007 1812 1116 1840 πάντων
1144 1812 1255 1839 ἐκείνων
1277 1812 1306 1839 ἐν
1332 1812 1400 1848 ζάλῃ
1427 1814 1475 1839 καὶ
1496 1815 1630 1850 τρικυμέᾳ
1653 1815 1797 1851 λογισμῶν

1007 1857 1185 1894 ὑπαρχόντων
1201 1858 1330 1894 μεγίστῃ,
1346 1856 1398 1895 ἧκε
1421 1861 1537 1896 τριήρης
1553 1861 1586 1888 ἐκ
1601 1861 1656 1888 τῶν
1672 1862 1796 1890 Γαλάτου

1007 1905 1072 1939 περὶ
1089 1905 1174 1939 μέσας
1199 1913 1250 1931 που
1275 1905 1387 1940 νύκτας,
1403 1907 1435 1934 ἐκ
1459 1906 1507 1934 τοῦ
1534 1907 1672 1942 παραλίου
1687 1910 1796 1944 τείχους

1008 1951 1157 1986 κομίζουσα
1179 1951 1285 1982 τούτοις
1300 1953 1383 1988 ἄρτον
1400 1953 1448 1980 καὶ
1469 1951 1552 1987 οῐνον,
1568 1955 1616 1982 καὶ
1632 1955 1683 1982 ὅσα
1697 1956 1729 1982 τὸ
1744 1957 1795 1992 τῆς

1008 1997 1083 2033 ὥρας
1109 1997 1257 2034 συνεχώρει
1285 1999 1378 2025 στενὸν
1400 1999 1533 2034 ἐδώδιμα,
1554 2001 1602 2027 καὶ
1624 2002 1683 2037 ἅμα
1705 2003 1792 2037 ἐπαγο

1008 2043 1101 2077 γελίας
1131 2046 1178 2072 καὶ
1203 2044 1415 2080 φιλανθρώπους
1439 2045 1544 2080 λόγους,
1570 2046 1633 2074 καθ’
1663 2048 1795 2084 ὁπότερον

1009 2089 1147 2124 βούλοιντο
1160 2089 1245 2125 δρᾷν·
1269 2091 1324 2117 εἴτε
1348 2091 1440 2124 μένειν
1466 2093 1641 2126 αἱρουμένοις
1667 2094 1796 2129 κομίζειν

1010 2135 1038 2165 ἐς
1066 2133 1116 2169 τῂν
1141 2134 1287 2170 ὑστεραίαν
1313 2136 1383 2163 ὅπλα
1409 2135 1456 2162 ml.
1482 2136 1547 2172 βέλη
1572 2138 1712 2173 πολέμια’
1746 2140 1795 2166 εἶτ’

174 2184 206 2210 ιιί
223 2182 354 2217 postridie
375 2187 450 2207 arma
467 2178 534 2213 ipsis
562 2181 589 2204 et
611 2176 664 2204 tela
682 2175 790 2202 hostilia
807 2183 814 2202 :
832 2174 874 2201 sin
893 2172 954 2200 inde

1011 2181 1115 2207 ἐκεῖθεν
1128 2181 1348 2210 ἀπαλλάττεσθαι
1359 2183 1403 2210 διὰ
1420 2183 1489 2216 δέος,
1505 2183 1631 2217 δέξασθαι
1645 2185 1796 2221 προθύμως

175 2230 210 2256 ob
222 2232 322 2255 metum
339 2226 456 2261 migrare
478 2224 661 2254 destinarent,
677 2229 725 2248 eos
739 2228 769 2248 se
784 2220 911 2247 alacriter
930 2217 957 2245 in

175 2274 332 2307 praesidium
354 2279 432 2300 suum
451 2270 597 2298 Galataeum
617 2271 786 2302 recepturos,
800 2270 828 2294 et
848 2273 958 2292 omnem

177 2321 243 2355 ipsis
259 2319 434 2347 securitatem
451 2316 632 2352 praastituros.
647 2313 709 2341 Haec
732 2320 794 2340 cum
812 2311 956 2343 dixissent,

177 2370 286 2394 domum
322 2365 472 2395 redierunt,
497 2363 568 2390 bona
594 2369 642 2396 spe
665 2360 699 2388 iis
719 2360 814 2387 relicta
825 2359 872 2394 qui
889 2359 958 2385 intta

177 2420 285 2441 murum
309 2410 500 2442 versabantur,
523 2408 571 2436 sed
600 2415 661 2442 quae
688 2406 720 2434 ad
738 2405 841 2433 bonum
864 2404 958 2432 txitum

176 2468 229 2487 non
247 2457 383 2494 pervenit.
407 2455 547 2490 Siquidem
567 2453 728 2488 imperatrix
753 2451 844 2484 Anna,
870 2450 962 2479 missis

177 2504 334 2534 hominibus
346 2503 408 2538 (nec
422 2502 496 2529 enim
513 2507 573 2527 eam
586 2498 613 2525 id
631 2497 703 2533 quod
717 2497 852 2524 acciderat
870 2495 960 2530 Iatuil)

175 2552 364 2587 praeclusoquc
389 2547 476 2579 aditu,
502 2545 650 2573 adventum
666 2542 787 2571 inhibuit
802 2542 961 2578 appulsum-

176 2607 230 2633 quc
253 2597 326 2625 illius
352 2595 512 2622 Latinorum
527 2599 633 2624 manus,
651 2598 711 2626 quae
725 2589 878 2617 clanculum
893 2589 963 2616 affu-

178 2651 238 2672 tura
255 2648 314 2671 erat
329 2641 474 2677 postridie.

213 2691 246 2718 Χ.
273 2690 311 2717 Ea
325 2696 369 2716 res
384 2688 511 2716 obsessos
526 2685 588 2713 illos
602 2684 635 2711 ad
655 2682 873 2718 desperationem
888 2689 963 2709 com-

177 2739 254 2774 pulit.
270 2737 375 2771 Quippe
387 2742 440 2762 nec
454 2740 529 2760 arma
552 2733 586 2759 iis
600 2735 688 2764 erant,
711 2729 812 2764 quibus
839 2734 963 2764 protege-

178 2789 286 2816 rentur,
304 2790 354 2810 nec
370 2782 490 2817 clypeus,
507 2786 558 2807 nec
572 2785 664 2810 arcus,
684 2783 735 2804 nec
757 2776 842 2802 ultum
859 2775 892 2802 ad
907 2776 963 2802 vim

176 2829 391 2866 propulsandam
408 2827 503 2855 telum.
519 2827 558 2854 Ac
578 2829 710 2864 praeterea
741 2823 883 2858 neglectus
906 2822 964 2857 pri-

1010 2227 1038 2257 ἐς
1059 2226 1089 2252 τὸ
1111 2227 1139 2252 ἐν
1165 2228 1221 2259 τοῖς
1237 2227 1357 2255 Γαλάτου
1383 2230 1458 2264 σφῶν
1481 2229 1570 2256 αὐτῶν
1593 2230 1734 2265 φρούριον,
1748 2233 1797 2258 καὶ

1010 2272 1101 2299 πᾶσαν
1134 2274 1366 2309 περιποιήσασθαι
1399 2283 1490 2308 aptant
1523 2275 1683 2310 ἀσφάλειαν.
1712 2276 1796 2304 Ταῦτ’

1011 2318 1134 2350 εἰπόντες
1164 2319 1319 2355 ἐπανῄεσαν
1332 2320 1434 2352 οῖκαδε,
1459 2322 1582 2357 χρηστὰς
1603 2321 1715 2353 ἐλπίδας
1747 2323 1797 2358 μὲν

1010 2366 1067 2396 τοῖς
1082 2365 1156 2397 ἐντὸς
1171 2365 1278 2400 τείχους
1293 2366 1502 2398 καταλιπόντες,
1516 2369 1566 2394 οὐκ
1581 2369 1620 2400 είς
1638 2369 1757 2404 χρηστὸν
1772 2370 1794 2396 ὃ*

1011 2410 1057 2438 οὖν
1087 2412 1174 2447 πέρας
1199 2412 1371 2447 ἐληλυθυίας.
1400 2414 1538 2448 Πέμψασα
1561 2415 1615 2450 γὰρ
1639 2417 1656 2451 ἡ
1688 2417 1796 2451 βασιλὶς

1015 2459 1098 2485 Ἀννα
1122 2458 1163 2492 (οὐ
1181 2458 1234 2492 γὰρ
1253 2457 1375 2494 ἐλελήθει
1401 2460 1432 2486 τὸ
1461 2461 1582 2494 γεγονὸς)
1608 2462 1751 2496 ἀπέφραξέ
1767 2471 1796 2490 τε

1013 2503 1060 2530 καὶ
1078 2504 1234 2539 ἀνεχαίτισε
1256 2504 1305 2540 τὴν
1328 2505 1421 2539 ἐφοδόν
1435 2514 1464 2532 τε
1483 2507 1529 2533 καὶ
1549 2508 1593 2534 τὸν
1608 2507 1735 2534 εἴσπλουν
1748 2510 1796 2544 τῆς

1013 2549 1106 2585 κρύφα
1132 2549 1282 2584 μελλούσης
1303 2551 1410 2577 ἐπιέναι
1433 2552 1581 2587 Λατινικῆς
1596 2554 1625 2584 ἐς
1642 2554 1694 2588 τὴν
1719 2554 1797 2580 ὕστεο

1015 2596 1094 2630 ραίαν
1113 2596 1264 2630 δυνάμεως.

1051 2686 1094 2722 [Ρ.
1105 2685 1168 2722 4621
1185 2686 1213 2714 ι’.
1224 2686 1310 2713 Τοῦτο
1318 2686 1385 2720 πρὸς
1395 2686 1551 2720 ἀπόγνωσιν
1567 2688 1656 2722 ἡγαγε
1669 2689 1732 2720 τοὺς
1745 2698 1798 2715 τει-

1015 2734 1110 2769 χήρεις
1121 2733 1252 2764 ἐκείνους.
1263 2731 1332 2759 Οὔτε
1344 2731 1398 2768 γὰρ
1409 2733 1490 2760 ὅπλον
1505 2731 1538 2769 ἦν
1555 2742 1647 2768 σφισιν
1658 2735 1735 2762 οὐδὲν
1750 2745 1798 2770 φυ-

1017 2779 1174 2813 λακτήριον,
1190 2777 1246 2804 οὔτ’
1259 2778 1352 2809 ἀσπὶς,
1367 2777 1430 2805 οὕτε
1447 2779 1533 2812 τόξον,
1551 2779 1612 2806 οὔτε
1628 2780 1704 2816 βέλος
1721 2782 1798 2808 οὐδὲν

1014 2825 1202 2867 άμνντήριον·
1222 2824 1268 2851 καὶ
1295 2823 1363 2858 πρός
1386 2832 1416 2857 γε
1440 2823 1469 2850 τὸ
1495 2826 1582 2860 τεῖχος
1607 2825 1742 2862 ἀμεληθὲν
1768 2827 1798 2853 ἐκ
