1924 3076
98 143 152 176 973
291 137 330 174 [ι.
350 143 376 164 c.
398 132 479 170 ius]

610 132 829 164 BYZANT.N.‘E
850 130 1039 161 lilSTOllL'E
1060 131 1130 162 LIB.
1155 130 1229 162 XIV.

1286 128 1352 161 [ινιι.
1379 136 1398 153 t.
1421 133 1540 154 ηκτοι..
1565 126 1592 161 ό]

1663 127 1716 159 97ἱ

100 198 199 227 πολλοῦ
214 197 362 233 essent;
380 191 415 231 ἦν
429 194 463 222 τὰ
477 194 589 221 πλεῖστα
607 193 679 228 μέρη
693 193 741 219 τοῦ
758 201 785 219 τε
801 201 864 227 περι

949 200 991 218 em
1013 195 1107 219 niui-its
1132 193 1224 219 hiabat
1245 191 1379 226 plerisque
1407 191 1431 218 in
1451 190 1572 225 partibus
1600 189 1716 216 circnm-

100 246 188 274 πάτου
202 245 248 271 καὶ
265 243 320 269 τῶν
331 240 481 274 ἐπάλξεων.
494 239 550 275 Τὴν
566 239 615 274 μὲν
634 238 680 265 οὖν
692 238 777 265 νύκτα
792 238 883 264 πᾶσαν

100 292 211 326 ἐκείνην
234 289 320 320 οὕτως
337 286 381 314 ἐπ’
400 286 507 313 ἐλπίσιν
531 283 785 320 ἀμφισϐητησίμοις
807 283 883 313 ὲντὺς

99 338 207 373 τείχους
218 335 376 370 ηὐλίσαντο,
392 333 441 365 τάς
454 331 483 359 τε
497 331 582 363 πύλας
593 331 773 366 φυλάττοντες
787 330 835 357 καὶ
850 329 884 356 τά

80 384 177 423 ,τείχη
199 381 364 417 περιιόντες.
383 380 485 406 Ἐωθεν
505 378 527 405 δ’
547 379 584 410 ὡς
601 376 670 405 εἶδον
691 378 820 414 σύρφακα
836 377 884 403 καὶ

100 429 209 465 χυδαῖον
231 427 319 462 ὄχλον,
336 424 412 461 παρά
436 424 482 451 τὸν
507 424 616 458 γείτονα
642 424 782 454 συνιόντας
804 422 885 449 ίππό-

101 476 209 511 δρομον“
224 474 279 510 (89)
310 473 375 504 θέας
400 473 502 503 εἵνεκα,
521 470 569 498 καὶ
595 470 697 506 ἥκιστα
728 467 884 504 συμμαχίας

102 520 272 557 ἡστινοσοῦν,
293 519 324 551 ἐξ
338 515 376 546 ὧν
400 527 432 552 γε
452 517 598 553 ἠλπίκασιν
631 515 732 551 (ᾤοντο
744 515 809 549 γὰρ,
824 513 885 539 ἐπεὶ

104 567 217 601 μισητὺς
238 565 344 600 ὑπῆρχε
359 565 415 595 τοῖς
428 562 501 594 ὅλοις
525 562 618 596 σχεδὸν
632 560 788 593 Βυζαντίοις
807 559 886 586 Ἀπό-

103 620 216 642 καυκος.
231 610 354 641 ἅπαντας
381 608 456 644 ἥξειν
479 607 569 639 εὐθὺς,
591 606 793 636 στασιάσαντας
815 603 886 630 κατᾶ

101 658 158 684 τῶν
178 656 317 692 ἀρχόντων
342 655 388 682 καὶ
408 653 549 690 βασιλέων,
567 651 769 683 ἀπαλλάξαντος
797 650 827 676 ὃν
848 649 885 680 ὡς

102 703 236 737 τύραννον
264 699 427 735 ὲδεδίεσαν)ο
456 699 494 730 ὡς
520 697 566 724 οὖν
591 697 672 731 ἕτερα
699 694 757 722 ἀνθ’
784 695 885 729 ἑτέρων

103 748 199 783 ἐώρων
223 746 270 774 καὶ
288 746 318 773 οὐ
339 745 409 772 κατὰ
434 743 549 779 γνώμην
568 742 666 778 ἐχώρει
689 741 723 768 τὰ
748 740 886 776 δρώμενα,

103 792 170 827 περὶ
186 790 337 825 διαλλαγῶν
348 789 468 825 ὡμίλουν
479 785 535 820 τοῖς
550 787 649 820 ἔξωθεν
674 785 742 821 πρὸς
767 785 816 819 τῆς
837 784 886 819 βα-

105 838 205 869 σιλίδος
234 837 319 864 ῑοῦσιν
347 835 459 870 Ἀννης.
488 834 544 861 Καὶ
568 833 626 868 τάχ’
653 832 687 860 ἂν
714 829 838 864 ἐγίγνετό
859 837 886 855 τι

105 883 224 919 χρηστὸν
240 881 368 914 ἐκείνοις,
381 881 406 907 ει
430 880 468 915 μή
492 887 565 910 τινος
592 877 732 912 δαιμονίου
748 875 888 903 κεκώλυκε

106 929 254 965 βασκανία.
277 927 348 955 Ἀλλ’
372 927 467 963 ὶχρῆν,
492 926 530 957 ὡς
557 925 655 956 ἔοικεν,
687 925 716 950 ὲν
743 922 889 957 θεομηνίας

105 976 212 1012 καιροῖς
237 974 320 1009 μηδὲν
342 973 495 1008 ἀτὸλμητον
522 970 695 1006 παροφθῆναι
723 967 778 996 τῶν
795 966 891 1002 ἀθεμί-

54 1041 58 1043 -
106 1030 171 1050 των.
191 1022 273 1056 Ἔσχε
289 1020 318 1047 δὲ
336 1019 433 1051 οὕτως.

143 1112 198 1140 IA'.
221 1112 253 1138 'H
267 1111 314 1138 τοῦ
335 1110 508 1137 ’Δποκαὺκου
523 1109 604 1145 γυνὴ,
618 1108 648 1135 τδ
668 1108 808 1143 ἐνδόσιμον
822 1109 891 1143 πρὸς

106 1160 157 1194 τῆς
182 1157 315 1194 βασιλίδος
336 1157 437 1191 Ἀννης
461 1155 591 1188 λαδοῦσα,
618 1153 816 1190 προσκαλεῖται
837 1154 891 1180 πᾶν

108 1206 140 1232 τὸ
158 1204 346 1240 Γασμουλικδν
362 1202 428 1238 (90),
443 1203 491 1229 καὶ
514 1201 664 1237 χρημάτων
679 1199 797 1236 χορηγίᾳ
811 1198 891 1234 δαψι-

108 1250 225 1286 λεστέρα
239 1249 338 1281 πείθει,
356 1248 404 1279 τὰς
426 1247 550 1282 τριήρεις
566 1245 723 1282 αὐθημερὸν
737 1245 892 1280 ἀφεμένους

110 1296 246 1327 ἅπαντας,
260 1293 331 1321 ὅπλα
359 1293 382 1320 δ’
411 1291 517 1319 ἐκεῖθεν
545 1290 727 1326 ἀνειληφότας
756 1290 803 1316 καὶ
828 1288 892 1324 βέλη

113 1342 214 1373 πάντα,
231 1337 453 1375 περιεληλυθέναι
473 1336 688 1372 πολιορκοῦντας
700 1335 731 1362 τὸ
744 1334 791 1362 τοῦ
804 1335 891 1361 παλα-

110 1387 168 1413 τίου
191 1385 297 1412 ἐκείνου
320 1383 460 1419 φρούριον,
476 1382 529 1414 ἕως
551 1382 769 1417 είσπηδήσαντας
792 1380 893 1416 ἡϐηδὸν

111 1431 175 1463 τοὺς
192 1430 266 1462 ὲντὺς
286 1429 401 1462 ἀνελεῖν,
418 1429 480 1461 τοὺς
502 1428 552 1463 μὲν
567 1427 604 1460 ὥς
620 1427 810 1463 ἀνδροφόνους,
830 1426 894 1458 τοὺς

111 1478 133 1504 δ’
145 1477 185 1509 ὼς
201 1476 375 1512 ἀνδροφόνοις
389 1475 524 1511 δήπουθεν
537 1474 692 1510 ὁμόφρονας
713 1474 760 1500 καὶ
775 1473 894 1508 ὁμοστέ-

933 236 1022 264 ductae
1045 237 1236 264 ambulationis
1255 240 1283 264 et
1305 244 1472 264 summorum
1501 236 1717 270 propugnaculo-

933 289 1004 308 rum.
1021 281 1116 309 Totam
1135 283 1225 316 itaque
1243 281 1316 309 illam
1335 286 1442 309 noctem
1469 283 1552 308 uuuia
1578 289 1625 316 spe
1647 274 1718 309 intra

934 335 1042 354 murum
1076 335 1209 360 mansere,
1248 331 1341 362 portas
1365 327 1586 355 custodienteset
1619 327 1718 355 moenia

934 377 1144 400 circumeuntes.
1171 373 1248 400 Mane
1259 377 1360 404 antrm,
1390 373 1435 399 ubi
1466 373 1599 406 plebeiam
1624 373 1718 400 faecem

934 424 1015 454 atque
1027 419 1170 447 colluviem
1186 419 1335 453 conspicati
1357 423 1432 450 sunt,
1451 419 1483 446 ad
1504 419 1622 446 vicinum
1652 419 1719 452 llip-

935 465 1098 500 podromum
1117 465 1222 492 visendi
1237 465 1337 496 studio,
1352 472 1384 492 ac
1397 473 1449 492 non
1475 466 1516 500 (ut
1532 465 1719 501 speraverant)

935 509 1040 537 ferettdi
1060 509 1141 537 ullius
1167 510 1260 537 auxilii
1287 518 1369 538 causa
1391 511 1572 539 confluentem
1608 512 1720 547 (etenim

935 555 1149 588 arbitrabantur,
1178 564 1211 584 eo
1233 556 1306 591 quod
1335 556 1462 584 omttibus
1485 557 1540 585 fere
1567 558 1722 594 Byzantinis

936 601 999 628 odio
1020 601 1117 629 fuisset
1149 603 1320 636 Apocaucus,
1340 609 1470 630 venturos
1498 604 1589 631 statim
1615 613 1721 639 omnes,

936 645 1070 673 seditione
1082 645 1212 674 adversus
1239 654 1379 683 magnatcs
1394 653 1422 675 ct
1444 649 1621 683 imperatores
1648 655 1722 678 mota

936 698 979 725 co,
994 699 1075 726 quem
1093 696 1123 719 ut
1153 697 1296 727 tyrannum
1327 699 1493 729 metuerant,
1517 696 1648 733 sublato),
1675 697 1723 726 ubi

936 737 1028 772 itaque
1040 737 1114 765 aliud
1130 738 1211 774 736
1223 746 1273 773 pro
1293 739 1347 767 alio
1359 740 1488 768 viderunt
1510 742 1652 776 accidisse,
1675 751 1723 771 nc-

936 789 991 816 que
1006 790 1039 810 ex
1051 784 1185 811 sententia
1200 784 1348 812 succedere
1376 793 1431 817 res,
1463 786 1497 814 de
1522 788 1723 816 reconcilianda

937 829 1022 864 gratia
1039 837 1118 865 egere
1135 838 1197 858 cum
1214 831 1248 858 iis
1265 831 1311 866 qui
1331 831 1365 858 ab
1376 831 1556 866 ~imperatrice
1575 835 1650 861 Anna
1676 835 1724 862 ad-

939 881 1071 904 venerant
1091 883 1100 903 :
1120 880 1149 903 et
1161 877 1213 904 nisi
1247 877 1399 905 obstitisset
1425 878 1496 913 genii
1515 879 1629 913 alicujus
1658 880 1722 910 mali

940 922 1054 956 invidia,
1069 921 1185 950 fortasse
1206 922 1308 958 aliquid
1323 923 1388 951 boni
1405 923 1471 959 ipsis
1486 927 1645 955 exstitisset.
1670 928 1724 956 Sed

940 968 1070 995 nimirum
1083 968 1213 1003 oportuit,
1224 968 1252 995 in
1272 968 1326 996 illis
1352 968 1452 997 furoris
1479 971 1565 999 divini
1591 974 1723 1008 tempori-

942 1014 1004 1048 bus,
1019 1013 1086 1041 nihil
1102 1014 1215 1042 sceleris
1245 1014 1410 1042 intentatum
1428 1016 1528 1044 omitti.
1557 1017 1608 1047 [les
1630 1025 1722 1047 autent

941 1058 978 1086 ita
994 1065 1022 1086 se
1037 1058 1143 1086 habuit.

977 1105 1024 1133 XI.
1039 1105 1176 1141 Apocauci
1196 1113 1275 1138 uxor,
1294 1107 1328 1134 ab
1343 1106 1518 1141 imperatriee
1535 1108 1611 1136 Anna
1639 1109 1724 1138 licen-

943 1156 1006 1183 tiam
1020 1154 1276 1189 cumjutpetrasset,
1293 1152 1477 1181 Gasmulicam
1492 1162 1600 1183 omnem
1617 1156 1724 1187 turbam

942 1202 1065 1234 advocat,
1093 1205 1120 1228 et
1157 1199 1347 1235 pinguioribus
1378 1200 1502 1234 pecunia:
1534 1202 1726 1238 largitionibus

943 1249 1100 1284 persuadet,
1133 1253 1162 1275 ut
1188 1247 1277 1275 cuncti
1297 1247 1456 1277 triremibus
1479 1257 1510 1277 ea
1534 1250 1577 1278 die
1611 1252 1724 1286 relictis,

942 1294 1184 1330 sumptisqueinde
1201 1296 1283 1324 armis
1298 1301 1326 1324 et
1337 1296 1398 1324 telis
1412 1304 1581 1332 quaecunque
1592 1297 1726 1332 inessent,

943 1341 1035 1377 palatii
1048 1341 1122 1369 illius
1134 1349 1225 1369 arcem
1240 1342 1384 1370 obsidione
1393 1343 1513 1376 cingant,
1541 1345 1629 1379 quoad
1654 1345 1726 1374 facta

943 1387 1097 1422 irruptione
1127 1393 1176 1414 eos
1205 1387 1354 1419 trucident,
1384 1387 1430 1422 qui
1469 1388 1543 1415 intus
1568 1394 1726 1422 versentur,

943 1433 1012 1460 nulli
1029 1432 1100 1460 aetati
1116 1432 1273 1468 parcendo;
1287 1433 1348 1465 hos,
1362 1437 1391 1460 ut
1407 1433 1578 1466 homicidas;
1606 1435 1676 1467 illos.
1697 1441 1726 1464 ιιι

943 1479 1144 1507 homicidarum
1170 1479 1290 1507 fautores
1325 1484 1407 1514 atque
1441 1480 1662 1508 contubernales.
1685 1483 1725 1509 Ad

111 1531 187 1556 γους.
215 1522 287 1558 Πρὸς
313 1521 346 1557 δὴ
377 1520 516 1552 τοιούτους
550 1519 652 1555 φόνους
677 1520 816 1555 ἀγοραίων
846 1520 892 1546 καὶ

945 1526 1078 1562 ejusmodi
1092 1525 1192 1554 eaedem
1206 1532 1268 1553 eum
1284 1525 1327 1552 illa
1339 1525 1481 1553 hominum
1495 1526 1727 1555 circumforaneo-

114 1569 252 1595 ἀσυνέτων
267 1567 371 1603 ἀνδρῶν
384 1566 520 1594 ὁπλίσασα
531 1565 622 1599 δεξιὰς
637 1566 728 1599 ἐκείνη
744 1566 894 1601 χρημάτων

112 1614 212 1650 ἁδραῖς
239 1613 286 1649 (ὡς
303 1612 472 1649 εἰρήκειμεν)
495 1611 638 1645 δεξιώσεσι
661 1612 708 1638 καὶ
733 1611 805 1638 οῐνου
827 1620 895 1647 κρα-

111 1661 204 1695 τήρων
228 1659 334 1686 πολλῶν
358 1657 537 1693 ἐμφορεῖσθαι
567 1657 677 1684 δίδωσιν
699 1657 834 1692 ἀφθόνως,
863 1657 896 1684 't'v'

112 1705 213 1732 οὑτωσὶ
234 1704 281 1731 τοῦ
301 1704 468 1739 καθήκοντος
493 1703 641 1734 ἐκστάντες
656 1703 786 1737 λογισμοῦ
803 1710 896 1738 μαινο-

114 1752 204 1786 μένων
219 1750 295 1785 δίκην
309 1750 418 1785 χωρῶσι
436 1749 505 1784 πρὸς
521 1749 572 1781 τὰς
593 1749 647 1776 τῶν
662 1748 815 1785 ἀνθρώπων
828 1757 896 1783 σφα-

113 1797 174 1831 γάς.
195 1797 271 1823 Ἐπεὶ
282 1795 304 1823 δ’
315 1795 386 1823 οὕτω
400 1795 476 1822 ταῦτ’
490 1792 546 1830 εἷχε
560 1794 608 1821 καλ⁵
622 1794 637 1820 ό
648 1793 696 1820 τοῦ
711 1793 786 1829 ἡλίου
797 1793 897 1829 δρόμος

114 1844 165 1878 ἤδη
186 1842 222 1869 τὰ
239 1842 413 1878 μεσημϐρινὰ
430 1841 602 1876 παρήλλαττε
618 1839 763 1875 ὑψώματα,
780 1839 897 1875 δραμόν-

112 1897 159 1920 τες
176 1889 276 1915 ἐκεῖνοι
294 1887 386 1923 κύκλῳ
411 1887 441 1914 τὸ
461 1886 591 1923 φρούριον
613 1886 797 1920 περιέστησαν
811 1884 896 1917 am,

115 1934 211 1962 ἀσπίσι
229 1934 277 1961 καὶ
291 1934 384 1965 ὅπλοις
409 1933 495 1960 ἅπασι
523 1931 724 1967 πεφραγμένοι,
748 1930 795 1957 καὶ
824 1930 897 1957 ἇπαν

117 1980 195 2015 βέλος
222 1979 353 2015 ἑκηϐόλον
380 1979 408 2005 ὲν
432 1979 523 2013 χεροῖν
554 1977 759 2012 περιφέροντες,
779 1977 826 2004 καὶ
846 1977 896 2004 ὅσα

115 2025 201 2061 θύρας
215 2025 443 2060 ἀναμοχλεύουσιν
457 2024 561 2058 δργανα
574 2024 620 2050 καὶ
633 2023 806 2049 κατασείουσι
820 2023 896 2059 τείχη

116 2072 163 2098 καὶ
192 2071 336 2098 ἀποσπῶσι
363 2070 454 2101 λίθους
476 2070 508 2096 ἐκ
533 2069 683 2104 θεμελίων·
699 2065 736 2095 ὧν
758 2069 782 2095 οἱ
800 2068 849 2103 μὲν
864 2069 897 2096 τὰ

116 2118 180 2154 βέλη
212 2118 367 2152 πέμποντες
397 2115 497 2148 ἔξωθεν
521 2116 592 2142 κατὰ
621 2115 722 2149 πλῆθος
744 2115 792 2141 καὶ
818 2114 898 2149 δίκην

115 2164 222 2199 βαθέω)
245 2163 335 2197 νεφῶν
360 2163 464 2193 πάντας
490 2162 554 2192 τοὺς
579 2160 654 2188 ἔνδον
677 2160 731 2188 τῶν
759 2160 898 2193 ἐπάλξεων

115 2211 258 2245 ἀπήλασαν
273 2210 305 2236 ἐκ
327 2208 375 2235 τοῦ
398 2208 580 2243 παραχρῆμα,
599 2207 680 2242 μηδὲν
693 2207 802 2233 ὁθενοῦν
822 2207 898 2242 ἕχον-

113 2266 164 2288 τας
177 2257 219 2282 ὄπ’
229 2264 269 2288 ον,
283 2255 298 2290 ἢ
311 2255 505 2289 φυλακτήριον,
520 2253 580 2288 ἢδι¹
596 2252 633 2280 ὧν
642 2253 786 2288 ἀμυνεῖται
798 2262 838 2284 τις
852 2252 898 2279 τὸν

115 2303 226 2328 ἐπιόντα
240 2301 380 2336 πολέμιον.
409 2299 452 2336 [Ρ.
466 2299 530 2335 465]
546 2300 577 2326 υἱ
589 2299 616 2325 δὲ
631 2299 665 2326 τὰ
679 2299 898 2334 ὲκμοχλευτήρια

116 2349 245 2382 φέροντες
270 2347 386 2382 δργανα,
411 2346 571 2381 προσιόντες
596 2344 696 2377 ἔξωθεν
711 2345 745 2371 τά
767 2353 797 2371 τε
820 2344 897 2379 τείχη

118 2391 283 2426 πολλαχόθεν
298 2390 447 2426 διώρυττον
460 2391 509 2417 καὶ
523 2391 573 2422 τὰς
598 2390 686 2421 πύλας
701 2389 880 2424 ἀνεμόχλευον
890 2398 897 2406 ο

114 2440 153 2470 ὡς
171 2439 200 2465 ἐν
218 2439 286 2465 πάνυ
302 2437 416 2473 βραχείᾳ
432 2437 528 2473 καιροῦ
546 2438 627 2472 ῥοπῇ,
648 2436 753 2464 πολλῶν
769 2436 898 2472 πολλαχὲ-

116 2485 162 2511 Θεν
177 2483 232 2510 τῶν
246 2484 357 2510 εἰσόδων
369 2483 555 2518 ἀνοιχθεισῶν,
566 2483 669 2514 πάντας
683 2481 769 2517 ἄρδην
784 2482 895 2517 εἰσρυῆ-

116 2539 159 2557 ναι
180 2529 241 2561 τοὺς
257 2529 412 2565 πολεμίους.

151 2575 202 2603 ΙΒ¹.
213 2574 266 2602 Ἦν
278 2576 337 2602 τότε
353 2575 416 2602 ιδεῖν
429 2574 490 2606 τοὺς
502 2575 551 2609 μὲν
564 2574 671 2606 ἀθλίους
687 2575 807 2607 ἐκείνους
822 2575 900 2608 ἀφει-

116 2624 167 2656 δῶς
183 2623 394 2659 ἀναιρουμένους
412 2623 459 2649 καὶ
471 2623 539 2658 πρὸς
554 2623 621 2658 ᾅδην
634 2623 666 2650 ὲκ
681 2624 735 2649 τῶν
748 2623 811 2658 χθὲς
828 2631 899 2657 πεμ-

118 2671 252 2706 πομένους
265 2670 372 2705 δεσμῶν
384 2678 391 2686 ·
405 2670 467 2701 τοὺς
493 2670 521 2696 δὲ
549 2670 629 2704 φόνου
647 2671 777 2701 πνέοντας
799 2670 898 2704 ἄνδρας

946 1580 1005 1599 rum
1023 1577 1050 1600 et
1068 1571 1230 1599 stolidorum
1245 1570 1354 1599 dextras
1376 1572 1536 1600 armavisset
1556 1572 1672 1604 liberali,
1696 1578 1728 1601 ut

946 1618 1075 1650 diximus,
1092 1617 1216 1652 pecuniae
1237 1617 1414 1652 erogatione;
1439 1617 1533 1644 multis
1559 1618 1642 1645 etiam
1670 1619 1727 1646 vini

946 1663 1052 1698 poculis
1069 1662 1180 1697 profuse
1196 1669 1243 1689 eos
1254 1661 1414 1697 ingurgitat,
1429 1667 1458 1689 ut
1474 1662 1501 1689 in
1528 1663 1600 1690 hunc
1616 1663 1728 1692 modum

946 1713 1021 1736 recta
1035 1708 1139 1735 ratione
1152 1707 1261 1735 excussi
1275 1707 1425 1734 furentium
1444 1708 1531 1735 instar
1545 1708 1578 1735 ad
1602 1708 1727 1737 homines

943 1753 1106 1791 jugulandos
1121 1755 1244 1779 ruerent.
1262 1751 1329 1778 Cum
1363 1752 1389 1778 in
1411 1759 1444 1779 eo
1475 1760 1519 1779 res
1538 1750 1643 1785 essent,
1664 1754 1731 1781 solis

946 1806 1028 1827 cursu
1064 1797 1244 1825 meridianum
1275 1796 1330 1830 jam
1367 1796 1497 1824 verticem
1532 1802 1729 1832 praetereunte,

947 1853 1029 1875 ruere
1044 1845 1083 1873 illi
1097 1848 1125 1872 et
1147 1848 1230 1872 totam
1253 1843 1373 1878 undique
1398 1850 1488 1871 arcem
1515 1844 1730 1878 circumsistere,

947 1891 1050 1928 clypeis
1066 1889 1205 1925 armisque
1220 1888 1347 1916 omnibus
1365 1888 1502 1922 instructi,
1516 1894 1543 1917 et
1562 1897 1643 1917 omne
1665 1891 1731 1918 mis-

947 1939 1039 1967 silium
1056 1937 1170 1965 telorum
1184 1942 1270 1971 genus
1284 1934 1411 1963 manibus
1426 1934 1661 1969 circumferentes,
1681 1944 1732 1964 ea-

948 1990 1001 2018 que
1018 1982 1110 2009 omnia
1123 1980 1314 2012 instrumenta,
1330 1986 1390 2014 quae
1402 1979 1493 2011 aut_ad
1524 1984 1664 2013 portarum
1690 1989 1731 2008 re-

949 2029 1045 2065 pagula
1061 2026 1251 2058 convellenda,
1267 2031 1314 2052 aut
1331 2025 1364 2051 ad
1376 2032 1471 2052 muros
1485 2025 1660 2059 quatiendos.
1683 2031 1732 2053 aut

948 2075 981 2103 ad
992 2073 1096 2109 lapides
1110 2080 1125 2099 ο
1142 2070 1327 2099 fundamentis
1341 2069 1507 2097 emovendos
1520 2070 1625 2097 valent.
1638 2070 1677 2097 Ex
1688 2071 1731 2099 his

948 2120 994 2148 alii
1005 2118 1115 2154 quidem
1131 2117 1197 2144 foris
1213 2122 1345 2150 magnam,
1363 2115 1481 2142 telorum
1500 2115 1554 2142 vim
1571 2123 1603 2143 ac
1618 2115 1731 2144 densant

949 2165 1032 2194 veluti
1046 2163 1147 2192 nubem
1160 2161 1240 2197 737
1250 2161 1382 2197 iacientes
1413 2160 1538 2195 repulere
1563 2161 1622 2188 illos
1636 2169 1731 2190 omnes

950 2213 1109 2246 derepente,
1124 2209 1172 2244 qtti
1189 2207 1303 2235 summis
1322 2207 1349 2234 in
1371 2207 1583 2254 propugnaculis
1611 2207 1730 2238 stabant.

947 2257 1032 2286 armis
1048 2256 1231 2289 undecunque
1246 2252 1404 2285 destitutos,
1421 2257 1473 2280 tam
1487 2252 1522 2280 iis
1536 2253 1637 2288 quibus
1666 2261 1730 2280 cor-

948 2311 998 2339 pus
1012 2301 1173 2338 protegitur,
1185 2306 1266 2335 quam
1285 2299 1339 2326 illis
1355 2298 1456 2333 quibus
1487 2298 1617 2334 ingruens
1644 2299 1731 2327 hostis

949 2349 1133 2385 propulsatur.
1150 2346 1203 2374 Alii
1219 2353 1284 2379 vero
1301 2350 1436 2373 tormenta
1462 2345 1576 2373 nturalia
1601 2346 1731 2373 admove-

949 2397 1025 2426 bant,
1041 2394 1208 2430 propiusque
1220 2391 1381 2420 accedentes
1394 2392 1495 2427 passim
1519 2397 1547 2420 et
1561 2400 1654 2420 muros
1669 2400 1732 2427 per-

951 2441 1101 2472 fotliebant,
1112 2443 1140 2467 et
1154 2444 1247 2474 portas
1270 2438 1396 2465 vectibus
1410 2437 1634 2470 labcfactabant;
1650 2437 1685 2464 ita
1703 2442 1733 2465 ut

927 2500 933 2508 -
952 2491 1091 2512 momento
1113 2483 1243 2518 temporis
1264 2483 1398 2518 patefacto
1415 2483 1468 2510 sibi
1493 2483 1586 2510 multis
1610 2483 1639 2510 in
1666 2482 1734 2511 locis

952 2531 1036 2562 aditu,
1059 2530 1177 2558 universi
1189 2537 1300 2565 prorsus
1312 2530 1403 2557 hostes
1415 2529 1574 2564 irruperint.

988 2577 1046 2604 ΧΠ.
1062 2577 1121 2604 Jam
1138 2575 1230 2603 videre
1245 2575 1509 2608 crat,infortunatos
1533 2575 1644 2610 quidem
1672 2575 1734 2602 illos

952 2624 1038 2650 effuse
1049 2621 1179 2653 interimi,
1190 2625 1217 2648 et
1231 2621 1264 2648 ab
1279 2620 1415 2648 hesternis
1425 2621 1541 2648 vinculis
1551 2620 1584 2648 ad
1600 2620 1734 2649 tumulum

955 2668 1095 2696 transferri
1107 2667 1189 2695 :istos
1201 2671 1292 2694 autem
1305 2666 1493 2702 sanguinarios
1504 2666 1580 2694 viros
1590 2666 1623 2694 ad
1636 2666 1737 2694 multas

788 2728 957 2758 Variorum
973 2731 1065 2758 notas.

154 2780 211 2817 (89)
222 2780 308 2813 Quem
322 2779 491 2817 Ξυλόκερκον
508 2783 604 2817 vocant
623 2778 780 2817 scriptores,
797 2778 834 2817 de
846 2786 895 2807 cu-

116 2813 163 2852 jus
177 2816 230 2852 situ
247 2816 353 2852 aginttts
379 2814 654 2852 inﬁcustautinopqu
676 2813 845 2852 Cltrjs_t.__lilt.
865 2821 894 2844 tt,

126 2856 192 2879 sect.
210 2851 234 2883 1,
252 2848 281 2878 ιιῖ
308 2849 351 2883 16,
372 2854 399 2879 et
412 2850 461 2877 lib.
487 2857 523 2882 tv,
535 2853 602 2876 sect.
619 2848 662 2881 15,
679 2857 706 2876 ιι.
720 2848 765 2876 25,
782 2849 895 2876 Ducam.

987 2777 1042 2819 (90)
1058 2778 1189 2819 Ρέοιινιιι.
1207 2778 1255 2806 lib.
1272 2785 1309 2812 tv,
1325 2783 1386 2812 cap.
1401 2776 1446 2805 26.
1461 2775 1528 2805 Vide
1543 2776 1635 2804 Gloss.
1662 2776 1735 2805 med.

949 2813 1057 2844 Graecit.
1074 2813 1190 2841 Ducam.
