1924 3076
168 87 216 118 g7]
294 82 331 118 [Α.
353 90 381 109 ιι.
402 81 545 114 6855,ιλιι.
570 81 614 117 l3]

758 83 965 115 NICEPIIORI
984 84 1175 116 GREGOR/E

1343 83 1410 120 [ιιιιι.
1432 93 1453 112 ι.
1473 91 1587 111 ramos.
1609 83 1637 119 41

1725 83 1778 115 9ῖὲ

159 145 279 173 remedio
293 147 435 171 uterentur
449 143 581 170 adversus
596 147 748 178 tcmporunt
764 143 902 170 fortunam
915 147 943 169 ct

1000 143 1045 178 μὲν
1068 144 1206 179 ὴὲκείνου
1234 145 1329 179 γέγονε
1351 144 1544 183 utamini;
1570 153 1600 170 τε
1624 143 1669 170 διὰ
1682 146 1779 172 πενίαν

144 191 346 221 'calamitatcs,
364 197 441 224 teque
466 194 494 216 ιιι
518 195 597 216 antea
621 189 792 222 subeuntes;
820 189 884 215 item
909 189 942 216 iis

157 238 205 272 qui
227 237 363 264 vindicata
394 235 468 262 illius
495 234 637 262 malefacta
660 235 755 262 vidcrc
781 234 941 270 cupiebant,

158 288 304 317 antequam
318 281 510 316 desperatione
529 285 641 308 auctore
665 280 742 307 nefas
759 280 810 314 ipsi
831 280 941 315 aliquod

158 331 331 365 susciperent
346 338 351 355 :
365 328 559 355 documentum
577 335 642 354 vero
653 327 768 358 exstitit.
790 334 844 361 quo
859 327 943 353 auda-

159 377 258 408 ciores,
273 380 301 403 ct
318 376 334 402 ii
359 375 407 409 qui
424 374 500 401 nullo
519 378 591 400 metu
617 372 742 400 deterriti
769 381 800 400 ea
825 377 941 405 tentant,

159 430 218 457 quae
237 423 368 449 intentata
391 427 451 447 esse
475 423 595 453 oportet,
610 419 643 445 ad
659 418 796 445 saniorem
823 423 941 445 mentem

158 472 362 494 revocarentur.
375 465 455 500 734
468 464 501 492 Et
513 463 569 491 hate
583 463 692 499 quidem
705 464 732 490 in
747 463 820 491 hunc
831 463 942 490 modum

158 519 231 548 gesta
247 517 321 539 sunt.

191 558 262 585 Vlll.
286 557 421 584 (la-terum
449 560 595 589 antequam
622 554 688 582 foris
713 555 858 589 quisquam
888 557 943 580 tra-

158 604 276 639 guadiam
304 603 377 629 illam
414 601 614 637 persensissct,
638 600 728 635 ruptis
760 599 889 626 omnibus
916 603 944 626 et

157 650 275 677 vinculis
301 654 329 675 ct
354 648 478 680 catenis,
505 647 623 673 maxima
657 653 719 672 cum
745 645 884 680 voluptate
909 644 943 671 ad

157 695 298 723 cadaveris
315 693 501 729 spectaculum
523 698 668 719 accurrere
683 691 701 718 ii
716 691 763 726 qui
785 691 812 718 in
833 697 944 717 carcere

158 745 247 773 erant,
266 740 338 767 haud
369 739 460 766 minus
474 738 610 766 ducentis.
635 737 675 764 Ex
693 737 794 771 quibus
816 743 885 762 unus
905 734 945 762 fa-

158 788 220 814 brili
235 787 307 814 ascia
321 785 433 822 (etenim
451 785 526 812 ensis
538 783 632 811 nullus
648 788 747 818 praesto
762 782 832 816 erat)
848 784 940 815 caput,

158 834 192 861 ab
205 833 320 867 reliquis
335 832 466 859 membris
479 831 642 863 abscissum,
659 837 742 863 super
756 827 871 862 fastigiis
886 834 945 853 mu-

155 886 250 906 rorum
263 878 370 911 statuit,
399 885 454 912 quo
472 876 644 903 manifestum
669 875 744 902 ﬁeret
756 874 822 901 illud
838 873 944 900 facinus

158 926 293 952 universae
316 923 497 956 multitudini,
521 930 581 958 qum
606 923 782 949 extrinsecus
804 920 859 955 jam
881 927 944 953 pro-

158 974 217 1004 pter
240 977 334 996 muros
357 968 491 995 torrentis
517 968 602 994 instar
619 966 795 997 confluebat;
817 969 846 991 et
870 969 900 991 ut
925 963 943 990 ii

157 1016 268 1050 quidem
291 1022 397 1047 omnes,
425 1015 470 1048 qui
498 1013 574 1041 illum
611 1019 712 1047 genere
739 1009 943 1044 contingebant,

158 1067 206 1089 aut
236 1061 326 1096 aliqua
351 1060 483 1088 societate
507 1067 569 1086 cum
593 1066 626 1085 eo
658 1057 799 1093 conjuncti
823 1056 943 1088 fuerant,

158 1109 252 1135 labore
273 1108 352 1134 irrito
370 1105 595 1141 sttpcrsedercnt,
611 1104 746 1131 exstincta
760 1110 874 1138 prorsus
889 1102 944 1128 sal-

159 1163 220 1180 \Ilm
243 1154 319 1180 illum
336 1151 452 1179 habendi
469 1159 536 1186 spe:
560 1157 742 1185 qttoscunque
756 1156 821 1176 vero
842 1148 887 1176 ille
903 1149 945 1175 in-

159 1202 251 1227 fensos
268 1199 412 1230 habuerat,
437 1197 456 1224 ii
478 1197 571 1224 animo
597 1196 840 1227 confirmarentur,
864 1195 944 1222 ades-

158 1250 275 1280 scutque
291 1245 463 1273 extrinsecus
490 1244 551 1272 sine
570 1243 626 1270 ullo
652 1247 726 1270 metu
755 1241 869 1276 iis,qui
895 1248 945 1276 pro

159 1292 301 1319 communi
329 1289 666 1318 libertaterertavisscnt.
683 1288 785 1316 Deinde
803 1295 831 1316 se
855 1288 881 1315 in
899 1295 945 1314 or-

159 1340 238 1366 dines
260 1343 288 1366 et
311 1337 469 1371 manipulos
502 1335 723 1367 distribuerunt,
749 1339 945 1369 portarumque

160 1388 188 1410 et
204 1382 472 1417 propugnaculorum
491 1380 644 1408 custodiam
659 1379 749 1407 sortiti
763 1383 838 1406 sunt.

194 1427 242 1453 IX.
260 1427 295 1453 At
319 1433 418 1460 magno
442 1425 508 1460 ipsis
524 1424 721 1460 impedimento
736 1427 808 1456 erat,
824 1429 879 1458 quo
895 1422 946 1450 mi-

991 189 1040 216 οὐκ
1073 191 1182 225 ἔχουσιν
1209 192 1262 226 ὅτῳ
1287 192 1434 226 χρήσονται
1465 192 1604 225 φαρμάκῳ
1633 191 1702 225 πρδς
1728 191 1778 221 τὰς

991 237 1122 269 ἐπιούσας
1134 237 1235 272 ὁμοίως
1245 236 1292 263 τοῦ
1302 236 1399 271 χρόνου
1410 236 1493 270 τύχας
1503 236 1549 262 καὶ
1563 236 1604 272 [Ρ.
1616 235 1679 271 461]
1691 236 1779 272 κῆρας

991 283 1040 310 καὶ
1054 280 1093 314 οἷς
1109 283 1202 316 ἔφεσις
1226 281 1280 308 τῶν
1299 282 1392 313 κακῶς
1421 281 1467 308 ὑπ’
1481 281 1564 308 αὑτοῦ
1580 281 1779 316 πραττομένων

991 328 1129 363 ἐκδίκησιν
1159 327 1309 355 θεάσασθαι
1345 325 1390 362 ἦν,
1420 327 1487 362 πρὶν
1524 326 1680 360 ἀπογνώσει
1709 328 1780 360 σφᾶς

991 374 1140 405 δεδωκότας
1153 373 1182 399 ἐν
1196 382 1223 400 τι
1238 373 1401 409 πεπονθέναι
1415 373 1468 400 τῶν
1481 373 1618 407 ἀθεμίτων
1632 381 1641 389 ⁸
1658 372 1705 399 καὶ
1719 373 1779 407 ἅμα

992 419 1194 454 παιδευτήριον,
1210 419 1237 450 ές
1253 417 1284 445 τὸ
1302 418 1410 453 σῶφρον
1438 418 1501 449 τοὺς
1524 418 1710 453 θρασυτέρους
1732 418 1780 444 ἀν-

993 464 1095 496 θέλκον,
1111 464 1157 490 καὶ
1172 461 1212 496 οἷς
1228 464 1261 490 τὰ
1276 464 1417 499 ἀτόλμητα
1433 464 1480 498 ξὺν
1494 464 1583 491 οὐδενὶ
1604 464 1660 491 δέει
1676 463 1780 498 τολμᾶ-

991 519 1047 537 ται.
1065 511 1119 537 Καὶ
1133 510 1219 537 ταῦτα
1232 510 1282 545 μὲν
1298 510 1390 537 τοῦτον
1405 510 1467 546 έσχε
1482 510 1527 537 τὸν
1543 511 1654 546 τρόπον.

1029 554 1070 582 H'.
1088 555 1155 588 Πρίν
1180 563 1211 588 γε
1231 555 1285 590 μὴν
1298 555 1426 589 αἴσθησιν
1440 555 1488 582 τοῦ
1511 555 1650 589 δράματος
1666 555 1782 589 ἐγγενέ-

994 601 1056 628 σθαι
1068 602 1124 632 τοῐς
1139 601 1201 634 ἔξω,
1211 600 1300 636 δεσμὰ
1312 601 1401 628 πάντα
1415 601 1461 627 καὶ
1479 602 1587 633 κλοιοὺς
1598 601 1624 628 οἱ
1639 601 1781 636 δεσμῶται

995 645 1124 680 ῥήξαντες
1140 646 1179 676 είς
1196 646 1245 680 τὴν
1269 645 1316 672 τοῦ
1340 645 1486 680 πτώματος
1507 645 1572 672 θέαν
1596 646 1665 681 μετὰ
1688 646 1782 682 πάσης

993 691 1136 724 ἐπεξέθεον
1151 691 1259 727 ἡδονῆς,
1275 691 1306 718 οὐ
1330 692 1406 726 μεῖον
1427 691 1572 718 διακοσίων
1588 691 1760 727 ὑπάρχοντες
1772 699 1780 707 ⁶

993 735 1030 765 ὧν
1045 735 1084 769 εἷς
1106 746 1147 769 τις
1169 738 1317 773 σκεπάρνῳ
1333 738 1481 773 τεκτονικῷ
1498 737 1586 773 (ξίφος
1602 739 1656 772 γὰρ
1675 738 1781 772 ἥκιστα.

995 784 1100 819 παρῆν)
1128 783 1174 810 τοῦ
1198 784 1292 810 λοιποῦ
1307 784 1356 818 τὴν
1370 783 1491 819 κεφαλὴν
1505 784 1673 819 ἀφελόμενος
1686 783 1784 818 σώμα-

995 839 1041 861 τος
1066 830 1112 856 ἐπὶ
1136 830 1185 864 τῆς
1208 829 1346 862 ἑπάλξεως
1370 829 1497 864 ἔστησεν,
1522 829 1594 859 ὥστε
1622 830 1782 864 καταφανὲς

995 875 1122 910 γενέσθαι
1140 875 1170 902 τὸ
1185 875 1275 910 δρᾶμα
1288 875 1335 901 καὶ
1352 876 1420 902 πᾶσι
1434 876 1491 906 τοῖς
1519 874 1618 907 ἔξωθεν
1633 875 1683 910 ἤδη
1704 874 1783 910 παρα

995 921 1029 948 τὰ
1053 921 1129 956 τείχη
1156 921 1312 956 ποταμηδδν
1334 921 1470 955 είσρέουσι
1499 920 1614 956 δήμοις·
1633 920 1698 947 ὥσθ’
1724 921 1784 956 ᾇσοι

997 967 1046 1003 μὲν
1060 967 1135 1003 αὐτῷ
1153 975 1225 995 κατα
1249 966 1327 1001 γένος
1344 967 1361 1001 ἢ
1379 966 1442 993 καθ’
1469 968 1607 1003 ἑταιρείαν
1622 965 1679 994 εἷεν
1696 975 1785 1001 προσ-

995 1015 1107 1050 ήκοντες
1123 1014 1222 1050 μηκέτι
1238 1015 1330 1040 πονεῖν
1345 1014 1477 1049 ἀνήνΰτα,
1494 1015 1586 1050 πάσης
1604 1014 1705 1045 τελέως
1720 1014 1784 1040 σϐε-

997 1061 1105 1096 σθείσης
1133 1061 1181 1087 τοῦ
1198 1061 1247 1096 ζῇν
1265 1061 1370 1087 ἐκεῖνον
1385 1060 1514 1092 ὲλπίδος’
1533 1061 1591 1087 ὅσοι
1607 1061 1630 1087 δ’
1653 1061 1783 1095 ἀπεχθῶς

995 1105 1067 1142 εἶχον
1092 1107 1127 1134 αὖ
1149 1107 1219 1140 πρὸς
1239 1108 1353 1139 ἐκεῖνον,
1373 1106 1486 1138 τούτους
1517 1107 1541 1134 δ’
1571 1106 1710 1143 ἐρρῶσθαι
1731 1107 1785 1138 τὰς

995 1154 1126 1186 διανοίας,
1147 1154 1195 1180 καὶ
1218 1153 1373 1188 συμμαχεῖν
1388 1154 1487 1186 ἔξωθεν
1503 1153 1590 1185 ἀδεῶς
1604 1154 1660 1184 τοῖς
1676 1153 1785 1180 ἔνδοθεν

996 1200 1066 1235 ὑπὲρ
1082 1200 1131 1234 τῆς
1149 1199 1243 1234 κοινῆς
1258 1199 1413 1235 ἐλευθερίας
1437 1199 1647 1234 ἠγωνισμένοις.
1665 1199 1785 1226 Ἔπειτα

995 1247 1128 1278 διελόντες
1157 1246 1269 1277 ἑαυτοὺς
1287 1245 1328 1277 εἰς
1352 1245 1444 1278 τάξεις
1468 1245 1515 1272 καὶ
1541 1245 1641 1280 μοίρας
1664 1244 1715 1280 τὴν
1728 1243 1785 1272 τῶν

996 1292 1087 1319 πυλῶν
1101 1292 1169 1327 ὁμοῦ
1183 1292 1230 1318 καὶ
1245 1291 1384 1324 ἐπάλξεων
1402 1291 1524 1326 διέλαχον
1540 1290 1676 1326 φυλακήν.

1033 1429 1073 1458 Θ”.
1092 1429 1230 1463 Μέγιστον
1258 1429 1281 1455 δ’
1305 1429 1379 1463 ὅμως
1405 1428 1512 1464 ὑπῆρχέ
1537 1438 1628 1464 σφισιν
1656 1430 1785 1465 ἐμπόδιον

161 1481 213 1501 nus
229 1473 303 1500 illius
321 1472 466 1508 insperata:
485 1470 584 1498 salutis
608 1469 802 1497 conservanda:
829 1468 946 1496 faculta-

1000 1477 1036 1507 εἰς
1049 1475 1100 1510 τὴν
1114 1476 1164 1510 τῆς
1178 1475 1333 1510 παραδόξου
1348 1476 1467 1510 ταυτησὶ
1492 1476 1629 1510 σωτηρίας
1648 1485 1786 1512 συντηρη-

163 1525 216 1546 tem
242 1517 385 1549 haberent,
403 1523 499 1544 eorum
516 1521 576 1550 quae
603 1513 635 1541 ad
659 1513 761 1540 victum
791 1512 946 1540 necessaria

161 1570 225 1591 sunt
251 1563 353 1599 inopia,
378 1567 574 1596 armorumque
600 1565 626 1588 et
657 1559 774 1587 telorum
797 1558 899 1592 quibus
918 1565 948 1585 se

162 1603 342 1637 defenderent
373 1607 497 1643 penuria.
516 1607 576 1634 Non
601 1605 675 1632 enim
700 1603 849 1635 habebant,
873 1603 948 1630 unde

163 1658 241 1685 lacile
255 1660 284 1684 et
297 1664 313 1683 e
328 1654 445 1689 vestigio
460 1661 492 1682 ea
505 1660 566 1688 quae
580 1652 641 1679 usui
658 1655 751 1679 essent
766 1650 946 1682 deveherent;

163 1713 224 1732 t-uut
237 1704 295 1739 ipsa
314 1703 422 1730 occasio
444 1701 471 1728 id
485 1700 558 1736 quod
575 1703 762 1735 perpetratum
775 1702 850 1730 erat,
866 1697 948 1724 mini-

166 1760 208 1778 me
236 1749 466 1786 praemeditatum,
490 1754 524 1775 ex
551 1752 673 1781 tempore
697 1745 887 1780 suggessisset.
910 1743 947 1770 Ea

165 1806 256 1826 tamen
283 1805 342 1832 qute
366 1800 458 1824 secuta
488 1798 530 1822 est
558 1798 649 1825 nocte,
664 1799 725 1819 Cum
747 1791 785 1817 illi
807 1797 905 1817 outnes
920 1789 948 1816 in

165 1845 282 1872 maxima
295 1841 500 1878 perturbatione
522 1845 707 1873 curarumque
722 1842 789 1864 aestu
807 1843 949 1864 versaren-

165 1898 218 1924 tur,
239 1890 315 1918 venit
342 1889 376 1916 de
394 1887 554 1914 triremibus
579 1885 705 1913 Galatatis
722 1892 784 1915 una,
798 1883 871 1910 circa
893 1889 950 1909 me-

164 1938 236 1965 diam
254 1937 338 1963 ferme
359 1938 479 1965 noctcm,
505 1932 539 1959 ab
558 1931 693 1958 maritimo
716 1937 794 1956 muro
809 1935 907 1964 panem
922 1931 950 1954 et

168 1985 258 2011 tinum
274 1986 432 2016 apportans,
443 1984 471 2006 et
486 1977 566 2014 735
585 1976 718 2012 quidquid
740 1976 863 2003 ciborum
877 1974 950 2001 illius

168 2027 337 2063 tempestatis
355 2024 486 2060 iniquitas
505 2021 698 2050 concedebat:
715 2022 780 2047 item
794 2018 950 2054 promissio-

141 2083 144 2086 ί
168 2082 217 2102 nes
233 2079 260 2101 et
285 2073 401 2108 benigna
427 2070 522 2102 verba,
536 2067 695 2096 utrumlibet
720 2066 760 2093 illi
776 2066 866 2092 facere
885 2063 951 2091 mal-

167 2122 231 2147 lcnt.
250 2119 278 2146 Si
293 2118 367 2145 enim
382 2123 491 2144 manere
518 2115 555 2142 ibi
578 2113 663 2141 satius
682 2113 825 2144 ducerent,
838 2110 950 2138 allatum

998 1522 1076 1556 τικὴν
1093 1521 1199 1548 ἑαυτῶν
1221 1521 1339 1556 δύναμιν
1353 1521 1370 1557 ἦ
1385 1530 1415 1548 τε
1430 1523 1486 1548 τῶν
1499 1523 1568 1558 πρὸς
1583 1523 1614 1549 τὺ
1636 1522 1686 1559 ζῇν
1701 1525 1788 1559 ἀναγ-

998 1569 1083 1595 καίων
1097 1567 1193 1599 σπάνις
1214 1568 1261 1595 καὶ
1277 1568 1292 1603 ή
1308 1569 1362 1595 τῶν
1377 1568 1467 1595 ὃπλων
1480 1576 1510 1595 τε
1525 1570 1571 1596 καὶ
1588 1569 1643 1596 τῶν
1656 1571 1783 1605 ἀμυντη-

999 1615 1065 1650 ρίων
1095 1613 1181 1649 βελῶν
1213 1613 1312 1641 ἔνδεια.
1331 1614 1369 1640 Οὐ
1400 1615 1454 1649 γὰρ
1485 1612 1559 1649 εῐχον
1587 1616 1649 1643 ὅθεν
1674 1617 1707 1644 ὲκ
1736 1617 1786 1644 τοῦ

999 1661 1171 1695 παραχρῆμα
1208 1661 1297 1696 ῥᾷστα
1334 1660 1494 1695 κομίσονται
1522 1662 1556 1688 τὰ
1587 1661 1637 1697 τῆς
1668 1663 1785 1698 χρείας,

999 1705 1202 1740 ἀπροσδόκητον
1243 1705 1424 1740 σχεδιασάσης
1457 1706 1506 1741 τῆς
1541 1707 1729 1741 περιστάσεως
1754 1708 1786 1735 τὸ

1000 1751 1130 1786 πραχθέν.
1149 1751 1243 1786 Ὅμως
1265 1750 1316 1786 τῆς
1338 1752 1435 1783 νυκτδς
1453 1751 1583 1787 ἐπιούσης
1598 1753 1719 1789 ἐκείνης,
1739 1754 1787 1781 καὶ

999 1796 1108 1824 πάντων
1135 1796 1247 1823 ἐκείνων
1269 1796 1298 1823 ὲν
1325 1796 1393 1832 ζάλῃ
1419 1798 1467 1824 καὶ
1489 1799 1623 1834 τρικυμῖᾳ
1646 1799 1787 1835 λογισμῶν

999 1841 1177 1878 ὑπαρχόντων
1194 1842 1321 1878 μεγίστῃ,
1338 1840 1391 1879 ἦκε
1413 1845 1529 1880 τριήρης
1546 1845 1578 1872 ἐκ
1593 1845 1648 1872 τῶν
1664 1846 1787 1874 Γαλάτου

999 1888 1064 1923 περὶ
1081 1889 1167 1923 μέσας
1191 1898 1243 1915 που
1268 1889 1379 1924 νύκτας,
1395 1891 1427 1917 ὲκ
1451 1890 1499 1918 τοῦ
1527 1892 1663 1926 παραλίου
1679 1894 1787 1928 τείχους

1000 1935 1149 1970 κομίζουσα
1171 1935 1277 1966 τούτοις
1292 1937 1375 1972 ἄρτον
1392 1937 1440 1965 καὶ
1462 1935 1544 1972 οἶνον,
1561 1939 1608 1967 καὶ
1624 1939 1675 1966 ὅσα
1689 1940 1721 1967 τὸ
1736 1941 1787 1976 τῆς

1000 1981 1075 2017 ὥρας
1101 1981 1250 2018 συνεχώρει
1277 1984 1370 2010 στενὸν
1393 1984 1525 2019 ἐδώδιμα,
1546 1986 1594 2012 καὶ
1616 1986 1674 2021 ἅμα
1697 1987 1784 2021 ἑπαγ-

1000 2027 1093 2061 γελίας
1123 2030 1170 2056 καὶ
1195 2028 1407 2064 φιλανθρώπους
1431 2029 1536 2064 λόγους,
1562 2031 1626 2058 καθ’
1656 2033 1788 2069 ὁπότερον

1001 2073 1139 2109 βούλοιντο
1152 2074 1237 2110 δρᾷν·
1261 2075 1317 2102 εἴτε
1341 2075 1433 2109 μένειν
1458 2077 1633 2111 αἱρουμένοις
1660 2079 1787 2114 κομίζειν

1002 2119 1030 2150 ὲς
1058 2117 1107 2153 τῂν
1133 2119 1279 2154 ὑστεραίαν
1305 2120 1376 2148 ὅπλα
1401 2121 1448 2147 aut
1474 2121 1539 2157 βέλη
1565 2123 1703 2157 πολέμια·
1737 2125 1787 2151 εἰτ’

160 2168 198 2194 ,ιι-ἱ
215 2165 346 2201 postridie
367 2171 442 2190 arma
460 2161 526 2196 ipsis
553 2165 581 2188 et
603 2160 656 2188 tela
674 2159 782 2187 hostilia
799 2167 806 2185 :
823 2158 866 2185 sin
885 2157 946 2184 inde

1002 2165 1107 2191 ἐκεῖθεν
1120 2165 1340 2194 ἀπαλλάττεσθαι
1352 2167 1395 2194 διὰ
1412 2168 1482 2200 δέος,
1497 2168 1624 2202 δέξασθαι
1638 2169 1788 2205 προθύμως

166 2214 201 2240 ob
214 2216 314 2239 metum
331 2210 448 2245 migrare
469 2208 653 2238 destinarent,
669 2213 716 2233 eos
731 2212 760 2232 se
776 2204 903 2231 alacriter
922 2202 949 2229 in

167 2258 324 2292 tn'aasid'tum
346 2263 424 2284 suum
443 2254 589 2283 Galataeum
609 2256 778 2287 recepturos,
792 2254 820 2278 et
840 2257 949 2277 omnem

169 2305 235 2340 ipsis
251 2303 426 2331 securitatem
443 2300 624 2336 praestituros.
639 2298 701 2325 Haec
724 2305 785 2324 cum
804 2296 948 2328 dixissent,

169 2354 278 2379 domum
314 2349 464 2380 redierunt,
489 2348 559 2375 bona
586 2353 634 2381 spe
658 2345 691 2372 iis
711 2345 805 2372 relicta
817 2343 863 2379 qui
880 2344 950 2370 intra

169 2405 277 2425 murum
301 2395 491 2426 versabantur,
515 2393 562 2420 sed
592 2400 652 2427 qua:
680 2391 712 2418 ad
730 2390 832 2417 bonum
855 2389 950 2417 :xitum

169 2452 221 2471 non
239 2441 374 2478 pervenit.
399 2439 538 2474 Siquidem
559 2437 720 2473 imperatrix
746 2435 836 2468 Anna,
861 2435 954 2463 missis

169 2489 327 2518 hominibus
338 2488 399 2522 (nec
414 2486 487 2513 cuitu
505 2491 564 2512 eam
578 2483 605 2510 id
623 2482 695 2517 quod
708 2481 843 2508 acciderat
861 2479 952 2514 latuit)

167 2535 356 2571 praeclusoque
381 2532 468 2563 aditu,
493 2530 642 2557 adventura
658 2526 779 2555 inhibuit
793 2526 953 2562 appulsum-

168 2591 222 2617 que
246 2581 318 2609 illius
344 2579 503 2606 Latinorum
519 2584 625 2608 manus,
643 2582 703 2610 qua:
717 2573 870 2601 clanculum
884 2573 954 2600 attu-

170 2635 230 2656 tura
248 2632 307 2655 erat
321 2625 466 2662 postridie.

206 2675 238 2702 Χ.
265 2674 303 2701 Ea
317 2680 361 2700 res
376 2673 503 2700 obsessos
517 2669 579 2697 illos
593 2667 626 2695 ad
647 2666 865 2702 desperationem
879 2673 955 2694 com-

169 2723 246 2758 pulit.
262 2721 367 2755 Quippe
379 2727 431 2746 uec
445 2724 520 2745 arma
544 2717 578 2744 iis
591 2719 679 2748 erant,
703 2714 804 2748 quibus
830 2719 955 2748 protege-

170 2774 278 2800 rentur,
296 2775 346 2794 nec
361 2766 481 2801 clypeus,
499 2771 550 2791 ttec
564 2769 656 2794 arcus.
676 2767 726 2788 nec
749 2760 834 2787 ullutn
850 2760 883 2787 ad
899 2761 955 2786 vim

169 2814 383 2849 propulsandam
400 2812 494 2840 telum.
511 2811 550 2838 Ac
570 2813 701 2848 prrcterea
733 2807 874 2843 neglectus
897 2807 955 2842 pri-

1002 2211 1030 2242 ὲς
1051 2211 1081 2237 τὸ
1103 2211 1132 2237 ὲν
1157 2212 1213 2243 τοῖς
1229 2211 1350 2239 Γαλάτου
1375 2214 1450 2248 σφῶν
1473 2214 1563 2240 αὐτῶν
1586 2215 1727 2250 φρούριον,
1740 2217 1789 2243 καὶ

1002 2256 1092 2283 πᾶσαν
1126 2258 1358 2293 περιποιήσασθαί
1391 2267 1483 2292 σφισιν
1515 2260 1676 2294 ἀσφάλειαν.
1705 2261 1788 2288 Ταῦτ’

1002 2303 1126 2335 εἰπόντες
1155 2303 1311 2339 ἐπανῄεσαν
1325 2305 1426 2336 οῑκαδε,
1451 2306 1574 2341 χρηστὰς
1596 2306 1707 2337 ἐλπίδας
1739 2308 1789 2342 μὲν

1002 2351 1059 2380 τοῖς
1074 2350 1148 2381 ἐντὸς
1163 2349 1270 2385 τείχους
1285 2351 1494 2382 καταλιπόντες.
1508 2353 1558 2379 οὐκ
1573 2354 1613 2384 είς
1631 2354 1750 2388 χρηστὸν
1764 2355 1786 2380 δ’

1003 2394 1050 2423 οὖν
1079 2396 1166 2431 πέρας
1190 2397 1364 2432 ὲληλυθυίας.
1393 2398 1530 2433 Πέμψασα
1553 2399 1608 2435 γὰρ
1632 2401 1648 2435 ἡ
1681 2401 1788 2435 βασιλὶς

1006 2443 1090 2470 Ἀννα
1114 2443 1154 2476 (οὺ
1173 2443 1226 2477 γὰρ
1244 2442 1367 2478 ἐλελήθει
1393 2444 1424 2470 τὸ
1452 2446 1575 2479 γεγονὸς)
1601 2446 1743 2480 ἀπέφραξέ
1759 2456 1790 2474 τε

1005 2487 1052 2514 καὶ
1070 2488 1226 2523 ἀνεχαίτισε
1248 2489 1297 2524 τὴν
1320 2489 1413 2524 έςροδόν
1426 2498 1456 2517 τε
1475 2491 1522 2517 καὶ
1541 2492 1586 2518 τὸν
1600 2492 1727 2519 εἴσπλουν
1741 2494 1789 2529 τῆς

1005 2534 1098 2569 κρύφα
1124 2533 1274 2569 μελλούσης
1295 2535 1401 2562 ἐπιέναι
1425 2537 1573 2572 Λατινικῆς
1588 2538 1617 2568 ἐς
1634 2538 1686 2573 τὴν
1711 2538 1790 2565 ὑστεο

1006 2580 1086 2615 ραίαν
1105 2580 1256 2614 δυνάμεως.

1043 2670 1085 2707 [Ρ.
1096 2670 1160 2706 4621
1177 2670 1205 2698 ι’.
1216 2670 1302 2697 Τοῦτο
1309 2670 1377 2704 πρὸς
1387 2671 1543 2705 ἀπόγνωσιν
1559 2673 1648 2707 ἤγαγε
1661 2673 1724 2705 τοὺς
1737 2682 1791 2701 τει-

1005 2718 1101 2754 χήρεις
1113 2717 1243 2748 ἐκείνους.
1255 2716 1323 2743 Οὔτε
1335 2716 1389 2752 γὰρ
1401 2717 1482 2745 ὃπλσν
1497 2716 1530 2754 ἦν
1547 2727 1639 2753 σφισιν
1650 2720 1728 2748 οὐδὲν
1742 2730 1791 2755 φυ-

1008 2763 1165 2797 λακτήριον,
1181 2761 1238 2789 οὔτ’
1250 2762 1344 2794 ἀσπὶς,
1359 2762 1422 2790 οὗτε
1439 2763 1525 2797 τόξον,
1543 2764 1604 2791 οὔτε
1620 2765 1696 2801 βέλος
1713 2767 1791 2793 οὐδὲν

1004 2809 1194 2850 γὰμυντήριοψ
1214 2809 1260 2835 καὶ
1286 2807 1354 2843 πρός
1377 2816 1408 2842 γε
1431 2808 1461 2835 τὸ
1488 2810 1574 2844 τεῖχος
1600 2810 1734 2847 ἀμεληθὲν
1760 2812 1791 2838 ἐκ
