1924 3076
107 140 160 173 913
299 135 338 171 [Α.
358 141 385 162 c.
407 130 488 168 1345]

618 130 837 162 BYZAN'I‘.N.‘E
859 129 1047 160 lllSTUlllsE
1069 130 1138 160 LIB.
1163 130 1237 161 XIV.

1295 127 1361 160 [ινιι.
1387 135 1406 152 ι.
1429 133 1548 153 r.\t..r.ut..
1573 125 1600 160 41

1671 127 1724 159 9η

109 196 207 224 πολλοῦ
222 195 370 230 διερρωγδς
389 189 423 228 ἦν
437 192 471 219 τὰ
486 191 598 219 πλεῖστα
616 192 688 226 μέρη
702 191 749 217 τοῦ
766 199 794 216 τε
809 199 872 225 περι

951 190 999 217 lem
1022 193 1115 218 n‘tu'r'us
1140 191 1232 218 hiabat
1253 190 1387 225 plerisque
1415 190 1440 216 in
1458 189 1581 224 partibus
1608 188 1724 216 circum-

109 243 195 271 πάτου
210 242 256 268 καὶ
273 240 328 267 τῶν
339 237 489 271 ἐπάλξεων.
502 238 559 273 Τήν
574 237 624 272 μὲν
642 236 689 263 οὖν
701 236 785 264 νύκτα
801 236 891 262 πᾶσαν

109 289 219 323 εκείνην
242 286 329 317 οὕτως
345 284 389 312 ἐπ’
409 283 515 310 ἐλπίσιν
539 282 793 318 ἀμφισϐητησίμοις
815 281 892 312 ὲντδς

108 335 215 370 τείχους
225 332 384 367 ηὐλίσαντο,
400 331 450 362 τάς
461 328 490 356 τε
505 329 590 361 πύλας
602 329 781 364 φυλάττοντες
796 328 843 355 καὶ
858 327 892 354 τὰ

89 381 185 420 ,τείχη
207 379 372 414 περιιόντες.
391 377 493 404 ’Έωθεν
513 376 535 402 δ’
555 377 592 407 ώς
609 374 678 403 εἶδον
699 376 828 412 σύρφακα
844 375 892 402 καὶ

109 426 217 462 χυδαῖον
239 424 327 459 ὄχλον,
344 422 420 458 παρὰ
443 422 490 448 τὸν
515 422 624 456 γείτονα
650 422 790 453 συνιόντας
812 420 893 447 ίππό-

109 474 216 508 δρομον¹
232 471 287 507 (89)
318 470 383 502 θέας
408 470 510 501 εἵνεκα,
529 468 576 495 καὶ
603 468 705 504 ἥκιστα
736 466 892 502 συμμαχίας

111 517 280 554 ἡστινοσοῦν,
301 516 331 548 ἐξ
346 513 384 543 ὧν
408 524 440 549 γε
459 514 606 550 ἡλπίκασιν
639 513 740 549 (ᾤοντο
752 513 817 547 γὰρ,
832 512 893 537 ἐπεὶ

113 564 225 598 μισητὺς
245 563 352 597 ὑπῆρχε
366 562 423 592 τοῖς
436 560 508 591 ὅλοις
533 559 626 594 σχεδὸν
639 558 796 590 Βυζαντίοις
815 557 894 584 Ἀπό-

111 617 223 639 καυκος,
239 607 361 638 ἅπαντας
389 606 464 642 ἥξειν
486 605 577 637 εὐθὺς,
599 604 801 634 στασιάσαντας
822 601 893 628 κατὰ

110 655 165 681 τῶν
185 653 325 689 ἀρχόντων
349 652 396 679 καὶ
416 651 557 687 βασιλέων,
575 649 777 682 ἀπαλλάξαντος
804 648 834 674 ὃν
856 647 892 678 ὡς

110 699 244 734 τύραννον
271 696 435 732 έδεδίεσαν)·
464 696 502 727 ὡς
528 695 574 722 οὖν
598 695 680 730 ἕτερα
706 691 765 720 ἀνθ’
791 692 893 728 ἐτέρων

111 745 206 780 ἐώρων
230 743 278 771 καὶ
295 744 326 770 οὐ
347 743 416 770 κατά
441 741 556 777 γνώμην
575 740 674 776 ἐχώρει
697 739 730 766 τὰ
756 738 893 774 δρώμενα,

111 789 177 824 περὶ
193 787 344 822 διαλλαγῶν
356 787 476 822 ὡμίλουν
487 782 543 817 τοῖς
557 785 656 818 ἔξωθεν
681 783 750 820 πρὸς
774 783 823 817 τῆς
845 782 894 817 βα-

113 835 213 866 σιλίδος
241 834 327 861 ῑοῡσιν
354 833 466 867 Ἀννης.
495 831 551 858 Καὶ
575 831 634 866 τάχ’
661 830 694 857 ἂν
721 828 845 863 ἐγίγνετὸ
866 836 893 854 τι

112 880 231 917 χρηστὸν
247 878 375 912 ἐκείνοις,
388 879 413 904 ει
437 878 474 913 μή
499 885 572 907 τινος
599 875 739 910 δαιμονίου
755 873 895 901 κεκώλυκε

114 926 261 962 βασκανία.
284 925 355 952 Ἀλλ’
380 924 474 961 ἐχρῆν,
499 924 537 955 ὡς
564 923 662 955 ἔοικεν,
693 923 724 948 ἐν
750 920 896 955 Θεομηνίας

113 973 220 1009 καιροῖς
243 971 326 1007 μηδὲν
349 970 502 1005 ἁτόλμητον
528 968 702 1004 παροφθῆναι
730 966 785 994 τῶν
802 964 899 1001 ἀθεμί-

64 1038 68 1040 -
113 1027 178 1047 των.
197 1019 279 1053 Ἔσχε
296 1018 324 1044 δὲ
343 1016 440 1049 οὕτως.

151 1109 204 1137 lA'.
227 1109 260 1136 'H
273 1108 321 1135 τοῦ
342 1107 516 1135 Ἀποκαύκου
530 1107 611 1143 γυνὴ,
625 1106 654 1134 τδ
675 1106 815 1141 ἐνδόσιμον
829 1108 898 1141 πρὸς

114 1157 164 1191 τῆς
189 1155 322 1191 βασιλίδος
342 1154 443 1189 ’Δννης
468 1153 598 1185 λαϐοῦσα,
625 1152 822 1188 προσκαλεῖται
844 1152 898 1179 πᾶν

115 1203 146 1229 τὺ
164 1201 352 1237 Γασμουλικὺν
368 1200 435 1236 (90),
450 1200 497 1226 καὶ
520 1199 671 1235 χρημάτων
685 1197 803 1234 χορηγίᾳ
817 1197 898 1232 δαψι-

116 1247 231 1283 λεστέρᾳ
245 1246 344 1279 πείθει,
362 1246 411 1277 τὰς
432 1245 556 1280 τριήρεις
572 1243 730 1279 αὐθημερὸν
743 1243 899 1279 ἀφεμένους

117 1294 252 1325 ἅπαντας,
267 1290 338 1318 ὅπλα
366 1290 389 1317 δ’
418 1289 523 1316 ἐκεῖθεν
552 1288 733 1324 ἀνειληφότας
762 1288 809 1314 καὶ
835 1287 899 1323 βέλη

120 1339 220 1370 πάντα,
237 1335 459 1372 περιεληλυθὲναι
479 1334 694 1370 πολιορκοῦντας
706 1334 737 1360 τὺ
750 1333 798 1360 τοῦ
811 1334 898 1360 παλα-

117 1383 175 1410 τίου
197 1382 303 1409 ἐκείνοι)
326 1381 466 1417 φρούριον,
482 1380 535 1412 ἕως
557 1380 775 1415 είσπηδήσαντας
798 1379 899 1415 ἡϐηδὸν

117 1429 182 1460 τοὺς
198 1428 272 1459 ὲντδς
292 1428 407 1459 ἀνελεῖν,
424 1427 486 1458 τοὺς
509 1426 558 1461 μὲν
573 1425 611 1458 ὡς
626 1426 817 1461 ἀνδροφόνους,
836 1425 900 1456 τοὺς

117 1475 139 1501 δ’
152 1474 190 1506 ὡς
207 1474 381 1509 ἀνδροφόνοις
395 1473 530 1508 δήπουθεν
543 1472 698 1508 ὁμόφρονας
719 1472 766 1499 καὶ
782 1472 900 1507 όμοστέ-

942 234 1031 262 ducta:
1054 235 1245 263 ambulationis
1263 240 1291 263 et
1314 243 1480 263 summorum
1508 236 1725 269 propugnaculo-

942 288 1013 307 rum.
1030 280 1124 308 Totam
1143 281 1233 315 itaque
1251 280 1324 308 illam
1343 285 1450 308 noctem
1477 283 1560 308 uuuia
1586 289 1634 316 spe
1655 273 1726 308 intra

943 333 1050 353 murum
1084 333 1217 359 mansere,
1257 331 1349 361 portas
1372 327 1594 354 custodienteset
1627 327 1726 355 moenia

942 376 1152 399 elrcumeuntes.
1180 371 1256 399 Mane
1268 377 1368 403 autrm,
1398 373 1442 398 ubi
1474 373 1607 406 plebeiam
1632 372 1726 400 faccem

942 422 1024 452 alque
1035 418 1179 445 colluvicm
1195 418 1344 452 conspicati
1365 422 1439 450 sunt,
1459 419 1491 445 ad
1511 419 1630 445 vicinum
1660 419 1727 452 Hip-

943 463 1106 499 podromum
1126 463 1230 491 visendi
1244 464 1345 496 studio,
1359 472 1391 491 ac
1404 472 1457 491 non
1483 465 1524 500 (ut
1540 465 1726 501 speraveram)

943 507 1048 535 ferendi
1068 509 1149 536 ullius
1175 509 1268 536 auxilii
1295 517 1376 537 causa
1399 510 1579 539 confluentem
1616 512 1727 547 (etenim

943 553 1157 587 arbitrabantur,
1185 563 1219 583 eo
1241 555 1313 590 quod
1343 556 1469 583 omnibus
1493 557 1548 585 fere
1574 558 1730 593 Byzantiuis

943 599 1007 626 odio
1027 599 1125 628 fuisset
1157 601 1328 635 Apocaucus,
1348 608 1478 630 venturos
1505 604 1596 631 statim
1622 612 1728 639 omnes,

944 644 1078 672 seditione
1089 644 1220 672 adversus
1247 653 1387 682 magnatcs
1402 652 1429 675 et
1452 648 1630 683 imperatores
1656 655 1730 678 mota

944 697 987 723 eo,
1002 698 1082 725 quem
1101 695 1130 717 ut
1161 696 1304 726 tyrannum
1334 699 1501 728 metuerant,
1525 696 1655 733 sublato),
1683 697 1730 726 ubi

944 735 1035 770 itaque
1048 736 1121 764 aliud
1138 737 1219 772 736
1230 745 1281 772 pro
1301 739 1354 766 alio
1366 740 1496 767 viderunt
1518 742 1659 776 accidisse,
1683 751 1731 771 ne-

944 788 998 814 que
1013 789 1047 809 ex
1059 783 1192 810 sententia
1207 783 1355 811 succedere
1384 792 1439 816 res,
1471 785 1504 813 de
1530 788 1730 816 reconcilianda

944 827 1030 862 gratia
1046 835 1126 863 egere
1143 836 1204 857 cum
1222 830 1255 857 iis
1272 830 1318 865 qui
1338 830 1564 866 abjmperatrice
1582 834 1658 861 Anna
1683 835 1732 862 ad-

947 880 1078 902 venerant
1099 882 1107 902 :
1128 875 1220 902 etnisi
1254 876 1406 904 obstitisset
1432 878 1504 912 genii
1522 878 1637 913 alicujus
1665 880 1729 910 mali

947 921 1062 954 invidia,
1076 920 1193 948 fortasse
1212 921 1315 957 aliquid
1330 922 1395 950 boni
1412 923 1478 958 ipsis
1494 926 1652 955 exstitisset.
1677 927 1731 957 Sed

947 967 1078 994 nimirum
1089 967 1220 1002 oportuit,
1231 967 1259 994 in
1279 967 1332 996 illis
1358 967 1459 997 furoris
1486 970 1572 999 divini
1598 974 1730 1008 tempori-

949 1013 1011 1046 bus,
1025 1012 1093 1040 nihil
1110 1013 1222 1041 sceleris
1252 1013 1417 1042 intentatum
1435 1015 1535 1044 omitti.
1564 1017 1615 1046 [tes
1637 1025 1729 1047 autem

949 1057 985 1084 ita
1000 1064 1029 1084 se
1044 1057 1150 1085 habuit.

984 1104 1030 1132 XI.
1046 1104 1183 1140 Apocauci
1203 1113 1282 1137 uxor,
1301 1106 1335 1133 ab
1350 1106 1525 1141 imperatriee
1542 1108 1618 1136 Anna
1645 1109 1731 1138 licen-

950 1155 1013 1181 tiam
1026 1153 1283 1188 eutnjmpetrasset,
1300 1152 1484 1181 Gasmulicam
1498 1161 1607 1182 omnem
1624 1156 1730 1187 turbam

949 1200 1072 1233 advocat,
1100 1203 1126 1227 et
1164 1198 1354 1234 pinguioribus
1384 1199 1509 1236 pecunias
1540 1202 1732 1238 largitionibus

949 1247 1107 1282 persuadet,
1140 1251 1169 1274 ut
1194 1247 1284 1274 cuncti
1304 1246 1462 1276 triremibus
1485 1257 1517 1277 ea
1540 1250 1584 1278 die
1618 1252 1731 1286 relictis,

949 1295 1118 1329 sumptisque
1128 1293 1191 1322 inde
1208 1295 1289 1323 armis
1305 1301 1333 1323 et
1344 1295 1404 1323 telis
1419 1304 1587 1332 quaecunque
1599 1297 1732 1332 inessent,

950 1340 1042 1375 palatii
1055 1340 1128 1369 illius
1141 1348 1231 1368 arcem
1247 1341 1390 1370 obsidione
1399 1343 1520 1376 cingant,
1547 1345 1635 1379 quoad
1661 1345 1732 1373 facta

950 1386 1103 1421 irruptione
1134 1393 1182 1413 eos
1212 1386 1360 1418 trucident,
1390 1387 1437 1421 qui
1475 1387 1550 1415 intus
1575 1393 1732 1422 versentur,

949 1432 1018 1459 nulli
1035 1431 1106 1459 αξιοιί
1122 1431 1279 1466 parcendo;
1294 1432 1354 1465 hos,
1369 1436 1398 1459 ut
1414 1432 1584 1466 homicidas;
1613 1434 1683 1467 illos,
1703 1441 1733 1464 ut

950 1478 1150 1506 homicidarum
1176 1478 1296 1506 fautores
1331 1483 1413 1513 atque
1447 1480 1668 1508 contubernales.
1691 1483 1731 1509 Ad

118 1529 193 1553 τους.
221 1519 293 1555 Πρὸς
320 1519 352 1555 δὴ
383 1518 522 1550 τοιούτους
556 1518 658 1553 φόνους
683 1518 822 1554 ἀγοραίων
852 1519 898 1544 καὶ

951 1524 1084 1561 ejusmodi
1099 1524 1198 1552 eaedem
1212 1532 1274 1552 cum
1290 1524 1334 1552 illa
1345 1525 1486 1552 hominum
1500 1526 1734 1555 circumforaneo-

121 1566 258 1592 ἀσυνέτων
273 1565 377 1600 ἀνδρῶν
390 1564 526 1591 ὁπλίσασα
537 1563 628 1598 δεξιὰς
642 1564 734 1598 ἐκείνη
750 1564 900 1600 χρημάτων

119 1611 218 1647 ἁδραῖς
244 1611 293 1646 (ὡς
309 1610 478 1646 εἰρήκειμεν)
501 1609 644 1643 δεξιώσεσι
668 1611 714 1636 καὶ
738 1609 811 1636 οῐνου
833 1619 901 1646 κρα-

117 1658 210 1692 τήρων
234 1656 340 1683 πολλῶν
364 1655 543 1691 ἐμφορεῖσθαι
573 1655 683 1682 δίδωσιν
705 1655 839 1690 ἀφθόνως,
869 1655 902 1682 ἶν’

118 1702 218 1729 οὑτωσὶ
239 1702 287 1729 τοῦ
307 1701 474 1736 καθήκοντος
499 1701 647 1733 ἐκστάντες
662 1701 792 1736 λογισμοῦ
809 1709 902 1736 μαινο-

121 1749 209 1783 μένων
224 1747 301 1782 δίκην
314 1747 424 1783 χωρῶσι
442 1747 511 1782 πρὸς
527 1747 578 1779 τὰς
599 1747 653 1774 τῶν
668 1747 820 1783 ἀνθρώπων
833 1755 902 1782 σφα-

119 1795 180 1828 γάς.
200 1794 276 1820 Ἐπεὶ
287 1793 309 1820 δ’
321 1793 392 1820 οὕτω
405 1793 482 1819 ταῦτ’
496 1790 552 1828 εἶχε
566 1792 613 1819 καὶ
628 1792 643 1818 ὁ
653 1791 701 1819 τοῦ
716 1791 791 1827 ἡλίου
803 1792 902 1827 δρόμος

120 1841 171 1875 ἢδη
192 1839 228 1866 τὰ
244 1839 419 1875 μεσημϐρινὰ
435 1838 608 1873 παρήλλαττε
623 1837 769 1873 ὑψώματα,
785 1838 903 1873 δραμόν-

118 1894 165 1917 τες
181 1887 281 1913 ἐκεῖνοι
299 1885 392 1920 κύκλῳ
416 1885 446 1912 τὺ
466 1884 596 1920 φρούριον
618 1884 803 1919 περιέστησαν
816 1883 900 1916 ἀπαν,

121 1932 217 1959 ἀσπίσι
235 1932 282 1958 καὶ
296 1931 390 1962 ὅπλοις
414 1930 500 1958 amet
528 1930 729 1965 πεφραγμένοι,
753 1929 801 1955 καὶ
829 1929 902 1956 ἅπαν

123 1977 200 2012 βέλος
227 1977 358 2012 ἐκηὸόλον
385 1977 413 2002 ὲν
437 1977 529 2011 χεροῖν
559 1976 764 2010 περιφέροντες,
784 1976 831 2002 καὶ
851 1976 902 2002 ὅσα

121 2023 206 2058 θύρας
221 2022 448 2057 ἀναμοχλεύουσιν
462 2021 566 2056 ὄργανα
579 2021 625 2047 καλ.
639 2022 811 2048 κατασείουσι
825 2021 902 2057 τείχη

121 2069 168 2095 καὶ
197 2068 341 2095 ἀποσπῶσι
368 2067 459 2099 λίθους
481 2068 513 2094 ἐκ
538 2067 688 2102 θεμελίων·
704 2063 741 2093 ὧν
763 2068 788 2093 οι
805 2067 854 2101 μὲν
869 2068 902 2094 τὰ

121 2115 185 2150 βέλη
216 2115 372 2149 πέμποντες
402 2113 502 2145 ἔξωθεν
526 2114 597 2140 κατᾶ
626 2113 727 2148 πλῆθος
749 2113 797 2139 καὶ
822 2113 902 2148 δίκην

120 2161 226 2196 βαθέωι
250 2160 340 2194 νεφῶν
365 2160 469 2190 πάντας
495 2159 558 2190 τοὺς
584 2158 658 2186 ἔνδον
682 2158 736 2186 τῶν
764 2158 903 2192 ὲπάλξεων

119 2208 263 2241 ἀπήλασαν
278 2208 310 2233 ἐκ
332 2205 379 2232 τοῦ
403 2206 586 2241 παραχρῆμα,
603 2205 686 2240 μηδὲν
697 2205 807 2232 ὁθενοῦν
827 2205 903 2240 ἕχον-

118 2263 168 2284 τας
182 2254 224 2279 ὅτε
234 2261 274 2285 ον,
287 2253 303 2288 ἦ
315 2252 510 2286 φυλακτήριον,
525 2251 585 2286 ἢδι“
601 2249 637 2278 ὦν
647 2252 791 2287 ἀμυνεῖται
802 2260 843 2282 τις
857 2251 903 2278 τὸν

119 2299 230 2325 ἐπιόντα
245 2299 384 2333 πολέμιον.
414 2297 457 2334 [Ρ.
470 2297 535 2333 465]
551 2298 582 2324 Οἱ
593 2298 621 2324 δὲ
636 2297 670 2323 τὰ
683 2297 903 2332 ὲκμοχλευτήρια

121 2347 249 2379 φέροντες
275 2344 391 2379 ὄργανα,
416 2343 576 2379 προσιόντες
601 2342 701 2375 ἔξωθεν
715 2343 750 2370 τά
771 2352 801 2369 τε
825 2343 902 2378 τείχη

122 2388 288 2423 πολλαχόθεν
303 2387 451 2424 διώρυττον
465 2389 513 2415 καὶ
527 2388 578 2419 τὰς
603 2388 690 2420 πύλας
705 2388 884 2422 ἁνεμόχλευον
894 2397 901 2404 ·

119 2437 158 2467 ὡς
176 2436 204 2462 ἐν
222 2436 291 2463 πάνυ
306 2434 420 2471 βραχείᾳ
436 2435 532 2470 καιροῦ
551 2436 632 2470 ῥοπῇ,
652 2434 758 2462 πολλῶν
773 2435 903 2470 πολλαχό-

121 2482 166 2508 θεν
182 2481 236 2508 τῶν
251 2481 361 2507 εἰσόδων
374 2481 559 2516 ἀνοιχθεισῶν,
570 2482 673 2512 πάντας
688 2479 773 2515 ἄρδην
788 2481 900 2515 εἰσρυῆ-

120 2536 164 2554 ναι
184 2527 246 2558 τοὺς
261 2527 416 2562 πολεμίους.

156 2573 206 2600 ΙΒ¹.
216 2571 270 2599 Ἦν
282 2573 341 2599 τότε
357 2573 420 2600 ἰδεῖν
433 2572 494 2603 τοὺς
506 2573 555 2607 μὲν
568 2573 676 2604 ἀθλίους
692 2573 812 2605 ἐκείνους
826 2573 904 2607 etpu—

120 2621 171 2652 δὼς
186 2621 398 2656 ἀναιρουμένους
417 2620 462 2646 καὶ
475 2621 543 2655 πρὸς
558 2620 625 2656 ᾅδην
638 2622 670 2648 ἐκ
685 2622 739 2647 τῶν
752 2621 816 2656 χθὲς
832 2630 903 2656 πεμ-

122 2668 255 2703 πομένους
269 2668 376 2702 δεσμῶν
387 2675 394 2683 ·
409 2668 472 2698 τοὺς
497 2668 525 2694 δὲ
553 2668 633 2702 φόνου
651 2669 780 2699 πνέοντας
803 2668 902 2703 ἄνδρας

952 1579 1012 1598 rum
1029 1575 1056 1599 et
1074 1570 1236 1598 stelidorum
1251 1569 1360 1598 dextras
1382 1571 1542 1599 armavisset
1562 1572 1678 1604 liberali,
1703 1578 1734 1601 ut

952 1616 1081 1649 diximus,
1098 1615 1221 1651 pecunia:
1243 1616 1419 1652 erogatione;
1445 1617 1539 1644 multis
1565 1617 1648 1645 etiam
1677 1618 1733 1646 vini

952 1661 1057 1697 poculis
1074 1661 1185 1696 profuse
1201 1668 1249 1688 eos
1260 1661 1420 1697 ingurgitat,
1435 1666 1464 1689 ut
1480 1661 1507 1688 in
1533 1662 1606 1690 hunc
1622 1663 1734 1691 modum

952 1712 1027 1735 recta
1040 1707 1145 1734 ratione
1158 1706 1267 1734 excussi
1281 1706 1431 1733 furentium
1450 1708 1537 1734 instar
1551 1708 1584 1735 ad
1607 1708 1733 1737 homines

948 1752 1112 1789 jugulandos
1127 1754 1249 1779 ruerent.
1267 1751 1335 1778 Cum
1369 1751 1394 1778 in
1417 1758 1450 1778 eo
1481 1759 1524 1778 res
1543 1750 1649 1785 essent,
1670 1754 1737 1781 solis

952 1805 1034 1826 cursu
1069 1796 1250 1824 meridianum
1281 1795 1336 1830 jam
1373 1795 1502 1823 verticem
1538 1801 1734 1832 praetereunte,

952 1851 1034 1874 ruere
1050 1843 1089 1871 illi
1103 1847 1130 1871 et
1152 1847 1235 1870 totam
1258 1842 1379 1877 undique
1404 1849 1494 1870 arcem
1520 1843 1735 1878 circumsistere,

952 1889 1055 1927 clypeis
1072 1889 1210 1924 armisque
1225 1887 1353 1915 omnibus
1370 1887 1507 1922 instructi,
1521 1893 1549 1917 et
1567 1896 1648 1917 omne
1670 1890 1736 1918 mis-

952 1937 1044 1965 silium
1061 1936 1175 1964 telorum
1189 1942 1275 1969 genus
1290 1933 1416 1962 manibus
1431 1933 1667 1969 circumferentes,
1687 1944 1737 1964 ea-

953 1989 1006 2017 que
1024 1981 1115 2008 omnia
1128 1979 1320 2011 instrumenta,
1335 1985 1395 2012 quae
1407 1978 1498 2010 autad
1529 1983 1669 2013 portarum
1695 1988 1737 2008 re-

954 2028 1050 2063 pagula
1066 2025 1256 2057 convellenda,
1272 2031 1319 2051 aut
1337 2024 1369 2050 ad
1381 2031 1476 2050 muros
1490 2024 1665 2058 quatiendos.
1689 2031 1737 2052 aut

953 2074 986 2102 ad
997 2072 1101 2108 lapides
1116 2078 1130 2098 ο
1147 2069 1332 2098 fundamentis
1346 2068 1512 2096 emovendos
1526 2069 1630 2097 valent.
1643 2070 1682 2097 Ex
1693 2071 1736 2098 his

953 2119 999 2146 alii
1010 2117 1120 2153 quidem
1136 2115 1202 2143 foris
1217 2121 1350 2149 magnam,
1368 2113 1486 2141 telorum
1505 2114 1559 2142 vim
1577 2122 1608 2142 ac
1623 2115 1736 2144 densam

954 2164 1037 2192 veluti
1051 2162 1151 2190 nubem
1165 2160 1386 2196 737jacientes
1418 2159 1543 2194 repulere
1568 2160 1626 2188 illos
1640 2169 1736 2189 omnes

955 2211 1114 2245 derepente,
1129 2207 1176 2242 qui
1193 2206 1308 2235 summis
1327 2206 1355 2233 in
1376 2206 1587 2245 propugnaculis
1615 2207 1734 2238 stabant.

952 2243 1037 2285 armis
1053 2255 1236 2288 undecunque
1251 2252 1409 2284 destitutos,
1425 2257 1478 2279 tam
1493 2243 1526 2279 iis
1541 2253 1642 2287 quibus
1670 2261 1735 2280 eor-

953 2311 1003 2338 pus
1017 2300 1178 2337 protegitur,
1190 2305 1271 2334 quam
1290 2297 1344 2325 illis
1360 2297 1461 2333 quibus
1492 2297 1622 2333 ingruens
1648 2298 1736 2327 hostis

954 2348 1138 2384 propulsatur.
1155 2345 1207 2373 Alii
1223 2352 1289 2372 vero
1306 2349 1440 2372 tormenta
1467 2345 1581 2372 muralia
1606 2345 1735 2373 admove-

954 2396 1029 2425 bant,
1046 2392 1212 2429 propiusque
1224 2390 1386 2420 accedentes
1399 2391 1500 2427 passim
1523 2397 1552 2419 et
1565 2399 1658 2419 muros
1673 2400 1737 2427 per-

956 2439 1105 2471 fodiebant,
1117 2441 1144 2465 et
1158 2443 1252 2473 portas
1275 2437 1401 2465 vectibus
1414 2437 1638 2470 labefactabaut;
1655 2437 1689 2464 ita
1708 2442 1737 2465 ut

931 2498 938 2507 ο
957 2490 1095 2511 momento
1118 2483 1247 2517 temporis
1269 2481 1403 2517 patefacto
1420 2482 1472 2509 sibi
1497 2482 1590 2510 multis
1615 2483 1643 2509 in
1670 2482 1739 2511 locis

956 2530 1040 2561 aditu,
1064 2529 1182 2556 universi
1193 2536 1305 2564 prorsus
1316 2529 1407 2556 hostes
1419 2528 1579 2563 irruperint.

992 2575 1050 2603 ΧΠ.
1067 2576 1125 2603 Jam
1142 2575 1235 2602 videre
1250 2574 1513 2606 erat,infortunatus
1538 2574 1648 2609 quidem
1677 2575 1738 2602 illos

957 2622 1043 2649 effuse
1054 2620 1184 2652 interimi,
1195 2624 1222 2647 et
1235 2620 1269 2647 ab
1284 2619 1419 2647 hesternis
1429 2620 1545 2647 vinculis
1555 2619 1589 2647 ad
1604 2620 1738 2649 tumulum

959 2667 1100 2695 transferri
1111 2666 1193 2694 :istos
1206 2671 1296 2694 autem
1309 2665 1498 2701 sanguinarios
1508 2665 1584 2694 viros
1594 2666 1628 2694 ad
1640 2666 1741 2694 multus

793 2726 962 2757 Variorum
977 2729 1069 2756 notae.

158 2777 214 2814 (89)
226 2777 311 2810 Quem
325 2777 494 2814 Ξυλόκερκον
511 2781 608 2814 vocant
627 2776 784 2814 scriptores,
802 2776 838 2814 de
850 2784 899 2805 cu-

119 2811 167 2849 jus
181 2814 233 2840 situ
251 2814 355 2849 agimus
382 2811 658 2849 inﬁmtstantinwofi
680 2811 849 2849 Clitjst._lil).
869 2819 898 2843 Il,

129 2854 196 2876 sect.
214 2849 237 2881 t,
255 2846 283 2875 n1
311 2847 353 2881 16,
374 2851 402 2876 ct
415 2847 464 2874 lib.
491 2854 526 2880 tv,
539 2851 605 2874 seut.
622 2847 665 2879 15,
683 2855 710 2874 n.
724 2846 769 2874 25.
786 2847 899 2874 Dvcmc.

991 2775 1046 2818 (90)
1062 2777 1192 2818 Ρέεὶιῖιη.
1211 2777 1259 2805 lib.
1276 2785 1314 2811 ιν,
1329 2783 1390 2812 cap.
1405 2775 1450 2804 εδ.
1465 2775 1532 2804 Vide
1547 2775 1639 2804 Gloss.
1666 2776 1739 2804 med.

953 2812 1061 2842 Gruecit.
1077 2812 1194 2840 Ducam.
