1924 3076
169 160 222 192 987
311 156 356 193 [ts
372 164 400 184 ιι.
419 155 500 188 6855,
521 162 574 183 LVD.
596 153 643 190 ιδ]

769 155 975 186 NICEPHORI
999 155 1188 187 GREGOll/E

1349 156 1415 192 [ηιμ.
1435 165 1454 184 ι.
1475 164 1589 184 mtuam.
1611 155 1637 191 5]

1725 158 1771 190 988

163 225 225 245 cum
240 222 268 245 et
283 217 346 252 galli
371 217 405 244 ad
429 221 578 244 nocturnos
598 221 696 244 cantus
721 216 778 243 alas
795 223 905 243 movere
923 221 948 242 et

1000 217 1101 250 ὕπνους
1118 218 1134 253 ἡ
1151 218 1201 253 τῆς
1217 219 1314 250 νυκτὺς
1327 221 1427 254 σιωπὴ,
1445 221 1511 254 πρὶς
1527 220 1549 245 δ’
1574 219 1641 255 ᾠδὰς
1656 227 1772 253 νυκτερι-

163 263 297 298 ingenitas
321 263 452 290 buccinas
478 262 615 290 modulate
628 262 724 289 inﬂare
742 261 916 292 meditantur,
929 269 944 288 e

163 314 282 343 quatuor
297 309 350 336 illis
365 309 483 336 arcubus
495 330 501 341 ,
518 308 590 335 caelo
606 315 674 342 pene
694 307 808 334 dixerim
826 307 943 338 aamnlis,

164 363 236 382 unus
249 375 257 386 ,
273 355 371 383 orienti
390 363 489 390 nempe
516 355 665 386 obversus,
681 354 837 388 procubuit,
851 361 944 380 secum

163 401 275 428 trahens
293 401 427 428 eteadem
440 402 518 428 ruina
540 400 692 431 involvens,
706 407 875 434 qumeunque
896 400 945 426 he-

165 446 352 480 tnisphmrium
368 446 609 481 superimpositum
628 445 776 472 l'n‘lcicbant
791 455 797 472 :
813 450 893 481 atque
909 447 945 474 ita

164 491 254 518 deleta
270 498 352 520 sunt.
371 499 432 526 qua:
445 492 472 518 in
489 491 596 518 bemate
611 491 722 526 pulchra
737 492 844 518 inerant
860 497 887 519 et
904 500 947 519 re—

164 536 291 568 condita;
306 536 414 563 deletus
422 540 465 562 est
480 544 617 563 sacrarum
638 537 786 572 imaginum
804 537 877 563 nitor
891 545 898 569 ;
918 541 945 564 et

164 582 250 616 gratia
265 582 309 608 illa
327 582 427 616 ubique
440 581 538 609 diﬂ'usa
565 582 637 610 brevi
661 583 784 615 evanuit,
799 583 881 610 veluti
897 583 946 609 llos

166 628 194 654 in
207 636 282 662 agro.
297 633 342 655 aut
358 636 418 656 rosa
434 629 461 656 in
478 630 565 662 horto,
588 630 696 665 quando
711 631 753 658 vel
771 631 876 658 locusta
902 631 945 658 νιιι

166 673 314 707 improvisa
329 682 412 702 eruca
428 675 520 702 statim
536 675 692 703 incurrerit.
720 676 768 703 illa
790 685 871 710 vero,
887 686 947 712 qum

166 719 309 747 columnas
337 728 428 748 sacras
452 721 584 749 vestiebat
601 730 632 749 ac
647 722 832 758 distinguebat
844 744 851 755 ,
867 731 947 751 Omne

167 766 296 793 aemulum
310 774 380 801 opus
396 774 570 803 supergressa
585 768 686 796 Phidia:
698 770 848 804 sculptura,
863 769 947 798 ell‘usa

167 811 280 838 omnino
290 817 317 839 et
332 812 419 840 deleta
429 819 480 845 est,
494 813 683 841 minutissimis
700 815 813 842 calculis
824 823 948 850 exequa-

168 861 206 882 ta.
223 856 376 885 Conciones
401 864 503 892 autem,
518 863 546 886 et
567 865 728 893 conventus,
743 865 770 887 et
785 869 845 896 quae
868 861 948 896 750

121 905 127 910 '
168 902 292 929 solebant
316 903 409 930 haberi
427 903 482 932 illic
503 904 602 932 diebus
624 909 652 932 et
672 906 799 933 noctibus
810 895 950 941 perpetuis
966 895 984 922 Β

169 948 319 976 dialectica.-
346 949 558 985 lheologicaeque
583 950 802 985 disputationes,
828 952 947 979 studium

168 1002 248 1020 suum
264 994 291 1021 in
310 994 449 1022 silentium
463 1003 519 1030 prae
535 1000 647 1030 stupore
660 1001 812 1024 verterunt.
828 997 862 1024 Et
876 1005 949 1024 nunc

169 1039 305 1066 theatrum
329 1039 395 1066 illud
412 1040 539 1067 universo
555 1041 616 1067 orbi
630 1048 791 1073 commune,
811 1041 953 1076 jucundus‘

167 1085 257 1112 omnis
275 1085 375 1120 lingua:
388 1093 490 1118 sermo,
504 1086 691 1114 dulcissimum
707 1087 821 1114 auribus
835 1088 948 1122 quibus-

167 1131 236 1158 libet
262 1138 397 1164 murntur,
416 1131 584 1165 inaspectum
604 1136 672 1159 astat
698 1133 904 1166 spectaculum,
921 1137 949 1160 et

167 1175 290 1210 quaedam
305 1176 379 1204 velut
393 1177 521 1204 columna
535 1177 654 1204 animata
678 1177 836 1212 tragmdiam
858 1178 948 1205 medio

167 1228 229 1248 aere
247 1222 371 1255 exhibet,
384 1222 521 1255 totiusque
532 1222 607 1250 orbis
622 1223 753 1258 lacrymas
768 1223 834 1256 ciet;
853 1228 880 1251 et
902 1231 949 1252 ore

167 1267 246 1302 quasi
275 1275 325 1303 per
343 1268 452 1295 culmen
476 1275 594 1302 superne
611 1268 732 1301 diducto,
754 1269 804 1296 soli
825 1273 853 1296 et
869 1270 950 1298 astris

168 1312 309 1346 indignum
324 1313 430 1341 facinus
445 1314 531 1348 palam
541 1314 705 1347 annuntiat;
720 1314 818 1342 malum
831 1315 948 1350 denique

167 1361 273 1384 tantum
288 1365 342 1385 non
359 1363 455 1386 testem
472 1359 596 1390 advocat,
612 1364 639 1386 et
659 1359 818 1394 prophetica
833 1360 878 1387 illa
895 1360 948 1388 Deo

168 1402 270 1428 occinit
296 1411 303 1429 :
333 1411 342 1427 ε
371 1402 432 1429 Filii
449 1403 544 1430 matris
562 1411 628 1429 mea:
645 1404 833 1438 pugnaverunt
853 1409 948 1432 contra

168 1454 212 1472 me
230 1454 238 1472 ε
260 1452 456 1480 percusserunt
471 1454 525 1478 me,
549 1447 766 1474 vulneraverunt
779 1455 842 1480 me;
858 1452 886 1475 et
901 1456 949 1476 su-

168 1491 263 1525 perbia
293 1499 399 1524 eorum,
425 1491 473 1526 qui
499 1491 616 1519 oderunt
645 1499 706 1522 me.
737 1493 859 1520 ascendit
876 1501 949 1522 sem-

167 1543 228 1570 per.
248 1545 258 1562 ι

206 1587 238 1615 Il.
254 1587 283 1615 Id
299 1595 361 1615 cum
377 1588 413 1615 ita
429 1588 590 1622 accidisset,
607 1593 732 1616 manante
753 1590 844 1617 statim
867 1590 951 1623 fama.

169 1638 198 1661 et
222 1642 269 1668 per
285 1638 369 1661 totam
383 1633 479 1661 urbem
511 1641 591 1661 mane
618 1634 805 1669 disseminata,
827 1637 915 1670 major
927 1639 954 1663 et

170 1679 276 1706 clamor
288 1684 317 1706 et
329 1679 421 1707 luctus
431 1679 566 1706 excitatus
581 1684 634 1713 est,
650 1687 735 1714 quam
752 1680 817 1707 olim
837 1681 952 1713 exstitit,

168 1732 229 1751 cum
253 1725 380 1760 Assyrius
412 1724 670 1758 Nabuchodonosor,
692 1726 800 1762 Solyma
830 1727 952 1754 funditus

167 1777 274 1802 eversa.
296 1770 462 1797 Salontonici
478 1778 587 1805 quoque
603 1771 697 1805 templi
723 1771 952 1807 magniﬁcentiam

168 1815 252 1842 diruit
265 1820 347 1851 atque
361 1815 482 1844 sustulit.
498 1816 596 1844 Omnia
611 1816 703 1852 itaque
719 1822 745 1844 et
764 1821 833 1845 tecta
850 1822 878 1846 et
894 1817 950 1845 fora

173 1866 201 1888 et
218 1861 323 1888 theatra
346 1852 557 1893 deserebantur,
572 1862 701 1889 omnibus
717 1863 751 1889 ad
777 1863 849 1890 illius
868 1863 952 1891 cladis

168 1907 358 1941 spectaculum
386 1907 531 1935 confestim
560 1907 772 1934 accurrentibus
790 1915 797 1934 :
817 1911 846 1934 et
871 1915 952 1936 nemo

167 1957 226 1979 erat
250 1951 293 1979 cui
315 1952 388 1979 aliud
404 1952 553 1987 quidquam
574 1959 646 1979 cum
671 1951 845 1987 impensioris
859 1957 949 1984 esset.

171 1997 244 2032 quod
260 1997 294 2024 ab
306 1997 396 2024 ofﬁcio
415 1998 460 2025 illo
477 2002 567 2032 posset
582 2004 708 2024 avocare.
723 1997 886 2024 Circumlusi
904 1997 952 2032 igi-

169 2048 216 2070 tur
229 2049 257 2070 et
273 2043 415 2071 lamentati
445 2051 550 2076 onmes,
565 2048 696 2078 quantum
725 2050 773 2077 par
795 2047 863 2075 erat,
888 2051 952 2071 mox

167 2088 300 2116 inclinato
314 2095 430 2123 corpore
444 2088 586 2115 materiem
605 2093 632 2115 et
647 2087 745 2114 rudera
761 2087 950 2122 exportabant;

168 2142 220 2161 nec
236 2138 292 2160 tum
304 2134 448 2168 quisquam
469 2141 500 2161 ex
516 2133 644 2160 omnibus
659 2137 719 2160 erat
735 2133 884 2165 immunis;
900 2141 952 2160 nec

169 2179 206 2206 ibi
235 2179 345 2206 divitem
365 2187 381 2206 a
397 2187 514 2214 paupere
534 2179 722 2211 discerneres,
748 2185 797 2205 nec
817 2178 949 2206 illustrem

996 264 1045 295 νὰς
1057 264 1235 299 ἀλεκτρυόνες
1251 264 1299 296 τάς
1328 273 1358 291 τε
1380 264 1520 298 πτέρυγας
1552 265 1635 291 κινεῖν
1654 265 1702 290 καὶ
1730 263 1773 293 τὰς

997 309 1135 345 ἐμφύτους
1162 310 1317 345 σάλπιγγας
1342 311 1459 345 ἀνοίγειν
1484 310 1612 345 ἐμμελῶς
1635 310 1773 345 μελετῶσι,

997 356 1045 382 καὶ
1055 355 1206 391 τηνικαῦτα
1229 357 1375 383 πέπτωκεν
1395 358 1412 392 ἡ
1426 357 1474 391 μία
1486 357 1541 383 τῶν
1555 356 1683 392 αἰθερίων
1698 356 1774 390 φάναι

995 401 1132 435 τεττάρων
1151 401 1252 436 ἀψίδων
1272 402 1322 438 (6),
1341 404 1357 437 ἡ
1380 403 1447 437 προς
1461 402 1536 438 ἥλιον
1558 403 1704 436 ἀνίσχοντα
1720 401 1776 436 βλέ-

996 455 1095 478 πουσα,
1113 448 1336 482 συνεφελκύσασά
1357 457 1387 474 τε
1399 448 1450 475 καὶ
1475 448 1683 482 συγκαθελοῦσα
1699 448 1776 482 ἐαυτῇ

996 493 1044 519 καὶ
1057 493 1118 519 ὅσον
1136 493 1280 528 ὑπήρειδεν
1301 494 1315 520 ὃ
1332 494 1488 529 ἐπεκάθητο
1512 494 1706 529 ἡμισφαίριον⁸
1734 494 1778 520 καὶ

996 539 1188 573 συντέτριπται
1209 539 1259 574 μὲν
1271 540 1305 565 τὰ
1319 539 1495 574 κρυπτόμενα
1523 540 1607 574 κάλλη
1629 538 1677 565 τοῦ
1694 538 1778 573 βήμα-

997 592 1052 615 τος.
1075 584 1270 619 Συντέτριπται
1297 584 1319 611 δ’
1336 585 1414 611 ὁτῶν
1442 584 1522 612 θείων
1547 585 1659 611 ἐκείνων
1683 585 1778 618 κόσμος

996 629 1119 656 είκόνωψ
1144 630 1202 664 ὴδέ
1229 630 1273 657 διὰ
1291 630 1398 657 πάντων
1425 630 1531 665 ⁴ἕλκουσαι
1556 630 1636 665 χάρις
1657 629 1778 656 ἕσὸεσται

996 675 1077 710 ταχὺ,
1093 675 1215 710 καθάπερ
1233 675 1312 707 ἄνθος
1331 676 1361 702 ἐν
1375 675 1452 709 ἀγρῷ
1467 676 1514 702 καὶ
1527 676 1604 710 ῥόδον
1615 677 1644 702 ἐν
1657 675 1777 710 λειμῶνι.

996 721 1071 748 ὁπότ’
1078 722 1157 758 ἀκρὶς
1170 723 1216 749 καὶ
1225 722 1321 757 κάμπη
1331 730 1372 754 τις
1381 722 1510 757 ἀδόκητος
1520 723 1616 758 ἀθρόον
1627 723 1777 757 ἐπιδράμοι.

1002 767 1034 794 Ἢ
1050 768 1078 794 δέ
1091 768 1155 800 τοὺς
1175 768 1264 802 ἱεροὺς
1281 769 1400 800 ἐκείνους
1415 769 1507 800 κίονας
1523 769 1732 804 περιελίττουσά
1752 778 1778 795 τε

997 814 1044 840 καὶ
1075 813 1250 840 ποικίλλουσα
1270 815 1316 840 καὶ
1335 815 1437 841 νικῶσα
1452 814 1482 841 τὺ
1501 814 1688 850 ἁμιλλώμενον
1713 816 1779 841 ἆπαν

997 859 1101 886 Φειδίου
1116 859 1261 894 λαξευτικὴ
1278 861 1456 886 παντάπασιν
1474 860 1560 895 ἐρῤύη
1583 869 1613 886 τε
1630 861 1681 886 καὶ
1708 861 1780 886 {06‘—

1002 911 1074 934 σται,
1088 902 1238 938 λεπτότητα
1255 904 1434 939 μιμησαμένη
1449 904 1585 938 ψηφίδων.
1608 904 1778 940 Πανηγύρεις

1000 948 1028 975 δὲ
1043 948 1090 975 καὶ
1109 948 1250 981 ξυναυλίαι
1266 950 1312 975 καὶ
1328 949 1440 984 ἆμιλλαι
1455 949 1581 984 συνήθεις
1594 950 1662 983 ἐκεῖ,
1677 950 1780 983 λογικαὶ

1000 1002 1029 1019 τε
1043 993 1186 1028 καὶίεραὶ,
1216 993 1358 1028 παννύχιοί
1385 1002 1415 1020 τε
1438 994 1485 1020 καὶ
1512 993 1691 1029 πανημέριοι,
1719 994 1781 1028 πρὸς

1001 1039 1122 1072 ἀφωνίαν
1132 1039 1304 1073 μετήνεγκαν
1313 1039 1362 1074 τὴν
1370 1039 1486 1075 σπουδὴν
1495 1039 1540 1066 ὑπ’
1553 1040 1722 1074 ἐκπλήξεως.
1734 1040 1782 1066 Καὶ

1000 1084 1047 1112 νῦν
1057 1084 1098 1121 [Ρ.
1108 1083 1171 1121 ιῖο]
1178 1086 1208 1112 τὸ
1219 1085 1392 1119 παγκόσμιον
1399 1085 1522 1121 θέατρον,
1529 1085 1559 1111 τὸ
1565 1086 1654 1119 πάσης
1663 1085 1782 1120 γλώττης

999 1130 1115 1164 τερπνδν
1139 1130 1283 1165 ἀφήγημα,
1301 1131 1314 1156 ὁ
1330 1129 1419 1165 πάσης
1439 1130 1523 1164 ἀκοῆς
1533 1129 1635 1163 γλυκὺς
1653 1129 1779 1164 θόρυϐος,

999 1176 1115 1212 ἀόρατον
1130 1177 1229 1212 ἕστηκε
1245 1177 1346 1212 θέαμα,
1367 1178 1415 1204 καὶ
1439 1177 1524 1212 στήλη
1548 1186 1591 1208 τις
1615 1174 1672 1203 οἷον
1700 1176 1784 1211 ἐμψυ-

999 1230 1046 1257 Xo;
1056 1223 1091 1250 δι’
1103 1223 1211 1258 αἰθέρος
1225 1223 1375 1257 ποιουμένη
1388 1223 1436 1258 τὴν
1449 1223 1613 1258 τραγῳδίαν,
1631 1223 1682 1250 καὶ
1699 1223 1784 1256 πάσης

1000 1267 1051 1302 γῆς
1064 1267 1272 1302 προκαλουμένη
1297 1267 1412 1303 δάκρυα,
1446 1268 1493 1294 καὶ
1505 1267 1598 1302 ὥσπερ
1626 1268 1717 1302 στόμα
1744 1267 1784 1293 διὰ

1000 1313 1050 1346 τῆς
1064 1313 1166 1347 ὀροφῆς
1179 1313 1234 1340 ἄνω
1245 1313 1360 1349 διάρασα
1375 1313 1530 1348 περιφανῶς
1537 1313 1605 1349 ἡλίῳ
1619 1314 1666 1340 καὶ
1689 1313 1785 1348 ἄστρα-

1000 1366 1027 1384 σι
1042 1358 1091 1393 τὴν
1106 1357 1214 1384 ἀδικίαν
1225 1357 1436 1393 προσαγγέλλει,
1448 1359 1497 1385 καὶ
1508 1358 1572 1389 τοὺς
1589 1358 1723 1393 οὐρανοὺς
1741 1366 1785 1392 μο-

999 1403 1105 1438 νονουχὶ
1120 1403 1346 1438 προσκαλουμένη
1364 1403 1506 1438 μάρτυρας
1521 1403 1612 1430 ἐκεῖνα
1638 1403 1669 1437 δὴ
1687 1403 1722 1429 τὲ
1735 1403 1785 1428 τῶν

999 1448 1145 1484 προφητῶν
1154 1449 1276 1484 περιᾴδει
1288 1449 1356 1484 πρὸς
1367 1449 1477 1485 Κύριον·
1489 1449 1562 1476 «Υἱοὶ
1576 1448 1678 1484 μητρὸς
1693 1447 1784 1483 μου(7)

1000 1493 1168 1529 ἐμαχέσαντό
1179 1503 1222 1530 με·
1237 1494 1376 1527 ἐπάταξαν
1396 1503 1440 1529 με,
1454 1494 1658 1530 ἐτραυμάτισάν
1677 1503 1726 1529 με·
1740 1495 1785 1520 καὶ

1001 1540 1018 1576 ἡ
1031 1541 1203 1576 ὑπερηφανία
1215 1541 1269 1568 τῶν
1281 1540 1432 1576 μισούντων
1450 1550 1484 1576 με
1499 1541 1584 1576 ἁνέὒη
1595 1541 1639 1568 διὰ
1654 1542 1782 1571 παντός.»

1040 1585 1077 1614 Β¹.
1094 1587 1203 1614 Τούτων
1230 1587 1334 1614 δὀὖτω
1364 1586 1586 1622 ωμὸεὸηκότων,
1619 1587 1669 1622 τῆς
1696 1588 1786 1621 φήμης

1004 1631 1088 1658 ἔωθεν
1100 1632 1211 1668 ῥυείσης
1225 1632 1273 1658 καὶ
1288 1631 1340 1658 ἀνὰ
1366 1632 1456 1659 πᾶσαν
1472 1631 1640 1666 διαδοθείσης
1671 1631 1723 1667 τὴν
1739 1632 1784 1658 πό-

1003 1677 1054 1711 λιν,
1069 1678 1116 1713 βοὴ
1132 1678 1179 1705 καὶ
1190 1677 1288 1713 Θρῆνος
1303 1677 1427 1712 ὴγείρετο
1441 1677 1539 1712 μείζων
1551 1677 1588 1712 (8)
1611 1678 1628 1711 ἢ
1641 1678 1704 1704 κατ’
1719 1678 1785 1704 ἐκεί-

1003 1732 1048 1752 νον
1062 1724 1107 1751 τὸν
1128 1724 1222 1758 πάλαι,
1237 1724 1320 1750 ὁπότε
1345 1723 1582 1759 Ναϐουχοδονόσορ
1599 1724 1613 1750 ό
1632 1723 1784 1759 Ἀσσύριος,

1003 1771 1086 1805 ἄρδην
1102 1770 1396 1806 ἐξανδραποδισάμενος
1418 1769 1614 1805 Ἰερουσαλὴμ,
1643 1769 1713 1805 όμοῦ
1741 1770 1785 1797 καὶ

1002 1816 1088 1843 τὸτοῦ
1109 1816 1308 1852 Σολομωντείου
1326 1816 1379 1842 νεὼ
1407 1816 1516 1843 καθεῖλέ
1530 1824 1559 1842 τε
1584 1816 1631 1843 καὶ
1647 1816 1784 1852 ἀφῄρηται

1002 1860 1088 1892 κλέος.
1109 1860 1265 1887 Ἐκενοῦντο
1279 1860 1368 1887 τοίνυν
1374 1859 1458 1886 οίκίαι
1472 1860 1557 1886 πᾶσαι
1569 1859 1615 1886 καὶ
1631 1859 1733 1894 ἀγοραὶ
1741 1860 1784 1886 καὶ

1003 1905 1115 1941 θέατρα,
1132 1906 1179 1932 καὶ
1189 1906 1289 1937 πάντες
1308 1905 1354 1932 ἐπὶ
1370 1905 1418 1941 τὴν
1432 1904 1498 1932 θέαν
1507 1904 1554 1931 τοῦ
1570 1904 1674 1936 πάθους
1690 1905 1784 1940 ἀθρόον

1003 1949 1120 1982 ἐξέθεον·
1138 1949 1185 1976 καὶ
1199 1949 1287 1980 οὐδεὶς
1306 1946 1352 1984 ἦν,
1381 1949 1434 1983 ὅτῳ
1450 1948 1678 1984 προύργιαίτερον
1693 1949 1784 1983 ἕτερον

1001 1991 1035 2029 ἦν
1051 1993 1105 2019 τῶν
1123 1993 1260 2025 ἁπάντων,
1289 1992 1303 2019 δ
1318 1993 1367 2025 τῆς
1383 1992 1500 2026 σπουδῆς
1517 1991 1707 2027 ἁπασχολῆσαι
1723 1991 1784 2018 ταὺ-

1002 2038 1092 2073 τηςᾶν
1113 2037 1250 2073 δυνηθείη.
1275 2036 1456 2072 Περιστάντες
1473 2035 1520 2063 οὖν
1546 2036 1594 2063 καὶ
1614 2036 1784 2071 ἀπολοφυρά-

1004 2092 1079 2119 μενοι
1091 2083 1190 2114 πᾱντες
1202 2083 1301 2110 ὁπόσον
1315 2083 1399 2115 είκδς,
1423 2083 1517 2109 ἔπειτα
1535 2082 1672 2117 κύψαντες
1688 2082 1783 2116 ἐξεφό-

1003 2138 1067 2165 ρουν
1077 2129 1127 2164 τὴν
1150 2129 1217 2164 ὕλην
1238 2129 1292 2156 τῶν
1319 2129 1458 2164 ἐρειπίων*
1475 2130 1533 2156 καὶ⁸
1554 2127 1589 2164 ἦν
1613 2129 1701 2161 οὐδεὶς
1732 2129 1784 2155 τῶν

1002 2176 1130 2204 ἁπάντων
1155 2176 1223 2208 τέως
1254 2174 1412 2211 ἁξυντελής·
1435 2173 1536 2211 οὒδ¹ἦν
1558 2176 1618 2202 ἐκεῖ
1640 2175 1784 2209 διακρίνειν

168 2224 203 2250 ah
216 2224 344 2256 obscuro,
360 2231 411 2250 nec
427 2223 505 2258 751
518 2230 626 2250 servum
645 2230 659 2249 a
673 2222 794 2254 domino,
807 2230 859 2249 nec
873 2222 948 2249 nobi-

1002 2219 1126 2246 πλούσιον
1166 2221 1198 2246 ἐκ
1238 2220 1360 2254 πενήτων
1398 2219 1453 2246 οὐδ’
1495 2219 1525 2252 ἐξ
1564 2218 1665 2251 ἀδόξων
1714 2219 1784 2245 ἔνδο-

166 2269 220 2297 lem
239 2268 274 2296 ab
287 2268 378 2304 operis
395 2268 580 2296 mercenariis.
593 2267 646 2296 Sed
662 2268 689 2294 in
704 2267 830 2295 eumdem
843 2267 949 2295 ardoris

167 2314 300 2349 impetum
318 2314 440 2342 omnium
454 2313 554 2348 pariter
565 2313 689 2340 voluntas
699 2313 876 2341 coalescebat.
889 2312 948 2340 Mu-

167 2360 267 2388 lierum
284 2364 374 2387 tamen
402 2359 534 2387 sedulitas
556 2359 643 2386 multo
664 2359 751 2394 major
765 2366 846 2394 quam
861 2359 949 2386 homi-

167 2413 232 2432 num
249 2406 275 2432 in
292 2405 417 2432 navanda
436 2411 520 2439 opera
534 2403 595 2432 fuit.
621 2404 728 2432 Etenim
753 2404 805 2432 illa:
817 2425 824 2436 ,
852 2409 946 2440 utpote

129 2450 132 2459 "
166 2459 232 2478 sexu
259 2450 292 2477 ad
318 2451 431 2478 uberem
459 2449 641 2485 lacrymarum
669 2449 722 2476 vim
750 2449 946 2484 propensiore,

167 2497 242 2531 largo
258 2497 367 2524 demum
391 2496 453 2523 ﬂetu
472 2496 571 2523 lateres
593 2503 625 2523 ac
643 2495 748 2530 lapides
763 2495 824 2534 illos
838 2503 946 2530 resper-

166 2543 273 2578 gebanl;
286 2541 404 2570 buuzeris
415 2541 512 2569 deinde
520 2541 706 2576 imponebant,
716 2541 873 2575 neutiquam
883 2544 947 2568 tunc

166 2587 288 2615 sollicitae
308 2587 341 2614 de
362 2586 529 2622 sumptoosis
541 2585 719 2618 vestimentis,
733 2593 793 2620 quae
809 2589 836 2612 et
847 2585 950 2612 lacera-

166 2633 214 2660 bat
229 2638 255 2661 et
269 2633 382 2668 pulvere
409 2633 537 2668 opplebat
561 2637 617 2660 tum
638 2631 750 2659 confusa
763 2631 808 2659 illa
824 2630 948 2661 materia,

1002 2266 1068 2299 ξον,
1105 2265 1159 2292 οὐδ’
1196 2265 1228 2291 ἐκ
1266 2264 1395 2292 δεσπότου
1429 2264 1544 2297 δοῦλον,
1574 2265 1605 2292 οὐ
1661 2264 1738 2299 μέντ’
1752 2264 1783 2291 ἂν

1002 2310 1058 2337 οὐδ’
1076 2311 1107 2336 ἐκ
1128 2310 1272 2344 βαναύσων
1287 2309 1396 2344 εὐγενῆ.
1416 2309 1496 2336 ’Λλλᾶ
1511 2309 1580 2345 πρὸς
1596 2309 1661 2344 μίαν
1688 2308 1782 2342 ἐπίσης

1002 2356 1162 2391 ἀνεκίρνατο
1183 2355 1291 2382 πάντων
1307 2356 1323 2389 ἡ
1342 2355 1468 2390 πρόθεσις
1487 2355 1567 2389 ζήλου
1592 2354 1686 2390 φοράν.
1715 2354 1781 2381 Πολύ

1003 2409 1035 2435 γε
1054 2401 1107 2435 μὴν
1120 2400 1173 2426 τῶν
1184 2399 1289 2435 ἀνδρῶν
1314 2400 1331 2434 ὴ
1346 2399 1400 2426 τῶν
1429 2399 1566 2434 γυναικῶν
1586 2399 1729 2434 ὑπερεῖχεν
1743 2399 1782 2429 εἰς

1000 2446 1115 2481 τοῦργον
1137 2446 1254 2482 σπουδή.
1270 2445 1337 2474 Ἀτε
1357 2445 1412 2482 γὰρ
1434 2446 1634 2480 εὐπαθέστερον
1651 2446 1717 2480 πρὸς
1735 2445 1781 2470 δα-

1001 2491 1092 2528 κρύων
1103 2491 1133 2518 τδ
1147 2492 1224 2525 γένος
1233 2491 1330 2526 φορὰν,
1345 2491 1482 2522 πλουσίοις
1495 2490 1588 2517 λοιπόν
1602 2491 1659 2522 τοῖς
1668 2491 1780 2524 δάκρυσι

1002 2537 1140 2572 ραίνουσαι
1173 2538 1223 2569 τὰς
1248 2545 1277 2564 τε
1308 2537 1434 2568 πλίνθους
1470 2537 1517 2563 καὶ
1548 2537 1652 2571 πέτρας
1677 2536 1779 2566 ἐκείνας

1001 2583 1097 2609 ἔπειτα
1114 2583 1257 2609 ἐπετίθουν
1274 2584 1330 2614 τοῖς
1346 2582 1444 2616 ὤμοις,
1463 2582 1569 2617 οὐδαμῆ
1585 2581 1779 2616 περιλάμπρων

1004 2629 1159 2663 ἐνδυμάτων
1175 2629 1291 2656 ἐνταῦθα
1316 2631 1519 2664 φροντίζουσαι,
1541 2628 1718 2663 ῥηγνυμένων
1736 2625 1780 2653 καὶ

837 2698 1004 2730 Variorum
1023 2701 1119 2728 notas.

202 2768 241 2803 (ﬁ)
260 2769 443 2796 Cantacuzen.
461 2769 510 2796 lib.
528 2777 564 2796 tv.
594 2775 654 2802 cap.
678 2768 703 2794 ό.
721 2767 837 2794 Ducam.

205 2801 242 2837 (ἲ)
257 2803 328 2831 Cant
354 2808 426 2830 cant.
444 2811 503 2838 cap.
523 2812 541 2832 ι,
564 2811 590 2829 v.
608 2801 635 2834 5,
647 2807 674 2829 ct
689 2810 748 2836 cap.
778 2809 805 2833 v,
823 2808 849 2828 ν.
866 2801 892 2833 7,
919 2805 948 2828 et

169 2837 268 2864 Psann.
288 2845 380 2868 ιικιιι.
397 2846 422 2865 ν.
442 2837 487 2864 2’1.
507 2838 610 2864 llutvm.

207 2872 246 2906 (8)
260 2871 375 2898 Videtur
396 2873 530 2906 Gregoras
547 2872 698 2906 respexisse
710 2871 743 2898 ad
761 2870 806 2898 illa
821 2870 945 2906 Gregorii

1001 2765 1164 2793 Nazianzeni
1180 2766 1213 2793 de
1227 2765 1375 2793 Anastasiae
1392 2766 1503 2800 templo.

1000 2802 1041 2828 Οὐ
1056 2802 1160 2834 τόσον,
1184 2801 1395 2835 Ἀσσυρίοισιν
1419 2799 1461 2827 ὅτ’
1488 2800 1578 2835 ἤγετο
1605 2801 1706 2832 τηλόθι
1725 2799 1778 2826 ml-

1637 2835 1727 2870 [φης.

1003 2871 1082 2905 Λαὸς
1090 2871 1255 2906 δουριαλὴς
1266 2872 1342 2906 νηὸν
1352 2872 1481 2898 Exilium
1496 2871 1532 2906 μέ
1538 2879 1601 2906 γαν.
1641 2871 1741 2898 Butvtn.
