1924 3076
192 138 248 171 989
392 137 428 174 [Δ.
449 146 474 167 c.
488 138 567 176 ιόίὸ]

707 141 929 172 ΒΥΖᾹΝΤΙΝῈ
950 142 1142 173 ΙΗΞΤΟΒΗΞ
1163 144 1237 173 LIB.
1258 143 1316 174 XV.

1393 140 1458 177 [ιιιιι.
1477 149 1498 168 ι.
1520 149 1639 170 ratust.
1660 143 1688 179 5]

1770 145 1823 177 990

190 201 294 232 κόνεως
328 200 527 236 πληρουμένων
562 201 615 228 ὑπό
654 209 684 227 τε
718 202 767 236 τῆς
812 202 983 238 πολυμιγοῦς

1039 207 1094 230 tum
1115 205 1245 231 continua
1257 209 1284 231 et
1301 204 1400 232 crebro
1415 204 1510 232 iterata
1526 205 1560 232 ab
1575 206 1636 233 aliis
1649 206 1682 232 ad
1696 207 1764 234 alios
1775 215 1825 241 per

191 247 301 282 ἐκείνης
320 247 385 282 ὕλης
401 247 452 274 ὑπό
475 256 504 274 τε
517 247 567 282 τῆς
586 247 615 280 ἐξ
630 247 752 283 ἀλλήλων
771 249 819 275 καὶ
844 249 879 275 δι’
896 248 980 283 ἀλλήμ

192 293 247 319 λων
264 292 394 327 συνεχοῦς
403 302 434 320 τε
448 294 494 320 καὶ
509 294 697 329 ἀγχιστρόίρου
718 295 885 329 περιφορᾶς.
899 292 986 321 Εἶπεν

192 339 226 366 ἄν
235 347 277 370 τις
297 339 388 373 πηγὰς
404 339 513 373 ἀφιέναι
523 339 648 374 δακρύων
667 339 716 374 τὴν
730 339 796 375 ὕλην
814 340 984 375 ἐκφορουμέ-

193 393 243 419 νην
257 384 376 420 ἐκείνην·
391 384 463 411 οὕτω
479 385 551 412 κατὰ
568 385 708 420 ποταμοὺς
736 385 836 421 ἐχώρει
864 385 925 412 τότε
938 386 985 412 δά-

193 438 265 464 κρυα
283 429 379 456 πασῶν
392 430 451 456 ἐκεῖ
461 430 609 464 γυναικῶν,
636 430 750 464 ἐνδόξων
762 431 829 466 ὁμοῦ
859 432 906 458 καὶ
921 431 985 458 sed.

191 476 256 509 ξων,
267 476 315 502 καὶ
329 475 403 503 οὕτω
418 479 534 512 μακροῖς
560 477 725 512 ἁνεμίγνυτο
741 478 850 512 θρήνοις
871 479 884 504 ό
900 477 983 512 ζῆλος

192 522 306 549 ἐκείνων
319 524 365 549 καὶ
381 524 397 558 ἠ
416 523 530 558 σπουδὴ,
544 523 685 559 ῥᾳστώνης
714 524 841 557 οὐδεμιᾶς
862 523 985 558 δυνηθεί-

192 577 243 603 σης
259 569 440 604 διακόψαιτὺν
452 570 553 605 δρόμον
564 571 611 597 καὶ
620 570 668 606 τὴν
682 570 834 605 συνέχειαν,
855 571 898 604 ἐφ’
913 571 985 602 ὅλοις

190 614 276 648 ἐγγύς
291 623 342 642 που
358 616 541 651 νυχθημέροις
555 616 714 651 τριάκοντα.

225 659 264 688 Γ¹.
286 661 409 696 Ἐλέγετο
427 662 519 697 μέντοι
536 662 605 697 πρὸς
615 662 670 688 τῶν
692 661 808 695 πολλῶν,
824 662 863 692 ὡς
886 662 911 689 εἰ
946 663 983 697 μὴ

191 707 381 742 πμῦπάρχειν
393 707 537 735 συνέϐαινε
561 707 611 740 τὰς
626 709 695 743 πρὸς
727 708 764 735 ἐω
791 709 926 743 κρηπῖδας
937 709 984 735 καὶ

190 754 226 780 τὰ
237 754 399 788 ἐρείσματα,
418 755 505 782 ὁπόσα
517 756 587 790 πρὸς
606 755 777 790 Ἀνδρονίκου
793 755 839 781 τοῦ
850 755 983 790 βασιλέως

192 800 232 835 (9)
256 801 339 828 πάλαι
356 801 579 837 ἀνῳκοδόμηνται
595 802 666 828 πάνυ
682 811 723 829 τοι
749 801 910 836 φιλοτίμως,
931 802 982 829 κᾶν

191 847 394 875 πολλαπλάσιον
418 849 540 883 ἐγεγόνει
557 848 598 886 [Ρ.
613 849 676 885 471]
692 849 722 875 τὸ
747 848 847 883 πτῶμα
864 848 911 875 καὶ
927 848 983 875 τῶν

191 903 224 928 γε
241 896 401 923 ἀνιάτωνὲν
423 895 467 932 ἦν.
487 899 540 924 Καὶ
563 897 647 924 ταῦτα
667 898 716 933 μὲν
738 906 834 925 τουτον
849 904 912 934 εσχε
935 897 982 925 τὸν

190 943 303 978 τρόπον·
317 944 366 971 καὶ
379 944 409 970 τὸ
419 943 496 979 θέρος
510 945 539 971 ὲν
552 944 659 974 τούτοις
671 944 809 972 ἐτελεύτα.

226 989 263 1018 Δ’.
271 989 373 1017 Κακῶν
381 990 403 1017 δ’
409 991 536 1026 ἀνακωχή
546 1000 586 1019 τις
593 991 650 1018 οὔτ’
658 988 702 1026 ἦν,
711 991 767 1028 οὔτ’
777 991 915 1027 ἠλπίζετο·
924 990 983 1018 ἀλλ’

191 1034 235 1068 ἐφ’
251 1035 354 1070 ἑτέροις
364 1036 446 1071 ἔτερα
460 1036 591 1070 διηνεκῶς
602 1037 725 1072 ἐπέρῥει,
734 1037 781 1064 καὶ
791 1038 837 1064 ἐπὶ
846 1039 875 1064 τὸ
893 1038 984 1072 χεῖρον

190 1080 257 1117 ηὗξε
273 1083 319 1109 καὶ
345 1082 504 1118 προύϐαινε.
533 1084 571 1110 Ἥ
596 1092 627 1110 τε
652 1085 708 1119 γὰρ
740 1084 776 1119 γῆ
808 1085 983 1111 παντάπασιν

192 1129 282 1156 είπετν
307 1130 426 1165 ἄσπορός
450 1139 480 1157 τε
509 1130 556 1157 καὶ
580 1131 758 1165 ἀγεώργητος
779 1131 911 1157 ἐλείπετο·
928 1130 984 1157 τῶν

191 1175 217 1202 τ’
229 1176 391 1210 ἐπιτηδείων
411 1176 508 1212 μακρά
521 1186 564 1207 τις
575 1176 729 1209 ἐπεπόλαζε
745 1176 841 1208 σπάνις
864 1176 907 1204 διὰ
933 1177 984 1208 τὰς

192 1222 248 1249 τῶν
266 1222 355 1249 ἄλλοτ’
366 1222 455 1250 ἄλλων
469 1223 606 1258 πολεμίων
620 1223 742 1257 ἐφόδουςν
774 1223 822 1250 καὶ
838 1224 898 1258 ἅμα
917 1232 985 1259 χρη-

196 1270 288 1303 μάτων
304 1271 387 1306 πόρος
404 1269 438 1305 ἧν
446 1271 532 1303 οὐδεὶς
547 1271 706 1306 οὐδαμόθεν,
719 1271 780 1298 οὔτε
798 1273 853 1302 τοῖς
872 1272 985 1307 πένησιν

195 1315 322 1349 ἐννοῆσαι
344 1315 379 1342 δι’
391 1315 522 1350 ἐργασίας
537 1316 723 1351 ίὴστινοσοῦν,
738 1314 799 1342 οὔτε
815 1316 871 1346 τοὶς
885 1315 984 1350 ἄρχου-

193 1369 245 1392 σιν,
260 1361 321 1388 ὅθεν
335 1361 431 1396 ἔρανόν
443 1370 505 1388 τινα
526 1360 763 1396 δασμολογοῦντες
794 1359 982 1396 ἀργυρολογή-

193 1416 280 1434 σουσι.
301 1408 355 1435 Καὶ
370 1405 403 1442 ἦν
416 1408 480 1434 ιδεῖν
494 1407 662 1443 κενουμένας
673 1407 724 1440 τὰς
737 1407 843 1440 πόλεις,
858 1406 906 1433 καὶ
920 1406 985 1438 τοὺς

194 1454 244 1489 μὲν
261 1454 289 1486 ἐς
304 1453 458 1490 ἀλλοδαπὴν
473 1452 680 1489 μετοικοῦντας,
699 1454 764 1486 τοὺς
775 1453 798 1480 δ’
812 1453 843 1480 ἐν
854 1452 983 1486 ἀπογνώ-

193 1509 236 1527 σει
248 1500 388 1535 μένοντας.
555 1498 558 1502 ’

229 1579 267 1606 Ε’.
294 1580 348 1606 Καὶ
377 1579 591 1615 Λακεδαιμόνιοι
618 1579 667 1614 μὲν
696 1578 780 1606 πάλαι
804 1580 986 1613 χρυσοφορεῖν

190 1624 240 1656 τὰς
257 1625 389 1658 γυναῖκας
403 1625 537 1656 ἔπαυσαν,
556 1625 604 1652 καὶ
631 1625 689 1660 ἅμα
713 1625 738 1651 οἱ
768 1625 798 1651 τὸ
827 1625 876 1659 τῆς
900 1624 985 1651 πάλαι

198 1671 311 1706 Ῥώμης
328 1671 492 1703 διοικοῦντες
509 1671 630 1707 ἀξίωμα,
643 1671 805 1707 ψηφίσμασι
821 1679 851 1697 τε
864 1671 910 1697 καὶ
925 1670 987 1704 δόγ-

194 1727 262 1754 μασι
275 1719 417 1754 δημοσίοις
434 1719 482 1746 καὶ
493 1718 654 1750 ἀσαλεύτοις
668 1720 807 1753 ἑκάτεροι·
830 1718 855 1744 οι
874 1716 924 1752 μὲν
941 1717 986 1744 διὰ

191 1765 222 1792 τό
233 1765 261 1791 ἐν
287 1765 438 1800 Λεύκτροις
448 1765 500 1792 ὑπὸ
520 1765 648 1801 Θηϐαίων
665 1766 741 1799 σφίσι
766 1765 911 1799 γενόμενον
932 1763 985 1790 πά-

191 1812 249 1844 θος,
263 1812 344 1838 ὁπότε
362 1811 394 1847 δὴ
414 1811 515 1847 μικροῦ
532 1811 581 1846 τὴν
598 1811 689 1838 πᾶσαν
702 1811 811 1846 ἔκειρεν
837 1809 985 1844 ὁπλιτικὴν

191 1857 285 1892 ἀκμὴν
299 1857 349 1892 τῆς
360 1857 489 1893 Σπάρτης
515 1855 736 1891 Ἐπαμεινώνδας
752 1856 866 1888 ἐκεῖνος,
898 1855 985 1881 Βοιω-

191 1903 300 1939 ταρχῶν
311 1903 474 1939 τηνικαῦτα·
491 1903 517 1929 οἱ
529 1902 558 1929 δὲ
573 1902 607 1929 δι’
627 1901 752 1929 Ἀννίϐαν
772 1903 818 1928 τὸν
844 1900 985 1935 Καρχηδό-

193 1958 249 1977 νιον
267 1949 348 1976 ὁπότε
366 1949 430 1984 περί
448 1957 479 1975 τε
495 1947 631 1975 Κανύσιον
659 1947 750 1974 πεδίον
776 1947 823 1973 καὶ
850 1945 985 1980 Ἀφείδιον

192 1996 316 2031 ποταμὸν
327 1997 382 2028 τοῖς
395 1994 467 2022 κατὰ
489 1995 634 2029 Ῥωμαίων
649 1994 765 2029 μακροῖς
784 1992 902 2024 ἐκείνοις
918 2001 982 2026 τρο-

193 2042 286 2073 παίοις
323 2042 479 2068 τελευταῖον
506 2040 579 2067 τοῦτ’
605 2040 712 2071 ἐπιθεὶς
744 2040 791 2066 καὶ
822 2038 985 2073 συγκλείσας

193 2089 245 2122 τὴν
271 2086 457 2123 μυριάριθμον
479 2086 587 2121 ἐκείνην
611 2085 756 2121 Ῥωμαίων
778 2084 986 2119 κατηγωνίσατο

193 2133 333 2168 στρατιάν
347 2133 384 2165 ὡς
403 2133 460 2165 τοῖς
474 2132 614 2164 πλουσίοις
631 2132 747 2162 ἐκείνοις
778 2131 878 2165 αἵμασι
897 2130 985 2164 βαφῆ-

192 2180 236 2206 ναί
251 2188 280 2206 τε
295 2178 419 2214 ποταμοῦ
437 2178 467 2205 τὸ
485 2178 585 2213 ῥόθιον,
603 2177 650 2204 καὶ
662 2177 727 2207 ἄνευ
744 2176 849 2209 ὕδατος,
860 2176 985 2211 αἱμάτων

191 2227 265 2261 ἔχειν
277 2225 381 2252 ἄνωθεν
394 2223 464 2251 εἶναι
479 2224 571 2251 δοκεῖν
589 2224 637 2255 τὰς
646 2223 750 2259 πηγάς.

227 2275 273 2307 q'.
288 2272 346 2299 Νῦν
358 2271 380 2298 δ’
396 2271 492 2306 ὥσπερ
504 2271 533 2303 ἐξ
545 2271 604 2302 ἑνός
618 2279 688 2301 τινος
704 2269 858 2304 αὐτομάτου
875 2268 981 2303 κηρύγ-

192 2327 296 2353 ματος,
327 2317 524 2353 διαδραμόντος
557 2315 666 2347 ἁπάσας
694 2315 786 2345 πόλεις
819 2313 981 2348 Ῥωμαίων,

147 2391 153 2401 Ι
192 2366 261 2400 μήτε
278 2364 384 2399 μηδένα
402 2363 506 2397 ἀνδρῶν
523 2363 591 2397 μήτε
606 2361 744 2396 γυναικῶν
758 2360 896 2395 μηδεμίαν
907 2359 980 2394 λσμ-

192 2410 351 2444 προφορεῖν,
383 2408 536 2443 ἀλλ’ὁμὸσε
570 2407 675 2438 πάντας
701 2407 809 2433 ἑλέσθαι
840 2405 982 2440 μελαίναις

193 2454 287 2488 ἐσθῆσι
299 2452 503 2485 ξυνεπεπτώκει
515 2452 677 2487 κεχρῆσθαι,
685 2451 733 2483 οὓς
748 2452 798 2487 μὲν
806 2451 894 2485 λύπης
902 2451 985 2477 ’ἑνεκα

192 2500 406 2535 προῢπαρξάσης
412 2498 543 2531 ἂπαξ.οὒς
552 2499 580 2525 δὲ
587 2498 631 2525 διὰ
637 2499 683 2528 τὰς
691 2498 833 2528 κοινὰςκαῖ
840 2497 986 2532 δημοσίους

193 2545 282 2581 κῆράς
289 2554 316 2572 τε
328 2545 374 2572 καὶ.
396 2544 542 2580 συμφορὰς
553 2544 608 2570 τῶν
617 2543 773 2578 ὀμοςρὺλωψ
809 2543 845 2574 ὡς
855 2543 893 2578 μὴ
904 2543 980 2570 πόλει

192 2593 239 2619 καὶ
255 2591 379 2626 πνλιτείᾳ
392 2592 427 2617 τὰ
444 2590 589 2625 Ῥωμαίων
604 2590 722 2616 ἑοικέναι
744 2590 908 2623 πράγματα,
921 2588 979 2615 ἀλλ’

191 2638 306 2673 ἀμαυρά
326 2646 387 2664 τινα
405 2636 562 2670 καμνόντων
576 2636 676 2662 εἴδωλα
690 2634 772 2666 εἶναι,
805 2636 852 2661 καὶ
871 2635 980 2670 ττόρρω-

193 2687 238 2712 θεν
257 2685 368 2719 μονονοὺ
398 2684 646 2718 προαναφωνοῦιτα
673 2683 800 2717 ἀλλήλοις
823 2683 873 2717 τὴν
907 2683 980 2708 ἔνδον

193 2732 241 2767 τῆς
255 2731 344 2766 ψυχῆς
360 2731 526 2767 φλεγμονὴν,
543 2730 609 2765 ὅσην
627 2731 734 2764 ἑκάστῳ
755 2728 874 2763 δαψιλῶς
899 2736 982 2763 χορη-

1039 257 1136 276 manus
1153 249 1306 277 translatio.
1325 249 1444 277 Dixisses
1473 251 1615 278 materiam
1644 251 1737 283 illam,
1764 260 1825 287 quae

1037 294 1248 330 exportabatur,
1265 295 1446 330 lacrymarum
1462 295 1584 323 fontibus
1597 297 1746 324 seaturire:
1757 297 1825 324 adeo

1038 346 1104 368 tunc
1124 340 1288 368 torrentium
1315 340 1402 368 instar
1427 341 1504 368 ibant
1520 343 1643 370 omnium
1663 350 1723 377 quae
1747 347 1825 370 erant

1036 387 1096 414 illic
1116 387 1264 414 mulierum
1279 406 1285 418 .
1315 387 1464 414 illustrium
1493 388 1573 414 simul
1598 393 1626 416 et
1646 389 1824 424 ignobilium,

1036 433 1162 468 lacryma:
1185 442 1190 460 :
1210 432 1277 460 adeo
1295 432 1398 468 ingenti
1423 433 1497 460 luctu
1518 434 1615 461 mistns
1638 439 1698 462 erat
1716 435 1822 462 illarum

1035 480 1113 506 zelus
1125 483 1152 506 et
1172 478 1293 506 oﬂieiosa
1309 478 1450 513 diligentia
1469 487 1476 505 :
1491 479 1625 513 siquidem
1647 480 1707 506 illos
1722 488 1823 506 cursus

1034 529 1063 552 et
1080 525 1227 552 continuos
1252 523 1362 550 labores
1379 523 1452 551 nulla
1476 524 1566 558 potuit
1587 525 1714 552 mollities
1738 525 1824 552 inter-

1035 579 1164 606 rumpere
1177 590 1184 603 ,
1199 569 1341 606 perpetuis
1364 569 1450 597 ferme
1468 570 1578 605 triginta
1596 570 1694 598 diebus
1721 575 1749 598 et
1772 578 1823 596 no-

1034 621 1136 649 ctibus.

1070 669 1115 697 ιιι.
1133 669 1268 697 Cancrum
1286 677 1300 696 a
1312 668 1452 704 plerisque
1462 663 1649 696 dictitabatur,
1666 661 1718 689 nisi
1731 661 1823 688 orien-

1034 719 1088 743 tem
1103 721 1200 743 versus
1218 714 1404 741 occurrissent
1418 711 1594 738 fundamenta
1608 710 1636 736 et
1652 707 1825 740 moles.quas

1032 761 1197 797 jampridem
1214 761 1367 794 imperator
1384 757 1559 786 Andronicus
1570 753 1713 789 magniﬁce
1731 752 1826 780 admo-

1033 808 1098 835 dum
1122 807 1313 834 substruxcrat
1325 825 1332 837 ,
1351 805 1472 831 futuram
1489 802 1576 829 multo
1611 800 1741 834 majorem
1760 798 1825 824 rui-

1035 861 1115 885 nam,
1143 857 1226 886 atque
1253 850 1319 878 illud
1344 850 1444 876 vulnus
1476 847 1627 875 insanabile
1657 845 1823 872 exstiturum

1035 899 1134 927 fuisse.
1150 898 1236 925 Porro
1253 897 1311 925 inec
1327 897 1364 924 ita
1373 904 1402 923 se
1412 895 1588 926 habuerunt;
1606 899 1637 920 ac
1653 891 1680 919 in
1697 890 1730 918 iis
1742 894 1823 918 mstas

1036 949 1267 979 consumpta‘est.

1072 991 1120 1018 IV.
1135 989 1268 1017 Malorum
1293 992 1384 1016 autem
1406 986 1532 1015 remissio
1550 985 1733 1018 nulla’neque
1746 986 1823 1014 erat,

1037 1045 1128 1072 neque
1143 1035 1323 1072 sperabatur;
1335 1034 1382 1062 sed
1399 1038 1532 1068 perpetuo
1545 1031 1597 1059 alia
1611 1038 1644 1058 ex
1659 1030 1718 1056 aliis
1730 1028 1825 1056 aﬂlue—

1037 1085 1115 1116 bant,
1127 1082 1408 1118 ingravescebantque
1420 1084 1448 1108 et
1461 1078 1683 1114 provehebautur
1695 1076 1721 1103 in
1736 1075 1823 1110 pejus.

1038 1130 1105 1158 Nam
1119 1133 1147 1157 et
1165 1133 1238 1156 terra
1251 1127 1404 1155 seminibus
1417 1125 1532 1153 omnino
1544 1130 1617 1158 pene
1629 1121 1823 1150 fraudabatnr,

1037 1181 1066 1204 et
1084 1175 1186 1203 inculta
1212 1173 1388 1204 remanebat,
1402 1176 1430 1199 et
1461 1177 1553 1198 rerum
1568 1169 1600 1196 ad
1619 1170 1721 1195 vietum
1743 1165 1824 1201 752

1038 1220 1258 1249 necessariarum
1274 1225 1398 1253 magnam
1418 1215 1563 1250 quamdam
1580 1213 1698 1248 inopiam
1712 1211 1826 1238 induxe-

1041 1271 1104 1294 rant
1130 1266 1249 1293 bostium
1281 1264 1348 1292 alias
1365 1263 1481 1290 aliorum
1509 1260 1696 1291 incursiones;
1714 1264 1764 1285 nec
1779 1263 1826 1291 pa-

1003 1305 1011 1312 ’
1036 1312 1130 1340 τιιηάαξ
1157 1310 1283 1339 alie-Inde
1309 1308 1432 1344 pecunia:
1449 1307 1519 1334 ratio
1552 1300 1636 1333 ullaa
1655 1302 1825 1339 pauperibus

1039 1357 1188 1393 excogitari
1209 1360 1317 1392 poterat
1327 1376 1334 1387 .
1347 1360 1540 1390 quamcunque
1561 1352 1599 1378 illi
1614 1355 1701 1378 artem
1715 1356 1826 1377 exerce-

1039 1409 1102 1433 rent
1119 1413 1126 1432 :
1142 1411 1193 1432 nec
1206 1407 1267 1431 erat
1286 1401 1470 1437 magnatibus,
1489 1399 1565 1426 unde
1577 1401 1719 1432 corrogata
1734 1396 1824 1429 aliqua

1039 1450 1112 1486 stipe
1125 1450 1271 1486 pecuniam
1295 1452 1439 1483 cogerent;
1454 1450 1482 1474 et
1499 1446 1583 1473 urbes
1598 1443 1690 1470 videre
1707 1445 1765 1468 erat
1776 1442 1825 1467 dc-

1038 1497 1156 1527 solatas,
1174 1495 1235 1523 aliis
1246 1491 1550 1529 peregre'abeuntibus,
1567 1489 1628 1516 aliis
1641 1487 1715 1516 domi
1732 1487 1826 1521 despe-

999 1552 1021 1582 α
1038 1548 1097 1571 rata
1111 1542 1200 1570 salute
1211 1539 1428 1568 remanentibus.

1075 1589 1109 1617 ν.
1123 1587 1192 1616 Olim
1209 1587 1320 1622 quidem
1339 1583 1538 1612 Lacedmmonii
1557 1581 1718 1609 mulieribus
1731 1579 1825 1606 edixe-

1038 1638 1114 1666 runt,
1128 1638 1158 1660 ut
1169 1637 1275 1667 gestare
1297 1638 1394 1658 aurum
1409 1629 1578 1658 desinerent.
1603 1634 1655 1654 nec
1668 1633 1724 1653 non
1742 1624 1761 1652 ii
1777 1623 1824 1658 qui

1037 1679 1141 1708 veteris
1157 1679 1252 1706 Romae
1268 1677 1416 1712 imperium
1435 1673 1674 1704 administrabant,
1690 1671 1825 1699 consultis

1037 1724 1147 1759 utrique
1164 1729 1191 1750 et
1207 1722 1325 1750 decretis
1352 1720 1491 1756 publicis,
1520 1719 1608 1752 iisque
1628 1715 1801 1744 ineoncussis
1815 1722 1823 1742 :

1037 1771 1076 1798 illi
1091 1773 1206 1805 propter
1220 1767 1347 1796 Leuctris
1367 1769 1506 1800 acceptam
1526 1772 1540 1791 a
1556 1763 1694 1791 Thebanis
1707 1762 1823 1794 cladem,

1037 1825 1100 1845 cum
1114 1817 1200 1844 robur
1213 1815 1317 1850 Spartae
1332 1813 1452 1841 militare
1468 1815 1554 1840 totum
1572 1810 1627 1837 iere
1642 1809 1765 1837 excisum
1783 1812 1826 1835 est

1037 1863 1139 1891 virtute
1153 1862 1228 1889 illius
1249 1858 1446 1896 Epaminondae
1458 1878 1465 1890 ,
1484 1858 1530 1892 qui
1548 1862 1605 1884 tum
1619 1855 1721 1883 Boeotis
1736 1855 1825 1889 impe-

1038 1909 1118 1937 rabat
1135 1917 1142 1936 :
1159 1908 1188 1936 lii
1205 1915 1282 1940 vero,
1298 1914 1331 1934 eo
1355 1906 1427 1941 quod
1452 1904 1569 1932 Annibal
1591 1901 1824 1937 Carthaginiensis

1037 1956 1064 1982 in
1078 1954 1217 1982 Cannensi
1241 1960 1306 1988 agro
1320 1973 1327 1985 ,
1343 1952 1415 1987 apud
1440 1950 1566 1978 Auﬁdum
1583 1949 1683 1976 ﬂumen
1696 1968 1703 1979 ,
1718 1947 1824 1982 magnis

1037 2000 1103 2031 illis,
1120 2006 1189 2034 quas
1206 1998 1240 2026 de
1256 1998 1386 2026 Romanis
1402 1999 1608 2030 reportaverat,
1624 1992 1749 2021 victoriis
1773 1999 1824 2019 no-

1037 2045 1147 2072 vissima
1160 2044 1275 2079 adjecta.
1288 2048 1397 2071 coactas
1415 2042 1443 2069 in
1463 2048 1548 2069 unum
1562 2040 1651 2067 locum
1668 2039 1826 2065 innumera-

1037 2092 1107 2120 biles
1126 2092 1315 2119 Romanornm
1334 2090 1428 2124 copias
1447 2089 1484 2116 ita
1510 2086 1681 2123 proﬂigavit,
1698 2090 1728 2113 ut
1749 2085 1825 2119 largo

1037 2145 1136 2165 cruore
1163 2137 1256 2164 tinctis
1275 2135 1414 2166 ﬂuctibus.
1439 2142 1494 2162 non
1522 2141 1556 2161 ex
1578 2139 1656 2167 aquae
1673 2131 1721 2159 sed
1735 2138 1826 2159 esan-

1041 2183 1132 2219 guinis
1143 2182 1264 2210 fontibus
1278 2180 1399 2209 derivari
1414 2180 1503 2207 amnis
1518 2178 1671 2206 videretur.

1068 2270 1113 2299 Vl.
1129 2269 1206 2297 Nunc
1222 2277 1299 2301 vero.
1317 2269 1394 2302 quasi
1410 2269 1501 2297 edicto
1521 2269 1613 2304 aliquo
1634 2273 1705 2296 totas
1725 2269 1826 2296 Roma-

1034 2323 1135 2343 norum
1154 2315 1238 2343 urbes
1262 2321 1358 2350 suapte
1374 2319 1522 2350 pervagato
1535 2335 1542 2347 ,
1559 2315 1599 2342 sic
1625 2323 1675 2342 usu
1691 2315 1783 2347 venit,
1797 2319 1826 2341 ut

1035 2360 1128 2387 nullus
1140 2360 1190 2391 vir,
1208 2360 1282 2386 nulla
1297 2360 1397 2387 mulier
1418 2365 1493 2386 veste
1510 2359 1655 2391 candente,
1672 2359 1717 2387 sed
1731 2367 1826 2386 omnes

1035 2405 1108 2440 pulla
1128 2410 1283 2436 uterentur;
1299 2405 1345 2432 alii
1362 2405 1457 2432 dolore
1470 2405 1562 2440 aliquo
1579 2405 1663 2433 semel
1677 2409 1824 2439 praecepto,

1039 2451 1085 2478 alii
1101 2458 1275 2478 communem
1296 2459 1328 2478 ac
1351 2451 1489 2486 publicam
1510 2452 1596 2478 vicem
1612 2455 1640 2478 et
1655 2458 1768 2478 suorum
1786 2451 1826 2476 ci-

1040 2497 1114 2525 vium
1130 2497 1278 2524 infortunia
1305 2497 1446 2529 dolentes;
1462 2498 1500 2524 ita
1515 2502 1544 2524 ut
1557 2506 1611 2524 non
1628 2497 1733 2524 civitati
1750 2497 1825 2523 reivo

1035 2543 1152 2578 publica:
1168 2543 1258 2570 simile
1273 2549 1344 2570 esset
1363 2544 1515 2571 Romanum
1533 2542 1695 2578 imperium.
1711 2543 1758 2569 sed
1775 2542 1825 2569 ob-

1035 2597 1116 2617 seura
1146 2589 1270 2623 quardam
1299 2589 1379 2624 753
1409 2589 1555 2617 simulacra
1584 2589 1644 2616 luce
1670 2589 1823 2615 carentium

1035 2643 1095 2663 esse
1123 2635 1296 2668 viderentur,
1319 2643 1380 2670 qua:
1408 2643 1422 2662 e
1448 2635 1600 2670 longinquo
1629 2634 1681 2662 sibi
1705 2635 1824 2662 invicem

1035 2682 1113 2717 quasi
1131 2682 1314 2716 prtedican-nt
1342 2682 1468 2709 intimum
1491 2682 1574 2709 animi
1592 2682 1736 2714 dolorem;
1759 2689 1823 2708 eum

1036 2720 1246 2764 ncmpepqucm
1263 2729 1409 2764 unicuique
1426 2737 1480 2756 non
1497 2729 1597 2756 desinit
1619 2729 1757 2757 cumulate
1779 2736 1824 2755 ex-

865 2788 1033 2818 Vuriorum
1051 2792 1144 2817 nota).

229 2843 265 2871 ιη)
280 2842 367 2875 Atque
386 2841 449 2868 hinc
463 2840 596 2868 discimus
610 2849 623 2867 ιι
638 2848 692 2874 quo
715 2839 847 2866 exstructi
876 2839 978 2865 fuerint

195 2880 266 2905 Itlu.l
283 2874 330 2904 illi
347 2877 503 2904 otmitentcs
517 2881 635 2911 quatuor
649 2875 798 2912 majoribus
814 2875 876 2910 pilis
895 2874 978 2902 susti~

1034 2837 1164 2873 nclitlms
1198 2837 1431 2871 ltemispliarrium,
1459 2839 1493 2865 de
1529 2838 1635 2873 quibus.
1664 2837 1771 2869 egimus
1794 2836 1825 2861 λιι

1033 2872 1235 2908 ευιιδιίιιιιίιωρ.
1262 2874 1357 2902 Christ.
1377 2875 1422 2902 lib.
1444 2883 1485 2906 tu,
1504 2872 1575 2902 sect.
1597 2874 1650 2904 ὃς.
1676 2872 1794 2898 “suasu.
