1924 3076
147 151 203 183 993
294 147 333 181 ft.
352 154 380 174 ιι.
399 143 481 175 6854.
499 152 556 173 mo.
578 143 624 180 llo]

748 144 957 177 NICEPHORI
977 144 1168 176 GREGOR/E

1328 141 1395 178 [nm
1416 147 1437 169 .t.
1457 148 1574 169 ratur-:01"
1595 140 1625 177 5]

1714 143 1765 174 96

148 204 302 240 paenitebit,
317 203 421 239 pudore
435 203 574 235 affectent,
593 207 620 231 et
637 202 666 229 in
681 202 807 230 maximis
820 201 930 237 pericli-

989 211 1026 228 :at
1038 209 1045 217 ·
1063 203 1104 228 σοὶ.
1121 202 1144 228 δ’
1163 201 1240 227 ἔσται
1255 199 1410 235 μετάμελος
1428 198 1766 234 ἀνόνητος,αῐσχυνομένῳ

147 255 261 281 tantem,
285 258 347 277 eum
372 249 406 276 iis
420 249 466 284 qui
482 248 578 276 eadem
595 253 684 276 tecum
711 248 858 275 senserint.
875 247 932 282 Ego

147 303 214 323 vero
240 299 442 323 sacrosanctam
468 294 624 328 almamque
647 293 823 324 Trinitatem.
846 292 932 320 Deunt

149 341 269 373 unicum,
284 341 357 376 juro,
375 347 418 367 me
433 347 483 367 nec
499 339 561 366 vivo
576 339 644 366 divae
660 338 798 366 memoriae
815 339 934 373 impera-

152 393 219 419 tore,
236 395 287 414 nec
300 387 395 414 eodetn
413 391 532 418 mortuo,
551 385 710 412 meditatum
729 392 790 412 esse
804 389 850 412 aut
866 391 933 412 con—

150 433 274 461 stituisse
292 433 441 468 quidquam
458 431 560 463 facere,
577 431 650 466 quod
665 438 718 458 non
735 431 773 458 illi
790 431 933 465 probatum

151 479 259 511 fuisset,
279 484 410 513 quantum
436 478 541 505 scilicet
566 478 598 504 ad
626 477 802 511 imperatoria
827 476 934 511 negotia

150 524 304 556 attinuerit,
320 531 374 550 non
399 523 510 558 quidem
529 523 660 550 adversus
682 522 756 550 illius
779 522 934 557 coniugem,

151 577 242 605 neque
265 571 346 597 etiam
364 569 494 597 adversus
509 569 646 604 iuniorem
668 568 873 603 imperatorem,
888 575 935 595 eo-

151 624 210 642 rum
227 616 330 648 lilium;
346 623 434 650 neque
450 615 581 642 honorem
595 614 682 645 illum,
695 621 774 648 quem
791 614 857 640 mihi
874 619 936 648 post

152 660 326 695 imperatoris
338 664 452 687 mortem
468 660 587 695 propriis
596 659 676 694 equis
690 659 848 686 desilientes
861 659 935 686 obvii

151 705 254 740 quique
268 705 432 737 tribuebant,
445 705 479 732 de
496 704 632 732 sententia
647 712 706 732 mea
720 703 787 730 mihi
802 711 934 738 unquam,

152 750 199 777 sed
221 750 330 784 proprio
352 749 471 784 quodam
487 749 597 777 illorum
613 749 693 784 757
709 753 795 781 motu.
815 749 935 776 delatum

153 795 247 822 fuisse.
264 795 409 822 Enimvero
429 795 498 821 nihil
523 802 577 822 non
602 795 652 822 feci
678 795 777 829 quovis
802 798 935 828 tempore,

153 840 222 868 meis
235 840 315 867 etiam
330 840 473 874 impensis,
487 848 542 875 quo
555 840 712 868 conservari
727 847 821 867 eorum
838 840 893 867 vita
909 845 936 867 et

154 886 249 914 salutis
266 885 423 921 praesidium
447 886 480 913 iis
502 886 602 913 muniri
622 890 722 920 posset.
745 885 804 913 Non
827 892 936 920 semper
951 880 972 908 Β

155 933 255 966 itaque,
270 932 378 966 opinor,
393 932 485 959 divina
503 931 604 959 tacebit
623 931 741 965 iustitia,
764 938 826 958 cum
845 935 935 958 vestra

157 977 183 1003 in
201 984 243 1003 me
254 982 281 1004 et
293 984 369 1004 meos
381 977 510 1012 iniquitas
522 984 555 1004 eo
571 977 742 1012 proruperit;
756 983 817 1004 cum
828 975 937 1012 sangui-

155 1024 198 1051 nis
214 1027 318 1050 tantum
339 1023 457 1051 effusum
473 1024 525 1055 sit;
544 1031 605 1051 cum
625 1028 665 1050 tot
681 1023 757 1051 facta:
773 1023 840 1054 sint,
855 1026 937 1057 atque

155 1069 303 1096 utiamnum
326 1070 392 1096 fiant
411 1070 491 1104 culpa
514 1075 613 1103 \estra,
637 1069 785 1097 barbariae
801 1068 938 1096 incursio-

155 1123 222 1146 nes;
242 1124 303 1143 cum
319 1116 436 1150 denique
453 1121 492 1142 tot
507 1116 608 1150 captivi
627 1121 708 1143 noctu
730 1114 832 1150 pariter
845 1118 873 1142 et
893 1113 936 1140 in-

156 1162 245 1190 terdiu
262 1162 444 1189 abducantur.
467 1161 520 1192 Sed
545 1162 648 1190 celeres
669 1169 685 1189 a
708 1161 786 1188 vobis
809 1165 837 1188 et
857 1167 938 1195 pares

157 1208 260 1235 meritis
275 1216 370 1243 ptenas
383 1212 576 1243 persequetur,
589 1207 630 1234 uti
646 1207 774 1234 nimirum
791 1214 805 1233 a
819 1205 936 1238 ueteris,

156 1260 226 1286 quos
242 1257 348 1280 tacente
362 1261 415 1286 me,
431 1253 482 1280 sub
496 1252 582 1280 oculis
597 1253 707 1285 vestris,
724 1257 754 1280 ut
774 1259 822 1279 vos
843 1250 938 1279 alienis

156 1298 280 1325 cladibus
290 1299 479 1332 erudiremini,
491 1299 615 1327 divinum
627 1306 729 1326 numen
745 1297 818 1325 ferro
831 1298 940 1325 absum-

158 1345 221 1379 psit.
236 1345 314 1378 Quod
335 1345 358 1374 si
383 1346 436 1373 mei
460 1353 543 1372 causa
569 1349 671 1373 tantam
694 1345 786 1372 animo
807 1345 939 1373 adversus

156 1397 252 1418 omnes
266 1390 439 1418 Christianos
462 1391 534 1418 alitis
558 1391 768 1424 immanitatem,
791 1395 819 1418 et
842 1391 939 1425 quovis

157 1438 229 1463 ferro
253 1436 382 1472 rigidiora
396 1436 478 1463 cerda
494 1436 599 1471 geritis,
619 1436 709 1463 omnis
728 1439 820 1464 autem
835 1441 864 1464 et
881 1443 940 1463 mo-

159 1481 264 1508 deratio
278 1488 307 1509 et
322 1481 513 1508 misericordia
527 1480 611 1508 semel
629 1480 741 1508 omnino
757 1488 774 1508 e
787 1480 939 1508 visceribus

159 1527 273 1559 effluxit,
287 1527 366 1554 testis
379 1531 439 1554 esto
455 1526 572 1562 primum
587 1526 698 1561 quidem
711 1526 768 1559 ille,
781 1533 797 1554 a
812 1534 868 1561 quo
881 1534 938 1554 om-

159 1573 205 1600 nia
219 1572 435 1608 perspiciuntur,
453 1571 566 1607 pervigil
580 1571 628 1599 Dei
644 1565 742 1599 oculus
757 1579 764 1598 :
780 1571 880 1599 deinde
895 1571 938 1598 fax

158 1621 217 1653 ipsa
233 1618 311 1651 solis,
330 1618 499 1646 terrestrium
518 1618 642 1645 omnium
665 1617 765 1650 altrix;
788 1624 842 1650 me,
865 1616 938 1652 quod

156 1664 190 1691 ad
206 1671 249 1691 me
267 1663 414 1695 attinebat,
429 1663 617 1692 defensionem
641 1671 729 1690 meatu
750 1662 859 1690 bunde
874 1670 938 1698 pro-

159 1710 278 1741 havisse,
297 1717 349 1737 nec
372 1709 528 1737 rationibus
551 1709 619 1736 mihi
637 1709 763 1744 pluribus
780 1716 850 1744 opus
866 1716 939 1736 esse.

158 1755 236 1782 Omni
255 1755 337 1789 igitur
354 1755 438 1782 animi
458 1755 600 1782 voluntate
613 1762 700 1790 genua
720 1760 764 1781 tua
779 1754 939 1788 amplector,

158 1805 186 1828 I‘l
198 1807 247 1835 per
260 1800 384 1828 omnium
409 1807 500 1828 rerum
521 1800 692 1828 conditorem
712 1799 828 1827 obsecro
846 1803 882 1831 te,
907 1806 940 1826 ne

159 1846 321 1881 negligentia
335 1850 379 1873 tua
393 1846 511 1879 accidat,
528 1850 558 1873 ut
572 1845 630 1873 hazc
640 1851 733 1873 nostra
745 1845 860 1880 epistola
872 1845 941 1872 obli-

159 1893 238 1919 vione
251 1896 299 1919 aut
311 1893 366 1919 alto
378 1891 489 1919 silentio
503 1899 593 1919 mersa
606 1891 755 1924 obruatur;
771 1890 818 1919 sed
836 1894 866 1918 ut
877 1898 940 1918 cum

160 1937 262 1965 intimis
276 1945 308 1965 ac
325 1936 488 1965 necessariis
502 1936 569 1968 tuis.
586 1944 649 1964 cum
673 1936 741 1963 viris
765 1935 941 1970 intelligenti-

161 1984 214 2010 ltus
231 1991 290 2011 cam
309 1983 508 2011 communices.
520 1982 561 2009 lta
577 1982 677 2018 quippe
690 1983 807 2010 duorum
823 1982 940 2009 alterum

159 2030 282 2057 futurum
295 2036 348 2063 est,
362 2035 391 2057 ut
406 2035 454 2058 aut
465 2029 586 2057 melioris
598 2029 705 2057 consilii
720 2033 858 2061 auctores,
872 2035 941 2063 quos

159 2084 284 2111 sequare.
311 2077 430 2110 habeas;
454 2075 537 2111 758
563 2079 612 2103 aut
636 2076 731 2103 saltem
756 2082 863 2108 eorum,
880 2081 941 2109 quae

159 2127 293 2157 geruntur
308 2129 422 2158 qua-que
442 2123 581 2155 accidunt,
600 2121 651 2156 ipsi
669 2125 751 2148 testes
765 2121 909 2147 exsistant.
927 2128 938 2147 ι

193 2259 224 2287 ν.
242 2258 343 2286 Rubris
359 2257 404 2285 ille
422 2257 519 2284 litteris
535 2262 561 2284 et
579 2256 690 2292 propria
705 2263 786 2284 manu
805 2263 866 2283 eum
883 2256 941 2290 epi-

157 2306 254 2333 stolam
276 2305 383 2339 longius
399 2304 582 2339 produxisset,
596 2309 624 2330 et
654 2303 766 2330 multam
786 2304 812 2330 in
833 2303 940 2338 suppli-

158 2350 246 2378 cando
271 2350 359 2385 pusilli
392 2349 475 2376 animi
508 2348 730 2384 significationem
753 2348 882 2379 dedisset,
909 2353 940 2375 ut

158 2397 249 2424 medio
266 2400 418 2424 extremum
437 2395 624 2429 responderet,
637 2394 787 2422 orationem
804 2394 840 2421 ibi
853 2394 940 2421 fertne

157 2442 304 2469 «oticlusit.
333 2441 389 2468 Nos
413 2447 479 2468 vero
506 2447 567 2474 quas
595 2440 628 2466 ad
645 2447 765 2474 pra-setis
786 2439 941 2466 institutum

158 2489 276 2515 maxime
304 2486 490 2522 pertinebant,
506 2486 567 2513 inde
589 2486 788 2520 excerpsimus,
800 2489 828 2513 et
845 2492 941 2512 eorum

157 2534 357 2569 expositionem
386 2533 439 2560 hoc
467 2533 538 2564 loco,
571 2532 608 2559 ita
635 2536 665 2558 ut
687 2531 854 2559 conveniens
870 2536 940 2564 erat,

157 2581 305 2608 edidimus.

984 249 1031 275 καὶ
1042 247 1224 274 κινδυνεύοντι
1241 246 1354 281 περὶτὰ
1383 245 1510 280 μέγιστα,
1537 245 1585 270 σύν
1606 253 1637 278 γε
1655 244 1687 279 δὴ
1711 245 1767 274 τοῖς

982 292 1070 320 ταυτά
1093 300 1135 318 σοι
1165 290 1442 326 συμϐουλευομένοις.
1461 289 1583 323 Ὄμνυμι
1609 287 1638 313 δέ
1662 295 1703 313 σοι
1718 287 1767 321 τὴν

983 339 1064 373 ἁγίαν
1089 339 1136 365 καὶ
1163 337 1320 373 ζωσρχικὴν
1338 336 1452 371 Τρλάδα,
1475 335 1519 361 τὸν
1551 335 1599 361 ινα
1625 334 1702 364 Θεὶν,
1729 332 1767 364 ὥς

983 384 1045 411 οὔτε
1063 383 1164 416 ζῶντος
1178 383 1224 409 τοῦ
1243 381 1397 417 μακαρίτου
1427 380 1570 415 βασιλέωη
1588 378 1649 405 οὔτε
1675 378 1770 404 Οανὸι-

984 439 1041 462 τος,
1061 429 1238 464 μεμελέτηκα
1250 427 1312 454 οὔτε
1327 426 1506 461 βεϐούλευμαι
1522 425 1588 460 δρᾷν
1612 424 1666 450 τῶν
1678 424 1769 450 ἁπάν-

985 485 1039 503 των
1053 476 1140 508 οὐδὲν,
1154 475 1168 501 ὃ
1184 473 1302 509 μὴκατὰ
1317 472 1432 507 γνώμην
1447 469 1480 507 ἦν
1495 471 1603 504 ἐκείνῳ,
1619 469 1673 496 τῶν
1689 469 1767 504 βασι-

987 522 1066 549 λείων
1078 521 1160 548 ἕνεκα
1173 520 1345 556 πραγμάτων
1363 518 1475 553 δηλαδὴ,
1490 517 1552 544 οὔτε
1568 516 1622 551 μὴν
1634 516 1704 542 κατὰ
1717 515 1769 549 τῆς

986 567 1091 595 ἐκείνου
1106 567 1236 600 συζύγου,
1263 565 1319 592 οὔτ’
1336 563 1370 591 αὖ
1392 564 1465 590 κατὰ
1478 563 1527 590 τοῦ
1556 563 1618 589 νέου
1635 561 1769 596 βασιλέως

986 613 1120 640 κάκείνων
1141 613 1212 643 υἱέος
1225 620 1232 627 '
1248 611 1306 638 οὗθ’
1330 611 1364 646 ἣν
1390 609 1532 637 ἀπεδίδουν
1560 608 1629 644 μετὰ
1658 608 1703 634 τὸν
1720 606 1768 633 τοῦ

989 659 1121 696 βασιλέως
1133 659 1248 686 θάνατον
1264 657 1407 693 βασιλικὴν
1421 656 1515 690 ἔμοιγε
1528 655 1623 689 τιμὴν,
1653 654 1683 680 ὲν
1708 653 1769 684 ταῖς

986 705 1155 738 ὑπαντήσεσι
1179 703 1234 730 τῶν
1262 703 1369 729 οἰκείων
1407 701 1560 732 ἀποϐάντες
1589 700 1702 735 ἵππων,
1719 699 1770 733 τῆς

987 751 1058 788 ἐμῆς
1075 750 1208 786 ἐτύγχανε
1221 748 1346 784 γνώμης,
1362 747 1430 774 ἀλλά
1444 755 1486 778 τις
1498 745 1646 781 ίδιότροπος
1657 744 1770 771 ἐκείνων

987 798 1071 833 ὁρμή.
1092 795 1164 830 Ἐγὼ
1181 795 1209 821 δὲ
1227 795 1305 822 πάντ’
1320 793 1405 829 ἔδρων
1420 793 1465 819 ἀεὶ
1496 791 1566 827 μετὰ
1583 791 1634 824 τῆς
1663 789 1771 817 οῐκοθεν

987 843 1120 878 δαπάνης,
1150 842 1199 868 ὅσα
1217 840 1383 876 συντήρησιν
1399 837 1456 874 εἶχε
1484 839 1533 873 τῆς
1564 837 1666 864 τούτων
1685 835 1770 870 ζωῆς,

987 890 1036 917 καὶ
1051 887 1204 923 ἀσφαλείας
1231 888 1323 922 σφίσιν
1350 886 1474 920 ὑπῆρχεν
1489 884 1649 920 ἀκρόπολις.
1660 882 1697 909 Οὐ
1713 881 1771 908 τοί-

988 946 1037 965 νυν
1050 936 1201 971 σιωπήσειν
1219 935 1258 966 είς
1274 934 1352 965 τέλος
1379 933 1429 969 τὴν
1454 932 1530 959 θείαν
1556 931 1648 965 οῐομαι
1679 929 1771 964 δίκην,

987 982 1124 1017 τοσαύτης
1140 982 1189 1016 μὲν
1221 979 1351 1014 ῥαγείσης
1384 979 1444 1006 κατ’
1475 977 1542 1012 ἐμοῦ
1570 976 1618 1003 καὶ
1642 975 1695 1001 τῶν
1722 975 1773 1001 σὺν

987 1028 1052 1063 ἐμοὶ
1074 1028 1124 1062 τῆς
1146 1026 1253 1057 ἀδικίας
1269 1025 1299 1058 ἐξ
1314 1025 1403 1060 ὑμῶν,
1429 1023 1564 1051 τοσούτων
1577 1022 1607 1049 δὲ
1635 1021 1773 1057 χυθέντων

988 1072 1124 1108 αἱμάτων,
1152 1070 1287 1098 τοσούτων
1315 1070 1344 1097 δὲ
1367 1069 1523 1104 γενομένων
1550 1068 1598 1095 καὶ
1622 1065 1773 1101 γινομένων

988 1119 1032 1146 διὰ
1047 1119 1095 1154 τὴν
1110 1118 1245 1153 ὑμετέραν
1265 1116 1366 1144 κακίαν
1389 1115 1491 1150 ἐφόδων
1509 1112 1696 1149 βαρϐαρικῶν,
1712 1119 1774 1138 τοσ-

988 1165 1076 1192 ούτων
1088 1165 1110 1192 δ’
1123 1164 1306 1199 αἰχμαλώτων
1320 1163 1429 1197 νύκτωρ
1450 1161 1498 1188 καὶ
1510 1160 1569 1195 μεθ’
1584 1159 1691 1194 ἡμέραν
1702 1159 1774 1184 άπα-

989 1211 1130 1246 γομένωνο
1145 1210 1214 1237 ἀλλὰ
1232 1210 1344 1245 ταχεῖαν
1371 1208 1420 1235 καὶ
1437 1206 1604 1242 ἀποχρῶσαν
1635 1205 1683 1232 καὶ
1709 1203 1773 1231 καθ’

989 1257 1066 1292 ὑμῶν
1079 1256 1199 1283 ἐποίσειν
1217 1255 1267 1292 τὴν
1282 1254 1434 1289 ἐκδίκησιν,
1449 1253 1545 1288 ὥσπερ
1558 1253 1627 1288 δῆτα
1641 1251 1688 1278 καὶ
1701 1251 1773 1277 κατά

988 1303 1042 1330 τῶν
1068 1303 1167 1335 ἄλλων,
1197 1301 1244 1332 οὒς
1270 1300 1350 1336 ἔργον
1374 1300 1480 1334 ξίφους,
1503 1297 1570 1333 ἐμοῦ
1602 1297 1770 1329 σιωπῶντος,

989 1347 1140 1383 ἐπεπράχει
1159 1346 1189 1373 τὸ
1209 1345 1282 1373 θεῖον
1311 1345 1365 1381 πρὸ
1375 1344 1523 1379 ὀφθαλμῶν
1539 1343 1626 1379 ὑμῶν,
1646 1343 1679 1370 ἵν’
1692 1343 1772 1377 ὑμεῖς

988 1393 1047 1425 τοῖς
1073 1393 1128 1419 τῶν
1156 1392 1245 1419 ἄλλων
1269 1393 1364 1423 κακοῖς
1386 1390 1587 1424 παιδευθείητε.
1612 1389 1644 1416 El.
1677 1390 1772 1424 μέντοι

989 1440 1122 1474 τοσαύτην
1139 1437 1274 1473 ἐθρέψατε
1302 1436 1337 1464 δι’
1357 1437 1407 1472 ἐμὲ
1426 1436 1476 1472 τὴν
1509 1436 1657 1471 θηριωδίαν
1682 1436 1712 1462 ὲν
1737 1437 1771 1471 τῇ

988 1484 1061 1520 ψυχῇ
1076 1483 1146 1511 κατὰ
1159 1483 1267 1511 πάντων
1281 1482 1374 1514 άπλῶς
1387 1481 1566 1517 Χριστιανῶν,
1593 1481 1640 1508 καὶ
1659 1481 1771 1516 σιδήρου

953 1546 974 1576 c
992 1531 1044 1566 μὶν
1060 1530 1162 1561 παντὸς
1179 1528 1364 1576 σκληροτέραν
1391 1526 1544 1563 ἐκτήσασθε
1645 1527 1771 1576 καρδίαν,

991 1577 1075 1611 φειδὼ
1089 1576 1118 1603 δὲ
1138 1576 1215 1602 πᾶσα
1240 1576 1288 1602 καὶ
1317 1572 1406 1605 οἶκτος
1434 1574 1507 1605 άπας
1532 1573 1658 1605 καθάπαξ
1686 1574 1771 1608 ἐρρύη

990 1622 1046 1649 τῶν
1061 1621 1234 1656 σπλάγχνων,
1263 1620 1368 1655 μάρτυς
1396 1619 1466 1645 ἔστω
1483 1619 1592 1653 πρῶτον
1622 1619 1672 1653 μὲν
1699 1620 1714 1646 6
1738 1619 1773 1646 τὰ

990 1667 1082 1695 πάντα
1113 1666 1220 1702 βλέπων
1260 1665 1410 1700 ἁκοίμητος
1436 1664 1575 1699 ὀφθαλμὸς
1604 1664 1652 1691 τοῦ
1680 1664 1749 1692 Θεοῦ
1764 1673 1772 1680 ·

990 1712 1117 1747 δεύτερον
1133 1710 1168 1742 δ’,
1182 1711 1199 1746 ἠ
1223 1710 1258 1737 τὰ
1271 1711 1362 1737 πάντα
1377 1709 1513 1745 βόσκουσα
1535 1711 1584 1737 τάν
1609 1711 1645 1744 γῇ
1659 1710 1774 1744 λαμπὰς

991 1758 1078 1793 ἡλίου,
1094 1758 1132 1789 ὼς
1148 1757 1178 1784 τό
1189 1756 1215 1791 γ’
1231 1757 1298 1791 ἐμὸν
1313 1755 1470 1783 παντάπασι
1499 1755 1582 1790 μέρος
1606 1755 1774 1791 ἀπολελόγη-

992 1803 1115 1839 μαι,καὶ
1131 1802 1263 1829 πλειόνων
1276 1801 1307 1827 οὐ
1330 1802 1426 1836 δέομαι
1451 1800 1548 1835 λόγων.
1581 1800 1720 1836 Ἀπτομαι
1751 1802 1774 1828 δ’

990 1848 1037 1876 οὖν
1053 1848 1101 1875 καὶ
1114 1847 1170 1874 τῶν
1182 1847 1238 1874 σῶν
1252 1846 1373 1881 γονάτων
1404 1845 1496 1881 ἁπάσῃ
1523 1845 1652 1882 προθέσει
1671 1845 1774 1881 ψυχῆς,

991 1894 1121 1930 καὶπρὸς
1134 1895 1180 1922 τὸν
1193 1894 1321 1921 ἁπάντων
1333 1893 1435 1928 ὁρκίζω
1453 1900 1483 1919 σε
1506 1891 1633 1928 ποιητὴν,
1660 1893 1700 1927 μὴ
1720 1901 1774 1919 κα-

992 1941 1159 1975 τοκνήσαντι
1176 1939 1281 1973 γένοιτὸ
1302 1947 1343 1965 σοι
1357 1938 1406 1972 τὴν
1418 1937 1557 1974 ἡμετέραν
1581 1937 1685 1972 ταύτην
1706 1945 1776 1972 γρα-

992 1986 1046 2020 φὴν
1062 1985 1149 2020 λήθης
1167 1985 1291 2012 ικδοῡναι
1311 1983 1409 2019 ῥοθίοις
1425 1985 1473 2010 καὶ
1503 1983 1636 2017 ἀφανείας
1653 1983 1775 2017 πυθμέσι

992 2032 1123 2067 καλύψαι·
1141 2031 1209 2058 ἀλλὰ
1231 2031 1359 2057 κοινῶσαι
1378 2029 1464 2064 φίλοις
1481 2031 1529 2057 καὶ
1543 2029 1699 2064 συγγενέσι,
1715 2037 1775 2055 κοις

992 2079 1077 2106 νῶσαι
1094 2079 1214 2109 συνετοῑς
1242 2077 1369 2111 ἀνδράσιν
1380 2084 1386 2090 ·
1406 2076 1449 2102 ῐνα
1460 2076 1533 2103 δυοῖν
1555 2075 1680 2111 θάτερον,
1708 2076 1725 2111 ἢ
1741 2077 1776 2102 τὰ

993 2124 1152 2151 συνοίσοντα
1167 2122 1385 2158 συμϐουλεύσασι
1402 2121 1544 2148 πείθεσθαι
1557 2122 1601 2157 [Ρ.
1617 2121 1681 2157 475]
1699 2122 1775 2157 ἔχῃς,

992 2170 1010 2206 ἢ
1025 2170 1163 2205 μάρτυρες
1177 2168 1243 2203 γοῦν
1266 2168 1319 2194 τῶν
1335 2167 1485 2202 γινομένων
1505 2176 1534 2194 τε
1551 2168 1597 2194 καὶ
1613 2168 1777 2194 ἀποϐαινόν-

956 2210 980 2238 D
993 2223 1048 2242 των
1069 2211 1126 2240 εἶεν
1142 2213 1230 2241 αὐτοί.
1245 2222 1254 2239 ι

1029 2261 1065 2287 Ε’.
1088 2260 1208 2291 Ἐκεῖνος
1223 2258 1274 2294 μὲν
1283 2258 1329 2286 οὖν
1341 2259 1467 2294 ὲρυθροῖς
1478 2267 1506 2285 τε
1523 2259 1570 2285 καὶ
1585 2259 1776 2295 οίκιιοχείροις

994 2306 1034 2338 εἰς
1049 2306 1135 2341 μῆκος
1152 2305 1277 2336 ἐκτείνας
1301 2305 1448 2340 γράμμασι
1474 2305 1523 2340 τὴν
1546 2305 1691 2340 ἐπιστολὴν
1706 2305 1776 2340 (l3),

995 2353 1042 2379 καὶ
1057 2351 1140 2386 πολλῇ
1153 2352 1186 2386 τῇ
1206 2351 1271 2385 περὶ
1291 2350 1341 2385 τὴν
1364 2350 1460 2385 δέησιν
1484 2350 1706 2386 σμικροπρεπείᾳ
1728 2350 1776 2377 τοῦ

996 2398 1079 2432 ἤθους
1098 2396 1282 2432 χρησάμενος,
1310 2397 1353 2423 ἵνα
1368 2396 1407 2431 τῷ
1422 2396 1500 2431 ἄκρῳ
1525 2397 1572 2423 τοῦ
1591 2396 1676 2431 μέσον
1695 2396 1776 2431 τύχῃ,

993 2444 1039 2470 τδν
1062 2443 1140 2477 λόγον
1169 2441 1286 2468 ἐνταῦθά
1313 2450 1364 2468 που
1398 2442 1581 2469 κατέπαυσεν.
1614 2441 1710 2476 ΊΙμεῖς
1735 2442 1776 2473 δὲ,

992 2487 1216 2522 τάναγκαιότερα
1239 2487 1288 2521 τῆς
1312 2487 1468 2522 προθέσεως
1500 2486 1607 2512 ἐκεῖθεν
1650 2486 1778 2521 ἔρανισά-

994 2542 1080 2568 μενοι,
1109 2533 1161 2568 τὴν
1190 2533 1383 2567 προσήκουσαν
1410 2531 1558 2567 ἐξεθέμεοα
1594 2531 1711 2567 δήλωσιν
1735 2532 1780 2558 ὲν·

992 2579 1098 2607 ταυοοί.

875 2635 988 2663 CAPUT
1010 2636 1053 2663 IV.

159 2687 316 2712 l'utriurrlm
335 2686 433 2711 minore
449 2685 552 2711 tandem
573 2684 643 2721 fusti}
670 2682 817 2721 respondet.
844 2681 905 2721 Sese
921 2687 944 2709 et
970 2683 1180 2721 Contacitsenuin
1194 2686 1288 2718 partim
1308 2692 1423 2717 m‘titsul,
1444 2686 1540 2721 partim
1558 2686 1677 2712 damnat.
1695 2685 1777 2711 llrbus

192 2723 272 2756 lapsis
287 2721 492 2746 surcurrmdum
509 2717 607 2756 censet,
623 2719 718 2745 Putem
738 2717 871 2744 nuit/endo
886 2719 991 2744 Annam
1004 2720 1119 2753 oﬂ'endit.
1137 2717 1222 2754 Hujus
1241 2721 1265 2747 in
1289 2717 1503 2748 Cuntucuzcitum
1526 2726 1549 2747 et
1566 2721 1661 2748 Ircnen
1677 2722 1776 2753 odium,

823 2781 991 2811 Variorum
1012 2784 1103 2812 noue;

193 2833 248 2866 (ιό)
267 2830 339 2868 More
357 2832 550 2866 imperatorum
562 2831 938 2868 Constantinopolitauorum,
958 2831 991 2858 de
1003 2838 1056 2865 quo
1075 2830 1192 2858 diximus
1223 2830 1255 2857 ad
1270 2830 1438 2867 _Alcxiadcm
1471 2829 1611 2862 Anna‘am,
1637 2837 1699 2865 pag.
1725 2829 1778 2858 253

157 2867 300 2893 Νυιέινιιιιι.
312 2867 428 2893 Uncus.
