1924 3076
123 150 178 182 997
329 147 370 183 [Α.
390 155 415 175 c.
440 147 517 184 1546]

599 141 845 181 IBYZANTIN/E
864 151 1056 182 llIsTORLE
1081 151 1153 183 LIB.
1176 151 1226 181 xv

1312 148 1380 184 [μιν.
1409 157 1432 176 ι.
1454 157 1578 177 Μιεοι.
1600 150 1629 186 5]

1699 153 1754 184 998

160 214 193 232 ea:
221 205 351 244 zelotypin
380 210 489 244 nutum;
515 205 573 240 [una
592 206 723 233 malorum
742 208 871 234 omnium.
900 207 1069 234 Pulriarcliw
1096 212 1183 234 tamen
1207 212 1231 234 et
1255 209 1334 235 tutius
1361 209 1442 236 curia:
1469 208 1622 244 Byzantina!
1648 216 1756 244 gravior

161 249 243 276 quam
261 240 345 267 Anna!
361 240 450 276 culpa.

162 299 206 325 A'.
219 299 265 333 Τᾦ
278 307 309 332 γε
326 300 378 334 μὴν
391 299 549 335 πατριάρχῃ
578 299 666 326 ταῦτα
694 301 837 335 ἀκηκοότι,
870 301 915 337 οὐχ

1004 302 1025 329 Ι.
1039 301 1087 329 His
1113 301 1266 336 patriarcha
1295 301 1405 333 auditis,
1424 309 1478 328 non
1495 301 1592 329 eodem
1617 301 1688 328 fastu
1705 301 1755 328 has

126 343 186 371 οἷαν
203 345 273 372 κατὰ
302 346 356 372 τῶν
377 348 442 381 πρὶν
467 346 664 382 πεμπομένων,
696 347 824 382 τοιαύτην
850 348 913 374 κάν-

128 390 218 418 ταῦθα
231 392 279 426 τὴν
293 392 380 427 ὀφρὺν
397 394 554 425 ἐπεδείξατο
566 401 574 409 '
589 394 647 420 ἀλλ’
678 395 707 426 ἐς
719 394 749 420 τὸ
776 396 915 430 σωφρονέ-

131 446 226 472 στερον
241 438 291 473 τὴν
310 438 430 466 διάθεσιν
441 440 491 474 τῆς
505 439 595 474 ψυχῆς
616 439 668 466 ὑπὸ
684 440 738 466 τῶν
750 441 797 467 τοῦ
817 441 914 476 χρόνου

132 483 260 518 κυμάτων
289 485 471 519 πεπεισμένος
500 486 612 520 τρέπειν
645 485 735 513 τοιάδε
763 486 823 513 τινὰ
847 487 915 512 ἀπε-

129 528 265 562 φθέγξατο
276 536 283 544 ’

166 572 202 600 B’.
222 584 231 599 ε
255 574 438 610 Ἀμφοτέροις
452 575 556 610 (φησὶν)
571 575 683 608 εἰκότως
701 577 735 603 ἄν
761 585 809 608 τις
827 577 914 602 ἐπιτι-

132 621 241 653 μήσειε,
266 620 486 656 Καντακυυζηνῷ
502 630 532 648 τε
549 622 644 656 κάμοὶ,
662 622 843 657 ἀνθρωπίνως
859 622 916 648 δια-

131 665 234 691 τεθεϊσι
251 666 320 701 πρὸς
348 666 397 701 τὴν
425 667 568 702 παροῦσαν
596 668 727 703 σπουδὴν,
750 668 797 694 καὶ
831 668 915 703 μηδὲν

130 710 296 746 ὑψηλότερον
314 711 416 739 ἐννοεῖν
430 713 614 749 βουληθεῖσιν,
629 715 666 745 ὡς
688 716 712 741 εἰ
742 715 780 749 μὴ
798 715 850 742 κᾶν
881 715 915 741 τὰ

129 755 179 789 τῆς
193 756 297 784 ἄνωθεν
315 758 550 793 συνεπι).αμ”6ἀνοι
565 761 704 796 προνοίας,
721 761 834 795 μάταιος
843 763 915 788 πᾶσα

131 802 259 834 καθάπαξ
283 803 371 830 είπείν
382 804 437 830 τῶν
460 805 612 840 ἀνθρώπων
627 806 742 841 σπουδή.
758 806 840 833 Ὅθεν
852 807 913 841 ὀψὲ,

132 848 201 881 μετὰ
214 848 324 882 μακρὰν
344 848 391 874 κα)⁴
407 849 577 884 δριμυτέραν
593 850 643 884 τὴν
662 851 773 884 πεῖραν.
802 850 831 876 τὸ
854 850 914 877 δέον

134 893 280 925 μανθάνειν
295 894 451 929 ἀρχόμεθα,
479 895 524 921 ὅτε
538 895 675 930 δυσχερὴς
693 896 709 929 ἡ
725 895 778 921 τῶν
790 896 915 930 σφαλμά-

131 947 186 965 των
200 940 259 966 ἑστὶ
287 939 443 975 διόρθωσις.
471 939 500 967 '0
519 941 569 976 μὲν
590 941 644 976 γὰρ
672 942 712 972 εἰς
735 941 780 967 τὸν
803 941 915 976 βασιλέα

131 985 242 1021 Μιχαὴλ
260 986 306 1013 τὸν
331 986 514 1022 Παλαιολόγον
543 987 593 1022 τὴν
627 988 737 1022 μνήμην
759 986 913 1020 ἀνενεγκὼν

130 1030 275 1066 ἐμέμψατο
288 1031 338 1065 τὴν
351 1032 391 1063 είς
407 1032 453 1058 τὸν
476 1032 524 1058 τοῦ
542 1033 755 1067 τελευτήσαντος
782 1032 914 1067 βασιλέως

131 1077 190 1102 υίδν
205 1077 312 1103 ἀδικίαν
325 1078 371 1104 καὶ
390 1079 441 1112 τὴν
470 1077 516 1104 τοῦ
551 1078 688 1112 βασιλείου
706 1078 763 1113 (Μ)
794 1079 913 1112 κράτους

129 1122 292 1158 τυραννικὴν
314 1124 474 1158 ἀντίληψιν·
494 1124 542 1150 καὶ
558 1123 665 1157 βέλτιον
686 1124 702 1159 ἦ
720 1123 781 1150 κατ’
809 1125 914 1150 ἐκεῖνον

129 1170 172 1199 εἰς
191 1171 242 1204 τὴν
255 1169 385 1204 τοιαύτην
403 1171 450 1196 καὶ
464 1170 544 1201 αὐτος
562 1169 722 1206 ἐληλυθέναι
746 1170 914 1206 βεϐουλημέ-

129 1223 173 1246 νος
185 1215 358 1251 ἐγχείρησιν,
369 1216 451 1248 αὐτὸς
477 1219 527 1251 μὲν
541 1216 666 1248 ὑπούλως
683 1216 731 1244 καὶ
749 1217 817 1251 μετᾶ
831 1225 914 1243 τινων

129 1261 279 1295 ἀπατηλῶν
295 1262 342 1288 καὶ
362 1262 567 1297 σεσοφισμένων
594 1253 771 1297 προφάσεων,
794 1262 824 1289 τὸ
840 1263 915 1298 βασίο

129 1306 201 1333 λειον
216 1307 424 1342 περιζώσασθαι
439 1308 540 1343 κράτος
557 1308 734 1343 βεϐούλευται
747 1317 754 1325 ·
769 1309 815 1335 τὸν
827 1309 855 1335 δὲ
866 1309 914 1335 τοῦ

128 1353 355 1388 τετελευτηκότες
378 1355 436 1380 υῑὸν
465 1354 598 1389 βασιλέως
626 1354 766 1390 εἰληφέναι
790 1355 915 1390 γαμΰίὸν

132 1399 179 1424 ἔτι).
195 1398 312 1435 θυγατρὶ
328 1400 396 1434 πρὸς
413 1399 539 1434 διαδοχὴν
561 1401 610 1436 τῆς
628 1400 781 1435 βασιλείας·
799 1402 914 1437 πρᾶγμα

131 1444 300 1480 δικαιότερον
317 1445 380 1476 ἴσως
395 1448 442 1472 καὶ
461 1446 576 1481 ἥμερον,
601 1446 648 1472 καὶ¹
672 1447 762 1480 πάσης
785 1446 916 1482 μέμψεως

130 1489 276 1525 ὑπερόριον
292 1489 351 1525 ἔχον
373 1491 418 1517 τὸν
433 1492 513 1518 πόδα.
528 1488 566 1518 Oi)
584 1492 655 1518 κατὰ
687 1492 814 1529 βούλησιν
838 1493 914 1520 Θείαν

130 1535 181 1562 οὒκ
197 1535 285 1568 ὄντος,
297 1536 334 1568 ὡς
346 1536 429 1569 ἔοικε,
447 1537 652 1564 συνεπεπτώκει
677 1539 749 1574 κάμὲ
769 1539 838 1575 πρὸς
856 1542 916 1567 ἑπι-

131 1582 244 1616 σφαλεῖς
260 1582 378 1615 διανοίας
405 1583 450 1610 τὸν
477 1584 539 1610 νοῦν
561 1585 685 1619 ἀγαγεῖν,
715 1586 763 1613 καὶ
787 1586 915 1620 πολέμιον

132 1628 242 1664 ίσχυρὸν
266 1630 322 1660 τοῖς
347 1630 452 1657 ἐκείνου
483 1630 613 1662 τοιούτοις
641 1631 806 1667 βουλεύμασι
832 1641 951 1676 κατα-ο

131 1681 241 1708 στηναι,
258 1675 465 1710 ἀναμνησθέντα
479 1677 528 1712 τῆς
555 1676 601 1702 τοῦ
615 1677 766 1712 τηνικαῦτα
781 1686 917 1713 πατριαρ-

130 1719 258 1755 χεύοντος
289 1722 426 1757 ’Λρσενίου
450 1723 639 1759 νωθρότητος·
663 1723 697 1750 δι’
720 1724 765 1759 ἢν,
789 1724 828 1755 ὡς
849 1726 916 1760 ἡμῖν

130 1773 163 1799 γε
179 1765 347 1801 νενόμισται,
363 1767 502 1803 ἐπιορκίαι
523 1768 650 1794 ποικίλαι
663 1777 692 1794 τε
708 1770 754 1795 καὶ
770 1769 916 1804 φρικώδεις

130 1810 303 1846 προῦϐησαν,
320 1811 364 1848 [Ρ.
375 1811 440 1847 476]
459 1812 506 1838 καὶ
525 1813 558 1839 τὰ
575 1813 623 1848 τῆς
638 1813 692 1840 τὸτ’
707 1813 815 1846 ἀδικίας
828 1816 874 1841 ἐπὶ
887 1815 917 1842 τὸ

132 1857 260 1892 μέγιστον
270 1857 490 1893 προκεχωρήκει·
502 1859 538 1888 ὡς
550 1859 656 1885 ἐκεῖθεν
664 1859 712 1894 τῆς
721 1860 767 1886 τοῦ
776 1860 842 1887 θεοῦ
852 1869 917 1895 σε,εο-

131 1903 203 1938 δρῶς
212 1903 393 1939 ἑκκαυθείσης
410 1904 506 1940 ὀργῆς,
520 1905 553 1931 τὰ
563 1905 680 1940 μέγιστα
694 1907 764 1934 κατὰ
772 1907 916 1942 Ῥωμαίων

131 1948 284 1984 βλαστῆσαι
294 1950 378 1983 κακὰ,
400 1950 446 1976 καὶ
467 1950 590 1985 μακροὺς
608 1951 822 1986 κακοδαιμονίας
837 1953 917 1989 ὲγερα

132 1994 212 2028 θῆναι
223 1995 293 2021 κατὰ
306 1995 360 2021 τῶν
375 1995 473 2022 κοινῶν
488 1996 660 2031 πραγμάτων
675 1998 723 2024 καὶ
736 1997 840 2033 βιαίους
853 1998 918 2025 κλύ-

131 2040 218 2071 δωνας
234 2040 298 2075 ἄχρι
315 2041 363 2067 καὶ
380 2042 407 2072 ἐς
424 2041 473 2075 τὴν
489 2042 621 2077 τήμερον.
640 2043 729 2078 ᾬμην
752 2044 816 2078 γὰρ,
835 2042 873 2075 ὡς
891 2045 916 2070 εί

132 2085 224 2116 ζῶσαν
254 2085 324 2121 έχων
357 2085 462 2117 ὲκεῖνος
490 2087 552 2112 τότε
571 2087 660 2122 ψυχὴν
692 2087 836 2115 ἀνθίστατο
861 2090 916 2120 τοῖς

130 2130 237 2157 ἐκείνου
252 2132 318 2166 περὶ
331 2131 380 2166 τῆς
397 2132 536 2166 βασιλείας
551 2132 718 2167 βουλεύμασι
732 2142 760 2160 τε
772 2135 820 2160 καὶ
828 2135 918 2169 πράγ-

133 2185 229 2210 μασιν,
240 2176 332 2211 ἥκιστ’
350 2177 384 2204 ἂν
411 2177 498 2213 δήπου
521 2178 644 2205 τοσαῦτα
670 2179 741 2205 κατὰ
771 2179 916 2214 Ῥωμαίων

132 2224 246 2257 ἐκέχυτο
259 2223 293 2249 τὰ
308 2223 394 2250 δεινά.
418 2224 500 2250 Ὀθεν
514 2224 564 2259 τὴν
577 2225 639 2251 τότε
655 2226 846 2260 προσήκουσαν
867 2225 916 2260 μὲν

133 2268 295 2302 θεραπείαν,
310 2268 410 2303 ἥκιστα
427 2269 454 2295 δὲ
469 2270 630 2304 γενομένην,
643 2272 671 2297 ὲν
683 2272 738 2302 τοῖς
754 2271 801 2298 νῦν
810 2273 915 2307 καιροῖς

966 348 1075 375 litteras
1091 347 1210 382 excepit.
1241 355 1295 381 quo
1311 347 1483 382 superiores;
1502 346 1548 374 sed
1574 347 1707 374 suadente
1724 347 1756 373 il-

965 392 1019 420 lius
1036 392 1169 427 temporis
1187 391 1402 427 perturbatione,
1424 392 1506 419 animi
1530 393 1572 419 sui
1589 392 1754 419 sententiam

965 438 998 465 ad
1012 438 1151 466 meliorem
1172 439 1278 473 frugem
1303 439 1453 472 revocavit,
1466 443 1494 466 et.
1509 438 1548 466 sic
1567 439 1652 465 ferme
1676 438 1754 466 loeu-

967 489 1010 512 lus
1022 489 1063 512 σει
1077 492 1085 512 ε

1001 575 1035 602 ll.
1053 584 1061 600 ι
1079 574 1230 607 Ambobus,
1249 574 1351 609 inquit,
1373 575 1474 602 merito
1485 575 1619 610 quispiam
1636 582 1754 602 succen-

965 626 1024 649 seat
1039 625 1067 648 et.
1081 621 1271 648 Cantacuzei:o
1286 627 1314 648 et
1327 621 1404 654 mihi,
1419 621 1467 656 qui
1483 629 1543 654 nos,
1561 626 1590 648 ut
1605 622 1753 648 humanum

965 671 1034 698 erat,
1045 667 1071 693 in
1097 668 1222 702 praesenti
1245 667 1356 702 negotio
1378 668 1522 701 gessimus,
1539 674 1570 694 ac
1586 674 1642 693 non
1656 666 1754 694 altiora

965 713 1090 747 quaedam
1104 714 1226 748 cogitare
1249 714 1400 746 voluimus;
1425 713 1534 740 inanem
1550 712 1678 740 videlicet
1693 719 1754 740 esse

965 766 1075 787 omnem
1089 759 1202 786 omnino
1226 759 1369 786 hominum
1391 758 1634 793 diligentiamnisi
1652 763 1679 785 et
1696 765 1754 785 ca:-

966 803 1044 831 lestis
1069 804 1140 832 adsit
1161 805 1349 832 Providentia.
1376 804 1454 831 Unde
1484 805 1523 835 lit,
1554 808 1583 829 ut
1608 808 1756 838 siro,post

967 848 1076 883 longam
1101 853 1129 876 et
1157 849 1285 876 acerbam
1314 848 1602 884 cxperientiaut,quid
1627 848 1754 882 expediat

967 895 1023 917 tum
1038 890 1191 926 intelligere
1210 890 1384 926 incipiamus,
1397 898 1458 918 cum
1474 890 1583 917 diilicile
1595 894 1638 917 est
1651 891 1754 917 nostris

967 937 1069 964 mederi
1095 937 1204 964 erratis.
1222 937 1329 964 Etenim
1355 937 1410 969 hic,
1425 944 1486 964 cum
1507 936 1540 964 ad
1559 936 1753 970 imperatorem

932 980 1127 1011 Blllicbaelem
1152 983 1334 1018 Palmologum
1362 983 1484 1010 animum
1511 983 1662 1015 retulisset,
1677 989 1752 1015 eum,

964 1029 1036 1064 quod
1063 1030 1236 1064 imperatoris
1264 1029 1385 1057 defuncti
1407 1029 1492 1056 (ilium
1511 1029 1649 1056 all‘eeisset
1679 1028 1753 1064 injuc

964 1075 1017 1107 ria,
1034 1083 1065 1102 ac
1082 1075 1222 1111 tyrannice
1246 1076 1272 1102 iu
1302 1082 1435 1102 summam
1451 1078 1614 1110 potestatem
1633 1074 1752 1101 invasis-

964 1122 1017 1148 set,
1034 1116 1210 1151 improbavit;
1245 1122 1273 1144 et
1304 1117 1446 1144 honestius
1477 1125 1559 1151 quam
1586 1116 1631 1144 ille
1656 1115 1753 1144 eadem

965 1163 1073 1198 aggredi
1090 1163 1195 1196 volens,
1213 1163 1265 1191 sibi
1281 1163 1392 1199 quidem
1406 1163 1533 1196 subdole,
1549 1163 1679 1198 captiosis
1689 1162 1753 1197 qui-

965 1209 1080 1236 busdam
1104 1215 1132 1237 et
1157 1210 1354 1238 commentitiis
1375 1210 1527 1238 rationibus
1549 1210 1682 1245 allegatis,
1703 1210 1754 1236 im-

966 1256 1130 1290 peratoriam
1155 1258 1345 1283 auctoritatem
1372 1256 1455 1291 759
1484 1264 1624 1291 arrogare,
1651 1257 1753 1283 mortui

965 1305 1055 1328 autem
1079 1301 1252 1335 imperatoris
1275 1301 1360 1328 ﬁlium
1377 1309 1507 1336 genuerunt
1528 1306 1555 1328 et
1571 1302 1678 1336 imperii
1692 1309 1755 1330 suc-

965 1355 1102 1375 cessorem
1120 1348 1266 1375 adsumere
1284 1347 1407 1375 decrevit
1422 1357 1430 1375 :
1446 1348 1472 1374 id
1497 1348 1569 1383 quod
1584 1348 1686 1383 justius
1700 1348 1754 1375 for-

967 1399 1039 1421 tasse
1066 1394 1278 1430 benigniusque,
1298 1399 1325 1422 et
1341 1399 1418 1422 extra
1432 1402 1540 1422 omnem
1561 1394 1755 1429 reprehensio-

967 1449 1029 1467 nem
1053 1442 1174 1476 positum
1200 1445 1267 1468 erat.
1286 1440 1340 1468 Sed
1358 1441 1421 1476 quia
1445 1441 1509 1473 alia,
1526 1446 1557 1467 ut
1571 1441 1691 1473 videtur,
1705 1441 1753 1469 Dei

965 1487 1093 1515 voluntas
1118 1487 1179 1518 fuit,
1202 1494 1236 1515 eo
1259 1487 1361 1515 factum
1384 1492 1437 1518 est.
1455 1493 1485 1515 ut
1501 1492 1528 1514 et
1541 1488 1598 1522 ipse
1613 1488 1647 1515 ad
1662 1488 1755 1515 incau-

967 1538 1006 1561 tas
1023 1533 1200 1567 cogitationes
1213 1533 1335 1560 animum
1351 1533 1531 1568 appellerem,
1552 1539 1579 1561 et
1594 1534 1668 1561 hisee
1682 1534 1757 1562 illius

965 1579 1088 1607 consiliis
1112 1579 1220 1606 hostem
1247 1587 1289 1606 me
1305 1581 1470 1607 acerrimum
1497 1587 1675 1615 opponerem,
1691 1587 1758 1608 euut

966 1625 1086 1658 Arsenii,
1108 1625 1154 1660 qui
1187 1625 1341 1660 patriarcha
1365 1626 1418 1653 illis
1441 1626 1611 1661 temporibus
1631 1626 1693 1658 fuit,
1711 1633 1757 1654 ιοο

967 1670 1089 1697 cordiam
1114 1669 1206 1697 animo
1237 1675 1419 1705 reputassem,
1433 1678 1483 1705 per
1508 1679 1590 1705 quam
1615 1671 1754 1702 ellectum,

969 1723 1029 1743 meo
1044 1715 1155 1751 quidem
1169 1715 1285 1750 judicio,
1298 1720 1328 1743 ut
1353 1716 1380 1743 in
1397 1717 1471 1744 varia
1487 1717 1680 1751 horrendaque
1695 1725 1757 1752 per-

965 1762 1037 1798 juria
1055 1763 1153 1794 iretur,
1164 1766 1191 1789 et
1207 1769 1240 1789 ea
1256 1770 1317 1797 qua:
1337 1767 1393 1789 tum
1410 1763 1514 1790 exstitit
1531 1763 1629 1798 injuria
1646 1771 1757 1798 progre-

968 1807 1080 1835 deretur
1106 1806 1284 1842 longissime;
1312 1807 1348 1834 ita
1376 1814 1416 1839 ut.
1432 1808 1545 1835 numine
1562 1808 1637 1843 gravi
1655 1808 1693 1834 ira
1710 1815 1757 1835 ac-

967 1861 1062 1883 censo.
1075 1853 1191 1880 maxima
1207 1853 1270 1880 inde
1295 1853 1322 1880 in
1342 1853 1480 1880 Romanos
1498 1853 1656 1888 pullularint
1673 1853 1754 1884 mala.

968 1907 1127 1935 magnaeque
1141 1898 1168 1926 in
1188 1899 1388 1934 rempublicam
1414 1899 1585 1927 calamitates
1601 1904 1628 1927 et
1645 1900 1756 1927 violenti

967 1946 1001 1973 ad
1029 1946 1190 1973 hodiernam
1227 1953 1314 1981 usque
1343 1945 1415 1973 diem
1444 1944 1544 1974 ﬂuctus
1569 1946 1755 1981 proruperint.

967 1989 1100 2017 Putabam
1115 1990 1198 2024 enim,
1218 1990 1242 2018 si
1266 1990 1300 2022 is,
1316 1990 1409 2017 animo
1427 1990 1483 2017 acri
1507 1995 1535 2018 et
1548 1990 1641 2017 vivido
1659 1990 1759 2025 prtedi‘

969 2041 1022 2068 tus,
1038 2035 1113 2063 illius
1131 2040 1196 2064 tunc
1211 2036 1245 2063 de
1257 2036 1378 2071 imperio
1394 2036 1549 2064 invadendo
1563 2036 1685 2064 consiliis
1700 2044 1758 2063 mor-

970 2082 1169 2117 litionibusqne
1195 2082 1358 2115 obstitisset,
1379 2082 1493 2110 minime
1516 2083 1611 2117 utique
1627 2087 1667 2109 tot
1686 2082 1756 2110 mala

968 2128 1154 2156 redundatura
1170 2128 1197 2155 in
1213 2124 1351 2155 Romanos
1368 2128 1464 2156 fuisse.
1480 2127 1643 2155 Medicinam
1661 2129 1755 2163 igitur,

967 2181 1028 2208 qua:
1050 2177 1105 2201 tum
1136 2179 1290 2209 opportuna
1307 2174 1419 2208 quidem
1444 2179 1512 2206 erat.
1529 2174 1576 2201 sed
1597 2175 1756 2209 neutiquam

967 2219 1038 2246 facta
1055 2225 1107 2252 est,
1127 2227 1189 2247 cum
1208 2221 1266 2254 ipse
1281 2220 1333 2247 hoc
1354 2226 1474 2255 tempore
1492 2225 1574 2255 atque
1598 2220 1648 2247 hoc
1664 2228 1756 2247 rerum

968 2271 1040 2293 statu
1057 2267 1152 2293 vellem
1164 2266 1307 2299 adhibere,
1322 2271 1349 2294 et
1360 2266 1538 2301 cogitationes
1552 2267 1643 2294 animo
1654 2267 1757 2294 alerent

134 2314 182 2337 καὶ
195 2313 356 2346 πράγμασιν
371 2313 577 2341 ἐπιδείκνυσθαι
594 2315 679 2342 θέλων
693 2316 785 2348 αὐτὸς,
809 2317 856 2342 καὶ
870 2325 915 2343 πο⁴

970 2312 1065 2347 plenas
1087 2313 1173 2340 fastus
1195 2317 1222 2340 et
1242 2313 1418 2347 arrogantim,
1435 2314 1508 2339 onmi
1537 2312 1628 2339 studio
1648 2313 1680 2339 ad
1694 2321 1758 2347 per-

135 2359 182 2385 inJv
199 2367 260 2386 τινα
276 2361 321 2386 τὸν
336 2359 419 2392 τῦφον
436 2361 482 2387 καὶ
505 2361 555 2396 τὴν
578 2360 667 2397 ’όφρίν
701 2363 917 2398 ἐπισυρομένους

134 2405 238 2441 θρέψας
251 2406 410 2440 λογισμοὺς,
435 2406 529 2442 ἁπάσῃ
560 2407 689 2442 προθέσει
712 2407 799 2443 ψυχῆς
819 2409 857 2440 είς
872 2409 917 2435 τὸν

135 2451 207 2476 κατὰ
219 2450 266 2476 τοῦ
285 2451 514 2485 Καντακουζηνοῦ
535 2451 678 2487 διανέστην
702 2453 830 2487 πόλεμον,
850 2453 919 2488 λαμ.-

135 2497 207 2531 πρὶς
221 2504 295 2528 τινος
306 2495 387 2531 δῆθεν
402 2497 567 2532 προφάσεως
582 2497 651 2532 ἔχων
665 2498 761 2531 ἐφόδια
781 2499 848 2532 πρὸς
863 2498 918 2524 διέ-

134 2543 289 2575 γερσιν,τά
303 2550 332 2568 τι
348 2542 416 2569 ἄλλα
447 2544 493 2569 καὶ
517 2544 591 2574 ὃπως
617 2545 649 2570 ἐκ
674 2544 720 2570 τοῦ
748 2545 918 2579 παραχρῆμα

134 2588 205 2622 πρὸς
233 2588 385 2624 ὑπεροψίαν
401 2589 483 2624 ἦθους
514 2590 611 2616 ἑαυτὸν
645 2591 842 2625 μετεσκεύασε,
870 2591 918 2617 καὶ

134 2634 192 2667 ἐιμα
205 2634 257 2660 κάν
271 2635 330 2665 ταῖς
353 2633 407 2661 τῶν
421 2634 529 2661 οἰκείων
553 2635 703 2660 ἐπιστολῶν
719 2634 918 2670 ἐπισημασίαις

134 2681 164 2704 τὸ
188 2678 303 2714 σύνηθες
319 2679 413 2706 δοῦλον
439 2681 585 2713 ἀπείπατο,
612 2680 815 2715 ἀφαιρούμενος
842 2681 918 2707 ἄντι-

135 2733 201 2758 κρυς
215 2727 315 2762 ’Δννης
330 2727 377 2762 τῆς
396 2727 529 2762 βασιλίδος
546 2727 651 2754 καὶτοῦ
672 2728 774 2762 ταύτης
794 2726 854 2752 υίοῦ
867 2725 917 2760 τὴν

971 2358 1142 2393 sequendum
1159 2358 1230 2385 bello
1241 2357 1463 2385 Cantacuzeuum
1478 2359 1552 2385 erexi
1570 2367 1632 2391 me;
1651 2359 1758 2393 specio-

971 2412 1016 2431 sas
1043 2404 1170 2431 videlicet
1195 2404 1327 2439 quasdam
1356 2411 1472 2438 causas,
1499 2405 1599 2440 quibus
1629 2409 1757 2439 tauquam

973 2450 1152 2478 irritamentis
1175 2455 1279 2483 uterer,
1294 2455 1350 2478 tum
1369 2452 1437 2479 alias
1461 2451 1577 2485 habens,
1597 2456 1654 2478 tum
1673 2452 1757 2478 maxi-

972 2505 1026 2530 me,
1040 2497 1112 2532 quod
1141 2497 1280 2532 ingenium
1305 2505 1386 2524 suum
1415 2498 1459 2525 ille
1483 2498 1516 2525 ad
1542 2497 1698 2532 superbiam
1715 2505 1758 2524 re-

972 2548 1054 2579 pente
1087 2542 1265 2576 tradux:s.~ct,
1293 2551 1324 2570 ac
1350 2543 1376 2570 in
1401 2543 1520 2578 propriis
1539 2543 1663 2577 epistulis
1685 2543 1760 2569 obsi-

969 2589 1086 2625 gnandis
1101 2590 1230 2616 usitatum
1247 2589 1365 2616 subditis
1376 2597 1480 2616 morem
1495 2589 1577 2624 760
1593 2588 1756 2621 abdicasset,

970 2641 1052 2671 atque
1074 2635 1143 2663 adeo
1169 2635 1203 2662 ab
1221 2635 1398 2670 impcratrice
1427 2635 1506 2662 Anna
1531 2640 1559 2662 et
1577 2635 1612 2662 ab
1628 2634 1757 2669 ejusiilio

969 2689 1126 2717 supremam
1144 2676 1310 2717 potestater
1320 2682 1408 2716 palam
1425 2681 1556 2709 auferret.
1574 2680 1712 2714 Quamobr
1730 2688 1756 2707 in

970 2733 1085 2763 uterque
1101 2728 1171 2755 nihil
1190 2728 1264 2756 aliud
1278 2728 1407 2763 fecimus,
1419 2728 1473 2756 nisi
1491 2732 1561 2756 totas
1575 2729 1686 2764 penitus
1702 2728 1756 2755 lto-

803 2801 967 2833 Variorum
984 2805 1078 2833 notat.

167 2865 224 2902 (Η)
237 2865 306 2893 Vide
319 2871 402 2900 supra
414 2865 462 2893 lib.
481 2874 517 2898 iv,
530 2872 591 2899 cap.
606 2865 632 2892 4.
651 2864 755 2892 Βυινικ.
