1924 3076
165 126 218 160 919
308 123 346 161 [Α.
367 131 396 152 ιι.
417 122 497 156 6854,
519 130 573 151 mn.
595 121 640 160 Η]

781 124 990 157 NICEPIIORI
1011 127 1033 157 G
1040 126 1201 157 liEGUll/E

1721 121 1792 155 100

1344 123 1412 159 [utra
1433 131 1452 151 ι.
1476 130 1593 151 “tamn.
1615 122 1643 159 5]

164 187 306 208 manorum
334 180 410 207 vires
440 179 607 212 attrivimus,
617 183 646 206 et
670 178 692 206 si
708 186 762 214 qua
783 178 853 207 forte
871 179 951 207 bona:

1016 182 1171 217 ;γε;λ.ονικὴν
1186 181 1321 214 ἐξουσίαν.
1344 181 1389 208 Διδ
1419 181 1467 207 καὶ
1491 181 1676 216 πεπράχαμεν
1708 170 1794 215 ἄμφι-ιι

165 226 225 260 spei
238 225 389 253 scintillula
408 224 434 251 in
460 224 544 261 rebus
568 223 673 258 reliqua
688 228 771 254 esset.
784 231 845 251 eam
861 224 953 251 fundi-

167 277 215 299 tus
226 270 401 300 sustuiimus.
415 271 469 298 Eos
479 270 566 302 enim,
580 270 626 305 qui
646 270 738 297 omnia
754 270 788 297 ad
806 270 955 298 humanam

167 317 333 345 industriam
361 317 551 351 imprudentes
577 316 715 348 referunt,-
738 323 771 342 co
788 316 955 344 calami-tatis

165 362 273 389 devolvi
289 362 355 388 nihil
372 361 470 388 mirum
485 369 492 393 ;
524 361 578 387 imo
615 361 734 387 maxime
751 361 880 395 congruit
894 367 955 388 cum

167 409 258 435 divina
274 408 451 435 Providentia
465 415 472 440 ;
485 406 568 445 cujus
578 411 620 433 est
640 406 685 433 hic
699 412 809 440 scopas,
820 411 847 432 ut
862 406 958 432 huma-

168 455 197 482 ni
226 454 312 481 animi
338 453 501 488 arrogantiae
535 452 643 479 frcnutn
668 457 771 479 certum
796 451 910 487 injiciat,
929 455 958 479 et

171 509 218 535 per
235 502 319 535 ipsam
337 507 428 527 rerum
444 499 641 534 experientiam
656 498 770 525 evidens
784 497 818 525 ad
833 503 959 532 posteros

169 547 368 574 documentum
396 551 489 581 aperte
516 544 696 572 transmittat.
715 543 801 570 Nobis
817 543 912 578 itaque
932 543 956 570 id

171 594 253 628 plane
269 599 319 619 usu
333 591 418 623 venit,
435 591 507 625 quod
524 590 630 625 vulgari
648 590 796 624 proverbio
808 589 861 616 dici
878 589 957 616 solet:

171 639 312 666 Genucium
330 643 433 665 cornua
456 641 631 671 appetentem
646 636 730 663 etiam
748 636 861 663 auribus
879 636 960 663 orba-

173 689 228 712 tam
248 691 319 711 esse.
334 683 402 710 Nam
418 687 446 710 et
467 682 519 716 ipsi
538 687 601 709 cum
619 682 781 717 ampliorem
798 681 959 716 dignitatem

172 731 366 763 fortunamque
390 731 636 762 appeteremus,et
661 727 834 754 occasionem
851 728 960 762 utrique

172 776 310 803 Romanos
325 774 427 801 limites
448 773 626 808 promovendi
645 772 865 800 oblatam'nobis
882 777 961 808 puta-

174 829 276 854 remus,
291 821 375 848 etiam
403 819 446 852 iis,
461 819 507 854 qui
535 824 592 846 tum
619 819 818 854 erant,dejecti
846 827 958 852 sumus;

1006 227 1088 254 πλέον
1103 228 1191 258 οὐδὲν,
1219 227 1235 262 ἢ
1264 228 1356 255 πᾶσαν
1382 227 1510 262 ἐκτρίψαι
1536 227 1684 262 Ῥωμαίων
1708 227 1795 262 ἄρδην

1007 274 1097 308 ίσχὺν,
1119 274 1165 299 καὶ
1181 274 1263 308 μέχρι
1278 273 1413 307 θεμελίων
1438 274 1529 300 αὐτῶν
1556 273 1695 306 καθελεῖν,
1715 272 1742 299 ετ
1767 273 1796 298 τί

1006 328 1057 346 που
1071 320 1199 354 χρηστῶν
1222 319 1338 345 ἐλπίδων
1356 320 1413 350 τοῖς
1427 319 1572 354 πράγμασι
1586 319 1727 345 λέλειπται
1742 318 1796 350 ζώ-

1007 374 1105 400 πυρον.
1131 365 1195 396 Τοῖς
1218 365 1271 399 γὰρ
1296 365 1482 400 ἀνθρωπίναις
1513 366 1650 399 ἀναρτῶσι
1677 365 1708 392 τὸ
1740 365 1797 390 πᾶν

1007 411 1141 442 ἐπινοίαις
1160 410 1190 442 ἐξ
1204 410 1334 441 ἀϐουλίας
1348 410 1377 441 ἐς
1390 409 1516 441 τοιαύτας
1532 409 1727 444 κατενηνέχθαι
1745 408 1798 442 κῆ-

1010 464 1059 491 ρας
1074 455 1151 482 οὐδὲν
1160 455 1275 486 ἀπεικὸς
1295 455 1336 481 ὅτι
1352 455 1390 490 μὴ
1405 455 1453 482 καὶ
1473 455 1511 490 τῷ
1535 455 1600 490 θείῳ
1614 454 1687 490 μάλα
1713 461 1800 489 προη-

1011 502 1078 536 ἧκον
1092 501 1197 536 σκοπῷ,
1215 501 1324 536 χαλινὸν
1356 502 1405 536 μὲν
1430 501 1580 528 ἐπιτιθέντι
1598 500 1674 535 σαφῆ
1691 501 1724 535 τῇ
1742 499 1800 526 τῶν

1009 548 1190 583 ἀνθρωπίνων
1217 547 1358 583 λογισμῶν
1391 547 1533 583 αὐθαδείᾳ,
1563 546 1740 574 διδασκαλίαν
1775 544 1800 572 δ’

1009 592 1112 627 ἐναργῆ
1124 591 1169 618 διὰ
1183 591 1232 626 τῆς
1244 592 1299 618 τῶν
1315 593 1487 627 πραγμάτων
1510 591 1609 626 πείρας
1635 590 1800 626 περιφανῶς

1009 638 1066 670 τοῖς
1079 637 1179 673 ἐφεξῆς
1195 638 1277 664 αἰῶσι
1297 639 1512 674 παραπέμποντι
1527 645 1536 654 ο
1559 638 1597 670 ῶς
1613 638 1680 673 ἡμῖν
1699 637 1734 664 τὰ
1747 637 1801 671 τῆς

1011 684 1160 719 παροιμίας
1175 683 1304 720 ἄντικρυς
1322 684 1486 720 συμϐαίνειν
1501 683 1621 715 ἐκείνης,
1640 684 1656 718 ή
1671 675 1815 717 κάμηλος⁸

1010 729 1167 765 (λεγούσης)
1177 729 1385 764 ἐπιθυμιάσασα
1400 731 1524 765 κεράτων
1541 729 1590 756 καὶ
1603 730 1637 756 τὰ
1650 726 1706 756 ὦτα
1714 737 1802 763 προσ-

1010 776 1153 804 απώλεσεν
1167 776 1236 812 (l5).
1260 775 1508 812 Ἔπιθυμιάσαντες
1519 776 1574 811 γὰρ
1587 776 1636 803 καὶ
1651 776 1728 803 αὐτοὶ
1755 775 1802 800 δὸ-

1011 823 1060 856 ξης
1072 822 1121 849 καὶ
1132 822 1218 857 τύχης
1235 821 1369 857 μείζονος,
1388 823 1436 849 καὶ
1463 822 1558 858 καιρὸν
1575 823 1649 857 ἔχειν
1672 822 1802 856 ἑκάτεροι

171 868 310 901 iidemque
331 874 365 893 ex
389 865 530 900 opulentis
554 865 660 900 inopes,
673 872 706 891 ex
724 865 878 892 illustribus
893 865 961 893 viles

1016 868 1140 901 δόξαντες
1162 870 1282 896 ἐκτεῖναι
1303 869 1364 900 τοὺς
1394 870 1448 895 τῶν
1470 869 1615 905 Ῥωμαίων
1632 870 1722 904 ὄρους,
1753 868 1802 894 καὶ

172 918 200 941 ct
226 913 336 948 inglorii
362 912 511 940 evasimus.
526 911 593 945 Qua:
615 911 699 947 igitur
711 911 854 947 oportebat
867 919 917 938 nos
934 915 961 938 et

171 959 319 994 providere
341 963 369 986 et
387 959 477 985 facere
500 958 615 993 publica
634 957 761 985 utilitatis
779 964 873 989 causa,
886 962 962 984 ante-

173 1014 253 1040 quam
270 1005 339 1040 lapsi
364 1012 499 1037 essemus,
515 1012 546 1032 ea
562 1011 624 1032 sero
647 1005 755 1037 saltem,
767 1011 799 1031 ac
816 1008 961 1039 postquam

171 1052 239 1087 lapsi
257 1059 362 1083 sumus,
391 1052 481 1079 facere
496 1059 605 1086 aequum
628 1054 671 1079 est
693 1058 724 1078 ac
745 1051 890 1085 providere
907 1056 962 1076 :ne

172 1105 199 1125 ιιι
214 1100 399 1134 piscatoribus
424 1099 480 1127 illis
500 1099 642 1126 stultiores
658 1106 719 1126 csse
732 1098 885 1130 videamur,
898 1098 962 1132 qui-

173 1145 225 1172 bus
239 1154 299 1180 qua:
325 1145 449 1172 facienda
480 1145 583 1172 fuerint
598 1144 701 1172 sentire
718 1148 783 1172 tunc
798 1144 882 1178 subit,
899 1152 961 1172 cum

174 1192 275 1220 inflicta
290 1197 330 1219 est
345 1191 432 1227 plaga.
452 1200 461 1217 ι

211 1293 257 1321 Ill.
275 1293 337 1320 llaec
360 1292 517 1328 patriarcha
543 1299 605 1319 cum
624 1295 651 1318 et
677 1291 770 1318 animo
794 1291 923 1326 agitasset
936 1297 962 1320 ct

175 1347 222 1366 ore
239 1338 456 1373 pronuntiasset,
473 1337 553 1364 dictis
568 1337 602 1364 ad
615 1337 834 1372 persuadendum
855 1345 963 1364 accom-

175 1384 375 1412 modatioribus
405 1383 510 1410 Annam
526 1382 648 1415 subibat,
674 1382 754 1417 eique
770 1388 800 1410 ut
820 1383 963 1410 sententia:

176 1439 232 1458 sua:
247 1430 391 1457 accederet
414 1430 584 1468 persuadere
600 1428 762 1456 conabatur.
779 1428 871 1456 Satius
887 1437 964 1456 nem-

176 1484 209 1511 pe
229 1484 289 1504 esse
314 1475 470 1508 dictitabat,
494 1483 559 1511 pace
580 1482 642 1502 cum
660 1474 852 1502 Cantacuzcno
867 1479 964 1510 sponte

1011 915 1064 941 τῶν
1078 914 1163 941 ὄντων
1173 915 1324 950 ἐξέστημεν
1336 923 1344 931 ·
1356 915 1411 941 κάκ
1426 915 1560 942 πλουσίων
1589 915 1716 950 πένητες.
1747 913 1801 947 κάξ

1011 961 1130 994 ἐνδόξων
1142 960 1232 994 ἄδοξοι
1257 962 1443 996 γεγενήμεθα.
1474 963 1508 989 ’Δ
1529 961 1619 988 τοίνυν
1634 961 1718 997 ἐχρῆν
1735 960 1803 996 ἡμῖν

1010 1008 1060 1041 καὶ
1077 1008 1301 1035 διανοεῖσθαικαὶ
1317 1009 1383 1044 δρᾷν
1400 1008 1472 1043 ὑπὲρ
1487 1008 1534 1036 τοῦ
1551 1010 1629 1044 κοινῇ
1644 1009 1803 1043 συμφέρον-

1012 1063 1068 1087 τος,
1086 1055 1152 1089 πρὶν
1166 1054 1181 1088 ἦ
1195 1055 1301 1088 παθεῖν,
1319 1055 1368 1089 ὀψὲ
1379 1056 1455 1089 γοῦν,
1472 1055 1542 1089 μστά
1557 1055 1587 1081 τδ
1604 1055 1709 1086 παθεῖν,
1724 1054 1802 1087 ἄξιον

1012 1100 1059 1126 καὶ
1070 1099 1234 1126 διανοεῖσθαι
1256 1101 1303 1126 καὶ
1316 1101 1398 1137 δρᾷνθ
1425 1100 1469 1127 ἴνα
1487 1099 1525 1136 μὴ
1551 1100 1598 1128 καὶ
1621 1100 1675 1126 τῶν
1702 1100 1803 1127 ἁλιέων

1013 1145 1125 1172 ἐκείνων
1138 1142 1214 1181 ὦμεν
1241 1146 1364 1181 χείρους,
1386 1145 1427 1178 οἷς
1445 1146 1562 1181 μετὰ-τὴ
1591 1146 1728 1182 πληγῆναι
1744 1146 1802 1182 (16)

1012 1191 1063 1226 ⁸ιὴν
1087 1192 1142 1218 τῶν
1171 1192 1348 1228 καθηκόντων
1369 1192 1568 1228 προσγίνεσθαι
1584 1192 1689 1218 ἔπεισιν
1704 1192 1804 1227 αἴσθη-

1014 1246 1065 1265 σιν.
1086 1246 1095 1264 ι

1048 1283 1086 1310 Γ’.
1102 1282 1195 1310 Ταῦτα
1208 1282 1361 1319 διανοηθεὶς
1378 1283 1426 1310 καὶ
1440 1283 1628 1319 φθεγξάμενος
1640 1284 1654 1310 ὸ
1664 1284 1804 1319 πατριάρι

1013 1338 1064 1365 χης
1074 1329 1165 1363 λόγοις
1177 1330 1373 1365 πιθανωτέροις
1389 1329 1469 1366 ὑπῄει
1483 1331 1530 1357 καὶ
1544 1331 1681 1366 ἐπεχείρει
1698 1331 1805 1357 πείθειν

1014 1375 1160 1402 συνθέσθαι
1166 1376 1212 1402 καὶ
1221 1376 1270 1410 τὴν
1281 1376 1405 1410 βασιλίδα
1417 1377 1527 1403 Ἄνναν.
1537 1375 1580 1412 [Ρ.
1589 1377 1621 1404 47
1628 1376 1653 1413 7‘]
1664 1374 1740 1404 Εἶναι
1750 1378 1804 1413 γὰρ

1013 1421 1116 1457 ἔφασκε
1125 1422 1239 1456 βέλτιον,
1248 1423 1359 1454 ἑκόντας
1366 1423 1583 1458 Καντακουξηνῷ
1591 1424 1802 1459 σπεισαμένους,

1013 1467 1062 1504 τὴν
1075 1469 1192 1504 κρείττω
1208 1470 1306 1504 μοῖραν
1321 1469 1505 1504 καρποῦσθαι,
1520 1471 1585 1504 πρὶν
1599 1471 1802 1506 ἀφαιρεθέντας

175 1524 257 1555 facta,
282 1522 367 1558 partis
393 1522 475 1557 potiri
502 1521 635 1554 melioris,
661 1528 742 1556 quam
767 1521 814 1548 ubi
834 1521 868 1548 ab
881 1521 960 1556 761

1016 1514 1124 1542 ἅπαντα
1140 1516 1189 1551 οὐχ
1204 1516 1319 1547 ἑκόντας
1339 1515 1408 1551 μηδὲ
1434 1517 1484 1551 τῆς
1500 1517 1645 1553 ἐλαχίστης
1665 1519 1803 1552 ἀδακρυτὶ

176 1571 269 1598 invitis
289 1570 381 1598 omnia
399 1569 491 1597 ablata
510 1573 612 1600 essent,
637 1575 672 1594 ne
693 1567 835 1594 minimam
851 1567 962 1603 quidem

176 1624 257 1652 posse
279 1620 385 1652 partem
406 1616 464 1643 sine
489 1614 618 1650 lacrymis
644 1614 783 1648 propriam
801 1613 914 1641 habere.
929 1614 965 1642 At

175 1664 253 1690 Anna
280 1662 440 1697 imperatrix
471 1661 586 1688 moleste
608 1659 755 1687 admodum
787 1660 845 1687 haec
874 1660 966 1688 ferens

176 1715 251 1741 cum,
266 1709 312 1742 qui
339 1715 434 1735 suasor
464 1712 549 1739 esset,
573 1706 764 1734 insidiatorem
793 1707 925 1739 vocitare,
938 1711 966 1734 ct

177 1754 242 1781 totis
266 1753 372 1780 viribus
394 1753 534 1780 hominem
551 1758 701 1787 conspectu
717 1759 767 1780 suo
781 1752 875 1786 procul
887 1760 965 1779 amo-

175 1806 252 1826 vere.
266 1797 296 1825 Ει
324 1797 382 1824 [nec
399 1796 451 1824 fuit
468 1796 545 1831 origo
561 1804 593 1824 ac
609 1796 728 1832 primum
754 1796 964 1824 fundamentum

1019 1561 1188 1596 κληρούχους
1213 1559 1283 1588 εἶναι
1302 1561 1443 1589 δύνασθαι.
1464 1563 1536 1597 Πρὸς
1555 1562 1643 1590 ταῦτα
1669 1563 1803 1599 δυσχερά-

1019 1615 1088 1634 νασα
1102 1607 1192 1642 λίσνή
1209 1606 1315 1641 βασιλὶς
1342 1607 1485 1634 ὲπίῦουλον
1502 1607 1593 1635 ἐκάλει
1612 1608 1658 1635 τὸν
1682 1608 1804 1644 σύμϐου-

1017 1652 1075 1685 λον,
1090 1653 1137 1679 καὶ
1159 1653 1233 1684 ὅλαις
1250 1653 1390 1686 παλάμαις
1410 1654 1505 1689 πόρρω
1523 1662 1573 1680 που
1592 1655 1645 1681 τῶν
1656 1654 1803 1690 ὀφθαλμῶν

1017 1699 1097 1726 ἐώθει
1111 1699 1156 1726 τὸν
1172 1700 1328 1733 ἄνθρωπον.
1342 1700 1414 1735 Αὕτη
1429 1700 1586 1727 σκανδάλων
1603 1701 1675 1737 ἀρχὴ
1692 1703 1741 1729 καὶ
1757 1711 1804 1729 κα-

1017 1746 1149 1776 τάστασις
1164 1745 1260 1782 πρώτη
1279 1747 1350 1774 κατά
1364 1746 1411 1773 τοῦ
1428 1747 1600 1782 πατριάρχου
1628 1749 1662 1783 τῇ
1688 1747 1803 1783 βασιλίδι

1018 1793 1195 1821 καθίσταται,

176 1844 349 1876 offensionis,
371 1851 432 1878 qua:
460 1842 566 1870 Annam
587 1843 659 1870 inter
677 1848 705 1870 et
721 1843 908 1878 patriarcbam
927 1841 1094 1870 intercessit.

212 1889 258 1918 IV.
275 1891 313 1917 Ex
333 1898 387 1925 quo
402 1889 476 1916 enim
492 1890 628 1925 zelotypia
650 1889 808 1923 tenebatur,
821 1897 903 1924 quam
921 1889 966 1917 illa

177 1936 350 1963 affectionem
365 1935 464 1962 malam
481 1935 509 1962 in
527 1934 749 1962 Cantacuzcnum
772 1935 967 1969 imperatorem

176 1988 206 2009 et
220 1981 421 2017 imperatricem
435 1980 534 2008 lrcncn
552 1980 690 2016 impendio
705 1981 805 2014 alebat,
823 1988 856 2008 ne
871 1981 969 2016 primis

174 2029 289 2064 quidem
305 2028 420 2056 auribus
435 2029 530 2055 audire
546 2035 666 2062 unquam
678 2027 846 2055 sustinuerat
856 2028 968 2056 verbum

177 2076 263 2102 ullum
281 2075 313 2102 de
343 2074 543 2102 reconcilianda
562 2068 671 2101 cum’iis
687 2073 783 2109 gratia.
801 2074 852 2101 Sed
866 2074 918 2108 ipsi
934 2074 966 2101 Ii-

180 2120 243 2146 bido
270 2119 393 2154 qum-dam
415 2119 532 2154 ﬂagrans
545 2123 572 2146 et
596 2118 696 2145 mirum
709 2122 769 2146 erat
782 2119 967 2146 oblectamen-

1051 1887 1092 1915 A'.
1116 1887 1177 1922 Ἀφ’
1192 1883 1221 1914 οὗ
1235 1887 1289 1923 γὰρ
1302 1887 1332 1914 τὸ
1347 1887 1397 1923 τῆς
1427 1888 1594 1923 ζηλοτυπίας
1617 1889 1703 1926 αὐτὴν
1730 1890 1805 1917 κατέ·

1018 1943 1065 1970 σχε
1083 1932 1181 1965 πάθος,
1212 1932 1227 1959 ὃ
1243 1933 1314 1960 κατά
1341 1933 1388 1960 τοῦ
1414 1933 1548 1969 βασιλέως
1576 1935 1803 1972 Καντακουζηνοῦ

1018 1981 1065 2006 καὶ
1077 1978 1127 2013 τῆς
1140 1978 1275 2012 βασιλίδος
1289 1978 1409 2014 Εἰρήνης
1424 1980 1464 2011 είς
1479 1980 1509 2007 τὺ
1523 1979 1716 2017 δαψιλέστερον
1727 1983 1802 2018 Εθρε-

1018 2025 1078 2060 ψεν,
1094 2023 1149 2051 οὐδ’
1176 2024 1271 2060 ἄκροις
1292 2024 1358 2052 ὠσὶν
1376 2025 1484 2061 οὐδαμῆ
1497 2026 1558 2052 ποτ’
1571 2026 1697 2062 ἠνείχετο
1725 2028 1802 2062 λόγον

1019 2070 1131 2098 ἀκούειν
1148 2069 1217 2105 ὑπὲρ
1243 2070 1356 2096 ἐκείνων
1382 2071 1559 2106 συμϐατικόν.
1579 2072 1651 2099 Ἀλλ’
1680 2070 1715 2108 ἦν
1736 2073 1802 2108 αὐτῇ

1020 2116 1151 2151 διάπυρος
1164 2115 1234 2151 ἔρως
1252 2116 1298 2142 καὶ
1311 2115 1386 2148 ξένον
1405 2116 1577 2152 ἐντρύφημα,
1592 2111 1726 2154 λοιδορίας
1738 2118 1802 2146 ἁπά-

176 2171 250 2198 tum,
279 2166 370 2192 omnia
400 2170 428 2192 et
453 2165 597 2192 maledicta
624 2169 652 2192 et
677 2164 747 2191 fmda
763 2164 790 2191 in
805 2172 852 2192 cos
869 2165 962 2200 probra

1024 2171 1072 2193 σας
1084 2163 1131 2189 καὶ
1149 2162 1324 2197 βλασφημίας
1337 2163 1476 2197 ἀσέμνους
1491 2163 1552 2190 κατ’
1563 2164 1678 2190 ἐκείνων
1692 2165 1741 2191 καὶ
1764 2164 1803 2190 λέ-

179 2211 296 2238 subinde
320 2212 422 2247 jacere,
439 2217 488 2238 aut
505 2211 573 2238 alios
603 2210 699 2238 audire
715 2210 921 2238 maledicentes.
939 2211 967 2238 ld

172 2257 334 2284 evidentem
362 2261 390 2284 ct
415 2257 586 2284 manifestam
616 2256 746 2284 omnibus
773 2256 851 2284 breti
877 2256 970 2284 cﬂ‘ecit

180 2304 267 2330 totius
296 2303 357 2330 mali
389 2303 504 2338 primam
534 2303 664 2336 radicem,
681 2311 741 2338 qua:
756 2306 784 2330 et
807 2303 880 2330 civili
896 2302 968 2330 bello

175 2349 316 2384 originem
330 2349 461 2382 dedisset,
473 2354 501 2376 et
514 2349 547 2376 ad
563 2354 717 2377 extremum
733 2357 820 2384 usque
834 2349 970 2384 perstitis-

174 2400 222 2421 set
236 2401 292 2420 rem
319 2393 468 2420 liomanam
491 2399 610 2421 atterere
627 2399 709 2429 atque
721 2394 897 2421 labefactare.
916 2394 967 2422 Ni-

181 2440 280 2466 mirum
298 2447 328 2467 ea
344 2443 404 2466 crat
419 2440 502 2466 Anna:
524 2439 702 2474 impcratrlcis
722 2439 853 2475 Zelotypia
868 2444 896 2466 et
912 2447 968 2466 ma-

179 2485 301 2520 lignitas,
327 2485 365 2511 uti
397 2492 446 2512 nos
466 2492 548 2520 supra
576 2492 646 2519 suzpc
668 2485 798 2518 diximus,
822 2493 902 2520 quam
922 2485 966 2513 illa

177 2532 310 2559 Numanae
324 2531 447 2559 felicitati
466 2531 554 2566 palam
571 2531 702 2567 praetulit,
718 2536 744 2559 et
763 2532 842 2567 cujus
855 2532 969 2568 explen-

171 2578 221 2605 ,ἀιυ
236 2585 316 2605 causa
330 2583 416 2605 totum
432 2577 577 2613 imperium
592 2577 722 2613 prodidit.

1021 2217 1081 2244 γειν
1096 2208 1151 2242 ἀεὶ,
1168 2208 1217 2235 καὶ
1236 2207 1370 2242 λεγόντων
1383 2208 1472 2236 ἄλλων
1492 2208 1616 2236 ἀκούειν.
1628 2209 1715 2236 Τοῦτο
1727 2218 1801 2245 περι-

1022 2257 1095 2291 φανῆ
1108 2256 1155 2281 καὶ
1171 2255 1320 2290 κατάδηλον
1333 2256 1459 2290 πέπραχε
1478 2256 1563 2282 πᾶσιν
1589 2256 1618 2281 ἐν
1643 2255 1741 2291 βραχεῖ
1759 2256 1802 2290 τῆς

1021 2302 1086 2337 ὅλης
1104 2301 1203 2332 κακίας
1228 2301 1278 2336 τὴν
1299 2301 1391 2336 ῥίζαν,
1418 2301 1480 2328 ὅθεν
1504 2302 1578 2336 καὶή
1601 2301 1649 2337 τῆς
1674 2302 1802 2336 ἐμφυλίου

1024 2348 1114 2384 μάχης
1144 2347 1295 2382 ἐϐλάστησε
1324 2347 1472 2382 πρόφασις,
1491 2347 1541 2374 καὶ.
1564 2349 1637 2379 ὅπως
1665 2349 1704 2379 είς
1733 2347 1803 2377 τέλος

1024 2395 1172 2429 παρέμεινε
1188 2393 1339 2420 δαπανῶσα
1362 2394 1409 2420 καὶ
1438 2393 1589 2428 φθείρουσα
1608 2393 1643 2420 τὰ
1665 2393 1804 2428 Ῥωμαίων

1021 2440 1180 2476 πράγματα.
1207 2437 1258 2466 Ἦν
1284 2439 1306 2465 δ’
1330 2441 1346 2474 ὴ
1368 2439 1418 2474 τῆς
1450 2439 1583 2474 βασιλίδος
1600 2439 1701 2474 Ἀννης
1729 2438 1804 2474 ζηλό-

1022 2495 1106 2516 τυπος
1131 2485 1178 2512 καὶ
1194 2485 1359 2521 χαιρέκακος
1394 2485 1503 2521 γνώμη,
1531 2486 1659 2521 καθάπερ
1687 2486 1755 2521 ἡμῖν
1778 2485 1804 2510 ἐν

1021 2533 1077 2564 τοῖς
1101 2533 1230 2566 ἀνωτέρω
1254 2531 1311 2567 (17)
1344 2532 1476 2565 πολλάκις
1504 2533 1613 2566 εῐρηται
1642 2532 1751 2566 λόγοις⁹
1774 2527 1803 2564 ἧς

1021 2579 1083 2613 sim
1099 2578 1240 2614 Ῥωμαίων
1270 2578 1406 2612 ἠλλάξατο
1446 2578 1589 2614 προδήλως
1632 2575 1801 2613 εὐδαιμονίαν

1022 2625 1103 2660 αὕτη,
1118 2625 1165 2651 καὶ
1180 2623 1214 2650 δι’
1226 2625 1257 2658 ἢν
1266 2624 1320 2650 τῶν
1335 2624 1403 2651 ὅλων
1421 2623 1545 2659 προδότις
1559 2623 1735 2660 πραγμάτων
1748 2621 1803 2657 Ixi-

973 2704 978 2708 _
1022 2680 1091 2699 νετο.

403 2732 479 2779 4..

218 2825 275 2858 (t5)
291 2826 447 2859 Apostolius
469 2830 578 2854 ccnlur.
595 2833 632 2858 ut,
652 2824 782 2860 proverb.
800 2825 843 2853 70.
859 2825 965 2852 Βοινιει.

215 2861 563 2895 {15)Apostoliusccnlur.
579 2869 607 2895 It,
628 2863 756 2896 proverb.
790 2861 833 2895 55,
853 2866 880 2889 ct
900 2869 968 2889 cens

853 2753 1016 2784 Variorum
1035 2756 1132 2784 notua.

1022 2830 1076 2853 tur.
1092 2833 1150 2856 xnt,
1165 2823 1293 2859 proverb.
1309 2822 1482 2859 98.7Bownr.

1061 2862 1119 2896 (l7)
1137 2858 1185 2887 Lib
1210 2867 1264 2893 xiv,
1283 2867 1343 2894 cap.
1359 2858 1386 2890 3,
1401 2862 1468 2887 sect.
1487 2859 1513 2889 9,
1532 2858 1639 2889 Borvut.
