1918 3076
121 185 190 217 1065
296 181 333 218 [Α.
353 189 378 209 c.
404 181 483 217 tam

590 183 808 215 ΒΥΖΑΝΤΙΝΑἘ
826 183 1017 214 HISTORIA!
1031 183 1102 214 LIB.
1125 183 1198 214 XVI.

1665 179 1733 211 1066

1263 179 1331 216 [turn
1351 187 1373 207 ι.
1393 186 1540 207 canncuz.
1565 178 1589 215 1]

115 243 198 278 post;
214 242 281 278 διῄει
294 236 374 268 πάντἶ
387 241 440 268 ἀπὸ
469 241 601 276 στόματος
626 243 776 278 ἀπότάδην,
804 242 899 278 ὥσπερ

957 242 995 269 tia
1018 241 1168 270 continettti
1188 241 1312 268 oratione
1329 240 1436 275 publice
1454 240 1494 266 sic
1519 238 1733 274 prorittntiahat,

114 289 168 316 ἀπὸ
184 289 298 323 βιϐλίον,
327 288 440 323 μηδαμῆ
464 297 529 315 ποτε
556 289 624 323 μήτε
642 289 763 325 γλώττης
789 289 898 324 ὲνιαχοῦ

115 335 159 362 διὰ
176 335 261 370 λήθην
281 334 469 370 ἁκροσφαλοῦς
492 336 650 370 γινομένης,
682 336 753 370 μήτε
771 336 820 370 τῆς
842 335 901 362 δια-

115 381 191 413 νοίας
208 381 401 416 ὑστεριζούσης
413 380 546 419 κατὰίτὴν
573 382 627 408 τῶν
655 381 809 416 λεγομένων
833 381 901 416 πρό-

116 428 185 455 οδον·
211 427 269 454 ἀλλ’
301 428 396 461 ὥσπερ
415 427 444 453 ὲν
459 426 575 462 ἁρμονίᾳ
598 426 645 453 καὶ
659 426 739 461 λύρᾳ,
755 426 902 462 συνηχούν-

115 482 170 500 των
193 474 221 505 ἐς
240 473 270 499 τὸ
295 472 364 499 πάνυ
379 481 420 499 τοι
434 472 533 506 εὐφυὲς
557 472 604 498 καὶ
627 471 813 507 ἁπεξεσμένον
846 474 901 508 ἁμα

116 519 187 552 (potu.

150 563 189 590 B’.
202 563 310 589 Τούτων
327 562 349 589 δ’
361 563 446 594 οὕτως
460 563 587 598 ἑχόντων,
614 564 666 600 ίδίᾳ
683 565 860 600 παρειληφὼς
886 566 901 593 ὁ

116 608 241 644 βασιλεὺς
253 610 309 635 ἐκεῖ
324 609 369 635 τὸν
383 609 450 641 υἱὸν,
466 609 554 644 λόγων
574 618 604 636 τε
623 610 713 637 πειθοῖ
728 611 775 638 καὶ
801 620 901 647 πατρι-

115 655 172 681 κῶν
201 655 328 685 ἀόύσσοις
350 655 547 690 παραινέσεων,
572 654 709 688 λογισμῶν
738 664 768 681 τε
788 655 901 682 ἐκείνων

116 701 276 734 ὑπέρτερον,
301 700 395 726 ὁπόσοι
421 700 534 735 πλήρεις
564 701 617 727 τῶν
650 701 800 735 μελλόντων
831 700 902 738 ἦσαν

115 747 216 780 φόῦων,
231 746 352 777 ἔπραττε
366 746 411 772 καὶ
433 745 491 780 ἅμα
513 747 562 781 τῆς
595 745 738 780 Ῥωμαίων
754 747 901 782 ἡγεμονίας

115 792 320 826 ἀποτεμόμενος
340 792 422 826 μέρος
436 791 491 827 (81)
504 791 630 826 ἡγεῖσθαι
661 792 706 818 διὰ
729 791 788 826 βίου
804 793 901 826 παρει-

116 846 172 873 χεν,
189 838 269 864 οἱονεί
291 846 352 864 τινα
375 838 548 873 σατραπικήν
573 838 620 864 καὶ
640 839 786 872 αὐτόνομον
801 839 902 873 ἡγεμο-

116 884 187 916 νίαν,
201 883 268 918 πρός
283 892 313 909 τε
324 882 354 909 τὺ
373 883 502 918 ἀσφαλῶς
515 883 561 909 καὶ
575 883 692 918 βεϐαίως
713 883 759 909 καὶ
774 884 832 918 ἇμα
846 883 901 910 τῶν

115 929 344 963 ὑποπτευομένων
360 929 451 963 φόϐων
462 929 500 960 ὡς
518 930 687 964 πορρωτάτω
706 929 796 961 ζῶντα
811 930 900 957 διατεο

115 975 181 1002 λείν.
193 975 229 1001 Τὸ
242 975 271 1002 δὲ
283 973 326 1010 ἦν,
349 975 436 1010 μῆκος
452 974 512 1009 μὲν,
529 975 591 1001 ὅσον
609 975 640 1001 τὸ
653 976 684 1001 ὲκ
708 975 900 1010 Διδυμοτείχου

115 1022 185 1056 πρὸς
206 1021 305 1056 ἄνεμον
319 1021 435 1055 ζέφυρον
452 1020 607 1053 ἀποκλίνοι),
625 1021 688 1056 ἄχρι
705 1030 757 1047 που
781 1021 835 1048 τῶν
853 1023 902 1056 τῆς

115 1067 343 1104 Χριστουπόλεως
364 1067 479 1101 ἔγγιστα
497 1067 676 1101 προαστείων·
689 1065 768 1102 εὖρος
792 1067 826 1099 δ’,
840 1068 902 1095 ὅσον

114 1115 144 1140 τὸ
164 1115 196 1140 ὲκ
213 1113 347 1148 θαλάττης
359 1105 398 1144 εἰς
415 1112 547 1140 Ξάνθειαν
562 1112 637 1139 ἀνιὸν
648 1113 678 1138 τὸ
691 1113 838 1148 πολίχνιον,
856 1114 902 1140 καὶ

115 1159 167 1186 ὅσα
189 1159 287 1194 μικρὸν
317 1159 449 1184 ἐπέκεινα
483 1159 573 1184 κεῖται
610 1158 708 1193 χωρία.
726 1159 902 1193 Παρασήμοις

115 1213 147 1239 γε
180 1205 232 1240 μὴν
254 1203 302 1230 τοῦ
330 1203 463 1237 μεγέθους
485 1203 631 1238 συμϐόλοις
666 1204 816 1238 κεχρῆσθαι
839 1204 903 1230 ἐπέ-

114 1258 226 1285 τρεπεν,
253 1250 302 1276 ὃσα
319 1248 457 1284 βασιλείας
474 1248 523 1282 μέν
551 1248 619 1274 εἰσιν
636 1249 722 1284 ἥττω,
738 1249 903 1284 ἀξιωμάτων

115 1296 137 1322 δ’
154 1295 283 1322 ἁπάντων
298 1295 386 1321 ἄλλων
405 1295 544 1322 ἐπέκεινα·
565 1295 740 1330 παρήγγελλε
761 1304 801 1328 τε,
816 1296 903 1323 καοάε

118 1351 171 1376 περ
186 1341 278 1368 εὶκόνα
293 1341 339 1366 καὶ
358 1340 486 1376 ἀφορμήν
500 1349 563 1367 τινα
590 1341 712 1375 μείζονος
737 1338 807 1367 εῖναι
828 1341 905 1375 νομί-

115 1387 172 1419 ζειν
191 1387 262 1413 τοῦτ’
275 1385 401 1420 ἔξουσίας
421 1395 444 1413 r.

150 1433 193 1469 [P.
208 1432 273 1469 5l3]
287 1432 322 1461 r'.
337 1442 346 1459 (
364 1432 409 1459 Σοὶ
425 1433 474 1468 μὲν
487 1432 541 1468 γὰρ
555 1432 672 1467 εὐφυῶς,
688 1443 697 1460 ι
715 1434 809 1468 φησὶν,
827 1443 838 1460 ι
853 1433 903 1470 ἄρ-

116 1489 201 1515 χοντι,
210 1481 256 1506 καὶ
266 1479 312 1511 ξύν
323 1488 354 1513 γε
369 1480 400 1514 τῇ
410 1480 585 1515 προσηκούσῃ
594 1480 708 1515 προνοίᾳ.
717 1481 794 1506 ταυτὶ
806 1480 840 1507 τὰ
854 1480 904 1515 μέ-

116 1534 180 1560 τρια
195 1525 249 1552 τῶν
262 1525 389 1560 ὑπηκόων
405 1525 548 1552 διοικοῦντι
564 1526 723 1561 πράγματα,
736 1527 841 1559 ἐξέσται
855 1526 903 1562 δή·

116 1580 168 1598 που
181 1572 227 1598 καὶ
239 1571 361 1606 μείζονος
369 1571 429 1598 ποθ’
438 1572 583 1606 ἡγεμονίας
592 1572 785 1607 ἑπειλημμένῳ
800 1573 868 1608 πρὸς
877 1572 904 1599 τὸ

957 1571 1104 1606 aliquando
1132 1571 1256 1606 Eimperii
1277 1571 1383 1606 potito,

116 1619 226 1652 ἄμεινον
251 1618 338 1653 ἄγειν⁸
374 1619 420 1645 καὶ
446 1619 504 1653 ἅμα
532 1615 573 1650 οἷς
603 1619 708 1655 ἅφορᾷν
736 1619 906 1654 περιγίνεται

117 1664 187 1699 πρὸς
199 1665 239 1696 σὲ,
255 1664 302 1691 καὶ
317 1665 372 1698 τοῖς
389 1672 421 1698 γε
447 1665 503 1696 σοῖς
534 1663 675 1692 ὁπώσπσιε
706 1665 828 1700 φιλοῦσιν
860 1666 906 1699 ὲγι

117 1709 339 1742 καλλωπίζεσθαι
357 1710 559 1745 προτερήμασι,
577 1711 623 1736 καὶ
640 1710 745 1742 τούτοις
759 1710 782 1737 δ’
798 1709 831 1738 αὖ
861 1711 907 1746 βε-

119 1756 199 1787 σαίας
228 1755 383 1790 λελείψεται
421 1755 538 1782 κτᾶσθαι
579 1755 744 1790 προσδοκίας
777 1755 825 1782 ἐπὶ
851 1755 907 1798 σοὶ,

119 1804 180 1830 ὅσαι
202 1803 250 1838 τῆς
270 1803 376 1837 ἀγαθῆς
400 1801 499 1835 φλεὸδς
530 1801 718 1837 ἁποῤῥέουσαι
757 1801 816 1836 βίον
844 1811 910 1838 προ-

119 1849 241 1884 μνῶνταί
257 1857 348 1882 σφισιν
362 1847 518 1881 εὐδαίμονα.
533 1847 653 1880 Οὐδεμία
683 1849 736 1883 γὰρ
749 1848 908 1884 ἐρρᾳθυμη-

120 1896 187 1930 μένη
202 1896 250 1922 καὶ
270 1895 504 1927 ἀνανταγώνιστος
517 1893 601 1929 ἁρετὴ
620 1893 753 1929 λαμπρῶν
783 1892 906 1927 ἀξιοῦται

118 1943 220 1977 γερῶν,
263 1942 350 1967 ὁπόσα
389 1941 548 1975 περιφανεῖς
581 1940 710 1975 βραϐεύει
744 1943 904 1975 στεφάνους.

125 1987 202 2014 Ἐπεὶ
217 1987 264 2014 καὶ
279 1986 388 2013 σύνεσιν
403 1986 498 2021 ἀνδρὸς
517 1985 564 2012 καὶ
589 1986 703 2022 γνώμην
737 1988 906 2023 ἡγεμονικὴν

117 2032 259 2068 οὓτ¹ὅψις,
283 2031 344 2059 οὔτε
364 2032 490 2066 μαντικοι
517 2040 588 2064 τινες
614 2033 752 2067 τρίποδες,
783 2034 810 2060 εῐ
833 2042 906 2066 τινες

119 2078 174 2106 εἶεν
186 2077 463 2114 χρηστηριαζόμενοι,
480 2078 538 2108 τοῖς
550 2077 659 2109 πολλοῖς
677 2079 777 2105 οὑτωσὶ
804 2087 906 2114 προση-

119 2126 227 2161 μαίνειν
248 2126 388 2155 δύνανται,
403 2125 440 2155 ὡς
465 2124 544 2158 ἠὲπὶ
571 2124 619 2158 τῆς
649 2125 745 2159 χρείας
777 2126 824 2152 καὶ
850 2126 906 2154 τῶν

119 2171 224 2206 καιρῶν
240 2170 439 2205 ἁναλάμπουσα
454 2170 536 2204 πεῖρα
551 2169 605 2195 τῶν
622 2178 651 2195 τε
672 2170 759 2204 λόγων
774 2171 821 2197 καὶ
837 2171 906 2206 πρά-

120 2218 201 2250 ξεων.
222 2217 331 2248 Πολλοῖς
346 2217 400 2251 γὰρ
416 2216 445 2248 ἐξ
459 2217 588 2251 ἀπειρίας
615 2217 629 2243 ὁ
649 2217 830 2250 φανταστικὺς
842 2218 905 2250 νοῦς

121 2263 243 2298 μεγάλας
255 2262 400 2297 ὑποτίθησι
416 2262 542 2288 πλάττων
555 2262 682 2297 εὐτυχίας
698 2271 728 2289 τε
746 2263 792 2289 καὶ
816 2271 904 2298 μακα-

119 2311 259 2347 ριότητος,
275 2309 401 2343 καθάπερ
416 2308 443 2334 αἱ
468 2307 623 2343 ζωγράφων
646 2310 737 2344 χεῖρες
765 2310 827 2341 τοὺς
857 2310 907 2336 τύ-

118 2366 187 2388 πους
202 2357 259 2387 τοῖς
269 2354 410 2391 χρώμασι,
424 2354 572 2385 παίζουσαι
599 2354 671 2381 κατὰ
686 2355 715 2380 τὸ
744 2354 906 2390 βουλόμενον

116 2404 167 2438 τῆς
185 2401 286 2438 ψυχῆς.
308 2401 341 2427 Ἦ
355 2400 377 2426 δ’
396 2400 428 2426 ὲκ
442 2399 497 2425 τῶν
526 2399 698 2434 πραγμάτων
724 2401 818 2434 πεῖρα,
850 2398 906 2427 οἷον

119 2449 241 2483 ἔμψυχος
256 2447 416 2477 διδάσκαλος
439 2446 638 2480 καθισταμένη,
669 2446 755 2480 μέγαν
783 2446 906 2484 ἐντίθησι

119 2495 193 2527 νοῦν,
215 2493 262 2520 καὶ
280 2492 501 2527 σωφρονέστερον
514 2492 554 2523 είς
567 2491 702 2525 ἁρμονίαν
729 2492 903 2526 προδείκνυσι

121 2541 180 2576 βίον
195 2541 241 2566 τὸν
266 2538 420 2574 ἄνθρωπον.
447 2536 518 2571 Ἐγὼ
530 2537 558 2564 δέ
575 2546 605 2563 σε
622 2538 668 2564 καὶ
681 2537 809 2572 φραγμδν
824 2538 904 2564 οἱονεί

119 2596 180 2614 τινα
195 2586 290 2620 τίθημι
308 2586 357 2619 τῆς
381 2583 517 2620 ἡμετέρας
546 2584 632 2619 ἀρχῆς
644 2585 691 2610 καὶ
720 2584 907 2618 ἐπικρατείας,

118 2633 155 2665 ὡς
172 2632 274 2665 ἐξεῖναί
290 2640 341 2663 σοι,
354 2632 432 2665 δίκην
450 2629 598 2665 προόλῆτος
613 2630 840 2664 ἀναδεόειγμὲνῳ,
857 2632 908 2662 τὰς

119 2677 173 2706 οἷον
189 2678 218 2711 ἐξ
244 2676 359 2712 ἀχανοῦς
383 2676 520 2710 πελάγους
554 2675 608 2700 τῶν
623 2675 782 2710 Τριϐαλλῶν
811 2683 909 2709 τρικυ-

120 2724 186 2759 μίας
201 2722 305 2758 σεαυτῷ
326 2723 375 2758 μὲν
402 2720 530 2756 ἀφορμὰς
568 2721 702 2756 λαμπρῶν
729 2721 831 2748 διδόναι
850 2730 911 2757 τρο-

953 287 1030 321 quasi
1048 287 1082 314 de
1093 287 1214 322 scripto;
1229 291 1259 312 ut
1274 293 1323 313 ttcc
1342 286 1433 320 lingua
1448 285 1515 312 vitio
1530 285 1669 312 memoriae
1686 292 1732 310 us-

951 333 1024 367 piam
1044 332 1187 364 titubaret.
1213 340 1265 360 nec
1289 333 1315 359 in
1339 340 1484 367 progressu
1498 331 1631 358 orationis
1657 338 1735 358 metis

954 377 1057 405 tardius
1072 382 1314 412 assequereturea.
1327 385 1387 413 qua:
1401 377 1573 409 dicebantur;
1587 376 1646 409 sed,
1656 377 1734 410 quasi

953 425 979 451 in
992 424 1151 460 symphonia
1168 429 1215 451 aut
1231 425 1256 451 in
1270 425 1339 460 lyra,
1353 430 1414 460 apte
1427 431 1540 459 prorsus
1554 428 1582 452 et
1595 423 1736 458 aquabili-

954 474 994 498 ter
1006 470 1094 498 ambat
1106 470 1293 498 concinerent.

988 559 1021 587 ll.
1038 560 1099 588 llaec
1111 569 1174 588 cum
1193 561 1229 588 ita
1242 568 1270 588 se
1285 561 1428 595 haberent,
1444 561 1528 588 filium
1547 561 1603 588 illic
1617 562 1736 596 impera-

953 607 1131 641 toerrivatim
1145 608 1273 634 convenit
1287 616 1294 634 :
1309 608 1445 635 rationum
1462 608 1488 635 vi
1510 613 1537 635 et
1552 608 1673 643 paternis
1688 608 1736 634 ad-

953 653 1151 681 monitionibus
1166 654 1290 681 altiorem
1306 654 1371 681 facit
1386 655 1420 682 iis
1440 655 1656 690 suspicionibus,
1676 663 1738 689 qum

953 698 1039 725 futuri
1055 704 1129 727 metu
1160 700 1245 734 plena:
1260 708 1323 728 cum
1339 701 1476 736 angebant
1495 710 1502 728 :
1519 702 1600 729 simul
1620 702 1735 729 Romani

954 743 1062 778 imperii
1079 746 1329 793 partem.recisam,
1346 747 1492 781 regendam
1503 747 1528 775 ei
1548 747 1670 782 quandiu
1681 747 1738 775 vic-

954 793 1032 816 turus
1047 789 1082 816 sit
1107 789 1242 825 assignat,
1259 792 1335 826 quasi
1361 793 1527 827 satrapicum
1544 792 1690 828 qttemdam
1710 798 1737 820 et

953 835 1056 862 nemini
1072 836 1212 863 subditunt
1230 837 1435 872 principatum,
1469 846 1567 872 nempe
1594 842 1624 865 ut
1653 839 1738 865 tutior

952 879 1007 915 jam
1030 885 1057 908 et
1081 881 1186 908 firmior
1201 882 1234 910 ab
1259 881 1292 910 iis
1319 891 1379 918 qua:
1408 883 1590 914 formidabat.
1610 884 1738 918 periculis

953 933 1036 960 quam
1066 926 1223 962 longissime
1243 928 1373 963 deinceps
1395 928 1508 956 viveret.
1527 929 1640 957 Patebat
1657 937 1738 964 porro

953 978 985 999 ea
1011 972 1153 1006 provincia
1167 992 1174 1005 ,
1193 973 1220 1000 in
1246 973 1356 1008 longum
1382 974 1504 1008 quidem,
1517 982 1531 1000 a
1547 974 1738 1009 Didymoticho

954 1017 1103 1053 zephyrum
1119 1016 1219 1046 versus
1235 1019 1267 1046 ad
1278 1019 1510 1054 Christopolitana
1530 1020 1653 1054 proxime
1672 1019 1738 1047 sub-

953 1063 1048 1096 urbia;
1077 1064 1104 1092 in
1134 1064 1218 1091 latutn
1244 1069 1358 1098 autem,
1378 1073 1392 1092 a
1410 1065 1480 1092 mari
1514 1065 1548 1092 ad
1576 1065 1737 1100 oppidulum

953 1108 1100 1136 Xonthiam
1114 1131 1122 1143 ,
1143 1115 1171 1137 et
1184 1110 1266 1145 pattlo
1279 1111 1407 1138 ulterius.
1422 1110 1474 1138 Sed
1488 1116 1514 1138 et
1537 1111 1571 1139 iis
1587 1110 1740 1146 insignibus

954 1156 1105 1191 maiestatis
1126 1157 1164 1184 uti
1185 1158 1321 1192 permisit,
1338 1166 1398 1193 qua:
1414 1165 1543 1192 supremo
1565 1157 1675 1192 quidem
1690 1158 1740 1184 im-

954 1203 1031 1237 perio
1046 1207 1139 1230 essent
1157 1203 1285 1231 inferiora
1295 1224 1303 1235 .
1324 1205 1430 1232 caeteris
1447 1212 1513 1232 vero
1528 1205 1740 1240 quibuscunqne

954 1249 1051 1276 altiora
1070 1249 1267 1284 dignitatibus;
1295 1251 1490 1286 praecepitque.
1508 1256 1536 1278 ut
1551 1252 1616 1278 illttd
1642 1252 1740 1287 imagi-

955 1302 1017 1322 nem
1034 1295 1112 1329 quasi
1125 1299 1153 1322 et
1172 1296 1348 1323 occasionem
1363 1303 1425 1324 esse
1436 1296 1552 1324 duceret
1567 1296 1678 1332 majoris
1693 1304 1741 1331 po-

956 1342 1073 1369 tcstatis.

991 1433 1037 1460 ιιι.
1056 1441 1065 1458 ι
1084 1432 1147 1460 Tibi
1159 1432 1248 1463 enim.
1269 1432 1360 1468 inquit
1372 1452 1379 1463 ,
1395 1433 1419 1460 si
1435 1432 1518 1468 815
1536 1433 1672 1467 sapienter
1687 1434 1739 1460 im-

955 1487 1045 1515 peres,
1060 1485 1088 1506 et
1104 1487 1147 1512 ea,
1161 1488 1213 1515 qua
1230 1479 1320 1513 decet,
1340 1479 1486 1515 prudentia
1512 1480 1646 1507 modicam
1670 1480 1742 1507 hanc

956 1526 1127 1561 provinciam
1148 1525 1336 1558 administros,
1364 1525 1458 1553 licebit
1484 1525 1610 1558 fortasse,
1630 1525 1742 1560 majoris

1427 1575 1487 1598 tuas
1517 1578 1562 1598 res
1590 1571 1742 1605 provehere

958 1619 986 1646 in
1019 1617 1139 1650 melius,
1168 1617 1306 1652 simulque
1329 1617 1365 1644 iis
1389 1617 1436 1652 qui
1464 1617 1608 1644 intuentur
1631 1616 1658 1643 in
1694 1622 1741 1648 te.

957 1669 984 1692 et
1014 1664 1133 1691 honores
1168 1667 1230 1691 tuos
1257 1663 1347 1690 solent
1381 1667 1520 1697 utcunque
1560 1662 1612 1690 sibi
1648 1668 1742 1697 gratu-

956 1710 1028 1743 lari,
1058 1716 1122 1745 spes
1152 1708 1180 1736 in
1209 1713 1235 1736 te
1259 1713 1363 1741 certas.
1379 1708 1451 1736 bono
1476 1709 1581 1736 scilicet
1606 1708 1679 1736 fonte
1694 1708 1743 1735 de-

957 1755 1071 1786 rivatas,
1084 1760 1112 1782 et
1125 1755 1232 1782 beatam
1244 1754 1327 1782 vitam
1343 1754 1521 1793 spondentes.
1535 1754 1672 1788 integrum
1688 1754 1742 1783 erit

957 1801 1105 1829 collocare.
1128 1800 1193 1834 Quae
1208 1800 1282 1827 enim
1295 1800 1384 1827 virtus
1401 1799 1489 1827 otiosa
1507 1803 1548 1826 est
1561 1803 1589 1826 et
1601 1799 1671 1825 nihil
1693 1799 1742 1825 ha-

957 1847 1003 1876 bet
1029 1855 1092 1875 eum
1120 1854 1175 1882 quo
1201 1846 1333 1879 luctetur,
1350 1853 1382 1874 ea
1408 1845 1528 1881 prtrmiis
1547 1845 1698 1880 magniﬁcis
1714 1851 1742 1872 et

957 1893 1112 1921 illustribus
1137 1892 1235 1928 palmis
1257 1900 1311 1920 non
1327 1891 1455 1920 donatur.
1472 1892 1606 1919 Nimirum
1623 1891 1741 1919 hominis

957 1939 1178 1974 intelligentiam,
1194 1943 1222 1966 et
1245 1939 1365 1966 animum
1382 1939 1458 1966 illum
1474 1938 1590 1973 imperio
1614 1938 1740 1973 dignum.

958 1994 1008 2014 nec
1023 1986 1093 2014 visio
1109 1985 1181 2019 ulla,
1197 1993 1248 2013 ttec
1264 1985 1375 2013 vaticini
1399 1985 1531 2019 tripodes.
1549 1985 1572 2011 si
1595 1984 1742 2011 consulan-

957 2036 1013 2065 tur,
1030 2034 1066 2059 ita
1082 2032 1192 2067 populis
1205 2032 1357 2064 declarant,
1372 2036 1403 2058 ut
1417 2038 1532 2066 ea,quaa
1543 2031 1569 2058 in
1589 2038 1640 2057 usu
1656 2034 1684 2057 et
1696 2038 1742 2057 οιι-

956 2078 1115 2106 casionibus
1127 2078 1231 2112 elucet,
1243 2078 1378 2105 dictorum
1396 2077 1585 2111 factorumque
1598 2076 1742 2111 expericn-
1776 2108 1785 2112 _

957 2123 1006 2159 tja.
1032 2124 1072 2152 Ac
1096 2123 1193 2151 multis
1208 2123 1319 2158 quidem
1333 2142 1341 2155 ,
1369 2124 1433 2158 quia
1448 2127 1512 2150 sunt
1527 2131 1618 2150 rerum
1641 2122 1738 2154 rudes,

956 2171 1066 2198 animus
1082 2170 1232 2206 imaginum
1247 2170 1347 2205 plenus
1356 2177 1467 2205 magnas
1477 2169 1582 2204 objicit,
1595 2168 1641 2196 sed
1654 2169 1739 2199 lit-tas,

957 2217 1103 2245 felicitates
1128 2222 1156 2245 et
1171 2216 1374 2249 beatitudincs,
1392 2221 1421 2243 ut
1444 2216 1580 2251 pictorum
1598 2223 1692 2242 manus
1708 2215 1739 2241 ad

957 2264 1065 2291 libitutn
1092 2263 1218 2290 ludentes
1244 2262 1378 2298 quidlibet
1404 2261 1544 2289 coloribus
1570 2262 1741 2296 exprimunt.

956 2309 1029 2337 Usus
1042 2314 1132 2336 autem
1146 2316 1249 2340 rerum,
1267 2307 1351 2335 veluti
1368 2308 1498 2343 magister
1522 2307 1610 2340 vivus,
1626 2309 1741 2334 multum

958 2355 1145 2390 intelligentia:
1164 2353 1284 2382 infundit
1303 2358 1342 2382 ret
1358 2354 1483 2381 homines
1501 2353 1527 2381 in
1540 2353 1595 2380 vita
1605 2354 1744 2388 sapientt-r

958 2400 1127 2427 instituenda
1141 2404 1278 2427 cautiores
1353 2404 1417 2434 stat.
1436 2399 1490 2435 Ego
1503 2407 1568 2427 vero
1584 2400 1669 2427 nostri
1694 2400 1743 2425 lm—

958 2447 1027 2481 perii
1053 2452 1207 2481 nostrisque
1234 2446 1317 2473 ditior.
1370 2453 1477 2473 murum
1499 2436 1578 2481 quasi
1597 2445 1742 2480 quemdam

957 2496 1048 2519 statuo
1059 2497 1095 2524 te,
1115 2497 1144 2519 ut
1158 2492 1255 2526 possis,
1275 2493 1351 2526 rupis
1363 2491 1449 2518 instar
1465 2490 1633 2519 constitutus
1645 2491 1742 2517 adver—

958 2544 1005 2564 sus
1022 2536 1121 2564 fluctus
1145 2545 1177 2564 ex
1194 2536 1322 2563 Triballis
1344 2541 1472 2571 tanquam
1493 2545 1527 2564 ex
1555 2537 1666 2563 intmani
1682 2543 1743 2570 pro-

960 2582 1047 2609 funth
1060 2582 1285 2613 effervescentes,
1303 2581 1352 2608 tibi
1372 2581 1482 2616 quidem
1498 2586 1663 2616 tropaeorum
1683 2580 1742 2606 illu-

960 2628 1058 2655 striuut
1078 2629 1250 2656 occasionem
1275 2633 1393 2662 paratam
1420 2627 1534 2660 habere,
1555 2625 1635 2653 nobis
1653 2630 1744 2652 autent

960 2675 1136 2702 securitatem
1153 2679 1292 2709 pra-stare.
1307 2673 1376 2701 llinc
1389 2673 1434 2700 fiet
1449 2673 1476 2700 in
1491 2672 1597 2708 primis,
1609 2676 1743 2706 uttnagna

962 2720 1012 2749 tibi
1041 2720 1075 2748 ab
1091 2721 1165 2748 ontni
1193 2720 1381 2748 Romanorum
1408 2726 1508 2756 genere
1535 2719 1645 2746 laudum
1667 2726 1740 2752 seges

792 2793 961 2824 Variorum
980 2797 1074 2824 noue.

154 2866 209 2901 (8|)
232 2863 294 2901 Τῷν
309 2863 380 2890 κατὰ
398 2861 565 2897 Χαλκιδικὴν
587 2861 689 2889 πόλεων
705 2861 896 2897 praefecturam

957 2865 1008 2890 tam
1025 2861 1152 2890 Mattbaeo
1186 2862 1240 2890 ﬁlio
1271 2861 1373 2891 indicat
1403 2863 1610 2891 Cantacuzcnus
1628 2862 1678 2890 lib.
1704 2870 1743 2890 tv-

117 2896 179 2938 cap.
194 2896 235 2929 lu.
252 2900 371 2926 Ducam.

242 2947 380 2976 Pnnot.
396 2946 455 2976 Gtt.
473 2944 616 2976 CXLVIII

1495 2944 1533 2975 35
