1918 3076
126 202 192 234 10:7
263 210 265 215 τ
337 199 374 235 [Α.
395 207 419 227 c.
443 198 523 235 1547]

603 199 823 231 BYZANTIN/E
838 197 1030 230 HISTORI/E
1044 198 1115 228 LIB.
1130 198 1206 228 XVL

1673 194 1742 226 1078

1274 194 1339 230 [uua
1361 203 1383 222 ι.
1404 201 1548 222 οΑΝτΑαυΖ.
1571 192 1602 229 -Ι]ι

123 261 192 294 προς
205 260 259 286 τῶν
272 260 417 293 παρόντων
433 259 476 286 διὰ
490 260 521 286 τὸ
545 259 592 286 τοῦ
610 259 692 294 ἤθους
707 257 822 294 ἥμερον,
839 258 910 293 ἤπερ

967 256 1063 290 magis,
1090 255 1162 290 quod
1189 261 1260 283 esset
1284 255 1341 282 miti
1364 255 1483 290 ingenio,
1499 261 1580 289 quam
1604 261 1657 283 me.
1672 253 1743 287 quod

123 305 179 338 ἐγὼ
193 304 238 331 διὰ
252 305 283 331 τὸ
297 305 345 332 τοῦ
358 305 439 340 ζήλου
455 305 607 340 θυμοειδές.

160 362 198 389 Z'.
215 361 325 388 Τούτων
337 361 361 388 δ’
375 361 462 393 οὕτως
473 362 600 396 ἑχόντων,
616 361 664 388 καὶ
677 360 749 388 οὕτω
769 360 911 395 χωρούσης

123 406 174 439 τῆς
191 405 246 432 τῶν
271 407 442 441 πραγμάτων
465 407 634 441 τύχηςμοῦδ¹
659 407 745 438 οὕτως
762 404 798 442 ἦν
821 406 910 442 ἡσυχῆ

125 452 280 486 καθήμενον
296 451 390 487 φέρειν
404 453 455 486 ἐμὲ
469 461 476 468 ·
491 452 549 479 ἀλλ’
565 453 730 488 ἐδυσφόρουν
745 453 791 479 καὶ
811 452 912 487 ήσχαλ-

125 497 180 528 λον,
199 497 247 523 καὶ
266 498 352 531 μέσης
368 498 469 532 ἥπτετό
487 506 537 531 μου
552 499 602 529 τῆς
627 499 740 533 καρδίας
755 499 785 525 τὺ
802 499 890 530 πάθος
902 506 908 513 ·

126 542 168 578 [Ρ.
189 542 252 578 5Ξο]
271 544 318 569 καὶ
339 544 435 578 καιρδν
459 545 509 577 τῆς
533 544 604 579 ἐμῆς
618 545 731 580 ἐζήτουν
755 545 910 580 προθέσεως

125 589 200 621 ἄξιόν
214 598 250 621 τι,
276 591 342 623 πρὶν
365 590 417 615 ὑπὸ
431 589 520 621 λύπης
542 590 649 621 παθεῖν,
669 590 839 625 δεδρακέναι.
856 590 910 617 Τοῦ

125 635 154 661 δὲ
166 635 263 669 χρόνου
283 635 436 670 χωροῦντος
457 637 486 667 ὲς
499 635 530 662 τδ
544 636 591 662 τοῦ
609 636 783 671 φθινοπώρου
810 637 909 671 πέρας,

126 679 220 714 ἐπειδὴ
235 680 275 714 τῷ
293 680 398 714 βασιλεῖ
413 680 458 706 διὰ
475 680 616 707 Ματθαῖον
631 681 678 707 ,τδν
694 681 761 713 υίδν,
782 681 820 712 ὡς
834 681 911 716 εἴρη-

125 732 181 756 ται,
197 724 240 751 διὰ
266 725 385 759 σπουδῆς
409 726 582 759 ἀφικνεῖσθαι
606 728 635 757 ὲς
654 727 845 761 Διδυμὸτειχον
864 725 909 761 ἦν,

126 769 169 795 ἵνα
181 769 214 802 δὴ
229 769 400 803 λυπούμενον
415 771 518 797 ἐκεῖνον
534 771 784 806 παραμυθούμενος
798 772 846 803 τὰς
860 772 912 805 τῆς

127 814 262 848 βασιλίδος
290 815 407 850 Εἰρήνης
438 816 605 849 ἐπαγγελίας
629 818 671 848 εἰς
697 817 778 852 ἔργον
806 817 909 852 ἀγάγῃ,

125 860 220 886 τοῦτον
235 860 289 894 ἐγὼ
306 862 351 887 τὸν
366 862 462 896 καιρὸν
475 862 579 896 ἀγαθὸν
593 863 768 898 ἡγησάμενος
783 864 910 898 ἕρμαιον,

965 301 1054 329 zelum
1075 302 1228 328 animosum
1245 301 1411 335 praeferrem.

999 358 1055 386 Vll.
1071 358 1134 385 Haec
1151 365 1213 385 cum
1228 358 1265 384 ita
1280 361 1381 390 essent,
1397 362 1424 384 et
1442 357 1468 384 in
1483 357 1556 384 hunc
1572 355 1683 382 modum
1702 363 1747 382 res

962 404 1151 437 succederent,
1167 412 1222 431 nec
1241 409 1298 432 tum
1311 405 1422 438 quidem
1437 404 1513 439 potui
1529 403 1639 438 quietus
1651 404 1746 430 sedere

963 453 992 477 et
1016 450 1154 484 patienter
1181 449 1276 482 ferre;
1300 449 1347 476 sed
1380 457 1451 484 mgre
1476 450 1524 476 tuli
1547 456 1574 476 et
1591 449 1747 483 indignatus

963 502 1035 526 sum.
1049 498 1077 522 et
1090 495 1216 521 intimum
1231 499 1328 529 pectus
1340 494 1418 521 dolor
1433 495 1540 526 attigit;
1554 499 1635 528 atque
1649 501 1749 528 oppor-

963 545 1058 567 tunum
1077 548 1110 567 ex
1126 548 1159 567 eo
1173 545 1280 575 tempus
1294 540 1412 574 captari,
1429 545 1459 567 ut
1472 544 1617 574 antequam
1636 539 1747 566 itimrori

962 586 1183 618 succumberem,
1209 585 1311 620 aliquid
1330 585 1470 620 proposito
1490 593 1551 612 meo
1567 585 1678 619 dignum
1699 593 1749 610 na-

961 639 1066 658 varem.
1083 631 1220 667 Tempore
1244 632 1337 666 itaque
1350 631 1528 666 procedente,
1548 631 1600 658 sub
1622 631 1747 657 autumni

962 677 1055 709 tinent,
1076 684 1137 704 cum
1165 677 1207 711 (ut
1230 676 1360 711 diximus)
1384 676 1533 710 imperator
1561 675 1678 703 Mattha-i
1700 675 1746 702 ﬁlii

963 730 1048 750 causa
1064 722 1286 758 Didymoticltum
1303 723 1341 750 ire
1355 723 1508 753 festinaret“,
1528 723 1632 749 tristem
1649 722 1747 749 videli-

963 773 1008 796 cet
1032 776 1094 796 eum
1111 768 1316 799 consolaturus,
1332 773 1360 796 et
1377 769 1561 803 imperatricis
1579 769 1671 795 lrenes
1686 777 1749 802 pro-

963 815 1046 841 missa
1063 814 1239 849 perfecturus
1254 822 1262 847 ;
1276 813 1344 841 illud
1359 821 1410 848 ego
1427 819 1533 848 tempus
1555 814 1580 840 in
1605 814 1682 840 lucro
1700 814 1750 840 de-

962 865 1072 895 putans,
1090 864 1119 887 et
1147 860 1214 887 mihi
1238 859 1272 887 ad
1291 867 1323 887 ea
1339 868 1400 893 qua:
1418 859 1582 890 meditabar,
1601 859 1678 885 valde
1701 867 1749 893 op—

127 907 174 932 καὶ
197 907 254 937 τοῖς
271 908 471 941 σκοπουμένοις
496 909 627 940 ἐπιεικῶς
654 918 699 943 μοι
724 910 909 944 προσήκοντα,

964 911 1115 942 portunum
1152 911 1238 937 ratus.
1267 906 1468 941 imperatricem
1496 906 1592 932 lrencu
1619 906 1746 939 privatim

126 953 257 987 πρόσειμι
283 955 344 980 κατ’
363 954 431 980 ἰδίαν
457 955 558 990 Εἰρήνῃ
583 957 615 990 τῇ
636 955 764 990 βασιλίδι,
788 956 835 983 καὶ
854 957 911 991 ἅμα

124 998 173 1024 τοῦ
193 1007 222 1024 τε
240 998 323 1033 ζήλου
351 999 430 1034 δῆλον
447 1000 544 1036 τίθημι
564 1002 594 1028 τὸ
613 1002 712 1036 φλέγον
729 1002 776 1028 καὶ
797 1002 862 1033 τούς
879 1011 911 1036 γε

128 1043 199 1078 ὑπὲρ
224 1043 367 1076 εὐσεϐείας
390 1045 530 1080 ἄνθρακας
559 1047 743 1074 ἀνακαλύπτω
765 1048 912 1083 τῆς·ὲμῆς

127 1090 253 1123 καρδίας,
267 1092 336 1117 κάπὶ
347 1092 399 1126 νέῳ
414 1093 461 1118 καὶ
475 1092 627 1127 ἀκμάζοντι
642 1094 680 1128 τῷ
697 1094 742 1121 τοῦ
755 1094 850 1126 παιδὸς
863 1095 912 1130 τὴν

127 1135 242 1170 καρδίαν
257 1137 325 1167 τέως
350 1137 543 1172 ὴσχολημὲνην
564 1139 658 1166 πένθει
678 1139 728 1174 τ-ἦς
745 1140 851 1174 ἐκείνου
868 1149 912 1167 τεο

127 1180 224 1214 λευτῆς
242 1182 403 1209 αἰτιώτατον
418 1183 537 1217 ἔφασκον
554 1181 624 1210 εἶναι
636 1185 686 1220 τὴν
699 1185 753 1211 τῶν
767 1172 912 1220 δογμάτων

128 1227 277 1253 κατάλυσιν
289 1236 296 1243 ·
311 1226 342 1263 ἦς
359 1229 372 1254 ὁ
386 1229 491 1255 ἐκείνου
507 1230 601 1265 πατὴρ
617 1230 780 1266 ἐνδιαίτημα
803 1233 912 1266 βέϐαιον

129 1273 280 1308 πεπραχὼς
295 1274 344 1309 τὴν
355 1274 471 1308 καρδίαν
486 1276 619 1310 μεγίστην
634 1278 690 1308 τοῖς
707 1279 802 1308 κακοῖς
818 1278 913 1304 ἐδεδώ-

128 1327 172 1346 κει
189 1321 276 1354 ῥοπὴν
291 1322 331 1352 είς
345 1321 394 1356 τὴν
411 1323 460 1356 τῆς
476 1322 575 1354 κακίας
586 1317 716 1351 ἐπίδοσιν.
732 1325 814 1352 Ταῦτ’
825 1325 912 1352 εἰπὼν

128 1367 175 1393 καὶ
192 1367 279 1394 πλείω
294 1369 348 1399 τοῖς
363 1368 520 1403 εἰρημένοις
539 1370 675 1396 ἀκόλουθα
699 1372 865 1407 παρενείρας
880 1375 912 1399 ὲκ

128 1413 178 1447 τῆς
195 1414 310 1448 Γραφῆς
327 1415 392 1449 ῥᾷον
413 1415 429 1450 ἢ
451 1416 522 1442 κατὰ
547 1416 597 1448 τὰς
618 1417 727 1449 ἐλπίδας
743 1419 827 1454 αὐτὴν
849 1421 913 1446 ἐπε-

128 1460 246 1487 πείκειν.
264 1461 407 1495 Ἀγχίνους
431 1462 486 1496 γὰρ
510 1460 576 1489 οὖσα
592 1465 670 1497 γυνὴ,
695 1465 744 1491 καὶ
765 1465 911 1502 δεισαμένη

130 1504 168 1540 μὴ
202 1505 299 1534 πένθος
324 1507 371 1532 ἐπὶ
402 1507 494 1533 πένθει
519 1509 659 1544 προσλάὃῃ
692 1510 911 1545 παροξυνομένου

128 1551 206 1584 Θεοῦ,
226 1552 341 1586 ξυνῆκεν
366 1553 447 1584 εὐθὺς
464 1554 510 1580 καὶ
532 1555 677 1589 κράτιστος
693 1553 727 1591 ἦν
750 1557 797 1583 τοῦ
816 1557 911 1584 λοιποῦ

127 1599 185 1630 τοῖς
195 1599 271 1633 ὲμοῖς
287 1599 436 1634 συνήγορος
449 1599 549 1634 λόγοις,
560 1601 661 1635 ἣκιστά
672 1610 701 1628 τε
714 1602 820 1629 ἐκεῖθεν
830 1603 910 1638 ἔληγε

127 1643 287 1679 λοιδοροῦσα
313 1646 360 1670 καὶ
384 1646 574 1681 σκληροτέροις
591 1647 654 1679 τοὺς
679 1648 729 1682 τῆς
749 1649 911 1683 Ἐκκλησίας

127 1691 227 1721 λύκους
245 1690 380 1725 βάλλουσα
406 1691 583 1726 σκώμμασιν.
605 1693 745 1720 Ἐντεῦθεν
766 1695 866 1729 τούμὸν
881 1696 911 1720 ὲν

126 1738 229 1767 πάσαις
243 1737 334 1763 ἔκειτο
348 1737 483 1770 γλώσσαις
501 1738 596 1772 δνομα,
610 1740 726 1773 πρᾶγμα
739 1740 911 1772 τετελεκότος

128 1782 228 1817 μικροῦ
244 1784 300 1813 τοῖς
321 1784 391 1814 ὅλοις
408 1784 585 1817 ἀπογνωσθὲν
601 1785 646 1810 καὶ
663 1785 774 1820 ἥκιστα,
791 1787 854 1821 πρὶν
871 1789 912 1819 είς

127 1828 207 1863 ἔργον
226 1828 324 1859 ἐλθεῖν,
341 1829 529 1862 ἐλπιζόμενον.
549 1829 635 1855 Τοῦτο
651 1831 710 1861 ταῖς
725 1831 911 1865 ὀδυνωμέναις

127 1874 197 1908 ὑπὲρ
212 1874 261 1908 τῆς
284 1874 446 1908 Ἐκκλησίας
467 1874 566 1908 ψυχαῖς
581 1875 672 1908 ἡδείας
686 1876 824 1910 ἀναπνοῆς
839 1886 911 1908 τινος

126 1919 216 1950 ἔδοξεν
237 1919 285 1954 ἔαρ
304 1922 351 1945 καὶ
374 1921 478 1953 γλυκὺς
505 1921 642 1954 θησαυρὸς
666 1921 846 1956 εὐφροσύνης,
864 1924 911 1949 καὶ

126 1966 188 1992 οὐδὲ
213 1966 308 2001 πόρρω
336 1967 462 2001 χρηστῶν
479 1975 560 1992 τινων
586 1964 620 2002 ἦν
637 1967 766 1999 ἐλπίδων,
790 1969 846 1995 οὐδ’
870 1970 911 1996 ἔτι

129 2011 202 2046 μέγα
217 2013 309 2037 πεῖσαι
325 2014 371 2038 καὶ
387 2012 498 2046 βασιλέα
514 2012 619 2046 λοιπον,
646 2014 842 2049 συμμαχούσης
860 2016 911 2051 ήδη

126 2058 160 2092 τῇ
177 2057 292 2091 ἀληθείᾳ
310 2058 356 2083 καὶ
377 2057 523 2092 βασιλίδος.

162 2122 205 2150 ll'.
219 2123 301 2150 Ταῦτ’
317 2124 366 2149 οὐκ
380 2121 414 2158 ἦν
438 2124 539 2150 ἀνεκτὰ
556 2124 672 2160 διαϐίλῳ
690 2126 736 2152 καὶ
756 2127 812 2160 τοῖς
830 2126 913 2161 ἀγγέ-

127 2171 182 2200 λοις
213 2169 313 2211 αὐτοῦ·
337 2169 405 2196 ἀλλὰ
434 2169 548 2204 θόρυϐος
571 2171 642 2205 σφᾶς
665 2171 847 2205 ἡγκαλίζετο·
865 2174 911 2199 καὶ

128 2217 233 2251 μυρίων
247 2215 370 2242 θανάτων
385 2213 418 2250 ἦν
432 2215 645 2252 φορτικώτερον.
663 2217 709 2243 Διὸ
732 2220 779 2244 καὶ
798 2218 865 2253 πρδς
881 2218 910 2245 ἓν

962 952 1118 983 convenio;
1134 951 1184 978 zeli
1201 951 1338 978 fervorem
1363 951 1482 982 declaro,
1498 951 1664 977 et'animum
1687 949 1749 976 reli-

963 996 1053 1030 gionis
1066 1004 1160 1024 amore
1175 996 1370 1023 inﬂammatum
1386 997 1490 1031 aperio.
1507 996 1641 1029 Quoniam
1657 1001 1746 1022 autem

964 1043 1067 1068 recenti
1087 1046 1115 1069 et
1133 1042 1219 1069 crudo
1243 1042 1292 1068 lilii
1314 1042 1414 1069 mortui
1431 1041 1568 1068 desiderio
1587 1041 1671 1068 teneri
1691 1041 1748 1066 ani-

964 1095 1040 1114 mum
1059 1087 1120 1122 ejus
1145 1088 1286 1120 videbam,
1307 1095 1415 1115 causam
1438 1088 1496 1122 ejus
1523 1086 1618 1113 mortis
1637 1086 1748 1113 verissi-

963 1141 1035 1160 mam
1057 1141 1118 1161 csse
1144 1133 1249 1161 allirmo
1274 1134 1431 1169 degmatum
1459 1134 1673 1168 corruptionem,
1702 1132 1747 1158 eui

965 1183 1042 1212 pater
1057 1180 1177 1206 deluncti
1194 1180 1299 1206 llrmam
1318 1179 1410 1207 sedem
1424 1187 1474 1207 suo
1492 1180 1518 1206 iu
1537 1179 1619 1206 corde
1635 1179 1747 1208 ﬁxisset,

963 1233 995 1252 ae
1013 1227 1127 1260 proinde
1153 1227 1300 1253 maximum
1315 1226 1449 1260 improbis
1466 1226 1574 1260 pondus
1588 1223 1621 1252 ad
1637 1225 1748 1252 sceleris

965 1272 1163 1299 incrementum
1178 1271 1339 1299 addidisset.
1353 1272 1415 1298 Haec
1425 1272 1613 1303 locutus,cum
1629 1274 1657 1298 et
1671 1271 1748 1306 plura

965 1317 1006 1343 his
1024 1317 1113 1343 aﬂinia
1131 1325 1163 1344 ex
1179 1324 1256 1344 sacra
1273 1308 1416 1352 Scriptura
1438 1317 1668 1349 interSeruissem,
1682 1316 1747 1344 faci-

963 1363 1016 1390 lius
1026 1363 1109 1399 826
1125 1372 1204 1398 quam
1215 1371 1389 1399 speraveram
1399 1363 1472 1391 illam
1483 1362 1750 1398 permovi.Prudens

963 1411 1188 1445 quippe-mulier.
1202 1411 1290 1438 verita
1307 1418 1342 1438 ne
1355 1410 1411 1437 Deo
1427 1410 1593 1437 exacerbata
1611 1411 1695 1437 alium
1714 1418 1748 1438 ex

963 1457 1016 1484 alio
1041 1458 1145 1486 luctum
1171 1458 1319 1493 acciperet,
1346 1457 1482 1485 intellexit
1504 1458 1606 1489 statim,
1623 1463 1651 1485 et
1679 1459 1748 1485 meis

964 1503 1056 1530 verbis
1069 1504 1203 1530 acerrime
1217 1503 1318 1530 deinde
1334 1504 1502 1537 patrocinata
1517 1508 1559 1531 est
1573 1512 1581 1536 ς
1601 1509 1651 1531 nec
1666 1503 1749 1531 desiit

963 1556 996 1575 ex
1009 1556 1043 1576 eo
1063 1549 1192 1576 insectari
1215 1553 1244 1576 et
1259 1549 1449 1576 acerbioribus
1463 1549 1544 1577 dictis
1563 1550 1642 1584 lupos
1657 1549 1750 1577 Eccle-

926 1593 948 1623 C
964 1596 1010 1622 sim
1024 1596 1171 1622 incessere.
1191 1595 1281 1630 Cmpit
1298 1596 1398 1623 deinde
1419 1604 1509 1623 meum
1528 1605 1626 1624 nomen
1642 1597 1668 1624 in
1690 1605 1749 1624 om-

964 1641 1040 1668 nium
1066 1649 1113 1668 ore
1132 1642 1247 1673 versari,
1265 1641 1383 1676 perfecta
1412 1650 1452 1674 re,
1479 1650 1540 1677 quae
1564 1642 1598 1669 ab
1620 1643 1749 1670 omnibus

962 1686 1049 1713 ferme
1064 1687 1207 1721 desperata
1225 1693 1293 1720 erat,
1311 1692 1339 1714 et
1353 1688 1513 1723 priusquam
1531 1688 1651 1722 perfecta
1662 1695 1746 1720 esset.

963 1732 1076 1759 minime
1103 1733 1161 1759 ﬁeri
1188 1740 1268 1768 posse
1296 1733 1449 1760 videbatur.
1475 1734 1501 1760 ld
1531 1734 1630 1760 animis
1651 1735 1746 1765 ,\‘ice|n

962 1778 1091 1804 Ecclesia:
1107 1778 1263 1805 dolentibus
1280 1779 1368 1806 instar
1382 1780 1454 1805 veris
1474 1778 1535 1809 fuit,
1554 1779 1745 1805 suavissimam

962 1831 1056 1850 auram
1082 1823 1249 1858 aspirantis;
1276 1824 1298 1850 is
1319 1825 1469 1858 voluptatis
1492 1823 1637 1850 thesaurus
1657 1824 1747 1851 dulcis

964 1870 1073 1896 habitus
1088 1873 1149 1902 est;
1163 1877 1213 1897 nec
1229 1870 1309 1904 longe
1332 1877 1345 1896 a
1363 1871 1433 1897 bona
1455 1870 1545 1905 aliqua
1561 1878 1608 1904 spe
1623 1871 1746 1902 aberam,

964 1923 1015 1942 nec.
1039 1915 1172 1950 deinceps
1200 1917 1315 1942 ardUum
1340 1919 1399 1943 erat
1424 1916 1616 1950 imperatorem
1637 1924 1747 1951 quoque

962 1961 1082 1993 ﬂectere,
1107 1969 1169 1987 cum
1184 1962 1239 1996 jam
1264 1961 1320 1995 ipsa
1346 1961 1504 1996 imprratrix
1530 1961 1673 1989 nobiscum
1698 1971 1747 1997 pro

962 2007 1078 2033 veritate
1094 2011 1236 2041 pugnaret.

996 2128 1064 2155 Vill.
1085 2128 1121 2155 Ea
1138 2128 1246 2155 diabolo
1259 2133 1287 2155 ct
1309 2129 1414 2163 angelis
1428 2129 1489 2164 ejus
1505 2129 1656 2156 tolerabilia
1673 2129 1749 2157 haud

963 2174 1094 2207 fuerunt;
1123 2174 1170 2201 sed
1205 2182 1254 2202 eos
1282 2175 1428 2209 trepidatio
1452 2175 1568 2207 invasit,
1593 2181 1621 2203 et
1650 2177 1758 2210 quavis

963 2226 1051 2246 morte
1074 2220 1186 2254 gravius
1213 2219 1237 2246 id
1262 2220 1296 2247 iis
1317 2220 1405 2247 visum
1430 2225 1482 2247 est.
1502 2221 1626 2248 Coitionc
1656 2221 1747 2255 itaque

126 2262 316 2297 ἀθροιζόμενοι
335 2262 462 2297 σύστημα
483 2263 593 2295 πάντες,
611 2264 703 2290 ὁπόσοι
719 2265 768 2298 τῆς
791 2267 910 2299 πονηρᾶς

964 2264 1045 2295 facta,
1067 2265 1226 2299 quicunque
1249 2272 1333 2298 pravo
1351 2264 1385 2292 de
1411 2273 1492 2300 grege
1517 2266 1607 2299 partiti
1633 2265 1703 2293 inter
1717 2275 1747 2293 se

127 2309 244 2342 φατρίας
260 2308 308 2339 τὰς
322 2308 376 2333 τῶν
390 2309 419 2334 ἐν
434 2307 575 2343 Βυζαντίῳ
597 2310 812 2344 φροντιστηρίων
824 2311 911 2337 διέλα-

126 2362 174 2388 χον
188 2354 342 2388 προεδρίας,
361 2354 407 2379 καὶ
423 2355 474 2387 πρό
489 2363 520 2388 γε
535 2347 641 2380 τούτων
656 2356 669 2380 ὁ
688 2355 733 2380 τον
748 2365 911 2391 πατριαρχι-

127 2400 174 2425 κον
188 2398 258 2433 ἔχων
281 2399 414 2434 Ἰσίδωρος
441 2399 546 2434 Θρόνον,
577 2400 733 2435 προσῄεσαν
757 2401 861 2436 Είρήνῃ
877 2404 909 2437 τῇ

127 2445 254 2480 βασιλίδι,
273 2445 373 2478 πολλὴν
386 2445 453 2479 ἐμοῦ
470 2446 587 2480 δρῶντες
604 2448 636 2481 τῇ
651 2447 758 2481 γλώττῃ
780 2447 911 2480 καταδρο-

127 2492 189 2526 μὴν,
211 2492 259 2517 καὶ
289 2491 388 2522 πολλὰς
409 2492 590 2526 καταχέοντες
617 2492 761 2526 λοιδορίας,
790 2494 836 2519 καὶ
862 2495 910 2529 τήν

124 2537 194 2572 ἐμὴν
211 2537 387 2563 ἀποσείεσθαι
413 2536 517 2562 πείθειν
537 2537 737 2572 ἐπιχειροῦντες
758 2538 910 2573 ὁλοσχερῶς

125 2584 245 2617 ὁμιλίαν.
267 2584 343 2608 Ἐπεὶ
357 2583 384 2608 δὲ
399 2583 483 2608 πολλὰ
500 2584 670 2618 μογήσαντες
682 2585 785 2619 ἤνυσαν
803 2584 853 2618 μὲν
867 2586 910 2611 οὺς-

124 2629 180 2658 δὲν,
199 2627 347 2663 ἠλαύνοντο
369 2628 391 2654 δ’
407 2628 457 2654 οὐκ
484 2628 547 2654 ἄνευ
574 2627 703 2663 μέμψεων
727 2630 831 2656 ἐκεῖθεν
858 2639 910 2664 μα-

126 2674 210 2708 κρῶν,
228 2674 378 2708 γράμματα
405 2675 433 2704 ἐς
460 2673 575 2707 βασιλέα
600 2676 650 2709 τὴν
668 2676 722 2701 τῶν
747 2677 909 2703 ἀποϐάντων

126 2721 220 2755 ἔχοντα
235 2722 350 2756 δήλωσιν
367 2721 534 2756 πέμπουσιν,
551 2722 692 2755 ἀξιοῦντες
708 2724 845 2757 ἀφέμενον
860 2725 908 2750 ὅσα

125 2768 149 2793 οἱ
165 2767 216 2793 ἀνὰ
233 2769 327 2802 χεῖρας
344 2768 438 2802 ἔτυχεν
456 2767 519 2793 ὅντα
536 2767 674 2802 δημοσίων
697 2770 847 2803 φροντίδων
860 2771 908 2803 γέ-

127 2821 211 2846 μοντα
226 2814 376 2848 πράγματα
390 2815 418 2844 ἐς
433 2813 578 2844 Βυζάντιον
591 2814 708 2848 τάχιστα
722 2815 907 2848 ἀφικνεῖσθαι,

125 2858 202 2891 σφῶν
231 2858 398 2893 βοηθήσοντα
422 2858 495 2894 δόξῃ,
523 2859 715 2894 κινδυνευούσῃ
741 2861 774 2886 τὰ
801 2860 906 2895 καίρια,

125 2904 171 2930 καὶ
185 2904 235 2930 ὃσα
245 2904 290 2931 ἐπὶ
301 2904 404 2937 τούτοις
418 2904 550 2939 ἀκόλουθα
564 2901 597 2940 ἦν
611 2905 649 2940 τῷ
664 2904 756 2940 σκοπῴ
769 2913 775 2920 ·
789 2904 830 2941 [1).
844 2905 906 2941 521]

964 2311 1070 2337 fuerant
1085 2310 1296 2344 Byzantium-um
1312 2311 1541 2338 monasteriorum
1557 2311 1747 2345 pra-facturas,

963 2362 990 2382 et
1016 2360 1078 2382 ante
1099 2356 1148 2382 bos
1165 2355 1187 2382 is
1205 2356 1251 2390 qui
1277 2356 1486 2390 patriarchalem
1509 2357 1602 2384 sedem
1624 2358 1744 2389 tenebat,

964 2402 1102 2434 lsidorus,
1130 2403 1164 2429 οτι
1192 2403 1394 2437 imperatricem
1422 2403 1517 2431 lrenen
1544 2405 1694 2436 accedunt,
1719 2410 1748 2431 et

963 2446 1054 2480 lingua
1081 2447 1108 2474 in
1136 2456 1178 2474 me
1203 2448 1304 2475 acriter
1331 2448 1548 2477 invecti-multis
1574 2457 1617 2477 me
1637 2450 1747 2485 probris

961 2493 1141 2527 eooperiunt,
1162 2494 1258 2528 eique,
1276 2499 1307 2522 ut
1331 2495 1366 2522 ab
1390 2497 1464 2522 omni
1494 2504 1608 2530 prorsus
1637 2504 1745 2523 mecum

963 2541 1166 2567 consuetudine
1191 2541 1346 2572 abstineat,
1373 2542 1539 2576 persuadere
1563 2542 1744 2570 contendunt.

963 2586 1014 2612 Sed
1034 2595 1095 2613 cum
1114 2587 1150 2613 illi
1165 2595 1263 2621 magno
1283 2587 1379 2614 labore
1396 2587 1550 2617 nonrmodo
1563 2587 1632 2614 nihil
1650 2595 1746 2615 conse—

962 2633 1017 2659 cuti
1032 2637 1135 2663 esseut,
1149 2633 1195 2659 scil
1211 2637 1237 2659 et
1254 2632 1318 2660 inde
1338 2640 1391 2660 non
1408 2633 1467 2660 sine
1482 2633 1575 2659 multis
1595 2633 1745 2667 reprelien-

962 2678 1087 2704 siouilxus
1107 2678 1195 2704 exacti
1224 2683 1336 2709 essent,
1364 2678 1471 2705 litteras
1494 2678 1526 2704 ad
1551 2678 1742 2711 imperatorem

961 2724 1138 2755 u.ittmt,-ca
1164 2731 1224 2758 quae
1249 2723 1406 2750 acciderant
1431 2723 1627 2756 significantes,
1651 2729 1744 2758 postu-

960 2768 1082 2801 lztlllqllc,
1102 2773 1130 2794 ut
1147 2767 1256 2794 omissis
1276 2768 1402 2803 negotiis,
1415 2768 1497 2802 827
1513 2776 1574 2803 qua:
1587 2769 1704 2803 plurima
1717 2763 1745 2796 δι

960 2814 1088 2841 tivilibus
1116 2815 1190 2842 curis
1214 2814 1294 2848 plcua
1320 2822 1376 2848 prae
1403 2815 1529 2843 manibus
1559 2820 1625 2843 tunc
1652 2823 1744 2850 erant,

961 2859 1120 2894 llgzautium
1146 2860 1266 2892 advolet,
1286 2867 1383 2887 eorum
1403 2860 1518 2895 gIOriam
1547 2863 1572 2889 in
1588 2867 1742 2899 e_xtremum

960 2906 1108 2934 discrimen
1124 2907 1269 2935 adductam
1287 2899 1463 2935 defensurus:
1490 2908 1537 2936 llis
1564 2909 1616 2936 alia
1641 2908 1743 2937 ιὼΙυιιι
