1918 3076
168 107 236 140 1079
321 106 358 143 [Α.
380 116 407 136 ιι.
429 108 510 142 6856,
533 117 587 138 IND.
611 110 636 147 Ι]

766 109 974 144 NlCEPllORl
994 113 1187 145 GREGORzE

1329 112 1394 148 {um
1414 120 1436 140 ι.
1457 113 1638 146 ολπτιουι.,1

1716 114 1794 148 10Εο

164 166 309 201 proposito
328 174 378 194 suo
399 173 603 202 consentanea,
631 173 712 204 alque
734 177 765 197 ea
788 170 949 204 pnescrtim,

1016 172 1038 198 ’ά
1052 181 1081 198 τε
1098 172 1165 199 ἄλλα
1192 171 1293 207 δηλαδὴ
1311 172 1358 199 καὶ
1375 172 1449 204 ὅσοις
1472 171 1521 203 τὰς
1548 171 1798 206 παλαμναιοτάτας

165 219 226 246 qua:
249 212 318 240 diris
346 213 510 242 criminibus
543 215 569 242 iu
608 223 652 243 me
672 215 798 243 conﬁctis
824 223 879 243 non
902 223 949 243 ca-

166 259 272 286 rebaut.

204 304 249 331 IX.
272 305 330 338 lllc,
349 307 439 334 statim
456 307 485 334 u‘t
506 307 565 334 brec
581 307 698 341 audivit,
713 308 902 343 pet-tuxbatus,
918 307 951 335 iis

168 359 230 384 qua:
246 357 302 378 tum
319 351 456 379 instabant
470 354 543 386 parvi
561 353 649 385 factis,
669 361 780 381 necasse
796 361 856 381 esse
873 353 951 380 duxit

167 397 327 432 Byzantium
352 398 448 425 venire
473 406 553 433 quam
576 399 730 430 celerrime,
756 407 811 426 non
838 404 892 426 tam
916 398 949 426 ad

167 442 370 470 mutii-mandas
383 444 526 478 opiniones
538 452 632 477 novas,
645 452 725 479 quam
740 452 774 471 ne
791 445 854 472 inde
866 445 951 472 turba:

169 489 195 515 in
214 489 331 516 maxima
353 490 458 524 imperii
476 491 544 517 urbe
561 492 738 518 exsisterent.
755 491 807 518 Ubi
827 491 949 524 advenit,

167 534 235 561 nihil
259 535 283 561 ei
309 543 340 561 cx
364 536 492 563 omnibus
508 537 582 570 prius
606 536 667 569 fuit,
684 544 766 571 quam
790 540 821 563 ut
842 544 949 563 mecunt

168 580 227 614 ipse
248 585 276 607 et
291 581 446 614 patriarcha
467 582 595 609 collocuti
614 587 781 610 conarentur
806 582 873 609 mihi
891 590 954 617 per-

167 625 285 653 suadere
298 627 383 654 altum
399 632 429 654 ut
444 627 587 655 silentium
602 636 740 661 vovercm,
754 637 786 656 ac
803 637 837 656 ne
851 629 953 656 insanus

168 672 290 699 cohortis
300 673 444 708 opiniones
459 674 607 706 identidem
619 675 750 702 vellicans
760 682 859 710 magno
872 675 954 710 adju-

168 723 262 745 mento
277 725 365 745 essem
394 719 439 752 iis,
457 719 559 754 quibus
575 720 643 748 istos
657 728 778 756 carpere.
794 720 953 755 linguisque

168 765 314 793 acerrimis
336 770 364 793 et
376 772 424 793 ore
448 766 537 793 libero
559 766 700 800 insectari,
716 772 814 801 magna
826 765 952 801 voluptas

165 815 252 838 esset.

203 855 238 884 Χ.
256 857 404 892 Postquam
427 862 528 892 autem,
541 859 636 888 multis
649 859 706 888 illic
719 859 955 897 disputationibus
971 854 991 882 Β

168 903 281 936 habitis,
298 911 367 931 vana
380 909 408 932 et
424 905 507 940 impia
524 905 616 933 dicere
631 906 815 941 patriarcham
830 906 954 935 luculen-

169 954 210 977 ter
226 950 411 982 ostenditnus,
426 958 481 978 non
499 951 588 979 solum
604 952 669 986 quia
689 953 735 981 ille
749 953 955 981 multitudinem

168 995 343 1024 divinitatum
374 997 480 1025 infinite
509 998 642 1026 inltnities
675 989 829 1027 substantia
862 999 956 1026 divina

169 1041 352 1074 inferiorum,
379 1043 564 1071 increatarum
591 1045 722 1079 quidem,
743 1050 771 1072 at
793 1045 956 1079 visibilium,

172 1092 201 1117 et
226 1089 379 1116 substantia
410 1090 582 1123 carentium,
608 1095 731 1119 statuere
755 1099 820 1120 cum
848 1092 957 1120 Palama

170 1134 324 1168 videbatur,
340 1135 387 1163 sed
411 1136 493 1163 etiam
511 1137 584 1172 quod
611 1141 770 1165 sanctorum
787 1137 905 1173 hymnos
922 1137 957 1165 de

170 1178 386 1216 Triuitate,jam
409 1181 473 1209 inde
496 1182 650 1216 antiquitus
666 1183 773 1210 cantari
797 1183 824 1210 in
840 1183 957 1210 ecclesia

170 1226 278 1258 Solitos,
294 1221 484 1262 privata’ipse
511 1228 676 1256 auctoritate
696 1229 819 1256 tenebris
843 1228 959 1256 damna-

172 1276 258 1303 verat,
279 1273 341 1300 data
362 1274 464 1301 volenti
481 1275 580 1310 cuique
607 1275 720 1303 licentia
744 1283 792 1304 eos
814 1276 843 1303 in
869 1275 957 1310 ignem

170 1323 219 1346 aut
234 1320 260 1346 in
282 1327 356 1346 mare
371 1321 556 1361 projieiendl;
573 1329 638 1349 suos
656 1330 720 1350 vero
734 1321 874 1357 proprios,
890 1329 960 1356 quos

170 1372 260 1399 nuper
279 1365 458 1400 t-ondeisset,
483 1368 591 1400 stolidi,
619 1373 648 1395 ut
679 1369 715 1396 ita
740 1369 840 1401 dicam,
856 1369 961 1397 ventris

172 1410 245 1438 fetus
274 1411 395 1446 impios,
422 1414 532 1441 illorum
557 1414 619 1442 loco
646 1415 752 1442 cantari
774 1415 912 1450 iusserat;
932 1415 959 1442 in

171 1458 273 1492 quibus
298 1458 350 1486 hoc
376 1459 449 1487 inter
474 1465 573 1488 etetera
597 1461 683 1496 828
711 1462 845 1496 scriptum
869 1461 903 1488 ab
927 1468 961 1488 eo

172 1508 244 1536 erat,
260 1511 314 1530 non
341 1504 536 1541 spbstantiam,
553 1507 600 1533 sed
627 1506 779 1540 quamdam
801 1506 962 1534 substantia:

173 1555 313 1584 expertem
338 1559 387 1586 per
415 1559 445 1578 se
474 1552 612 1588 energiam
649 1552 734 1580 Deum
767 1552 880 1587 proprie
907 1552 961 1580 dici

173 1597 291 1624 debere:
305 1597 442 1632 positione
455 1602 559 1630 tamen,
569 1598 652 1626 etiam
664 1598 752 1633 ipsam
765 1598 961 1626 substantiam:

174 1644 296 1671 humano
322 1643 437 1671 fortasse
467 1644 605 1672 desiderio
639 1645 839 1680 permittente;
864 1652 964 1678 nempe

173 1689 331 1724 analogice,
347 1690 577 1724 quemadmodum
602 1694 630 1718 et
652 1690 779 1718 homines
798 1690 847 1717 lilii
867 1689 914 1718 Dei
937 1694 964 1717 et

174 1736 212 1763 dii
238 1743 287 1770 per
308 1736 423 1771 gratiam
446 1740 602 1764 vocantur:
626 1741 665 1767 et,
691 1744 753 1771 quae
776 1736 964 1764 conclusionis

173 1790 281 1810 summa
304 1787 377 1814 erat,
401 1791 456 1810 non
475 1783 671 1815 substantiam,
688 1783 736 1810 sed
764 1783 836 1810 illam
855 1791 871 1810 a
895 1782 963 1810 sub-

174 1829 275 1857 stantia
291 1829 442 1856 a’bscissam
453 1830 608 1864 cuergiam,
627 1837 740 1856 carnem
757 1837 773 1856 a
788 1829 897 1864 Virgine
916 1828 962 1856 Dei

174 1876 306 1910 genitrice
327 1875 411 1903 Maria
439 1876 598 1910 accepisse;
620 1875 756 1911 ejusmodi
769 1875 884 1910 "quippe
902 1882 963 1902 esse

175 1921 358 1949 substantiam
375 1921 473 1956 ipsam,
492 1927 522 1949 ut
548 1921 708 1957 participari
727 1929 783 1949 non
808 1925 912 1956 posset,
935 1926 964 1948 et

176 1969 211 1996 ab
228 1976 320 1995 rerqu
348 1968 522 1996 terrestrium
541 1975 609 1995 cura
635 1975 749 2002 prorsus
773 1968 862 1995 aliena
879 1973 962 2000 esset,

176 2015 281 2042 alicubi
301 2015 408 2041 scilicet
419 2014 447 2041 in
468 2015 660 2049 superioribus
675 2014 745 2042 locis
763 2015 963 2042 constitutam:

176 2060 271 2088 multis
291 2061 384 2095 itaque
401 2060 468 2093 illic,
484 2066 514 2088 ut
532 2061 663 2092 diximus,
678 2061 816 2095 variisque
839 2059 965 2095 disputa-

179 2107 302 2134 tionibus
323 2106 437 2138 habitis.
453 2111 480 2133 et
499 2111 555 2134 tota
579 2105 665 2134 ferme
682 2106 725 2133 illa
742 2110 823 2133 nocte
841 2106 879 2133 ibi
898 2113 965 2133 eun-

176 2157 297 2187 sumpta,
324 2153 486 2186 imperator,
509 2152 554 2179 tibi
578 2152 796 2179 controversiam
818 2152 891 2178 illam
911 2159 964 2178 non

1004 219 1066 252 ἐμοὶ
1081 218 1249 253 προσάπτειν
1261 218 1352 249 αίτίας
1370 219 1480 245 ἁπετναι
1493 218 1542 244 οὐκ
1559 215 1604 253 ἦν.

1039 263 1077 291 Θ’.
1090 261 1126 300 ᾯ
1141 265 1172 300 δὴ
1192 266 1242 309 καί
1252 265 1320 300 πρὸς
1330 266 1380 299 τὴν
1393 265 1477 300 ἀκοὴν
1490 264 1572 296 εὐθὺς
1581 264 1798 299 διαταραχθέντι

1006 310 1092 345 μικρά
1108 319 1137 337 τε
1165 310 1220 337 τῶν
1234 307 1292 338 ἶσα
1323 311 1348 338 οἱ
1374 310 1427 338 ἀνὰ
1452 312 1546 346 χεῖρας
1573 307 1608 346 ἧν
1641 310 1798 344 τηνικαῦτα.

1004 358 1320 393 πεφροντικότιτάχιστα
1330 358 1358 389 ἐς
1371 357 1519 389 Βυζάντιον
1533 357 1619 383 ἐδόκει
1632 357 1687 383 τῶν
1701 358 1770 389 ἀναγ
1778 354 1795 376 -ν

1005 403 1091 430 καίων
1113 403 1291 439 πορεύεσθαι,
1328 404 1360 430 οὺ
1384 403 1511 429 τοσοῦτον
1531 404 1687 434 συστάσεως
1710 402 1800 429 ἕνεκα

1004 450 1059 476 τῶν
1084 451 1283 484 καινοφωνιῶν,
1309 450 1371 477 ὅσον
1383 449 1430 476 τοῦ
1460 449 1498 484 μὴ
1517 448 1650 485 θορύὸους
1666 449 1797 475 ἐντεῦθεν

1005 495 1200 531 ἐπιχωριάζειν
1230 497 1263 531 τῇ
1296 495 1412 531 μεγίστῃ
1440 495 1518 522 πόλει
1546 495 1601 521 τῶν
1627 494 1797 527 Βυζαντίων.

1011 542 1169 577 ’Λφιγμένῴ
1183 542 1205 568 δ’
1217 543 1296 578 ἔργον
1318 540 1353 578 ἦν
1369 542 1445 568 οὐδὲν
1459 541 1567 572 οὐδενὸς
1582 540 1799 576 προϊστάμενον,

1005 588 1082 622 ῆξύν
1099 596 1129 622 γε
1146 587 1184 622 τῷ
1204 588 1362 624 πατριάρχῃ
1386 587 1504 620 διάλεξιν
1520 587 1590 622 πρός
1614 595 1647 622 με
1678 595 1801 619 πεποιη-

1007 634 1096 668 μένοις
1110 633 1215 660 πείθειν
1236 634 1393 668 πειρᾶσθαι,
1411 634 1506 668 μακρᾷ
1529 641 1582 659 τινι
1605 632 1703 658 θύοντα
1730 640 1802 657 σιω-

1005 681 1056 714 πῇ.
1078 679 1192 714 μηδαμῆ
1214 681 1275 711 ταῖς
1298 679 1348 714 τῆς
1367 679 1471 705 ἀτόπου
1497 678 1638 715 φάλαγγος
1658 686 1801 710 καινοφω-

1005 725 1076 756 νίαις
1095 726 1180 761 συχνὰ
1196 725 1446 761 διαλοιδορούμενον
1471 726 1582 760 μακρὰν
1603 723 1735 758 παρέχειν
1752 723 1803 758 ῥο-

1005 773 1070 808 πὴν,
1083 770 1122 804 οἷς
1134 773 1232 804 αὐτοὺς
1242 772 1382 807 διασύρειν
1393 772 1441 798 καὶ
1454 772 1528 803 ὅλαις
1545 770 1692 803 ταράττειν
1706 769 1802 803 γλώτ-

1005 826 1067 849 ταις
1089 818 1137 845 καὶ
1162 818 1280 853 χείλεσιν
1300 817 1455 852 ἐλευθέροις
1480 816 1551 851 ἔρως
1568 816 1684 851 μακρός.

1043 865 1073 892 ιν.
1097 865 1143 896 Ὠς
1157 864 1186 891 δὲ
1204 863 1311 890 πολλῶν
1331 864 1390 890 ὲκεῐ
1403 863 1525 898 ῥυέντων
1538 862 1694 889 ἀντιπάλων
1707 861 1804 894 λόγων

1010 911 1113 945 μάταια
1136 910 1223 943 λέγων
1249 909 1298 936 καὶ
1323 908 1493 944 βλασφημῶν
1515 908 1530 934 ὸ
1550 907 1724 943 πατριάρχης
1750 905 1803 940 ὑφ’

1008 957 1089 993 ἡμῶν
1117 956 1249 991 ἠλέγχετο
1274 955 1432 991 προφανῶς,
1461 955 1491 981 οὐ
1519 954 1599 989 μόνον
1625 954 1667 981 ὅτι
1693 952 1804 986 πλῆθος

1008 1003 1147 1038 θεοτήτων
1160 1001 1310 1037 ἀπειράκις
1334 1001 1457 1035 ἀπείρως
1478 1000 1633 1034 ὑφειμένων
1647 998 1696 1033 τῆς
1720 997 1804 1029 θείας

1007 1049 1113 1081 οὐσίας,
1127 1049 1264 1076 ἀκτίστων
1282 1049 1343 1082 μὲν,
1359 1047 1464 1083 ὁρατῶν
1480 1047 1508 1073 δὲ
1527 1046 1574 1073 καὶ
1589 1045 1736 1076 ἀνουσίων,
1753 1043 1804 1069 δο-

1009 1095 1101 1129 ξάζειν
1118 1095 1207 1121 ἐδόκει
1217 1094 1269 1127 ηξύν
1284 1096 1317 1128 γε
1333 1093 1371 1128 τῷ
1393 1092 1523 1127 ὶιαλαμᾷ,
1535 1091 1605 1118 ἀλλὰ
1622 1090 1676 1122 κάξ
1691 1087 1728 1115 ῶν
1743 1088 1805 1123 ἱόἰᾳ

1009 1142 1073 1172 τοὺς
1088 1141 1139 1176 μὲν
1154 1140 1286 1171 εἰωθότας
1302 1140 1345 1166 ἐπ’
1360 1138 1508 1173 ἐκκλησίας
1526 1137 1630 1164 ἄνωθεν
1641 1135 1806 1171 τριαδικοὺς

1008 1188 1063 1214 τῶν
1087 1187 1174 1220 ἁγίων
1200 1185 1312 1222 ᾅδεσθαι
1342 1184 1444 1218 ὕμνους
1468 1185 1497 1214 ἐς
1521 1181 1640 1216 τὰφανὲς
1668 1179 1805 1216 ὲρρίφϐαι

1009 1233 1200 1264 κατεδίκαζεν.
1231 1232 1358 1264 ἐξουσίαν
1387 1229 1562 1265 βουλομένοις
1588 1228 1656 1262 πυρὶ
1679 1226 1728 1252 καὶ
1751 1226 1805 1252 θα-

1009 1280 1097 1315 λάττῃ
1115 1278 1279 1314 χαρίζεσθαι
1305 1277 1507 1311 παρεχόμενος·
1527 1273 1608 1304 αὐτὸς
1633 1272 1655 1298 δ’
1679 1271 1805 1315 οἰκείους

1010 1313 1276 1361 ἄρτιῄπεποιηκὼς,
1306 1323 1408 1349 ἀτόπου
1443 1322 1526 1355 φάναι
1553 1319 1672 1353 γαστρὸς
1697 1313 1804 1349 ἔκγονα.

1013 1373 1172 1408 βλάσφημα,
1202 1369 1315 1401 τούτους
1335 1368 1394 1395 ἀντ’
1420 1367 1533 1394 ἐκείνων
1556 1363 1723 1400 προσέταξεν
1737 1362 1804 1398 ᾄδε-

1013 1419 1093 1446 σθαι·
1110 1418 1139 1444 ἐν
1152 1414 1193 1448 οἷς
1208 1416 1243 1443 τά
1268 1425 1298 1442 τε
1316 1415 1384 1442 ἄλλα
1403 1414 1519 1449 γράφων
1535 1410 1569 1447 ἦν
1584 1411 1631 1438 καὶ
1644 1410 1681 1442 ὡς
1701 1409 1733 1435 οὺ
1750 1408 1804 1443 τὴν

1012 1467 1109 1494 οὐσίαν
1125 1464 1227 1500 χρεὼν,
1245 1463 1303 1490 ἀλλ’
1320 1462 1447 1489 ἀνούσιόν
1460 1468 1522 1486 τινα
1534 1457 1595 1486 καθ’
1610 1457 1695 1492 αὐτὴν
1709 1455 1804 1489 λέγειν

975 1523 996 1550 c
1013 1513 1153 1548 ἐνέργειαν
1171 1509 1242 1537 εἶναι
1263 1507 1447 1543 κυρίωςιΘεόν
1461 1514 1467 1520 ·
1482 1506 1555 1533 θέσει
1572 1505 1600 1531 δὲ
1622 1504 1668 1530 καὶ
1682 1502 1732 1537 τὴν
1744 1501 1805 1550 ὀὖ-

1015 1547 1087 1590 σίαν,
1115 1555 1321 1591 συγχωροῦντος
1351 1554 1417 1585 ἴσως
1440 1551 1488 1579 τοῦ
1514 1550 1686 1585 ἀνθρωπίνου
1716 1547 1803 1574 πόθου

1014 1604 1087 1632 κατὰ
1104 1603 1133 1630 τὸ
1148 1601 1290 1634 ἀνάλογον,
1306 1599 1402 1634 ὥσπερ
1419 1599 1466 1624 καὶ
1481 1597 1622 1632 ἄνθρωποι
1635 1593 1706 1621 κατὰ
1719 1595 1752 1628 χὲ
1759 1601 1804 1627 ριν

1014 1651 1066 1678 υἱοὶ
1085 1648 1231 1676 καλοῦνται
1250 1646 1317 1673 Θεοῦ
1337 1646 1384 1672 καὶ
1408 1644 1482 1671 θεοί⁸
1506 1643 1555 1670 καὶ
1570 1641 1601 1668 τὸ
1626 1640 1674 1666 τοῦ
1695 1647 1805 1674 συμπει

1015 1697 1155 1732 ρὰσματος
1174 1691 1394 1727 σκοπιμώτατον,
1415 1691 1452 1725 μὴ
1469 1689 1518 1724 τὴν
1537 1687 1643 1718 οὐσίαν,
1667 1685 1736 1713 ms
1751 1684 1804 1718 τὴν

1013 1743 1065 1778 τῆς
1080 1742 1175 1772 οὐσίας
1198 1740 1307 1775 ἐκείνην
1325 1738 1521 1774 ἀπερῥωγυῐαν
1538 1735 1679 1769 ἐνέργειαν
1704 1732 1739 1758 ἐκ
1752 1731 1804 1778 τῆς

1014 1777 1150 1823 παρθένου
1164 1787 1212 1813 καὶ
1227 1785 1353 1812 θεοτόκου
1372 1780 1563 1817 σεσαρκῶσθαι
1582 1779 1695 1813 Μαρίας
1707 1777 1801 1823 "(ipsi

1014 1835 1110 1862 θεκτον
1126 1833 1181 1868 γὰρ
1194 1830 1264 1859 εἶναι
1279 1831 1325 1857 καὶ
1340 1829 1538 1862 ἁνεπίστροφον
1549 1826 1648 1855 τελέως
1661 1824 1715 1849 τῶν
1730 1822 1804 1848 κατὰ

1014 1881 1068 1915 γῆν
1085 1881 1135 1915 τὴν
1151 1878 1246 1905 οὐσίαν
1276 1877 1394 1910 ἐκείνην,
1422 1876 1451 1901 ὲν
1468 1875 1524 1905 τοῖς
1550 1873 1605 1899 ἄνω
1621 1878 1675 1897 που
1706 1869 1803 1899 τόποις

1014 1925 1178 1962 ὁριζομένην
1192 1933 1199 1939 ·
1214 1923 1320 1950 πολλῶν
1335 1921 1381 1948 οὖν
1403 1922 1461 1947 ἐκεῖ
1479 1919 1608 1955 ῥυέντων,
1629 1917 1666 1947 ὡς
1681 1915 1802 1962 εἴρηται,

1015 1973 1062 1999 καὶ
1091 1971 1222 1997 ποικίλων
1239 1969 1268 2001 ἐξ
1285 1968 1432 1995 ἀντιπάλου
1455 1966 1552 2000 λόγων,
1574 1964 1622 1990 καὶ
1635 1961 1736 1998 μικρυῦ
1753 1960 1803 1994 τῆς

1015 2018 1079 2052 ὅλης
1098 2017 1205 2051 ἐκείνης
1219 2014 1342 2041 ἐνταυθοῖ
1357 2011 1603 2045 καινοτομηθείσης
1617 2008 1725 2038 νυκτὸς,
1742 2006 1804 2032 ἐπεὶ

1017 2062 1054 2096 μὴ
1069 2061 1104 2088 τὰ
1121 2062 1171 2096 τῆς
1193 2060 1347 2090 ὑποθέσεως
1361 2058 1448 2089 ἄλλως
1463 2057 1616 2092 ἠρεμήσειν
1640 2056 1654 2080 ό
1676 2053 1805 2088 βασιλεὺς

1017 2099 1150 2142 ξυνενὸειί
1171 2105 1306 2140 Ὶσιδώρου
1324 2105 1372 2139 μὲν
1390 2104 1496 2130 ἐκείνου
1519 2102 1581 2132 τοὺς
1594 2101 1671 2130 νέους
1689 2098 1805 2128 κανόνας

1017 2155 1153 2189 ἁφανείας
1181 2153 1292 2186 δοθῆναι
1318 2149 1514 2185 προσετετάχει
1539 2147 1626 2182 πυρίο
1643 2145 1804 2180 παρρησιὰ-

178 2200 266 2234 aliter,
285 2199 391 2226 finitum
418 2199 451 2226 iri
481 2198 628 2231 intellexit,
651 2198 749 2225 lsidori
777 2198 851 2225 illius
877 2204 960 2225 novos

1017 2201 1113 2234 ζεσθαι
1131 2200 1153 2226 δ’
1166 2198 1244 2230 αὖθις
1257 2198 1320 2230 τοὺς
1334 2197 1462 2227 εἰωθότας
1483 2198 1515 2223 ὲκ
1531 2193 1658 2221 παλαιοῦ.
1680 2193 1722 2229 [Ρ.
1740 2190 1804 2226 ὁὲἒ]

178 2253 298 2273 canones
312 2245 373 2280 igne
389 2245 487 2277 deleri,
503 2253 534 2272 ac
557 2245 687 2280 loquendi
713 2245 868 2272 libertatem
894 2242 965 2271 reci-

179 2300 244 2327 pere
262 2298 309 2318 eos
321 2290 367 2325 qui
383 2295 463 2317 antea
483 2291 645 2318 habuissent
658 2289 750 2323 jussit.
768 2289 815 2316 His
834 2290 871 2316 ita
890 2289 965 2316 ordi-

179 2339 250 2365 natis
266 2341 293 2364 et
309 2336 431 2363 omnium
453 2343 569 2363 aSseusu
587 2335 785 2370 comprobatis,
803 2339 965 2368 sumptuosa

179 2383 259 2411 nobis
281 2390 388 2414 mensa,
404 2382 512 2416 signum
530 2381 695 2412 concordia!”
711 2379 835 2415 apposita
858 2384 911 2407 est.
926 2380 966 2406 Ac

179 2431 220 2458 sic
247 2437 300 2457 una
326 2436 391 2456 cum
415 2428 628 2462 imperatoribus
648 2427 751 2462 epulati
778 2426 966 2458 surreximus,

179 2481 323 2509 sperantes
335 2474 470 2510 principis
491 2473 583 2501 edicto
599 2473 793 2500 confirmatum
817 2472 851 2498 iri
866 2471 967 2506 postri-

180 2523 226 2549 die
240 2529 283 2552 ea.
297 2521 331 2548 de
353 2520 456 2555 quibus
472 2523 638 2546 convenerat
653 2528 659 2551 ;
677 2526 711 2545 ne
722 2518 756 2544 ab
768 2517 893 2544 ccclesiis
908 2516 966 2549 Dei,

181 2569 285 2603 ubique
297 2566 381 2594 maris
391 2570 418 2593 et
434 2569 569 2592 terrarum
587 2564 673 2599 patria
686 2563 826 2599 religionis
841 2563 967 2597 dogmata

181 2612 407 2642 defendentibus.
428 2616 593 2639 vocarentur
610 2610 638 2637 in
653 2609 766 2637 dubiuttt
785 2616 816 2636 ea
832 2616 893 2643 qua:
911 2614 967 2635 tum

183 2661 295 2688 tiebant.

218 2704 265 2733 XI.
286 2708 322 2732 At.
344 2710 454 2740 pactum
475 2703 543 2731 illud
562 2711 613 2730 nec
636 2702 703 2734 diu,
719 2709 769 2729 nec
789 2702 822 2730 iis
841 2702 971 2730 omnibus

183 2754 232 2785 qui
248 2751 392 2779 contraria!
414 2750 543 2778 factionis
559 2755 648 2782 erant,
665 2753 753 2776 ratum
772 2757 833 2777 esse
855 2749 969 2784 placuit.

187 2798 334 2824 Enimvero
360 2797 553 2824 necessitatem
572 2795 732 2830 imperatori
753 2794 915 2824 adhibuere.
931 2795 972 2829 ip-

188 2850 247 2869 srm
263 2849 367 2876 pioque
381 2843 518 2869 Palamam
531 2841 700 2875 arcessendi,
712 2840 746 2868 ad
761 2840 971 2869 consultandum

1017 2248 1129 2274 Τούτων
1145 2246 1168 2272 δ’
1185 2245 1256 2272 οὕτω
1274 2243 1500 2276 συντεταγμένων
1521 2241 1567 2268 καὶ
1585 2238 1806 2274 συμπεφωνημέ-

1017 2302 1081 2326 νων,
1091 2292 1216 2328 τράπεζα
1227 2290 1376 2325 πολυτελὴς
1391 2290 1455 2323 ἡμῖν
1467 2287 1677 2323 παρεκομίζετο,
1690 2286 1805 2318 σημεῖον

1017 2339 1219 2375 ὁμοφροσύνης.
1236 2338 1291 2364 Καὶ
1312 2335 1552 2364 συνεστιασθέντες
1569 2333 1639 2359 οὓτω
1654 2333 1710 2362 τοῖς
1727 2332 1805 2365 βασι.

1017 2386 1110 2412 λεῦσιν
1131 2385 1296 2419 ᾀνέστημεν,
1315 2382 1476 2412 ἐλπίσαντες
1489 2381 1517 2412 ἐς
1528 2379 1578 2415 τὴν
1596 2378 1742 2412 ὑστεραίαν
1759 2377 1806 2402 καὶ.

1019 2432 1168 2468 βασιλικοτς
1194 2429 1415 2464 κυριωθὴσεσθαι
1430 2427 1576 2462 γράμμασι
1596 2426 1629 2452 τὰ
1656 2432 1804 2458 συμφωνη-

1018 2479 1110 2511 θέντα,
1121 2478 1159 2509 ὡς
1176 2477 1213 2512 μὴ
1228 2475 1368 2511 ἀμφίϐολα
1383 2475 1418 2501 τὰ
1429 2474 1578 2508 γιγνόμενα
1591 2473 1635 2505 εἰη
1645 2473 1704 2502 ταῖς
1719 2471 1806 2497 ἀπαν-

1018 2525 1088 2559 ταχῆ
1106 2523 1242 2557 θαλάττης
1257 2523 1307 2549 καὶ
1327 2522 1380 2556 γῆς
1394 2521 1464 2556 ὑπὲρ
1478 2521 1532 2547 τῶν
1556 2518 1679 2554 πατρίων
1694 2517 1744 2551 τῆς
1759 2518 1805 2543 εὑ-

1020 2571 1128 2601 σεὸεἱας
1141 2569 1286 2604 δογμάτων
1299 2567 1496 2603 ἁντεχομέναις
1511 2565 1579 2593 Θεοῦ
1595 2565 1767 2599 ἐκκλησίαις.

1056 2702 1107 2730 IA’.
1123 2702 1194 2729 Ἀλλ’
1208 2702 1259 2728 οὐκ
1273 2702 1313 2733 είς
1329 2701 1438 2736 μακρὰν
1448 2701 1482 2728 τὰ
1496 2701 1544 2736 τῆς
1562 2701 1722 2734 συμφωνίας
1736 2698 1804 2725 ὲκεί-

1021 2758 1069 2784 νης
1095 2749 1155 2775 οὐδὲ
1182 2749 1265 2776 πᾶσιν
1279 2749 1381 2784 ἤρεσκε
1407 2748 1464 2779 τοῖς
1487 2748 1519 2773 ἐκ
1536 2747 1585 2781 τῆς
1612 2747 1802 2781 ἀντικειμένης

1023 2795 1140 2830 φατρίας
1159 2795 1256 2831 βέϐαια
1279 2796 1450 2830 παραμένειν
1462 2803 1469 2810 ·
1485 2793 1545 2820 ἀλλ’
1564 2795 1688 2828 ἀνάγκην
1701 2793 1802 2827 προσῆ-

1024 2850 1070 2876 γον
1086 2841 1123 2877 τῷ
1140 2841 1256 2877 βασιλεῖ,
1279 2843 1475 2876 μετάπεμπτςν
1494 2842 1539 2867 καὶ
1564 2841 1695 2873 [Ιιλαμᾶν
1712 2842 1739 2871 ἐς
1759 2840 1802 2873 ιὴν
