1918 3076
137 175 212 210 1039
356 172 393 210 [Α.
414 181 439 202 c.
462 172 546 210 ists]

638 152 859 205 bYZANTlNE
878 158 1070 202 IllS'IORle
1091 169 1162 200 LIB.
1182 168 1258 200 XVI.
1298 160 1365 202 [mr-
1384 172 1406 192 ι.
1426 170 1571 191 mnccz.
1591 161 1620 198 2]

1694 162 1761 194 1090

171 236 208 262 Γ.
226 233 327 261 Τούτου
342 233 366 258 δ’
377 232 448 259 οὕτω
463 231 668 268 κεχωρηκότος,
685 232 714 258 ἐν
733 230 834 262 λύπαις
851 227 923 256 εἶναι

1011 228 1055 255 Ill.
1077 227 1103 255 ls
1118 235 1181 255 eum
1197 226 1293 254 l’uisset
1308 224 1392 260 hujus
1403 223 1468 251 belli
1483 223 1582 254 exitus,
1599 222 1695 250 inc'idil
1709 223 1761 249 im-

130 281 174 315 τῷ
189 281 293 316 βασιλεῖ
304 279 454 311 ξυνέϐαινε,
469 279 518 313 τῆς
531 287 561 304 τε
575 277 802 312 προσδοκωμένης
819 276 923 302 ἐκεῖθεν

133 327 276 361 Περσικῆς
291 325 463 360 λελειμμὲνῳ
478 324 636 359 συμμαχίας
650 324 697 350 καὶ
709 323 766 357 ἅμα
782 322 859 356 φίλου
879 330 924 356 με-

133 371 234 405 γίστην
250 370 325 405 αὐτῷ
352 371 396 397 διὰ
410 370 468 405 βίου
484 371 654 404 τηρήσαντος
679 369 785 395 εὔνοιαν
811 369 926 402 ἐστερη-

137 417 276 453 μένῳ.Ἒν
286 417 335 451 μὲν
346 417 379 451 δὴ
392 416 471 442 τοῦτο
484 417 534 450 τῆς
549 416 619 442 κατὰ
635 415 792 450 Τριϐαλλῶν
809 415 925 448 ἐκστρα-

134 464 213 495 τείας
226 461 352 497 ἐμποδὼν
373 462 493 496 ἐγεγόνει
507 461 545 496 τῷ
561 461 676 496 βασιλεῖ.
693 461 824 495 Δεύτερον
840 459 878 491 δὲ,
896 459 926 485 τὸ

137 510 211 535 κατὰ
223 508 276 534 τῶν
289 507 396 542 νεφρῶν
418 507 474 542 (86)
487 507 627 541 ὲνσκῆψαν
643 507 718 541 αὑτῷ
734 508 797 541 περὶ
813 506 862 537 τὰς
881 506 926 531 θε-

141 554 219 588 ρινὰς
240 553 287 580 τοῦ
301 554 376 589 ἡλίου
390 554 495 589 τροπὰς
517 555 636 586 νόσημα,
651 553 700 585 τάς
722 562 751 580 τε
773 553 926 587 ἀλγηδόνας

140 599 267 634 δριμείας
280 600 383 633 ἐπάγον
395 599 468 634 αὐτῷ
484 599 532 630 καὶ,
544 599 594 634 τὴν
613 599 661 625 τοῦ
679 599 798 633 βαδίζειν
813 598 928 625 ὑποκλέ-

140 653 209 671 πτον
227 645 382 680 ἐλευθερίαν
391 654 420 672 τε
433 646 480 672 καὶ
496 645 648 681 ῥᾳστώνην,
670 646 716 672 καὶ
729 645 788 679 ἅμα
804 644 854 676 τὰς
873 644 927 671 τῶν

141 691 244 725 ίατρῶν
262 692 427 726 ἐπαγγελίας
441 692 470 718 οὺ
489 692 562 726 μάλα
575 700 616 718 τοι
636 691 705 726 πρδς
716 692 747 717 τὸ
758 689 854 717 εὔελπι
870 698 927 716 ,κα-

140 737 232 771 θαρῶς
243 737 419 772 ἀθροίζεσθαι
434 737 593 773 συγχωροῦν
607 738 639 763 ἐκ
651 736 697 763 τοῦ
713 736 858 770 σύνεγγυς.
874 736 929 762 Καὶ

140 782 233 816 τρίτον
246 783 290 808 ἐπὶ
304 782 419 814 τούτοις,
441 784 457 818 ἡ
472 783 527 810 τῶν
541 784 569 809 ἐν
585 784 642 814 τοῖς
661 783 784 810 Γαλάτου
804 781 928 808 Λατίνων

140 827 213 853 κατὰ
231 827 384 859 Βυζαντίων
397 828 426 861 ἐξ
447 828 574 863 οὐδεμιᾶς
591 829 754 864 προφάσεως
772 821 927 854 ἐπανάστα-

142 881 186 904 σις
200 872 268 908 (8Ὶ),
285 874 301 909 ἢ
330 874 398 909 μετὰ
414 874 464 906 τὰς
483 875 609 910 Ὀρίωνος
620 874 759 914 ,ἐπιτολὰς
785 873 866 904 εὐθὺς
882 881 930 899 περ

976 278 1086 308 perator
1102 273 1130 300 in
1149 273 1267 304 luctum,
1285 275 1312 297 ut
1336 270 1383 304 qui
1404 268 1493 296 simul-
1507 273 1533 295 et
1555 268 1684 298 Persicis,
1702 274 1761 302 quae

976 320 1052 346 illinc
1073 321 1241 353 speraverat,
1259 316 1368 343 auxiliis
1386 315 1593 346 destitueretur,
1612 319 1638 341 et
1652 322 1695 344 eo,
1715 314 1761 348 qui

976 365 1142 399 singularem
1155 371 1219 398 erga
1233 370 1261 389 se
1277 361 1496 389 benevolentiam
1513 364 1569 387 tota
1581 359 1636 386 vita
1652 367 1763 386 consei-

976 415 1097 441 vaverat,
1114 409 1201 436 amico
1222 409 1379 435 orbaretur.
1401 407 1490 434 Prima
1507 414 1538 433 ea
1565 413 1609 432 res
1625 405 1687 437 luit,
1703 411 1763 439 qua:

977 456 1151 491 imperatoris
1167 456 1194 482 in
1211 455 1347 481 Triballos
1362 452 1533 488 expeditioni
1548 451 1696 479 obstiterit.
1715 451 1762 478 Al-

978 507 1034 528 tera
1058 501 1182 532 morbus,
1203 500 1250 535 qui
1270 500 1359 526 eidem
1379 499 1451 525 circa
1469 498 1617 525 solstitium
1637 496 1761 523 aestivum

978 548 1004 574 in
1020 555 1099 574 renes
1113 547 1223 578 invasit,
1240 546 1349 573 dolores
1362 552 1440 572 acres
1457 544 1584 575 aiierens,
1605 547 1632 569 ct
1646 542 1760 569 liberam

978 592 1122 620 incedendi
1141 592 1297 619 facultatem
1314 591 1499 626 supprimens,
1519 589 1556 616 ita
1573 593 1604 615 ut
1622 596 1654 615 ex
1675 587 1764 614 medi-

977 645 1072 666 corttm
1090 631 1232 673 promissis
1248 645 1310 671 spes
1327 645 1380 664 non
1397 636 1542 663 admodum
1557 635 1618 662 laeta
1631 639 1678 661 aut
1690 639 1764 660 certa

978 687 1110 715 continuo
1126 687 1312 721 colligeretur.
1332 685 1454 713 Tertium
1471 685 1696 719 impedimentum
1720 691 1765 710 ac-

979 734 1073 767 cessit,
1087 734 1202 761 rebellio
1216 734 1250 760 ab
1265 733 1367 760 Latinis
1381 733 1508 760 Galatteis
1521 732 1653 759 adversus
1664 731 1767 767 Byzan-

981 781 1034 807 tios
1055 779 1132 807 nullo
1157 784 1287 814 praetextu
1304 783 1410 813 empta;
1430 786 1492 813 quae
1515 778 1550 805 ab
1573 777 1684 805 Orionis
1703 781 1766 804 ortu

980 826 1072 853 statim
1095 825 1204 853 initium
1219 825 1335 859 lbabuit.
1360 825 1397 852 De
1420 832 1463 858 ea,
1481 825 1591 859 paulum
1617 823 1766 859 progressi,

980 880 1092 907 agemus
1104 872 1175 899 inl'ra
1189 872 1288 899 iusius.
1307 872 1385 899 Nunc
1403 879 1468 899 vero
1483 871 1551 899 illud
1567 879 1714 898 resumam.

141 921 255 954 ποίηται
278 921 326 950 τὰς
349 921 455 956 ἀρχάς·
480 922 545 957 περὶ
567 919 602 957 ἧς
632 921 729 956 μικρὸν
748 919 861 955 ὕστερον
882 917 1023 954 προϊόντες
1036 918 1159 954 ίέροῦμεν
1185 918 1344 953 πλατυτέρᾳ
1363 919 1397 953 τῇ
1423 918 1544 955 γλώττῃ.
1559 918 1616 945 Νῦν
1633 917 1656 944 δ’
1675 918 1765 944 ἐκεῖνο

142 967 367 1002 ἐπαναλήψομαι.

727 1018 743 1032 ⁸
859 1022 975 1051 CAPUT
994 1022 1051 1052 vu.

143 1071 233 1099 Persw
247 1072 381 1106 prmdones
398 1071 424 1098 in
440 1071 578 1098 Thraciam
591 1078 623 1098 ex
635 1070 698 1098 Asia
714 1069 863 1105 trajiciunt.
891 1069 999 1103 Equites
1015 1069 1182 1106 circumjecta
1206 1068 1312 1105 Bizyntz
1334 1070 1394 1106 urbi
1418 1069 1483 1106 ίοεαγ
1491 1069 1637 1097 incursant.
1665 1068 1768 1098 Pedites

178 1107 290 1133 ulterius
306 1111 424 1141 pergunt.
447 1106 586 1133 Matthams
614 1106 809 1133 Cuntacuzetms
829 1112 887 1141 cum
903 1112 985 1141 p¢t_r_va
1001 1112 1093 1141 manu
1115 1105 1154 1141 his
1181 1105 1303 1131 occurrit.
1330 1105 1443 1132 Barbari
1467 1105 1598 1141 Romanos
1623 1106 1768 1141 cogapicati

179 1143 241 1175 quid
253 1139 360 1176 egerint:
380 1142 454 1168 Acris
471 1149 570 1176 pugna.
588 1141 708 1168 Matthwi
737 1140 891 1176 strettuitas.
911 1139 1063 1176 _Ejusdern_
1077 1139 1105 1165 in
1130 1140 1214 1166 hostes
1234 1143 1330 1176 temere
1353 1140 1447 1166 invecti
1471 1139 1627 1176 periculum.
1652 1140 1767 1167 Barbari

181 1174 356 1203 internizcione
368 1176 455 1203 deleti.
472 1174 617 1203 'l’fwclarw
630 1183 687 1210 spes
715 1183 745 1201 ex
771 1174 868 1201 illustri
892 1174 1010 1201 victoria.
1040 1174 1166 1209 Equestre
1192 1175 1347 1209 prwdonum
1374 1183 1467 1210 agmen
1483 1175 1515 1201 ab
1537 1175 1594 1209 ipso
1609 1176 1768 1210 imperatore

182 1213 279 1246 partim
293 1219 398 1243 cwsum,
417 1211 514 1246 partim
529 1214 621 1246 prwda
637 1209 726 1245 erepta
738 1210 826 1244 fusum
841 1213 865 1235 et
883 1209 1039 1243 dispersum.

183 1268 222 1297 A'.
238 1271 318 1304 Ἀρτι
335 1268 382 1295 τοῦ
407 1268 482 1304 ἡλίου
507 1268 557 1300 τὰς
574 1268 685 1303 θερινὰς
701 1267 804 1303 τροπὰς
826 1268 932 1302 παραλ-

1019 1267 1040 1296 l.
1063 1268 1159 1296 Statim
1175 1273 1237 1304 post
1248 1270 1373 1297 aestivum
1388 1269 1535 1297 solstitium
1552 1269 1697 1297 Persarum
1711 1277 1770 1297 ma-

146 1317 303 1350 λάττοντος,
318 1315 440 1351 Περσική
456 1324 498 1346 τις
519 1315 634 1349 δύναμις
653 1314 721 1349 (88),
738 1313 768 1347 ἐξ
782 1313 932 1348 αὐτονόμου

147 1364 196 1389 καὶ
211 1362 360 1397 λῃστρικῆς
377 1361 444 1396 ἄλλη
458 1360 570 1388 ἄλλοθεν
582 1360 751 1395 ἠθροισμένη
767 1360 871 1394 τροφῆς
886 1358 934 1384 καὶ

148 1409 263 1442 διαίτης,
280 1409 309 1440 ἐς
323 1408 434 1443 Θρᾴκην
449 1406 478 1439 ἐξ
498 1407 589 1439 Ἀσίας
609 1406 756 1442 πεποίηται
770 1407 820 1440 τὴν
834 1404 932 1432 διάϐα-

150 1465 204 1482 σιν.
221 1455 275 1481 Καὶ
286 1454 434 1489 ἐπειδήπερ
459 1452 547 1479 ὁπόσα
572 1452 709 1488 θαλάττης
724 1452 807 1487 ἐγγὺς
825 1451 934 1486 ὑπῆρχε

149 1501 237 1536 χωρία
252 1501 318 1527 πᾶσι
333 1498 461 1532 καθάπαξ
472 1499 600 1534 ἀοίκητον
619 1497 688 1525 εἶναι
701 1498 859 1525 συνέὸαινεν
870 1499 935 1533 ἐρη-

150 1547 215 1580 μίαν
226 1545 271 1573 διά
291 1554 322 1579 γε
336 1545 386 1576 τὰς
411 1546 533 1580 συνεχεῖς
555 1545 609 1572 τῶν
634 1544 739 1580 ἐχθρῶν
753 1545 877 1578 ἐφόδους,
893 1544 934 1575 είς

149 1592 204 1620 δύω
215 1591 335 1628 σχίζεται
354 1591 465 1627 μοίρας·
484 1592 531 1618 καὶ
539 1590 593 1617 τῶν
607 1591 657 1626 μέν
669 1591 798 1625 ίππέωνή
816 1589 933 1624 φάλαγξ,

147 1640 188 1669 ei;
205 1639 357 1670 διακοσίους
368 1637 411 1674 [Ρ.
423 1636 486 1672 52η
500 1637 546 1663 καὶ
560 1636 664 1671 χιλίους
679 1636 725 1663 τὸν
737 1635 855 1670 ἀριθμὸν
869 1636 934 1662 ἀνα-

150 1683 281 1718 φέρουσα,
299 1682 346 1707 ἐπὶ
361 1681 395 1708 τὰ
409 1681 460 1708 ὅσα
479 1681 544 1716 περὶ
559 1679 676 1715 Βιζύνην
697 1680 752 1706 sici.
767 1679 857 1714 χωρία
871 1679 934 1710 τοὺς

149 1729 266 1763 δρόμους
280 1727 354 1756 ὅλαις
369 1726 469 1761 ἤλαυνε
494 1726 554 1756 ταῖς
571 1725 675 1760 ἡνίαις·
692 1725 709 1760 ὴ
726 1725 755 1752 δέ
777 1725 878 1759 πεζικὴ
889 1725 934 1750 δύ-

151 1783 241 1808 ναμις,
257 1774 290 1800 ὲκ
304 1773 343 1804 δὶς
359 1771 530 1798 ἑπτακοσίων
547 1771 674 1803 εὐζώνων
698 1770 803 1805 ἀνδρῶν
819 1778 935 1804 συγκει-

151 1821 219 1856 μένη
241 1820 289 1846 καλ¹
307 1818 388 1853 αὕτη,
402 1817 586 1852 δυτικωτέραν
601 1816 751 1851 πεποίηται
767 1817 818 1851 τὴν
832 1816 933 1851 ὁρμήν.

150 1866 294 1894 Συνέὸαινε
329 1865 384 1900 γὰρ
415 1864 482 1899 αὐτῇ
513 1864 563 1899 τήν
587 1873 616 1890 τε
640 1863 771 1897 Ῥοδόπην
805 1863 835 1889 τὸ
861 1862 933 1898 ὅρος,

136 1913 197 1940 ’καὶ
208 1914 269 1940 ὅσαι
283 1913 348 1946 περὶ
372 1911 562 1946 Διδυμότειχον
591 1910 669 1937 οὖσαι
693 1909 854 1945 τυγχάνουσι
888 1909 936 1935 τιό-

149 1959 216 1992 λεις,
230 1958 259 1991 ἐξ
273 1958 440 1994 ὑπερδεξίων
453 1957 576 1993 ἁφεμένῃ
586 1957 635 1992 τὴν
652 1957 746 1992 ἔφοδον
759 1957 802 1991 ἐφ’
811 1957 860 1982 ὅσα
870 1956 933 1982 ἐπέ-

151 2014 227 2032 κεινα
247 2005 335 2031 κεῖται
351 2004 438 2040 χωρία
454 2004 609 2030 ποιεῖσθαι·
630 1999 667 2029 ὧν
681 2002 815 2037 Ματοαίῳ
836 2001 875 2036 τῷ
887 2001 935 2028 τοῦ

151 2051 286 2087 βασιλέως
306 2051 355 2084 υίῷ
384 2050 434 2085 τὴν
452 2050 618 2084 ἐπιτροπὴν,
636 2048 674 2081 ὡς
689 2048 818 2084 ἀνωτέρω
835 2048 936 2082 διείλη-

151 2106 228 2129 πται,
245 2097 405 2132 κεκτημένῳ
420 2096 449 2122 οὐ
467 2096 541 2131 μάλα
553 2104 595 2122 τοι
611 2095 723 2122 ἀνεκτὸν
734 2094 864 2130 ἐνομίσθη
874 2095 935 2121 κατ’

152 2143 275 2176 ἐξουσίαν
293 2143 409 2178 ἀπονητὶ
423 2142 590 2176 ποιήσασθαι
610 2142 660 2177 τὴν
672 2142 720 2175 τῆς
737 2141 812 2176 λείας
830 2141 936 2168 ἐκεῖθεν

152 2190 231 2216 ἐᾶσαι
247 2189 311 2219 τοὺς
326 2188 432 2222 Πέρσας
458 2187 623 2221 ἀπαγωγήν.
647 2186 753 2221 Ῥᾴδιον
765 2185 787 2212 δ’
797 2186 898 2221 ἥκιστα
907 2185 937 2212 ὃν

151 2236 182 2261 ἐκ
201 2235 284 2268 μόνης
307 2233 356 2267 τῆς
384 2231 650 2267 Γρατιανουπόλεως,
673 2232 701 2258 ὲν
718 2228 851 2267 ᾗτουτονὶ
863 2240 938 2266 τηνι-

152 2280 238 2307 καῦτα
263 2281 389 2314 παρεῖναι
407 2278 558 2310 ξυνὲὗαινε,
577 2277 692 2313 στρατὸν
708 2279 764 2308 τοῖς
787 2277 937 2312 βαρϐάροις

152 2327 298 2353 ἀντίπαλον
314 2325 488 2360 παραχρῆμα
504 2325 679 2359 συναγαγεῖν,
698 2325 730 2350 ἐκ
753 2324 808 2350 τῶν
823 2324 937 2350 ἐνόντων

151 2373 324 2408 τριακοσίους
354 2372 454 2403 ἱππέας
478 2371 653 2406 ἀνειληφὼς,
673 2371 721 2398 καὶ
745 2371 862 2406 πεζικήν
875 2380 937 2398 τινα

153 2419 291 2453 φάλαγγα,
309 2418 430 2453 μεγάλην
444 2417 594 2452 ἐϐράδευσε
607 2416 641 2442 δι’
657 2416 765 2443 ἀϐάτων
780 2417 888 2451 χωρίων
899 2417 938 2452 τῷ

152 2465 244 2500 δρόμῳ
261 2465 310 2499 τὴν
325 2464 477 2499 τσχύτητα,
507 2463 544 2498 μὴ
573 2462 644 2499 λά.οῃ
665 2463 790 2497 φυγοῦσι
807 2464 876 2498 μετὰ
889 2465 938 2498 τῆς

152 2512 226 2542 λείας
239 2512 255 2546 ὴ
270 2510 403 2546 λῃστρικὴ
416 2510 541 2544 δύναμις.
555 2509 646 2535 Τόπου
658 2509 805 2544 τοιγαροῦν
819 2509 938 2544 ἐντυχὼν

152 2558 362 2593 ἐπιτηδειότητι,
386 2557 420 2584 δι’
443 2553 475 2584 οὗ
491 2556 541 2590 τὴν
568 2555 743 2591 ἀναστροφὴν
763 2556 787 2582 oi
803 2555 938 2591 βάρϐαροι

984 1323 1046 1347 nus,
1062 1316 1110 1350 qui
1131 1316 1178 1343 alii
1199 1316 1311 1343 aliunde
1333 1323 1366 1343 ex
1390 1316 1501 1344 licentia
1524 1321 1552 1344 et
1573 1317 1720 1344 latrocinio
1742 1318 1768 1342 iu

984 1369 1069 1388 unum
1082 1369 1279 1394 convenerant,
1293 1363 1434 1398 trajiciunt
1447 1371 1479 1390 ex
1492 1363 1556 1391 Asia
1571 1363 1598 1390 in
1611 1363 1769 1391 Thraciam.

983 1407 1066 1443 836
1083 1408 1178 1440 Iidem,
1192 1409 1255 1443 quia
1271 1409 1330 1436 loca
1346 1410 1438 1436 omnia
1454 1409 1522 1436 tnari
1538 1409 1626 1437 vicina
1647 1410 1683 1437 ob
1704 1418 1770 1437 cou-

986 1454 1075 1482 tinuas
1095 1454 1214 1481 hostium
1235 1454 1406 1489 irruptiones
1421 1459 1496 1481 vasta
1518 1458 1546 1481 et
1568 1454 1770 1482 habitatoribus

984 1507 1070 1527 vacua
1093 1500 1288 1534 occurrebant,
1315 1499 1450 1535 bipartito
1469 1507 1499 1527 se
1526 1491 1719 1527 distribuunt:
1742 1506 1770 1527 et

984 1546 1120 1580 equestris
1134 1546 1246 1581 quidem
1261 1546 1372 1579 cohors,
1385 1554 1446 1581 qua:
1458 1546 1532 1573 mille
1545 1550 1572 1574 et
1587 1546 1771 1574 ducentorum

983 1591 1107 1625 equitum
1122 1596 1191 1623 erat.
1217 1591 1246 1618 in
1264 1599 1347 1626 agros
1369 1591 1477 1627 Bizynae
1497 1591 1558 1619 urbi
1578 1591 1774 1626 circumjectos

984 1636 1053 1664 laxis
1070 1636 1185 1664 habenis
1202 1637 1361 1670 invehitur;
1382 1637 1518 1672 pedestris
1539 1642 1643 1671 autem,
1663 1645 1724 1672 quu-
1738 1646 1773 1664 ex

985 1683 1028 1710 bis
1057 1683 1240 1718 septingentis
1269 1683 1430 1711 hominibus
1453 1683 1590 1718 expeditis
1615 1684 1772 1716 constabat,

986 1728 1071 1762 magis
1089 1735 1216 1755 occasum
1235 1735 1332 1756 versus
1347 1728 1556 1763 impressionem
1576 1728 1650 1756 facit.
1666 1728 1775 1762 Netupo

985 1775 1024 1806 hi,
1039 1774 1171 1809 Rhodope
1187 1780 1280 1802 monte
1294 1780 1322 1802 et
1338 1775 1456 1810 oppidis,
1471 1783 1532 1810 qua:
1551 1776 1623 1803 circa
1642 1776 1771 1811 Didymo~

985 1820 1088 1848 tichum
1103 1820 1155 1848 sita
1168 1825 1241 1853 sunt,
1257 1820 1291 1847 ad
1304 1821 1427 1848 dextram
1441 1821 1555 1854 relictis,
1570 1822 1597 1848 in
1612 1821 1773 1849 ulteriorem

985 1867 1136 1902 regionem,
1156 1867 1183 1894 id
1205 1871 1248 1894 est
1270 1866 1459 1900 Chalcidicen,
1483 1867 1650 1902 irrumpunt,
1667 1868 1724 1905 cui,
1742 1873 1775 1895 ut

989 1921 1070 1949 supra
1102 1913 1205 1941 dictum
1233 1918 1286 1949 est,
1317 1913 1462 1942 Mattitteus
1492 1914 1666 1949 imperatoris
1701 1915 1776 1942 lilius

990 1965 1118 1995 prmerat.
1136 1959 1186 1987 llic
1200 1960 1297 1988 Persas
1317 1960 1393 1988 omni
1411 1960 1524 1988 licentia
1538 1965 1566 1988 et
1581 1960 1658 1988 nullo
1678 1961 1775 1988 labore

987 2005 1107 2041 praedam
1124 2006 1187 2033 inde
1204 2006 1317 2041 impune
1333 2010 1460 2033 avertere
1474 2014 1528 2033 non
1547 2006 1718 2034 tolerandum
1734 2015 1776 2033 ra-

988 2057 1042 2084 tus,
1060 2059 1124 2079 cum
1140 2052 1219 2079 facile
1244 2052 1318 2079 haud
1344 2058 1418 2080 esset
1440 2060 1473 2080 ex
1497 2052 1555 2080 sola
1577 2053 1775 2087 Gratianopoli,

989 2097 1037 2125 ubi
1055 2098 1113 2132 ipse
1136 2102 1193 2124 tum
1218 2097 1289 2125 forte
1307 2098 1479 2130 versabatur,
1505 2105 1603 2133 cogere
1620 2103 1773 2125 exercitum

988 2143 1159 2172 debellandis
1170 2143 1298 2171 Barbaris
1310 2151 1414 2178 parem,
1429 2151 1463 2171 ex
1478 2143 1512 2171 iis
1528 2144 1577 2178 qui
1590 2144 1704 2171 aderant
1719 2149 1774 2171 tru-

988 2196 1084 2219 centos
1098 2191 1207 2226 equites
1226 2195 1254 2218 et
1279 2190 1434 2225 pedestrem
1456 2190 1601 2218 cohortem
1624 2190 1728 2220 sumit:
1743 2198 1774 2217 ac

988 2245 1023 2264 ne
1036 2237 1176 2265 latronum
1193 2245 1290 2271 agmen
1303 2244 1365 2264 sese
1379 2244 1442 2264 cum
1460 2237 1550 2271 praeda
1573 2237 1665 2264 subito
1685 2238 1775 2271 prori-

988 2285 1056 2321 piat,
1079 2292 1177 2320 magno
1193 2283 1301 2310 itineris
1316 2282 1480 2317 compendio
1500 2290 1612 2310 cursum
1636 2290 1686 2317 per
1701 2281 1774 2308 invia

989 2331 1132 2359 accelerat.
1159 2330 1261 2357 Locum
1287 2337 1354 2357 vero
1379 2335 1565 2364 opportunutn
1589 2334 1695 2360 nactus,
1722 2335 1774 2362 qua

989 2377 1104 2405 redituri
1119 2377 1212 2403 hostes
1227 2375 1406 2411 putabantur,
1423 2383 1489 2402 suos
1503 2375 1540 2402 ibi
1561 2374 1588 2402 in
1606 2374 1712 2402 insidiis
1726 2382 1774 2406 ro~

990 2423 1031 2450 nit
1043 2432 1049 2450 :
1065 2427 1121 2449 tum
1135 2421 1267 2456 quosdam
1278 2420 1423 2456 expeditos
1437 2420 1607 2455 speculatum
1621 2419 1772 2454 prmntittit.

989 2469 1029 2496 Ex
1042 2468 1142 2503 quibus
1154 2474 1216 2494 eum
1230 2465 1390 2498 audivisset,
1406 2465 1434 2492 in
1455 2465 1546 2500 praeda
1558 2463 1663 2499 agenda
1684 2463 1775 2490 adhuc

989 2518 1137 2548 occupatos
1149 2520 1212 2539 esse
1227 2511 1362 2542 Barbaros
1376 2516 1404 2538 et
1420 2518 1436 2538 a
1452 2510 1552 2538 castris
1566 2509 1647 2543 longe
1660 2508 1773 2549 abesse;

991 2560 1091 2587 milites
1107 2566 1171 2586 suos
1189 2558 1296 2585 modice
1308 2557 1386 2592 jubet
1404 2556 1552 2591 prandere.
1578 2555 1613 2582 At
1637 2555 1688 2585 illi,
1710 2562 1774 2588 qu'a

152 2605 218 2639 δρᾷν
234 2604 400 2637 ἐνομίζοντο,
416 2603 467 2637 τήν
488 2611 517 2628 τε
532 2601 673 2636 ἐφεδρείαν
689 2601 806 2628 ἐνταῦθα
821 2603 932 2636 πεποίη·

990 2615 1043 2634 non
1063 2606 1211 2636 habebant,
1228 2603 1300 2631 unde
1310 2609 1408 2637 aquam
1426 2602 1568 2629 haurirent
1585 2600 1618 2627 ad
1634 2599 1716 2634 837
1732 2608 1774 2626 rc-

152 2658 197 2675 ται
213 2649 323 2675 καὶτῶν
337 2648 462 2679 εὐζώνων
489 2648 576 2679 ἐνίους
594 2646 777 2682 προῦπεμπεν
793 2648 833 2679 είς
850 2656 935 2674 κατα-

153 2695 273 2729 σκοπήν·
290 2695 336 2728 ἀφ’
351 2692 389 2722 ὧν
407 2694 471 2728 περὶ
486 2693 534 2727 τὴν
550 2693 624 2719 λείαν
640 2693 813 2728 ἀσχολεῖσθαι
839 2694 936 2728 πόρρω

991 2652 1184 2688 stinguendam
1199 2650 1285 2682 sitim,
1298 2657 1380 2684 quant
1397 2654 1425 2676 et
1442 2655 1542 2676 cursus
1558 2646 1727 2682 defatigatio,
1746 2650 1775 2673 et

991 2696 1065 2724 illius
1080 2694 1250 2730 tempestatis
1270 2693 1353 2721 ardor
1373 2692 1514 2726 attulerat,
1529 2692 1611 2720 artnis
1626 2692 1775 2728 expedien-

820 2766 992 2798 Vat‘iorum
1012 2771 1104 2798 notia.

186 2831 243 2865 (86)
260 2831 406 2859 Cantucuz.
419 2830 468 2857 lib.
488 2837 524 2859 tv.
541 2836 600 2862 cap.
619 2828 662 2857 10.
691 2829 807 2856 Ducauo.

187 2864 242 2902 (δη
264 2867 361 2901 chua
374 2866 484 2901 copiose
510 2865 645 2891 Cantacuz
673 2864 719 2892 lib.
738 2872 773 2896 tv,
795 2873 856 2900 cap.
880 2864 924 2898 ll,

154 2903 196 2932 12.
230 2902 345 2929 litum.
643 2904 646 2907 '

1015 2829 1070 2864 (88}
1089 2829 1156 2856 Rem
1174 2833 1268 2857 narrat
1283 2828 1489 2858 Cantacuzcnus
1511 2826 1560 2855 lib.
1593 2832 1633 2859 tv,
1652 2828 1713 2859 capo
1742 2823 1773 2850 IU

996 2871 1066 2892 extr.
1079 2864 1197 2892 Dousa.
