1918 3076
143 103 211 138 1119

285 102 322 138 [Α.
345 110 374 130 κ.
392 102 471 135 6857,
490 109 543 129 isn.
566 101 594 138 ‘2]

738 106 947 136 NICEPIIORI
968 106 1159 136 GREGORE

1301 102 1368 138 [nun
1389 110 1409 129 i.
1431 108 1579 130 casncuz.
1599 101 1628 137 5]

1704 103 1774 135 1120

141 161 221 197 gendi
238 165 346 195 tempus
355 165 557 195 exspectassent
569 181 576 194 ,
589 160 671 193 bene,
686 161 796 195 opinor,
812 162 927 188 habuis-

990 162 1072 188 τὼτέου
1102 162 1159 192 τοῖς
1188 161 1314 193 Λατίνοις
1346 162 1470 194 ἵστασαν,
1498 160 1697 195 περιμένουσαι
1722 160 1776 194 τὴν

142 212 195 235 sel.
212 207 270 234 Imo
280 207 302 234 si
319 206 433 234 littorali
446 207 491 234 ilia
506 207 680 241 navigatione
698 214 753 234 non
770 207 926 242 interrupta

141 253 340 287 processissem
356 253 528 280 similimodo
539 261 625 287 usque
638 252 671 279 ad
688 257 840 279 extremum
852 253 926 285 freti,

142 299 188 325 ubi
208 298 336 327 videlicet
354 304 383 327 et
394 299 461 326 alias
472 307 556 327 naves
572 300 680 326 stetisse
694 299 824 330 diximus,
845 304 927 334 atque

141 345 219 372 illinc
234 353 298 385 cum
320 346 428 373 ueteris
451 353 566 373 reversa;
580 351 676 373 contra
694 346 800 373 hostem
821 350 930 374 servato

141 384 239 417 ordine
253 396 390 425 provecta:
410 395 514 421 essent,
531 384 602 418 bene
618 391 657 418 sic
681 399 790 426 quoque
811 391 930 427 (opinor)

142 435 296 463 habuisset.
321 436 374 463 Sed
391 436 471 463 aliam
488 436 561 464 Deus
577 441 697 464 mentem
715 444 816 471 pavore
830 437 930 472 injecto

141 481 244 514 attulit,
271 488 298 509 et
316 487 431 516 repente
449 482 522 509 vices
545 483 660 509 mutavit
674 482 808 517 vanisque
831 490 929 510 eorum

140 526 222 554 dictis
235 535 267 554 ac
283 527 364 554 minis
378 528 489 555 fortuna
510 529 602 555 exitus
618 528 773 555 contrarios
786 527 872 556 dedit.

980 208 1054 242 ῶραν
1063 208 1111 246 τῆς
1121 208 1286 242 προσϐολῆς,
1303 206 1332 235 εὖ
1346 209 1380 234 ἂν
1390 207 1466 242 οἶμαι
1479 205 1554 243 εῖχεν
1564 217 1570 224 ·
1586 208 1602 242 ἢ
1614 208 1645 234 τό
1663 216 1695 241 γε
1711 207 1776 241 βέλ-

980 253 1107 290 τιοιι,⁷[Ρ.
1122 254 1185 289 545]
1199 255 1222 281 εί
1238 254 1275 290 μὴ
1291 255 1453 289 διακι’ψασαι
1467 256 1513 281 τὶν
1527 254 1660 288 παράλιον
1671 254 1777 280 ἐκεῖνον

982 299 1067 325 πλοῦν
1084 300 1262 334 προύχώρουν
1286 301 1388 334 ὁμοίως
1413 301 1476 336 ἄχρι
1505 302 1555 334 τῆς
1582 301 1714 335 ἐσχατιᾶς
1729 301 1776 326 τοῦ

984 345 1120 379 πορθμοῦ,
1141 346 1194 380 ὅπη
1221 346 1322 381 δηλαδὴ
1348 347 1396 373 καὶ
1423 346 1473 381 τὰς
1502 346 1586 378 ἄλλας
1612 347 1778 381 εἰρήκειμεν

984 391 1122 424 ἵστασθαι,
1138 392 1268 420 κάκεῖθεν
1280 393 1349 426 όμοῦ
1365 394 1426 424 ταῖς
1450 393 1545 424 ἄλλαις
1562 392 1776 428 ὲπαναστρέψα-

984 447 1028 465 σαι
1044 438 1090 465 τὸν
1105 438 1239 465 ἐπίπλουν
1253 439 1282 464 ὲν
1296 439 1373 472 τάξει
1387 439 1458 466 κατὰ
1472 439 1528 465 τῶν
1546 439 1685 474 πολεμίων
1701 441 1753 464 ὲπο
1764 454 1779 459 -

982 484 1070 514 οῦν-το,
1082 485 1131 511 καὶ
1148 485 1237 517 οὕτως
1252 485 1282 512 εὖ
1299 485 1331 512 ἂν
1348 483 1428 521 οἶμαι
1446 485 1529 521 εἶχεν.
1546 486 1604 512 Νῦν
1625 486 1653 511 δὲ
1677 485 1737 511 nx
1753 485 1779 510 ἐ-

981 530 1065 566 τέραν
1080 532 1094 557 ὁ
1112 531 1218 566 δαίμων
1240 531 1342 558 ἔδωκεν
1370 532 1478 559 ἔννοιαν
1510 533 1558 560 καὶ
1577 531 1679 559 δειλίαν
1694 539 1702 547 ο
1727 532 1777 557 καὶ

141 576 311 609 μετήνεγκεν
343 575 442 611 ἀθρόον
467 576 516 602 καὶ
542 575 724 612 περιέστησεν
756 576 785 607 ἐς
808 575 966 603 τούναντίον
985 577 1035 609 τὰς
1063 578 1118 605 τῶν
1145 580 1332 615 καυχημάτων
1358 581 1406 608 καὶ
1435 580 1556 608 ἀπειλῶν
1585 580 1738 611 ἀποϐάσεις
1761 580 1778 615 ἡ

139 632 219 659 τυχη.

174 671 219 698 lIl.
238 671 306 698 Nam
331 671 412 706 862
436 677 506 704 quos
527 668 671 705 oportebat
700 670 829 703 heroiee,
857 670 932 697 sicut

139 716 336 750 promiserant,
363 725 502 752 pugnare;
523 717 544 744 ii
566 722 663 744 contra
690 717 802 751 trepidi,
821 716 930 743 nemine

140 763 303 795 obsistente,
329 764 406 790 nullo
430 771 480 790 nec
495 763 592 790 stricto
608 763 698 798 gladio
714 770 764 790 nec
781 763 888 789 vibrato
902 763 928 789 in

1020 671 1058 699 Γ.
1077 673 1142 700 Δέον
1155 673 1209 708 γὰρ
1222 674 1350 708 ἡρωϊκῶς
1366 676 1436 701 κατὰ
1449 674 1500 705 τὰς
1516 674 1685 708 ἐπαγγελίας
1701 675 1780 708 ἀγω-

984 718 1122 751 νίσασθαι,
1145 721 1169 746 οἱ
1180 720 1203 747 δ’
1231 720 1382 755 ὕπότρομοι
1407 721 1550 755 γενόμενοι
1580 721 1629 756 (8),
1659 721 1780 755 μηδενδς

984 765 1224 801 ἀντιπράττοντος,
1251 767 1320 802 μήτε
1347 768 1442 801 ξίφους
1470 768 1674 801 γυμνωθέντος,
1706 769 1779 803 μήτε

141 815 191 835 eos
213 809 277 839 telo,
294 809 366 836 versi
393 809 420 835 in
442 809 532 843 fugam
549 816 645 835 omnes
667 817 701 836 ex
722 809 852 835 tabulatis
872 809 930 836 bini

990 811 1078 842 Ξέλους
1095 811 1139 838 ἐπ’
1155 806 1258 843 αὐτοὺς
1271 812 1525 846 ἀκροϐολισθέντος,
1545 813 1662 847 ἔφευγον
1688 814 1780 840 ἃπαν-

140 855 234 881 statim
247 854 374 890 ternique
389 854 460 882 fcede
475 860 503 882 et
513 854 627 882 confuse
642 854 798 890 subjectum
813 855 840 881 in
858 862 931 882 mare

139 900 316 928 desiliebant.
345 901 384 928 Ae
408 901 426 927 ii
453 901 574 936 quidem,
603 901 650 935 qui
673 908 739 927 nare
767 901 931 934 didicerant,

139 947 254 981 abjeetis
269 947 352 974 armis
368 955 439 981 :egre
456 947 483 974 in
504 953 603 974 terram
624 946 788 974 evadebant.
805 947 932 982 Plerique

140 997 233 1020 autem
248 1000 387 1020 armorum
400 994 522 1028 pondere
538 994 776 1029 deprimebantur.
793 995 826 1022 Et
837 995 932 1022 videre

139 1044 200 1066 erat
218 1039 360 1074 (miserum
373 1047 439 1067 sane
456 1041 654 1075 spectaculum)
682 1041 708 1068 in
724 1041 829 1076 gurgite
847 1042 934 1076 palpi—

142 1089 244 1116 tantes,
268 1086 407 1113 terribiles
426 1086 487 1113 illos
501 1091 528 1113 et
544 1087 698 1121 arrogantia
712 1087 798 1114 elatos
814 1088 932 1115 bellato-

140 1138 195 1162 res,
215 1131 330 1166 piscium
346 1139 568 1168 cancroriimque
584 1133 670 1161 instar
688 1133 740 1160 sibi
758 1133 875 1161 invicem
893 1139 933 1162 te-

139 1177 439 1212 naciter-inhaerentes,
454 1185 483 1207 ut
499 1187 641 1215 emergere
660 1180 731 1207 haud
750 1185 871 1214 possent.
885 1181 932 1208 sed

139 1223 166 1250 in
186 1228 322 1257 posteram
337 1224 409 1251 diem
424 1232 438 1251 a
452 1225 559 1252 fortuna
574 1230 790 1256 reservarentur,
811 1226 933 1260 piscibus

140 1270 366 1298 convivatoribus
383 1271 441 1298 suis
456 1272 567 1306 epulum
583 1271 634 1305 ipsi
650 1271 752 1298 daturi.
771 1272 845 1299 Adeo
863 1272 933 1300 facta

141 1317 241 1352 injuria
263 1322 389 1345 auctores
411 1318 520 1352 injuria:
538 1326 572 1345 ex
596 1318 716 1346 fortibus
732 1319 856 1346 imbelles
872 1320 934 1347 red-

140 1363 181 1390 dit
197 1372 204 1390 :
218 1363 286 1391 adeo
298 1364 403 1391 heroici
419 1365 534 1398 spiritus
554 1365 607 1392 lioe
624 1364 777 1399 ipso,quod
795 1373 823 1392 se
837 1365 934 1393 adver-

140 1418 188 1438 sus
207 1409 291 1437 Deum
305 1411 496 1438 contumacius
512 1411 632 1446 erigunt,
656 1410 776 1438 infelicia
796 1411 933 1440 exsistunt

141 1457 260 1484 fortunae
274 1457 406 1484 ludibria.

984 867 1039 891 τες,
1062 858 1117 885 τῶν
1140 860 1384 894 καταστρωμάτων
1405 859 1537 895 ἐξαίφνης
1565 861 1662 887 σύνδυό
1678 870 1708 887 τε
1729 862 1781 888 καὶ

985 905 1109 941 σύντρεις
1136 905 1310 940 ἐκπηδῶντες
1336 907 1382 939 ξὺν
1402 907 1490 933 οὐδενὶ
1516 907 1612 941 κόσμῳ
1633 908 1704 934 κατὰ
1727 908 1781 943 τῆς

984 952 1169 988 ὑποκειμένης
1185 953 1321 987 θαλάττης
1333 960 1340 968 ·
1362 950 1399 980 ὧν
1417 954 1441 980 οἱ
1465 953 1516 988 μὲν
1543 954 1722 988 διανήχεσθαι
1740 956 1781 981 st-

983 999 1068 1031 δότες,
1083 1000 1226 1034 ῥίπτοντες
1240 1000 1275 1026 τὰ
1295 1000 1376 1031 ὅπλα,
1397 1000 1476 1034 μόλις
1499 1001 1527 1031 ἐς
1541 1001 1593 1034 γῆν
1609 1001 1761 1033 ἐξέπιπτον
1772 1010 1780 1018 ·

983 1045 1008 1070 οἱ
1020 1045 1049 1071 δὲ
1069 1045 1181 1077 πλείους
1201 1045 1240 1080 τῷ
1256 1045 1334 1080 βάρει
1346 1045 1402 1072 τῶν
1420 1046 1512 1073 ὅπλων
1526 1046 1701 1073 κατεδύοντο.
1720 1048 1780 1074 Καὶ

983 1089 1017 1126 ἦν
1038 1092 1102 1118 ίδεῖν
1118 1091 1208 1126 θέαμα
1234 1090 1364 1124 ἐλεεινόν,
1383 1093 1575 1128 ἀσπαίροντας
1596 1093 1626 1119 ὲν
1646 1092 1686 1127 τῷ
1703 1093 1781 1128 βυθῷ

983 1141 1046 1171 τοὺς
1073 1139 1207 1173 φοϐεροὺς
1233 1139 1282 1166 καὶ
1312 1139 1468 1174 μετεώρους
1496 1139 1619 1171 ἐκείνους
1649 1140 1780 1172 ὁπλίτας,

983 1185 1062 1220 δίκην
1076 1185 1177 1220 ἰχθύων
1196 1185 1244 1212 καὶ
1258 1185 1408 1219 καρκίνων,
1423 1185 1471 1210 καὶ
1487 1185 1611 1219 ἀλλήλων
1627 1185 1781 1220 ἐχομένους

984 1231 1071 1265 ἀπρὶξ
1093 1231 1140 1257 καὶ
1153 1230 1282 1257 ἀναδῦναι
1300 1230 1338 1265 μὴ
1359 1230 1540 1265 δυναμένους,
1562 1231 1632 1257 ἀλλὰ
1648 1240 1783 1265 ταμιευο-

986 1278 1085 1312 μένους
1097 1278 1125 1308 ὲς
1141 1277 1191 1311 τὴν
1207 1277 1356 1313 ὑστεραίαν
1375 1277 1428 1304 ὑπὸ
1443 1278 1494 1311 τῆς
1509 1279 1594 1312 τύχης
1612 1278 1781 1312 ἑστιάτορας

984 1325 1084 1355 αὐτοὺς
1100 1324 1156 1355 τοῖς
1172 1323 1279 1351 ἑαυτῶν
1293 1324 1455 1359 δαιτυμόσιν
1474 1324 1514 1359 (9)
1530 1323 1640 1350 ἔσεσθαι
1657 1323 1780 1359 ἰχθύσιν.

985 1368 1079 1400 Οὕτως
1093 1368 1242 1403 ἀνάνδρους
1257 1369 1288 1396 τὸ
1317 1369 1421 1396 ἀδικεῖν
1440 1370 1513 1396 ποιεῖ
1536 1369 1599 1401 τοὺς
1623 1370 1781 1404 ἀνδρείους,

985 1404 1032 1442 »δαὶ
1054 1415 1182 1450 παίγνιον
1203 1415 1334 1450 δυστυχὲς
1350 1415 1384 1442 τὰ
1404 1416 1515 1450 ἡρωῖκά
1531 1417 1650 1443 δεικνύει
1675 1419 1780 1452 φρονή-

987 1469 1059 1496 ματα
1074 1461 1104 1487 τὸ
1123 1459 1192 1488 Θεοῦ
1211 1460 1443 1495 κατεπαίρςσθαι.

178 1505 222 1532 ιν.
237 1504 372 1532 Nimirum
390 1505 418 1535 ii,
434 1505 497 1539 quia
513 1509 576 1531 ante
590 1512 708 1540 pugnam
724 1505 769 1532 diu
783 1510 931 1541 noctuque,

1020 1509 1057 1534 Δ¹.
1078 1507 1155 1534 Ἐπεὶ
1171 1507 1226 1542 γὰρ
1243 1507 1297 1541 πρὸ
1319 1506 1370 1541 τῆς
1395 1506 1497 1542 μάχης,
1517 1507 1628 1541 νύκτωρ
1650 1507 1698 1534 καὶ
1720 1507 1781 1541 μεθ’

142 1552 235 1585 lingua
254 1551 564 1580 contumeliosissimum
591 1552 683 1580 viduis
698 1553 864 1589 pupillisque
882 1555 934 1590 By-

144 1599 263 1627 zantinis
292 1590 398 1626 bellum
424 1598 594 1632 inferentes,
626 1601 725 1634 quovis
744 1601 822 1629 hoste
841 1603 934 1638 pejora

142 1649 380 1680 perpetraveraut,
397 1644 608 1680 tabularumque
626 1650 652 1672 et
669 1646 792 1680 palorum
811 1647 844 1674 ad
865 1649 935 1676 clas-

144 1692 182 1718 sis
200 1699 278 1718 usum
308 1692 555 1726 comparandorum
579 1692 689 1719 nomine
708 1697 778 1720 totas
792 1697 820 1720 et
839 1693 935 1721 domos

143 1744 302 1767 everterant
329 1744 357 1768 et
380 1748 447 1775 opes
469 1739 662 1774 diripuerant.
689 1747 721 1767 ac
743 1740 770 1767 in
799 1740 934 1776 ejusmodi

145 1786 314 1814 facinoribus
342 1787 456 1821 spiritus
484 1786 546 1814 illos
565 1786 677 1814 Martios
699 1787 754 1822 jam
779 1790 836 1813 tuin
861 1795 935 1814 con—

145 1837 336 1867 sumpserant;
356 1833 418 1859 ideo
435 1837 534 1867 praeter
560 1832 718 1866 opinionem
737 1831 863 1862 ﬂuctibus
878 1840 935 1859 ma-

145 1878 271 1913 rinisque
299 1878 454 1913 gurgitibus
480 1878 601 1913 absorpti
622 1878 767 1913 prmclaras
793 1878 850 1905 illic
873 1886 936 1912 spes

145 1925 238 1953 subito
254 1925 453 1960 sepeliverunt,
471 1930 554 1960 atque
568 1934 601 1952 ex
616 1927 681 1952 orbe
695 1925 747 1953 hoc
760 1926 884 1953 terrestri
907 1926 935 1952 in

146 1971 290 1998 liuniiduui
321 1975 348 1997 ct
368 1971 395 1997 in
425 1971 575 2005 profundas
599 1979 684 2005 aquas
713 1971 838 1998 translati
860 1975 935 1999 stint.

146 2017 313 2044 Delictoruni
328 2017 429 2052 quippe
449 2017 617 2044 conscientia
635 2024 795 2051 oppressam
813 2021 935 2044 mentem

146 2064 303 2094 halxcliaut.
330 2068 358 2090 et
387 2064 537 2098 pupillares
565 2063 625 2091 illas
642 2064 682 2099 (ut
700 2071 749 2098 par
766 2064 818 2096 est)
841 2071 937 2098 preces

145 2111 227 2146 863
258 2110 483 2145 iniserabilesque
514 2111 649 2146 lacryinas
675 2110 935 2138 reminiscebantur.

986 1554 1093 1589 ἡμέραν
1109 1552 1153 1580 ἀεὶ
1179 1553 1391 1588 στρατευόμενοι
1418 1551 1509 1587 πολλῷ
1528 1552 1569 1587 τῷ
1584 1552 1635 1586 τῆς
1654 1553 1781 1587 γλώττης

986 1599 1124 1635 ὑϐρίζοντι
1137 1599 1208 1626 κατὰ
1224 1598 1280 1625 τῶν
1293 1598 1452 1630 Βυζαντίων
1466 1597 1563 1632 χηρῶν
1579 1599 1628 1624 καὶ
1639 1598 1781 1632 ὀρφανῶν,

986 1647 1096 1673 πάντων
1110 1645 1249 1680 πολεμίων
1263 1644 1349 1680 ἔδρων
1363 1641 1437 1671 οὗτοι
1453 1644 1487 1670 τὰ
1500 1645 1636 1679 χείριστα,
1648 1645 1698 1672 καὶ
1710 1654 1779 1680 προ-

986 1693 1066 1726 φάσει
1084 1692 1128 1718 διὰ
1145 1692 1196 1722 τὰς
1211 1691 1277 1722 ναῦς
1291 1691 1406 1717 σανίδων
1422 1690 1471 1717 καὶ
1491 1690 1628 1716 στυπτίων
1640 1690 1703 1721 ὅλας
1718 1691 1780 1716 ἀνέ-

985 1746 1087 1772 τρεπον
1100 1737 1200 1769 οἰκίας,
1214 1737 1262 1763 καὶ
1276 1736 1341 1768 ὅλας
1357 1736 1453 1767 οὐσίας
1469 1735 1715 1771 ἠνδραποδίζοντο,
1727 1737 1780 1762 κάν

986 1786 1042 1815 τοῖς
1055 1783 1187 1815 τοιούτοις
1203 1783 1436 1818 προανηλώκεσαν
1454 1782 1502 1817 τῆς
1521 1783 1638 1818 ἀρεῐκῆς
1651 1783 1781 1816 ἀνδρείας

985 1830 1032 1856 τδν
1050 1829 1133 1863 ὄγκον
1153 1829 1266 1859 ἐκεῖνον,
1293 1828 1390 1854 ἔλαθον
1414 1827 1518 1862 κύμασι
1539 1828 1586 1854 καὶ
1616 1827 1709 1862 βυθοῖς
1733 1828 1782 1854 θα-

986 1876 1105 1906 λαττίοις
1123 1873 1170 1901 νῦν
1191 1874 1316 1900 ἐνταυθοῖ
1337 1874 1386 1905 τὰς
1400 1873 1527 1907 γενναίας
1551 1872 1689 1908 θάψαντες
1704 1873 1782 1900 ἑλπί-

986 1923 1034 1954 δας
1061 1922 1159 1956 ἀθρόον
1180 1921 1229 1948 καὶ
1258 1920 1307 1947 τοῦ
1334 1920 1522 1956 ὴπειρωτικοῦ
1553 1920 1600 1946 τὸν
1621 1921 1704 1955 ὑγρὸν
1733 1922 1781 1948 καὶ

987 1968 1155 2003 ὑποϐρύχιον
1178 1967 1362 2000 ἀλλαξάμενοι
1383 1966 1451 2001 βίον.
1473 1966 1519 2001 Τῷ
1536 1966 1589 2001 γὰρ
1606 1966 1780 2001 ἡμαρτηκότι

986 2014 1034 2041 τοῦ
1061 2013 1214 2044 συνειδότος
1247 2012 1390 2048 βρίθοντας
1416 2011 1525 2046 ἔχοντες
1544 2011 1707 2045 λογισμοὺς,
1733 2011 1785 2037 καὶ

987 2059 1262 2094 ἀναμιμνησκόμενοι
1280 2058 1400 2092 δεήσεων
1416 2057 1530 2083 ἐκείνων
1553 2056 1724 2090 ὀρφανικῶν,
1741 2056 1780 2085 ὡς

988 2106 1071 2137 ἔοικε,
1092 2106 1138 2131 καὶ
1161 2104 1288 2139 δακρύων
1300 2103 1438 2136 ἑλεεινῶν,
1455 2103 1551 2138 ὥσπερ
1577 2103 1734 2138 μεθυοὺσας
1747 2101 1782 2128 εἷ-

146 2156 331 2189 Quamobrem
353 2161 380 2183 et
396 2156 523 2183 inanibus
537 2156 570 2183 ad
588 2164 663 2183 arma
690 2156 830 2183 tractanda
857 2155 932 2190 quasi

990 2160 1035 2187 χον
1055 2151 1103 2181 τὰς
1121 2151 1216 2185 χεῖρας
1242 2149 1311 2184 πρὸς
1333 2149 1404 2176 ὅπλα
1431 2149 1482 2174 καὶ
1503 2147 1689 2183 ἀκροσφαλεῖς
1713 2148 1781 2182 πρὸς

146 2201 243 2232 ebriis.
260 2205 288 2228 et
314 2201 431 2235 pedibus
452 2201 486 2228 ad
505 2201 670 2228 movendum
686 2209 786 2235 corpus
805 2201 937 2228 vacillan-

107 2255 111 2258 ’
147 2246 223 2273 tibus
240 2247 398 2281 torpebant.
416 2246 514 2273 Animo
531 2251 621 2273 autem
638 2246 726 2274 fracto
742 2254 773 2274 ac
792 2247 938 2274 vulnerato

146 2292 217 2320 bene
248 2300 359 2327 sperare
386 2292 460 2319 haud
493 2296 619 2327 poteraut
644 2301 651 2319 :
683 2293 743 2327 ipso
770 2297 828 2320 tum
858 2294 945 2333 exitu,

146 2338 248 2370 edocti,
277 2346 338 2365 eum
355 2339 388 2366 iis
417 2339 493 2369 niliiL
508 2337 655 2372 prodei‘at,
674 2346 728 2366 non
757 2345 883 2373 oportere
908 2340 934 2366 in

147 2386 232 2413 armis
258 2385 356 2412 bonam
376 2393 451 2420 spem
468 2385 599 2412 Collocari
615 2404 623 2417 ,
650 2385 703 2412 nisi
725 2386 840 2420 aequitas
864 2385 937 2412 adsit

147 2439 210 2458 cum
243 2435 317 2458 recta
348 2431 460 2465 pietatis
474 2432 580 2458 ratione
595 2430 751 2466 conjuncta.
778 2431 843 2463 Qua:
862 2431 935 2458 enim

145 2477 218 2512 jllSlc
237 2476 307 2504 facta
323 2480 397 2507 sunt,
418 2484 450 2503 ea
474 2475 531 2503 sola
548 2475 632 2502 animi
650 2475 734 2503 robur
751 2475 858 2502 firmum
875 2483 937 2503 sus-

988 2198 1110 2232 κινήσεις
1134 2197 1198 2227 τοὺς
1225 2196 1318 2229 πόδας,
1347 2195 1394 2222 καὶ
1412 2195 1470 2230 ἃμα
1497 2194 1706 2230 τεθραυσμένην
1731 2193 1781 2228 τὴν

987 2244 1110 2271 διάνοιαν
1136 2243 1165 2274 ἐς
1184 2242 1234 2274 τὰς
1250 2242 1319 2277 πρὸς
1343 2242 1372 2268 τὸ
1392 2242 1520 2276 κρεῖττον
1537 2241 1662 2271 ἐλπίδας,
1687 2239 1781 2274 ἔργοις

989 2290 1045 2320 τοῖς
1057 2287 1210 2323 τηνικαῦτα
1225 2287 1422 2322 μανθάνοντες,
1445 2287 1490 2313 ὅτε
1510 2287 1593 2321 μηδέν
1607 2294 1701 2320 σφισιν
1717 2285 1782 2319 6-95-

989 2335 1036 2367 λος
1051 2333 1095 2370 ἦν,
1113 2334 1152 2370 μὴ
1169 2332 1239 2360 εἶναι
1255 2333 1344 2369 χρεὼν
1360 2334 1391 2359 ὲν
1414 2335 1470 2365 τοῖς
1485 2333 1579 2364 ὅπλοις
1595 2333 1644 2363 τὰς
1659 2333 1782 2367 χρηστὰς

978 2382 1100 2416 ·ἀνέχειν
1125 2380 1248 2411 ἐλπίδας.
1268 2379 1302 2414 ἢν
1319 2379 1357 2414 μὴ
1382 2381 1457 2414 παρῇ
1477 2378 1507 2405 τὸ
1523 2378 1629 2406 δίκαιον
1644 2379 1714 2412 μετά
1732 2378 1782 2411 τῆς

990 2429 1037 2455 τοῦ
1063 2427 1187 2454 εὐσεϐεῖν
1204 2427 1363 2461 εὐθύτητος.
1384 2427 1483 2458 Μόνοις
1508 2427 1564 2460 γὰρ
1577 2427 1630 2457 τοῖς
1655 2429 1705 2451 σειν
1721 2426 1783 2461 δίκῃ

991 2475 1144 2511 δρωμένοις
1161 2475 1192 2501 τι
1203 2474 1352 2509 δυνάμενον
1365 2474 1414 2508 τῆς
1430 2473 1520 2508 ψυχῆς
1535 2472 1665 2507 ἀσφαλῶς
1679 2474 1725 2507 ὲρε
1740 2472 1782 2498 δε-

822 2542 991 2572 Vai-‘iorum
1013 2547 1106 2573 noue.
1129 2556 1135 2561 κ

185 2624 225 2659 (8)
241 2622 318 2649 llaiic
346 2620 569 2659 Grmcanicarum
597 2619 707 2659 navium
736 2618 841 2659 cladem
870 2618 965 2654 mul—l

151 2653 192 2687 tisi
218 2653 301 2685 'ciiaui
329 2661 422 2684 narrat
448 2656 659 2683 Cautacuzeuus
683 2655 711 2681 il.
731 2662 792 2688 cap.
812 2653 840 2679 Η
865 2658 940 2680 extr.

151 2696 272 2722 Ducam.

187 2730 226 2764 (9)
245 2729 446 2764 Interpretatns
454 2733 527 2764 sum,
540 2725 652 2764 piscibus
663 2724 873 2764 conviuutoribiis
885 2725 940 2764 suis

152 2760 258 2799 epulum
274 2760 328 2797 ipsi
338 2761 496 2799 daturipid
507 2760 580 2799 quod
599 2760 735 2799 Gregoras
748 2760 861 2799 ipscbni
893 2760 942 2786 fal-

154 2794 207 2827 lor.
224 2794 322 2825 sensit.
349 2797 461 2825 llonieri
480 2794 665 2828 Sclioliastes,
680 2796 713 2823 ad
730 2795 804 2823 hunc
818 2794 940 2830 (Mys-ca:

152 2834 175 2866 δ,
190 2833 237 2859 6‘21
256 2841 364 2860 versum
386 2842 392 2860 :

1036 2619 1215 2652 Δαιτυμόνες
1232 2617 1257 2644 δ’
1271 2619 1302 2650 ἐς
1315 2618 1423 2652 δώματ’
1439 2618 1512 2645 ἴσω·
1521 2619 1604 2645 θείου
1616 2619 1781 2651 βασιλῆος.

994 2654 1160 2687 δαιτυμόνας
1175 2654 1371 2687 interpretatur
1383 2654 1543 2688 ἑστιάτορας
1554 2663 1560 2679 :
1571 2659 1598 2680 et
1611 2654 1665 2680 viiii
1679 2661 1783 2681 utrum-

995 2697 1048 2723 que
1063 2689 1247 2723 significandi.
1262 2689 1400 2715 convivam
1414 2697 1513 2723 nempe
1533 2694 1559 2715 et
1574 2690 1782 2721 convivatorem,

994 2726 1019 2751 ei
1037 2724 1339 2757 voeabiilocoinpelerc
1354 2726 1451 2750 docent
1467 2725 1666 2758 lexicograplii.
1678 2725 1779 2751 Tamen

995 2760 1067 2794 apud
1084 2758 1248 2794 Gregorium
1265 2759 1433 2786 Nazianzen.
1463 2765 1533 2786 orat.
1554 2760 1588 2786 58
1607 2760 1744 2794 ἑστιάτωρ
1756 2764 1782 2786 et

994 2793 1134 2827 δαιτυμὼν
1165 2798 1364 2829 opponuntur:
1395 2795 1449 2821 imo
1477 2799 1504 2821 ιιι
1533 2795 1604 2828 apud
1631 2793 1780 2828 Gregoraiu

995 2830 1098 2865 ipsum,
1115 2829 1184 2856 "ist.
1201 2829 1248 2857 lib.
1269 2837 1344 2862 xxiii,
1361 2837 1422 2866 pag.
1439 2830 1502 2862 ὅδὲ,
1514 2830 1563 2857 liii.
1589 2831 1638 2858 ult.
1656 2831 1761 2858 Doms.
