1918 3076
68 135 135 163 1153
263 134 301 165 [Α.
322 138 347 157 c.
370 131 450 166 1551]

101 193 137 218 ΓΠ
154 191 207 218 Καὶ
223 192 281 226 ἅμα
296 191 398 226 παρῆν,
416 188 437 224 ᾧ
459 192 493 218 τὰ
508 193 572 225 περὶ
590 193 620 217 τὸ
636 191 698 226 ὄρος
718 191 748 216 -ιδ
764 190 847 219 Γάνος
864 189 886 215 Δ

65 233 369 272 χιιιρία’ὲπιτέτραπται
392 237 497 264 διέπειν
514 237 708 270 πνενματικῶς
722 235 781 261 ,καὶ
802 234 847 259 τὸν

64 286 123 311 ἐκεῖ
138 285 296 318 ποιμαίνειν
316 283 515 318 ἀρχιερατικῶς
531 284 633 318 κλῆρον
656 282 703 309 καὶ
723 281 787 308 λαδν
799 280 847 306 τοῦ

65 330 145 361 Θεοῦ,
161 329 258 356 πολιὰν
275 329 323 364 μὲν
339 329 510 362 ἐπαγόμενος
522 329 614 363 τρίχα,
631 327 723 354 πολιὸν
740 326 767 352 δὲ
781 325 848 360 φρό-

65 384 140 410 νημα
152 384 159 391 ·
175 375 221 401 καὶ
236 376 298 401 ὅσον
316 375 361 401 τὸν
384 375 436 406 ἔξω
451 374 612 408 φαινόμενον
631 373 774 407 ἄνθρωπον
791 368 848 404 εἶχε

66 421 257 456 ξυντετηκότα,
272 421 398 447 τοσοῦτον
414 420 546 447 ἀνθοῦντα
560 421 606 446 τὸν
624 419 661 454 μὴ
674 418 846 453 φαινόμενον.

70 466 232 500 ’Υπερόριος
251 467 305 500 γὰρ
321 466 370 500 τῆς
383 465 549 499 ἐπισκοπῆς,
566 464 610 491 διὰ
623 464 653 490 τὸ
665 463 753 498 μισεῖν
768 469 850 495 πονη-

67 514 122 548 ρῶν
134 512 282 546 ἐκκλησίας
310 512 357 538 καὶ
386 511 487 546 λοιμῶν
515 511 668 543 ξυναυλίας,
695 510 727 535 ὲκ
751 507 848 535 πολλοῦ

66 557 197 591 γεγονὼς,
210 558 285 593 πάσῃ
299 557 352 583 τῶν
370 556 528 590 ἀναγκαίων
546 555 700 589 αὐθαιρέτῳ
718 562 849 588 στενοχω-

68 604 114 638 ρίᾳ
135 603 263 635 δαπανῶν
276 602 391 629 διετέλει
405 603 453 637 τὴν
470 601 566 629 ἑαυτοῦ
579 601 663 636 ζωήν.

102 694 139 720 Δ¹.
153 693 212 719 Τῶν
229 700 261 726 γε
279 691 332 726 μὴν
359 691 461 725 ἑτέρων
488 690 649 716 ἐπισκόπων
663 689 720 715 ὅσοι
732 689 777 715 τὸν
793 689 849 715 ἴσον

67 739 151 774 ᾔεσαν
167 738 248 773 ζῆλον
262 739 309 764 καὶ
323 737 423 772 τρόπον
439 737 484 773 [Ρ.
510 736 575 773 562]
589 736 676 764 οὐδενί
697 745 729 769 γε
748 737 774 767 ἐς
791 737 850 763 τόδε

69 785 272 819 ξυμπέπτωκεν
279 783 458 818 ἐλλελεῖφθαι.
468 784 534 814 Ταῖς
541 784 594 818 γὰρ
610 784 684 816 σφῶν
692 783 851 817 ἐκκλησίαις

68 829 341 864 παρεισ¹ροαρὲντων,
359 829 452 855 ὁπόσοι
471 828 588 863 ἀγύρται
604 829 651 855 καὶ
668 828 850 862 βαναυσώδεις

70 876 118 902 καὶ
130 875 225 909 ἄνδρες
236 875 367 909 ἄντικρυς
379 874 514 909 αἱμάτων,
523 874 575 907 ἔξω
589 875 684 909 στῆναι
695 874 852 909 πέπρακται

70 921 140 954 σφᾶς
166 920 337 955 προμηθείας
355 920 463 954 ἁπάσης
488 919 528 950 ὡς
551 916 729 955 πορρωτάτω.
754 917 804 946 1Ὧν
820 919 851 954 δή

69 975 121 992 που
146 966 180 992 τὰ
202 965 327 999 σώματα,
353 965 391 1000 μὴ
417 965 622 1000 ἐγκαρτερῆσαι
636 966 668 1000 τῇ
684 965 781 991 σπάνει
797 964 852 990 τῶν

68 1011 226 1045 ἀναγκαίων
243 1010 484 1049 δὶόυνημέναικαὶ
501 1011 564 1036 ὅσαι
580 1010 667 1045 ταύτῃ
684 1010 852 1046 δυσπραγίαι

48 1070 51 1076 ν
69 1057 197 1094 καθάπερ
211 1056 343 1090 ὁμοφυεῖς
362 1064 435 1088 τινες
458 1056 539 1091 τύχαι
561 1057 609 1083 καὶ
624 1057 707 1091 κῆρες
730 1057 852 1089 ἕπονται,

69 1104 161 1136 πάσης
186 1102 371 1136 σκληρότητος
393 1102 489 1136 ἐφόδια
509 1102 643 1137 λαμπρῶς
661 1103 852 1137 ἐφελκόμεναι,

68 1148 117 1174 καὶ
133 1147 189 1174 ἀλλ’
212 1147 255 1173 ἐπ’
271 1147 362 1179 ἄλλοις
378 1147 523 1174 ἀντλοῢσαι
547 1148 646 1180 κακίας
664 1148 790 1182 πολυειδῆ
807 1149 853 1175 καὶ

71 1193 228 1228 πολύτροπα
247 1192 336 1226 ῥόθια,
362 1191 430 1226 πρὸς
457 1192 507 1224 τὰς
526 1192 652 1224 αἰωνίους
679 1193 786 1224 ἐκείνας
808 1194 853 1220 καὶ

70 1239 210 1273 μακαρίας
227 1237 328 1272 σκηνὰς
343 1237 563 1272 μετῳκίσθησαν.
589 1238 683 1272 Παρῆν
699 1237 721 1264 δ’
734 1235 779 1264 οὖν
793 1239 854 1265 ἀντὶ

71 1285 177 1310 πολλῶν
193 1285 248 1310 κάκ
262 1283 313 1318 τῆς
334 1283 500 1318 Ἀντιοχείας
516 1283 650 1318 ἐπαρχίας
661 1285 674 1310 ὁ
691 1283 779 1319 Τύρου
794 1285 854 1310 ἐπί-

71 1339 174 1361 σκοπος
185 1338 192 1346 ·
209 1330 278 1365 ἀνὴρ
293 1330 402 1360 συνετὸς
418 1331 465 1356 καὶ
477 1329 560 1356 πολὺν
575 1332 607 1356 ὲκ
624 1330 731 1364 φύσεως
744 1331 852 1365 τρέφων

69 1377 115 1402 τὸν
127 1378 155 1408 ἐς
169 1377 202 1402 τὰ
215 1377 307 1402 δίκαια
319 1375 411 1409 ζῆλον,
425 1376 494 1402 κάπὶ
505 1375 559 1403 τῶν
572 1376 622 1410 τῆς
633 1377 771 1408 εὐσεϐείας
786 1385 854 1412 κρη-

70 1422 156 1448 πίδων
173 1422 246 1456 μάλα
261 1421 374 1456 ἀκλινὴς
396 1421 478 1453 αὑτός
489 1429 519 1447 τε
538 1422 681 1456 ἱστάμενος
697 1423 742 1448 καὶ
757 1422 853 1454 ἄλλους

70 1465 265 1502 ἐπιρρωννύειν
288 1466 326 1492 ὢν
351 1467 453 1497 ἱκανός.
469 1463 553 1496 Οὗτος
576 1467 605 1492 ὲν
628 1468 717 1501 χεροῖν
729 1467 798 1502 ἔχων
819 1467 853 1494 τὰ

72 1513 156 1539 πάλαι
177 1515 216 1547 τῷ
241 1513 289 1548 τὴν
310 1513 475 1547 Ἀντιόχειαν
501 1513 710 1548 πατριαρχικῶς
735 1514 852 1540 διέποντι

69 1558 201 1592 γεγονότα
215 1558 380 1596 ψηφίσματα
402 1559 450 1584 καὶ
474 1559 626 1593 γράμματα
649 1559 719 1585 κατὰ
742 1559 790 1594 τῆς
805 1558 852 1585 τοῦ

73 1605 190 1639 Ιίαλαμιί
203 1605 373 1638 δυσσεϐείας,
387 1605 433 1631 καὶ
449 1605 507 1638 ἅμα
524 1605 577 1631 ἀπὸ
590 1605 722 1639 στόματος
738 1605 786 1639 ἤδη
805 1605 852 1640 τὴν

70 1651 176 1677 ἐκείνου
200 1652 344 1685 κηρύττων
362 1650 476 1685 γνώμην
494 1652 539 1677 καὶ
559 1651 679 1685 θέλησιν,
700 1651 851 1687 αὐθαιρέτῳ

72 1698 120 1723 καὶ
136 1697 216 1728 αὐτὸς
230 1697 373 1731 ἠκολούθει
391 1697 521 1732 προθέσει
535 1697 624 1732 ψυχῆς
637 1698 692 1729 τοῖς
705 1697 787 1728 θείοις
808 1698 855 1724 ἀν-

70 1742 178 1777 δράσιν,
199 1742 246 1774 οὓς
268 1744 298 1775 ἐξ
318 1743 432 1777 ἑωθινῆς
459 1743 526 1777 πρὸς
547 1743 596 1777 τὴν
613 1744 750 1778 ἡμετέραν
764 1744 853 1770 οἰκίαν

71 1787 193 1822 ἑφθημεν
208 1789 347 1824 εἰρηκότες
360 1789 392 1815 se
398 1789 546 1822 ροίζεσθαι.

107 1835 145 1862 Ε’.
176 1835 315 1870 Συνῄεσαν
328 1835 356 1861 δὲ
375 1835 423 1862 καὶ
442 1836 496 1861 τῶν
514 1834 666 1868 ἐλλογίμων
686 1834 791 1869 ἀνδρῶν
807 1835 854 1860 καὶ

72 1881 163 1915 σοφῶν
180 1881 229 1907 οὐκ
244 1880 341 1914 ὀλίγοι,
358 1881 546 1915 πεφραγμένοι
568 1880 658 1911 καλῶς
678 1881 733 1911 τοῖς
753 1881 785 1907 ἑκ
801 1881 854 1906 τῶν

74 1926 155 1952 θείων
173 1927 267 1957 ὅπλοις
284 1926 402 1961 Γραφῶν
430 1928 484 1951 κάκ
509 1926 565 1951 τῶν
584 1925 757 1961 φαινομένων
780 1925 854 1960 ὴῠῶν

73 1972 154 2003 εὐθὺς
171 1971 276 2006 οὖδαμῆ
293 1973 354 2003 τοὺς
370 1971 440 2006 ὑπὲρ
453 1971 592 2002 εὺσεῦείας
605 1970 789 2006 καπηλεύσειν
802 1973 856 1997 ἑοι-

76 2019 154 2049 κότες
166 2019 284 2052 ἀγῶνας·
300 2018 391 2050 Δεξιὸς
406 2027 447 2050 τε,
458 2018 487 2049 ὃς
497 2018 567 2053 λόγῳ
582 2019 629 2044 καὶ
642 2019 725 2053 ἀρετῇ
739 2019 784 2045 τὸν
798 2019 855 2054 βίον

73 2065 117 2090 ἀεὶ
132 2065 242 2099 κοσμῶν
261 2065 344 2097 ἔδειξε
363 2064 410 2090 καὶ
436 2063 484 2090 νῦν
509 2065 537 2090 ὲν
553 2065 610 2094 τοῖς
628 2064 697 2098 ὑπὲρ
716 2064 854 2096 εὺσεὸείας

72 2111 176 2144 ἀγῶσιν
202 2110 307 2145 οὐδαμῆ
331 2110 502 2145 ψευδομένην
519 2109 589 2144 ἔχων
605 2110 655 2145 τὴν
682 2110 790 2144 κλῆσιν,
810 2111 856 2136 καὶ

72 2157 132 2191 ἅμα
156 2157 323 2189 Ἀὑανάσιος,
340 2155 489 2187 ἀθανασίας
513 2155 628 2190 πλήρεις
644 2155 713 2190 ἔχων
733 2157 796 2187 τοὺς
810 2155 855 2181 λο-

73 2211 213 2236 γισμουςν

111 2298 156 2330 (τ’.
173 2299 234 2324 Ἐπὶ
247 2297 349 2328 τούτοις
367 2299 415 2324 καὶ
430 2297 443 2323 ὁ
459 2297 513 2325 τῶν
527 2296 601 2332 ἐμῶν
614 2296 700 2332 εἰσῄει
713 2296 793 2332 χορὸς
807 2304 859 2330 μα-

74 2345 175 2378 θητῶν,
191 2345 236 2370 καὶ
250 2344 348 2374 οἵτινες
364 2343 404 2369 ἔτι
421 2343 513 2377 σφίσ,ν
528 2342 690 2377 ὲφοίτησαν,
710 2342 756 2368 τὸν
773 2341 858 2367 αὑτὸν

73 2389 270 2423 ἀγωνιούμενοι
286 2388 324 2422 τῷ
338 2388 491 2422 διδασκάλῳ
518 2388 629 2422 δρόμον.
659 2383 710 2412 Ὧν
733 2386 764 2412 τὺ
790 2385 858 2420 πρὸς

73 2437 136 2465 τοὺς
155 2435 224 2468 ὑπὲρ
235 2433 378 2464 εύσεὸείας
394 2433 533 2464 κινδύνους
548 2433 692 2467 πρύουμόν
707 2441 737 2458 τε
754 2432 800 2458 καὶ
814 2433 859 2458 εὑ-

75 2482 153 2515 γενὲς
167 2481 213 2506 καὶ
233 2479 281 2515 τὴν
294 2480 453 2514 ἔμπρακτον
468 2480 645 2513 εὐδοκίμησιν
659 2479 759 2509 ἱκανῶς
777 2478 859 2504 δεδει-

75 2530 152 2564 χέναι
169 2528 240 2554 δοκῶ
255 2536 300 2561 μοι
316 2527 378 2557 τοὺς
394 2528 423 2552 ἐν
448 2526 544 2560 ἐκείνῳ
560 2526 599 2561 τῷ
618 2525 781 2560 μαρτυρικῷ
795 2533 858 2551 στα-

74 2576 124 2608 δίῳ
145 2574 304 2609 περιφανεῖς
320 2572 428 2606 ἀγῶνας
448 2572 495 2597 καὶ
520 2572 555 2597 τὰ
580 2571 859 2606 ἑπιπαρῤησιασμένα

75 2621 123 2654 τῆς
140 2620 263 2654 γλώττης
280 2619 366 2652 σεμνὰ
381 2617 571 2651 παλαίσματα.

109 2692 148 2738 2'.
170 2708 225 2735 Καὶ
241 2707 284 2734 τνα
300 2707 363 2738 τοὺς
383 2706 479 2736 ἄλλους
494 2705 576 2739 ἐάσω,
590 2704 637 2737 οὓς
651 2703 728 2731 οὔπω
747 2704 795 2731 καὶ
811 2705 860 2738 τή-

75 2764 160 2790 μερον
174 2755 202 2786 ἐς
219 2754 281 2788 ὄψιν
300 2754 367 2780 that
389 2752 578 2787 περιειστήκει
600 2759 657 2785 μοι,
682 2750 860 2785 παμπόλλους

75 2811 104 2828 τε
124 2802 204 2832 ὄντας
237 2801 280 2826 καὶ
307 2800 409 2830 πάντας
431 2797 558 2831 ἀλλήλοις
578 2797 785 2831 ἁμιλλωμένους
812 2795 860 2829 τὴν

76 2849 176 2881 ἀρετὴν
192 2848 238 2874 καὶ
249 2848 294 2872 τὶν
313 2846 378 2880 βίον,
397 2845 442 2871 καὶ
456 2844 504 2877 τῆς
519 2843 594 2871 ἔνδον
611 2844 680 2870 κατὰ
694 2843 760 2869 θεὸν
779 2841 861 2874 ἀγαλ-

565 131 786 162 BYZANTINrE
799 127 989 159 IllSTOl’tHE
1004 126 1073 155 LIB.
1091 123 1199 154 XVl’ll.

1241 122 1305 155 [una
1325 127 1347 146 ι.
1367 124 1512 155 omnem.
1536 118 1562 151 5]

1630 149 1646 162 δ

937 184 982 210 lll.
995 183 1095 210 Aderat
1108 182 1189 208 simul
1204 181 1236 211 is,
1253 181 1297 207 ctti
1311 178 1460 212 spiritualis
1486 174 1686 202 administratio

902 230 1025 257 locorum
1044 230 1120 255 Gauo
1142 228 1226 254 ntonti
1245 225 1495 259 cireumjeetornnt,
1525 222 1646 255 clerique
1659 226 1687 247 et
1711 237 1716 240 -

901 276 994 311 populi
1015 274 1164 302 Christiani
1189 281 1254 300 cura
1282 271 1424 306 pastoralis
1452 276 1514 296 cunt
1538 267 1686 302 pontiIiCaIi

902 322 1068 349 auctoritate
1083 320 1228 348 commissa
1246 318 1314 346 fuit:
1342 317 1395 349 vir,
1415 321 1445 343 ut
1472 314 1550 342 Senili
1575 313 1685 341 canitie.

902 367 938 394 ita
953 371 980 393 et
995 365 1073 393 senili
1091 364 1252 399 prudentia;
1266 363 1292 389 in
1307 370 1360 396 quo
1370 365 1501 396 quantum
1516 359 1598 385 homo
1612 361 1687 384 exte-

902 413 959 439 rior
973 417 1001 439 et
1017 411 1104 438 oculis
1121 410 1262 444 subjectus
1277 416 1306 435 se
1320 410 1407 442 ipsum
1423 407 1616 434 uinearavcrat,
1629 408 1688 429 tan-

904 463 960 485 tum
976 458 1092 485 interior
1106 462 1134 484 et
1147 456 1235 483 latens
1251 453 1417 488 vigescebat.
1448 450 1554 484 Quippe
1581 448 1689 482 episeo-

903 508 969 539 patu
998 503 1163 539 jampridem
1189 502 1294 537 ejectus
1320 499 1355 526 ob
1373 506 1431 525 cam
1460 495 1542 531 893
1566 501 1688 521 causam.

903 551 966 585 quia
995 549 1127 576 malorum
1145 547 1262 575 concilia
1284 549 1312 572 et
1329 543 1514 579 pestilentium
1545 539 1689 568 cathedras

902 596 1016 628 odisset,
1031 595 1104 621 otuni
1129 601 1220 620 rerum
1246 590 1464 618 necessariarum
1491 587 1602 622 penuria
1621 586 1689 612 allii-

901 645 965 668 ctus
980 640 1062 667 vitam
1080 645 1157 666 suam
1173 637 1273 665 sensim
1289 635 1477 663 consumebat.

941 686 986 713 ιν.
1003 685 1081 718 Quod
1096 684 1129 711 ad
1145 690 1258 711 caeteros
1277 683 1419 717 episcopos
1435 680 1543 711 attinet,
1556 678 1601 713 qui
1614 684 1690 704 eum-

904 733 966 760 dem
985 733 1074 759 zelum
1101 735 1129 758 et
1145 737 1249 757 morem
1280 728 1356 763 sequi
1382 727 1566 756 instituerant,
1593 731 1688 751 eorum

904 777 995 805 nullus
1021 781 1161 811 superstes
1186 775 1219 802 ad
1249 774 1303 801 hoc
1331 780 1416 807 usque
1449 776 1555 805 tempus
1580 768 1689 796 mansit.

903 824 972 851 Nam
991 830 1053 850 cum
1068 823 1096 849 in
1123 828 1219 854 eorum
1245 819 1374 847 ecclesias
1397 816 1644 844 circumforaneum
1663 819 1690 838 et

869 863 889 892 Β
906 869 1040 896 illiberale
1057 868 1198 895 hominum
1209 873 1297 901 genus
1309 872 1339 891 ac
1349 863 1443 897 reipsa
1462 861 1511 888 viri
1527 858 1688 894 sanguinem

902 913 1168 950 irrepsissent,‘ltinc
1182 912 1282 949 factum
1305 914 1357 942 est,
1385 913 1414 935 ut
1429 907 1468 934 illi
1483 904 1640 950 longissime
1656 903 1690 929 ab

902 949 976 988 omni
993 961 1120 987 humana:
1135 956 1312 993 providentiae
1327 962 1379 989 ope
1391 953 1594 987 ablegarentur.
1619 949 1690 982 Quo-

903 1014 964 1034 rum
979 1012 1104 1040 corpora,
1120 1011 1182 1031 cum
1196 1003 1313 1029 tolerare
1325 1008 1377 1036 ιιοιι
1397 1001 1507 1033 ροεεοιιι
1537 1003 1628 1022 rerum
1643 1001 1690 1020 ne-

904 1053 1086 1079 cessariarum
1110 1050 1231 1084 inopiam
1261 1055 1293 1074 ae
1321 1050 1434 1073 caeteras
1464 1042 1600 1072 miserias,
1630 1047 1690 1074 quae

903 1104 962 1124 eam
984 1097 1060 1123 velut
1073 1086 1186 1129 cogitata
1202 1093 1327 1129 quaedam
1355 1092 1409 1118 fata
1430 1096 1458 1117 et
1475 1087 1623 1116 infortunia
1645 1093 1691 1112 co-

903 1143 1042 1174 mitantes,
1067 1147 1148 1168 omne
1161 1138 1330 1167 austeritatis
1356 1138 1567 1164 instrumentum
1597 1140 1690 1159 secum

905 1188 1028 1219 trahunt,
1059 1191 1087 1214 et
1111 1186 1180 1213 alios
1211 1193 1245 1212 cx
1271 1184 1333 1211 aliis
1358 1182 1491 1210 malorum
1516 1179 1691 1214 omnigenum

903 1235 1003 1263 ﬂuctus
1017 1225 1249 1268 snperingcrunt,‘
1263 1230 1296 1258 ad
1310 1229 1491 1264 sempiternas
1501 1227 1560 1254 illas
1588 1229 1616 1252 et
1631 1225 1690 1250 bea-

903 1285 944 1308 tas
963 1280 1043 1307 sedes
1057 1279 1219 1314 migravere.
1242 1277 1344 1304 Aderat
1360 1280 1450 1302 tamen
1467 1281 1538 1300 unus
1554 1279 1605 1306 pro
1623 1271 1691 1298 ntul-

904 1328 938 1355 tis
952 1335 984 1354 ex
996 1326 1166 1353 Antiocltena
1190 1323 1340 1359 provincia,
1369 1321 1514 1355 episcopus
1541 1317 1619 1352 Tyri,
1652 1317 1692 1342 rir

903 1372 1066 1406 intelligens,
1076 1371 1122 1405 qui
1139 1370 1248 1398 insitum
1257 1373 1377 1400 a_natura
1390 1373 1511 1393 amorem
1520 1363 1583 1398 justi
1594 1361 1692 1388 arden-

905 1417 1136 1445 tissimumanitno
1151 1415 1245 1447 aleret,
1261 1422 1293 1441 ac
1310 1414 1336 1440 in
1352 1420 1422 1440 vera:
1431 1410 1493 1438 fidei
1509 1407 1693 1436 fundamentis

905 1471 966 1491 cum
979 1464 1038 1499 ipse
1056 1464 1184 1490 immotus
1202 1464 1346 1496 perstaret,
1361 1465 1416 1487 tum
1431 1459 1500 1486 alios
1515 1462 1607 1492 posSet
1624 1464 1692 1484 con-

905 1511 1023 1538 firmare.
1046 1509 1095 1537 llic
1110 1517 1164 1544 pra:
1178 1508 1305 1535 manibus
1333 1507 1435 1534 habens
1457 1509 1548 1532 Vetera
1577 1508 1692 1538 patrar-

903 1557 961 1583 cbte
973 1555 1137 1583 Antiocheni
1151 1554 1271 1585 decreta,
1287 1558 1312 1580 et
1328 1553 1435 1580 litteras
1463 1551 1497 1578 ab
1514 1558 1547 1578 co
1560 1551 1693 1577 adversus

903 1600 1019 1629 Palama:
1030 1599 1197 1636 itupiétatcm
1213 1600 1339 1634 scriptas,
1353 1606 1404 1625 nec
1415 1606 1469 1625 non
1483 1598 1605 1633 ejusdem
1627 1605 1691 1624 scn-

905 1649 1015 1675 tentiam
1030 1655 1061 1674 ac
1072 1647 1240 1673 voluntatem
1260 1646 1322 1672 viva
1339 1652 1406 1671 voce
1433 1644 1610 1675 annuntians,
1634 1645 1692 1677 ipse

903 1700 1012 1728 quoque
1029 1693 1101 1720 ultro
1131 1692 1298 1726 sequebatur
1326 1692 1398 1718 viros
1412 1690 1475 1718 illos
1494 1690 1691 1722 sanctissimos,
1734 1695 1737 1698 ‘

904 1747 973 1774 quos
1000 1746 1079 1766 tuatte
1108 1738 1142 1765 ad
1174 1742 1294 1765 nostram
1323 1737 1436 1764 dontum
1463 1735 1626 1764 conﬂuxisse
1651 1736 1692 1763 di-

904 1783 1004 1810 ximus.

943 1829 974 1856 V.
989 1828 1148 1855 Convenere
1167 1827 1250 1854 etiam
1267 1827 1393 1855 homines
1407 1828 1532 1854 doctrina
1555 1833 1582 1855 ct
1602 1828 1691 1855 crudi-

905 1874 980 1902 tione
995 1874 1117 1909 insignes
1134 1881 1189 1900 non
1213 1874 1304 1908 pauci,
1336 1875 1422 1901 sacris
1444 1874 1594 1908 Scripturis
1617 1875 1691 1901 velut

904 1923 1044 1947 armatura
1062 1919 1181 1954 quadam
1196 1919 1303 1954 egregia
1320 1919 1460 1950 instructi,
1475 1919 1559 1955 894,
1571 1919 1616 1954 qui
1633 1919 1692 1953 ipso

905 1966 996 1994 statim
1018 1965 1112 1992 habitu
1126 1965 1237 1992 minime
1252 1965 1415 1992 videbantur
1432 1966 1458 1991 in
1476 1965 1538 1992 lidei
1560 1965 1693 1992 orthodo-

905 2020 945 2040 xae
973 2012 1132 2039 delensione
1160 2012 1243 2038 ullatn
1260 2011 1382 2038 fraudetn
1400 2010 1545 2038 adtnissuri
1562 2020 1569 2044 ;
1595 2019 1692 2046 nempe

905 2059 1016 2088 Dexius.
1050 2058 1097 2092 qni
1131 2057 1286 2084 litterarum
1310 2063 1339 2085 et
1371 2058 1479 2084 virtutis
1506 2058 1584 2087 laude
1613 2063 1691 2084 antea

905 2104 1014 2138 quidem
1040 2110 1148 2137 semper
1176 2103 1289 2130 illustris
1314 2102 1381 2135 fuit;
1418 2107 1445 2129 at
1473 2103 1499 2129 in
1529 2103 1602 2129 hisce
1631 2103 1693 2129 reli-

907 2149 995 2183 gionis
1009 2148 1204 2175 certaminibus
1218 2155 1312 2175 verum
1327 2155 1388 2175 esse
1402 2155 1481 2175 suunt
1493 2144 1593 2175 nomen
1602 2153 1694 2175 osten-

907 2193 957 2221 dit.
973 2193 1039 2220 item
1055 2193 1229 2224 Athanasius,
1243 2197 1318 2220 totus
1329 2200 1359 2220 re
1382 2193 1439 2228 ipsa
1462 2193 1490 2220 itt
1516 2193 1692 2221 meditatione

909 2239 1129 2267 immortalitatis.

945 2291 989 2319 Vl.
1004 2291 1117 2318 Subibat
1130 2291 1335 2318 deindecltorus
1345 2291 1543 2326 discipulorum
1558 2300 1692 2323 meorum.

909 2341 937 2364 ct
952 2342 1086 2371 quotquot
1096 2341 1226 2371 praeterea
1242 2337 1357 2364 istorum
1372 2338 1496 2372 discipuli
1516 2343 1603 2370 erant,
1621 2338 1693 2366 idem

909 2389 971 2409 cum
987 2382 1118 2417 magistro
1135 2382 1253 2409 stadium
1270 2383 1423 2410 decursuri.
1439 2384 1560 2416 Quorum
1571 2385 1693 2411 animum

910 2429 938 2454 in
952 2428 1103 2455 subeundis
1112 2435 1161 2463 pro
1177 2428 1309 2463 religione
1337 2429 1466 2464 periculis
1486 2435 1642 2465 promptutn
1663 2439 1695 2457 ae

910 2480 1083 2508 generosum,
1099 2477 1128 2500 et
1141 2473 1282 2500 efficacem
1311 2481 1375 2502 vere
1404 2475 1544 2507 virtutem,
1565 2475 1631 2502 satis
1653 2476 1695 2510 (ut

909 2520 974 2546 mihi
988 2519 1105 2553 videtur)
1115 2519 1288 2546 declararunt
1299 2520 1434 2554 praeclarae
1459 2521 1508 2548 illa:
1521 2521 1694 2553 luetationcs.

909 2565 1010 2600 quibus
1025 2573 1055 2592 se
1069 2565 1096 2591 in
1106 2564 1227 2600 martyrii
1247 2565 1372 2600 palaestra
1388 2571 1582 2598 exercuerunt,
1596 2572 1623 2593 et
1647 2567 1695 2594 lto-

911 2617 987 2638 uesta
1011 2611 1110 2647 linguae
1123 2612 1274 2639 certamina
1294 2611 1330 2638 ab
1345 2612 1379 2639 iis
1395 2612 1512 2647 ingenue
1525 2618 1552 2640 et
1564 2613 1694 2641 audacter

910 2662 1046 2692 suscepta.

946 2703 1003 2731 Vll.
1020 2702 1123 2730 Omitto
1143 2703 1213 2731 alios
1242 2711 1323 2738 quam
1351 2704 1494 2739 plurimos,
1522 2712 1590 2740 quos
1609 2713 1695 2740 usque

911 2747 944 2775 ad
956 2748 1026 2775 ltanc
1045 2748 1117 2775 diem
1134 2756 1169 2775 ne
1181 2748 1274 2776 videre
1284 2749 1394 2783 quidem
1410 2749 1476 2776 milii
1490 2750 1603 2784 contigit
1616 2759 1623 2777 :
1636 2757 1695 2777 om-

911 2800 961 2820 nes
973 2793 1096 2828 cjusdem
1109 2793 1221 2820 virtutis
1232 2793 1411 2828 ejusdemque
1425 2794 1543 2821 instituti
1558 2795 1672 2823 annulus
1687 2805 1694 2823 :

912 2847 1007 2868 omnes
1023 2839 1182 2873 impressam
1200 2839 1291 2868 animo
1309 2840 1381 2875 piam
1395 2840 1557 2869 sententiam
1588 2848 1694 2869 morum
