1918 3076
160 54 173 62 κ

149 106 218 137 Η59
292 104 329 138 Ia.
353 111 379 131 ιι.
397 105 476 137 ύ8ὺ9,
499 112 551 131 mo.
572 105 599 141 4]

725 107 932 138 NICEPHORI
949 109 1141 139 GREGORE

1277 108 1342 144 [mra
1363 116 1384 134 ι.
1405 114 1547 135 οΑκτΔουι.
1565 106 1594 143 5]

1687 108 1755 140 1160

142 170 182 193 se,
199 167 341 196 antequam
360 169 409 188 nos
423 161 639 193 introducemur,
654 162 791 196 quomodo
803 170 846 193 ea,
865 170 926 196 quae

981 172 1028 194 νοι,
1043 164 1109 198 πρὶν
1131 164 1203 198 ἡμᾶς
1219 164 1344 193 εἰσιέναι,
1359 163 1392 189 τὰ
1408 163 1491 189 πάλαι
1505 162 1634 193 πολλάκις
1647 162 1758 198 μελετη-

142 208 303 244 jampriJem
337 208 427 234 animo
448 207 644 234 meditarentur
671 212 698 234 et
719 207 864 234 adversum
881 215 928 234 nos

143 257 289 285 struerem,
302 253 391 280 oblata
407 253 514 279 tandem
528 254 682 284 occasione,
713 253 792 280 facile
818 254 851 280 ad
871 254 929 279 exi~

144 306 200 327 lum
214 299 373 349 perducturi
385 304 493 332 essent;
510 299 546 326 ita
561 304 590 326 ut
619 308 681 326 mox
693 300 802 327 aﬂuturi
823 300 930 326 audito-

144 354 187 373 rcs
201 345 254 372 non
275 345 468 380 intelligerent,
484 345 577 372 dolum
594 353 656 371 eum
672 353 731 371 esse
742 345 835 372 multis
848 345 928 372 annis

143 391 306 418 fabricatum
329 395 357 418 et
379 391 526 418 artiﬁciose
547 391 740 425 compositum.
764 391 884 418 Tandem
901 395 930 418 et

144 445 194 464 nos
229 445 348 472 quoque,
375 444 390 463 a
411 436 574 469 ianitoribus
603 437 701 467 vocati,
742 437 927 463 introitimus.

144 483 212 510 Tum
230 484 319 509 statim
333 482 480 516 imperator
489 482 641 516 appositum
658 481 834 517 Evangelium
852 481 929 508 brevi

144 529 303 556 ruderatione
315 532 477 563 prosecutus
486 532 538 559 est,
560 528 639 555 nobis
654 528 783 555 videlicet
799 534 831 554 ea
846 535 929 562 opera

144 574 343 601 satislactltrns.
356 573 423 600 Nam
439 578 467 600 ul
479 573 644 600 sacrosancti
657 574 726 601 sexti
745 573 854 601 concilii
884 580 930 607 ge-

144 619 246 646 neralis
260 624 318 646 acta
332 619 540 650 exhiberentur,
555 623 636 654 prout
651 623 761 645 cautum
776 622 848 645 esset
863 625 930 645 con-

145 665 286 692 stitutione
296 665 427 699 principis
443 664 490 691 illo
507 668 630 698 tempore
654 664 824 698 imperantis,
852 667 880 690 et
900 668 930 690 ut

145 718 217 737 nunc
229 718 337 744 quoque
351 710 531 745 praesentibus
556 709 635 737 nobis
665 710 817 744 iuraretur,
845 709 928 736 etiam

145 762 226 790 atque
241 757 321 783 etiam
339 757 518 790 petieramus.
546 755 651 782 Deinde
668 760 697 782 et
727 755 784 789 ipse
802 755 883 788 sedit,
902 759 930 781 et

145 810 194 828 nus
210 803 292 829 etiam
312 802 392 828 simul
411 809 473 828 eum
491 801 552 828 aliis
562 800 658 827 Sedere
671 801 763 835 ju55it.
781 800 793 834 1

980 208 1059 234 θέντα
1074 216 1104 233 τε
1119 208 1166 234 καὶ
1178 207 1396 233 συσκευασθέντα
1411 207 1583 242 βουλεύματα
1595 207 1655 233 καθ’
1668 207 1756 242 ἡμῶν,

979 254 1038 285 πῶς
1053 254 1086 280 ἂν
1105 254 1150 279 ἐπὶ
1166 252 1262 288 καιροῦ
1275 253 1322 279 νῦν
1342 254 1381 283 εἰς
1399 254 1486 287 πέρας
1501 254 1578 286 ἄγειν
1604 254 1647 287 εἴη
1666 254 1759 284 αὐτοῖς

979 300 1099 330 εὐπετῶς
1111 309 1138 325 τε
1153 301 1199 326 καὶ
1209 300 1246 331 ὡς
1259 300 1292 327 ἂν
1304 302 1358 331 τοῖς
1375 300 1507 334 παροῦσιν
1519 301 1668 334 ἀκροαταῖς
1680 301 1760 333 ἀγνο-
1778 331 1784 332 γ

979 345 1073 380 ηθείη,
1089 345 1204 372 λαθόντα
1225 345 1270 372 ὅτι⁴
1282 347 1329 379 ξὺν
1346 347 1414 381 δόλῳ
1440 346 1596 381 πέπρακταί
1612 355 1641 372 τε
1656 347 1704 372 καὶ
1718 347 1760 372 δε-

978 392 1219 427 δραματοὺργηται
1234 392 1369 419 πολυετεῖ.
1386 393 1532 428 Εἱσῄειμεν
1546 393 1568 418 δ’
1583 390 1630 418 οὗν
1648 392 1697 426 ὀψὲ
1713 392 1761 418 καὶ

979 439 1070 473 ἡμεῖς,
1085 438 1138 464 τῶν
1156 437 1288 473 θυρωρῶν
1305 439 1492 466 καλεσάντων.
1519 439 1574 465 Καὶ
1596 438 1610 463 ὁ
1631 437 1761 472 βασιλεὺς

979 483 1059 515 εὐθὺς
1069 483 1107 518 τῷ
1121 484 1272 519 εὐαγγελίῳ
1284 484 1481 519 παρακειμένῳ
1497 483 1681 519 προσκύνησιν
1693 484 1761 509 ἀπο-

979 531 1076 565 νείμας
1097 531 1236 567 βραχεῖαν,
1251 531 1329 566 ἡμῶν
1346 539 1377 564 γε
1395 531 1497 563 εἵνεκα,
1526 529 1611 556 πολλὰ
1629 530 1761 560 πολλάκις

979 577 1028 607 τὰς
1041 577 1090 611 τῆς
1104 577 1178 608 θείας
1193 578 1239 604 καὶ
1261 577 1453 611 οἰκουμενικῆς
1475 577 1557 610 ἕκτης
1572 575 1681 602 συνόδου
1696 584 1761 609 προ-

979 623 1090 658 τεθῆναι
1110 624 1223 658 πράξεις
1242 622 1441 653 ἀπαιτούντων,
1461 623 1531 648 κατὰ
1559 623 1608 656 τὴν
1631 622 1689 648 ἐκεῖ
1713 621 1762 647 τοῦ

979 668 1039 693 τότε
1056 667 1186 702 βασιλέως
1197 669 1373 698 κατάστασιν,
1386 667 1432 692 καὶ
1445 666 1507 696 τοὺς
1523 666 1621 699 ὅρκους
1633 664 1763 698 γενέσθαι

979 713 1028 739 καὶ
1043 713 1092 739 νῦν
1121 713 1162 746 ἐφ’
1187 712 1283 746 ἡμῶν·
1303 712 1397 737 ἔπειτα
1425 711 1505 741 αὑτός
1521 719 1550 736 τε
1578 710 1688 737 ἐκάθισε
1715 710 1764 736 καὶ

979 758 1037 792 ἅμα
1056 757 1122 791 ὁμοῦ
1138 758 1194 789 τοῖς
1210 758 1301 789 ἄλλοις
1316 756 1485 791 καθεσθῆναι
1503 756 1694 791 προύτρέψατο
1707 753 1764 782 καὶ

980 804 1063 838 ἡμᾶς·

181 847 222 874 IV.
239 849 327 882 Atque
342 842 387 873 ille
405 846 479 881 loqui
492 853 607 872 exorsus
629 845 746 872 orationi
763 853 818 872 suae
842 845 926 872 inter-

1014 849 1049 874 A'.
1069 848 1165 882 Λέγειν
1179 847 1201 874 δ’
1216 847 1372 882 ἀρξάμενος
1399 847 1558 882 παρεμίγνυ-
1571 846 1626 877 τοῖς
1641 845 1763 878 λεγομέ-

145 893 252 921 serebat
262 893 417 928 jnramenta
429 892 552 926 quaedam
573 900 638 926 vaga
655 896 682 918 et
711 891 851 926 perplexa,
876 890 928 917 sibi

147 939 234 973 ipsiet
251 937 344 964 liberis
370 938 427 965 suis
450 938 567 965 exitium
592 936 669 972 quasi
697 935 883 971 imprecando,
906 935 928 962 si

145 983 242 1018 quovis
264 982 345 1009 modo
371 982 450 1009 alteri
478 983 551 1017 parti
574 983 699 1009 faveret:
715 985 848 1015 erantque
871 980 930 1015 ejus

144 1028 228 1063 899
241 1028 322 1060 dicta,
336 1031 366 1054 ut
382 1035 410 1054 re
428 1029 484 1061 ipsa
502 1027 602 1061 patuit,
626 1026 795 1053 dilemmata.
825 1024 929 1059 Ecquid

146 1081 226 1107 porro
248 1073 358 1104 mirum,
376 1072 420 1098 ubi
442 1072 486 1099 ille
507 1079 550 1098 am
564 1071 627 1098 inde
656 1071 690 1098 ab
707 1071 785 1097 initio
800 1077 862 1097 cum
877 1069 929 1096 Pa-

145 1120 215 1146 lama
250 1119 328 1154 plane
355 1117 542 1153 conspirabat,
574 1123 602 1145 et
619 1118 678 1152 ejus
702 1115 928 1143 consuetudinem

147 1163 215 1190 tanti
235 1163 363 1196 faciebat,
379 1168 410 1191 ut
423 1171 483 1190 eam
501 1163 547 1190 diu
563 1167 700 1196 noctuque
715 1161 832 1196 publicis
845 1167 928 1194 nego-

146 1208 189 1236 tiis
202 1208 361 1244 urgentibus
375 1207 561 1240 antehaberet,
571 1212 598 1235 et
609 1215 671 1234 cum
685 1215 717 1234 eo
728 1206 804 1233 dolos
815 1212 930 1232 consue-

146 1260 230 1282 retac
255 1255 326 1282 retia
343 1254 577 1286 nobistenderct;
592 1253 716 1290 idemque
738 1258 790 1279 tam
817 1251 930 1286 privatis

145 1308 226 1335 quatit
245 1300 365 1335 publicis
377 1300 550 1328 sermonibus
567 1307 673 1326 mecum
693 1299 733 1325 sic
748 1298 845 1325 solitus
857 1301 929 1324 esset

145 1354 277 1381 pugnare,
293 1352 322 1373 ut
333 1347 392 1380 ipso
408 1346 492 1373 etiam
504 1345 614 1373 Palama
627 1344 773 1371 violentior
784 1351 845 1370 esse
857 1343 930 1369 vide-

147 1391 241 1418 retur?
255 1391 352 1426 Itaque
367 1392 423 1423 ille.
434 1398 495 1418 cum
509 1390 686 1425 promittebat
704 1397 733 1416 se
747 1389 928 1423 ergaalteram

147 1441 251 1471 partem
272 1444 408 1471 propenso
423 1437 515 1463 animo
533 1436 605 1463 haud
620 1436 688 1467 lore,
703 1435 724 1461 si
737 1443 786 1461 nos
799 1434 871 1460 solos
888 1441 930 1460 re-

147 1482 245 1516 spexit,
261 1489 314 1508 non
331 1481 470 1516 pejoravit,
486 1480 608 1514 quidem,
639 1484 667 1506 at
700 1480 820 1509 animam
850 1485 928 1504 suam

147 1527 275 1562 perdidit,
292 1528 432 1562 antiquum
443 1528 518 1554 illum
530 1526 664 1553 Herodem
678 1525 928 1560 prorsusimitatus;

147 1575 204 1614 qui,
224 1575 384 1608 prophetam
400 1581 461 1600 cum
475 1573 623 1603 occideret,
648 1571 743 1599 sceleti
775 1579 824 1598 suo
844 1571 930 1605 jusju-

150 1619 262 1646 :andum
290 1619 467 1654 praetexebat.
486 1618 562 1650 Quod
578 1619 599 1644 si
613 1622 737 1644 neutram
762 1621 865 1651 partem
886 1623 930 1642 re-
952 1621 959 1628 ε

122 1670 125 1675 ’
147 1666 252 1699 spicere
268 1672 344 1692 mens
357 1665 535 1699 jurisjurandi
551 1664 651 1698 potuit,
683 1664 729 1690 sed
749 1670 825 1696 δέσμει
853 1662 930 1688 lance

150 1718 294 1745 suspensus
305 1711 418 1738 allectus
435 1718 526 1744 parem
554 1717 583 1737 se
599 1710 724 1744 utrisque
747 1708 867 1742 praebere
882 1706 930 1733 de-

149 1761 278 1789 :reveral,
293 1761 373 1790 atque
400 1756 444 1782 ille
470 1754 568 1781 deinde
591 1754 691 1789 juratis
718 1760 771 1780 non
800 1751 875 1779 stetit
892 1750 929 1784 (id

145 1803 219 1837 quod
236 1810 264 1828 re
283 1802 340 1836 ipsa
370 1801 528 1833 declaravit,
560 1807 620 1827 cum
633 1799 660 1826 in
692 1799 798 1825 theatro
815 1797 861 1824 illo
875 1797 930 1823 fre-

146 1846 335 1880 quentissimo
349 1845 470 1880 eorrupit
500 1845 570 1880 juris
596 1844 765 1879 aequitatem)
791 1848 930 1876 nunquam

146 1897 219 1919 certe
234 1892 346 1926 perjurii
363 1892 466 1918 crimen
480 1890 602 1924 etlugiet,
621 1890 667 1924 qui
683 1896 731 1916 sua
744 1892 839 1922 sponte
855 1894 930 1913 eom-

147 1937 222 1963 misit
240 1941 352 1963 utesset
369 1937 508 1970 periurus.

184 1982 215 2008 V.
231 1982 334 2016 Nempe
362 1981 554 2014 illc,eamdem
587 1980 703 2008 Palamtc
732 1985 759 2008 et
781 1982 823 2008 sui
845 1982 931 2016 ipsius

149 2029 255 2056 ruinam
289 2036 350 2057 esse
377 2033 512 2058 statuens,
528 2035 589 2054 cum
614 2034 686 2054 nunc
709 2027 825 2059 videret,
852 2029 931 2055 aliter

148 2082 228 2109 quatit
243 2077 397 2108 putaverat,
421 2073 523 2099 nostris
552 2072 784 2106 disputationibus
808 2072 931 2100 funditus

150 2119 298 2154 proﬂigari,
315 2125 434 2153 puppetn
467 2118 494 2144 in
514 2117 604 2144 tnedio
622 2125 703 2144 cursu
729 2119 883 2151 contorsit;
903 2124 930 2146 ct

980 901 1033 924 νοις
1050 894 1096 919 καὶ
1114 894 1214 927 ὅρκους
1232 892 1448 925 διεσπασμένους
1467 891 1543 920 τινὰς
1568 891 1615 916 καὶ
1632 891 1765 922 αἰνιγμα-

977 938 1083 971 τώδεις,
1095 936 1270 973 ἐπαρώμενός
1286 945 1344 968 πως
1354 937 1443 970 ἑαυτῷ
1453 937 1502 963 καὶ
1516 936 1622 963 τέκνοις
1637 935 1764 969 ὀλεθρον,

980 983 1056 1018 εἱτῷ
1070 984 1110 1009 évl
1133 984 1211 1018 μέρει
1232 983 1379 1018 πρόσθοιτο
1400 983 1451 1017 τὴν
1467 982 1582 1016 γνώμην
1598 981 1762 1007 ὁποσονοῦν.

981 1029 1033 1055 Καὶ
1050 1027 1094 1064 ἦν,
1116 1029 1153 1061 ὡς
1170 1028 1270 1060 ἔδειξεν
1289 1030 1334 1054 ἐπί
1348 1028 1403 1054 τῶν
1427 1028 1526 1063 ἔργων,
1549 1028 1711 1062 διλήμματα
1727 1027 1764 1052 τὰ

980 1073 1152 1108 φθεγγόμενα
1163 1081 1169 1088 ·
1186 1073 1234 1100 καὶ
1256 1073 1314 1104 πῶς
1339 1073 1388 1107 μὲν
1403 1072 1434 1098 οῦ
1446 1081 1453 1088 ·
1468 1072 1508 1107 τῷ
1534 1072 1652 1106 Παλαμᾷ
1667 1071 1701 1097 τὰ.
1718 1071 1766 1096 fc:

981 1120 1067 1146 πνέων
1079 1119 1107 1152 ἐξ
1118 1119 1214 1153 ἀρχῆς,
1226 1118 1273 1145 καὶ
1286 1118 1393 1153 νύκτωρ
1409 1118 1455 1144 καὶ
1470 1117 1529 1152 μεθ’
1541 1117 1646 1152 ἡμέραν
1659 1117 1767 1152 προύρ-

980 1166 1121 1199 γιαιτέραν
1136 1165 1191 1190 τῶν
1207 1164 1258 1191 ὰ.νά
1276 1165 1369 1199 χεῖρας
1387 1163 1548 1197 ποιούμενος
1562 1163 1700 1197 δημοσίων
1713 1164 1767 1196 τὴν

981 1209 1062 1237 αὑτοῦ
1090 1210 1209 1244 ὁμιλίαν,
1235 1210 1282 1236 καὶ
1301 1209 1387 1236 ταῦτα
1414 1209 1580 1244 συρῤάπτων
1603 1208 1665 1235 καθ’
1683 1209 1766 1243 ήμιὶν

980 1257 1028 1282 καὶ
1047 1255 1223 1286 συσκευάζων
1249 1255 1355 1288 δίκτυα,
1372 1256 1458 1289 κάμοὶ
1473 1254 1589 1288 λογικῶς
1608 1255 1766 1288 μαχόμενος

982 1303 1034 1338 ἰδίᾳ
1050 1305 1096 1329 καὶ
1111 1302 1226 1336 δημοσίᾳ
1239 1301 1390 1336 βιαιότερον
1404 1301 1419 1335 ἢ
1436 1299 1497 1326 κατ’
1510 1300 1591 1326 αὑτὸν
1604 1301 1691 1325 εῐπ;ἰν
1708 1300 1766 1325 Πα-

981 1347 1082 1382 λαιμᾶνς
1097 1347 1128 1373 Ει
1145 1345 1191 1373 οὖν
1208 1347 1239 1372 τὸ
1251 1346 1386 1381 ἡμέτερον
1401 1346 1497 1380 Ξὸλεψε
1516 1345 1597 1380 μέρος
1615 1345 1730 1377 ἐκεῖνος,

979 1392 1028 1427 τὴν
1046 1392 1158 1427 γνώμην
1175 1391 1267 1426 ἥκισθ’
1285 1392 1442 1426 ὑπισχνοῐτο
1459 1391 1664 1426 προστίθεσθαι,
1676 1390 1766 1424 εὺὼρ-

981 1444 1047 1469 κησε
1064 1436 1114 1470 μέν
1131 1443 1138 1449 '
1151 1435 1320 1462 ἀπολωλέναι
1337 1435 1360 1461 δ’
1375 1436 1448 1469 ὅμως
1475 1436 1602 1469 πέπραχε
1618 1435 1666 1470 τὴν
1697 1436 1765 1460 ἐαυ-

980 1480 1026 1506 τοῦ
1041 1480 1140 1515 ψυχὴν,
1157 1482 1196 1512 εἰς
1219 1480 1341 1515 ¹Ηρώδην
1356 1481 1400 1507 τὸν
1416 1480 1498 1506 πάλαι
1511 1481 1561 1515 τὴν
1576 1480 1692 1516 μίμησιν
1714 1480 1765 1506 ἆν-

981 1534 1077 1559 τικρυς
1092 1525 1256 1559 ἀνενεγκὼν,
1270 1526 1299 1557 ὃς
1316 1526 1536 1561 προφητοκτόνου
1553 1526 1699 1560 πρόῆλημα
1713 1523 1765 1552 κα-

981 1572 1043 1602 κίας
1069 1571 1114 1597 τὸν
1131 1572 1212 1606 ὅρκον
1233 1571 1390 1606 πεποίηται.
1418 1572 1449 1597 El
1477 1571 1504 1597 δὲ
1531 1571 1600 1605 πρὸς
1622 1571 1767 1604 οὐδέτερον

982 1617 1093 1652 βλέπειν
1111 1618 1176 1651 ἐνῆν
1200 1619 1256 1644 τοῐν
1276 1618 1371 1652 μεροῖν
1397 1618 1447 1652 τὴν
1461 1617 1507 1644 τοῦ
1529 1618 1611 1652 ὅρκου
1632 1618 1764 1650 διάνοιαν,

981 1662 1040 1688 ἀλλ’
1057 1662 1191 1698 ἰσόρροποι
1210 1662 1254 1689 ἐπ’
1270 1664 1373 1696 ἀμφοῖν
1387 1663 1422 1688 τὰ
1434 1662 1484 1697 τῆς
1496 1662 1609 1697 γνώμης
1625 1663 1767 1697 ἐκρέματο

981 1708 1110 1740 τάλαντα,
1130 1709 1185 1740 τοῖς
1200 1708 1222 1733 δ’
1238 1708 1280 1743 [Ρ.
1294 1708 1356 1743 566]
1366 1708 1571 1743 ὀμωμοσμένοις
1581 1708 1671 1743 ἥκισθ’
1686 1708 1766 1734 ῦστεο

983 1763 1028 1788 ρον
1043 1755 1192 1789 ἐνέμεινεν,
1207 1754 1244 1785 ὡς
1269 1755 1359 1789 ἔργοις
1376 1754 1476 1787 ἔδειξεν
1498 1754 1600 1786 αὐτοῖς,
1623 1755 1766 1788 καπηλεύ-

983 1808 1030 1831 σας
1051 1801 1097 1828 ἐπὶ
1110 1800 1226 1835 θεάτρου
1242 1801 1370 1826 τοσούτου
1385 1801 1434 1835 τὴν
1447 1801 1536 1836 δίκην,
1550 1801 1598 1831 τὰς
1608 1801 1656 1834 τῆς
1668 1802 1764 1835 ἐπιορ-

981 1846 1040 1877 κίας
1052 1846 1102 1871 οὐκ
1118 1846 1149 1872 ἄν
1165 1854 1229 1872 ποτε
1241 1845 1376 1880 λοιδορίας
1387 1846 1512 1880 ἐκφύγοι,
1527 1846 1622 1874 ἑαυτὸν
1634 1847 1766 1880 ἐπίορκον

981 1891 1144 1926 αὐθαίρετον
1159 1892 1317 1926 πεπραχώς.

1017 1977 1057 2005 Ε’,
1081 1977 1194 2004 Ἑαυτοῦ
1207 1979 1260 2013 γὰρ
1274 1979 1323 2013 τὴν
1333 1979 1378 2005 τοῦ
1389 1979 1505 2014 Παλαμᾶ
1522 1980 1696 2015 λογιζόμενος
1718 1979 1767 2018 ἧτ-

982 2034 1041 2057 ταν,
1053 2025 1139 2050 ἔπειτ’
1153 2024 1225 2053 ἰδὼν,
1237 2025 1274 2055 ὡς
1285 2024 1335 2050 οὐκ
1344 2023 1422 2059 ᾤετο,
1436 2024 1507 2050 κατὰ
1518 2027 1616 2059 κράτος
1630 2028 1683 2056 τοῖς
1696 2027 1768 2060 ἡμε-

980 2073 1069 2106 τέροις
1083 2071 1238 2105 ἡττώμενον
1254 2071 1353 2104 λόγοις,
1371 2071 1497 2105 πρύμναν
1510 2080 1539 2097 τε
1565 2073 1594 2098 ἐν
1619 2073 1690 2108 μέσῃ
1717 2082 1766 2099 πο-

983 2118 1041 2152 ρείᾳ
1057 2118 1205 2151 ἐκρούσατο
1220 2117 1266 2143 καὶ
1281 2117 1361 2152 ῥίψας
1377 2119 1426 2152 τὴν
1448 2118 1594 2152 ἀλωπεκῆν
1614 2119 1692 2150 εὐθὺς
1713 2122 1765 2154 τὴν

149 2165 259 2199 vulpina
283 2164 386 2199 abjecta
409 2164 500 2191 statim
528 2164 646 2190 ursiuam
664 2164 761 2198 pellem
777 2163 874 2196 induit,
890 2169 929 2192 to-

983 2163 1114 2197 ᾱρκτικὴν
1130 2162 1267 2196 μετενέόυ,
1297 2165 1343 2188 καὶ
1360 2162 1439 2193 ἄλλος
1467 2163 1525 2195 ὅλος
1535 2165 1565 2195 ἐξ
1583 2164 1661 2190 ἄλλου
1686 2165 1764 2192 καθί-

150 2217 249 2245 tusque
266 2218 298 2236 ex
314 2210 367 2236 alio
384 2209 455 2236 alius
474 2210 578 2240 evasit;
597 2216 647 2236 nec
669 2216 698 2236 se
714 2209 829 2244 amplius
843 2210 931 2244 potuit

149 2257 288 2287 cohibere,
305 2255 371 2289 quin
392 2259 420 2281 et
445 2254 653 2287 vociferaretur,
670 2257 697 2280 et
722 2261 781 2285 nos.
793 2254 845 2281 nisi
861 2259 932 2281 tace-

150 2309 251 2333 remus,
267 2301 348 2328 minis
371 2304 488 2327 terreret
503 2308 510 2327 :
524 2300 624 2334 quippe
643 2299 714 2326 haud
728 2299 857 2328 ferendos
871 2308 931 2327 esse

150 2355 211 2379 nos,
233 2347 280 2381 qui
305 2346 332 2373 in
361 2346 421 2380 ejus
447 2345 528 2371 domo
546 2350 602 2371 tum
627 2345 699 2378 loqui
715 2346 855 2376 \‘cllemus.
868 2353 930 2373 cum

150 2395 210 2427 ipse
240 2391 450 2423 nolletandire;
472 2390 554 2425 900
571 2391 648 2425 quasi
669 2399 766 2426 nempe
783 2393 824 2419 sui
847 2393 932 2426 ipsius

149 2446 176 2466 et
206 2438 389 2473 prmstitorum
416 2437 635 2472 jurameutorum
663 2437 730 2464 foret
758 2438 931 2470 oblitus,ncc

151 2485 292 2511 hominum
302 2483 348 2517 qui
361 2482 426 2509 illuc
439 2482 513 2508 multi
525 2487 717 2514 convenerant,
727 2483 930 2516 conscientiam,

153 2537 203 2556 nec
220 2529 299 2556 tacita
308 2528 408 2562 judicia
418 2531 587 2554 revereretur
601 2527 719 2560 illorum,
731 2536 822 2555 coram
831 2529 932 2563 quibus

153 2575 178 2601 iu
194 2574 336 2601 manifesto
345 2573 446 2600 scelere
455 2573 642 2607 deprehensus
651 2574 783 2601 mendacii
792 2579 820 2601 et
832 2574 932 2610 iniqui-

151 2620 214 2654 tatis
227 2625 395 2654 argueretur.
405 2619 472 2646 Nam
486 2620 529 2646 ille
539 2620 564 2646 id
575 2619 647 2653 quod
659 2623 727 2652 erat,
739 2620 850 2647 minime
862 2627 931 2654 erat;

151 2628 188 2647 tat
202 2628 214 2646 s
227 2628 395 2654 argueretur.
405 2628 472 2646 nam
486 2628 529 2646 me
539 2628 564 2646 nl
575 2628 647 2653 quoa
659 2628 727 2652 erat,
739 2628 850 2647 numme
862 2628 931 2654 erat;

151 2628 266 2700 etiam
280 2674 334 2692 non
353 2671 422 2698 crat,
439 2665 465 2692 id
481 2667 568 2700 ipsum
588 2673 680 2692 revera
696 2670 763 2696 erat,
781 2674 830 2700 pro
844 2667 931 2701 impc-

151 2717 241 2738 ratore
257 2718 348 2737 iuerus
361 2716 501 2745 tyrannus,
519 2718 568 2745 pro
581 2710 673 2745 judice
683 2714 824 2737 accusator
839 2715 932 2738 noster

150 2762 177 2783 et
194 2757 386 2784 inexcusabilis
403 2764 571 2792 persecutor.
585 2757 660 2783 Adeo
678 2756 771 2783 infelix
789 2757 845 2789 ille,
860 2757 931 2784 divi-

151 2810 184 2827 na
204 2809 253 2835 ope
275 2803 430 2836 destitutus,
447 2804 480 2830 de
496 2811 546 2830 suo
571 2807 641 2829 statu
655 2803 724 2829 dccli
750 2803 810 2836 wit,
826 2809 851 2830 et
867 2813 927 2838 spe-

983 2216 1075 2240 στατο,
1089 2208 1187 2243 μηκέτι
1203 2209 1333 2239 καθεκτὸς
1350 2207 1418 2235 εἶναι
1436 2209 1593 2244 δυνάμενος,
1612 2211 1680 2236 ἀλλὰ
1694 2212 1767 2245 βοῶν

983 2253 1029 2279 καὶ
1041 2253 1171 2284 ἀπειλῶν,
1184 2254 1207 2278 εὶ
1226 2253 1262 2287 μὴ
1281 2252 1438 2288 σιγῴημεν⁸
1458 2253 1529 2288 μηδὲ
1550 2254 1603 2289 γὰρ
1619 2255 1767 2288 ἀνέχεσθαι

982 2300 1037 2325 τῶν
1053 2299 1134 2325 οῑκων
1148 2299 1222 2330 ἐντὸς
1233 2299 1286 2325 τῶν
1299 2299 1393 2330 αὐτοῦ,
1411 2299 1500 2333 λέγειν
1520 2300 1570 2334 μὲν
1595 2300 1767 2334 βουλομένων

982 2344 1072 2379 ἡμῶν,
1085 2344 1166 2370 αὑτοῦ
1183 2344 1204 2369 δ’
1223 2345 1332 2370 ἀκούειν
1346 2345 1447 2379 ἣκιστα
1460 2345 1604 2379 δεχομένου
1616 2354 1623 2360 ·
1638 2345 1768 2380 καθάπερ

982 2389 1062 2421 αὐτὸς
1079 2389 1260 2424 ἐκλαθόμενος
1276 2389 1372 2416 ἑαυτοῦ
1383 2390 1428 2416 καὶ
1449 2391 1504 2416 τῶν
1525 2391 1614 2424 ὅρκων
1642 2391 1766 2423 ἐκείνων,

983 2435 1030 2462 καὶ
1047 2436 1115 2470 μήτε
1130 2436 1177 2461 τοῦ
1191 2436 1313 2467 ξυνόντος
1328 2436 1486 2471 πλήθουςτὸ
1502 2437 1620 2467 συνειδὸς
1634 2437 1703 2471 μήτε
1718 2438 1769 2468 τὰς

983 2481 1032 2516 τῆς
1043 2482 1154 2519 γνώμης
1167 2482 1271 2516 κρίσεις
1283 2482 1351 2513 ὅλως
1361 2483 1493 2512 αἰδεσθεὶς
1515 2482 1638 2514 ἐκείνων,
1661 2482 1704 2516 εφ¹
1727 2480 1769 2511 οἷς

984 2528 1110 2563 ἡλίσκετο
1126 2529 1197 2562 μάλα
1207 2529 1250 2554 ἐπ’
1262 2529 1414 2563 αὐτοφώρῳ
1426 2529 1589 2564 ψευδόμενός
1605 2538 1635 2555 τε
1649 2530 1698 2555 καὶ
1710 2531 1769 2556 ἀδι-

987 2573 1050 2600 κῶν.
1063 2574 1095 2599 ’Ὁ
1113 2573 1161 2607 μὲν
1176 2574 1229 2608 γὰρ
1239 2571 1283 2608 ἦν,
1297 2574 1346 2600 οὐκ
1358 2571 1401 2609 ἦν·
1419 2574 1518 2610 ὂέοὺκ
1535 2572 1630 2609 ἦν,ἦν·
1648 2575 1710 2600 ἀντὶ
1719 2577 1769 2610 μὲν

985 2620 1261 2656 βασιλέως,τύραννος
1276 2621 1439 2656 ἀκραιφνὴς·
1450 2622 1510 2647 ἀντὶ
1524 2622 1552 2648 δὲ
1565 2621 1702 2651 δικαστοῦ,
1715 2631 1768 2648 κα-

984 2667 1098 2701 τήγορος
1111 2667 1159 2693 καὶ
1170 2667 1285 2702 meum;
1296 2667 1374 2702 ἡμῶν
1386 2668 1599 2702 ἀπροφάσιστος.
1615 2667 1710 2699 Οὕτως
1720 2670 1767 2702 ἐγ-

985 2713 1173 2747 καταλειφθεὶς
1194 2714 1246 2740 ἀπὸ
1260 2713 1309 2748 τῆς
1323 2713 1370 2740 τοῦ
1385 2714 1453 2740 Θεοῦ
1463 2714 1553 2746 δεξιᾶς
1564 2715 1578 2741 ὁ
1593 2714 1767 2749 militum;

984 2758 1078 2793 ἐξέστη
1094 2767 1122 2784 τε
1154 2754 1262 2784 ἑαυτοῦ
1283 2761 1328 2786 καὶ
1365 2762 1420 2791 τοῖς
1435 2760 1533 2794 ὁρῶσιν
1557 2760 1668 2794 ἄθυρμα
1695 2760 1767 2794 λαμ-

985 2805 1052 2838 πρὸν
1081 2806 1184 2838 ἐγίνετο
1210 2807 1276 2840 πρῦς
1306 2815 1333 2832 τε
1359 2807 1404 2833 τοῦ
1437 2807 1536 2839 τρόπου
1563 2808 1628 2839 πρός
1660 2815 1688 2833 τε
1714 2807 1768 2833 τῶν
