1913 3069
137 181 203 212 1ῗ57

313 180 351 216 [Α.
373 187 397 206 ε.
422 179 498 214 1551]

623 181 845 212 ΒΥΖΛΝΤΙΝᾹΞ
864 180 1056 211 ΙΙΙδΤΟΙίΙΕ
1075 180 1145 210 ΜΒ,
1168 180 1232 209 XX.

1685 176 1749 206 128

1293 176 1359 212 [tam
1381 185 1400 203 ι.
1423 184 1567 203 (ῖιςτλῖιῖ,
1590 174 1616 209 5]

133 239 212 265 τοῦτο
229 239 325 265 παθεῖν
337 247 345 255 ι
369 239 403 266 ἵν’
425 239 448 264 εί
465 239 502 274 μή
519 248 543 265 τι
560 239 603 265 τὸν
633 240 741 266 ἅπαντα
759 240 815 275 βίον
832 240 860 266 οὐ
878 239 915 274 μὴ

972 243 1052 266 totam
1069 239 1151 265 vitam
1167 239 1199 264 ad
1219 237 1347 264 virtutem
1362 241 1433 263 recte
1457 235 1610 262 institutum
1629 234 1750 265 vidisset,

131 285 257 311 τεθέαται
282 283 354 316 οἶκος
378 285 445 317 πρὸς
470 284 569 320 ἀρετὴν
594 285 764 321 διακείμενον
787 284 828 317 εὖ,
857 285 914 312 ἀλλ’

132 330 177 357 οὖν
193 331 247 361 τοῖς
264 331 339 365 ἐμοῖς
354 330 520 362 τελευταίοις
538 331 708 366 βαπτόμενος
729 331 843 366 αἴμασιν
867 330 915 365 ὀψὲ

131 376 198 410 γοῦν
216 376 281 411 μίαν
298 376 400 411 ταύτην
412 377 489 412 γνοίη
506 386 539 412 με
555 378 722 412 κεκτημένον
737 377 837 412 ἀρετὴν
849 376 914 403 πολ-

131 422 178 449 λοῦ
195 431 267 454 τινος
289 422 379 455 ἀξίαν,
401 423 431 449 τὸ
450 423 487 458 μὴ
506 423 604 449 πολλοῦ
619 431 691 454 τινος
704 423 779 455 ἄξιον
792 422 914 458 νομίζειν

131 467 161 495 τὸ

166 516 204 542 B'.
221 514 266 541 Διὸ
280 516 336 547 τοῖς
352 514 443 546 ἄλλοις
469 515 593 550 ἀνάγκην
608 515 748 550 προσῆγον
763 515 799 550 μὴ
816 514 915 550 βραδύ-

131 569 197 593 νειν,
214 552 351 592 ἀλλάτοῖς
364 562 440 595 ἐμοῖς
455 560 620 596 βοηθοῦντας
638 561 787 595 νοσήμασιν
803 560 914 587 ἀπιέναι

131 606 288 641 προθύμως,
303 606 353 633 οὐκ
374 608 413 637 εἰς
431 606 558 642 ἐλέγχους
573 607 619 632 καὶ
636 606 769 637 διαλέξεις
784 606 914 640 ἀληθείας

131 649 317 685 ζητουμένης·
335 651 516 686 ἀπειρηκέναι
535 650 589 686 γὰρ
617 651 665 677 καὶ
689 651 774 684 αὐτὴν
800 651 851 686 ἤδη
868 651 915 677 καὶ

130 696 199 731 πρὸς
225 697 362 730 αίϐερίους
379 697 536 732 ἀποπτῆναι
561 696 711 731 θαλάμους,
729 697 846 732 ἀφανείᾳ
869 705 914 723 κε-

129 742 308 777 καλυμμένην
324 743 419 778 μακρᾷ
431 751 444 758 ··
453 742 510 769 ἀλλ’
522 744 562 774 είς
575 734 682 778 σφαγὴν
694 743 741 769 καὶ
755 742 914 778 μαρτυρικὰ

129 788 307 822 ⁴παλαίει-ματα.
324 789 371 815 καὶ
389 789 502 816 θανάτου
527 789 633 824 μακροῦ
652 789 791 823 δεινότερα
806 789 914 824 δεσμω‹

128 834 221 868 τήρια.
253 833 387 870 Τοιαύτην
402 835 456 869 γὰρ
474 835 535 861 καθ’
555 834 634 870 ὴμῶν
662 834 833 869 ἐξενηνέχθαι
850 834 915 869 χθὲς

129 879 176 906 καὶ
191 879 334 915 πρότριτα,
350 880 459 914 δεσμοῖς
476 879 665 915 ἀδαμαντίνοις
688 881 743 906 τισὶ
768 881 815 906 καὶ
830 880 915 915 ἀρῤἡ-

129 935 205 959 κτοις
220 927 429 963 κεκυρωμένην,
441 927 531 962 ψῆφον
547 927 615 962 πρὸς
630 926 684 953 τῶν
701 927 855 954 ἀντιπάλων
867 926 913 952 καὶ
929 911 952 940 Β

128 973 178 1007 τῆς
206 973 333 1005 ἐξουσίας
350 973 500 1009 ἀρχόντων.
526 973 586 1000 Τῶν
603 973 657 1008 γὰρ
680 972 880 1008 μετριωτέρων,
896 971 914 998 ἃ

129 1019 184 1048 τοῖς
198 1017 372 1052 ἐξωτερικοῖς
390 1017 431 1054 (ό)
450 1019 498 1044 καὶ
512 1017 542 1044 τὸ
559 1017 682 1045 πλεῖστον
698 1018 853 1052 δημοτικοῖς
866 1025 914 1044 κα-

129 1063 306 1098 τεψήφισται,
321 1066 356 1090 τὰ
374 1064 427 1099 μὲν
443 1064 493 1100 ἤδη
512 1064 679 1098 πέπρακται,
693 1063 727 1089 τὰ
740 1063 761 1088 δ’
773 1063 813 1089 ἔτι
826 1063 914 1096 πράτ-

130 1118 218 1141 τεται,
236 1110 270 1136 τὰ
296 1110 323 1136 δὲ
341 1110 390 1136 καὶ
407 1109 606 1145 πραχθήσεται.
633 1109 688 1136 Καὶ
713 1108 816 1135 τούτων
840 1107 919 1134 οὐδὲν

129 1149 225 1182 οὐδένα
242 1156 349 1182 πάντων
365 1155 442 1190 ὑμῶν
452 1157 559 1190 ἀγνοεῖν
570 1155 672 1190 οἴομαι,
686 1154 794 1190 [Ρ.620]
804 1153 917 1190 θορύϐου

129 1201 260 1228 τοσούτου
281 1202 331 1237 τὴν
348 1202 426 1228 πόλιν
444 1202 664 1237 περιηχήσαντος
680 1200 800 1228 ἃπασαν.
823 1199 918 1235 Χρεὼν

129 1248 186 1281 οὖν,
201 1249 238 1283 μὴ
250 1247 474 1283 φιλοψυχοῦντας,
486 1247 543 1274 ἀλλ’
554 1247 739 1283 ἐρρωμένους,
751 1246 834 1281 ὁμόσε
845 1245 915 1280 πρὸς

130 1292 194 1324 τοὺς
210 1292 347 1323 τοιούτους
363 1293 463 1328 χωρεῖν
480 1292 600 1326 ἀγῶνας.
615 1291 720 1327 Θνητῆς
735 1291 790 1326 γὰρ
801 1291 914 1326 λαχοῦσι

131 1337 240 1372 φύσεως
253 1338 286 1373 ἢν
302 1338 340 1373 μὴ
352 1338 400 1364 νῦν
415 1338 506 1365 θανεῖν
525 1338 583 1372 ἐξῇ,
596 1337 640 1364 διὰ
666 1338 731 1372 γοῦν
743 1337 773 1363 τδ
792 1337 839 1372 τῆς
864 1336 915 1371 φύ-

135 1392 205 1415 σεως
223 1384 332 1419 ὄφλημα
352 1383 528 1419 τεθνήξεσθαι
543 1385 649 1415 πάντως
667 1383 762 1418 ἕψεται
778 1383 914 1418 προϊοῦσι·

133 1429 180 1456 καὶ
197 1430 236 1456 δεῖ
255 1431 293 1465 μὴ
311 1429 356 1456 τὸν
377 1430 465 1456 ἀκλεᾶ
482 1430 534 1465 πρὸ
548 1429 596 1456 τοῦ
614 1429 671 1464 μετ’
693 1429 820 1460 εὐκλείας
837 1437 915 1462 περι-

133 1477 224 1510 μεῖναι
243 1476 366 1503 θάνατον.

966 285 1062 312 saltem
1079 292 1178 312 cruore
1194 291 1254 310 meo
1270 283 1304 310 ad
1324 288 1475 310 extremum
1493 281 1588 310 tincta.
1606 286 1727 315 qtl’Jttltlu
1739 294 1752 299 -

965 331 1007 358 vis
1022 339 1083 358 sero
1110 334 1270 365 agnosceret
1297 329 1461 356 instructum
1489 335 1520 354 ea
1547 328 1659 359 virtute,
1677 335 1749 360 quae,

966 385 1027 405 cum
1043 378 1126 404 vitam
1149 376 1221 403 haud
1241 376 1332 410 magni
1354 374 1466 407 faceret,
1489 374 1580 408 magni
1605 374 1663 408 ipsa
1690 372 1749 399 ﬁeri

965 423 1088 451 deberet.

1000 512 1032 540 ll.
1052 512 1232 546 Quamobrem
1258 513 1291 540 ab
1313 511 1374 539 aliis
1395 511 1574 542 vehementer
1590 510 1659 545 coepi
1681 519 1748 538 con-

966 559 1088 591 tendere,
1104 567 1137 586 ne
1158 562 1364 589 cunctarentur,
1379 557 1427 584 sed
1452 561 1482 584 ut
1505 556 1571 584 mihi
1595 564 1668 592 aegro
1684 565 1748 584 suc-

964 610 1107 633 currentes
1129 605 1237 632 abirent
1250 604 1387 636 alacriter,
1411 610 1465 630 non
1487 603 1520 630 ad
1542 603 1682 630 veritatem
1701 598 1761 637 per'

965 656 1125 687 argumenta
1149 655 1176 678 et
1205 650 1405 685 disputationes
1433 649 1668 685 investigandam;
1692 649 1746 684 jam

965 697 1067 732 quippe
1081 701 1110 724 et
1129 696 1214 731 ipsam
1233 696 1358 728 cessisse,
1376 699 1404 722 et
1423 695 1507 722 densa
1530 694 1644 728 caligine
1667 695 1747 720 invo-

965 742 1050 770 lutam
1071 743 1099 770 in
1118 743 1216 770 etnlum
1232 736 1371 774 avolasse;
1385 740 1431 768 sed
1447 741 1483 767 ad
1496 741 1606 772 czcdcm,
1624 741 1656 768 ad
1674 748 1748 767 tuar-

965 788 1028 823 tyrii
1046 788 1204 819 luctamina,
1230 787 1262 814 ad
1287 787 1396 814 vincula
1417 787 1536 822 denique
1559 787 1633 813 omni
1661 792 1748 813 morte

965 835 1100 869 graviora.
1117 833 1221 868 Nempe
1236 841 1295 860 eam
1312 833 1340 860 in
1361 840 1411 859 nos
1427 833 1460 860 ab
1476 833 1651 864 adversariis,
1673 837 1700 859 et
1715 833 1749 859 ab

967 879 1009 910 iis.
1030 887 1113 914 penrs
1133 887 1201 914 quos
1224 883 1344 913 potestas
1363 882 1443 910 esset,
1464 878 1522 906 heri
1541 883 1568 905 et.
1593 879 1751 905 nudiuster-

968 926 1023 952 tius
1047 925 1128 952 latam
1151 932 1211 952 esse
1237 924 1411 956 sententiam,
1431 924 1613 951 adamantinis
1636 925 1752 959 quibus-

967 971 1029 999 dam
1060 976 1088 1006 οι
1113 971 1228 1006 irruptis
1252 971 1332 998 nodis
1359 971 1502 998 munitam.
1528 970 1596 998 Nam
1629 972 1752 998 mitiores

966 1017 1050 1052 986
1064 1024 1161 1051 poenae.
1177 1024 1236 1051 quae
1253 1016 1280 1043 in
1299 1016 1394 1047 laicos,
1410 1023 1511 1050 eosque
1525 1015 1670 1042 maximam
1687 1024 1752 1050 par-

968 1067 1023 1090 tem
1043 1062 1174 1097 plebeios,
1191 1063 1307 1089 decreta:
1325 1062 1446 1093 fuerunt,
1461 1069 1498 1088 ea:
1518 1061 1615 1096 partim
1638 1061 1680 1088 vel
1693 1062 1749 1096 jam

968 1113 1084 1144 sumpta:
1109 1112 1183 1141 sunt,
1210 1108 1251 1135 vel
1280 1115 1354 1135 nunc
1385 1115 1494 1142 quoque
1521 1113 1677 1140 sumuntur,
1707 1108 1749 1134 vel

969 1160 1063 1191 postea
1083 1156 1235 1196 exigentur.
1262 1155 1403 1182 Neminem
1421 1159 1510 1181 autem
1533 1161 1566 1181 ex
1589 1153 1666 1181 vobis
1684 1159 1751 1188 puto

969 1202 1117 1238 quidquam
1137 1202 1232 1228 ltorum
1250 1202 1384 1236 ignorare,
1402 1205 1493 1228 tantus
1514 1201 1648 1228 tumultus
1667 1205 1750 1227 totam

970 1247 1064 1275 urbem
1084 1246 1236 1282 personuit.
1252 1245 1365 1281 Oportet
1379 1246 1470 1280 itaque
1492 1253 1549 1276 vos.
1571 1253 1625 1272 non
1640 1252 1752 1271 conser-

969 1294 1063 1321 vanda:
1084 1294 1146 1320 vitzc
1163 1293 1286 1327 cupidos,
1314 1292 1361 1320 sed
1388 1293 1479 1320 animo
1506 1293 1570 1320 l‘orti
1590 1293 1750 1322 instructos.

970 1341 1029 1368 istis
1045 1339 1240 1368 certaminibus
1253 1343 1358 1367 vosmet
1373 1338 1503 1374 objicere.
1517 1338 1656 1366 Mortalcm
1673 1342 1753 1364 natu-

972 1393 1029 1413 ram
1056 1384 1145 1412 sortiti
1169 1384 1247 1412 estis.
1271 1382 1391 1412 Proinde
1417 1384 1466 1411 etsi
1492 1384 1557 1411 licet
1581 1391 1654 1410 nunc
1672 1383 1752 1410 vobis

970 1435 1086 1458 mortem
1102 1430 1232 1464 eﬂ‘ugere,
1248 1433 1338 1457 tamen
1352 1435 1456 1457 natura:
1476 1429 1598 1457 debitum
1615 1428 1751 1464 ejusmodi

969 1481 1023 1509 est,
1042 1481 1074 1504 ut
1091 1481 1170 1504 tetate
1193 1476 1301 1511 longius
1320 1476 1455 1511 provectis
1478 1476 1590 1504 omnino
1616 1476 1684 1502 mori
1703 1483 1752 1502 nc-

136 1531 212 1552 cesse
231 1524 354 1552 futurum
375 1526 421 1552 sit.
444 1523 500 1552 Nec
532 1530 581 1552 vos
603 1523 692 1557 decet,
722 1523 844 1559 gloriosa
868 1528 957 1551 morte
974 1523 1142 1558 posthabita.
1167 1531 1228 1551 eam
1252 1528 1419 1558 exspectare,
1444 1531 1511 1558 quas
1529 1522 1609 1550 laude
1633 1523 1754 1550 caritura

132 1579 161 1599 es
165 1576 183 1599 ι.

168 1619 205 1646 1".
218 1621 277 1655 Μιᾷ
295 1619 317 1647 δ’
337 1619 528 1656 ἀπειρηκότων
545 1621 633 1656 φωνῇ,
648 1620 685 1656 μὴ
702 1619 803 1647 ἐθέλειν
821 1620 919 1655 χωρεῖν
931 1625 955 1656 c

133 1666 161 1697 ἐς
180 1665 330 1700 βασιλείους
345 1665 508 1700 προκλήσεις
529 1665 574 1691 καὶ
597 1665 668 1692 οὕτω
693 1665 850 1700 βαρϐαρικὰ
875 1673 921 1691 συ-

135 1712 227 1747 νέδρια
249 1712 320 1746 πλὴν
337 1711 417 1746 ἐμοῦ,
438 1711 529 1741 δείσας
546 1710 600 1745 ἐγὼ
624 1710 661 1745 μὴ
688 1712 825 1746 πρόφασιν
847 1709 917 1737 τοῦτ’

135 1757 273 1793 εἰληφόσιν
288 1757 413 1790 ἐκείνοις,
428 1754 468 1788 οἷς
481 1757 570 1783 πάντα
587 1755 662 1782 λίθον
673 1757 758 1782 κινεῖν
770 1755 832 1782 καθ’
843 1756 920 1791 ἡμῶν

134 1803 288 1838 περίεστιν,
303 1803 409 1838 ἐρήμην
431 1802 492 1829 καθ’
511 1802 589 1837 ἡμῶν
610 1801 730 1837 εὐχερῶς
742 1801 920 1837 καταδιαιτᾷν

135 1850 304 1884 ἐπιγένηται,
317 1849 388 1884 μάλα
400 1848 476 1884 μόλις
490 1850 537 1883 τῆς
553 1849 686 1884 καθέδρας
698 1848 846 1881 ἐξαναστὰς
863 1847 921 1882 ἃμα

135 1896 219 1922 πᾶσιν
235 1896 349 1927 ἐκείνοις
365 1896 463 1931 ἀπῄειν
479 1897 568 1922 ἐκεῖσε
579 1894 809 1929 ἀποθανούμενος,
824 1896 871 1920 καὶ
886 1894 920 1929 τῇ

135 1940 193 1966 ιιχεῖ
215 1940 326 1976 τελευτῇ
350 1940 601 1974 συμπαραπέμψων
617 1939 653 1966 τὰ
670 1938 788 1973 πολυετῆ
810 1946 862 1973 μου
871 1940 921 1973 τῆς

136 1987 256 2020 κεφαλῆς
273 1987 337 2021 νοσή
343 1994 424 2020 ματα.

172 2033 209 2060 Δ’,
226 2032 305 2066 Ἄρτι
320 2031 348 2057 δὲ
366 2031 431 2066 περι
458 2039 510 2057 που
537 2030 573 2057 τὰ
604 2037 673 2065 μεσα
700 2031 858 2065 γενομένοις
871 2031 920 2066 τῆς

136 2078 273 2113 βασιλείου
303 2077 388 2112 αὐλῆς
420 2077 559 2112 ἀπήντησέ
579 2085 620 2108 τις
637 2078 702 2111 ἡμῖν
724 2078 778 2104 τῶν
795 2078 865 2104 πάνυ
881 2077 920 2113 τῷ

137 2125 242 2160 βαςι).εἰ
255 2123 520 2160 προσῳκειωμένων,
532 2124 578 2149 καὶ
596 2123 677 2158 μόνον
691 2124 820 2150 ἁπάντων
837 2124 920 2158 ἔμεγε

137 2170 295 2205 ἀπειληφὼς
319 2171 441 2205 προσῆγε
462 2171 500 2206 τῷ
524 2171 642 2206 βασιλεῖ.
666 2171 920 2206 Κοινολογήσασθαι

138 2218 192 2252 γὰρ
208 2218 284 2250 ἔλεγε
308 2217 450 2252 βούλεσθαί
479 2226 524 2252 μοι
549 2218 604 2244 τῶν
623 2218 697 2253 αὐτῷ
710 2226 741 2252 γε
755 2218 920 2253 ἀπορρήτων

135 2263 213 2289 εστιν
229 2261 490 2299 ἆ.’Προσεληλυθότι
507 2271 552 2298 μοι
571 2263 636 2297 γοῦν
663 2265 755 2298 τυχεῖν
772 2264 922 2298 προσγεγέ-

139 2318 218 2343 νηται
239 2309 298 2344 μὲν,
316 2311 390 2344 παρὰ
406 2309 484 2342 δόξαν
501 2309 552 2344 μὲν
569 2309 639 2343 ἐμοὶ,
653 2310 727 2344 σφίσι
747 2309 770 2336 δ’
795 2311 920 2345 ἐξεπίτη-

137 2356 181 2387 δες
199 2356 310 2390 σφόδρα,
325 2356 396 2386 τινὸς
412 2357 466 2382 τὼν
483 2355 553 2382 πάνυ
574 2364 618 2390 μοι
636 2356 722 2390 φίλων
742 2357 775 2382 ὲκ
789 2356 918 2389 παλαιοῦ,

135 2400 179 2426 διὰ
189 2400 332 2434 βασιλικῆς
340 2399 468 2426 κάκείνου
479 2399 657 2434 προκλήσεως
668 2401 757 2426 ἐκεῖσε
767 2400 919 2434 τηνικαῦτα

137 2446 270 2480 παρόντος
290 2444 357 2479 ἐμοῦ
383 2453 414 2478 γε
442 2445 545 2471 εἵνεκα.
566 2442 618 2471 ’Ὧν
636 2444 739 2479 μεταξὺ
759 2444 919 2471 καθεσθέντι

137 2501 182 2527 μοι
197 2492 285 2525 λέγειν
300 2491 415 2526 ἤρξαντο
433 2491 503 2518 κατά
520 2490 682 2526 συνεκδοχῂν
699 2491 745 2517 καὶ
760 2490 918 2525 ἀμοιϐαδὸν,

137 2537 212 2572 παρὰ
236 2536 350 2571 θατέρου
370 2536 465 2571 ἅτερος
481 2536 530 2567 τὰς
556 2536 610 2562 τῶν
628 2536 712 2570 λόγων
727 2537 855 2572 ἀνρορμὰς
869 2545 920 2562 πο-

135 2584 255 2620 ρίζοντες
274 2593 303 2610 τε
320 2584 368 2610 καὶ
396 2584 585 2618 ποριζόμενοι,
611 2584 659 2609 καὶ
680 2582 784 2609 πείθειν
815 2585 919 2618 ἐπιχει-

138 2630 256 2665 ροῦντες,
280 2629 387 2663 πρῶτον
405 2629 454 2665 μὲν
471 2630 619 2664 χρημάτων
637 2628 815 2663 ιπαγγελίαις
835 2629 920 2663 (23:06—

137 2685 203 2707 νοις,
216 2677 263 2703 καὶ
278 2677 292 2702 ὅ
307 2684 353 2711 μοι
365 2670 434 2710 ’ἱερὸς
448 2675 602 2711 βουλήσεως
617 2676 660 2707 εἴη
677 2675 710 2702 ἂν
725 2675 820 2710 ἕτερον
836 2676 920 2702 ἆπαν.

143 2723 220 2750 Ἐπεὶ
235 2723 256 2749 δ’
269 2723 395 2749 ἐντεῦθεν
405 2722 459 2748 τῶν
473 2722 666 2757 σκοπουμένων
676 2722 836 2758 ἠλαύνοντο,
854 2723 922 2756 μηδὲ

1007 1620 1052 1648 Ill.
1073 1620 1116 1647 llli
1131 1627 1195 1647 vero
1210 1626 1265 1646 una
1287 1625 1354 1646 voce
1371 1619 1542 1650 renuntiant,
1557 1618 1629 1646 nolle
1649 1626 1679 1646 se
1703 1619 1754 1646 im-

973 1666 1108 1701 peratoris
1120 1669 1219 1692 vocatu
1234 1669 1287 1692 tam
1305 1664 1420 1692 barbara
1437 1665 1553 1692 concilia
1568 1665 1626 1693 sine
1643 1673 1685 1693 me
1697 1665 1756 1692 adi-

973 1720 1014 1740 re.
1033 1706 1215 1746 Quamobrem
1229 1711 1343 1743 veritus,
1358 1718 1393 1738 ne
1410 1710 1450 1738 illi
1465 1711 1511 1746 qui
1527 1718 1635 1738 omnem
1656 1711 1687 1746 in
1706 1720 1757 1739 nos

973 1757 1092 1792 lapidem
1103 1761 1224 1789 movent,
1240 1757 1292 1783 hac
1303 1757 1446 1783 occasione
1458 1761 1576 1791 arrepta,
1591 1758 1755 1785 sententiam

974 1803 1002 1830 in
1016 1810 1076 1835 nos,
1092 1801 1167 1830 velut.
1178 1802 1277 1829 deserti
1289 1801 1436 1829 vadimonii
1452 1809 1522 1835 reos,
1539 1802 1617 1829 facile
1635 1811 1758 1838 pronun-

975 1849 1085 1880 tiarent,
1113 1855 1183 1883 aegre
1209 1848 1320 1875 tandem
1337 1855 1353 1874 e
1377 1848 1441 1875 sedc
1462 1849 1608 1881 excitatus,
1633 1857 1695 1876 cum
1723 1850 1756 1876 iis

974 1894 1103 1921 omnibus
1119 1894 1280 1925 moriturus,
1295 1898 1324 1921 et
1342 1893 1509 1921 inveteratas
1524 1894 1622 1929 capitis
1644 1896 1756 1922 morbos

973 1939 1055 1967 simul
1069 1947 1131 1967 cum
1146 1940 1202 1967 vita
1219 1940 1393 1972 dimissurus,
1409 1939 1472 1968 illuc
1488 1948 1532 1968 me
1549 1941 1661 1968 contuli.

1008 2031 1055 2058 ιν.
1074 2030 1133 2058 Jam
1149 2037 1199 2056 nos
1214 2029 1271 2057 fere
1291 2029 1319 2056 in
1341 2030 1429 2056 media
1447 2030 1538 2064 palatii
1554 2032 1614 2058 aula
1630 2033 1758 2060 versaba-

973 2085 1047 2109 mur,
1062 2084 1124 2104 cum
1140 2083 1174 2103 ex
1191 2075 1296 2102 intimis
1310 2076 1482 2110 imperatoris
1501 2078 1610 2111 quidam
1626 2080 1756 2106 accuzril.

973 2124 1000 2151 Is
1011 2131 1096 2150 unum
1111 2130 1155 2150 me
1174 2130 1209 2150 cx
1229 2122 1356 2148 omnibus
1377 2128 1547 2161 assumptum
1562 2123 1595 2149 ad
1611 2123 1757 2158 imperato-

972 2178 1031 2198 rem
1050 2169 1170 2197 deducit.
1194 2169 1263 2195 Eum
1285 2168 1388 2195 scilicet
1407 2168 1537 2195 nonnulla
1562 2176 1666 2196 mecum
1688 2171 1758 2198 velle

974 2216 1179 2244 communicare
1195 2215 1295 2246 aiebat,
1312 2221 1371 2248 qua:
1393 2221 1493 2240 arcana
1509 2214 1560 2240 sibi
1582 2220 1682 2242 essent.
1705 2216 1757 2244 Ubi

974 2263 1089 2298 propius
1119 2260 1233 2292 accessi,
1261 2259 1407 2294 quemdam
1438 2259 1522 2286 veteri
1541 2260 1658 2287 amicitia
1690 2262 1758 2288 mihi

939 2296 958 2322 θ
974 2296 1229 2343 coniunctissimum
1248 2304 1367 2338 ollendo,
1387 2305 1434 2339 qui
1456 2310 1484 2332 et
1504 2305 1560 2339 ipse
1585 2306 1758 2341 imperatoris

975 2358 1074 2381 vocatu
1088 2353 1144 2380 illic
1161 2356 1217 2378 tum
1233 2351 1327 2378 aderat
1339 2350 1393 2377 mei
1413 2352 1509 2384 gratia.
1527 2351 1555 2377 ld
1573 2356 1602 2378 ut
1618 2352 1684 2379 mihi
1705 2361 1756 2380 nec

975 2401 1110 2436 opinanti,
1127 2399 1163 2426 ita
1179 2398 1232 2425 illis
1253 2397 1364 2424 omni-uo
1377 2396 1458 2431 987
1474 2397 1668 2430 prmmeditatis
1688 2399 1759 2426 acci-
1791 2399 1795 2423 Ῐ

977 2447 1027 2474 tlit.
1042 2446 1098 2480 Ego
1109 2452 1173 2472 vero
1187 2444 1258 2470 inter
1272 2443 1332 2469 illos
1346 2442 1467 2469 consedi.
1481 2442 1546 2468 Tum
1559 2448 1649 2470 autem
1665 2444 1682 2470 ii
1702 2451 1758 2471 cnc-

972 2495 1073 2528 pernnt
1085 2490 1204 2517 vicissim
1223 2493 1250 2515 et
1266 2488 1379 2515 alternis
1401 2494 1443 2514 me
1468 2487 1578 2522 alloqui,
1593 2488 1661 2515 alter
1674 2489 1754 2515 alteri

974 2542 1069 2564 mutua
1089 2535 1294 2571 suppeditautcs
1311 2533 1417 2561 dicendi
1437 2537 1605 2568 argumenta.
1633 2534 1671 2560 Ac
1697 2542 1755 2560 ma-

972 2592 1025 2620 gna
1045 2583 1163 2618 primum
1181 2580 1304 2616 pecunia:
1325 2581 1350 2607 vi
1376 2584 1403 2606 ct
1427 2580 1501 2606 omni
1528 2579 1580 2606 alia
1602 2587 1640 2612 re,
1660 2588 1757 2614 quam-

977 2636 1085 2664 cunque
1117 2627 1294 2662 optavisscm,
1322 2625 1466 2661 promissa,
1496 2625 1635 2652 inﬂectere
1664 2627 1756 2654 conati

979 2679 1051 2702 sunt.
1070 2673 1184 2704 Deinde.
1199 2672 1263 2708 quia
1283 2671 1334 2699 hac
1354 2678 1408 2697 non
1426 2670 1598 2703 suecedebat,
1613 2676 1759 2705 propterea

978 2720 1052 2756 quod
1078 2727 1129 2747 nec
1147 2719 1234 2754 prima
1253 2717 1364 2753 quidem
1380 2716 1452 2744 dicta
1477 2716 1592 2744 auribus
1615 2716 1656 2743 vel
1677 2717 1759 2744 mini-

820 2769 982 2799 Variorum
999 2771 1092 2799 nota).

174 2820 212 2853 (ι)
227 2819 329 2854 Nempe
354 2819 478 2846 Palamas
494 2825 590 2846 auctor
614 2819 802 2847 Cantacuzeno
819 2819 920 2850 fuerat,

138 2859 168 2881 ut
187 2862 310 2888 quotquot
329 2856 361 2881 de
391 2854 483 2888 iit/ima
507 2855 579 2888 pre
606 2863 658 2881 non
674 2859 825 2882 vererentur
841 2860 923 2890 caput

137 2899 183 2916 ιιιυ
201 2891 297 2916 uluaru
321 2891 461 2924 aﬂ'ccture,
484 2890 503 2915 ii
526 2891 637 2916 uestibus
663 2895 733 2916 exuit
747 2891 825 2924 virgis
842 2890 924 2916 caule-

326 2937 461 2966 l’nttOL.
475 2937 532 2967 Gn.
554 2936 705 2966 CXLVIII

971 2822 1075 2850 rentur,
1099 2822 1123 2844 et
1137 2818 1164 2845 in
1179 2824 1310 2844 carcerem
1330 2814 1541 2847 detruderentur,
1563 2821 1624 2850 pag.
1646 2813 1709 2846 6l'l,
1722 2812 1756 2841 D.

973 2861 1068 2889 supra.
1088 2853 1194 2880 Bonan.

1529 2931 1568 2961 1ιο
