1913 3069
290 96 327 131 [ι.
350 104 378 123 u.
397 95 474 127 6859,
496 102 549 121 txo.
569 94 596 129 l]

140 98 207 130 1:63

702 94 906 124 NICEPIIURI
935 94 1122 124 GREGl'iRE

1246 91 1311 127 [um
1331 99 1351 118 ι.
1371 97 1515 118 omnem.
1535 89 1562 124 ὅ]
1668 91 1734 122 12m

137 160 167 181 ut
197 161 245 181 nos
275 153 474 189 quamprimum
503 153 671 184 amoliretur,
699 151 799 179 nullam
829 151 902 186 plant

959 151 1054 185 τρόπον
1068 150 1169 182 οὐδένα,
1190 149 1238 184 τὴν
1258 150 1387 184 ταχίστην
1405 148 1642 176 ἀποσκευάσασθαι
1665 150 1734 174 πάν-

140 201 219 226 alium
237 203 367 226 rationem
384 198 483 232 reperit
498 197 644 224 faciliorem
660 204 702 228 ca,
719 204 798 231 quam
814 200 841 222 ct
856 196 906 222 ['a-

136 245 221 272 lamas
244 244 384 278 praeceptis
408 243 465 269 suis
481 243 647 275 designatum
665 242 690 268 ci
710 240 906 275 proposuisset,

135 295 164 317 et
180 291 236 324 ipse
255 290 308 324 jam
326 297 373 316 usu
394 288 536 322 probatam
553 287 661 322 penitus
675 286 856 321 cognovisset.
878 285 905 312 ld

135 340 225 362 autem
241 339 309 366 erat,
325 334 436 361 omnino
451 333 505 367 jam
520 332 700 366 abrogandam
715 337 774 357 esse
787 331 907 365 ejusmo-

136 381 163 407 di
189 379 412 414 disputationem,
435 384 495 412 quas
519 384 551 403 ex
579 375 728 410 Scripturis
747 378 904 409 argumenta

137 429 273 459 repeteret
296 433 303 451 :
325 424 389 451 inde
412 423 516 450 scilicet
532 421 660 455 consequi
676 427 723 447 eos
742 419 842 450 exitus,
859 418 906 453 qui

135 471 343 505 haudquaquam
355 468 407 496 sibi
418 467 576 502 expedirent
588 475 594 493 :
608 474 667 500 qua:
678 465 750 493 enim
767 464 804 491 illi
820 465 845 491 in
857 471 907 491 nos

134 517 245 551 exsequi
263 517 471 548 meditarentur,
494 521 525 541 ea
552 514 623 547 ipsos
645 520 659 539 a
682 511 761 538 nobis
778 519 906 546 passuros

133 560 225 591 citius,
240 567 321 594 quam
335 563 512 586 exsecuturos
529 564 571 588 ea,
594 563 654 591 quas
668 563 717 582 nos
733 555 788 590 pati
804 555 906 583 voluis-

134 609 204 631 sent.
225 604 307 631 [idem
327 603 445 631 concilio
461 602 597 638 expellere
611 600 781 628 constituunt
800 601 906 634 episco-

132 656 198 683 pum
214 648 287 683 Tyri,
302 648 348 682 qui
366 647 526 682 patriarcha:
545 645 707 673 Antiochqu
730 645 790 679 jura
810 644 905 673 tueba-

133 698 199 721 tur:
218 693 289 728 quod
310 694 331 720 si
355 694 378 720 is
400 693 556 728 persisteret
573 695 598 718 et
619 690 743 722 instaret,
762 690 835 717 illius
855 697 903 724 pa-

134 739 260 766 triarcha:
274 738 436 766 sententiam
454 737 607 772 allegando,
622 743 674 770 qua
687 735 809 763 Palamas
821 735 905 770 depo-

957 204 1004 226 τας
1020 196 1129 230 ῆμᾶ;,ἢ
1146 194 1204 222 καθ’
1214 196 1245 225 ἂς
1259 197 1272 221 6
1287 195 1416 229 "alapa;
1429 203 1458 220 τε
1476 195 1549 229 αὑτῷ
1560 194 1734 228 προεζωγρὰ-

940 250 1042 275 .φησεν
1068 241 1206 276 ὑποθήκας
1225 241 1272 268 καὶ
1294 241 1373 271 αὐτὸς
1396 240 1445 274 ἤδη
1469 239 1552 274 πείρᾳ.
1576 240 1736 274 μεμάθηκεν

958 286 1087 321 ἀκριϐῶς.
1105 287 1136 312 Al.
1152 287 1179 312 δὲ
1193 284 1261 321 ἦσαν
1277 286 1494 320 ἀποψηφίζεσθαι
1508 285 1604 319 κομιδῆ
1623 285 1671 318 τὴν
1691 285 1737 310 διὰ

960 333 1101 367 γραφικῶν
1117 332 1277 364 ἀποδείξεων
1290 332 1340 367 ἠδη
1353 331 1467 363 διάλεξιν
1479 339 1486 347 ·
1503 331 1545 366 [Ρ.
1559 330 1622 365 625]
1637 331 1737 365 ἣκιστα

961 377 1014 412 γὰρ
1031 376 1100 404 εἶναι
1114 386 1204 411 σφισιν
1218 377 1341 404 ἐντεῦθεν
1354 377 1403 408 τὰς
1419 377 1566 407 ἀποὸἁσεις
1581 375 1738 402 λυσιτελού-

962 431 1010 454 σας
1019 426 1026 432 ”
1043 422 1137 449 θᾶττον
1150 423 1204 457 γὰρ
1220 423 1252 449 ἂν
1267 423 1363 449 παθεῖν
1376 422 1420 456 ὑφ’
1430 422 1508 457 ἡμῶν
1523 422 1630 453 αὐτοὺς,
1642 423 1660 448 ἃ
1670 422 1739 456 δρᾷν

961 468 1022 495 καθ’
1037 469 1114 503 ἡμῶν
1129 469 1312 503 ὲμελέτησανί,
1330 469 1345 502 ἦ
1360 469 1425 504 δρᾷν
1439 468 1456 495 ἃ
1471 468 1566 495 παθεῖν
1580 469 1653 503 ἡμᾶς
1673 469 1739 502 ὲμε-

960 514 1088 549 λέτησαν.
1106 515 1249 541 Συνέθεντο
1262 513 1285 541 δ’
1296 515 1395 546 ἐξῶσαι
1414 515 1460 541 τοῦ
1477 515 1614 549 συνεδρίου
1631 515 1679 540 καὶ
1691 515 1739 540 τὸν

960 559 1050 593 Τύρου
1064 559 1212 586 ἐπίσκοπον
1220 560 1269 594 (6),
1283 559 1330 586 τοῦ
1346 559 1399 586 τῶν
1418 560 1578 594 Ἀντιοχέων
1596 558 1736 593 πατριάρ-

955 612 1003 638 χου
1024 603 1058 630 τὰ
1074 604 1164 631 δίκαια
1189 605 1321 640 φέροντα·
1342 605 1366 630 εἰ
1389 604 1411 630 δ’
1427 598 1562 637 ὲᾶτιμένων
1582 603 1735 634 ὲνίσταιτο,

956 649 1172 684 προϐαλλόμενος
1186 650 1235 684 τὴν
1247 650 1350 676 ἐκείνου
1362 650 1432 677 κατὰ
1445 646 1491 676 τοῧ
1504 649 1621 683 Παλαμᾶ
1635 648 1735 675 καθαί-

957 692 1030 727 ρεσίν
1043 701 1071 719 τε
1085 693 1131 720 καὶ
1138 694 1318 728 ᾶποκήρυξιν,
1333 695 1457 721 κάκεῖνον
1468 694 1541 728 αὐτῷ
1558 693 1736 727 συγκαθελείν

955 737 1034 769 εὐθὺς
1050 739 1094 765 καὶ
1110 739 1158 774 τῆς
1175 739 1251 773 ἡμῶν
1267 740 1391 774 ἐκτεμεῖν
1407 740 1576 774 Ἐκκλησίας.

132 786 202 813 situs
216 785 411 820 damnatusque
436 790 518 818 esset,
544 791 600 813 tum
618 787 706 822 ipsum
741 796 850 824 quoque
884 789 977 817 statim
1003 797 1065 818 cum
1093 791 1247 826 patriarcha
1281 796 1472 825 cxauctorare,
1500 796 1526 818 et
1549 792 1582 818 ab
1607 788 1737 817 Ecclesia:

133 836 230 858 nostra:
246 831 437 858 comtnunione
458 831 630 859 abscindere.

167 877 200 904 X.
215 877 293 904 Prius
308 878 397 911 itaque
425 883 484 909 nos,
512 878 684 905 contumeliis
707 883 734 905 et
759 879 901 907 calumniis

991 880 1019 907 l'.
1037 881 1118 908 Ὅθεν
1139 880 1237 912 ἕδνξεν,
1257 880 1350 914 ὕϐρεσι
1366 880 1413 906 καὶ
1427 879 1563 910 διαϐολαῖς
1577 880 1735 905 ἀποσκευα-

133 923 312 949 atrocioribus
326 921 475 956 perculsos,
492 929 616 949 amovere
632 927 773 958 statuunt;
789 933 842 959 quo
856 925 904 953 de-

133 969 197 996 inde
213 969 257 995 illa
271 969 362 996 omnia
389 969 421 995 ad
447 968 553 995 libitum
572 970 717 1004 tranquille
746 971 903 1005 decernant,

132 1019 159 1042 et
174 1022 224 1049 pro
241 1015 373 1049 dogmatis
385 1015 476 1042 haberi
489 1015 611 1051 jubeant,
635 1016 680 1043 ubi
698 1017 752 1052 jam
769 1024 849 1044 nemo
865 1017 906 1044 fu-

131 1065 210 1087 turus
227 1061 262 1091 sit
277 1061 322 1094 qui
338 1060 509 1088 adversetur.
521 1061 684 1096 Plerumque
712 1062 784 1089 enim
812 1066 840 1089 et
856 1070 906 1090 ste-

130 1106 193 1140 pius
218 1105 369 1133 ellicaciora
399 1113 458 1133 esse
488 1106 597 1134 aiebant
623 1114 655 1134 ea
687 1115 746 1142 quae
763 1107 904 1140 audacius,

130 1159 212 1185 quam
231 1159 291 1186 qua:
304 1151 413 1186 segnius
428 1157 582 1186 agerentur.
598 1152 626 1179 Id
645 1153 835 1187 episcoporum
847 1153 906 1180 ani.

130 1197 182 1224 mis
202 1204 326 1230 magnam
357 1197 497 1224 instillavit
519 1197 661 1224 libidinem
687 1198 840 1225 incessendi
855 1205 905 1226 nos

131 1242 256 1270 convitiis
274 1243 362 1277 palam
380 1250 411 1270 ac
426 1243 588 1276 petulanter,
607 1243 680 1270 velut
710 1243 744 1270 de
774 1243 904 1278 plaustro.

129 1288 236 1322 Ecquid
252 1295 334 1323 porro
349 1288 530 1316 deterioribus
545 1288 674 1323 ingeniis,
690 1289 718 1316 in
733 1289 832 1324 quibus
845 1296 906 1316 coa-

129 1335 178 1363 lita
194 1336 263 1362 inest
290 1334 353 1361 boni
381 1334 469 1361 omnis
485 1334 647 1369 ignorantia,
673 1335 758 1369 magis
774 1334 904 1369 proclive,

131 1387 212 1414 quam
230 1379 263 1406 ad
281 1380 389 1406 insanos
406 1379 520 1406 allectus
534 1379 588 1406 labi
614 1383 641 1407 et
654 1379 777 1414 impelli?
803 1380 906 1414 Nempe

129 1425 149 1451 ii
162 1424 253 1456 veriti,
269 1431 302 1451 ne
313 1432 346 1451 ex
361 1424 445 1452 sacris
465 1424 612 1458 Scripturis
626 1425 701 1459 impii
714 1430 903 1458 arguerentur,

130 1477 227 1504 magna
242 1478 349 1505 pompa,
368 1476 465 1504 magno
492 1475 624 1504 apparattt
642 1469 717 1497 velut
743 1470 771 1496 in
797 1470 906 1498 theatro

130 1515 279 1550 expositam
299 1515 380 1549 992
395 1513 562 1549 impietatem
587 1522 664 1542 suam
689 1522 720 1542 re
744 1515 904 1542 declarant:

956 926 1083 961 capévot;
1106 927 1238 961 πρότερον
1258 928 1331 961 ἡμᾶς
1352 925 1605 959 ἐκπληκτικώτερον
1621 925 1734 959 τρόπον,

955 971 1017 998 καθ’
1040 971 1155 1006 ἡσυχίαν
1181 971 1346 1006 ψηφίζεσθαι
1374 979 1403 997 τε
1431 970 1478 996 καὶ
1504 970 1676 1004 δογματίζειν
1701 974 1734 996 τὰ

955 1016 1056 1042 τοιαῦθ’
1073 1017 1181 1044 ἅπαντα
1197 1017 1266 1043 κατὰ
1283 1016 1407 1052 βούλησιν
1418 1036 1425 1048 ,
1444 1016 1538 1050 μηκέτ’
1553 1016 1628 1046 ὄντος
1644 1017 1673 1047 ὃς
1688 1017 1736 1042 ἀν-

955 1062 1111 1097 τιστήσεται
1128 1062 1258 1097 μηδενός·
1275 1060 1344 1089 εἶναι
1362 1063 1416 1096 γὰρ
1435 1063 1472 1093 ὡς
1487 1062 1520 1088 τὰ
1537 1062 1619 1088 πολλὰ
1635 1062 1735 1088 πολλά-

956 1116 998 1139 κις
1011 1107 1129 1141 ἔφασκον
1141 1109 1174 1134 τὰ
1188 1108 1241 1134 τῶν
1253 1108 1399 1143 δρωμένων
1411 1108 1564 1142 θρασύτερα
1578 1108 1665 1142 πολλῷ
1682 1108 1735 1134 τῶν

956 1155 1116 1189 πραοτέρων
1138 1154 1339 1189 ἀνυσιμώτερα.
1365 1153 1456 1180 Ταῦτα
1482 1154 1566 1180 πολὺν
1592 1154 1736 1186 ὲνέςταξεν

956 1197 1051 1232 ἵμερον
1066 1198 1125 1228 ταῖς
1138 1197 1193 1224 τῶν
1207 1198 1365 1224 ἐπισκόπων
1377 1197 1486 1232 ψυχαῖς,
1499 1197 1528 1229 ἐξ
1541 1196 1648 1231 ἀμάξης
1660 1197 1737 1224 ἀναί-

956 1243 1004 1277 δην
1018 1242 1252 1281 παὲὸησιάζεσθαι
1269 1243 1330 1269 καθ’
1347 1238 1436 1278 ἡμῶν.
1453 1243 1506 1270 Καὶ
1520 1243 1546 1269 τί
1563 1243 1618 1277 γὰρ
1633 1243 1736 1278 μοχθη-

957 1287 1081 1322 ροτέραις
1103 1288 1220 1322 ψυχαῖςι,
1241 1288 1344 1323 ἀμαθίᾳ
1361 1287 1612 1323 συντεθραμμέναις
1635 1288 1738 1319 παντὸς

956 1331 1075 1365 ἀγαθοῦ,
1091 1332 1155 1367 ῥᾷον
1170 1331 1233 1357 ἄλλο
1250 1331 1304 1358 τῶν
1329 1331 1416 1358 ἄλλων
1430 1331 1533 1366 τἕτερον,
1549 1331 1565 1366 ἢ
1584 1331 1652 1366 πρὸς
1674 1331 1737 1357 ό.τὸ-

957 1386 1024 1409 πους
1038 1378 1126 1412 ὁρμὰς
1140 1378 1282 1413 προτροπή
1297 1385 1304 1410 ;
1321 1377 1461 1408 Δείσαντες
1476 1377 1540 1412 γὰρ,
1555 1377 1592 1412 μὴ
1601 1376 1670 1411 πρὸς
1681 1376 1736 1404 τῶν

957 1423 1034 1449 θείων
1048 1423 1162 1458 Γραφῶν
1175 1423 1282 1453 ἀπεδείς
1297 1422 1502 1458 ἐξελεγχθῶσιν,
1514 1423 1640 1450 ἀσέϐειαν
1652 1422 1738 1457 δρῶσι

957 1469 1026 1495 πάνυ
1041 1470 1232 1504 πανηγυρικὴν
1244 1470 1311 1503 ὁμοῦ
1327 1472 1374 1495 καὶ
1387 1469 1535 1504 θεατρικήν
1547 1475 1555 1484 ο
1574 1469 1677 1502 ὅμοιον,
1686 1468 1738 1494 ὦσα

957 1523 1009 1549 περ
1026 1515 1058 1542 ἂν
1083 1515 1109 1542 εῐ
1126 1523 1169 1546 τις
1184 1515 1213 1541 ὲν
1229 1514 1341 1549 πελάγει
1359 1515 1519 1550 νηχόμενος,
1534 1514 1594 1542 εἶτα
1615 1516 1736 1550 ψεκάδας

131 1560 245 1594 perinde
263 1560 302 1587 illi
318 1560 458 1592 facientes,
479 1567 511 1586 ac
526 1560 547 1586 si
572 1560 633 1594 quis
650 1559 676 1586 in
701 1560 770 1587 mari
797 1565 902 1594 natans,

959 1561 1019 1587 ίδὼν
1031 1562 1077 1588 καὶ
1088 1561 1188 1596 βροχῆς
1203 1560 1312 1596 ἀμυδρὰ
1325 1561 1464 1595 προοίμια,
1475 1559 1576 1595 ὕφαλος
1589 1560 1737 1587 κατεδύετο

131 1604 214 1632 stillis
227 1604 336 1631 demum
350 1609 378 1631 et
390 1604 497 1631 levibus
519 1604 619 1639 pluviae
635 1604 775 1640 praeludiis
789 1612 906 1639 conspe-

131 1650 194 1682 etis,
209 1649 345 1684 profundo
366 1650 434 1682 mari
449 1657 509 1677 sese
525 1650 677 1685 immergat,
705 1657 740 1678 ne
755 1650 837 1678 aeriis
853 1650 906 1678 illis

134 1695 242 1723 roribus
258 1695 446 1731 perfundatur.

166 1741 213 1769 ΧΙ.
235 1742 340 1774 Etenim
358 1743 491 1775 Palamas,
511 1743 641 1778 paulatim
668 1742 731 1770 inde
745 1742 904 1776 abscedens,

132 1788 279 1815 auxiliares
294 1789 387 1822 copias
399 1788 517 1815 accitum
531 1788 592 1820 ivit,
610 1793 638 1815 et
659 1796 835 1823 quoscunque
848 1789 901 1816 cir-

131 1834 344 1868 cumstrependi,
375 1833 559 1868 obstrependi,
589 1837 617 1861 et
643 1834 797 1868 importune
824 1833 906 1861 obloq

131 1877 232 1911 quendi
269 1877 396 1904 facultate
423 1878 555 1912 pollentes
588 1877 709 1912 reperit,
736 1885 787 1905 eos
809 1885 905 1906 omnes

131 1923 312 1958 congregavit.
329 1923 360 1950 Ill
375 1928 466 1950 autem
492 1922 640 1950 insolentes
672 1922 777 1958 linguas
802 1923 830 1950 in
854 1930 905 1950 nos

132 1962 250 1995 acueban
255 1972 263 1994 ι
268 1987 274 1994 .

957 1607 1025 1640 πρὸς
1040 1603 1069 1634 τδ
1083 1606 1212 1641 πέλαγος,
1229 1607 1266 1642 μὴ
1285 1607 1424 1642 διὰὃροχος
1440 1607 1491 1634 ὑπὸ
1505 1606 1560 1634 τῶν
1575 1607 1674 1643 ἀερίων
1687 1607 1737 1641 ψε-

957 1652 1045 1680 κάδων
1063 1653 1172 1681 ἐκείνων
1189 1655 1311 1688 γένηται.

991 1741 1042 1769 ΙΔ¹.
1065 1742 1094 1769 '0
1117 1743 1166 1778 μὲν
1180 1741 1233 1778 γὰρ
1249 1742 1398 1776 Παλαμᾰς,
1417 1744 1599 1778 παρεγκλίνας
1618 1744 1734 1779 μικρὸν,

956 1787 1104 1822 ἐξενολόγει
1118 1788 1165 1814 καὶ
1178 1787 1339 1820 συνήθροιζε
1354 1788 1408 1815 τῶν
1425 1788 1603 1823 περιϐομϐεῖν
1621 1789 1667 1815 καὶ
1681 1797 1736 1815 πα-

957 1834 1103 1870 ρασομῦεϊν
1126 1834 1172 1861 καὶ
1191 1835 1436 1869 παραφθέγγεσθαι
1457 1834 1614 1868 δυναμένων
1633 1832 1673 1865 οἷς
1693 1836 1738 1861 ὲν-

955 1881 1119 1914 ετύγχανεν·
1141 1879 1167 1906 οι
1189 1879 1211 1905 δ’
1226 1880 1340 1915 ὴκόνουν
1361 1881 1410 1912 τὰς
1429 1880 1548 1912 ἀτόπους
1566 1880 1628 1907 καθ’
1654 1881 1735 1916 ἡμῶν

956 1926 1087 1960 γλώττας.

839 2023 951 2053 CAPUT
971 2023 1027 2051 νη.

130 2070 257 2107 Gregoras
276 2071 373 2106 aliique
389 2071 526 2107 orthodoxi
538 2071 743 2107 introeacqntur.
764 2071 1091 2107 Cantacuzenusminotur
1110 2070 1276 2107 grauissima.
1303 2069 1371 2104 Ejus
1387 2077 1445 2096 cum
1466 2068 1569 2107 Xerxe,
1593 2068 1735 2107 Persarum

166 2103 235 2140 rEge,
251 2103 423 2141 corltporatio.
442 2105 632 2141 Episcoporum
649 2106 845 2141 Palamitarum
861 2105 1003 2141 imperitia.
1022 2103 1166 2136 Ortltodoxi
1182 2105 1280 2141 frustra
1303 2103 1433 2141 conantur
1448 2104 1638 2141 contradicere.
1664 2103 1736 2130 Can-

167 2139 284 2167 tabuzeni
296 2139 382 2166 uultus
396 2144 420 2167 et
445 2139 694 2174 verba.'Gregoram
711 2140 831 2175 discipuli
849 2139 994 2166 timidiores
1012 2140 1153 2172 deserunt;
1176 2139 1223 2175 alii
1244 2139 1333 2165 silent.
1352 2140 1473 2175 Gregorw
1495 2143 1518 2164 et
1531 2140 1735 2175 orthodoxorum

165 2175 344 2209 episcoporum
367 2175 495 2206 secessio;
518 2182 579 2209 quos
599 2172 742 2209 imperator
764 2172 877 2208 primum
903 2175 975 2200 exire
997 2178 1082 2209 vetat;
1104 2174 1207 2205 deinde,
1222 2174 1347 2200 suadente
1372 2172 1498 2206 Polemo,
1523 2174 1595 2200 abire
1621 2172 1734 2207 patitur.

164 2208 319 2242 Palamitw,
335 2209 442 2244 egressis
458 2209 618 2241 orthodozis,
637 2208 827 2244 imperatorem
850 2209 1004 2236 adulantur.
1022 2208 1155 2243 Quidquid
1177 2208 1251 2234 libuit
1264 2209 1414 2235 decernunt.

162 2267 184 2294 1.
202 2266 322 2293 Tandem
334 2270 361 2293 ct
377 2266 457 2294 nobis
483 2266 614 2294 iracunde
637 2266 825 2298 introvocatis,
847 2266 903 2294 vio-
919 2270 942 2298 υ

125 2313 194 2340 lenti
208 2319 320 2347 prorsus
344 2315 371 2338 et
387 2311 420 2338 ad
435 2319 516 2338 omne
543 2311 632 2339 scelus
657 2311 776 2346 prompti
802 2311 829 2338 in
852 2319 902 2339 nos

127 2361 314 2393 consurgunt;
327 2364 358 2384 ac
375 2357 502 2384 Ecclesia:
515 2357 563 2384 Dei
589 2357 736 2391 antistites,
752 2358 771 2385 ii
786 2357 900 2390 scilicet,

127 2405 227 2439 quibus
241 2408 381 2438 pastorum
397 2410 497 2430 munus
510 2403 617 2438 obtigit,
642 2403 750 2430 vincam
780 2404 826 2430 Dei
855 2411 902 2430 va-

127 2453 208 2476 stant.
221 2448 322 2476 Otuitto
338 2453 446 2479 cetera,
461 2455 521 2482 qua:
535 2447 665 2475 adversus
691 2448 825 2482 ejusmodi
850 2448 900 2475 ho-

126 2495 214 2521 mines
230 2501 307 2520 sacra
322 2491 463 2527 Scriptura
479 2493 581 2528 tragice
597 2493 663 2520 olim
679 2493 851 2521 declamavit.

162 2539 193 2566 ll.
210 2540 248 2566 Ac
261 2538 377 2573 primum
391 2538 502 2573 quidem
515 2538 675 2572 imperator,
692 2538 738 2565 illo
751 2543 826 2566 metu
842 2539 900 2574 σείς

126 2589 210 2618 tatus,
225 2592 306 2619 quem
326 2584 415 2611 triduo
430 2587 492 2611 ante
505 2583 628 2611 Palamas
645 2584 735 2611 animo
749 2585 807 2619 ejus
820 2585 901 2612 altius

123 2632 310 2666 impresserat,
326 2629 498 2658 contumeliis
513 2634 541 2659 et
553 2629 635 2657 minis
647 2629 802 2663 dirissituis,
827 2630 901 2658 velut

992 2265 1033 2302 [Ρ.
1049 2265 1112 2301 624]
1122 2266 1161 2293 Δ’.
1176 2265 1390 2300 Είσκεκληκότες
1400 2264 1452 2300 γὰρ
1463 2264 1510 2291 καὶ
1519 2264 1591 2300 ἡμᾶς
1605 2263 1653 2297 ὀψὲ
1670 2263 1735 2296 μετ’

955 2312 1050 2348 ὀργῆς,
1066 2313 1147 2347 βίαιοι
1163 2311 1291 2343 καθάπαξ
1314 2311 1360 2337 καὶ
1379 2310 1490 2337 τὰνόσια
1508 2310 1595 2335 πάντα
1614 2308 1734 2341 γίνονται

956 2357 1088 2393 τολμηροὶ
1114 2356 1174 2384 καθ’
1189 2357 1281 2391 ήμῶν’
1298 2357 1345 2383 καὶ
1372 2356 1418 2390 τῆς
1435 2355 1481 2381 τοῦ
1496 2354 1564 2381 Θεοῦ
1585 2354 1733 2386 ἐκκλησίας

958 2403 1108 2435 προστάται
1123 2402 1169 2428 καὶ
1185 2403 1208 2428 οι
1224 2402 1380 2436 ποιμαίνειν
1396 2401 1521 2436 λαχόντες
1536 2399 1582 2426 τὸν
1602 2398 1647 2424 τοῦ
1663 2397 1733 2423 Θεοῦ

954 2448 1152 2482 διαφθείρουσιν
1170 2448 1334 2482 ἀμπελῶνα·
1353 2447 1399 2473 καὶ
1415 2448 1464 2472 ὅσα
1485 2445 1555 2472 κατὰ
1573 2444 1627 2470 τῶν
1642 2442 1733 2469 τοιού-

954 2502 1008 2520 των
1023 2494 1038 2529 ἡ
1052 2493 1111 2519 θεία
1127 2493 1299 2528 ἐτραγῴδησε
1313 2492 1397 2519 πάλαι
1415 2492 1518 2532 Γραφή.

990 2539 1027 2565 Β’.
1039 2539 1091 2565 Kal.
1107 2540 1214 2573 πρῶτον
1228 2539 1278 2573 μὲν
1291 2540 1304 2564 ὁ
1316 2537 1452 2572 βασιλεὺς,
1472 2536 1522 2562 ὑπὸ
1537 2535 1637 2565 δειλίας
1653 2533 1733 2560 ἐλαυ-

952 2585 1064 2620 νόμενος
1082 2585 1199 2620 ἐκείνης,
1221 2584 1254 2620 ἢν
1274 2585 1288 2611 ὸ
1311 2584 1443 2617 Παλαμᾶς
1461 2583 1594 2617 πρότριτσ.
1608 2581 1668 2611 ταῖς
1683 2580 1733 2613 τῆς

953 2631 1050 2658 ἑαυτοῦ
1067 2631 1154 2666 ψυχῆς
1170 2631 1328 2665 ὲνέσπειρεν
1341 2629 1447 2662 αὖλαξι,
1463 2628 1512 2659 τὰς
1526 2625 1731 2661 παλαμναιοτὰ-

797 2685 958 2717 Variorum
974 2689 1065 2718 notae.

159 2750 196 2784 (ϐ)
214 2748 283 2775 llinc
293 2748 568 2784 apparetepiscopum
581 2746 685 2784 Tyriin
694 2745 782 2784 prima
795 2750 898 2774 tantum
919 2748 1024 2776 actione
1040 2753 1201 2784 praesentem
1221 2747 1337 2776 concilio
1367 2746 1534 2775 interfuisse.
1557 2744 1624 2772 Vide
1646 2745 1733 2771 adno-

124 2781 176 2811 tata
190 2784 222 2809 ad
234 2784 280 2810 lib.
299 2781 354 2816 ﬁt,
366 2781 436 2818 cap;
449 2784 473 2814 4,
491 2781 565 2809 num.
582 2783 626 2814 15,
643 2781 726 2808 infra.
748 2781 851 2808 Bon‘m.
