1913 3069
120 165 187 196 1253
312 165 349 200 [Δ.
371 172 396 193 c.
419 165 499 203 l'55l]

625 170 845 202 ΒΥΖΑΝΤῙΝιΈ
864 173 1056 205 IIISTORL‘E
1077 177 1148 206 LIB.
1164 177 1225 208 XX.

1284 175 1351 212 [ωτι.
1372 185 1392 204 ι.
1411 183 1557 204 εΑκτΑειιΖ.
1579 177 1606 212 31
1665 179 1732 211 17m

119 231 169 254 τας
190 222 283 258 ὕϐρεις
299 224 345 250 καὶ¹
362 224 476 257 ἀπειλὰς
491 226 552 253 καθ’
573 227 653 262 ἡμῶν
673 228 839 262 ὲξετόξευεν,
857 230 907 257 οὐκ

968 232 1021 259 clis
1033 233 1208 267 quihusdam,
1221 235 1411 268 nosincessit;
1430 244 1483 264 non
1501 237 1546 264 ille
1564 238 1740 266 incolcndutn

126 269 302 296 Ἀτλαντικοῦ
330 270 368 304 (7)
400 272 566 307 κληρουχίας
595 273 747 309 πελάγους,
778 275 825 302 καὶ
853 269 906 311 vi};

119 316 246 350 ποιήσειν
256 316 307 348 ἔξω
323 317 373 351 τῆς
388 318 552 353 οἰκουμένης
563 319 674 354 (Ξέρξου
687 321 741 356 γὰρ
756 322 842 349 ταῦτα
860 323 907 350 καὶ

118 362 169 394 τῆς
195 362 301 388 ἐκείνου
327 362 498 399 βαρϐαρικῆς
519 366 649 398 ἀπονοίας
659 367 707 393 καὶ
724 368 831 402 τρυφῆς
849 366 905 403 ἦν),

121 407 188 435 ἄλλα
204 408 227 434 δ’
241 408 355 435 ἐκείνων
371 410 456 444 μείζω
473 411 520 437 καὶ
539 412 642 447 σφόδρα
655 414 804 449 ἀπᾴδοντα,
818 415 855 446 ὡς
870 415 909 441 εἰ·

122 453 236 488 ρήσεται
259 455 399 489 προϊόντος
416 455 576 490 τοῦ⁷λόγου.
594 459 654 485 Τῶν
670 459 724 494 γὰρ
742 461 841 487 ἀνίσων
861 462 909 488 καὶ

120 500 256 533 ἀνομοίων
273 501 365 535 ἀρχῶν
381 510 411 527 τε
436 503 483 528 καὶ
499 503 684 538 προαιρέσεων
705 505 785 532 ἄνισά
806 515 834 532 τε
862 508 909 533 καὶ

121 545 236 579 ἀνόμοια
252 547 360 578 πάντως
372 545 441 574 εἶναι
455 549 529 580 εἰκὸς
544 549 592 576 κα)⁸
599 550 633 577 τὰ
646 551 701 577 τῶν
715 553 909 587 πραττομένων

121 592 293 627 ἑκατέρωθεν
327 593 455 628 λήγοντα.
482 595 548 621 Οὐδὲ
579 595 633 630 γὰρ
663 596 777 632 πάτριον
807 598 910 629 ἐκεῖνος

121 638 259 672 ἐξώμνυτο
280 639 380 671 σέϐας,
396 640 455 667 οὐδὲ
480 640 628 676 θρησκείαν
646 641 795 677 θρησκείας
811 643 910 677 ἠλλατ-

121 693 192 716 τετο,
221 684 275 711 οὐδ’
304 685 373 713 ὲθών
396 686 442 713 καὶ
466 687 611 722 δογμάτων
629 688 677 724 ἔθη
704 690 751 716 καὶ
776 689 910 724 δόγματα,

121 728 246 755 παλαιῶν
262 731 406 766 καινότερα
423 732 470 757 καὶ
484 733 615 759 νεότακτα
629 740 636 748 ⁸
653 734 708 761 οὐδ’
724 735 823 770 ὅρκους
845 736 912 762 ἐπά-

121 783 163 800 τει
179 774 398 809 θρησκευομένου
409 777 487 804 Θεοῦ.

158 818 194 846 Γ.
213 821 242 846 Ei
256 821 283 847 δέ
299 830 341 853 τις
355 822 498 855 ὲνίσταιτο,
512 823 617 860 Ξέρξην
632 825 780 861 θαυμάζων
795 828 910 861 ἐκεῖνον,

122 867 163 893 ὅτι
182 868 233 902 γῆς
250 868 297 895 καὶ
314 868 452 904 θαλάσσης
468 867 536 905 ἦρχε
553 871 623 898 πάνυ
639 881 680 899 τοι
698 873 845 908 πλείστης,
858 875 912 900 ’καὶ

124 914 240 948 στρατὸν
250 914 370 950 ἐπήγετο
385 916 581 952 μυριάριθμον,
596 915 632 944 ὦν
645 919 724 952 ἡμεῖς
736 920 913 947 παντάπασιν

125 961 300 996 ἐστερήμεθα
313 969 319 976 ·
343 961 412 989 ἀλλὰ
431 962 564 998 θεοτήτων
587 964 635 990 καὶ
648 964 723 990 Θεῶν
744 965 866 1000 ἀπείρων
883 975 913 992 τε

124 1007 172 1031 καὶ
187 1007 322 1033 ἀκτίστων
340 1007 440 1042 ἥκιστα
465 1005 523 1043 εἶχε
538 1009 708 1044 στρατόπεδα
720 1018 727 1025 ·
747 1010 813 1037 ἀλλὰ
835 1009 914 1038 πάντ’

124 1050 195 1087 ἦσαν
216 1053 288 1088 αὑτῷ
304 1054 400 1080 κτιστὰ
419 1053 465 1081 καὶ
480 1054 563 1089 θνητὰ
577 1055 639 1081 κατ’
654 1056 747 1083 αὐτόν.
766 1057 798 1083 Ὃ
812 1057 844 1092 δὴ
867 1058 914 1084 καὶ

126 1098 208 1130 αὐτὸς
223 1096 311 1134 ἐαυτῷ
327 1099 533 1134 μεμαρτύρηκε,
543 1099 590 1127 νῦν
601 1100 651 1136 μὲν
666 1101 762 1136 γελῶν,
773 1101 821 1128 νῦν
835 1102 862 1129 δὲ
874 1103 916 1130 δα-

125 1144 228 1178 κρύωνυ
241 1144 271 1170 τὸ
281 1144 329 1179 μὲν
343 1144 383 1171 ὅτι
398 1144 527 1179 πλείστης
534 1136 651 1182 η’πείρου
659 1147 706 1173 καὶ
719 1146 854 1183 Θαλάττης
868 1149 915 1175 καὶ

126 1189 316 1224 στρατοπέδων
347 1189 427 1225 ἄρχει
453 1191 620 1226 παμπόλλων
631 1199 638 1207 ·
656 1191 685 1218 τι
699 1191 727 1218 δὲ
739 1192 793 1224 ὅτι,
809 1193 915 1227 Θνητῶν

128 1236 176 1261 καὶ
191 1235 368 1271 προσκαίρων
381 1236 570 1271 ὑπαρχόντων,
582 1237 670 1269 οὐδεὶς
685 1237 754 1274 ὑπὲρ
773 1239 807 1265 τὰ
820 1239 915 1265 ἑκατὸν

127 1279 204 1308 ἔσται
218 1283 380 1318 φαινόμενος
395 1283 454 1316 ἔτη,
469 1283 524 1310 οὒτ’
535 1284 629 1317 αὐτὸς,
643 1283 699 1312 οὔτ’
712 1285 799 1317 οὐδεὶς
809 1285 915 1321 οὐδαμῆ

101 1336 106 1339 ί
127 1328 180 1354 τῶν
200 1328 274 1364 αὐτῷ
296 1329 446 1363 ἑπομένων.
462 1329 503 1365 [Ρ.
518 1329 581 1366 6‘25]
606 1331 643 1357 Οὐ
663 1332 718 1366 γὰρ
738 1329 772 1366 ἦν
790 1340 832 1358 πω
855 1332 915 1359 τότε

127 1373 273 1408 Παλαμᾶς,
291 1374 352 1401 οὐδὲ
367 1375 405 1410 τῷ
419 1375 509 1410 πολλῷ
525 1377 607 1412 συνῆν
626 1377 724 1412 ἐκείνῳ
741 1377 846 1412 βασιλεῖ
864 1387 916 1405 πα-

128 1420 279 1455 ραπλήσιος
294 1421 322 1446 ὲν
331 1421 469 1452 τοσούτοις
480 1422 683 1458 στρατεύμασιν
696 1423 784 1456 οὐδεὶς
799 1424 916 1460 Παλαμᾷ

128 1466 237 1502 τουτῳῒ,
263 1467 396 1503 τεχνητὴν
419 1468 519 1500 κτίζων
536 1469 686 1496 ἀθανασίαν
709 1471 757 1497 καὶ
774 1471 914 1505 ἀκτισίαν,

129 1511 255 1546 καθάπερ
274 1512 336 1543 τοὺς
358 1514 507 1549 κεραυνοὺς
524 1515 571 1540 καὶ
593 1515 756 1550 πρηστῆρας
771 1516 803 1543 ἐκ
821 1517 873 1552 γῆς
891 1519 914 1545 οἱ

957 277 1124 306 Atlanticum
1142 288 1227 312 mare,
1247 289 1298 308 nee
1321 287 1399 309 extra
1431 287 1530 310 terram
1565 284 1742 312 habitabilem

959 326 1105 359 qumrenda
1122 327 1217 354 exsilia
1231 327 1413 355 comminatus
1426 329 1537 364 (quippe
1554 329 1610 358 hinc
1625 331 1743 359 Xerxem

958 375 987 397 et
1004 371 1175 398 barbaricam
1189 373 1248 407 ejus
1266 373 1430 400 dementiam
1446 382 1479 402 ac
1499 375 1638 403 lasciviam
1664 377 1745 404 det-e-

961 416 1048 449 bant),
1061 417 1108 444 sed
1123 418 1175 444 alia
1189 418 1232 446 his
1241 419 1365 453 graviora
1381 424 1407 447 et
1424 421 1541 448 multum
1556 421 1744 454 abhorrentia,

962 471 991 493 ut
1009 466 1207 494 infra-dicetur.
1225 468 1338 496 Scilicet
1353 469 1400 496 ubi
1417 470 1552 505 principia
1569 475 1596 498 et
1622 472 1745 499 instituta

963 512 1108 547 inzeqnalia
1125 518 1155 540 et
1168 514 1312 542 dissimilia
1340 521 1416 547 sunt,
1433 516 1471 543 ibi
1496 517 1578 544 etiam
1599 518 1748 553 inaequales

962 562 988 584 ct
1003 558 1152 586 dissimiles
1168 560 1297 594 utrinque
1311 568 1371 588 esse
1396 562 1537 589 actionum
1559 563 1650 590 exitus
1667 564 1748 598 plane

961 609 1174 632 consentaneum
1188 610 1241 632 est.
1260 607 1345 634 Porro
1357 607 1403 634 ille
1429 615 1494 635 nec.
1510 608 1670 643 religionem
1703 617 1749 644 pa-

963 650 1044 678 triam
1061 651 1249 686 abiuraverat,
1267 661 1318 681 nec
1336 661 1442 681 morem
1475 654 1686 690 doctrinamque
1704 663 1750 682 vc-

963 702 1048 725 tercm
1064 705 1135 725 novo
1165 706 1314 734 recensque
1337 701 1486 727 Constituto
1511 709 1588 729 more
1611 702 1750 729 doctrina-

963 751 1016 778 que
1031 748 1197 777 Inutaverat,
1226 753 1276 772 nec
1296 746 1388 777 ﬁdem.
1418 747 1442 774 ei
1461 755 1542 781 quem
1568 748 1676 776 colebat
1694 748 1751 775 Deo

961 789 1043 824 993
1055 790 1189 825 juratam,
1205 791 1322 825 pedibus
1336 792 1502 827 subjecerat.

1000 834 1044 862 Ill.
1062 835 1140 868 Quod
1159 836 1181 863 si
1195 836 1259 871 quis
1271 836 1389 864 Xerxem
1419 837 1497 865 illum
1527 838 1644 867 miratus
1668 841 1752 868 instet

930 900 949 927 Β
964 889 996 909 ac
1018 881 1101 912 dicat.
1118 890 1180 909 eum
1199 887 1280 910 terrae
1295 887 1323 911 et
1340 884 1423 911 maris
1448 884 1582 912 tractibus
1597 891 1679 920 quam
1693 885 1753 913 lon-

964 927 1085 962 gissimis
1099 927 1259 962 imperasse,
1284 932 1312 955 et
1336 927 1553 957 innumerabiles
1566 937 1660 957 secum
1674 938 1753 958 exer-

964 973 1037 1001 citus
1050 965 1190 1006 ducta'sse,
1204 974 1305 1010 quibus
1321 981 1372 1001 nos
1399 975 1483 1002 rebus
1500 976 1613 1003 omnino
1641 976 1753 1004 deﬁcia-

964 1027 1027 1057 mur
1047 1027 1054 1046 :
1073 1023 1102 1046 at
1135 1019 1158 1046 is
1186 1020 1421 1056 (respondebitur)
1452 1020 1609 1048 divinitates
1632 1022 1752 1057 deosque

964 1065 1089 1093 inﬁnitos
1105 1070 1133 1093 et
1160 1065 1297 1093 increatos
1328 1067 1354 1093 in
1372 1067 1470 1094 castris
1487 1067 1599 1095 minime
1615 1067 1751 1100 habebat;

964 1111 1012 1138 sed
1033 1116 1113 1138 erant
1130 1111 1169 1138 illi
1185 1111 1278 1138 omnia
1293 1118 1384 1139 creata
1399 1117 1427 1140 et
1443 1113 1582 1146 mortalia,
1609 1113 1690 1148 eique
1718 1114 1754 1140 si-

965 1156 1049 1184 milia.
1062 1156 1147 1192 Cujns
1160 1157 1199 1185 rei
1217 1162 1244 1185 et
1277 1157 1334 1192 ipse
1364 1158 1416 1185 sibi
1432 1159 1510 1185 testis
1526 1158 1588 1191 fuit,
1616 1167 1691 1187 nunc
1717 1159 1755 1185 ri-

964 1203 1065 1237 dendo,
1081 1211 1155 1231 nunc
1170 1203 1272 1231 ﬂendo.
1300 1204 1538 1243 Ridebat‘autem
1553 1225 1560 1237 ,
1581 1205 1654 1240 quod
1669 1206 1755 1239 impe-

965 1249 1036 1276 rium
1052 1253 1125 1277 terra
1138 1254 1167 1278 et
1190 1250 1259 1277 mari
1279 1250 1412 1278 latissime
1436 1255 1533 1285 patens
1556 1254 1584 1278 et
1615 1251 1754 1279 exercitus

964 1295 1207 1322 numerosissimos
1220 1295 1350 1328 haberet;
1376 1295 1448 1322 idem
1466 1295 1558 1326 ﬂebat,
1590 1296 1663 1330 quod
1689 1303 1751 1323 cum

965 1340 994 1368 hi
1010 1341 1142 1368 mortales
1156 1345 1185 1368 et
1195 1341 1294 1373 caduci
1315 1341 1348 1369 ad
1373 1345 1479 1369 certum
1496 1345 1606 1376 tempus
1627 1341 1753 1370 duratnr'l

964 1390 1066 1418 essent,
1096 1393 1178 1414 nemo
1208 1391 1269 1421 post
1297 1387 1478 1414 centesimum
1504 1395 1606 1414 annum
1633 1394 1750 1421 usquam

964 1431 1170 1470 compariturus
1181 1432 1264 1463 foret.
1277 1440 1333 1460 non
1353 1433 1425 1467 ipse,
1457 1440 1512 1460 non
1539 1433 1611 1460 ullus
1637 1433 1707 1459 alius
1721 1440 1754 1460 ex

965 1477 1010 1509 iis,
1025 1477 1073 1512 qui
1088 1485 1118 1505 se
1132 1482 1326 1513 sequerentur.
1348 1478 1484 1506 Nimirum
1501 1486 1535 1506 eo
1563 1482 1687 1513 tempore
1702 1478 1753 1505 Pa-

966 1523 1053 1550 lamas
1078 1523 1200 1551 nondum
1215 1528 1286 1556 erat.
1320 1531 1372 1551 nec
1400 1524 1427 1551 in
1447 1528 1522 1551 tanto
1547 1525 1670 1551 exercitu
1691 1531 1754 1551 cum

130 1558 283 1590 Κύκλωπες
298 1559 383 1586 πάλαι
396 1560 467 1586 κατὰ
480 1561 542 1592 τοὺς
557 1561 660 1596 μύθους
673 1562 711 1596 τῷ
724 1562 766 1588 Διῒ
775 1570 782 1577 ·
797 1563 914 1592 ἐνταῦθα

968 1577 1033 1604 rege
1047 1569 1239 1604 potentissimo
1253 1571 1416 1597 versabatur
1447 1570 1592 1605 quisquam
1619 1569 1684 1598 huic
1702 1570 1754 1596 Pa-

128 1603 155 1630 δὲ
170 1605 232 1636 τοὺς
243 1604 379 1637 τοιούτους
391 1605 488 1640 φόϐους
503 1606 664 1642 ὑπερορίους
676 1606 756 1640 εἶναι,
769 1609 816 1635 καὶ
830 1609 915 1644 λήθης

129 1649 317 1676 καλύπτεσθαι
330 1651 403 1685 μάλα
419 1652 555 1688 πυθμέσιν
578 1653 763 1688 ὑποϐρυχίοις,
783 1653 825 1681 ἆτ’
839 1655 917 1682 ἀκτί-

130 1704 201 1722 στων
223 1696 280 1730 ἅμα
307 1698 354 1723 καὶ
378 1685 521 1724 ἀθανάτων
537 1697 592 1724 τῶν
612 1697 636 1725 τ’
651 1685 773 1734 ’ἑλόντων
793 1699 851 1735 ἅμα
869 1703 916 1729 καὶ

130 1743 184 1776 τῶν
199 1744 230 1770 ἐκ
245 1744 297 1770 τῶν
313 1744 488 1779 ὑπαρχόντων
505 1745 553 1780 (8).
571 1743 645 1772 Εἶεν.

967 1615 1047 1642 Iamne
1061 1615 1170 1648 similis,
1186 1616 1233 1650 qui
1250 1616 1484 1643 immortalitatem
1500 1619 1528 1642 et
1541 1616 1690 1642 incrcatam
1709 1623 1757 1642 na-

969 1662 1057 1685 turam
1074 1666 1123 1693 per
1136 1663 1223 1686 artem
1238 1663 1358 1691 crearet,
1374 1659 1608 1693 quemadmodum
1630 1659 1665 1686 de
1684 1663 1756 1686 terra

969 1705 1035 1732 olim
1052 1704 1168 1732 fulmina
1185 1710 1213 1732 ct
1225 1705 1279 1732 tela
1298 1705 1376 1740 ignea
1391 1705 1452 1732 Jovi
1465 1705 1582 1732 fabulosi
1597 1705 1637 1732 illi
1657 1704 1755 1739 Cyclo-

969 1757 1028 1784 pes.
1048 1749 1118 1777 llinc
1131 1758 1196 1778 vero
1211 1752 1290 1786 longe
1307 1752 1407 1778 absunt
1437 1752 1455 1778 ii
1488 1755 1589 1782 metus,
1621 1750 1755 1777 altissima

132 1790 270 1818 oblivione
286 1790 358 1818 Vt'lUl
376 1791 506 1825 demersi,
520 1796 664 1828 propterea
674 1794 746 1828 quod
762 1793 875 1822 incrcati
886 1800 915 1823 et
934 1796 1105 1825 immortales
1120 1797 1175 1824 sint
1206 1802 1263 1824 tum
1294 1798 1443 1833 principes,
1459 1802 1517 1825 tum
1543 1798 1560 1824 ii
1592 1797 1638 1832 qui
1655 1797 1756 1831 princi-

130 1839 213 1873 pibus
226 1844 332 1873 parcnt.

168 1885 204 1912 A'.
225 1886 401 1921 Ἀρξαμὲνων
412 1887 434 1914 δ’
450 1887 514 1921 ἑξῆς
525 1888 633 1915 καὶτῶν
648 1889 807 1916 ἐπισκόπων
815 1889 920 1923 λαλεῖν,

131 1929 164 1965 ἦν
180 1931 288 1957 ἀκούειν
301 1931 348 1958 νῦν
363 1932 412 1966 μὲν
425 1932 542 1959 δικτύων
554 1934 601 1959 καὶ
614 1933 752 1969 θαλάσσης
768 1935 920 1966 ἀπάξοντας

132 1977 242 2010 λόγουςο
260 1977 306 2003 νῦν
322 1977 350 2003 δὲ
368 1979 510 2013 σκαπάνης
523 1979 594 2011 τινος
610 1981 657 2007 καὶ
669 1980 793 2015 δικέλλης
809 1980 900 2012 ἀξίους
912 1990 919 1997 ·

132 2023 180 2050 νῦν
201 2023 224 2049 δ’
250 2023 326 2051 οὐδὲν
353 2025 512 2058 καμινιαίας
540 2025 655 2060 adeam;
682 2026 855 2059 ἀπεοικότας,
880 2026 920 2062 τῷ

133 2069 250 2104 ἁμαυρῷ
275 2078 304 2096 τε
333 2065 503 2105 και’δυσήχῳ
519 2071 566 2097 xui.
591 2071 719 2107 ἁνάρθρῳ
744 2073 793 2106 τῆς
818 2072 923 2104 λαλιᾶς.

134 2116 189 2141 Καὶ
202 2115 337 2142 συνελόντι
352 2116 444 2150 φάναι,
458 2116 528 2149 πλὴν
538 2116 593 2143 τῶν
607 2117 799 2144 ἐπισκοπικῶν
809 2117 924 2152 ἐνδυμά-

133 2169 188 2186 των
202 2161 277 2187 οὐδὲν
297 2161 371 2195 ὑγιὲς
386 2162 452 2197 ὁρᾷν
467 2162 514 2188 καὶ
532 2161 642 2189 ἀκούειν
658 2162 726 2194 τέως
744 2160 778 2198 ἦν
797 2162 865 2190 ἐκεῖ.

1006 1891 1051 1919 ιν.
1071 1892 1204 1926 Deinceps
1222 1900 1285 1919 cum
1300 1895 1328 1919 et
1353 1892 1476 1927 episcopi
1505 1891 1580 1926 loqui
1596 1891 1755 1926 cmpissent,

970 1936 1066 1964 audire
1077 1942 1137 1964 erat
1152 1945 1200 1964 eos
1215 1944 1367 1967 sermones.
1381 1937 1429 1971 qni
1446 1944 1519 1964 nunc
1532 1936 1602 1964 retia
1631 1942 1659 1964 et
1682 1943 1757 1963 mare

969 1981 1136 2014 redolereut,
1154 1990 1228 2009 nunc
1252 1976 1391 2010 sarculum
1418 1987 1445 2009 et
1464 1982 1582 2016 ligonem
1616 1987 1756 2022 saperent.

972 2035 1046 2055 nunc
1066 2027 1185 2055 fornacis
1200 2028 1315 2063 fuligine
1329 2028 1407 2055 tincti
1426 2028 1598 2055 viderentur.
1614 2027 1691 2054 Adeo
1709 2027 1758 2054 ob-

972 2080 1064 2103 scura,
1081 2077 1108 2100 et
1124 2081 1191 2100 sono
1204 2073 1263 2108 ipso
1276 2073 1344 2100 dura
1357 2092 1364 2104 ,
1395 2081 1447 2100 nec
1472 2073 1541 2100 bene
1562 2073 1686 2100 articulis
1714 2073 1759 2100 di-

971 2120 1082 2150 stincta,
1100 2120 1207 2146 illorqu
1223 2120 1311 2146 oratio
1329 2124 1398 2146 erat.
1414 2119 1449 2146 L't
1465 2118 1560 2154 paucis
1576 2119 1675 2150 dicam.
1689 2118 1757 2145 nihil
1796 2152 1806 2159 ν

974 2171 1032 2195 tum
1046 2167 1129 2203 frugi,
1145 2159 1229 2202 9'94
1242 2169 1340 2200 praeter
1351 2165 1535 2201 episcopalem
1549 2164 1685 2197 habitum,
1701 2165 1759 2192 illic

974 2214 1017 2241 vel
1032 2213 1144 2240 videres
1157 2213 1199 2240 vel
1212 2213 1334 2240 audires.

171 2251 210 2278 E'.
233 2251 422 2286 Βουληθέντων
439 2252 467 2278 δὲ
483 2251 530 2278 καὶ
547 2252 625 2288 ἡμῶν
641 2252 874 2287 ἀντιφθέγξασθαί
893 2262 914 2279 τι

1009 2261 1040 2288 V.
1063 2261 1226 2288 Veientibus
1243 2264 1335 2287 autem
1349 2259 1427 2286 nobis
1442 2258 1581 2293 paululum
1597 2262 1693 2285 contra
1718 2243 1762 2284 lii-

137 2299 245 2333 μικρδν,
260 2300 394 2333 κραυγαῖς
405 2299 522 2333 ἀσήμοις
534 2307 563 2326 τε
577 2300 625 2326 καὶ
636 2298 782 2334 ἀνάρθροις
797 2300 844 2326 καὶ
859 2308 922 2327 συν-

135 2345 194 2379 εχεί
213 2345 326 2379 πατάγῳ
343 2345 442 2380 χειρῶν
461 2345 618 2381 ἐξεπίτηδες
633 2345 707 2381 ἡμᾶς
726 2354 756 2372 τε
775 2345 921 2380 ὑπερεφώ-

138 2399 199 2418 νουν
223 2392 321 2418 ἐκεῖνοι
343 2392 391 2418 καὶ
416 2393 522 2428 σιωπᾷν
547 2391 768 2427 κατηνάγκαζον,
795 2392 922 2427 καθάπερ

137 2439 323 2474 ἁγριουμένης
345 2438 480 2472 θαλάττης
497 2439 638 2474 μεμηνότα
657 2438 767 2473 κύματα
789 2439 851 2469 τοὺς
871 2438 923 2465 ἀνὰ

137 2486 183 2512 τὸν
199 2485 322 2518 αἰγιαλὸν
335 2484 496 2519 ὁμιλοῦντας
511 2485 612 2520 ἡρέμα.
631 2485 682 2511 Ἐὦ
701 2485 755 2520 γὰρ
770 2484 870 2518 λέγειν,
882 2485 924 2513 ὅτι

139 2531 204 2564 παρ’
223 2530 299 2558 οὐδὲν
316 2530 482 2565 ἐληλύθεσαν
494 2532 569 2566 ἡμᾶς
581 2531 737 2566 διαρρῆξαι,
753 2531 879 2566 καθάπερ
893 2533 922 2558 αι

138 2577 243 2611 Βάκχαι
266 2577 350 2604 πάλαι
377 2577 491 2610 Πενθέα,
515 2579 596 2613 φασὶν
619 2577 805 2609 ἀττικίζοντες
830 2577 922 2612 μῦθοι,

143 2623 214 2649 Ἀλλ’
235 2623 314 2658 ημῶν
333 2631 364 2656 γε
390 2624 573 2658 ἐπιμενόντων
597 2624 647 2657 ἐτι,
673 2624 719 2650 καὶ
741 2624 843 2658 μικράν
861 2632 923 2650 τινα

138 2668 218 2701 λόγου
232 2668 384 2704 ζητούντων
395 2670 485 2704 χώραν
497 2671 562 2705 ἡμῖν
576 2670 746 2705 ἐγγενέσθαι,
759 2669 814 2697 οὔτ’
826 2671 925 2706 ἤκουεν

138 2715 201 2742 οὔτε
217 2717 360 2752 προσεῖχεν
372 2716 469 2748 οὐδείς.

974 2314 1062 2339 scere,
1090 2306 1129 2333 illi
1155 2306 1190 2333 de
1216 2305 1352 2333 industria
1386 2303 1557 2332 indistinctis
1584 2304 1761 2339 confusisque

975 2352 1142 2380 clamoribus
1154 2351 1246 2384 editis,
1273 2356 1302 2378 et
1328 2350 1478 2386 complosis
1504 2358 1591 2384 usque
1622 2350 1759 2381 manibus,

976 2403 1085 2426 nostras
1099 2405 1182 2425 voces
1196 2398 1360 2430 vincebant,
1383 2402 1412 2425 et
1435 2404 1495 2428 nos,
1522 2397 1598 2423 velut
1622 2395 1761 2423 swvicntis

976 2445 1063 2479 pelagi
1081 2444 1203 2471 furentes
1221 2443 1302 2470 unda:
1316 2450 1374 2474 eos,
1404 2443 1451 2477 qui
1479 2444 1507 2470 in
1537 2443 1628 2470 littore
1653 2441 1761 2476 placide

976 2490 1181 2524 colloquuntur,
1213 2489 1400 2516 conticescere
1417 2489 1562 2523 cogebant.
1589 2488 1656 2515 Nam
1687 2487 1758 2521 quod

975 2536 1044 2563 nihil
1063 2535 1191 2568 abfuerit,
1219 2535 1284 2569 quin
1311 2542 1361 2562 nos
1380 2534 1430 2566 illi,
1459 2540 1488 2561 ut
1513 2534 1580 2560 olim
1607 2533 1759 2560 Pentheum

976 2581 1088 2608 Bacchte
1100 2581 1200 2608 fabulis
1218 2580 1317 2607 Atticis
1330 2579 1485 2610 celebratae,
1515 2579 1687 2611 membratim
1704 2577 1760 2605 dis-

976 2633 1130 2661 cerpercnt,
1147 2627 1174 2653 id
1185 2626 1296 2660 quidem
1312 2633 1361 2659 ego
1374 2625 1453 2652 sileo.
1483 2625 1523 2651 Ac
1537 2631 1694 2658 quanquam
1712 2623 1760 2650 ad-

975 2670 1029 2697 huc
1047 2675 1237 2704 exspectantes
1254 2677 1438 2700 maneremus,
1458 2673 1486 2695 et
1506 2673 1535 2695 ut
1551 2667 1631 2695 nobis
1642 2667 1759 2702 exiguus

974 2716 1070 2743 saltem
1081 2716 1190 2743 dicendi
1208 2716 1286 2742 locus
1303 2718 1377 2742 esset
1391 2714 1605 2749 postularemus,
1614 2721 1694 2741 nemo
1708 2720 1759 2741 nec

974 2762 1079 2789 audivit
1096 2769 1145 2789 nec
1159 2762 1279 2788 animum
1296 2761 1425 2788 advertit.

821 2807 985 2839 Vuriorum
1009 2812 1103 2839 nota}.

180 2854 217 2880 l7!
233 2854 342 2882 Λιὶεςιίιί.
358 2855 383 2882 in
400 2855 547 2882 Pavet/Im.
567 2855 668 2881 liun’tN.

179 2889 217 2923 (ὅ)
235 2889 271 2917 Ita
296 2898 406 2926 quoque
434 2890 594 2918 Vaticanum
623 2891 771 2924 caemplar.
802 2891 918 2918 Sensum
938 2894 1004 2925 puto
1019 2897 1151 2916 cumesse
1165 2896 1245 2923 quem
1258 2887 1390 2923 expressi.
1408 2887 1514 2915 Botvm.
