1913 3069
125 129 190 162 133,-)
314 128 350 163 [Α.
371 135 395 155 c.
418 127 496 163 1551]

120 190 202 224 ἡμεῖς
232 188 328 224 ἐράνου
361 188 438 223 δίκην
471 188 612 223 εἰληφότες

121 235 329 270 παρεθήκαμεν.
350 244 358 260 ι
384 235 413 261 '0
440 235 520 266 σάλος
536 235 590 270 γὰρ
607 235 695 270 (φησὶ)
712 235 768 261 τῶν
793 234 907 268 Ἐκκλη-

122 281 188 306 σιῶν
200 276 278 311 οὗτος
298 281 369 310 τίνος
388 280 438 306 οὐκ
453 280 510 306 ἐστι
527 280 674 306 θαλασσίου
700 280 755 314 (‘20)
775 279 908 310 κλύδωνος

121 326 309 361 ἀγριώτερος;
325 326 353 352 ὲν
380 322 401 358 ᾧ
418 326 471 352 πᾶν
491 326 540 360 μὲν
563 326 636 360 ὄριον
656 326 781 360 πατέριον
800 324 909 360 κεκίνη-

123 381 178 404 ται,
193 372 246 402 πᾶς
261 371 287 398 δὲ
302 371 436 406 θεμέλιος,
453 372 498 397 καὶ
516 371 543 396 εἰ
562 380 586 398 τι
607 371 739 406 ὀχύρωμα
752 371 906 405 δογμάτων,

123 417 311 444 διασαλεύεται
323 424 329 431 ·
342 417 477 443 κλονείται
496 417 522 443 δὲ
540 417 629 443 πάντα
649 418 696 443 καὶ
718 417 908 443 κατασείεται.

123 464 156 489 Δί
171 463 192 489 δ’
212 464 243 489 ὲκ
260 463 315 489 τῶν
341 463 478 498 ἀρχόντων
498 463 544 489 τοῦ
572 463 675 498 κόσμου
692 464 788 489 τούτου
807 463 909 494 ἐπαγιᾶ⁴

126 517 205 543 μεναι
221 508 340 542 τιτροιχοιδ⁵
358 509 439 539 ποίας
463 509 523 542 οὐχὶ
547 508 659 542 θυέλλης
678 510 725 534 καὶ
752 507 910 540 καταιγίδος

125 554 274 589 βαρύτερον
287 554 350 584 τοὺς
369 553 449 585 λαοὺς
465 554 667 588 ἁνατρέπουσις
684 554 809 588 κατηφὴς
826 553 853 578 δέ
868 561 910 584 τις

124 601 209 632 δντως
223 601 270 627 καὶ.
289 600 391 634 στυγνὴ
408 602 562 635 σκοτομήνη
585 602 634 632 τὰς
657 601 820 634 Ἐκκλησίας
840 600 912 625 ἐπέ-

125 654 177 680 χει.
198 645 243 671 Διὺ
259 646 359 676 πάντες
374 645 484 678 ὁμοίως,
500 646 559 671 καθ’
574 646 602 672 ὃν
622 645 653 672 ἂν
669 645 783 675 ἕκαστος
797 645 910 677 δύνηται

125 692 237 726 τρόπον,
249 691 299 723 τὰς
311 692 424 725 φονικὰς
438 692 533 726 χεῖρας
547 692 672 726 ἀλλήλοις
687 692 908 725 ἁντεπιφέρουσι.

126 737 245 772 Τραχεῖα
261 736 288 763 δέ
306 744 348 767 τις
363 737 472 772 κραυγὴ
486 736 540 763 τῶν
555 736 585 768 ἐξ
600 737 754 770 ἀντιλογίας
776 744 911 770 παρατρι-

126 784 247 817 ϐομένων
262 783 387 818 ἀλλήλοις
413 783 460 810 καὶ
482 783 530 818 βοὴ
554 783 661 817 ἄσημος
687 783 735 808 καὶ
767 782 910 816 δύσκριτος

124 826 190 864 ἦχος
211 830 244 856 ὲκ
257 829 309 855 τῶν
324 829 464 863 ἀσιγήτων
480 829 603 864 θορύϐων
620 830 710 856 πᾶσαν
724 828 766 865 [Ρ.
782 828 847 864 659]
860 827 910 862 ήδη

126 861 220 909 σχεδὸν
243 861 407 909 Ἐκκλησίαν
421 861 614 909 πεπλήρωκεν,
635 875 683 900 ἐπὶ
698 861 850 909 ὑπερσολὰς
865 861 912 899 καὶ
927 861 948 888 Β

126 920 258 955 ἐλλείψεις
274 921 304 947 τὺ
329 920 407 952 εὒθὲς
432 921 519 954 δόγμα
543 920 593 955 τῆς
617 920 757 951 εὑσεὸείας
774 927 911 955 παρατρε-

126 967 244 994 πόντων.
264 964 311 998 Εἷς
330 967 359 993 δὲ
377 967 440 1000 ὅρος
458 967 549 1001 φιλίας
570 967 600 993 τὸ
616 966 677 992 καθ’
696 966 792 1001 ἡδονὴν
812 966 910 996 εἰπεῖν,

125 1013 174 1039 καὶ
193 1012 295 1047 ἔχθρας
309 1012 431 1047 ἀρκοῦσα
448 1012 584 1047 πρόφασις
598 1012 628 1038 τὸ
647 1011 684 1047 μὴ
699 1002 837 1046 συμϐῆναι
851 1012 912 1042 ταῖς

125 1059 226 1090 δόξαις.
242 1059 334 1092 ιιάσης
356 1059 384 1085 δὲ
409 1052 581 1093 συνωμοσίας
596 1058 757 1093 πιστότερον
771 1058 838 1093 πρὸς
855 1067 912 1084 κοι-

114 1105 224 1130 ·νωνίαν
240 1104 361 1135 στάσεως
381 1105 398 1139 ἡ
414 1103 463 1131 τοῦ
488 1104 646 1138 σφάλματος
661 1104 798 1138 ὁμοιότης.
814 1104 911 1131 Θεολύ-

125 1159 173 1184 γος
189 1150 217 1177 δὲ
230 1152 288 1188 ’πᾶς
312 1151 359 1177 καὶ
383 1152 398 1177 ὀ
412 1151 524 1186 μυρίαις
540 1151 632 1186 κηλίσι
652 1151 701 1185 τὴν
725 1150 814 1186 ψυχὴν
835 1158 912 1184 στιγ-

127 1197 236 1230 ματίας.
257 1196 408 1230 Τοιγαρουν
433 1197 684 1232 αὐτοχειροτόνητοι
711 1196 761 1228 τὰς
790 1205 912 1231 προστα-

126 1242 188 1272 σίας
212 1241 266 1268 τῶν
288 1243 441 1277 ἐκκλησιῶν
455 1243 676 1277 διαλαγχάνουσι,
692 1243 740 1277 τὴν
757 1242 912 1275 οἰκονομίαν

126 1288 172 1314 τιιῦ
188 1288 265 1322 ἁγίου
288 1287 445 1322 Πνεύματος
469 1288 679 1323 παρωσάμενοι⁸
706 1288 754 1314 καὶ
771 1287 912 1319 παντελῶς

126 1334 178 1369 ἤδη
194 1333 248 1360 τῶν
265 1334 452 1368 εὐαγγελικῶν
475 1333 585 1368 θεσμῶν
608 1333 638 1366 ἐξ
660 1333 795 1367 ἀκοσμίας
814 1341 912 1366 συγκε-

126 1380 262 1415 χυμένων,
276 1380 415 1415 ἀμύθητος
423 1380 544 1414 ὠθισμὸς
556 1381 603 1407 ἰπὶ
616 1380 664 1411 τὰς
675 1379 819 1415 προεδρίας
828 1379 911 1406 ἐστίν.

134 1427 199 1462 Ἐμὲ
218 1427 246 1454 δὲ
262 1429 309 1454 καὶ
324 1427 354 1453 τὸ
377 1427 546 1462 προφητικὸν
570 1428 658 1453 ἐκεῖνο
680 1427 790 1461 κατέχει
810 1426 911 1460 λόγιον.

127 1473 169 1499 ὅτι
192 1473 206 1499 ό
224 1473 323 1505 συνιὼν
347 1474 529 1509 σιωπήσεται·
558 1473 625 1500 διότι
642 1473 656 1499 ὸ
672 1472 768 1507 καιρὸς
796 1473 912 1506 πονηρός

605 130 824 160 ΒΥΖΑΝἹῚΧΕ
844 129 1036 159 ΙΙΙΞΤΟΒΙΕ
1058 130 1132 159 LIB.
1154 130 1234 161 XXI.

1298 126 1364 162 har.
1386 133 1407 152 ,ι-
1422 132 1570 153 csxracuz.
1590 124 1618 161 5]

1675 126 1742 158 1200

644 189 750 215 ἐκεῖθεν
784 188 909 215 ἐνταυθοῖ

964 188 1022 215 inde
1033 195 1160 223 excerpta
1172 190 1277 217 etvclut
1287 193 1429 224 corrogata
1439 187 1742 223 hicnuucapponimus.

962 236 971 258 ι
987 232 1049 261 Hasc
1064 235 1337 270 tempestas.'inquit,
1355 234 1553 265 Ecclesiarum,
1566 240 1618 267 qua
1635 232 1742 259 tandem

961 281 1067 307 marina
1086 281 1206 315 procella
1221 289 1274 308 non
1291 285 1329 308 est
1348 280 1488 307 atrocior?
1504 280 1530 306 lu
1548 287 1601 313 qua
1611 283 1744 306 utomucs

960 326 1069 353 Patrum
1083 326 1191 354 termini
1208 327 1267 354 loco
1281 327 1346 353 moti
1360 326 1477 357 sunt,ita
1490 332 1571 352 omne
1583 325 1744 351 fundamcn-

962 376 1028 400 turn.
1038 376 1065 398 et
1079 372 1100 398 si
1113 371 1184 406 quod
1196 372 1351 405 dogmatum
1362 370 1744 400 munimentum,convulsum

960 422 1012 444 est.
1025 417 1178 445 Volvuntur
1195 418 1308 452 insuper
1325 423 1353 443 et
1381 422 1545 451 quassantur
1562 419 1663 443 omnia.
1676 417 1745 443 Tur-

961 462 1088 489 bationes
1102 463 1136 489 ab
1147 463 1227 498 hujus
1239 463 1332 489 mundi
1351 462 1523 497 principibus
1541 461 1746 495 proﬁciscentes

961 517 994 535 an
1023 517 1075 535 non
1093 509 1191 543 quavis
1208 509 1338 543 procella.
1351 509 1448 543 quovis
1464 508 1572 534 turbine.
1587 507 1746 534 lterrihilius

961 554 1125 581 subvertuut
1133 555 1258 588 populos?
1267 554 1393 587 Quasdam
1406 555 1513 588 1016
1521 554 1641 588 lugubris
1650 558 1746 580 vcreet

963 599 1052 626 tristis
1070 599 1156 634 caligo
1180 600 1318 627 ECCIQ‘SiﬂS
1333 606 1459 634 occupat.
1477 600 1570 634 quue
1587 607 1682 627 omnes
1699 608 1746 634 pa-

963 645 1029 672 riter
1039 653 1204 679 quorunque
1220 650 1334 679 possunt
1349 645 1430 672 tuodo
1444 645 1632 680 parricidiales
1650 652 1747 672 manus

961 691 1013 718 sibi
1026 691 1141 718 invicem
1161 691 1294 723 aderunt.
1311 692 1433 718 Acerbus
1454 695 1544 718 autem
1561 691 1671 725 quidam
1691 691 1748 718 cla-

962 743 1021 762 mor
1036 743 1144 767 eorum,
1158 736 1204 770 qui
1222 743 1271 771 per
1288 736 1494 763 contentionem
1507 737 1580 763 inter
1595 744 1624 763 se
1639 737 1747 770 discep-

963 785 1031 813 tant,
1056 783 1224 816 confusaque
1241 781 1414 814 vociferatio,
1430 786 1456 809 et
1477 782 1654 809 indistinctus
1670 783 1746 809 soni-

963 831 1007 854 tus
1022 834 1038 854 ο
1051 835 1192 862 nunquam
1204 827 1353 855 silentibus
1366 828 1542 861 tumultibus,
1561 833 1643 854 totam
1661 836 1747 862 prope

960 872 1015 908 jam
1038 872 1190 900 Ecclesiam
1208 873 1344 908 implevit,
1365 881 1414 908 per
1432 881 1560 901 excessus
1575 882 1606 900 ac
1621 874 1747 901 defectus

963 922 1067 946 rectum
1082 918 1195 953 pietatis
1216 918 1315 954 dogma
1340 919 1543 947 evertentibus.
1560 918 1664 946 Unicus
1679 921 1748 946 ami—

962 964 1033 991 citia:
1054 964 1118 991 ﬁnis
1132 970 1185 997 est,
1202 964 1236 991 ad
1252 965 1368 999 gratiam
1386 965 1480 999 loqui:
1498 972 1530 992 ac
1553 964 1691 992 suflicicns
1706 969 1748 992 rst

963 1010 1114 1038 inimicitia:
1149 1019 1242 1041 causa.
1269 1011 1447 1046 opinionibus
1477 1011 1632 1038 dissentire.
1661 1011 1746 1038 l’urro

962 1057 1065 1083 erroris
1079 1056 1231 1083 similitudo
1247 1064 1292 1083 res
1305 1061 1347 1083 est
1364 1057 1460 1090 quavis
1475 1057 1665 1091 conjuratioue
1681 1058 1747 1083 ﬁde-

962 1101 1015 1128 lior
1032 1102 1064 1128 ad
1079 1102 1223 1130 seditionis
1241 1103 1413 1130 societatem.
1430 1102 1586 1138 Thcolngus
1602 1111 1664 1130 \cro
1684 1104 1747 1138 qui-

962 1147 1030 1175 libet
1052 1148 1231 1180 est,etiamsi
1269 1149 1385 1176 maculis
1408 1149 1656 1176 innumerabilibus
1680 1157 1747 1176 con—
1792 1167 1800 1173 ς

962 1195 1107 1222 scientiam
1123 1195 1224 1222 habeat
1237 1200 1371 1222 notatam.
1386 1195 1481 1230 Itaque
1492 1195 1539 1230 qui
1559 1203 1588 1223 se
1603 1195 1677 1229 ipsos
1689 1196 1748 1223 suis

963 1241 1070 1275 elegere
1084 1240 1236 1275 sull‘ragiis,
1253 1241 1354 1275 quique
1370 1240 1500 1268 affectant
1511 1241 1706 1276 principatum,
1728 1242 1747 1268 ii

965 1288 1149 1314 Ecclesiarum
1165 1288 1340 1322 praefecturas
1356 1288 1520 1322 sortiuntur,
1538 1288 1646 1322 repulsa
1659 1287 1747 1315 sancti

965 1333 1086 1366 Spiritus
1098 1333 1344 1366 administratione,
1353 1321 1477 1369 'jamque
1490 1341 1600 1368 prorsus
1612 1334 1750 1368 evangeli-

963 1378 1002 1404 cis
1018 1377 1117 1405 ritibus
1138 1378 1171 1404 ad
1187 1377 1325 1404 sublatum
1346 1385 1439 1405 rerum
1460 1378 1588 1405 ordinem
1612 1378 1746 1409 confusis,

963 1423 1110 1451 ineﬂ‘abilis
1117 1424 1197 1450 estad
1207 1423 1383 1458 praefecturas
1391 1423 1508 1458 irruptio
1517 1432 1624 1451 eorum.
1633 1424 1674 1452 Me
1682 1432 1748 1452 vero

962 1471 1044 1497 etiam
1067 1469 1135 1497 illud
1159 1469 1350 1504 propheticum
1368 1469 1471 1497 dictum
1487 1470 1633 1505 reprimit:
1649 1471 1750 1499 intelli-

128 1519 212 1551 ἐστιν,
233 1520 262 1545 ὲν
283 1516 305 1553 ᾧ
319 1520 415 1554 οί-μὲν
433 1518 657 1550 ὑποσκελίζονται
671 1518 730 1551 νῦν,
748 1518 772 1544 οἱ
792 1518 820 1545 δὲ
835 1517 911 1544 ἐνάλ-

964 1524 1030 1551 gens
1051 1516 1079 1542 in
1107 1519 1231 1550 tempore
1263 1515 1312 1543 illo
1339 1516 1460 1546 tacebit:
1480 1524 1513 1544 eo
1540 1517 1612 1551 quod
1642 1521 1749 1553 tempus

128 1563 220 1591 λονται
240 1564 279 1599 τῷ
299 1565 418 1597 πεσόντι,
436 1565 511 1592 ἄλλοι
527 1565 555 1591 δὲ
572 1564 776 1600 ὲπικροτοῦσιν·
800 1566 813 1591 ὸ
830 1564 858 1591 δὲ
875 1564 914 1599 τῷ

128 1609 274 1636 δκλάσαντι
293 1610 371 1644 χεῖρα
395 1609 499 1644 ὀρέγων
522 1610 554 1636 ἐκ
581 1609 754 1644 συμπαθείας
778 1610 828 1636 οὐκ
844 1609 914 1637 ἔστι.

129 1656 185 1690 Τῆς
200 1657 253 1690 γὰρ
268 1656 378 1691 ἀγάπης
402 1657 546 1690 ψυγείσης,
564 1656 698 1692 ἀνῄρηται
716 1656 766 1692 μὲν
791 1656 913 1691 ἀδελφῶν

129 1703 284 1736 σύμπνοια·
314 1703 440 1737 ὁμονοίας
476 1703 504 1729 δὲ
539 1704 676 1737 ἀγνοεῖται
701 1705 749 1730 καὶ
778 1702 912 1738 τοῦνομαυ

129 1747 279 1783 ἀνῄρηνται
292 1748 463 1783 ἀγαπητικαὶ
475 1747 620 1774 νουθεσίαν
631 1747 750 1782 οὐδαμοῦ
762 1747 915 1782 σπλάγχνον

129 1796 264 1830 χρηστόν
292 1794 411 1830 οὐδαμοῦ
441 1795 559 1830 δάκρυον
586 1794 739 1829 συμπαθές.
773 1793 915 1820 Ἐντεῦθεν

130 1843 318 1874 ὰσύγγνωστοι
335 1841 384 1876 μὲν
397 1841 445 1868 καὶ
467 1841 559 1876 πικροὶ
575 1841 709 1875 κάθηνται
728 1841 782 1866 τῶν
796 1840 916 1872 ἀποτυγ-

129 1886 265 1921 χανόντων
280 1887 434 1920 ἐξετασταὶ,
446 1886 600 1920 ἀγνώμονες
612 1886 640 1912 δὲ
651 1886 698 1912 καὶ
707 1885 846 1919 δυσμενεῖς
861 1885 914 1910 τῶν

130 1931 355 1967 κατορθουμένων
370 1931 474 1966 κριταί.
490 1941 499 1958 t
517 1931 571 1959 Καὶ
582 1931 698 1966 ἀλλαχοῦ
710 1931 776 1966 (9.1)-
792 1940 800 1956 ι
814 1931 916 1964 Γνώρι-

131 1986 170 2011 μα
185 1977 220 2004 τὰ
230 1977 354 2004 θλίσοντα
363 1978 436 2012 ἡμᾶς
443 1996 450 2009 ,
462 1977 512 2004 κᾶν
521 1978 602 2012 ἡμεῖς
612 1978 649 2011 μὴ
658 1977 790 2011 λέγωμεν.
802 1977 848 2008 Et:
864 1977 916 2003 mi-

131 2032 181 2050 σαν
193 2024 246 2058 γὰρ
260 2025 310 2058 τὴν
321 2023 483 2058 οἰκουμένην
497 2024 655 2059 ἐκκέχυται.
667 2023 917 2057 Καταπεφρόνηται

130 2070 164 2096 τὰ
185 2069 240 2096 τῶν
263 2069 392 2105 Πατέρων
403 2070 543 2103 δόγματα·
556 2069 733 2096 ἀποστολικαὶ
752 2068 916 2103 παραδόσεις

131 2113 320 2148 ἑξουθένηνται
331 2121 338 2129 ·
353 2113 494 2148 νεωτέρων
504 2112 655 2148 ἀνθρώπων
663 2113 764 2147 ἐφευρή
770 2120 841 2146 ματα
857 2113 917 2143 ταῖς

131 2158 290 2193 ἐκκλησίαις
317 2158 534 2193 ὲμπολιτεύεται.
561 2155 755 2192 Τεχνολογοῦσι
771 2155 873 2188 λοιπὸν,
884 2156 915 2183 οὐ

131 2249 337 2286 ἀντεισὰγονται
373 2249 402 2276 δὲ
433 2249 509 2276 λύκοι
544 2249 657 2284 βαρεῖς,
689 2248 857 2279 διασπῶντες
888 2247 919 2289 το

133 2295 261 2330 ποίμνιον
275 2294 323 2321 τοῦ
337 2295 467 2329 Χριστοῦ.
488 2293 564 2322 Οἷκοι
588 2295 730 2330 εὑκτήριοι
747 2295 845 2330 ἔρημοι
864 2293 919 2320 τῶν

133 2341 368 2375 ἐκκλησιαζόντων
380 2349 387 2356 ⁸
404 2342 431 2368 ai
448 2341 559 2376 ἑρημίαι
582 2341 697 2376 πλήρεις
719 2341 772 2367 τῶν
787 2339 918 2374 ὀδυρομέ-

134 2396 199 2414 νων.
221 2397 230 2413 r
249 2387 304 2413 Καὶ
328 2387 445 2422 ἀλλαχοῦ
463 2387 538 2422 (‘12)'
554 2396 564 2413 ι
583 2387 615 2414 Ol
637 2386 857 2417 ἀνταποδιδόντες
872 2394 918 2418 μοι

133 2433 239 2468 πονηρὰ
254 2432 315 2459 ἀντὶ
328 2433 438 2466 ἀγαθῶν
454 2433 500 2459 καὶ
518 2434 596 2467 μῖσος
612 2431 673 2458 ἀντὶ
685 2433 732 2466 τῆς
749 2431 914 2465 ἀγαπήσεως

135 2483 187 2510 μου
204 2476 252 2510 τῆς
264 2477 304 2507 είς
317 2475 416 2507 αὐτοὺς
437 2475 608 2502 διαϐάλλουσί
626 2483 659 2510 με
670 2474 716 2501 νῦν
731 2474 774 2501 ἐπ’
789 2474 913 2506 ικείνοις,

131 2523 172 2552 είς
187 2521 205 2548 ἀ
218 2521 297 2548 αὑτοὶ
316 2521 488 2556 εὑρίσκονται
511 2521 668 2556 ἐγγράφους
684 2520 827 2555 ὁμολογίας
842 2521 918 2547 ἐκτι-

132 2566 254 2601 θέμενοι.
283 2576 292 2593 ι
315 2567 372 2594 Καὶ
397 2568 478 2594 πάλιν
501 2567 574 2603 (25)·
608 2576 617 2593 ι
642 2566 770 2599 Ἦνοιξαν
796 2566 919 2601 στόματά

133 2620 208 2644 τινες
232 2613 304 2640 κατά
317 2613 373 2640 τῶν
391 2613 544 2648 ὁμοδούλων
573 2613 706 2647 ἀφειδῶςο
738 2612 858 2639 λαλεϊται
888 2613 919 2639 τὸ

132 2657 232 2692 ψεῦδος
247 2657 357 2693 ἀφόϐως
370 2667 376 2674 ·
397 2659 414 2693 ἡ
430 2659 544 2693 ἀλήθεια
565 2659 800 2694 συγκεκάλυπται.
825 2658 879 2684 Καὶ
894 2659 918 2684 οι

966 1561 1067 1588 malum
1090 1566 1142 1592 est,
1166 1560 1194 1587 in
1218 1568 1273 1595 quo
1295 1561 1342 1588 alii
1357 1561 1467 1596 quidem
1497 1563 1684 1597 supplantant,
1702 1564 1748 1591 alii

966 1615 1033 1635 vero
1053 1607 1185 1634 insultant
1206 1607 1293 1642 lapso,
1307 1607 1352 1634 alii
1373 1615 1438 1634 vero
1460 1609 1650 1642 applauduut:
1665 1616 1749 1637 caete-

966 1661 1026 1680 rum
1043 1653 1089 1687 qui
1115 1653 1192 1687 lapso
1209 1660 1320 1680 manum
1344 1660 1378 1680 ex
1402 1654 1590 1681 misericordia
1613 1655 1747 1690 porrigat,

969 1698 1062 1725 nullus
1082 1703 1134 1725 est.
1158 1697 1329 1732 Refrigerata
1355 1699 1429 1725 ertim
1453 1700 1575 1726 omnium
1600 1700 1747 1732 charitatc,

967 1744 1074 1772 sulilata
1098 1749 1140 1771 est
1161 1744 1277 1771 fratrum
1304 1745 1485 1780 conspiratio,
1507 1747 1662 1774 concordia:
1683 1755 1748 1774 vero

965 1791 1046 1818 etiam
1059 1797 1159 1817 nomen
1173 1790 1334 1824 ignoratur:
1348 1790 1463 1818 sublata:
1476 1796 1540 1819 sunt
1555 1797 1646 1819 autem
1665 1793 1748 1820 etiam

967 1836 1061 1864 amicae
1086 1835 1287 1864 admonitiones
1305 1844 1313 1863 :
1329 1844 1466 1872 nusquam
1488 1837 1594 1865 viscera
1618 1838 1747 1869 humana,

967 1890 1102 1918 nusquam
1117 1882 1236 1918 lacryma
1245 1891 1278 1910 ex
1288 1883 1473 1911 condolentia.
1481 1883 1550 1911 Hinc
1562 1884 1749 1919 implacabiles

965 1934 994 1956 et
1026 1929 1111 1956 amari
1129 1929 1226 1956 sedent
1244 1933 1398 1956 erratorum
1417 1930 1523 1964 1017
1538 1930 1748 1962 examinatores,

966 1974 1053 2009 iniqui
1068 1982 1133 2002 vero
1147 1978 1175 2002 et
1194 1975 1321 2002 malevoli
1348 1980 1422 2003 recte
1444 1976 1577 2002 factorunt
1599 1975 1717 2010 jndices.
1737 1985 1747 2002 ι

966 2020 999 2047 Ει
1012 2020 1077 2047 alibi
1091 2027 1099 2047 :
1116 2029 1125 2045 ι
1146 2020 1352 2048 Tribulationes
1376 2025 1488 2052 nostrm,
1503 2021 1546 2048 vel
1563 2021 1642 2048 nobis
1658 2025 1750 2048 tacen-

967 2066 1049 2097 tibus,
1063 2066 1142 2093 \'obis
1157 2070 1221 2093 sunt
1237 2066 1362 2100 cognitae,
1378 2069 1408 2092 ut
1423 2073 1485 2100 quae
1502 2066 1529 2092 in
1549 2069 1637 2092 totum
1653 2066 1748 2093 orbem
1768 2075 1776 2077 λ

967 2116 1032 2139 sunt
1059 2112 1216 2146 invulgata.
1237 2112 1350 2139 Patrum
1377 2111 1503 2146 dogmata
1525 2115 1748 2144 contemnuntur,

953 2157 1126 2192 apostolica:
1152 2157 1316 2184 traditiones
1341 2156 1418 2183 nullo
1455 2164 1572 2184 numero
1600 2157 1747 2189 habentur,

132 2203 312 2237 θεολογοῦσιν,
332 2203 357 2230 oi
384 2203 534 2238 ἄνθρωποι.
560 2204 690 2235 Ποι,λένες
705 2201 914 2228 ἀπελαύνονταισ
933 2197 954 2224 Ῐ)
968 2196 1006 2230 τοι

968 2204 1153 2230 recentiorum
1171 2204 1281 2231 iuventa
1306 2203 1332 2230 in
1352 2202 1477 2230 ecclesiis
1492 2203 1678 2230 dominantur.
1696 2202 1750 2231 llo—

968 2247 1057 2275 mines
1073 2248 1101 2275 in
1115 2253 1255 2283 posterum
1269 2247 1416 2275 artiilciosc
1429 2247 1582 2281 disputant,
1596 2255 1650 2275 non
1671 2249 1751 2275 theo-

968 2294 1045 2329 logos
1061 2299 1155 2329 agunt.
1170 2294 1296 2321 Pastores
1308 2293 1466 2328 abiguntur,
1484 2293 1540 2328 lupi
1556 2301 1652 2329 graves
1666 2293 1752 2321 intro-

969 2340 1120 2371 ducuutur,
1137 2340 1184 2374 qui
1208 2339 1309 2366 Christi
1327 2346 1437 2373 gregem
1453 2337 1626 2373 discerpunt.
1652 2340 1752 2366 Domus

968 2385 1093 2411 oratoria:
1109 2384 1276 2411 deseruntur
1289 2383 1323 2411 ab
1339 2383 1530 2411 ecclesiastico
1551 2388 1623 2411 creta
1637 2392 1644 2409 :
1657 2383 1752 2410 solitu-

969 2430 1047 2457 dines
1071 2429 1179 2457 rcfcrta:
1205 2434 1269 2456 sunt
1285 2429 1470 2464 plorantibus.
1487 2437 1495 2454 ι
1510 2429 1544 2456 Et
1564 2429 1646 2456 alibi:
1669 2437 1678 2454 ι
1699 2428 1751 2461 Qui

969 2475 1039 2502 mala
1060 2475 1126 2502 mihi
1152 2474 1334 2502 reddiderunt
1356 2481 1407 2509 pro
1434 2473 1516 2501 bonis
1538 2478 1568 2501 et
1588 2473 1681 2501 odium
1703 2480 1753 2507 pro

968 2521 1116 2548 dilectione
1134 2528 1205 2552 mea,
1222 2528 1276 2555 qua
1300 2527 1349 2548 eos
1362 2524 1527 2555 prosecutus
1547 2527 1619 2552 sum,
1631 2519 1686 2554 jam
1708 2526 1753 2544 mc

969 2563 1176 2593 calumniantur
1199 2572 1296 2592 eorum
1312 2565 1418 2599 gratia,
1434 2571 1496 2598 qua:
1521 2563 1573 2597 ipsi
1599 2561 1753 2596 deprehen-

970 2612 1075 2638 duntur
1100 2611 1203 2646 soripto
1227 2610 1309 2637 editis
1335 2609 1561 2638 confessionibus
1575 2607 1751 2643 approbasse.

968 2657 1084 2685 Tcmcrc
1102 2657 1223 2684 nonnulli
1251 2664 1299 2684 ora
1319 2664 1367 2684 sua
1386 2656 1518 2684 adversus
1533 2661 1684 2683 conservos
1710 2661 1754 2679 re-

805 2717 970 2748 Yariorum
993 2720 1089 2747 noue.

170 2769 224 2803 (20)
241 2767 372 2796 Senarius
385 2767 529 2801 iambicus,
543 2766 668 2800 alicuius,
684 2771 713 2793 ut
724 2766 832 2801 opinor,
846 2774 912 2801 poe-

134 2809 167 2832 ta:
182 2803 286 2838 tragici.
307 2804 415 2830 Bonus.

171 2836 314 2874 (affldem
327 2838 410 2864 Basil.
424 2837 558 2872 episcopis
576 2836 743 2865 Occidentis.
755 2836 859 2864 BOIHN.

298 2884 436 2914 ΡΑτειοι.
452 2884 508 2915 Gn.
531 2885 580 2914 CX
587 2883 676 2913 LVlll

1004 2765 1060 2800 (212)
1079 2766 1150 2792 Idem
1169 2765 1319 2793 Evmscnis.
1337 2765 1442 2792 Botvm.

1006 2801 1061 2837 (ἳό)
1077 2800 1151 2828 Idem
1168 2801 1307 2828 monachis
1323 2801 1389 2828 suis.
1406 2800 1508 2826 Borvm.

1555 2881 1592 2910 ιι
