1913 3069
140 255 205 286 2297
330 254 370 287 ΙΑ.
391 260 415 280 c.
437 253 516 289 l55l]

626 255 847 286 ΒΥΖΑΝΤΙΝΕ
868 257 1060 286 ΙΙΙΞἸὈΙΠΕ
1077 258 1149 287 LIB.
1167 257 1247 287 XXI.

1305 253 1373 289 [ιιιιι.
1393 261 1413 280 ι.
1434 260 1582 281 casncuz.
1603 253 1631 288 Si]

1689 254 1757 285 1303

136 312 329 348 καθῃρέθησαν
345 314 389 340 διὰ
400 314 449 349 τὴν
463 314 591 341 ἀσέὸειαν
607 315 660 342 τῶν
675 315 925 350 καινοτομηθὲντων

983 320 1048 343 mate
1061 315 1173 347 feriunt,
1188 323 1236 350 per
1251 321 1320 349 quos
1337 313 1399 348 ipsi,
1412 318 1441 340 ut
1453 321 1587 340 novorum
1601 313 1761 346 impiOrum-

137 358 292 393 δογμάτων,
308 359 410 386 οὑτωσὶ
427 359 490 391 τοὺς
504 360 552 394 τῆς
572 360 701 392 ἀσεϐείας
723 361 852 395 ἐλέγχους
867 362 925 387 δια-

137 404 233 438 δρᾶναι
249 405 421 439 νομίσαντες.
441 407 478 441 μὴ
493 407 561 441 πρὸς
584 408 740 434 ἐπισκόπων
757 407 847 442 δῆθεν,
865 407 924 453 ἀλλ’

138 450 190 476 ὑπὸ
200 450 401 487 καθῃρημένων
414 452 624 487 καθαιρεθέντες
635 460 643 468 '
661 453 709 479 καὶ
723 453 810 479 ταῦτα
823 453 877 479 τῶν
892 450 924 487 γε

138 496 268 522 πλειόνων
282 497 460 531 ὑπαρχόντων
480 498 580 531 αὐτῶν,
600 499 624 525 οἳ
643 500 691 525 σὺν
710 499 749 534 τῷ
767 499 923 534 πατριάρχῃ

138 543 199 569 τότε
215 543 263 569 καὶ
283 545 337 575 τοῖς
356 545 518 576 ἐπισκόποις
535 545 649 576 ἐκείνοις
664 543 734 580 ἦσαν
751 546 775 572 οἱ
792 545 924 579 [Ιαλαμᾶν

139 597 168 613 τε
181 587 261 614 αὐτὸν
274 588 463 624 καθῃρηκότες
475 590 522 617 καὶ
537 590 788 625 ἀναθεματίσαντες
804 591 851 617 καὶ
866 590 924 625 ἅμα

139 634 201 664 τοὺς
215 634 284 669 ἀμφ’
296 635 376 661 αὐτόν
388 643 395 650 ⁸
423 635 457 662 δι’
476 635 493 662 ἃ
511 636 630 671 σήμερον
655 636 768 668 ἑαυτοὺς
785 636 925 670 ἀναθεμα-

139 678 269 711 τίζουσιν,
287 680 509 716 ὑπερμαχοῦντες
524 682 571 709 τοῦ
587 683 714 718 Παλαμᾶ.
731 682 860 717 Ἐζήτουν
871 681 924 716 γὰρ

142 725 242 758 μᾶλλον
266 725 436 760 ἁμαρτάνειν
463 727 632 761 ἀνέγκλητα,
657 727 673 762 ἢ
697 727 752 759 τοῖς
775 727 925 761 ἐπιτιμίοις

141 771 306 802 ὐπείκυντας
324 773 457 806 εὖσεῦεἴν,
475 773 521 799 καὶ
544 773 577 799 δι’
594 773 732 800 ἀπώλειαν
756 773 856 808 μᾶλλον
875 772 926 807 ψυ-

140 818 191 852 χῆς
209 818 371 852 σωματικῶς
386 819 545 853 εὐπραγεῖν.

177 865 213 889 Δ’.
235 863 330 898 ’Ὁμως
352 864 409 901 οὐδ
434 864 571 890 ἀπώλειαν
588 865 665 900 ᾤοντ’
688 864 757 892 εἶναι
781 865 869 901 ψυχῆς
892 865 927 892 τὰ

141 910 276 944 δρώμενα.
307 910 368 941 Πῶς
393 910 459 945 γὰρ,
476 911 501 937 οἳ
520 911 753 946 τυραννικώτερον
777 912 878 946 τρόπον
896 911 935 938 τὺι

141 955 315 987 αὐτεξούσιόν
328 965 358 982 τε
377 957 423 982 κιὶ
438 956 600 992 βουλόμενον
611 957 658 984 τοῦ
675 957 742 984 Θεοῦ
762 957 926 992 σφετερισὰ‹

144 1012 229 1038 μενοι,
247 1004 276 1029 τό
288 1003 313 1037 γ’
330 1005 369 1035 εἰς
383 1004 481 1035 αὐτοὺς
498 1000 576 1039 ἧκον,
594 1004 674 1030 αὐτὸν
695 1004 745 1039 μὲν
765 1005 794 1030 ὲν
816 1004 926 1035 κόλποις

141 1049 226 1083 δήπου
243 1049 297 1075 τῶν
312 1050 444 1084 οὐρανίων
465 1050 595 1084 θαλάμων
610 1051 828 1085 περιγράψαντες
848 1059 926 1076 συνε-

143 1094 277 1129 κάλυψαν,
294 1095 480 1122 ἀνυπόστατον
506 1095 533 1122 δέ
556 1105 617 1122 τινα
633 1096 680 1122 καὶ
703 1096 830 1123 ἀνούσιον
850 1096 927 1122 ὲθεο-

144 1141 259 1174 ποίησαν
272 1142 425 1176 ἐνέργειαν,
440 1142 538 1168 ταυτὸν
553 1142 641 1168 εἰπεῖν
657 1143 751 1168 ἁθεῖαν
764 1150 770 1158 ⁸
787 1142 821 1168 ἵν’
835 1143 927 1177 ἁμαρ-

143 1187 259 1212 τάνωσιν
283 1187 447 1221 ἀνέγκλητα,
463 1186 510 1213 καὶ
520 1187 617 1221 ἄφεσιν
627 1187 752 1221 ἀλλήλοις
764 1187 929 1222 ἁμαρτημά-

144 1238 199 1256 των
211 1230 309 1256 διδόναι
319 1239 347 1257 τε
360 1234 406 1257 καὶ
419 1231 628 1266 ἀντιλαμϐάνειν
640 1231 820 1264 αὐτεξουσίως
836 1225 928 1266 ἔχωσι,

145 1277 271 1312 καθάπερ
287 1278 311 1303 οι
327 1277 360 1304 τὰ
374 1278 401 1304 ὲν
419 1278 532 1313 ἀγοραῖς
546 1279 598 1314 ὄψα
616 1279 817 1314 πιπράσκοντες
832 1288 861 1305 τε
881 1280 929 1306 καὶ

145 1322 303 1356 ὠνούμενοι.
316 1324 363 1355 Εἰς
372 1324 451 1350 τοῦτο
460 1325 514 1359 γὰρ
524 1323 601 1359 οἶμαι
609 1325 707 1352 τείνειν
717 1325 763 1351 καὶ
770 1325 784 1351 ὃ
798 1325 865 1360 πρὸς
874 1327 930 1356 τοῖς

142 1369 232 1402 ἄλλοις
240 1370 291 1396 ὑπο
302 1370 346 1397 τοῦ
358 1370 474 1403 Παλαμᾶ
480 1371 609 1398 καὶτοῦτο
617 1371 845 1406 δογματιζόμενον
854 1370 932 1405 βλασ-

148 1416 293 1450 φημεῖται·
320 1416 455 1451 ἁνάρχους
466 1416 565 1452 δηλαδὴ
590 1416 652 1448 τοὺς
672 1416 831 1452 ἀνθρώπους
855 1416 932 1443 καθί-

145 1459 257 1486 στασθαι
270 1461 316 1486 καὶ
326 1461 479 1492 ἀκτίστους·
491 1461 586 1487 ταυτὸν
600 1460 622 1487 δ’
637 1461 724 1488 εἰπεῖν
734 1461 932 1492 ὲνυποστὰτους

144 1505 191 1530 καὶ
202 1504 339 1536 ἑνουσίους
348 1505 434 1536 θεοὺς,
443 1505 591 1540 ἀπειράκις
601 1505 742 1540 ἀπείρους,
755 1505 808 1532 τῶν
817 1506 932 1540 ἀπειρά-

145 1559 188 1582 κις
202 1550 322 1585 ἀπείρων
350 1550 412 1585 (χρὴ
440 1550 495 1585 γὰρ
510 1550 569 1587 κατ’
585 1551 687 1578 ἔκπιον
702 1551 819 1578 ἐνταῦθα
829 1551 932 1587 καλεῖν)

145 1596 295 1632 ἐνεργειῶν
315 1598 362 1624 καὶ
388 1597 533 1632 θεοτήτων,
559 1597 695 1624 ἁκτίστων
723 1599 770 1624 καὶ
801 1599 933 1625 ἀνουσίων

974 369 1028 395 que
1043 362 1200 395 dogmatum
1219 363 1355 390 auctoms,
1368 358 1464 393 dejecti
1482 358 1606 389 fuerant,
1626 366 1714 393 eoque
1732 365 1760 384 se

975 407 1124 442 impietatis
1150 412 1243 434 notam
1271 406 1434 441 eﬂ‘ugituros
1462 405 1642 435 arbitrantur.
1657 404 1730 439 quod
1747 412 1760 431 a

975 453 1075 487 quibus
1097 452 1195 488 dejecti
1211 452 1277 483 sint.
1295 452 1313 479 ii
1344 451 1470 478 videlicet
1495 459 1549 477 non
1565 450 1696 485 episcopi,
1714 450 1760 476 sed

975 499 1072 534 dejecti
1091 499 1141 533 ipsi
1161 499 1195 526 de
1221 498 1305 533 gradu
1318 498 1432 526 fuerint.
1448 497 1481 525 Et
1496 489 1558 525 lucc
1572 498 1619 532 qtti
1649 497 1761 528 faciunt,

975 553 1070 573 eorum
1083 545 1206 580 plerique
1223 545 1307 572 iidem
1329 549 1403 577 sunt,
1419 545 1466 579 qui
1486 552 1549 571 eum
1566 544 1722 579 patriarcha
1736 549 1763 571 ct,
1777 578 1781 582 1

974 591 1111 626 episcopis
1131 591 1184 618 illis
1212 595 1269 617 tum
1290 591 1430 625 conjuncti
1446 589 1582 616 Palamam
1603 594 1631 616 ct
1646 590 1706 624 ejus
1722 597 1765 616 as-

975 636 1062 664 seclas
1075 636 1243 663 anathemati
1262 636 1450 671 subjeccruut.
1466 636 1560 669 Itaque
1575 635 1656 662 iidetn
1670 634 1762 665 hodie,

975 689 1027 716 pro
1042 682 1151 709 Palama
1172 688 1337 717 pugnantes,
1358 689 1387 709 se
1401 682 1476 716 ipsos
1495 681 1662 708 anathemati
1677 680 1764 715 subji-

976 729 1061 756 ciunt.
1077 728 1181 763 Nempe
1193 728 1230 755 illi
1246 729 1357 764 impune
1373 736 1487 763 peccare
1502 728 1669 764 maluerunt,
1682 735 1762 762 quam

976 782 1071 810 poenas
1087 775 1178 802 dando
1202 775 1292 802 colere
1317 775 1445 809 pietatem
1459 795 1466 806 ,
1485 778 1513 801 et
1529 778 1558 801 ut
1573 773 1681 808 corpori
1696 774 1764 800 bene

976 826 1060 853 esset,
1078 821 1196 848 animant
1214 821 1285 848 ultro
1305 820 1495 856 perdiderunt.

1015 868 1067 896 [Va
1079 868 1161 902 Atqui
1178 867 1214 894 illi
1232 875 1284 894 nec
1299 875 1330 894 ea
1348 875 1408 902 quae
1424 867 1519 894 ﬁerent
1533 866 1687 901 perniciosa
1703 867 1763 893 ani-

978 922 1028 941 mae
1055 921 1115 941 esse
1142 913 1292 941 credidere.
1312 913 1488 948 Ecquomodo
1513 917 1604 939 autem
1631 912 1764 940 credidis-

977 959 1282 995 sent,quiauctoritate
1303 963 1330 986 ct
1350 959 1489 986 voluntate
1514 958 1606 985 divina
1623 959 1763 994 tyranuiee

977 1007 1029 1034 sibi
1059 1006 1126 1040 ipsis
1154 1006 1289 1040 subjecta,
1304 1009 1437 1039 quantum
1459 1004 1571 1038 quidem
1601 1004 1628 1031 in
1655 1011 1684 1031 se
1700 1003 1763 1035 fuit,

978 1052 1066 1087 ipsum
1084 1052 1170 1078 Deum
1189 1051 1214 1078 in
1240 1051 1393 1077 recessibus
1410 1050 1563 1077 etrlestium
1582 1049 1763 1076 thalamorum

978 1097 1215 1132 circumscriptum
1233 1096 1422 1127 occultarum,
1449 1097 1595 1131 quamdam
1612 1101 1702 1139 au‘tem
1722 1096 1766 1122 in—

979 1142 1173 1170 subsistentem
1215 1141 1428 1175 substantiaeme
1461 1145 1600 1175 expertem
1631 1141 1769 1176 operatio--

980 1193 1054 1218 nem,
1068 1193 1126 1215 seu.
1143 1185 1215 1220 quod
1244 1184 1314 1211 idem
1334 1189 1386 1216 est,
1399 1185 1562 1212 atlteismum
1587 1186 1675 1220 ipsum
1693 1185 1768 1213 deiti-

979 1236 1077 1260 carunt
1089 1252 1097 1265 ,
1108 1231 1238 1258 nimirum
1250 1235 1280 1258 ut
1296 1235 1410 1266 peccent
1425 1231 1536 1265 impune
1548 1235 1575 1257 et
1589 1235 1767 1265 peccatorum

980 1277 1100 1310 veniam,
1123 1277 1238 1312 perinde
1273 1281 1302 1304 ut
1335 1277 1450 1304 obsonia
1479 1277 1506 1303 in
1532 1276 1591 1303 foro
1616 1276 1768 1304 vendentes

981 1329 1169 1359 ementesque,
1185 1324 1302 1351 invicem
1322 1323 1386 1350 dare
1407 1329 1434 1350 ct
1451 1323 1577 1357 accipere
1590 1323 1696 1357 privata
1716 1330 1768 1349 att-

981 1372 1109 1399 ctoritate
1139 1371 1254 1405 possint.
1275 1370 1314 1397 Eo
1345 1370 1420 1397 enim
1445 1374 1569 1403 spectare
1602 1369 1667 1395 illud
1690 1373 1768 1404 puto,

981 1418 1054 1452 quod
1072 1417 1195 1444 Palatuas
1224 1420 1324 1452 pra>ter
1336 1420 1435 1443 cmtera
1461 1415 1544 1448 impie
1566 1415 1646 1442 docet
1662 1419 1690 1442 et
1708 1423 1771 1449 pro-

984 1463 1109 1490 nuntiat:
1127 1463 1254 1489 homines
1269 1461 1337 1489 allici
1358 1460 1485 1496 principii
1505 1465 1632 1494 expertes
1663 1459 1771 1496 1024.

983 1515 1012 1538 et
1027 1510 1183 1542 increatos;
1200 1516 1259 1540 seu,
1273 1507 1345 1543 quod
1362 1508 1433 1534 idem
1449 1511 1500 1537 est,
1517 1498 1587 1534 Deos
1602 1514 1649 1541 per
1661 1514 1689 1534 sc
1704 1506 1770 1534 sub-

985 1557 1125 1586 sistentes,
1140 1561 1168 1582 et
1184 1554 1336 1582 substantia
1350 1554 1479 1589 praeditos
1495 1553 1625 1580 inliuities
1639 1552 1770 1584 inﬁnitos.

987 1601 1119 1629 inlinitics
1146 1600 1313 1627 inﬁnitarum
1346 1600 1465 1634 (oportet
1481 1599 1554 1625 enim
1571 1599 1622 1625 hoc
1649 1599 1709 1625 loco
1732 1598 1772 1625 sic

146 1643 226 1676 θεῶν,
245 1643 344 1670 ταυτὸν
357 1643 379 1669 δ’
398 1644 486 1670 εἰπεῖν
509 1643 642 1678 μηδένων.
668 1644 712 1679 Τῷ
735 1645 789 1680 γὰρ
814 1645 930 1679 ἀκτιστῳ

987 1655 1086 1675 vocare
1104 1651 1131 1673 ul
1146 1647 1180 1673 ab
1191 1654 1223 1672 eo
1239 1645 1380 1678 vocantur)
1393 1647 1567 1678 energiarum
1600 1649 1629 1671 et
1643 1644 1773 1670 divinita-

146 1690 193 1716 καὶ
210 1689 390 1724 ἁνυποστάτῳ
414 1689 444 1715 τὸ
470 1689 554 1724 μηδὲν
573 1688 636 1724 μήτ’
651 1687 720 1716 εἶναι
737 1689 805 1725 μήτε
821 1689 933 1716 πιστεύ-

146 1735 225 1762 εσθαι
240 1737 324 1762 πᾶσιν
343 1735 496 1770 ἀνθρώποις
522 1735 596 1761 δοκεῖ
617 1736 665 1761 καὶ
688 1735 859 1768 πιστεύεταε,
884 1736 932 1763 καὶ

147 1783 238 1812 αὐτοῖς
254 1790 285 1815 γε
301 1783 357 1814 τοῖς
373 1781 512 1816 βρέφεσιν.
528 1780 598 1808 εἶναι
615 1782 723 1808 ταυτὸν.
736 1781 778 1817 [Ρ.
800 1781 864 1818 644]
881 1783 932 1808 Οὐ-

146 1828 226 1863 δεμία
241 1828 295 1864 γὰρ
313 1828 400 1863 (φησὶ)
421 1827 512 1862 φύσις,
533 1828 574 1855 ὅτι
594 1828 631 1864 μὴ
647 1828 706 1854 τόδε
722 1828 806 1860 ἐστὶν,
818 1828 877 1855 ἀλλ’
890 1829 932 1855 ὅτι

146 1875 217 1902 τόδε.
225 1874 257 1900 Ἢ
266 1873 311 1900 τοῦ
321 1874 396 1905 ὄντος
411 1874 484 1905 θέσις
493 1874 541 1908 οὐχ
557 1874 627 1909 ἡτοῦ
644 1874 681 1909 μὴ
690 1864 766 1906 δντος
779 1874 931 1910 ἀναίρεσις.

987 1698 1055 1725 tum,
1068 1700 1127 1726 quae
1141 1693 1196 1718 sint
1216 1691 1330 1718 incrcati
1358 1696 1386 1717 et
1411 1693 1562 1717 substantia
1577 1695 1701 1717 carentes
1713 1689 1770 1721 dii;

986 1745 1047 1769 seu,
1061 1736 1135 1772 quod
1162 1736 1235 1763 idem
1262 1741 1315 1768 est,
1333 1736 1411 1762 nulli.
1427 1735 1493 1762 Nam
1510 1735 1582 1770 quod
1604 1740 1646 1762 est
1666 1735 1773 1761 increa—

987 1790 1044 1812 tutn
1060 1782 1143 1810 simul
1158 1787 1186 1809 et
1198 1782 1357 1809 substantia:
1372 1789 1481 1816 expers,
1495 1781 1521 1808 id
1538 1781 1667 1807 omnibtts
1681 1780 1772 1807 homi-

986 1830 1078 1859 nibus,
1093 1833 1121 1856 et
1134 1828 1200 1863 ipsis
1214 1835 1323 1862 quoque
1337 1827 1500 1860 infantibus,
1514 1827 1622 1854 videtur
1637 1826 1773 1853 creditur-

986 1883 1039 1910 que
1055 1875 1126 1902 idetu
1141 1882 1202 1902 esse
1225 1879 1309 1909 atque
1326 1873 1404 1906 illud,
1419 1873 1491 1908 quod
1509 1873 1576 1900 nihil
1588 1878 1631 1900 est
1645 1872 1773 1907 nihilque

146 1928 207 1948 esse
235 1920 366 1948 creditur.
392 1920 469 1947 Nulla
494 1920 579 1953 enim,
605 1920 704 1956 inquit,
732 1926 830 1948 natura
848 1921 877 1948 in
901 1929 934 1949 eo
954 1922 1090 1954 consistit,
1109 1921 1182 1956 quod
1207 1928 1262 1948 non
1286 1920 1322 1948 sit
1353 1921 1416 1953 hoc,
1444 1920 1490 1947 sed
1517 1920 1544 1947 itt
1578 1926 1621 1952 eo,
1635 1918 1708 1954 quod
1721 1919 1773 1946 hoc

146 1969 193 1996 sit.
204 1963 263 1997 Non
289 1968 402 2003 ponitur
429 1969 454 1994 id
470 1968 543 2003 quod
564 1974 616 2002 est,
633 1969 685 1996 hoc
701 1969 760 2004 ipso
776 1969 849 2004 quod
863 1969 968 1997 tollitur
987 1970 1014 1998 id
1027 1970 1100 2005 quod
1116 1973 1242 2010 nonest.

181 2014 220 2041 ΕΚ.
237 2014 315 2041 Οὕτω
343 2013 536 2048 μειρακιωδῶς
563 2014 767 2041 ὲνεανιεύσαντο
790 2014 861 2041 κατὰ
883 2016 933 2050 τῆς

146 2061 304 2093 εὐσεῦείας,
332 2060 380 2087 καὶ
406 2059 492 2092 οὕτως
511 2059 630 2087 ἀσύνετα
656 2061 716 2087 καθ’
739 2061 818 2096 ἡμῶν
840 2062 934 2096 εἰργά-

147 2107 228 2134 σαντό
243 2115 271 2133 τε
287 2107 335 2134 καὶ
350 2106 559 2139 ὲῦουλεύσαντο,
580 2107 640 2138 ταῖς
657 2106 807 2141 ἡμετέραις
829 2115 934 2141 συμφο-

148 2154 208 2187 ραῖς
221 2153 270 2188 τὴν
285 2151 390 2179 ἑαυτῶν
412 2152 554 2183 ἑστιῶντες
571 2152 730 2187 θηριωδίαν,
752 2153 799 2178 καὶ¹
815 2153 870 2180 πᾶν
884 2160 934 2179 πο-

147 2199 228 2234 νηρὸν
244 2199 321 2234 ῥῆμα
337 2198 399 2227 καθ’
417 2198 496 2233 ἡμῶν
517 2198 678 2233 ψευδόμενοι
700 2199 851 2231 συνέθεντο,
873 2199 934 2226 καθ’

146 2247 196 2272 ὅσα
217 2247 265 2272 καὶ
287 2243 331 2272 οἷά
346 2253 438 2279 σφισιν
463 2244 619 2279 ὑπηγόρευε
644 2244 675 2270 τὸ
701 2244 871 2279 θυμούμενον
885 2245 935 2279 τῆς

146 2292 251 2326 ψυχῆς·
272 2291 321 2318 καὶ
343 2291 446 2326 ἀγορὰς
463 2292 512 2317 καὶ
528 2290 629 2325 θέατρα
645 2289 726 2317 πάντ’
740 2290 936 2326 ὲμπεπλήκασί

147 2338 180 2364 δι’
204 2336 347 2372 ἐμμίσθων
371 2337 512 2373 κηρύκων,
538 2336 664 2371 λαμπρὸν
687 2337 727 2368 εἰς
751 2336 936 2370 ἀνανταγώνι-

148 2392 209 2410 στον
225 2384 359 2410 πίπτωσιν
383 2383 440 2409 τῶν
464 2383 620 2410 ἀκουόντων
639 2382 866 2417 ἐπιτηδεύσαντες
888 2383 934 2410 τὸν

146 2431 280 2466 ἡμέτερον
293 2430 458 2465 συγλεισμόν
469 2438 476 2446 ·
494 2431 537 2457 ἵνα
556 2431 618 2457 καθ’
631 2430 710 2465 ἡμῶν
725 2439 754 2457 τε
771 2431 933 2461 πλάττοντες

147 2476 349 2511 ἐπιψηφίζωσιν
373 2478 453 2503 ὁποῖα
482 2477 529 2503 καὶ
557 2477 608 2504 ὅσα
635 2476 773 2517 ἓούλοιντο
801 2477 848 2504 καὶ
874 2476 935 2511 ἅμα

147 2523 255 2554 πλείους
274 2523 329 2550 τῶν
340 2523 480 2553 ἀσυνέτως
501 2522 616 2558 ἑχόντων
635 2522 780 2557 μαθήσεως
800 2522 870 2558 πρὸς
885 2517 934 2557 τὴν

147 2569 284 2604 σφετέραν
311 2569 402 2596 αὐτῶν
426 2569 553 2600 ἀσέϐειαν
575 2569 860 2604 προσεταιρίζωνται,
887 2569 936 2595 τοῦ

148 2615 224 2650 παρὰ
246 2615 330 2647 πόδας
358 2615 470 2650 ἐλέγχου
498 2616 571 2642 κατὰ
600 2615 747 2650 διάμετρον
773 2615 933 2650 ἱσταμένου,

149 2662 218 2696 μήτε
232 2661 298 2688 Θεὸν
313 2660 486 2695 φοϐούμενοι,
510 2661 572 2696 μήτ’
589 2660 750 2696 ἀνθρώπους
766 2661 934 2697 αἰδούμενοι,

152 2707 215 2741 μήτ’
231 2707 271 2738 εἰς
287 2707 317 2734 τὸ
337 2706 432 2741 μέλλον
448 2705 518 2733 εῖναι
535 2706 709 2738 πιστεύοντες
726 2716 787 2734 τινα
811 2707 867 2734 τῶν
892 2708 936 2733 ὲν-

147 2754 233 2780 ταῦθα
244 2754 393 2789 δρωμένων
408 2753 509 2789 κρίσιν,
521 2754 602 2789 ’μήτε
625 2753 795 2780 κατάστασιν
817 2753 936 2789 ἀμοιϐῆς

148 2800 258 2835 ἀγαθῶν
280 2801 330 2828 καὶ
354 2800 458 2834 κακῶν,
474 2799 511 2833 ὡς
526 2800 561 2827 τὰ
584 2799 646 2835 ιερὰ
671 2801 827 2828 διδάσκουσι
844 2801 934 2834 λόγια.

184 2972 191 2987 ¹
212 2972 306 3000 Matth.
323 2979 351 3005 7,
373 2972 415 2999 ‘ll.

1018 2016 1050 2043 V.
1068 2016 1106 2043 lta
1129 2015 1231 2042 saniori
1253 2013 1387 2041 doctrinae
1405 2013 1567 2047 juveniliter
1590 2012 1629 2040 illi
1658 2012 1774 2040 insulta-

984 2067 1058 2094 rttnt,
1073 2062 1110 2088 ita
1137 2069 1188 2088 nos
1211 2060 1291 2088 factis
1305 2059 1483 2094 consiliisque
1498 2059 1673 2086 dementibus
1688 2066 1774 2093 oppu-

983 2112 1112 2143 gnarunt,
1125 2106 1327 2135 calamitatibus
1354 2098 1455 2133 nostris
1481 2105 1681 2133 immanitatem
1695 2112 1774 2132 suam

984 2155 1107 2182 cibantes
1119 2175 1126 2186 ,
1141 2153 1278 2188 iidemque
1294 2161 1375 2180 omne
1388 2153 1490 2179 malum
1502 2152 1616 2179 verbum
1624 2151 1774 2188 adversum

984 2209 1036 2228 nos
1055 2200 1222 2227 mentientes
1237 2207 1269 2226 ex
1283 2199 1434 2233 composito
1451 2199 1535 2226 loettti
1552 2190 1626 2231 Sunt,
1640 2198 1774 2233 quidquid

986 2247 1025 2273 ira
1043 2251 1212 2280 suggereret,
1239 2245 1440 2280 qualiacunque
1463 2245 1574 2271 animus
1590 2245 1706 2272 dictaret
1720 2254 1726 2271 :
1742 2245 1775 2271 iis

987 2292 1046 2319 fora
1062 2292 1222 2326 theatraque
1239 2291 1331 2317 omnia
1356 2298 1405 2325 per
1433 2291 1621 2318 conductitios
1634 2298 1774 2326 praecones

988 2339 1184 2373 impleverunt.
1209 2337 1297 2372 Atque
1321 2341 1395 2364 utea
1413 2345 1474 2371 qua:
1491 2337 1632 2369 dicebant,
1651 2337 1774 2364 audienti

987 2384 1101 2411 cuilibet
1128 2384 1230 2410 invicto
1258 2388 1420 2418 argumento
1446 2385 1652 2416 conﬁrmarent,
1678 2391 1776 2416 magno

986 2434 1116 2464 apparatu
1144 2437 1194 2456 nos
1226 2429 1418 2461 incluserunt,
1448 2436 1503 2464 quo
1530 2429 1635 2456 scilicet
1659 2429 1689 2455 in
1714 2435 1775 2459 nos,

987 2480 1053 2510 quot
1065 2475 1212 2510 etaqualia
1237 2475 1374 2506 libuisset,
1400 2475 1588 2510 contingerent
1599 2482 1632 2501 ac
1648 2474 1777 2501 decerne-

986 2527 1065 2552 rent.
1081 2521 1218 2556 simulque
1228 2526 1300 2548 utex
1318 2521 1352 2548 iis
1363 2521 1410 2555 qui
1423 2521 1501 2548 tardo
1516 2526 1609 2548 essent
1621 2519 1655 2546 ad
1671 2519 1777 2547 discen-

989 2567 1054 2593 dtttn
1083 2566 1204 2601 ingenio,
1233 2567 1324 2593 socios
1347 2566 1400 2592 sibi
1419 2566 1513 2600 plures
1529 2565 1719 2600 adjungerent,
1735 2571 1777 2590 re—

989 2613 1070 2640 tuotis
1093 2620 1175 2646 quam
1206 2611 1364 2646 longissime
1387 2611 1566 2646 illis,quibus
1592 2611 1776 2646 praesentibus

989 2659 1069 2687 facile
1085 2664 1212 2694 poterant
1225 2657 1365 2692 redargui,
1382 2665 1436 2684 non
1454 2658 1502 2684 Dei
1519 2661 1606 2690 metu,
1623 2665 1677 2684 non
1691 2658 1777 2684 hami-

988 2714 1054 2733 num
1071 2705 1224 2733 reverentia
1242 2704 1388 2736 deterriti,
1406 2712 1462 2731 non
1483 2705 1515 2731 tle
1539 2704 1622 2739 hujus
1637 2704 1700 2731 vita:
1712 2704 1777 2730 fat-2-

989 2752 1101 2779 tun-ibus
1113 2751 1247 2786 judicium
1262 2751 1326 2778 olim
1341 2749 1464 2778 futurum
1475 2758 1535 2778 esse
1556 2750 1711 2782 credentes,
1726 2758 1776 2777 nec

987 2797 1142 2825 mercedem
1163 2797 1242 2824 bonis
1265 2801 1293 2823 ct
1318 2796 1407 2829 malis,
1425 2797 1653 2832 quemadmodum
1675 2797 1776 2824 docent

986 2851 1062 2870 sacra
1092 2843 1201 2870 oracula
1220 2843 1240 2875 ',
1275 2842 1455 2870 constitutatn
1486 2842 1592 2878 1025
1618 2850 1678 2871 esse
1701 2843 1776 2871 arbi-

987 2895 1099 2918 trantes.
