1913 3069
140 236 205 270 1301
330 235 366 270 [Δ.
387 242 412 263 c.
434 235 514 272 1551]

620 237 838 268 ΒῩΖΑΝΤΙΝῘΕ
857 237 1047 268 HISTORL-E
1066 239 1138 269 LIB.
1157 238 1238 269 XXI.

1681 233 1751 266 1302

1297 235 1364 271 [ιιιρ.
1384 243 1405 263 ι.
1426 240 1572 262 ελμτλουι.
1594 231 1622 268 5]

141 294 230 330 ρηκὼς
244 295 258 321 ὁ
274 295 344 330 ἀνὴρ
362 295 390 327 ἐξ
403 276 490 330 ἀρχῆς
507 295 594 332 ταύτῃ
618 297 681 328 τοὺς
705 297 917 331 ἐντυγχάνοντας

988 295 1084 322 uadum
1098 301 1125 323 et
1139 296 1290 323 voluntario
1304 295 1388 323 animi
1403 300 1478 322 motu
1491 293 1603 328 caligine
1616 291 1749 323 turbidus,

138 341 181 367 διὰ
197 340 255 375 βίου
268 340 429 372 κατέκλυζε,
443 341 494 367 καὶ
509 343 612 377 τροφῆς
633 342 717 376 αὐτῆς
740 341 919 375 ,ἐπιλανθανό-

143 393 234 419 μενος.
256 385 300 411 Διὸ
317 386 365 412 καὶ
381 385 486 416 πάντας
504 386 599 420 σοφίας
623 386 651 417 ἐς
661 386 741 413 τοῦτο
755 386 918 420 συγκλείσας

140 430 204 460 ’τοὺς
219 430 334 464 ἔρωτας,
360 430 408 456 καὶ
423 430 503 457 τοῦτο
521 431 599 465 μόνον
618 431 711 458 ἱκανὸν
732 432 917 467 ἡγησάμενος,

140 477 171 501 τὴ
193 475 314 509 χρυσοῦν
331 476 447 509 ἀπονητὶ
475 476 653 512 συγκομίζειν
671 477 748 511 θέρος
775 477 850 512 αὐτῷ
866 478 920 504 τῶν

141 521 262 546 ἐπαίνων
276 521 394 552 πάντων,
414 521 513 555 ἥκιστα
537 521 579 548 διὸ
605 522 744 556 φροντίδος
774 522 920 556 πεποίηται

142 568 223 599 σοφίᾳ
245 567 293 591 καὶ
307 565 441 599 δόγμασιν
457 567 540 601 ίεροῖς
555 568 600 593 τον
613 568 663 601 τῆς
677 566 800 602 γλώττης
814 569 920 602 κοσμῆ-

142 618 186 635 σπι
213 611 322 645 δρόμον.
337 609 375 637 Ἦ
390 611 445 646 γὰρ
460 611 492 638 ἂν
507 611 561 637 τῶν
576 612 649 638 δυοῖν
667 612 776 643 οὐδενὸς
790 612 920 645 ἐξέπιπτε

141 657 247 689 χρόνων
261 663 268 670 θ
284 656 342 682 ἀλλ’
358 657 402 683 ἀεὶ
419 657 469 691 μὲν
483 657 513 682 τὸ
525 657 575 691 τῆς
604 657 777 691 πολυλογίας,
809 658 846 689 ὼς
875 658 921 685 ἐπὶ

143 702 267 728 meram
281 703 438 737 ἁμαρτάνον
457 703 525 738 (52),
542 703 684 738 διέφευγεν
711 704 743 731 ἄν
754 712 760 719 ·
787 704 834 732 νῦν
848 705 870 731 δ’
882 705 922 737 είς

142 747 172 772 τὸ
189 748 235 781 τῇς
253 748 379 780 ἁσεὸεἰας
397 749 448 775 οὐκ
462 748 495 775 ἂν
510 749 638 776 ἐνέπιπτε
657 750 802 786 βάραθρον.

180 886 220 912 ll'.
238 886 373 918 Τοιούτοις
383 886 458 922 οἶμαι
476 890 522 914 καὶ
538 890 552 915 δ
568 889 655 923 μέγας
675 891 703 916 ἐν
716 890 839 927 θεολογίᾳ
852 892 923 927 Γρη-

144 932 234 966 γόριος
248 933 360 965 ἀνδράσι
376 934 540 969 περιτυχὼν,
558 936 587 961 ἐν
597 936 629 970 τῇ
652 933 709 962 τῶν
729 936 925 972 Πνευματομά-

143 987 196 1012 χων
215 980 407 1014 περιπεσοῦσιν
426 981 541 1014 αἱρέσει,
562 981 710 1009 «Τοσοῦτον
724 983 810 1018 ὑμῶν,
823 993 831 1010 ι
846 985 922 1020 φησὶ,

147 1034 155 1048 ι
175 1025 340 1059 περιέχομαι
363 1028 409 1052 καὶ
423 1026 550 1054 τοσοῦτον
565 1027 641 1061 ὑμῶν
666 1029 793 1064 αἰδοῦμαι
819 1029 869 1065 τὴν
879 1030 925 1056 εὕ-

145 1078 246 1103 κοσμον
260 1071 362 1104 ταύτην
380 1072 479 1107 στολὴν
496 1074 543 1099 καὶ
568 1074 600 1100 τὸ
627 1074 726 1109 χρῶμα
754 1075 803 1109 τῆς
823 1076 925 1110 ἐγκρι-

144 1117 219 1147 τείας
232 1117 279 1142 καὶ
294 1118 328 1143 τὰ
341 1118 400 1152 ἱερὰ
416 1119 502 1145 ταῦτα
517 1120 675 1154 συστήματα
697 1121 744 1147 καὶ
763 1120 811 1156 τὴν
825 1121 926 1157 σεμνὴν

147 1163 295 1197 παρθενίαν
308 1165 355 1189 καὶ
369 1164 503 1200 κάθαρσιν
517 1167 564 1192 καὶ
584 1165 632 1201 τὴν
651 1167 785 1201 πάννυχον
814 1167 927 1202 ψαλμῳ-

146 1209 205 1236 δίαν
221 1210 268 1236 καὶ
281 1211 312 1235 τὸ
330 1211 501 1250 φιλύτιτωχον
514 1213 562 1238 καὶ
589 1212 752 1247 φιλάδελφον
772 1213 821 1240 καὶ
850 1213 927 1248 φιλό-

148 1253 233 1286 ξενον,
257 1255 327 1282 ὥστε
349 1257 396 1282 καὶ
423 1257 546 1291 ἀνάθεμα
566 1254 634 1284 εἶναι
662 1258 714 1284 ἀπὸ
741 1258 859 1293 Χριστοῦ
880 1260 928 1286 καὶ

148 1299 244 1326 παθεῖν
257 1309 283 1326 τι
297 1301 334 1332 ὡς
350 1302 515 1337 κατάκριτος
528 1303 659 1337 δέχομαι·
677 1303 756 1337 μόνον
773 1304 797 1330 εί
816 1304 927 1339 σταίητε

150 1346 309 1381 μεθ’ἡμῶν,
328 1348 375 1373 καὶ
391 1349 466 1383 κοινῇ
484 1349 534 1382 τὴν
550 1349 651 1383 Τριάδα
673 1349 845 1383 δοξάσαιμεν.
862 1351 929 1384 Περὶ

148 1389 202 1424 γὰρ
215 1390 269 1416 τῶν
283 1390 370 1417 ἄλλων
382 1390 408 1416 τί
428 1391 479 1425 χρὴ
497 1392 542 1417 καὶ
561 1391 661 1424 λέγειν,
687 1392 780 1425 σαφῶς
803 1391 930 1426 τεθνηκό-

148 1444 219 1467 των;
234 1434 279 1466 οὓς
291 1435 410 1470 Χριστοῦ
425 1436 506 1470 μόνου
525 1437 640 1470 ἐγεῖραι,
659 1436 706 1463 τοῦ
734 1436 929 1468 ζωοποιοῦντος

149 1482 212 1513 τοὺς
228 1484 340 1517 νεκροὺς
356 1483 426 1508 κατά
439 1482 488 1515 τὴν
509 1482 608 1509 ἑαυτοῦ
632 1482 769 1516 δύναμιν·
785 1482 810 1509 οἳ
837 1482 930 1514 κακῶς

149 1527 188 1562 τῷ
203 1527 278 1562 τόπῳ
301 1528 475 1564 χωρίζονται,
504 1528 542 1563 τῷ
569 1528 640 1561 λόγῳ
666 1527 861 1562 συνδεδεμένοι,
884 1530 930 1553 καὶ

150 1574 275 1600 τοσοῦτον
291 1574 358 1609 πρὸς
376 1574 506 1609 ἀλλήλους
523 1573 735 1609 ζυγομαχοῦσιν,
759 1574 820 1600 ὅσον
833 1573 933 1607 ὀφθαλ-

150 1667 184 1699 τῇ
198 1666 272 1692 οέσει
284 1666 312 1692 δὲ
324 1666 515 1699 στασιάζοντες
527 1675 533 1681 ·
546 1667 572 1693 εἴ
586 1675 617 1700 γε
643 1667 690 1693 καὶ
704 1667 869 1701 διαστροφὴν
881 1667 931 1692 αὒ-

151 1714 207 1745 τοῖς
225 1713 381 1749 ἐγκλητέον,
398 1714 469 1741 ἀλλὰ
477 1714 514 1749 μὴ
527 1714 673 1748 τύφλωσιν.
691 1722 700 1739 ›

970 342 1088 377 repellit.
1122 342 1232 377 Ingenio
1254 342 1356 376 quippe
1374 346 1402 368 et
1429 339 1540 367 dicendi
1557 337 1633 373 copia
1651 339 1691 364 vir
1705 337 1751 364 ii'le

967 390 1021 425 jam
1036 389 1099 417 inde
1125 390 1159 417 ab
1193 389 1271 417 initio
1302 388 1432 420 conlisus,
1449 395 1482 414 eo
1500 391 1628 420 tanquam
1650 383 1752 410 diluvio

970 434 1065 463 obvios
1074 443 1198 470 quosque
1212 439 1344 469 perpetuo
1356 433 1518 460 inundabat.
1531 431 1613 458 etiam
1628 430 1752 463 capiendi

970 480 1024 507 cibi
1045 481 1198 508 immemor.
1214 480 1347 508 Omnibus
1363 480 1454 513 itaque
1468 478 1598 505 doctrina:
1614 475 1753 502 amoribus

970 526 1024 554 hoc
1040 527 1094 554 ﬁne
1111 527 1339 561 circumscriptis,
1355 533 1417 553 cum
1438 532 1522 551 unum
1545 523 1597 550 hoc
1610 523 1676 549 satis
1693 529 1753 549 esse

971 573 1151 600 arbitraretur
1168 572 1201 599 ad
1231 571 1411 606 colligendam
1437 570 1488 596 sibi
1503 569 1612 595 laudum
1630 568 1753 594 omnium

972 626 1087 646 messem
1115 626 1237 650 auream,
1265 617 1407 644 minimum
1437 615 1543 643 curavit
1569 615 1641 641 illam
1657 614 1754 646 tingue

973 665 1174 692 volubilitatem
1195 663 1375 691 scientiarum
1405 666 1432 688 et
1444 667 1582 688 sacrorum
1597 659 1752 693 dogmntmn

973 717 1025 737 usu
1039 717 1151 738 ornare.
1168 709 1275 743 Alioqui
1293 708 1368 734 nullo
1387 713 1508 741 tempore
1521 705 1591 732 male
1610 706 1635 731 ei
1656 704 1753 730 cessis-

973 759 1029 782 set:
1048 755 1094 782 sed
1115 761 1143 781 et
1164 754 1310 781 verborum
1334 752 1541 781 abundantiam,
1561 758 1620 784 qua:
1637 750 1755 783 plerum-

974 809 1026 835 que
1042 805 1147 835 peccat,
1170 807 1276 832 semper
1294 798 1445 832 emtgisset.
1464 804 1514 823 nec
1541 796 1567 822 in
1597 794 1753 822 barathrum

975 845 1126 880 impietatis
1142 845 1247 880 1027
1262 851 1385 879 praeceps
1399 850 1473 869 nunc
1489 843 1649 869 corruisset.

1010 891 1077 919 Vlll.
1094 891 1173 918 Tales
1191 890 1274 918 credo
1301 897 1415 924 magnus
1440 889 1484 916 ille
1499 888 1639 921 theologus
1653 887 1755 920 Grego-

976 937 1034 964 rius
1053 926 1178 964 ho‘mines
1193 941 1298 968 nactus,
1319 935 1348 962 in
1360 933 1670 963 Pneumatomachorum
1702 933 1757 958 hm-

977 983 1049 1010 resin
1076 983 1229 1018 prolapsos,
1261 991 1271 1007 ι
1303 981 1378 1009 Adeo
1410 979 1521 1016 (inquit)
1537 986 1584 1006 vos
1607 978 1756 1012 amplector

975 1033 1056 1064 atque
1073 1028 1227 1060 exosculor,
1240 1027 1308 1054 adeo
1325 1027 1488 1053 concinnam
1501 1025 1573 1052 hanc
1586 1029 1703 1051 vestram
1729 1026 1757 1049 et

975 1074 1156 1108 compositam
1183 1079 1286 1100 vestem
1315 1079 1455 1104 revereor,
1471 1076 1500 1098 CI.
1525 1073 1695 1097 contractum
1723 1075 1757 1095 ex

976 1119 1144 1146 continentia
1160 1118 1290 1150 colorem,
1301 1122 1329 1144 et
1340 1124 1434 1144 sacros
1445 1116 1496 1143 bos
1518 1119 1616 1147 cactus,
1631 1119 1659 1141 et
1675 1121 1758 1141 vene-

977 1164 1090 1192 randam
1120 1164 1306 1198 virginitatem
1336 1170 1367 1189 ac
1395 1161 1755 1197 purgationem,etnectes.

976 1218 1043 1244 quas
1056 1211 1082 1236 in
1096 1210 1262 1244 psalmorum
1289 1209 1415 1235 cantione
1445 1208 1583 1234 iusornnes
1597 1203 1755 1239 Iransigitis,

977 1260 1003 1282 ct
1023 1262 1189 1289 propensum
1219 1254 1248 1281 in
1273 1260 1408 1288 pauperes
1433 1252 1461 1279 et
1476 1251 1575 1278 fratres
1591 1255 1618 1277 ct
1634 1249 1758 1284 hospites

978 1300 1097 1328 studium
1128 1305 1210 1334 atque
1245 1306 1377 1330 amorem,
1408 1302 1438 1324 ut
1465 1297 1610 1324 anathema
1640 1297 1721 1322 etiam
1742 1302 1757 1321 a

978 1346 1088 1373 Christo
1118 1353 1189 1378 esse,
1210 1352 1242 1372 ac
1271 1343 1407 1375 nonnihil,
1423 1347 1453 1369 ut
1477 1343 1634 1372 damnatus,
1651 1339 1757 1375 perpeti

979 1399 1033 1418 non
1051 1398 1175 1418 recusem
1192 1400 1199 1418 :
1214 1391 1296 1417 modo
1312 1389 1457 1417 nobisctttn
1475 1387 1672 1423 adjungamini,
1684 1393 1759 1413 cont-

981 1437 1164 1471 munibusque
1196 1436 1295 1463 animis
1310 1435 1472 1462 Trinitatem
1497 1433 1676 1460 celebremus.
1692 1431 1758 1458 Nam

980 1481 1044 1516 quid
1060 1481 1094 1508 de
1110 1481 1170 1508 aliis
1196 1480 1296 1512 dicam,
1315 1480 1459 1514 perspicue
1484 1478 1600 1505 mortuis
1631 1477 1711 1511 (quos
1727 1475 1761 1502 ad

981 1528 1063 1555 vitam
1080 1535 1210 1554 revocare
1223 1526 1324 1554 Christi
1341 1525 1427 1553 solius
1440 1530 1492 1556 est,
1509 1524 1556 1558 qui
1573 1531 1622 1550 sua
1638 1521 1761 1557 putentia

981 1578 1106 1600 mortuos
1135 1573 1277 1607 vivificat),
1298 1573 1345 1606 qui
1372 1572 1431 1598 loco
1446 1570 1517 1597 male
1542 1573 1622 1604 atque
1639 1567 1764 1602 improbe

99 1625 108 1629 “
153 1621 198 1655 μοὶ
220 1620 376 1655 διάστροφοι
401 1621 431 1648 τὸ
454 1621 483 1647 ἓν
501 1622 654 1656 βλέποντες,
680 1621 786 1647 καὶ-οὺ
812 1622 845 1655 τῇ
862 1621 932 1655 ὕψει,

985 1621 1187 1651 distrahuntur,
1201 1627 1264 1647 cum
1278 1619 1409 1646 doctrinae
1419 1617 1529 1644 vinculo
1544 1614 1683 1643 constricti
1697 1614 1762 1644 sint,

986 1671 1146 1700 tantumque
1171 1666 1241 1695 inter
1265 1670 1294 1691 se
1307 1663 1487 1695 contendunt,
1503 1667 1634 1696 quantum
1657 1657 1764 1687 distorti

986 1713 1068 1745 oculi,
1100 1719 1181 1738 unam
1208 1710 1386 1744 eamdemque
1412 1716 1469 1735 rem
1494 1711 1647 1737 cernentes,
1660 1712 1691 1731 ac
1710 1711 1765 1730 non

144 1759 253 1796 Iobtitu.
271 1760 318 1788 sed
347 1761 400 1789 situ
428 1760 558 1788 duntaxat
576 1761 648 1787 inter
660 1766 690 1787 se
709 1758 890 1791 dissidentes;
909 1759 930 1786 si
951 1764 1041 1786 tamen
1058 1758 1125 1796 ‘illis
1140 1757 1278 1790 distortio
1292 1761 1321 1785 et
1340 1754 1517 1792 perversitas,
1533 1761 1587 1781 non
1611 1757 1701 1780 autem
1717 1759 1767 1779 ρκ’

152 1807 221 1834 citas
237 1806 388 1841 obiicienda
407 1811 458 1833 est.
486 1815 495 1832 ι
787 1826 790 1829 ι

188 1855 230 1891 [Ρ.
247 1854 309 1890 646]
330 1854 369 1882 Θ¹.
382 1853 455 1888 Ἐγὼ
472 1853 500 1880 δὲ
515 1854 563 1882 καὶ
577 1853 667 1880 ταῦτα
682 1852 772 1884 καλῶς
786 1860 816 1878 τε
831 1852 875 1878 καὶ
890 1852 933 1877 εὐ-

154 1902 229 1936 φυῶς
241 1902 308 1935 πρὸς
319 1901 368 1936 τὴν
381 1900 521 1936 παροῦσαν
531 1899 666 1934 εὑρίσκων
677 1898 806 1925 ὑπόθεσιν
819 1898 937 1933 ἁρμοζό-

156 1957 225 1983 μενα
240 1948 287 1974 καὶ
305 1947 385 1973 πλέον
398 1947 451 1981 ἔχω
466 1955 493 1972 τι
504 1946 594 1979 λέγειν
607 1945 699 1976 αὑτός.
727 1944 873 1979 Ἀνῄρηται
883 1944 937 1978 γὰρ

156 1995 252 2029 ἀγάπη
267 1994 342 2020 πᾶσα
359 1993 405 2019 καὶ
427 1992 588 2026 παραμυθία
601 1991 648 2018 καὶ
660 1991 737 2024 λόγος
751 1989 835 2024 φίλων
847 1989 937 2024 παρή-

156 2049 247 2076 γορος.
262 2039 388 2074 Οὐδαμοῦ
403 2039 556 2073 σπλάγχνον
570 2037 713 2071 ἀδελφικὸν
737 2037 804 2070 (55).
821 2036 938 2070 οὐδαμοῦ

156 2087 274 2121 δάκρυον
291 2086 443 2120 συμπαθές.
461 2085 544 2111 Ὅοεν
573 2085 621 2110 καὶ
637 2083 812 2117 ἀνεμνήσθην
828 2082 940 2108 ἐκείνων

158 2133 204 2160 τοῦ
220 2133 391 2166 Σολομῶντος
405 2139 411 2146 ·
424 2130 577 2165 ’Δπέὗλεψα
592 2130 657 2164 γὰρ,
674 2130 774 2160 ἐκεῖνός
790 2137 866 2163 φησι,
895 2128 940 2154 καὶ

159 2178 229 2206 εἶδον
243 2179 295 2205 ὑπὸ
309 2178 354 2205 τὸν
365 2177 452 2213 ἥλιον,
473 2177 514 2203 ὅτι
529 2176 559 2202 οὐ
577 2176 632 2206 τοῖς
661 2175 773 2208 κούφοις
802 2175 814 2200 ὁ
830 2173 940 2207 δρόμος,

159 2226 219 2253 οὐδὲ
234 2227 290 2256 τοῖς
310 2225 435 2255 δυνατοῖς
450 2224 464 2250 δ
479 2223 597 2257 πόλεμος
612 2231 620 2238 ·
634 2222 681 2248 καί
695 2230 725 2255 γε
741 2221 770 2247 οὐ
786 2222 842 2251 τοῖς
851 2221 942 2252 σοφοῖς

159 2273 176 2307 ὴ
191 2271 340 2307 φρόνησις*
351 2270 399 2296 καί
412 2278 445 2303 γε
463 2268 494 2295 οὑ
509 2269 565 2298 τοῖς
587 2267 673 2301 φίλοις
688 2267 717 2293 τὸ
734 2265 829 2292 εὔελπι
841 2274 847 2279 ·
875 2264 943 2290 ἀλλὰ

161 2317 257 2351 καιρὸς
284 2316 330 2342 καὶ
355 2315 504 2348 ἀπάντημα
533 2312 704 2346 συμϐήσεται
743 2311 832 2336 πᾶσιν·
851 2309 943 2339 αὐτοῖς

160 2362 364 2395 ἀπροσδόκητον
379 2359 412 2386 ἐκ
429 2359 508 2390 Θεοῦ,
541 2358 631 2384 πᾶσαν
657 2355 821 2392 ὑπερϐαῖνον
847 2354 942 2388 σοφίαν

161 2409 209 2435 καὶ
223 2407 340 2442 δύναμιν
365 2405 549 2440 ἀνθρωπίνην,
567 2403 614 2430 καὶ
628 2403 720 2429 πάντα
747 2400 878 2435 φαυλίζον
894 2400 943 2425 ἀν-

162 2453 297 2488 Θρὼπινον
311 2451 392 2485 ὕγκον
410 2451 458 2477 καὶ
483 2450 579 2484 τῦφον.
605 2448 650 2475 Διὸ
666 2448 712 2474 καὶ
743 2447 821 2481 σιγᾷν
848 2445 945 2479 ἔκρινα

161 2499 227 2531 δεῖν,
247 2498 296 2524 καὶ
315 2499 370 2524 τῶν
392 2496 439 2523 τοῦ
469 2496 527 2529 βίου
555 2494 689 2528 παιγνίων
715 2492 867 2526 θαυμάζειν
896 2490 946 2521 τὰς

163 2543 364 2579 ἁγχιστρόφους
390 2541 553 2576 μεταϐολὰς,
573 2541 620 2566 καὶ
646 2538 748 2573 μηδένα
767 2537 819 2571 προ
849 2535 945 2561 τελευ-

163 2589 213 2623 τῆς
244 2587 419 2622 μακαρίζειν.
450 2586 503 2613 Καὶ
518 2587 532 2611 ὁ
551 2585 600 2620 μὲν
624 2585 736 2619 Δαρεῖος
765 2583 868 2612 ἐκεῖνος
892 2580 944 2607 imo

164 2633 277 2668 πληγῶν
302 2635 349 2659 καὶ
380 2632 546 2668 τραυμάτων
582 2629 733 2657 ὶπιὸούλων
758 2629 799 2659 είς
829 2627 945 2654 θάνατον

163 2679 351 2714 ἑλαυνόμενος,
380 2678 474 2712 ἐπειδὴ
509 2676 625 2710 διψήσας
653 2675 752 2710 ᾔτησεν
786 2673 868 2706 ὕδωρ,
899 2672 947 2698 καὶ

164 2715 256 2761 π³ρῆν
268 2725 356 2756 οὐδεὶς
375 2724 404 2750 ὲν
421 2723 515 2758 ἐρήμῳ
540 2722 588 2748 καὶ
606 2721 699 2755 ἀϐάτῳ
717 2719 877 2755 διωγομένῳ
899 2719 947 2753 γῇ,

203 2797 211 2811 '
233 2796 323 2824 Eccle.
344 2803 381 2828 ιχ,
403 2795 445 2823 Η.

1024 1849 1070 1878 ΙΧ.
1089 1849 1155 1884 Εεοῖ
1169 1856 1244 1882 vero,
1276 1847 1329 1876 etsi
1349 1847 1406 1874 litec
1418 1846 1452 1873 ad
1474 1852 1595 1880 praesens
1612 1844 1767 1871 institutum

987 1897 1101 1932 pulchre
1122 1900 1150 1924 ct
1173 1899 1234 1930 apte
1250 1893 1454 1922 accommodata
1470 1891 1588 1926 reperio,
1605 1895 1693 1917 tamen
1710 1889 1769 1924 ipse

989 1944 1049 1974 plus
1065 1944 1136 1970 dico.
1150 1942 1263 1969 Sublata
1278 1941 1383 1968 scilicet
1392 1940 1481 1966 omnis
1493 1938 1612 1965 charitas
1625 1941 1653 1964 et
1668 1943 1768 1963 conso-

988 1990 1063 2020 latio,
1082 1994 1109 2016 et
1122 1989 1271 2015 amicorum
1285 1986 1384 2014 blanda
1412 1984 1551 2012 allocutio.
1565 1979 1703 2017 Nusquam
1716 1981 1770 2008 fra-

990 2041 1067 2063 terna
1091 2034 1197 2061 viscera
1225 2041 1232 2059 :
1256 2039 1390 2066 nusquam
1422 2031 1549 2065 lucrymze
1583 2027 1770 2055 condolentes.

989 2082 1067 2110 Unde
1078 2086 1106 2107 ct.
1123 2081 1169 2107 illa
1187 2078 1342 2106 Salomoriis
1367 2077 1531 2105 recordatus
1555 2082 1615 2101 sum
1633 2072 1771 2107 :Respexi

990 2127 1063 2154 enim
1080 2125 1180 2161 (inquit
1208 2125 1263 2158 ille)
1292 2127 1320 2151 et
1335 2122 1391 2150 vidi
1416 2121 1467 2149 sub
1489 2121 1557 2152 sole,
1573 2119 1702 2154 quoniam
1718 2125 1772 2145 non

989 2177 1030 2201 est
1046 2173 1184 2200 velocibus
1195 2179 1303 2202 cursus,
1328 2177 1378 2196 nec
1404 2167 1560 2203 potentibus
1573 2165 1709 2200 praelium,
1722 2172 1773 2191 nec

989 2219 1100 2254 quidem
1126 2217 1296 2252 sapientibus
1314 2214 1472 2250 prudentia,
1487 2219 1539 2239 nec
1552 2211 1662 2246 quidem
1679 2209 1774 2236 amicis

993 2252 1100 2299 1023
1114 2270 1177 2297 spes
1190 2263 1261 2288 bona
1274 2270 1281 2294 ;
1310 2260 1357 2287 sed
1386 2264 1492 2294 tempus
1503 2262 1532 2284 et
1546 2261 1661 2284 eventus
1677 2252 1774 2281 occur?

993 2316 1035 2336 ret
1049 2300 1242 2335 omitibusiliis
1257 2307 1413 2340 inopinatus
1434 2311 1448 2331 a
1473 2301 1537 2334 Deo,
1551 2304 1659 2328 omnem
1680 2307 1778 2333 super-

993 2354 1119 2389 gredicns
1135 2352 1296 2386 sapientiam
1309 2354 1336 2377 et
1352 2349 1482 2376 virtutem
1498 2346 1655 2381 humanam,
1668 2350 1777 2371 omnem

992 2399 1150 2434 deprimens
1167 2399 1317 2424 humanum
1336 2400 1469 2422 tumorem
1498 2397 1526 2420 ct
1552 2390 1779 2423 fastum.Quam-

992 2445 1086 2471 obrcm
1099 2446 1127 2470 et
1141 2442 1234 2473 silere,
1247 2446 1275 2468 et
1289 2447 1384 2467 eorum
1401 2438 1446 2472 qui
1460 2438 1542 2464 vitam
1565 2437 1635 2463 hanc
1651 2437 1779 2461 exercent

993 2488 1120 2516 ludorum
1136 2486 1246 2513 crebras
1259 2483 1462 2511 vicissitudines
1478 2481 1583 2512 mirari,
1596 2485 1625 2506 et
1641 2479 1778 2506 neminem

995 2539 1058 2561 ante
1087 2533 1194 2560 obitttnt
1219 2531 1274 2559 dici
1295 2530 1402 2557 felicem
1426 2520 1688 2563 oporterejudicavi
1706 2525 1726 2549 '.
1743 2524 1780 2550 Ac

997 2580 1093 2607 Darius
1105 2578 1215 2613 quidem
1241 2577 1296 2606 ille.
1310 2575 1398 2611 plagis
1423 2580 1451 2602 et
1469 2572 1629 2601 vulneribus
1655 2578 1702 2604 per
1715 2570 1783 2596 iusi-

998 2626 1057 2653 dias
1073 2625 1203 2659 acceptis,
1218 2623 1341 2657 adeoque
1356 2625 1444 2648 morte
1465 2620 1594 2647 instante.
1608 2624 1669 2643 cum
1682 2622 1781 2650 aquam

999 2671 1096 2698 sitiens
1125 2669 1261 2705 petiissct,
1290 2672 1319 2694 et
1343 2666 1367 2694 ei
1398 2673 1446 2700 per
1470 2665 1578 2692 deserta
1592 2667 1619 2689 et
1637 2662 1707 2689 invia
1724 2661 1782 2687 Iern

1001 2716 1115 2752 fugienti
1135 2724 1216 2743 nemo
1232 2714 1352 2747 adesset,
1368 2720 1423 2740 uno
1441 2716 1567 2746 excepto,
1580 2716 1667 2744 eoque
1684 2706 1785 2735 intima:

822 2850 990 2880 Variorttm
1016 2852 1110 2880 notat.

170 2953 191 2980 Β
204 2915 263 2978 (ὅίιὶ
280 2914 414 2950 Gregoras
439 2921 518 2942 suum
537 2913 623 2950 ipsius
639 2911 734 2940 vitium
751 2913 829 2940 alteri
844 2911 950 2946 objicit.

192 2960 245 2979 om
268 2972 273 2977 .

192 2959 273 2979 OIVIN.

1044 2910 1099 2944 (53)
1115 2910 1161 2937 Sic
1173 2916 1257 2943 supra
1273 2909 1300 2935 in
1315 2906 1453 2942 excerptis
1468 2913 1502 2935 ex
1513 2906 1545 2935 D.
1561 2903 1663 2933 Basilio
1677 2904 1710 2932 de
1726 2903 1788 2939 Spi-

1009 2947 1060 2973 ritu
1076 2949 1180 2973 sancto.
1199 2945 1304 2972 BOIVIN.
1599 2948 1603 2952 '
