1913 3069
150 79 215 111 1317

341 80 376 116 [Α.
398 88 422 108 ε.
446 81 523 117 15511

597 81 816 114 BYZANTINAE
835 79 1025 110 lllSTORIE
1046 79 1117 110 LIB.
1139 78 1233 108 XXII.
1300 77 1366 112 [tum
1384 83 1406 103 ι.
1426 80 1435 102 ".
1451 81 1593 105 cmucuz.
1609 78 1635 113 5]
1693 79 1762 110 1118

145 137 193 170 τῆς
212 137 299 172 ψυχῆς
319 138 435 173 βελτίονι
458 140 548 175 μέρει,
577 139 624 166 νῦν
643 139 692 175 μὲν
711 139 815 173 θατέρῳ
830 137 929 172 μᾶλλον

982 139 1037 161 tum
1055 133 1157 168 1041
1176 138 1278 166 tenent,
1296 133 1322 160 in
1343 138 1475 174 quantum
1501 134 1606 161 scilicet
1626 135 1762 161 excolim-

147 183 234 214 ἐνίους
263 183 316 209 τῶν
350 184 433 211 πάλαι
456 182 587 220 παρέχειν
619 185 709 219 σοφῶν
733 184 782 219 τὴν
806 183 928 218 βελτίονα

149 231 247 264 μοῖραν
272 230 421 265 ἀκούομεν.
444 231 492 258 νῦν
511 233 533 258 δ’
559 232 647 263 ἐνίους
678 231 795 266 θατέρῳ.
823 231 854 256 'll
879 230 928 265 μὲν

147 276 201 310 γὰρ
216 276 270 301 τῶν
283 276 440 303 ἐνεστώτων
456 278 638 313 ἀντιληπτικὴ
655 279 702 304 καὶ
724 278 865 313 παρόντων
880 277 929 311 μό-

147 329 192 348 νον
207 322 223 355 ἡ
239 321 300 356 ὖψις
318 323 481 358 ὑπάρχουσα
509 324 734 359 δραστικωτέριεν
753 324 828 358 ὅμως
843 322 879 354 ὡς
894 322 928 349 τὰ

148 367 234 394 πολλά
256 368 306 402 τὴν
326 368 381 394 τῶν
396 369 583 404 ὑποκειμένων
606 369 875 405 παρέχεταιγνῶσιν
887 378 893 384 ·
910 370 927 404 ἠ

148 412 170 437 δ’
187 412 256 447 ἀκοὴ
270 413 444 449 ἀμϐλυτέραν
460 416 508 450 μέν
524 425 594 448 πως,
610 415 783 449 πλατυτέραν
799 415 822 441 δ’
841 416 927 450 ὅμως.

150 456 209 482 Τῶν
223 465 251 483 τε
265 458 318 492 γὰρ
335 459 476 492 παρόντων
496 460 617 495 εὐχερῶς
633 460 866 495 ἀντιλαμϐάνεται
882 461 928 486 καὶ

149 501 204 528 τῶν
221 503 345 530 ἀπόντων
363 504 400 536 ὠς
422 506 564 539 παρόντων
582 506 752 538 αίσθάνεται,
780 506 930 540 δαιμονίως

149 548 198 579 τὰς
210 550 326 580 τοπικὰς
354 551 531 578 συνάπτουσα
554 551 718 583 διαστάσεις.
736 552 767 578 Et
785 551 813 578 δὲ
827 560 865 586 τῳ
891 551 929 586 μὴ

150 593 278 625 φορτικὸς
291 593 305 618 ὁ
320 592 409 626 λόγος,
435 593 505 627 αὕτη
536 595 584 620 καὶ
605 594 659 620 τῶν
676 594 829 629 μελλόντων
845 595 931 630 ἑρμη-

150 639 211 668 νεὺς
227 639 323 672 ὁρᾶται
336 640 391 670 τοῖς
411 641 469 672 νῦν,
491 640 517 666 ετ
529 649 570 671 τις
600 641 702 675 Μωσῆς
726 642 771 667 καὶ
789 642 870 667 Δαϐὶδ
887 642 930 668 διὰ.

151 682 308 717 Πνεύματος
336 684 407 710 Οείου
429 685 478 720 τὴν
492 685 593 712 τούτων
610 686 789 717 ἀποϐεσπίζει
805 687 930 722 πρόγνω-

151 735 204 754 σιν.
226 728 258 754 Εἰ
282 727 328 755 οὖν
351 731 380 754 ἐν
397 731 452 761 τοῖς
476 731 562 762 ἄλλως
576 731 668 765 ἔχουσι
685 732 847 767 πράγμασιν
858 731 930 758 οὕτω

149 773 224 799 ταῦτ’
240 774 307 808 ἔχει,
330 776 376 801 καὶ
402 777 552 811 χρημάτων
570 777 619 803 καὶ
634 777 743 812 χωρίων
768 777 874 813 κρίσεις
900 778 928 804 αί

150 819 260 851 πλείους
289 821 521 855 αὑτοπροσώπους
549 822 726 857 ἐπιζητοῦσιν
757 823 929 856 ἐπιστασίας,

149 865 197 891 καὶ
216 865 313 899 χρόνου
330 865 435 893 δέονται
452 867 621 902 μακροτέρου
631 867 771 900 πολλάκις,
781 869 829 895 καὶ
842 868 931 903 ὅψεως

155 911 212 944 ἄμα
227 911 274 937 καὶ
289 911 374 946 ἀκοῆς
388 912 416 938 ὲν
428 912 518 947 ταυτῷ
528 912 562 939 τὰ
583 914 716 948 κριτήρια
731 913 775 940 διὰ
791 913 838 949 τὴν
847 915 929 948 ἀκρί-

152 957 226 983 ϐειαν
238 957 392 991 τάσφαλοῦς
409 958 565 991 ἀπαιτοῦσι,
576 958 634 989 πῶς
648 959 697 985 οὐκ
714 959 746 986 ἄν
757 967 799 991 τις
815 959 931 986 ἐνταῦθα

153 1001 183 1027 τὸ
198 1001 242 1028 τοῦ
259 1002 473 1035 ὑπερϐάλλοντος
484 1002 595 1038 ὄφλημα
607 1004 663 1035 τοῖς
684 1003 817 1039 δόγμασιν
831 1005 930 1032 ἐνεῖναι

151 1046 200 1080 τῆς
220 1046 264 1072 τοῦ
279 1046 346 1073 Θεοῦ
355 1048 517 1082 Ἐκκλησίας
535 1047 677 1083 σταᾶμῷτο
694 1049 764 1084 μετά
775 1049 872 1076 πολλοῦ
884 1050 929 1077 τοῦ

150 1093 324 1127 κρείττονοςς
347 1094 443 1120 Δοτέον
458 1094 504 1120 οὖν
520 1094 568 1121 καὶ
586 1095 660 1129 ἡμῖν,
673 1095 720 1122 καὶ
737 1096 809 1130 μετὰ
832 1096 930 1130 πολλῆς

151 1138 199 1163 καὶ
216 1139 318 1173 σφόδρα
334 1139 614 1175 κατεσπουδασμένης
635 1140 752 1176 ἐρεύνης
772 1141 932 1174 ἐξεταστέον

150 1183 219 1209 κάπὶ
237 1185 351 1218 μακροῖς
367 1185 550 1220 νυχθημέροις
562 1186 597 1212 τά
607 1186 656 1213 νέα
673 1187 754 1213 ταυτὶ
766 1187 929 1222 γράμματα.

151 1229 220 1259 Τοὺς
236 1230 288 1264 γὰρ
316 1230 370 1256 τῶν
389 1230 476 1264 λόγων
503 1231 613 1262 καινοὺς
635 1233 682 1259 καὶ
707 1233 813 1268 κρίσεις
835 1234 932 1267 καινὰς

151 1275 301 1310 ἐπιφέρειν,
318 1276 400 1310 φασὶν
417 1277 441 1302 ot
454 1277 541 1310 σοφοὶ,
554 1277 586 1312 ἢν
609 1278 647 1312 μὴ
660 1277 728 1304 Θεοῦ
752 1279 849 1313 μεστός
864 1287 905 1310 τις
917 1280 931 1306 6

152 1319 324 1353 καινοτομῶν
347 1317 376 1356 ᾖ,
396 1321 444 1347 καὶ
473 1318 529 1352 οἷος
548 1323 561 1348 ὁ
577 1321 694 1357 θεόπτης
708 1323 810 1355 ἐκεῖνος
825 1324 932 1359 ὑπῆρχε

153 1364 265 1398 Μωσῆς,
279 1365 293 1391 ὸ
306 1364 340 1390 τὰ
357 1365 442 1400 μυρία
460 1366 513 1392 τῶν
536 1365 669 1401 Ἐϐραίων
691 1368 863 1402 στρατόπεδα
887 1368 931 1395 διὰ

150 1409 206 1436 τῶν
229 1410 322 1444 ὑγρῶν
345 1411 396 1444 τῆς
418 1410 556 1446 θαλάσσης
572 1412 700 1439 ἀϐύσσων
714 1413 750 1445 ὡς
764 1413 798 1440 δι’
810 1413 931 1449 ἀνύδρων

151 1454 322 1500 διαϐιϐάσας,
338 1457 386 1482 καὶ
411 1456 564 1483 τούναντίον
580 1457 613 1484 αὖ
629 1457 672 1484 διὰ
688 1453 742 1494 τῆς
756 1459 870 1494 ἀνύδρου
886 1460 933 1486 πέ-
946 1473 967 1500 c

152 1508 220 1534 τροις
246 1493 303 1535 ρὲἳν
330 1501 435 1529 ὑδάτων
457 1502 597 1533 θαλάσσας
621 1493 844 1539 παρασκευάσας.
863 1505 931 1532 Θεοῦ

151 1546 206 1580 γὰρ
215 1546 369 1578 κελεύοντός
381 1555 411 1574 τε
424 1549 472 1574 καὶ
488 1549 693 1585 συναιρομένου,
706 1551 754 1577 καὶ
767 1551 847 1586 νόμοι
856 1550 932 1577 λύον-

150 1599 195 1617 ται
212 1591 328 1625 φύσεως.
345 1592 395 1618 Ἦν
411 1592 439 1618 δέ
455 1600 496 1624 τις
505 1592 559 1619 τῶν
576 1593 630 1620 ἀπὸ
640 1594 744 1629 τρυφῆς
755 1596 801 1621 καὶ
815 1594 864 1629 τῆς
883 1595 932 1630 ὀψὲ

152 1634 307 1668 κραιπάλης
320 1634 403 1662 ἕωθεν
412 1635 612 1662 ἀνατελλόντων
626 1635 654 1673 ᾖ,
669 1638 775 1672 ἀνάγκη
791 1640 932 1673 νοσήματα

153 1679 269 1714 φύεσθαι
283 1680 406 1716 μοχθηρὰ
421 1681 469 1707 καὶ
481 1681 649 1714 παντοδαπὰ,
659 1683 704 1709 καὶ
712 1683 847 1717 διαφόρων
859 1684 932 1710 εἰσα-

151 1727 244 1760 γωγὰς
257 1727 390 1761 αἱρέσεων
408 1728 475 1762 προς
492 1727 542 1762 τὴν
558 1728 732 1755 καθεστῶσαν
757 1730 788 1756 ὲκ
816 1729 931 1756 παλαιοῦ

151 1773 300 1804 ποήιτείαικ,
323 1772 370 1799 καὶ
387 1772 530 1804 ἀναλύσεις
544 1773 711 1808 δογματιχῆς
726 1774 867 1809 ἁρμονίας,
884 1775 932 1802 καὶ

149 1817 278 1852 στάθμης
291 1818 398 1852 ἀπάσης
413 1818 627 1853 εὐνομουμένης.
644 1819 744 1854 Διόπερ
755 1819 805 1845 οὐκ
818 1819 931 1846 ἀταλαίο

152 1863 245 1898 πωρον
261 1872 322 1890 τινα
337 1863 384 1890 καὶ
398 1863 517 1896 μάλιστά
530 1872 571 1890 τοι
584 1863 683 1890 εὔωνον
702 1865 827 1898 ἡγεῖσθαι
842 1864 931 1900 χρεὼν

152 1910 201 1943 τὴν
222 1909 270 1943 τῆς
298 1909 427 1944 ἀληθείας
443 1909 562 1944 εὕρεσιν.
580 1909 624 1945 [Ρ.
641 1909 705 1946 655]
721 1911 757 1937 υὺ
779 1911 833 1945 γὰρ
848 1912 931 1938 αὑτο-

152 1955 244 1989 σχέδια
262 1955 309 1981 καὶ
323 1954 466 1988 αὐτόματα
482 1954 607 1988 φύεσθαι,
623 1956 750 1989 καθάπερ
767 1957 816 1987 τὰς
832 1957 860 1982 ὲν
876 1958 932 1988 τοῖς

152 2000 245 2027 ἄλσεσι
267 2000 374 2035 βάτους,
392 2000 471 2034 ἴσμεν
485 2002 518 2028 τὰ
532 2002 656 2036 χρήσιμα
667 2010 674 2017 ο
689 2002 756 2029 ἀλλὰ
777 2003 864 2034 πόνοις
879 2012 932 2030 πα·

152 2047 246 2081 ρὲμιξε
263 2046 409 2078 πλείστοις,
431 2047 478 2073 καὶ
496 2046 593 2080 κομιδῆ
610 2048 726 2082 μακροῖς
750 2047 930 2082 περιετείχισε

150 2094 206 2123 τοῖς
224 2093 340 2127 ἱδρῶσιν,
350 2093 363 2118 ὅ
374 2101 455 2127 τιπερ
470 2092 617 2126 κεφάλαιον
631 2092 684 2119 τῶν
698 2092 747 2126 τῆς
757 2093 846 2128 ψυχῆς
860 2095 930 2128 ἀγα-

979 180 1042 206 tiori
1058 180 1141 207 animi
1161 179 1232 214 parti
1246 179 1410 207 inserviunt.
1427 179 1465 206 Ex
1481 179 1622 206 veteribus
1639 179 1762 214 philoso-

978 225 1040 261 phis
1057 225 1102 252 alii
1121 224 1204 258 huic,~
1219 225 1263 252 alii
1287 225 1326 252 illi
1351 225 1453 260 primas
1471 225 1605 251 tribuunt.
1626 227 1664 252 Ac
1688 226 1763 253 \isus

979 269 1102 303 quidem,
1121 271 1229 296 tametsi
1245 277 1277 296 ea
1295 273 1400 295 tantum
1422 270 1564 304 percipere
1584 266 1685 304 potest‘,
1702 278 1762 304 qua:

979 315 1078 342 adsunt
1092 319 1120 342 et
1139 315 1285 349 praesentia
1305 315 1498 347 obversantur,
1520 320 1609 342 tamen
1626 309 1762 342 cliicacio-

979 367 1036 387 rem
1064 360 1224 394 plerumque
1254 368 1347 387 rerum
1377 360 1545 395 objectarum
1578 361 1760 396 cognitionem

979 407 1052 440 parit
1074 414 1080 432 :
1109 407 1219 433 auditus
1236 414 1302 433 vero
1320 406 1488 433 hehetiorem
1505 408 1716 441 quodammodo,
1733 412 1760 434 at
1810 417 1814 426 ε

979 452 1061 478 latins
1074 446 1223 486 ilill'usam;
1246 457 1340 487 utpote
1356 453 1401 488 qtti
1418 458 1445 480 et
1464 455 1616 488 prtesentia'
1628 454 1703 480 facile
1720 463 1763 480 ar-

980 498 1056 531 ripit,
1079 502 1106 524 et
1131 497 1255 524 locorum
1273 498 1425 525 intervallis
1439 497 1574 532 disjuncta
1595 499 1633 525 sic
1649 499 1763 533 conjun-

980 543 1019 578 git
1037 542 1210 576 mirabiliter,
1227 547 1256 569 ut
1272 543 1425 569 absentium
1444 547 1571 576 tanquam
1586 544 1761 577 pratsentinm

980 597 1061 617 sensu
1079 589 1213 616 adiciatur
1232 597 1238 614 :
1257 588 1449 622 eumdemque,
1468 588 1490 615 si
1506 588 1547 615 fas
1560 589 1663 626 dicere,
1680 590 1760 616 etiam

981 636 1134 662 futurorum
1151 635 1184 660 iis
1200 634 1246 668 qui
1262 641 1335 660 nttnc
1350 634 1446 661 vivunt
1461 634 1763 668 interpretem’exsisle-

981 689 1010 708 re
1032 681 1168 713 videmus,
1194 681 1216 707 si
1234 681 1295 715 quis
1311 680 1353 706 vel
1371 681 1468 713 Moses,
1485 681 1526 707 vel
1553 680 1648 711 David,
1669 681 1762 707 divino

982 727 1084 762 Spiritu
1103 727 1219 758 aillatus,
1237 727 1401 762 praecognita
1417 734 1448 753 ea
1463 722 1642 754 'vaticinetur.
1663 727 1691 753 Si
1712 727 1777 753 ita—.

981 781 1034 807 que
1049 773 1076 799 in
1094 773 1128 800 iis
1142 773 1235 803 rebus.
1253 779 1367 806 quarum
1384 771 1491 798 diversa
1507 776 1549 798 est
1562 771 1643 804 ratio,
1657 772 1693 798 ita
1705 772 1762 799 ha-c

976 824 1011 843 “se.
1029 817 1147 849 habent;
1164 816 1186 843 si
1202 816 1331 850 pleraque
1346 815 1379 841 de
1395 815 1520 849 pecuniis
1543 820 1571 841 et
1596 815 1705 849 praediis
1719 815 1763 849 ju-

982 863 1052 890 dicia
1073 862 1209 890 oculatam
1232 867 1261 890 et
1286 865 1418 889 attentam
1447 861 1645 895 inspectionem
1671 862 1763 896 requi-

981 913 1056 941 runt,
1074 916 1105 936 ac
1121 909 1202 944 longo
1217 915 1287 942 saepe
1302 912 1425 941 tempore
1439 912 1528 941 egent,
1545 911 1582 938 ct,
1599 912 1629 934 ut
1644 907 1762 934 certiora

982 956 1046 987 sint,
1071 960 1218 989 utrumque
1241 954 1334 986 simul,
1358 954 1497 980 oculorum
1518 953 1579 980 dico
1601 957 1629 980 et
1654 954 1760 979 aurium

981 1009 1095 1029 examen
1111 1002 1288 1036 coniunctum
1302 1000 1431 1034 exigunt;
1448 999 1543 1034 quidni
1558 999 1608 1026 hoe
1625 999 1697 1031 loco,
1713 999 1761 1026 ubi

982 1048 1015 1076 de
1030 1048 1154 1078 Ecclesia:
1168 1047 1216 1074 Dei
1232 1046 1366 1081 dogmatis
1379 1046 1479 1080 agitur,
1495 1045 1521 1071 id
1536 1044 1703 1072 cumulatius
1715 1045 1762 1071 de-

982 1093 1048 1121 bere
1061 1093 1181 1128 praestari
1197 1093 1277 1128 longe
1291 1092 1392 1127 potiori
1405 1092 1466 1125 jure
1478 1091 1593 1124 quisque
1606 1089 1762 1117 existimet?

982 1138 1015 1166 Et
1029 1138 1108 1165 nobis
1125 1139 1207 1172 igitur
1223 1145 1292 1164 nova
1308 1137 1353 1164 illa
1369 1137 1478 1163 decreta
1495 1134 1552 1161 dari
1570 1139 1688 1169 oportet,
1703 1141 1764 1168 quae

981 1183 1067 1210 multo
1085 1187 1112 1210 et
1131 1182 1342 1217 diligentissimo
1364 1182 1490 1209 examine
1515 1184 1604 1219 longis
1620 1183 1716 1210 diebus
1735 1186 1764 1209 et

983 1229 1108 1257 noctibus
1122 1229 1339 1264 perpendamus.
1354 1229 1418 1262 Quae
1434 1229 1506 1256 enim
1525 1237 1594 1256 neve
1610 1229 1682 1256 dicta
1703 1236 1764 1263 pro-

982 1274 1117 1307 feruntur,
1132 1281 1164 1301 ea
1179 1273 1257 1300 novis
1272 1273 1384 1308 judiciis
1401 1273 1555 1301 subeundis
1572 1274 1689 1302 obnoxia
1703 1281 1764 1300 esse

982 1320 1119 1354 sapientes
1136 1320 1331 1354 pronuntiant;
1360 1319 1410 1346 nisi
1437 1319 1459 1346 is
1483 1319 1529 1353 qui
1556 1327 1625 1346 nova
1648 1319 1762 1354 proh-rt,

981 1367 1093 1394 numine
1115 1366 1151 1394 sit
1173 1365 1289 1400 plenus;
1306 1365 1396 1400 qualis
1411 1365 1462 1391 fuit
1477 1365 1522 1392 ille
1546 1364 1628 1392 Deum
1646 1372 1765 1398 prsesen-

982 1418 1036 1440 tem
1052 1412 1169 1439 intuitus
1183 1412 1285 1442 Moses;
1301 1411 1348 1445 qui
1363 1410 1577 1438 innumerabiles
1591 1410 1697 1446 1042
1709 1410 1763 1437 He-

983 1459 1117 1486 braeorum
1135 1458 1272 1485 exercitus
1297 1464 1345 1491 per
1371 1457 1491 1491 liquidos
1521 1457 1604 1483 maris
1629 1456 1783 1496 gurgites”

983 1505 1059 1533 velut
1083 1513 1132 1539 per
1152 1504 1258 1531 aridum
1286 1503 1385 1535 solum,
1413 1502 1575 1535 transmisit,
1593 1507 1620 1529 et
1643 1502 1762 1529 vicissim

982 1551 1084 1583 eﬂecit,
1102 1555 1130 1577 ut
1144 1558 1191 1584 per
1205 1550 1309 1576 aridam
1325 1553 1428 1583 petram
1444 1555 1576 1583 aquarum
1591 1548 1632 1574 vis
1646 1548 1763 1575 maxima

982 1597 1089 1624 ﬂueret.
1106 1596 1217 1624 Scilicet
1231 1596 1286 1622 Deo
1297 1595 1412 1630 jubcnte
1428 1600 1455 1621 et
1472 1594 1617 1629 adiuvante
1635 1594 1699 1629 ipsae
1712 1594 1765 1621 sol-

983 1648 1084 1670 vuntur
1101 1643 1173 1675 leges
1189 1645 1302 1668 naturae.
1321 1642 1353 1667 At
1370 1633 1391 1667 si
1414 1640 1439 1667 is
1460 1641 1496 1667 sit
1510 1647 1581 1667 unus
1599 1648 1631 1667 ex
1644 1640 1698 1670 'iis,
1715 1640 1762 1674 qni

982 1697 1015 1717 ex
1034 1690 1098 1716 luxu
1116 1693 1142 1715 et
1160 1694 1294 1715 nocturna
1314 1687 1424 1721 crapula
1440 1686 1551 1713 excitati
1570 1693 1650 1713 mane
1664 1693 1761 1720 exper-

982 1735 1135 1770 giscuntur,
1153 1734 1274 1768 profecto
1289 1740 1400 1760 necesse
1417 1736 1474 1765 est,-
1487 1731 1658 1766 perniciosos
1671 1731 1763 1758 omnis

982 1781 1090 1816 generis
1117 1779 1228 1806 morbos
1253 1778 1394 1809 exsistere,
1419 1781 1447 1804 et
1473 1777 1565 1804 varias
1593 1777 1711 1804 haereses
1735 1777 1763 1804 in

983 1827 1158 1854 constitutam
1177 1825 1330 1860 antiquitus
1342 1823 1516 1858 disciplinam
1537 1822 1640 1852 invehi.
1659 1827 1687 1849 et
1701 1822 1764 1848 har-

983 1873 1103 1900 moniam
1119 1871 1300 1906 dogma'ticam
1319 1870 1482 1905 regulasque
1506 1876 1601 1896 omnes
1628 1867 1765 1903 legitimas

983 1917 1086 1945 aboleri
1106 1922 1188 1952 atque
1208 1916 1332 1944 dissolvi.
1357 1916 1416 1943 Non
1436 1915 1519 1942 debet
1534 1915 1627 1948 itaque
1642 1913 1764 1941 veritatis

982 1964 1155 1999 investigatio
1173 1963 1244 1990 facili
1262 1962 1355 1990 labore
1373 1961 1501 1997 parabilis
1520 1964 1548 1988 et
1565 1959 1678 1986 minimo
1701 1966 1763 1994 pre-

983 2011 1020 2038 tio
1043 2011 1146 2038 venalis
1169 2009 1330 2037 existimari.
1359 2009 1425 2036 Nam
1449 2015 1510 2042 qua:
1535 2006 1613 2033 utilia
1633 2010 1707 2035 sunt.
1731 2012 1763 2031 ea

983 2063 1035 2082 non
1049 2055 1175 2082 videmus
1187 2054 1280 2080 subito
1300 2058 1327 2080 et
1341 2060 1389 2080 sua
1405 2057 1501 2086 sponte
1523 2051 1610 2082 nasci,
1628 2056 1657 2076 ut
1680 2049 1764 2076 ruhos

983 2100 1009 2126 in
1028 2099 1113 2126 silvis.
1136 2098 1212 2131 Quod
1238 2102 1329 2124 autem
1351 2104 1487 2124 summum
1508 2096 1550 2122 e‘st
1575 2094 1658 2120 animi
1675 2094 1763 2121 bono—

151 2138 214 2165 θῶν,
232 2139 264 2164 Τί
279 2139 300 2164 δ’
318 2139 380 2165 ἄλλο
392 2139 464 2173 ψυχῇ
481 2139 642 2173 τιμιώτερον
658 2139 795 2175 ἀγαθὸν,ἣ
813 2141 930 2171 πίστεως

984 2153 1054 2176 rum,
1084 2144 1109 2171 id
1134 2144 1268 2179 plurimos
1292 2143 1400 2170 labores
1426 2142 1594 2169 intermistos
1618 2140 1709 2172 habet,
1735 2143 1764 2166 et

151 2185 269 2219 ἀκριϐὴς
292 2185 426 2219 ἀσφάλεια
457 2185 526 2219 πρὸς
549 2185 628 2215 Θειν;
659 2185 786 2219 Σώματος
805 2185 853 2220 μὲν
876 2186 930 2220 γὰρ

151 2231 291 2265 νοσήματα
309 2230 406 2261 παῖδας
429 2230 529 2265 ίαςρῶν
553 2229 710 2256 είσκαλοῦσι
741 2230 928 2265 θεραπευτάς-⁸

151 2276 202 2303 κᾶν
219 2277 256 2311 μὴ
272 2276 411 2311 εὐστοχεῖν
428 2265 458 2302 τὸ
475 2276 637 2309 σπούδασμα
651 2275 725 2310 δόξῃ,
741 2276 770 2302 τὸ
787 2275 884 2310 βλάϐος
900 2276 930 2302 οὐ

150 2324 219 2349 πάνυ
233 2331 274 2349 τοι
288 2322 416 2357 χαλεπὸν,
433 2322 494 2348 οὐδὲ
510 2322 556 2349 τοῦ
572 2323 706 2358 παρόντος
723 2323 781 2358 βίου
800 2324 932 2359 μακρότε-

151 2376 212 2404 ρον·
229 2368 303 2394 τὰδὲ
321 2368 375 2394 τῶν
392 2368 470 2394 Θείων
491 2368 636 2403 δογμάτων
663 2369 867 2404 ἀρρωστήματα
882 2370 930 2404 οὐχ

150 2415 275 2449 αίμάτων
290 2414 406 2449 ῥήγνυσι
427 2414 545 2448 ῥύακας,
560 2413 618 2440 ἀλλ’
632 2415 700 2448 αὐτῇ
725 2422 756 2448 γε
770 2415 930 2450 αὐτόχρημα

149 2461 181 2494 τῇ
206 2459 296 2486 πίστει
321 2459 437 2494 παρέχει
462 2460 512 2494 τὴν
539 2459 652 2494 βλάϐην,
670 2461 840 2495 ἀναίμακτον
867 2462 930 2496 μὲν,

151 2505 218 2531 ἀλλὰ
235 2506 307 2539 μάλα
334 2513 376 2531 τοι
405 2505 508 2539 σφόδρα
527 2505 636 2541 καιρίαν
651 2505 699 2532 καὶ
713 2505 802 2541 ψυχῆς
824 2507 931 2533 αἰώνιον

150 2551 198 2577 καὶ
211 2551 344 2577 ἀθάνατον
359 2550 531 2585 πράττουσαν
549 2550 675 2584 θάνατον,
692 2549 726 2586 ἧς
742 2553 842 2587 κόσμος
859 2552 930 2584 ἀπας

151 2596 202 2622 οὐκ
230 2595 304 2622 ἐστιν
333 2595 469 2628 ἀντάξιος.
496 2597 541 2622 Διὸ
566 2590 787 2632 παρρησιπτέον
811 2599 870 2625 ἐστὶ
898 2599 931 2625 τὰ

150 2640 274 2673 semina,
288 2640 335 2667 καὶ
351 2641 404 2676 πρό
420 2649 453 2674 γε
471 2641 575 2668 τούτων
602 2643 664 2674 τοὺς
694 2643 815 2675 ἐκείνους
843 2644 932 2671 λιϐέλ-

150 2687 224 2718 λους.
239 2687 287 2718 τὰς
313 2687 367 2713 τῶν
391 2687 579 2721 ἐπταισμένων
597 2689 742 2723 μετανοίας
756 2690 930 2724 κομίζοντας,

151 2733 194 2759 ῐνα
212 2734 249 2767 μὴ
265 2734 355 2768 χεῖρον
371 2734 403 2768 τῇ
419 2733 568 2769 Ἐκκλησία
590 2734 621 2760 τδ
636 2735 738 2769 σχίσμα
753 2735 879 2771 γένηται.
899 2736 930 2763 Ei

149 2778 177 2804 δέ
195 2786 225 2812 γε
242 2779 278 2814 μὴ
295 2779 443 2814 βούλοισθε,
457 2779 498 2810 τίς
516 2778 554 2805 ἔτι
571 2780 648 2815 χρεία
665 2782 828 2816 μαρτύρων,
847 2782 931 2809 Αὐτοὶ

981 2191 1109 2218 maximis
1124 2190 1270 2217 sudoribus
1284 2188 1398 2224 objectis
1412 2187 1598 2222 praecluditur.
1613 2185 1683 2218 Quid
1700 2192 1763 2219 por-

982 2244 1012 2263 ro
1035 2236 1182 2271 pretiosius
1208 2231 1306 2262 animm
1329 2239 1381 2266 est,
1403 2241 1485 2268 quam
1504 2232 1630 2266 religiosa
1647 2235 1674 2258 et
1699 2238 1763 2256 con-

981 2289 1057 2309 stans
1071 2289 1140 2308 verte
1158 2288 1222 2316 erga
1247 2281 1331 2307 Deum
1349 2279 1409 2306 ildei
1424 2277 1598 2306 observatio?
1612 2276 1651 2303 Ad
1666 2284 1762 2303 sanan—

982 2327 1031 2354 dos
1059 2326 1181 2361 corporis
1214 2325 1326 2353 morbos
1356 2324 1456 2351 medici
1488 2328 1680 2355 arcessuntur;
1709 2330 1763 2357 qua

981 2373 1091 2408 quidem
1108 2379 1190 2406 opera
1204 2371 1226 2398 si
1244 2371 1335 2397 minus
1351 2369 1526 2401 successerit,
1542 2369 1672 2395 damnum
1689 2372 1763 2394 certe

982 2427 1035 2446 non
1051 2419 1118 2446 adeo
1134 2427 1227 2453 grave,
1242 2425 1332 2451 neque
1344 2417 1395 2443 hac
1409 2415 1518 2443 mortali
1535 2416 1590 2442 vita
1605 2414 1764 2440 diuturnius

983 2466 1113 2496 futurum,
1129 2464 1275 2498 accipitur.
1295 2463 1329 2489 At
1351 2462 1369 2489 ii
1395 2462 1496 2494 morbi,
1516 2461 1563 2496 qui
1584 2460 1618 2486 ad
1637 2459 1763 2494 dogmata

983 2510 1133 2544 theologica
1161 2509 1310 2543 pertinent,
1338 2515 1494 2543 quanquam
1521 2505 1663 2541 sanguinis
1691 2504 1763 2530 rivos

982 2550 1071 2590 ruptis
1086 2555 1164 2583 venis
1179 2563 1233 2581 non
1248 2554 1406 2585 eﬂ'undunt,
1424 2554 1485 2580 iidt‘l
1499 2553 1550 2587 ipsi
1569 2552 1674 2586 plagam
1689 2557 1765 2577 reve-

983 2609 1011 2628 ra
1028 2601 1162 2636 inﬂigunt,
1180 2601 1351 2628 incruentam
1372 2599 1483 2633 quidem
1505 2598 1591 2630 illam,
1609 2597 1656 2624 sed
1678 2595 1766 2622 maxi-

983 2654 1026 2673 me
1046 2645 1184 2678 lethalem,
1208 2645 1407 2679 sempiternum
1431 2643 1532 2678 quippe
1554 2647 1582 2669 et
1611 2641 1765 2668 immortale

982 2692 1094 2719 exitium
1113 2691 1255 2719 allaturam
1279 2690 1386 2720 animae,
1410 2689 1454 2716 cui
1479 2696 1530 2715 nec
1557 2691 1630 2714 totus
1645 2686 1765 2713 mundus

981 2738 1193 2773 aequiparandus
1206 2741 1257 2765 est.
1272 2736 1454 2769 Quamobrem
1472 2735 1560 2769 palam
1575 2734 1624 2760 ista
1637 2731 1764 2767 proferri,

982 2788 1063 2818 atque
1080 2784 1107 2812 in
1126 2784 1224 2819 primis
1245 2784 1315 2817 illos,
1336 2782 1441 2818 1043
1456 2783 1501 2816 qui
1519 2780 1708 2817 iamnitcntiam
1721 2787 1767 2806 er-
