1913 3069
181 72 249 105 1325
307 79 310 84 ·
397 72 580 110 ἱλ.ο.15ὺί]

673 76 890 107 ΒΥΖΑΝἸΊΝΕ
910 76 965 106 IllE

1018 76 1101 106 iam;
1121 76 1189 106 ΠΒ,
1222 76 1317 107 χχιι,
1356 70 1423 108 [utin
1443 81 1463 99 ι.
1484 80 1627 101 camactz.
1648 73 1675 109 5]

1734 93 1739 104 ι
1747 75 1798 106 3‘26

178 143 224 166 νος
237 134 301 171 ἤθη,
315 135 426 168 πειθοῦς
447 137 484 169 ὡς
502 138 569 173 ῷετο
588 137 753 174 δημιουργὰ,
773 137 820 164 καὶ
836 136 965 171 πλείστην

1018 137 1146 170 ali'erens,
1165 137 1198 164 all
1214 137 1436 172 persuadendum
1453 137 1626 171 (utputa‘vat)
1643 143 1795 162 3Ct‘0liilllll~

179 181 274 216 ἔχοντα
290 182 339 217 τὴν
356 182 423 211 αἰδῶ
449 183 517 217 πρὸς
534 184 620 218 ἡμᾶς,
635 183 709 218 παρὰ
735 182 785 218 τὴν
799 182 882 210 αὑτοῦ
901 182 961 208 λίαν

178 226 334 261 ὑπάρχοντα
350 227 440 261 φύσιν.
455 225 503 259 Οἷς
523 228 672 262 συνύφαινε
687 236 745 259 πως
763 229 810 255 καὶ
825 227 963 263 προύϐάλ-

179 272 250 306 λετο,
264 273 309 300 διὰ
332 273 363 300 τὸ
385 274 593 310 ἀνυσιμώτερον
617 275 665 310 τῆς
683 274 848 309 βουλήσεως,
869 275 917 300 καὶ
935 274 964 300 τὸ

183 319 289 354 μακρὸν
310 320 358 346 καὶ
384 320 514 356 δυσχερὲς
532 321 582 356 τῆς
609 321 715 349 οῐκοθεν
735 321 807 355 ὁδοῦ,
833 320 864 347 τὸ
884 321 965 354 σῶμα

181 365 310 400 καχεξίας
321 364 391 396 τινὸς
401 366 560 401 ἐνοχλούσης
572 367 731 401 τηνικαῦτα.
744 366 869 393 Κᾶπειτα
881 365 965 392 πολλά

184 419 228 443 μοι
241 409 283 445 [Ρ.
296 410 361 447 659]
377 412 484 445 τάγαθὰ
509 413 703 447 ἐπηγγέλλετο,
729 412 856 447 δέχεσθαι
883 411 964 446 θελή-

182 464 260 482 σαντι
275 457 324 491 τὴν
337 457 385 484 τοῦ
402 458 518 493 Παλαμᾶ
531 458 673 486 κοινωνίαν
688 458 842 492 ἀντιλογίας
855 458 964 492 ἀπάσης

183 504 272 534 ἐκτός.
301 513 310 529 ι
334 504 392 535 ΤθιςΔ
406 505 460 540 γὰρ
487 504 613 536 τοιαύτας
638 504 801 538 ἀντιλογίας,
834 513 843 530 ι
860 504 964 537 ἔλεγεν,

183 550 325 584 (Ὁμήρου
348 550 396 576 καὶ
419 551 561 582 Πλάτωνος
575 548 646 577 εἶναι
661 550 763 583 ἀκούω,
782 549 835 576 τῶν
854 550 907 575 σῶν
926 549 965 575 δι-

179 596 322 622 δασκάλων
335 604 341 610 ·
361 596 386 623 οἳ
414 598 491 630 σοφοὶ
517 596 565 631 μὲν
583 594 663 631 ἦσαν,
689 595 756 623 ἀλλὰ
769 595 811 631 μὴ
825 595 966 629 δεξάμενοι

179 641 225 667 τὸν
241 641 358 676 Χριστὸν
378 641 610 676 ἀπεκηρύχθησαν
633 641 671 673 ὼς
701 641 844 676 αἱρετικοί.
861 641 965 676 Ὥσπερ

179 684 226 713 οὖν
239 686 350 721 ὕστερον
365 687 490 714 ἐλθοῦσαι
506 687 533 714 αἱ
550 687 653 713 σύνοδοι
671 687 725 713 τῶν
736 686 822 720 ἁγίων
838 687 965 720 lla-ripe»)

179 733 226 759 καὶ
244 733 401 760 ἀποστόλων
417 734 464 760 καὶ
485 732 633 768 προφητῶν
649 733 804 761 κατέλυσαν
832 731 964 764 ἐκείνους,

180 779 357 814 ἀγράμματοι
384 779 472 812 ὅντες,
495 778 568 806 οὓτω
582 779 615 814 δὴ
636 778 713 812 κάγὼ
732 779 913 813 ἀγράμματος
927 776 966 803 ὢν

1015 182 1104 215 datos,
1120 187 1147 209 et
1166 190 1229 210 cum
1246 183 1398 210 reverentia
1418 190 1481 218 erga
1509 190 1558 209 nos
1577 181 1694 208 maxima
1725 190 1797 207 ρυιμ

1013 229 1135 264 junctos,
1153 233 1235 263 atque
1252 228 1321 255 adeo
1336 228 1371 255 ab
1391 228 1476 263 ipsius
1504 228 1613 263 ingenio
1646 227 1724 261 longe
1750 227 1798 252 ειίι-

1016 277 1128 301 euntes.
1145 273 1193 301 His
1210 273 1265 306 ille,
1287 279 1314 301 ut
1331 274 1457 302 voluntas
1472 280 1547 301 esset
1564 273 1712 304 ellicaeior,
1745 273 1797 299 alia

1016 320 1167 348 attcxebat.
1181 325 1209 346 et
1226 319 1347 347 laborem
1364 319 1414 347 viae
1430 327 1444 347 a
1458 319 1540 346 domo
1569 327 1616 346 sua
1636 327 1722 354 usque
1738 319 1799 345 lon-

1015 373 1054 400 gae
1069 373 1101 392 ac
1113 365 1231 393 dillicilis
1243 366 1417 399 objectabat;
1433 373 1466 393 eo
1480 366 1586 393 scilicet
1613 371 1736 401 tempore
1752 373 1799 392 su-

1017 415 1151 446 peratnm,
1170 419 1232 438 cum
1261 412 1354 446 aliquo
1370 412 1535 440 valetudinis
1561 412 1628 439 vitio
1644 420 1745 446 corpus
1760 413 1799 438 la-

1017 456 1138 484 boraret.
1156 457 1259 484 Deinde
1276 458 1298 484 si
1314 458 1424 490 vellem,
1455 459 1543 493 posita
1560 459 1634 487 enini
1653 458 1799 485 verborum

1016 502 1204 536 contentione,
1245 503 1361 530 Palamze
1384 505 1605 531 communionem
1643 494 1797 534 admittere.

1017 549 1102 576 multa
1120 549 1187 576 mihi
1206 549 1278 577 bona
1301 550 1493 584 pollicebatur.
1518 559 1527 576 ι
1544 550 1652 578 Etenim
1681 551 1802 585 (inquie-

1017 595 1075 630 bat)
1092 595 1159 623 istas
1174 596 1370 624 contentiones
1401 596 1513 624 llumeri
1543 601 1571 623 et
1588 597 1710 624 Platonis
1740 605 1801 624 esse
1841 595 1844 599 ’

1017 641 1111 673 audio.
1139 645 1250 668 tuorum
1278 643 1493 676 magistrorum:
1509 643 1556 677 qui
1575 643 1713 678 sapientes
1741 644 1803 678 qui<

1017 688 1080 715 dem
1096 691 1190 721 erant;
1207 693 1235 715 at
1249 689 1314 723 quia
1328 688 1469 716 Christum
1487 696 1541 716 non
1558 695 1735 724 receperunt,
1761 690 1802 716 id-

1017 733 1092 761 circo
1110 737 1139 760 ut
1155 733 1277 760 heretici
1290 734 1437 768 proscripti
1462 741 1538 762 sunt.
1565 735 1801 768 Quemadmodum

1018 778 1101 814 igitur
1114 778 1260 815 subsecuta
1274 784 1430 807 sanctorum
1451 780 1560 807 Patrum
1572 786 1601 808 et
1615 782 1802 816 apostolorum

181 825 230 859 τὴν
244 825 293 860 σὴν
307 825 454 852 καταλύσω
472 825 568 859 σοφίαν
581 832 588 840 ⁸
602 824 649 852 καὶ
669 823 821 860 πληροῦται
835 823 865 850 τὸ
882 823 964 858 ῥηθὲν

1019 824 1268 860 prephetarumque
1284 825 1411 858 concilia,
1430 826 1478 861 qui
1493 826 1619 854 homines
1631 832 1710 854 erant
1736 827 1802 854 illit-

175 858 224 897 διὰ
243 858 290 898 τοῦ
314 871 454 907 προφήτου
470 879 476 886 ·
495 871 549 899 Ποῦ
572 871 663 906 σοφδς,
677 858 935 906 ποῦ-γραμματεύς
954 878 963 893 ι
977 858 986 876 ³

1021 868 1111 901 terati,
1127 876 1175 896 eos
1194 869 1392 904 proﬂigarunt;
1407 869 1444 898 ita
1459 875 1487 898 et
1500 878 1550 906 ego
1561 891 1568 904 ,
1584 871 1630 906 qui
1646 871 1803 899 illitteratus

179 925 252 950 sum,
268 922 340 945 tuam
354 919 519 954 sapientiam
552 918 635 947 hodie
661 917 812 954 proﬂigabo
827 926 833 945 :
847 922 876 947 et
900 916 1067 952 adimpletur
1098 917 1176 950 illud,
1194 917 1267 952 quod
1298 918 1400 947 dictum
1423 923 1466 947 est
1488 927 1537 954 per
1550 920 1712 955 prophetam
1730 930 1736 947 :
1751 920 1803 948 Chi
1833 911 1843 917 χ

178 965 308 999 sapiens?
320 965 364 993 ubi
379 964 467 992 scriba
479 965 509 992 ‘?
525 974 535 991 I
660 991 666 997 ,

216 1014 255 1040 B'.
276 1012 371 1047 Λόγων
397 1012 427 1038 δὲ
443 1012 585 1039 κάνταῦθα
603 1012 660 1043 τοϊς
685 1011 776 1043 ἄλλοις
791 1010 893 1046 ὸμοὲων
916 1009 963 1036 δα-

180 1057 365 1093 πανηθέντων,
381 1057 545 1093 διελύθημεν
560 1057 589 1084 ὲν
604 1058 704 1090 κενοῖς,
717 1056 830 1092 μηδενὸς
843 1054 880 1084 ὧν
893 1056 965 1084 ἐκεί-

180 1115 225 1138 νος
239 1105 366 1132 ἐϐούλετο
385 1105 543 1140 γενομένου,
560 1104 605 1130 καὶ
621 1100 659 1131 ὧν
682 1103 764 1131 ἕνεκα
787 1102 962 1130 κεκοπίακεν.

179 1152 248 1179 om
264 1151 318 1186 γὰρ
336 1150 442 1177 πολλῶν
462 1151 530 1185 ἡμῖν
556 1149 649 1185 ἐδέησε
682 1148 770 1182 λόγων
788 1148 854 1182 πρὸς
879 1147 964 1183 ἄνδρα

181 1198 340 1233 βαναυσὼδη
359 1197 405 1224 xa‘t
420 1196 545 1230 ζάκοτον,
558 1196 604 1223 καὶ
620 1195 667 1222 τοῦ
688 1195 778 1230 λέγειν
792 1194 886 1226 ἁπλῶς
901 1203 967 1229 προ-

181 1245 336 1280 χειρότερον
364 1242 394 1269 τδ
417 1243 547 1277 πλήττειν
576 1242 684 1277 ἔχοντος
712 1241 760 1268 καὶ
783 1239 891 1276 γλώττῃ
919 1241 967 1266 καὶ

180 1290 262 1326 χειρί.
289 1289 334 1316 Διδ
353 1288 387 1315 τὰ
403 1288 449 1315 τοῦ
472 1288 544 1314 θείου
562 1281 666 1323 Πατρδς
690 1286 830 1313 Βασιλείου
848 1286 904 1321 (44)
922 1286 968 1312 δα-

180 1337 341 1370 νεισάμενος
358 1335 458 1371 προῦτε
465 1343 507 1361 ινα
520 1335 568 1361 καὶ
583 1335 663 1366 αὐτὸς
678 1335 706 1360 ὲν
719 1333 824 1369 βραχεῖ,
837 1333 874 1364 ὼς
886 1342 895 1359 ι
917 1331 968 1359 Ἐν

181 1392 213 1417 γε
233 1382 312 1409 τοῦτο
327 1381 419 1417 τολμῶ
438 1382 494 1417 (45)
511 1380 664 1416 καυχᾶσθαι
679 1381 707 1406 ὲν
718 1380 823 1415 Κυρίῳ,
838 1380 879 1406 ὅτι
892 1379 968 1406 coss.

180 1437 246 1456 ποτε
262 1428 473 1463 πεπλανημένας
487 1428 565 1463 ἔσχον
580 1428 629 1458 τὰς
644 1427 708 1462 περὶ
722 1426 789 1453 Θεοῦ
803 1426 963 1462 ὑπολήψεις·

180 1475 238 1505 ἀλλ’
250 1476 282 1510 ἢν
299 1476 332 1502 ἐκ
360 1475 455 1506 παιδὸς
472 1474 569 1501 ἔλαϐον
594 1473 699 1500 ἔννοιαν
719 1473 785 1509 περὶ
801 1472 870 1499 Θεοῦ
889 1471 965 1506 παρὰ

1053 1009 1084 1038 ll.
1099 1009 1164 1038 Post
1180 1015 1333 1042 sermones,
1360 1010 1499 1044 prioribus
1509 1010 1582 1038 haud
1595 1012 1753 1045 dissimiles.
1772 1016 1804 1043 il-

1017 1054 1053 1083 lic
1067 1062 1179 1090 quoque
1195 1060 1381 1090 consumptos,
1400 1055 1503 1084 frustra
1521 1057 1632 1085 tandem
1649 1059 1801 1089 discessum

1017 1106 1073 1134 est;
1095 1109 1146 1130 nec
1159 1109 1220 1136 qum
1235 1101 1258 1129 is
1271 1102 1329 1129 lieri
1345 1102 1479 1134 voluerat,
1496 1103 1567 1131 etde
1581 1105 1681 1139 quibus
1694 1105 1804 1134 labora-

1020 1152 1104 1181 verat,
1121 1155 1216 1175 eorum
1225 1148 1374 1183 quidquam
1383 1155 1427 1177 est
1443 1149 1605 1184 perfectum.
1621 1151 1715 1187 Neque
1729 1154 1802 1181 enim

1020 1193 1106 1221 multa
1123 1192 1204 1220 nobis
1223 1193 1347 1221 oratione
1362 1201 1431 1228 opus
1447 1193 1501 1221 iuit
1513 1195 1587 1229 apud
1613 1195 1752 1226 hominem
1771 1197 1803 1224 il—

1015 1237 1137 1266 liberalis
1151 1237 1266 1273 ingenii,
1275 1237 1457 1274 eutndemque
1473 1240 1647 1275 iracundum,
1656 1242 1803 1279 linguaque

1016 1288 1044 1311 et
1056 1291 1137 1311 manu
1153 1283 1350 1318 promptiorem
1373 1287 1407 1314 ad
1432 1285 1589 1316 feriendum
1609 1296 1690 1323 quam
1706 1290 1741 1320 ad
1760 1290 1803 1317 di-

1016 1329 1145 1358 cendum.
1161 1329 1344 1363 Quamobrem
1363 1331 1409 1359 illa
1438 1340 1454 1360 a
1483 1340 1580 1362 sancto
1594 1335 1675 1363 Patre
1703 1336 1802 1365 Basilio

1018 1376 1100 1403 verba
1118 1380 1270 1410 mutuatus,
1295 1377 1416 1405 breviter
1446 1377 1504 1414 ipse
1535 1387 1645 1415 quoque
1661 1385 1771 1417 reposui
1790 1394 1801 1413 :

1018 1429 1104 1449 unum
1134 1422 1186 1450 hoc
1210 1422 1305 1450 saltem
1321 1430 1400 1458 posse
1426 1432 1469 1452 me
1500 1425 1528 1453 in
1546 1426 1663 1456 Domino
1678 1429 1800 1464 gloriari,

1017 1468 1162 1503 opiniones
1171 1468 1205 1495 de
1217 1468 1273 1496 Deo
1283 1469 1365 1497 falsas
1375 1478 1516 1506 nunquam
1531 1472 1660 1506 habuisse
1675 1465 1717 1503 me
1729 1485 1737 1510 ;
1753 1478 1801 1506 sed

180 1520 234 1548 τῶν
251 1520 382 1556 μακάρων
399 1520 500 1554 γονέων
516 1528 568 1554 μου
584 1519 632 1546 καὶ
646 1518 701 1545 τῶν
713 1518 893 1554 θρεψαμένων
904 1517 964 1552 ἐμὲ,

1018 1522 1099 1549 quam
1114 1514 1221 1550 1049
1237 1515 1301 1542 olim
1322 1523 1391 1550 puer
1407 1524 1422 1544 a
1436 1517 1525 1545 beatis
1541 1521 1702 1553 parentibus
1719 1527 1746 1550 et
1770 1525 1804 1551 ab

181 1566 284 1600 ταύτην
309 1564 475 1599 αὑξηθεῖσαν
503 1563 583 1599 ἔσχον
609 1564 639 1590 ὲν
665 1562 796 1597 ἐμαυτῷ·
827 1562 919 1588 πίστιν
937 1561 967 1588 δὲ

178 1608 241 1637 οὔτε
254 1608 310 1645 (46)
327 1608 392 1643 παρ’
412 1608 499 1635 ἄλλων
516 1608 694 1643 γραφομένην
718 1607 860 1642 νεωτέρων
878 1615 967 1642 παρα-

180 1656 332 1692 δεχόμεθα,
344 1655 399 1682 οὖς’
410 1655 488 1683 αὐτοὶ
501 1655 534 1682 τὰ
554 1655 603 1691 τῆς
617 1655 756 1690 ἡμετέρας
771 1653 890 1685 διανοίας
906 1662 968 1688 γεν-

181 1705 289 1738 νήματα
310 1702 485 1734 παραδιδόναι
502 1702 663 1736 τσλμῶμεν,
679 1702 723 1727 ἵνα
744 1700 782 1735 μὴ
807 1699 967 1734 ἀνθρώπινα

182 1747 340 1782 ποιήσωμεν
357 1745 392 1772 τὰ
411 1746 461 1781 τῆς
478 1744 621 1776 εὐσεϐείας
636 1745 748 1780 ῥήματα
761 1752 768 1760 ·
785 1743 842 1770 ἀλλ’
858 1743 875 1770 ἃ
892 1742 967 1778 παρὰ

179 1792 235 1819 τῶν
248 1791 334 1825 ἁγίων
352 1789 484 1825 Πατέρων
508 1788 699 1824 δεδιδάγμεθα,
726 1786 812 1814 ταῦτα
828 1787 884 1819 τοῖς
900 1787 967 1821 ἔρω-

179 1839 246 1865 τῶσι
262 1837 468 1873 διαγγέλλομεν.
500 1844 510 1862 ι
532 1835 588 1862 Καὶ
605 1834 703 1870 ,ταῦτα
724 1833 774 1869 μὲν
795 1832 889 1860 τοῦτον
903 1832 966 1869 ἔσχε

180 1883 227 1910 τὸν
240 1883 350 1919 τρόπον.

214 1938 253 1965 1".
285 1938 329 1969 Ἐς
343 1937 372 1964 δὲ
386 1936 437 1972 τὴν
453 1935 584 1965 ἐπιοῦσαν
608 1935 737 1970 παρῆσαν
761 1933 838 1967 αὖθις
861 1934 966 1962 ἐκεῖθεν

179 1984 380 2020 ἀπεσταλμένοι
394 1972 488 2018 συχνοὶ
502 1982 555 2010 τῶν
577 1982 626 2017 τῆς
642 1981 803 2017 Ἐκκλησίας
817 1981 965 2017 ἀρχόντων,

180 2033 227 2059 καὶ
240 2031 298 2067 μετ’
311 2030 401 2058 αὐτῶν
410 2027 451 2061 εἷς
464 2037 506 2061 τις
520 2028 574 2055 τῶν
590 2027 665 2063 ἐμῶν
681 2027 822 2064 μαθητῶν,
835 2028 966 2063 ἄντικρυς

179 2079 257 2109 ἄλλος
286 2077 383 2104 τοῦδε·
409 2076 438 2108 ὃς
465 2076 512 2110 ἀφ’
535 2071 565 2102 οὗ
593 2075 624 2101 τδ
656 2074 800 2109 μοναδικὸν
829 2074 966 2102 ἐνδέδυται

180 2121 289 2159 σχῆμα,’
306 2122 402 2149 ταυτὸν
417 2120 563 2148 ἐπεπόνθει
588 2120 636 2147 καὶ
665 2117 754 2153 οὗτος,
770 2119 838 2156 ὅπερ
863 2120 967 2152 ἐκεῖνος

181 2169 276 2206 χερσὶν
289 2168 407 2204 εἰληφὼς
421 2169 453 2194 ὲκ
467 2166 514 2193 τοῦ
530 2166 641 2195 δείπνου
659 2166 705 2195 τὸν
723 2167 857 2201 σωτήριον
869 2166 962 2202 ἄρτον.

181 2261 315 2296 ἐγεγόνει,
329 2259 528 2296 παραπλησίως
543 2257 575 2294 δὴ
592 2259 640 2285 καὶ
652 2258 747 2293 τάνδρὶ
761 2257 861 2293 τουτῳῒ
873 2258 967 2293 σαφῶς

180 2309 194 2336 ὁ
218 2307 299 2339 αὐτὸς
322 2306 480 2342 ὲπεπήδησε
499 2304 632 2336 διάϐολος,
648 2304 731 2336 εὐθὺς
757 2304 906 2340 ἀμείψαντι
935 2303 966 2331 τδ

181 2354 285 2389 σχῆμα.
300 2352 346 2382 Εἰς
361 2352 415 2386 γὰρ
427 2350 592 2384 κακότεχνον
613 2349 702 2385 ψυχὴν
717 2348 809 2385 χώραν
827 2350 878 2376 οὐκ
895 2348 965 2384 ἔχειν

181 2401 249 2435 φασὶ
264 2399 311 2426 καὶ
338 2399 419 2434 χάριν
446 2397 524 2424 Θεοῦ.
553 2395 685 2423 Τοσοῦτον
715 2396 767 2431 γὰρ
787 2397 848 2429 ταῖς
874 2395 966 2427 ἄλλαις

180 2446 243 2475 καθ’
258 2445 337 2480 ἡμῶν
357 2443 516 2474 ἐπιϐουλαῖς
530 2442 658 2475 καθάπαξ
674 2438 751 2473 οὗτος
763 2442 866 2468 ἐκεῖνον
880 2441 963 2475 ὑπερ‹

180 2490 311 2518 ϐαλέσθαι
336 2488 559 2523 πεφιλοτίμηται,
574 2488 612 2519 ὡς
628 2487 690 2523 μηδ’
712 2487 830 2514 ἐνταῦθα
846 2487 962 2522 γενόμε-

179 2547 223 2565 νον
239 2537 318 2572 μόνον
332 2537 411 2562 ἐᾶσαι
427 2536 477 2570 τὴν
492 2534 620 2568 πρόδοσιν
641 2534 741 2562 Ἰούδαν
762 2534 866 2560 ἐκεῖνον
879 2533 962 2567 ἐγκα-

214 2623 246 2650 ¹Ι
263 2621 326 2649 Cor.
341 2628 360 2652 ι,
375 2620 420 2646 ‘20.

1018 1559 1214 1606 educatoribus
1231 1561 1372 1589 notionem
1393 1561 1440 1590 Dei
1456 1564 1636 1599 accepissem,
1654 1574 1715 1594 eam
1730 1570 1803 1604 apud

1017 1613 1060 1633 me
1075 1611 1182 1633 auctam
1199 1607 1344 1635 retinuisse
1364 1615 1371 1634 :
1388 1607 1470 1636 {idem
1487 1615 1579 1638 autem
1594 1619 1683 1648 neque
1696 1614 1731 1641 ab
1744 1616 1804 1642 aliis

1017 1652 1222 1681 recentioribus
1236 1653 1403 1689 descriptam
1416 1655 1574 1690 admittere,
1590 1665 1640 1686 nec
1654 1667 1714 1694 qua:
1725 1668 1804 1690 mens

1017 1703 1111 1726 nostra
1128 1700 1289 1734 parturiret,
1303 1708 1334 1728 ea
1351 1700 1458 1728 tradere
1480 1701 1542 1730 aliis
1557 1704 1669 1736 audere,
1698 1713 1733 1733 ne
1753 1706 1805 1734 hu-

1017 1752 1097 1772 mana
1112 1753 1161 1781 per
1175 1753 1226 1773 nos
1249 1747 1346 1773 ﬁerent
1362 1754 1433 1774 verse
1457 1748 1602 1783 religionis
1632 1751 1731 1779 verba:
1755 1753 1802 1781 sed

1016 1798 1077 1825 qua:
1096 1798 1111 1818 a
1129 1792 1233 1818 sanctis
1246 1791 1375 1819 Patribus
1393 1792 1596 1827 dldicissemus,
1614 1802 1646 1823 ea
1658 1804 1708 1825 nos
1719 1796 1804 1826 inter-

1016 1835 1123 1870 roganti
1149 1835 1249 1871 cuique
1274 1837 1448 1865 annuntiare.
1487 1837 1521 1866 Et
1548 1839 1607 1868 inec
1627 1841 1738 1876 quidem
1767 1843 1803 1871 ita

1017 1889 1047 1910 se
1059 1882 1228 1913 habuerunt.

1051 1935 1098 1964 ΙΙΙ.
1117 1936 1251 1965 Postridie
1262 1936 1321 1974 ejus
1330 1937 1384 1965 diei
1397 1936 1535 1966 aﬂ'uerunt
1549 1947 1647 1969 rursus
1672 1941 1736 1970 inde
1747 1943 1802 1971 huc

1017 1981 1094 2009 missi
1108 1981 1222 2017 plurimi
1245 1982 1377 2010 Ecclesiae
1406 1984 1561 2018 praesules:
1578 1985 1644 2013 item
1674 1994 1736 2015 cum
1769 1989 1804 2016 iis

1017 2027 1215 2064 discipulorum
1223 2035 1347 2056 meorum
1359 2037 1440 2063 unus,
1452 2029 1522 2062 alius
1538 2031 1618 2066 plane
1629 2040 1644 2060 a
1655 2033 1802 2069 discipulo.

1018 2071 1127 2101 Scilicet
1137 2072 1212 2106 huic,
1221 2081 1254 2100 ex
1270 2079 1323 2108 quo
1333 2073 1513 2101 monasticum
1525 2074 1649 2103 habitum
1664 2077 1803 2110 induerat.

1018 2119 1090 2147 idem
1105 2119 1258 2154 contigerat
1272 2125 1354 2155 atque
1367 2120 1417 2153 illi,
1448 2121 1496 2156 qui
1508 2121 1542 2149 de
1557 2128 1635 2150 coena
1657 2123 1803 2153 salutarem

187 2169 276 2206 χερσὶν
289 2168 407 2204 εἰληφὼς
421 2169 453 2194 ὲκ
467 2166 514 2193 τοῦ
530 2166 641 2195 δείπνου
659 2166 705 2195 τὸν
723 2167 857 2201 σωτήριον
869 2166 962 2202 ἄρτον.

187 2215 231 2247 Ὠς
249 2215 303 2249 γὰρ
324 2215 365 2245 εἰς
393 2214 498 2240 ἐκεῖνον
517 2211 598 2243 εὐθὺς
623 2211 668 2242 τὸν
688 2211 811 2240 διάϐολον
833 2211 965 2238 εἰσελθεῖν

1018 2173 1116 2203 panem
1129 2165 1258 2193 manibus
1271 2166 1467 2201 apprehendit.
1497 2166 1603 2204 Quippe
1632 2173 1662 2196 ut
1677 2168 1805 2199 diabolus

1018 2211 1047 2238 in
1063 2211 1139 2238 illum
1155 2211 1248 2239 statim
1266 2211 1409 2246 introivit;
1427 2212 1465 2240 ita
1482 2219 1509 2241 et
1522 2213 1550 2240 in
1566 2213 1650 2249 hunc,
1666 2219 1727 2249 post
1740 2224 1803 2244 mu-

219 2224 231 2247 ,-
249 2220 303 2247 γαρ
324 2220 365 2245 εις
393 2220 498 2240 εκεινον
517 2220 598 2243 suae;
623 2220 646 2242 τι

1018 2211 1047 2238 in
1063 2211 1139 2238 illum
1155 2211 1248 2239 statim
1266 2211 1409 2246 introivit;
1427 2212 1465 2240 ita
1482 2219 1509 2241 et
1522 2213 1550 2240 in
1566 2213 1650 2250 hunc,
1666 2219 1727 2252 post
1740 2224 1803 2244 mu-

1018 2261 1102 2284 tatam
1116 2262 1232 2291 vestem,
1249 2257 1322 2286 idem
1348 2258 1472 2293 profecto
1504 2259 1630 2289 diabolus
1657 2262 1803 2290 confestim

1017 2304 1135 2334 insiluit.
1150 2304 1287 2332 Nimirum
1299 2304 1327 2332 in
1338 2305 1440 2337 anima,
1453 2306 1559 2336 artibus
1569 2307 1648 2336 malis
1658 2308 1803 2341 instructa,

1017 2350 1134 2386 gratiam
1150 2349 1199 2379 Dei
1219 2355 1321 2386 negant
1336 2351 1427 2381 locum
1442 2352 1555 2381 habere.
1567 2354 1643 2382 Adeo
1653 2360 1745 2384 autem
1757 2355 1804 2383 hic

1017 2395 1106 2429 illum,
1124 2395 1185 2423 aliis
1201 2399 1332 2430 praeterea
1350 2397 1378 2424 iu
1394 2405 1445 2425 nos
1467 2400 1580 2427 structis
1608 2399 1728 2433 insidiis,
1745 2408 1804 2427 om-

1018 2442 1085 2471 nino
1097 2449 1228 2476 superare
1241 2442 1368 2474 certavit,
1386 2448 1416 2470 ut
1432 2451 1483 2474 nec
1498 2444 1526 2471 in
1547 2444 1599 2472 hac
1613 2449 1690 2479 parte
1702 2445 1800 2473 Judatn

1017 2485 1183 2522 proditionis
1196 2493 1272 2512 reum
1286 2487 1364 2521 argui
1396 2495 1480 2515 unum
1497 2488 1626 2516 voluerit.
1656 2488 1801 2516 Enimvero

1015 2541 1078 2560 cum
1095 2538 1122 2560 ct
1137 2532 1163 2559 hi
1179 2532 1278 2566 multa,
1298 2532 1390 2561 itidem
1411 2539 1441 2563 ut
1456 2535 1559 2567 caeteri,
1589 2535 1671 2564 verba
1685 2535 1802 2564 cﬂ‘udis—

849 2665 1013 2696 Variorum
1034 2669 1129 2695 ιιοιιο.

214 2728 268 2763 (ιΗ)
287 2728 374 2762 Epist.
389 2726 433 2758 ’19,
448 2726 594 2754 Eustathio
608 2726 739 2755 Sebastia:
753 2726 962 2763 episcopoJloi-

181 2772 270 2833 “735)
289 2797 355 2826 Vide
372 2804 456 2831 supra
477 2796 526 2824 lib.
547 2804 604 2830 χχι,
617 2799 680 2832 ζοιιι)
714 2797 741 2830 4,
756 2803 825 2842 sect.
841 2798 868 2832 i,
885 2805 960 2825 num.

1017 2727 1197 2825 ἶὲιιὲῗιᾞὶη
1218 2762 1298 2798 epist.
1311 2762 1356 2796 60,
1375 2760 1505 2790 Ecclesia:
1521 2762 1709 2792 Antiochcnm.
1736 2761 1802 2791 Bch
