1913 3069
169 195 237 228 me)
365 194 404 232 [λ.
425 203 450 223 c.
475 195 553 232 l55l]

668 198 1093 231 BYZANTINIEHISTORLE
1117 201 1189 233 LIB.
1207 202 1302 234 XXII.
1342 200 1406 236 [una
1427 209 1449 229 ι.
1469 207 1615 229 εικτιῦυι-
1638 200 1664 237 5]

1721 203 1790 236 1330

166 258 232 292 ριῶν
248 258 295 285 καὶ
309 257 414 284 λύσεων
430 258 480 292 τῆς
497 258 714 294 ἀστροθεάμονος
733 259 830 294 σοφίας
843 259 947 286 δίαυλοι

1007 260 1112 288 "undam
1133 265 1160 288 et
1176 261 1285 288 tacitam
1309 262 1485 289 solitudinem
1517 261 1679 288 commutati
1706 263 1790 289 sunt?

164 303 211 329 νῦν
226 304 255 329 ἐν
270 305 326 335 τοῖς
343 304 392 338 τῆς
402 304 486 339 λήθης
501 304 658 339 ὲκρύὸησαν
670 305 784 339 τάφοιςς
806 305 885 339 Ἐμοὶ
901 304 951 339 μὲν

164 346 211 375 οὖν
237 349 340 375 τοιαῦτ’
363 350 449 375 ἐδίδου
467 351 497 375 τὸ
515 350 608 384 σχῆμα
624 350 670 377 τοῦ
688 350 766 385 φίλου
781 351 950 385 λογίζεσθαι,

165 396 213 421 καὶ
228 395 278 422 ὅσα
294 395 379 422 πλείω
395 396 500 428 τούτοις
514 396 622 424 ἕπεται.

200 526 237 555 Β’.
255 528 300 554 Διδ
315 529 363 554 καὶ
377 527 466 561 λέγειν
478 528 630 563 ἀρξάμενος
647 528 736 563 ἔγωγε
752 529 816 563 περὶ
833 528 884 564 μὲν
896 528 951 555 τῶν

165 574 308 609 ἡμετέρων
321 574 439 601 Ἦκιστά
466 583 508 606 σε,
529 574 614 608 φίλων
629 574 735 610 ἄριστε,
761 575 950 609 χαλεπαίνειν,

164 619 295 653 ἔφασκον,
314 618 382 645 εἶναι
400 619 499 653 χρεὼν,
513 619 574 646 ἐπεὶ
601 619 684 654 μηδὲν
705 619 758 645 τῶν
774 620 802 645 ἐν
820 618 870 654 βίῳ
886 627 951 655 χρη-

167 664 238 692 στῶν
265 665 365 699 ἀμιγὲς
390 664 444 691 οὐδ’
464 665 583 699 ἄκρατον
609 657 666 699 ἔχει
693 665 724 691 τὸ
742 666 855 700 χαῖρονο
883 663 953 691 ἀλλὰ.

166 710 299 745 μέμικται
321 711 410 737 πάντα
429 710 499 745 πρὸς
523 710 569 737 τοῦ
595 710 673 743 Θεοῦ,
700 710 826 746 καθάπερ
849 709 952 745 χαλινῷ

164 765 218 783 τινι
231 756 281 792 τὴν
300 756 431 792 διαμονὴν
447 756 495 783 τοῦ
519 758 627 792 φρονεῖν
651 758 680 782 ἐν
698 757 808 791 μέτροις
824 757 953 791 κατέχον-

164 811 209 834 τος
221 810 230 819 ·
245 801 314 829 εῖναι
332 803 385 838 γὰρ
409 803 594 837 παγχάλεπον,
618 802 765 838 εὖροοῢντα
786 804 843 834 ταῖς
858 804 952 837 ἀμωσ-

164 848 258 883 γέπως
283 848 519 883 μακαριζομέναις
539 847 637 883 τύχαις
666 847 713 875 τοῦ
734 848 793 883 βίου
811 848 903 883 μένειν
923 848 952 875 ὲν

166 895 205 930 τῷ
220 894 374 922 καθεστῶτι
393 894 439 921 τοῦ
465 895 560 930 ἤθους.
577 895 645 929 Περὶ
660 894 688 921 δὲ
705 894 751 921 σοῦ
778 902 824 930 μοι
846 894 952 929 θαυμά-

167 941 224 973 ζειν
240 940 340 973 ἔπεισι,
359 941 418 972 πῶς
434 941 562 967 τοσούτου
576 941 711 976 χειμῶνος
722 940 756 968 τὰ
770 941 818 976 τῆς
839 941 954 976 Ἐκκλη-

167 987 228 1019 σίας
239 986 407 1021 ταράξαντος
418 986 551 1021 δόγματα,
564 987 664 1022 ἣκιστα
677 986 824 1021 γινώσκειν
837 987 879 1022 [Ρ.
889 987 953 1024 662]

166 1033 223 1064 τοῖς
244 1032 329 1067 φῦοις
348 1034 424 1068 ἡμῖν,
441 1030 482 1064 οἷς
501 1033 535 1059 τὰ
552 1033 673 1068 μάλιστα
691 1033 804 1069 θαρρεῖν
827 1033 953 1067 ἐδόκεις,

167 1078 244 1106 οὖπω
264 1079 383 1111 δέδωκας
409 1080 475 1114 ἡμῖν
490 1079 568 1106 οὐδὲν
595 1080 710 1115 ἀκριϐές
727 1088 734 1096 ·
760 1080 818 1107 ἀλλ’
842 1081 954 1115 ἀφῆκας

167 1125 354 1157 παντοδαπαῖς
380 1125 533 1152 πλανᾶσθαι
561 1127 675 1160 φήμαις,
694 1125 742 1152 καὶ
757 1126 953 1161 ἀμφισϐητεῖν,

168 1172 284 1207 πότερον
298 1173 354 1202 τοῖς
374 1172 447 1206 ὅροις
471 1171 586 1202 ἐκείνοις
602 1171 733 1205 ἐμμένεις
749 1172 797 1199 καὶ
812 1173 855 1205 σὺ,
867 1173 954 1199 καθά-

170 1226 223 1253 περ
236 1218 319 1252 ἡμεῖς
333 1225 340 1233 ·
355 1217 370 1253 ἢ
385 1217 512 1251 καθάπερ
537 1217 650 1251 θυέλλης
666 1218 714 1252 τῆς
739 1219 797 1250 τοῖς
822 1218 955 1253 δόγμασιν

169 1263 346 1299 ἰνσκηψάσης
369 1263 417 1290 νῦν
435 1263 603 1297 καταιγίδος,
620 1263 668 1289 καὶ
686 1263 773 1290 ἄλλων
799 1263 891 1291 ἄλλοθι
908 1273 956 1299 φε-

170 1309 305 1346 ρομένων,
323 1309 449 1344 καθάπερ
467 1309 521 1336 τῶν
539 1309 639 1336 πλοίων
654 1309 689 1336 τὰ
703 1310 888 1345 ἀκυϐέρνητα,
907 1311 956 1344 φέ-

171 1365 225 1391 ρων
250 1356 298 1382 ml.
321 1355 354 1382 σὺ
379 1347 480 1382 σαυτδν
499 1357 555 1387 τοῖς
581 1355 714 1388 ἐναντίοις
729 1356 891 1392 ὲπέρῤιψας,
907 1356 955 1383 καὶ

169 1401 294 1436 γλώττης
309 1400 426 1435 ἀφειδῶς
444 1401 505 1427 καθ’
521 1401 598 1436 ἡμῶν
615 1402 715 1437 ὁμοίως
732 1402 803 1437 ἔχεις
829 1402 955 1433 ἐκείνοις.

170 1447 268 1473 Καίτοι
287 1447 314 1482 γ’
329 1446 452 1480 ἀνάγκην
469 1445 559 1481 ἥκιστ’
576 1445 656 1481 ίσμεν
680 1446 809 1481 οὐδεμίαν
833 1446 879 1482 βίᾳ
907 1453 957 1472 πε-

172 1493 294 1528 ριοῦσαν,
311 1491 417 1519 πείθειν
441 1493 475 1527 τῇ
502 1492 638 1528 θρησκείᾳ
654 1493 702 1519 καὶ
717 1493 767 1526 τὴν
779 1491 872 1526 φιλίαν
887 1491 955 1526 δμοῦ

171 1538 378 1571 συνεξίστασθαι
391 1546 398 1554 '
412 1538 473 1565 ἐπεὶ
484 1539 531 1565 καὶ
548 1538 685 1571 Λιϐάνιον,
696 1538 815 1574 Ἕλληνα
828 1538 877 1575 τὴν
891 1538 957 1574 θρη-

1002 307 1140 342 quomodo
1155 307 1274 342 denique
1304 307 1358 335 illan
1383 308 1499 335 subimle
1525 312 1700 335 recurrentes
1715 315 1790 342 qua:—

1002 348 1122 380 stionum
1137 360 1169 380 ac
1182 353 1348 380 solutionum
1363 351 1612 381 astronomicarniu
1647 353 1784 380 exercita—

1003 396 1091 426 tiones
1105 398 1160 432 jam
1175 398 1312 426 oblivione
1325 399 1421 426 deleue
1431 400 1511 426 sunt?
1524 398 1595 431 lla'c,
1612 399 1699 426 ctalia
1711 398 1788 433 plura

1002 443 1046 470 his
1061 444 1223 476 consimilia,
1250 444 1326 472 ‘mibi
1355 445 1499 479 cogitanda
1528 444 1674 480 objiciebat
1708 444 1788 471 amici

1002 488 1088 515 nostri
1107 489 1224 516 habitus.

1038 533 1072 560 ll.
1091 533 1183 568 Itaque
1195 534 1269 569 loqui
1281 543 1406 569 exorsus,
1425 545 1433 561 ι
1452 535 1628 563 Calamitates
1655 536 1787 571 (inquam)

1003 583 1111 606 nostras
1128 587 1200 614 aegre
1213 580 1285 608 ferre
1299 588 1354 608 non
1379 580 1473 613 debes,
1499 582 1649 608 amicorum
1675 581 1787 615 optime,

1000 625 1225 660 quandoquidem
1239 626 1343 654 nullum
1359 632 1401 654 est
1414 627 1466 655 hac
1481 627 1508 654 in
1528 627 1584 654 vita
1601 627 1787 658 commodum,

1001 672 1074 706 quod
1087 679 1183 706 puram
1200 673 1320 707 etplane
1349 673 1484 700 sinceram
1514 673 1636 700 l:ctitiam
1663 672 1758 699 allerat
1776 680 1783 698 :

1001 717 1068 751 quin
1087 717 1142 744 imo
1154 717 1225 745 Deus
1242 719 1335 746 omnia
1360 719 1543 751 commiscuit,
1580 723 1661 753 atque
1687 718 1722 745 ita
1740 725 1789 744 nos

1002 762 1082 789 Ireno
1092 762 1212 796 quodam
1230 768 1340 792 coercet
1356 773 1363 797 ;
1380 772 1414 792 ne
1426 764 1491 798 quid
1508 764 1600 796 nimis,
1617 763 1662 791 sed
1680 763 1713 790 ad
1730 771 1790 790 mc-

1002 807 1177 836 diocritatem
1191 815 1303 843 semper
1314 809 1464 844 sapiamus.
1477 809 1505 836 Si
1521 809 1582 842 quis
1599 809 1672 835 enim
1689 813 1789 835 uteun~

1002 854 1208 890 queprosperis
1238 854 1356 882 fortuna:
1382 854 1493 882 flatibus
1510 859 1617 884 utatur.
1648 854 1671 881 is
1705 854 1788 880 animi

1003 907 1166 936 morumque
1181 900 1362 928 constantiam
1378 900 1534 929 diiiieillime
1549 904 1708 927 conservat.
1720 899 1787 926 lllud

1004 950 1097 973 autem
1113 945 1180 973 mihi
1194 945 1344 981 permirum
1377 945 1488 978 accidit,
1516 944 1590 979 quod
1619 952 1680 971 cum
1714 948 1787 970 tanta

1005 993 1153 1025 tempestas
1163 990 1292 1018 Ecclesiae
1304 990 1433 1024 dogmata
1449 990 1627 1024 perturbarit.
1644 996 1695 1016 nos
1719 987 1789 1014 ami-

1003 1043 1052 1064 cos
1068 1041 1149 1071 tuos,
1168 1036 1269 1071 quibus
1295 1035 1435 1064 conﬁdere
1461 1036 1579 1063 maxime
1593 1035 1698 1070 1052
1714 1034 1791 1062 vide-

1004 1082 1089 1115 baris,
1105 1082 1223 1110 necdum
1238 1082 1336 1110 feceris
1352 1081 1495 1113 certiores.
1515 1081 1563 1109 sed
1585 1081 1669 1108 variis
1687 1082 1740 1108 huc
1757 1080 1789 1108 il-

1004 1128 1050 1156 luc
1075 1128 1175 1156 abduci
1201 1128 1362 1156 rumoribus
1391 1132 1419 1155 et
1449 1127 1578 1155 dubitare
1617 1127 1788 1162 permiseris,

1005 1177 1109 1206 utrum,
1125 1173 1356 1209 quemadmodum
1373 1180 1434 1206 nos,
1451 1177 1480 1199 t-u
1493 1180 1603 1207 quoque
1629 1172 1655 1199 in
1675 1172 1728 1199 illis
1744 1171 1791 1198 dc-

1006 1220 1177 1248 ﬁnitionibus
1193 1227 1374 1254 permaneas;
1391 1227 1424 1247 an
1439 1227 1516 1251 vero,
1537 1226 1599 1245 eum
1615 1218 1699 1245 veluti
1728 1225 1791 1252 pro-

1005 1266 1073 1293 cella
1084 1266 1207 1301 quaedam
1224 1266 1373 1294 vehemens
1387 1265 1514 1294 Ecclesiae
1526 1265 1698 1301 dogmatibus
1714 1265 1791 1292 incu-

1007 1312 1108 1344 bueril,
1122 1316 1149 1339 et
1170 1312 1215 1339 alii
1232 1312 1290 1340 alio
1313 1312 1437 1340 ferantur
1453 1311 1487 1339 de
1505 1319 1580 1339 more
1607 1311 1789 1347 navigiorum,

1006 1366 1067 1393 quae
1083 1358 1273 1393 gubernaculo
1284 1363 1392 1392 carent,
1417 1358 1443 1386 in
1460 1357 1682 1386 adversariorum
1698 1362 1792 1392 partes

1007 1409 1034 1432 te
1046 1405 1136 1439 ipsum
1153 1404 1314 1440 conjeceris.
1334 1410 1385 1432 nec
1397 1411 1479 1439 parce
1508 1404 1628 1438 linguam
1658 1403 1792 1431 adversus

1006 1457 1058 1477 nos
1070 1457 1163 1482 acuas,
1174 1449 1246 1476 sicut
1254 1449 1293 1477 illi
1303 1449 1436 1477 hactenus
1449 1453 1594 1477 acuerunt.
1607 1448 1687 1483 Atqui
1700 1453 1790 1476 tamen

1008 1495 1110 1523 nullam
1127 1496 1255 1523 novimus
1267 1503 1331 1523 esse
1345 1495 1550 1535 necessitatem.
1580 1502 1641 1530 qua:
1656 1494 1746 1529 adigat
1762 1498 1792 1521 ut

1008 1542 1090 1569 simul
1121 1549 1184 1569 cum
1222 1542 1354 1577 religione
1378 1541 1497 1569 amicitia
1526 1541 1584 1576 ipsa
1619 1541 1790 1575 deponatur:

172 1586 267 1612 σκείαν
286 1586 362 1617 δντα,
380 1585 513 1620 Βασιλείῳ
525 1585 601 1619 φίλον
614 1582 684 1612 εῖναι
700 1585 764 1620 ἐνῆν
780 1586 819 1620 τῷ
831 1585 953 1620 μεγάλῳ·

1008 1585 1228 1621 quandoquidem
1249 1585 1375 1617 Libanio,
1388 1586 1506 1613 etlmicte
1522 1585 1662 1620 religionis
1679 1584 1790 1616 cultori,

172 1633 219 1658 καὶ
231 1631 361 1658 τοιούτων
375 1632 389 1657 δ
405 1631 462 1666 βίος
479 1632 559 1666 γέμει
572 1630 747 1665 παραϐολῶν.
764 1632 882 1664 ”Επειτ’,
896 1631 956 1658 οὐδὲ

173 1678 267 1710 θέλων,
290 1677 328 1713 τῷ
361 1677 479 1712 Παλαμᾷ
521 1677 715 1712 προστίθεσθαι
744 1678 888 1712 δυνηθείης
913 1678 956 1705 ἄν.

172 1723 258 1751 Οἶσθα
273 1725 326 1758 γὰρ
343 1723 379 1755 ὠς
400 1724 512 1759 Ἰωάννῃ
529 1722 567 1758 τῷ
595 1723 753 1760 πατριάρχῃ
772 1723 853 1755 ζῶντι
872 1724 957 1760 συχνὰ

172 1771 220 1796 καὶ
237 1771 307 1804 μετά
321 1778 352 1804 γε
364 1769 463 1804 πολλῆς
478 1769 528 1803 τῆς
553 1768 644 1800 αίδοῦς
661 1769 792 1803 προσιὼν,
809 1769 891 1796 αὑτὸν
907 1771 956 1805 μὲν

172 1815 229 1845 τοῖς
243 1814 332 1848 ἁγίοις
349 1814 509 1845 συνέταττες
523 1813 599 1845 ὅλαις
620 1815 763 1848 προθέσεσι
784 1815 832 1849 τῆς
848 1814 955 1851 ψυχῆς·

158 1861 308 1894 τηαλαμᾶν
338 1859 361 1886 δ’
386 1860 453 1895 ὁμοῦ
480 1859 586 1895 βασιλεί
610 1860 830 1895 Καντακουζηνῷ
858 1861 959 1893 πάσαις

174 1906 286 1937 ἔπλυνες
301 1905 395 1941 ’ύὸρεσι
409 1905 517 1941 νύκτωρ
542 1905 589 1932 καὶ
607 1905 668 1940 μεθ’
688 1905 805 1940 ἡμέραν,
832 1906 879 1933 καὶ
895 1907 958 1933 ἀσε-

176 1952 230 1978 ϐῶν
245 1952 442 1987 ἁσεὸεστέρους
459 1951 587 1978 ἁπάντων
601 1951 710 1983 ἐκάλεις
721 1959 728 1967 ·
745 1951 793 1978 καί
817 1959 893 1986 σφισι
909 1960 966 1980 ’τα-Δ

175 1998 224 2032 χὺν
239 1998 284 2024 τδν
301 1997 454 2032 ἀφανισμὸν
471 1997 580 2025 ἔσεσθαι
608 1996 760 2033 προῦλεγες
773 2005 780 2013 ·
805 1997 843 2029 ὡς
859 1998 959 2033 ἥκιστα

177 2045 250 2080 μάλα
268 2053 309 2071 σοι
325 2044 520 2079 περιΐστασθαι,
536 2043 594 2075 νῦν,
610 2044 658 2078 τὴν
673 2043 742 2079 πρὸς
759 2043 891 2071 τάναντία
911 2053 961 2079 με-

176 2091 293 2125 ταϐολὴν
307 2090 494 2125 ἁρμόττουσαν
514 2086 596 2119 εἶναι,
615 2089 751 2120 συνέσεως
765 2091 836 2116 οὕτω
851 2090 898 2117 καὶ
914 2089 961 2123 γὴ-

177 2146 231 2173 ρως
248 2137 346 2171 ἔχοντι,
365 2136 412 2162 καὶ
429 2136 547 2171 συνορᾷν
567 2135 711 2170 δυναμένῳ
724 2135 772 2169 τῆς
786 2134 916 2170 αἰσχύνης
929 2135 960 2161 τὸ

178 2183 304 2218 μέγεθος.
334 2182 414 2208 Ποῖον
436 2182 490 2216 γὰρ
518 2181 557 2208 ἔτι
582 2181 677 2216 χρόνον
705 2181 758 2207 τῶν
783 2180 960 2215 καθηκόντων

175 2231 311 2264 ἀναμενεῖ
329 2237 371 2260 τις
397 2228 561 2263 σύμϐουλον.
576 2229 606 2254 ὲν
629 2227 743 2263 τοιαύτῃ
760 2227 879 2260 γεγονὼς
901 2227 960 2262 ἡλι-

176 2275 223 2310 κίᾳ
235 2283 242 2307 ;
254 2274 306 2301 Καὶ
321 2274 421 2305 πάσαις
436 2273 484 2308 μὲν
495 2272 548 2308 γὰρ
564 2271 681 2308 ἡλικίαις
693 2272 740 2298 καὶ
749 2273 843 2307 τύχαις
854 2272 961 2308 ἀνάγκη

177 2320 259 2354 (pi-60v
274 2316 342 2345 εἶναι
357 2318 483 2351 θανάτου,
497 2318 619 2354 ἀγνωσία
632 2319 750 2353 μυστικῇ
769 2319 831 2350 τοὺς
845 2318 961 2349 κανόνας

177 2366 243 2400 ἡμῖν
262 2365 312 2399 τῆς
327 2365 401 2400 ζωῆς
418 2364 464 2391 τοῦ
487 2364 554 2390 Θεοῦ
578 2364 828 2398 συγκαλύπτοντος,
843 2364 962 2399 μάλιστα.

177 2411 206 2437 δὲ
221 2413 277 2443 τοῖς
294 2411 341 2437 τὸν
356 2410 470 2445 ἔσχατον
488 2409 575 2440 οὕτως
588 2409 651 2444 ὅρον
664 2409 712 2444 τῆς
727 2408 838 2444 ἡλικίας
863 2417 962 2445 σκηνο-

177 2456 326 2484 σατοῦσιν·
342 2456 386 2482 ὅτε
408 2454 526 2490 μάλιστα
553 2455 601 2482 καὶ
625 2454 675 2490 τῆς
702 2455 795 2490 ἀκμῆς
822 2455 959 2490 ὲκείνηςῄ

178 2503 332 2538 πανήγυρις
351 2502 401 2537 ήδη
417 2501 572 2534 σὸἐννυται,
596 2501 643 2528 καὶ
663 2502 693 2527 τὸ
714 2502 768 2528 τῶν
783 2501 899 2537 μακρῶν
914 2501 958 2528 ὲλ-

178 2551 264 2578 πίδων
278 2550 315 2582 ὡς
331 2550 364 2577 τὰ
376 2549 461 2576 πολλὰ
475 2549 646 2585 παρατρέχει
659 2549 782 2584 θέατρον.
800 2549 832 2576 "0
846 2548 878 2584 δὴ
893 2548 963 2575 κάπὶ

178 2597 240 2624 νοῦν
256 2597 298 2623 ἀεί
317 2605 362 2632 μιι
377 2596 518 2631 στρέφοντι
534 2595 587 2622 τῶν
603 2593 833 2631 ἀνδριαντοποιῶν
856 2592 913 2628 (49)
933 2601 962 2620 τε

179 2645 226 2671 καὶ
242 2643 294 2670 τῶν
310 2642 464 2677 ζωγράφων
482 2641 602 2673 ἐκείνους
618 2641 696 2676 ἐπῄει
722 2639 886 2673 θαυμάζειν,
903 2640 961 2666 ὅσοι

178 2689 228 2724 τῆς
242 2688 372 2725 χρονικῆς
389 2687 513 2722 περιόδου
532 2686 561 2713 τδ
577 2687 660 2721 τάχος
680 2686 822 2720 μιμεῖσθαι
846 2684 890 2711 διὰ.
913 2684 963 2718 τῆς

180 2735 277 2770 τέχνης
304 2735 442 2764 ἐθέλοντες
468 2733 550 2766 ἄνδρα
576 2731 699 2758 ποιοῦσιν
723 2728 961 2764 ὀπισθοφάλακρον

183 2781 233 2816 μὲν
249 2782 285 2813 ὡς
304 2781 418 2812 ἐπίπαν,
438 2780 469 2806 οὐ
482 2779 503 2806 δ’
516 2777 718 2811 ἁναφαλαντίαν
729 2785 735 2791 ·
751 2775 819 2803 ἀλλὰ
835 2775 962 2808 μέτωπον

1007 1631 1127 1659 amicitia
1154 1638 1215 1659 cum
1233 1639 1332 1666 magno
1367 1631 1468 1658 Basilio
1486 1638 1547 1658 esse
1576 1630 1684 1666 potuit:
1699 1635 1727 1657 et
1740 1630 1792 1657 hu-

1009 1685 1087 1704 mana
1100 1677 1156 1704 vita
1185 1675 1343 1712 huiusmodi
1361 1676 1494 1711 exemplis
1520 1675 1618 1703 referta
1634 1680 1686 1703 est.
1714 1674 1791 1702 Adde

1010 1723 1081 1758 quod
1098 1723 1222 1755 Palamte,
1239 1730 1289 1750 nec
1300 1723 1322 1751 si
1337 1722 1404 1750 velis
1419 1722 1542 1757 quidem,
1558 1722 1684 1749 assentiri
1697 1729 1792 1756 queas.

1009 1769 1088 1801 Nam,
1107 1773 1136 1796 ut
1160 1770 1243 1800 nosti,
1273 1769 1305 1796 ad
1334 1769 1467 1797 Joannem
1497 1767 1680 1803 patriarcham
1710 1768 1794 1794 multa

1009 1822 1073 1842 cum
1088 1815 1241 1842 reverentia
1256 1822 1326 1849 sazpe
1339 1814 1490 1846 accessisti,
1503 1822 1622 1849 eumque
1633 1818 1688 1841 tota
1705 1814 1795 1841 inlen—

1010 1861 1084 1888 tione
1110 1861 1194 1887 animi
1224 1861 1327 1888 sanctis
1355 1860 1580 1892 adnumerabas;
1610 1861 1636 1887 in
1658 1860 1793 1886 Palamam

1010 1912 1100 1934 autem
1116 1911 1144 1934 et
1163 1907 1356 1942 imperatorem
1372 1906 1592 1934 Cantacuzenum
1608 1906 1700 1933 omnia
1709 1905 1795 1932 male—

1011 1953 1083 1980 dicta
1110 1952 1157 1980 diu
1173 1956 1311 1986 noctuque
1325 1952 1497 1980 conferebas.
1531 1951 1704 1979 Vocabantur
1718 1950 1763 1978 isti
1780 1958 1795 1978 a

1011 2003 1038 2026 te
1054 1998 1176 2025 omnium
1193 1997 1340 2032 impiorum
1355 1998 1474 2025 maxime
1488 1997 1564 2032 impii
1584 2005 1591 2024 :
1618 2004 1688 2031 quos
1707 1997 1792 2023 etiam

1011 2044 1044 2070 de
1056 2043 1146 2070 medio
1157 2042 1304 2070 confestim
1331 2043 1468 2070 sublatum
1500 2042 1534 2070 iri
1552 2042 1719 2077 prtedicebas
1733 2051 1739 2068 :
1754 2043 1792 2074 ita

1011 2094 1041 2116 ut
1056 2096 1111 2116 non
1131 2088 1318 2123 ampliusjam
1337 2093 1363 2116 te
1380 2089 1475 2116 deceat
1506 2088 1533 2116 in
1549 2089 1662 2115 alteram
1688 2093 1792 2123 partem

1011 2137 1145 2167 converti,
1162 2141 1226 2162 eum
1244 2139 1347 2162 tantam
1363 2134 1536 2169 prudentiam
1570 2138 1597 2162 et
1623 2138 1793 2161 senectutem

1010 2181 1126 2215 adeptus
1139 2179 1234 2212 fueris,
1250 2184 1279 2207 et
1295 2179 1375 2207 facile
1390 2180 1536 2215 perpicere
1547 2180 1650 2212 valeas.
1663 2184 1795 2214 quantum

1013 2226 1040 2253 in
1057 2231 1082 2253 te
1096 2225 1216 2253 dedecus
1229 2225 1327 2252 exinde
1342 2225 1377 2253 sit
1393 2225 1625 2254 redundaturum.
1654 2226 1706 2259 Qui
1721 2226 1794 2253 enim

1012 2280 1046 2300 eo
1060 2271 1149 2299 aetatis
1163 2275 1308 2306 provectus
1319 2276 1373 2304 est,
1394 2271 1475 2306 quale
1492 2276 1598 2306 tempus
1613 2271 1794 2306 exspectabit,

1010 2316 1085 2352 quod
1096 2323 1159 2343 eum
1172 2316 1214 2343 sui
1230 2315 1312 2343 oliicii
1331 2315 1498 2344 admoneat?
1519 2316 1587 2344 Nam
1615 2324 1677 2344 cum
1706 2315 1796 2343 omnis

1010 2363 1100 2391 aetatis
1116 2366 1145 2390 et
1155 2362 1274 2389 fortunae
1288 2361 1448 2390 hominibus
1465 2362 1585 2391 timenda
1600 2363 1636 2391 sit
1652 2370 1737 2399 mors,
1762 2369 1795 2390 eo

1011 2409 1084 2445 quod
1097 2409 1160 2436 vitae
1174 2412 1276 2436 nostra!
1291 2412 1380 2436 metas
1410 2409 1525 2444 mystica
1540 2408 1658 2444 quadam
1684 2408 1795 2443 ignora-

1012 2455 1086 2482 tione
1099 2453 1173 2481 Deus
1186 2453 1332 2486 obvelarit,
1352 2457 1409 2480 tum
1425 2453 1543 2481 maxime
1557 2454 1591 2480 iis
1608 2453 1730 2480 timenda
1741 2456 1794 2484 est,

1011 2499 1058 2534 qui
1072 2498 1178 2534 1053
1195 2499 1342 2526 terminum
1361 2499 1422 2526 vitae
1437 2504 1465 2526 et
1492 2499 1619 2526 ultimum
1648 2505 1739 2525 actum
1755 2498 1795 2525 sic

1010 2544 1085 2571 velut
1105 2544 1132 2571 in
1150 2551 1230 2571 scena
1244 2543 1384 2579 produnt:
1401 2544 1510 2579 quando
1538 2544 1690 2578 praesertim
1720 2543 1795 2570 festi--

1010 2598 1061 2618 vus
1075 2590 1119 2617 ille
1135 2590 1213 2625 vigor
1227 2590 1316 2617 aetatis
1331 2590 1525 2625 exstinguitur,
1538 2596 1565 2617 et
1588 2597 1648 2624 qua:
1670 2597 1720 2616 nos
1747 2589 1794 2616 diu

1010 2643 1074 2672 spes
1087 2636 1224 2671 praeclaras
1237 2636 1371 2666 luserant,
1389 2643 1482 2662 earum
1500 2635 1557 2664 fere
1570 2636 1708 2663 theatrum
1726 2644 1795 2671 pra:-

1013 2683 1168 2710 lerlabitur.
1199 2682 1275 2715 Quod
1292 2681 1383 2708 animo
1403 2682 1467 2708 dum
1492 2689 1601 2717 semper
1624 2689 1730 2709 mecum
1746 2689 1795 2708 vo-

1013 2727 1081 2761 luto,
1097 2728 1243 2755 statuarios
1271 2727 1331 2754 illos
1361 2731 1390 2754 cl.
1415 2727 1535 2761 pictores
1551 2726 1683 2754 admirari
1711 2726 1794 2757 subit,

1014 2774 1062 2813 qui
1092 2773 1215 2801 velocem
1234 2773 1423 2801 convcrtcntis
1448 2780 1508 2802 sese
1535 2774 1666 2808 temporis
1683 2764 1794 2800 curﬁim

835 2845 1000 2880 Variorum
1023 2845 1117 2872 nol'e.

221 2918 276 2953 (19)
296 2918 341 2945 Sic
365 2923 445 2951 ειη)ιό
460 2915 508 2942 lib.
527 2922 586 2947 nu,
613 2922 673 2948 cap.
694 2913 716 2947 ι,
736 2917 801 2942 sccl.
826 2913 849 2940 ιι.
863 2912 1031 2940 Carruaoss.
