1907 3074
91 197 157 228 Ῑῗϐι
229 201 266 231 [Α.
286 204 313 224 ιι.
333 198 413 231 6859,
440 205 491 238 mn.
513 199 541 234 4|

687 202 893 233 NlCEPHORI
913 203 1102 235 GREGORE

1641 205 1709 237 164

1262 203 1328 238 [μιν.
1349 212 1371 232 ι.
1390 211 1535 232 ctxracuz.
1557 203 1585 239 5]

90 253 230 286 scientias.
244 261 360 289 quarum
374 263 440 283 usus
452 261 494 284 est
506 257 534 284 in
545 257 788 293 disputationibus.
803 259 866 287 Cena

927 260 998 294 λέγιιι
1012 262 1044 296 δὴ
1058 263 1118 292 ταῖς
1132 263 1186 288 τῶν
1202 261 1320 297 θύραθεν
1337 263 1406 298 πρδς
1430 263 1482 293 τὰς
1505 263 1638 295 διαλέξεις
1654 264 1699 290 ἔπι

89 307 136 326 seo
151 300 223 327 enim
242 308 338 328 eorum
353 302 458 330 artibus
467 307 496 330 et
512 303 676 332 testimoniis
690 306 802 333 multam
826 305 873 333 dc-

91 342 318 374 rubnstrationum
348 348 429 376 nobis
459 350 514 376 vim
543 355 700 385 suppetere.
738 351 872 384 Quoniam

90 399 154 419 vero
170 392 301 420 adversus
313 393 457 421 veritatem
475 395 650 430 profanorum
664 397 761 430 armis,
778 401 872 431 utpote

90 437 209 471 propriis
233 438 392 472 destitutus,
418 441 556 479 instruere
582 450 611 469 se
636 449 769 476 conatur,
794 444 872 479 longe

89 482 188 516 potiori
215 484 323 520 ratione
348 492 398 512 nos
424 478 487 513 rude
506 495 556 521 pro
578 487 694 515 veritate
715 488 872 516 firmissime

89 531 242 562 pugnantes
258 529 438 562 armabimur,
457 531 505 564 qui
524 539 619 559 sumus
637 532 670 559 iis
684 533 830 560 assuefacti
846 539 873 560 et

89 565 364 606 pcromnemaatatem
376 575 440 603 huic
451 584 545 611 pugme
557 578 662 613 1083
669 586 781 612 operam
792 587 871 607 nava-

90 618 187 646 vimus.
201 619 268 646 Nam
282 620 381 656 linguze
395 627 494 650 nostrae
511 623 671 652 afﬁnitatem
690 629 718 653 et
733 625 871 661 ingenium

88 663 180 697 potius
204 671 409 700 cognoscemus,
428 675 510 702 quam
540 669 597 704 ipse
620 670 743 698 Palamas
760 671 871 703 nothus,

89 709 136 742 qui
152 709 329 744 profanorum
342 713 505 742 testimoniis
528 715 690 744 adulteratis
707 717 803 744 utitur.
820 717 874 745 lla-

89 761 143 788 que
157 760 216 782 tum
230 755 265 783 ob
277 756 347 785 hanc
360 758 466 785 unicam
480 759 624 794 rationem,
634 765 690 788 tum
699 767 811 797 propter
821 771 872 790 no-

89 802 209 826 strorum
229 800 418 836 theologorum
431 808 457 830 et
468 803 597 832 Ecclesize
608 805 751 834 doctorum
771 807 873 835 adhor-

89 844 227 876 tationem,
238 853 291 872 non
299 846 401 882 pigebit
413 855 463 875 nos
475 848 518 875 his
531 849 617 878 armis
628 850 725 879 instrui
740 852 872 881 adversus

88 888 155 915 istos
174 890 258 917 vcluli
275 899 415 919 murorum
426 893 586 923 etfractores
601 901 628 924 et
639 898 784 933 sacrilegos
795 907 871 927 scur-

88 941 143 966 ras,
167 937 212 970 qui
234 942 404 966 monstrosas
427 943 454 966 et.
472 939 621 969 insolentes
638 942 664 969 in
678 945 830 971 sententias
844 950 872 972 et

90 987 198 1008 errores
222 990 278 1016 pra:
306 982 415 1010 inscitia
436 989 552 1013 caeteros
567 985 717 1015 abducunt.
746 988 834 1021 Unde,
849 989 872 1016 si

86 1025 165 1052 vobis
178 1027 260 1054 etiam
276 1028 312 1055 ita
327 1029 415 1056 visum
431 1029 580 1065 fuerit,uhi
595 1032 671 1067 prius
681 1034 714 1061 de
732 1034 774 1061 his
786 1042 871 1069 pauca

85 1075 113 1098 et
135 1080 305 1108 qtlzrcunque
328 1074 361 1102 ad
387 1075 542 1104 institutum
569 1082 694 1106 nostrum
718 1080 870 1114 pertinent,

85 1116 362 1152 consideraverimus,
387 1121 479 1148 statim
496 1122 666 1156 propositum
675 1123 764 1151 nobis
776 1129 868 1151 certa-

87 1170 148 1189 men
170 1162 305 1192 ineamus.
340 1165 407 1193 Nam
425 1167 447 1194 si
467 1167 505 1194 rei
530 1173 715 1198 controversae
738 1171 870 1206 principia

85 1208 163 1235 firma
182 1213 209 1236 et
225 1209 322 1238 idonea
348 1212 588 1246 praestituerimus,
609 1214 724 1243 ulterius
741 1216 870 1250 progredi

83 1252 164 1287 longe
184 1253 264 1281 nobis
281 1254 390 1283 facilius
406 1257 472 1289 erit,
488 1265 569 1293 quam
588 1259 610 1287 si
626 1259 734 1286 infirma
748 1265 775 1288 et
790 1260 870 1288 debi-

83 1297 117 1324 lia
135 1303 240 1327 tantum
260 1302 523 1334 praestruxissemus.

118 1343 163 1370 ΙΙΙ.
181 1344 304 1373 Primum
330 1347 414 1384 igitur
428 1350 517 1384 magni
535 1355 561 1377 ct
586 1350 731 1380 clarissimi
749 1352 871 1389 Dionysii

84 1392 250 1420 mentionem
267 1394 376 1426 faciam,
390 1397 436 1431 qui
450 1389 587 1432 duplicem
604 1406 665 1427 esse
677 1400 868 1437 theologorum

82 1438 258 1466 traditionem
288 1441 402 1474 asserit;
431 1450 511 1470 unam
540 1444 651 1478 quidem
681 1453 811 1473 arcanam
841 1452 870 1474 et

82 1478 367 1518 mysticam;altcram
383 1494 447 1513 vero
463 1487 678 1522 philosophicam
698 1498 729 1517 ac
755 1491 869 1519 demon-

81 1530 241 1556 strntivam:
258 1536 296 1563 et,
319 1531 392 1565 1Est,
413 1533 514 1568 inquit,
538 1542 669 1563 arcanum
691 1545 753 1564 cum
772 1543 868 1573 aperto

79 1580 108 1602 et
123 1576 261 1603 declarato
289 1585 456 1605 connexum.
495 1579 551 1607 Hoc
575 1582 687 1616 quidem
720 1583 867 1616 persuadet

79 1625 107 1648 et
120 1628 215 1648 eorum
228 1629 288 1656 quae
309 1623 439 1650 dicuntur
454 1624 597 1652 veritatem
623 1627 768 1663 astringit:
799 1629 865 1656 illud

79 1670 170 1693 autem
186 1667 280 1694 efficax
297 1672 386 1701 est,ct
401 1669 428 1695 in
447 1669 500 1696 Deo
517 1678 566 1698 nos
580 1671 675 1699 fundat
686 1678 769 1708 atque
780 1675 866 1702 collo-

79 1716 124 1739 cat
139 1713 350 1749 occultis,quas
364 1722 378 1741 a
401 1716 511 1744 nemine
536 1717 866 1751 docemur,iustitutioni-

78 1757 156 1784 bus.»
171 1757 283 1793 Magnus
292 1766 358 1787 vero
370 1760 548 1795 Athanasius,
559 1762 592 1790 de
605 1763 686 1799 hujus
699 1765 774 1792 vocis
788 1775 797 1791 1
810 1774 863 1794 non

77 1802 166 1831 fuctns
182 1813 190 1829 ι
206 1805 406 1840 signiﬁcatione
425 1807 557 1836 adversus
577 1809 694 1838 Arianos
710 1811 864 1846 disputans,

82 1858 90 1874 1
109 1850 282 1886 lnterrogent
300 1852 414 1887 (inquiti
428 1853 555 1889 gentiles,
578 1860 610 1882 ut
636 1864 698 1883 cum
727 1857 865 1886 audierint

77 1896 112 1923 ah
126 1896 208 1932 ipsis,
224 1902 292 1932 quot
314 1899 485 1934 significatus
502 1898 601 1928 habeat
617 1902 674 1930 haec
702 1911 764 1936 vox,
784 1913 792 1930 1
809 1911 863 1932 non

77 1946 175 1975 factus,
196 1953 205 1969 ι
219 1944 371 1979 intelligant
387 1954 415 1973 se
440 1954 490 1973 nec
505 1947 539 1974 de
555 1947 597 1974 his
614 1949 736 1983 quidem,
749 1949 783 1977 de
804 1951 864 1985 qni-

76 1988 128 2015 bus
136 1989 283 2023 disserunt,
295 1995 368 2018 recte
380 1999 460 2018 nosse
473 1992 667 2027 interrogare.»
679 1994 786 2030 1084
797 1995 865 2022 Mul-

79 2036 135 2060 tum
145 2033 245 2062 deinde
258 2035 300 2062 vir
315 2036 366 2062 iste
381 2035 492 2064 divinus
504 2037 587 2064 habet
600 2045 768 2070 sermonem,
779 2047 860 2074 quem

76 2079 235 2106 accuratius
254 2079 361 2107 discere
377 2085 507 2115 poterunt
515 2082 673 2117 quicunque
684 2083 773 2118 legere
786 2084 861 2111 illum

75 2123 222 2151 voluerint.
254 2124 320 2151 Nam
347 2132 408 2152 cunt
437 2126 681 2161 impraesentiarum
720 2128 800 2156 nobis
825 2129 859 2156 ad

76 2168 208 2196 ulteriora
224 2169 419 2198 festinantibus
432 2171 500 2198 nihil
525 2171 574 2199 otii
599 2173 645 2203 sit,
661 2179 747 2207 pauca
764 2173 859 2201 saltem

54 2247 60 2252 γ
75 2214 231 2242 divinorum
247 2215 388 2243 hominum
405 2217 512 2244 illorum
534 2218 617 2245 verba
635 2218 680 2246 hic
707 2227 861 2254 proponere

76 2260 165 2287 visum
181 2267 233 2293 est,
263 2266 395 2296 quantum
421 2263 527 2291 scilicet
550 2264 668 2292 instituti
683 2265 773 2300 operis
790 2266 860 2294 ratio

75 2315 88 2333 τι
104 2307 184 2335 nobis
204 2308 342 2342 postulat:
372 2314 470 2336 caetera
499 2317 564 2337 vero
591 2311 681 2345 legere
705 2311 860 2339 volentibus

75 2353 247 2388 reliquimus,
264 2361 326 2380 cum
339 2361 449 2389 semper
460 2356 549 2390 ampla
561 2357 667 2393 cunctis
680 2361 709 2384 ut
720 2357 747 2384 id
761 2357 861 2385 faciant

74 2398 136 2424 data
170 2398 206 2425 sit
230 2403 361 2433 potestas.
397 2400 535 2427 Consonat
558 2401 641 2428 etiam
666 2402 720 2429 illis
748 2410 861 2438 magnus

75 2443 209 2477 Basilius,
225 2445 270 2472 ubi
288 2445 343 2477 ait,
368 2446 518 2474 dialecticae
534 2447 687 2481 disciplinae
703 2449 859 2477 facultatem

73 2497 134 2517 esse
151 2490 238 2517 instar
253 2491 335 2525 muri,
353 2499 403 2519 nec
422 2494 590 2527 permittere,
610 2499 637 2520 ut
652 2495 776 2530 dogmata
792 2496 861 2522 diri-

74 2535 197 2569 piantur,
213 2540 261 2563 aut
276 2545 291 2563 a
308 2537 464 2565 volentibus
479 2537 557 2565 facile
580 2545 782 2575 expugnentur.
813 2541 861 2568 llis

75 2582 132 2608 fere
150 2582 252 2609 similia
277 2583 382 2617 profert
408 2584 488 2611 divus
509 2584 734 2620 Chrysostomus,
755 2586 801 2613 ubi
821 2587 862 2614 sic

74 2627 217 2662 loquitur:
246 2627 340 2660 «Ουοὰ
364 2633 470 2664 spectat
492 2629 526 2657 ad
549 2631 680 2665 Optimam
701 2632 763 2658 vitae
785 2632 863 2660 insti-

76 2674 223 2706 tutionem,
246 2675 365 2702 alterius
390 2676 443 2703 vita
459 2681 552 2710 posset
568 2684 618 2705 nos
633 2677 666 2705 ad
679 2677 741 2705 vitae
766 2678 863 2707 similis

74 2719 278 2748 aamulatiooem
293 2720 436 2749 inducere.
453 2721 507 2750 Sed
522 2729 585 2751 cum
596 2723 686 2751 anima
703 2723 862 2758 spuriorum

925 307 1054 341 στὴμαις,
1068 307 1111 343 [Ρ.
1129 307 1193 343 680]
1210 308 1248 340 ὡς
1268 310 1316 335 καὶ
1339 309 1450 343 τέχναις
1468 309 1515 335 καὶ
1532 310 1709 344 μαρτυρίαις,

924 353 1028 379 ἐκεῖθεν
1053 354 1120 388 ἡμῖν
1137 354 1187 388 τὴν
1212 353 1288 388 ἰσχὺν
1312 353 1500 388 περιγίνεσθαι
1527 355 1639 387 φάσκων
1655 355 1710 381 τῶν

924 399 1141 434 ἀποδειγμὰτων.
1164 399 1240 426 Ἐπεὶ
1265 399 1288 426 δ’
1318 400 1417 430 ἄοπλος
1443 399 1549 426 οἴκοθεν
1580 399 1711 435 ὑπάρχων

923 445 1005 475 αὐτὸς
1019 445 1051 470 ἐκ
1067 444 1169 471 τούτων
1183 439 1279 471 ἑαυτὸν
1293 445 1415 476 ὁπλίζειν
1429 445 1558 480 πειρᾶται
1575 446 1647 471 κατά
1660 445 1708 479 τῆς

925 491 1062 524 ἀληθείας,
1078 491 1167 525 πο).λῷ
1183 491 1284 526 μᾶλλον
1299 492 1372 526 ἡμᾶς
1384 492 1412 523 ὲς
1424 491 1455 518 τὸ
1470 491 1618 526 κράτιστον
1632 490 1709 517 ταῦθ’

924 536 995 571 ὑπὲρ
1015 537 1063 571 τῆς
1085 536 1215 569 ἀληθείας
1237 537 1456 570 ἀγωνιζομένους
1472 535 1626 568 ὸπλίζουσι,
1647 536 1710 567 τοὺς

925 582 997 616 μάλα
1022 582 1148 617 συνήθεις
1175 591 1204 609 τε
1225 582 1272 609 καὶ
1296 582 1454 617 ἡλικιώτας.
1483 581 1709 616 Ἑπιγνωσόμεθα

923 629 977 663 γὰρ
987 628 1068 662 ἡμεῖς
1078 628 1126 663 τὴν
1135 628 1185 663 τῆς
1197 629 1277 663 ἡμῶν
1290 628 1415 662 γλώττης
1430 627 1530 662 μᾶλλον
1544 628 1710 661 συγγένειαν

923 673 970 699 καὶ
987 673 1016 699 τὸ
1037 671 1103 708 ἦθος
1129 673 1146 708 ἢ
1164 673 1247 705 αὐτὸς
1271 673 1346 705 νόθος
1371 673 1459 704 νόθοις
1487 672 1627 708 χρώμενος
1648 673 1710 700 τού-

922 726 989 749 τοις.
1006 718 1056 745 Διά
1071 718 1136 752 γοῦν
1152 718 1182 745 ἓν
1199 726 1231 753 γε
1253 719 1368 749 τοιοῦτο,
1385 719 1432 745 καὶ
1453 719 1521 753 πρός
1543 726 1575 752 γε
1601 719 1644 745 διὰ
1659 718 1710 754 τὴν

923 764 976 791 τῶν
991 764 1134 800 ἡμετέρων
1149 764 1282 798 θεολόγων
1298 764 1345 791 καὶ
1353 764 1523 791 διδασκάλων
1535 766 1583 799 τῆς
1593 764 1710 799 Ἐκκλη-

923 811 984 843 σίας
1004 812 1176 846 παραίνεσιν,
1191 812 1241 839 οὐκ
1261 813 1413 847 ὄκνήσομεν
1435 812 1489 838 οὐδ’
1504 812 1584 847 ἡμεῖς
1608 812 1709 838 οὑτωσί

923 865 982 887 πως
1014 857 1177 884 ὁπλίσασθαι
1204 858 1277 884 κατὰ
1309 858 1364 883 τῶν
1392 857 1635 892 τοιχωρυχούντων
1661 857 1710 883 καὶ

923 901 1151 937 βωμολοχούντων
1168 903 1246 930 ταυτὶ
1268 903 1315 930 καὶ
1340 904 1380 934 εἰς
1402 903 1564 934 ἀλλοκότους
1587 903 1710 933 διανοίας

925 949 972 974 καὶ
999 948 1102 980 πὶὰνας
1127 948 1156 981 ἐξ
1178 949 1298 984 ἀμαθίας
1322 950 1514 983 παραγόντων.
1536 950 1566 976 Εἰ
1593 948 1640 976 οὖν
1660 950 1710 976 καὶ

925 993 989 1028 ὑμῖν
1004 994 1136 1026 συνδοκεῖ,
1151 994 1255 1029 βραχέα
1280 994 1445 1029 σκεψάμενοι
1469 995 1533 1028 περὶ
1551 995 1605 1021 τῶν
1619 994 1708 1020 τοιού-

923 1048 977 1066 των
994 1040 1114 1073 πρῶτον,
1127 1042 1174 1068 καὶ
1189 1041 1238 1067 ὅσα
1254 1042 1286 1075 τῇ
1303 1041 1473 1076 προκειμένῃ
1497 1041 1659 1076 προσήκοντ’
1675 1040 1710 1067 ἃν

922 1087 966 1120 εἴη
977 1086 1079 1120 ἐφόδια.
1095 1086 1181 1113 ἔπειτ’
1200 1087 1228 1118 ἐς
1243 1086 1289 1113 τὸν
1303 1087 1484 1121 προκείμενον
1502 1087 1596 1121 ἀγῶνα
1613 1087 1708 1121 χωρή-

924 1141 1025 1167 σωμεν.
1048 1132 1140 1168 Ῥᾴοσι
1156 1132 1210 1167 γὰρ
1224 1133 1255 1159 ἂν
1272 1133 1316 1167 εἴη
1331 1135 1430 1168 χωρεῖν
1445 1134 1473 1164 ὲς
1488 1133 1522 1159 τὰ
1540 1133 1644 1168 πρόσω,
1657 1133 1707 1164 τὰς

921 1178 976 1204 τῶν
991 1178 1146 1204 ὑποθέσεων
1160 1177 1245 1213 ἀρχὰς
1261 1179 1308 1205 καὶ¹
1321 1179 1558 1214 προκαταστάσεις
1572 1178 1708 1210 ἀνενδεείς

922 1224 1105 1259 πηγνυμένοις
1120 1224 1136 1258 ἢ
1155 1223 1341 1259 ῥᾳθυμούσας.

957 1357 994 1386 Γ’.
1019 1358 1158 1385 Διονυσίου
1184 1359 1276 1385 τοίνυν
1300 1358 1404 1385 ἐκείνου
1431 1358 1477 1385 τοῦ
1504 1359 1574 1386 πάνυ
1600 1360 1707 1394 μεμνή.

921 1412 1002 1438 σομαι
1019 1403 1075 1438 (66)
1092 1403 1211 1438 πρῶτον,
1225 1403 1317 1438 διττὴν
1341 1401 1411 1430 εῖναι
1435 1403 1484 1438 τὴν
1503 1403 1556 1429 τῶν
1573 1404 1708 1438 θεολόγων

920 1449 1069 1485 παράδοσιν
1085 1449 1220 1483 λέγοντος.
1233 1449 1283 1484 τὴν
1305 1449 1354 1485 μὲν
1369 1449 1527 1484 ἀπόρρητον
1542 1450 1588 1475 καὶ
1605 1459 1707 1484 μυστι-

920 1496 981 1530 κὴν,
1012 1495 1062 1531 τὴν
1091 1496 1119 1532 δὲ
1148 1485 1294 1530 φἰλόσοςρον
1325 1496 1370 1522 καὶ
1403 1496 1616 1530 ἁποδεικτικήν·
1639 1497 1706 1529 καὶ,

922 1551 931 1568 1
949 1541 1138 1576 Συμπλέκεται
1159 1541 1198 1576 τῷ
1216 1542 1290 1577 ῥητῷ
1313 1542 1343 1568 τὸ
1368 1541 1506 1577 ἄρρητον·
1529 1543 1576 1568 καὶ
1602 1542 1633 1568 et
1654 1543 1707 1577 μὲν

920 1587 1008 1614 πείθει
1021 1588 1066 1614 καὶ
1081 1588 1239 1614 καταδείται
1257 1587 1311 1614 τῶν
1325 1588 1480 1626 λεγομένων
1494 1588 1544 1623 τὴν
1558 1588 1704 1622 ἀλήθειαν⁷

921 1634 950 1660 τὸ
976 1633 1005 1660 δὲ
1029 1634 1080 1669 δρᾷ
1105 1634 1152 1660 καὶ
1179 1633 1298 1668 ἔνιδρύει
1322 1634 1360 1668 τῷ
1389 1634 1449 1669 Θεῴ
1468 1636 1528 1665 ταῖς
1550 1635 1705 1666 ἀδιδάκτοις

922 1671 1139 1714 μυσταγωγίαις.
1169 1688 1179 1705 ι
1209 1680 1274 1714 Περὶ
1295 1679 1323 1706 δὲ
1353 1679 1401 1706 τοῦ
1426 1680 1560 1714 ὰγενήτου
1585 1681 1671 1714 λέγων
1691 1681 1706 1706 ὸ

921 1726 1006 1761 μέγας
1022 1726 1083 1752 κατ’
1107 1726 1252 1762 Ἀρειανῶν
1267 1727 1281 1752 ὁ
1302 1726 1457 1757 Ἀθανάσιος
1479 1726 1545 1761 (67),
1563 1727 1705 1762 ιἘρωτη-

920 1772 1056 1804 σάτωσαν,
1075 1782 1084 1798 ι
1105 1773 1216 1807 φάσκει,
1236 1782 1245 1798 1
1266 1773 1328 1804 τοὺς
1346 1773 1490 1808 Ἕλληνας,
1506 1774 1548 1800 ἵνα
1567 1773 1704 1800 ἀκούσαν-

919 1827 963 1850 τες
990 1819 1060 1845 πόσα
1088 1820 1318 1854 σημαινόμεναή
1342 1819 1415 1851 λέξις
1440 1819 1497 1854 ἔχει
1514 1820 1637 1855 μάθωπιν
1662 1820 1704 1846 ὅτι

917 1863 977 1890 οὐδὲ
995 1863 1060 1898 περὶ
1073 1861 1110 1890 ὧν
1128 1864 1251 1897 λέγουσιν
1267 1865 1427 1890 ἐπίστανται
1444 1865 1533 1896 καλῶς
1550 1865 1669 1899 ἐρωτᾷν.
1691 1874 1700 1890 ι

917 1909 973 1936 Καὶ
990 1909 1074 1935 πολὺν
1097 1909 1161 1944 ἑξῆς
1184 1910 1198 1935 ὀ
1223 1910 1294 1941 θεῖος
1316 1911 1419 1941 ἐκεῖνος
1435 1911 1504 1944 ἀνὴρ
1521 1911 1641 1936 ποιεῖται
1657 1910 1704 1936 λό-

917 1961 984 1986 γον,
1015 1949 1117 1986 τοῖς
1146 1953 1283 1979 ἐθέλουσιν
1317 1954 1440 1988 ἐντυχεῖν
1466 1954 1572 1986 ἐξέσται
1605 1954 1703 1989 μαθεῖν

916 1997 1089 2031 τελεώτερον.
1113 1998 1195 2031 Ἡμῖν
1211 1998 1274 2032 γὰρ
1289 1998 1381 2032 ἥκιστ’
1399 1999 1428 2024 ὲν
1447 1997 1485 2032 τῷ
1509 1998 1623 2033 παρόντι
1639 2006 1702 2033 σχο-

916 2041 965 2076 λὴν
984 2041 1092 2075 ἄγουσι,
1107 2041 1151 2067 διὰ
1174 2041 1223 2076 τὴν
1238 2042 1267 2072 ἐς
1285 2043 1317 2068 τὰ
1342 2041 1434 2076 πρόσω
1449 2042 1578 2077 σπουδὴν,
1596 2042 1701 2077 βραχέα

915 2087 969 2113 τῶν
997 2087 1077 2113 θείων
1107 2087 1218 2113 ἐκείνων
1252 2087 1357 2122 ἀνδρῶν
1391 2088 1515 2114 ἐνταυθοῖ
1541 2089 1702 2122 προτιθέναι

915 2133 1050 2166 δέδοκται,
1076 2133 1123 2159 καὶ
1148 2134 1200 2160 ὅσα
1225 2134 1293 2168 πρὸς
1317 2133 1362 2160 τὸν
1392 2134 1495 2160 σκοπὸν
1520 2134 1701 2168 ἀφοσιοῦσθαι

915 2177 1022 2212 χρεών·
1043 2178 1077 2204 τὰ
1101 2178 1123 2204 δ’
1149 2177 1214 2212 ἑξῆς
1241 2180 1296 2209 τοῖς
1325 2178 1499 2213 βουλομένοις
1523 2180 1700 2213 παρήκαμεν,

915 2223 1040 2256 ἐξουσίας
1070 2224 1189 2258 ἀφθόνου
1226 2224 1360 2258 διηνεκῶς
1394 2225 1572 2260 ὴνεῳγμένης
1601 2225 1700 2252 ἅπασι.

876 2279 899 2309 D
915 2270 1025 2305 Συνῳδὰ
1044 2269 1188 2306 τοιγαροῦν
1210 2271 1257 2296 καὶ
1282 2271 1296 2296 6
1321 2271 1408 2305 μέγας
1430 2270 1544 2301 ἐκείνοις
1559 2269 1699 2302 Βασίλειος

914 2313 1022 2348 φάσκει.
1036 2314 1073 2345 ὡς
1087 2324 1095 2340 1
1106 2313 1136 2340 ἸΙ
1150 2314 1198 2349 τῆς
1211 2314 1383 2348 διαλεκτικῆς
1406 2314 1520 2347 δύναμις
1534 2315 1623 2349 τεῖχός
1639 2315 1699 2341 ἐστι

913 2360 970 2390 τοῖς
996 2359 1139 2394 δόγμασιν,
1162 2360 1212 2386 οὐκ
1235 2360 1308 2387 ἐῶσα
1329 2359 1398 2386 αὐτὰ
1418 2360 1606 2395 εὺδιάρπαστα
1629 2358 1700 2387 εἶναι

915 2407 961 2433 καὶ
985 2406 1107 2432 εὐάλωτα
1135 2407 1193 2437 τοῖς
1218 2406 1402 2440 βουλομένοις.
1422 2415 1431 2432 ι
1453 2406 1493 2432 Τὰ
1520 2407 1699 2441 παραπλήσια

914 2451 942 2478 δὲ
955 2446 1002 2478 καὶ
1016 2452 1030 2477 ὁ
1047 2451 1118 2482 θεῖος
1132 2451 1241 2484 διέξεισι
1255 2452 1359 2483 τούτοις
1372 2453 1576 2487 Χρυσόστομος,
1593 2461 1602 2478 1
1626 2453 1697 2486 ΙΙρὺς

915 2499 966 2532 μὲν
991 2497 1060 2532 βίου,
1088 2506 1098 2522 ι
1126 2496 1223 2530 λέγων,
1256 2506 1265 2522 1
1299 2499 1470 2540 κατάστασιν
1499 2497 1614 2533 ἀρίστην
1642 2498 1700 2532 βίος

910 2543 1003 2576 ἔτερος
1027 2542 1066 2572 εἰς
1091 2542 1136 2567 τὸν
1160 2541 1218 2567 ἴσον
1239 2541 1272 2568 ἂν
1297 2543 1431 2576 ὲναγάγοι
1447 2542 1540 2577 ζῆλον.
1558 2543 1644 2569 Ὅταν
1669 2543 1699 2569 δὶ

911 2589 974 2622 περὶ
1000 2587 1124 2621 δόγματα
1146 2589 1210 2622 νοσῇ
1232 2588 1247 2622 ἡ
1271 2588 1345 2622 ψυχὴ
1367 2588 1402 2615 τὰ
1429 2588 1504 2621 νόθα,
1535 2589 1620 2623 πολλὴ
1649 2589 1697 2615 τοῦ

911 2631 990 2665 λόγου
1013 2630 1130 2657 ἐνταῦθα
1151 2631 1167 2666 ἡ
1194 2631 1282 2665 χρεία,
1298 2632 1327 2657 οὐ
1351 2632 1419 2666 πρὸς
1443 2632 1493 2666 τὴν
1512 2632 1566 2658 τῶν
1588 2634 1698 2658 οἰκείων

911 2678 1063 2712 ἀσφάλειαν
1087 2678 1179 2712 μένον,
1208 2678 1250 2714 [Ρ.
1277 2679 1341 2715 681]
1364 2680 1433 2706 ἀλλὰ
1457 2681 1504 2707 καὶ
1535 2681 1604 2715 πρὸς
1633 2682 1699 2712 τοὺς

913 2724 1012 2756 ιξωθεν
1028 2724 1173 2759 πολέμους.
1194 2725 1224 2752 Ei
1250 2725 1298 2760 μὲν
1322 2726 1376 2761 γάρ
1391 2735 1432 2758 τις
1448 2726 1505 2761 ἔχει
1526 2727 1575 2762 τὴν
1594 2727 1698 2762 μάχαι-

741 2786 910 2818 Variorum
929 2791 1020 2818 notae.

108 2847 166 2884 (66)
183 2847 302 2884 Dionysii
328 2849 484 2884 mentionem
511 2850 618 2883 faciam.
651 2849 741 2877 Locus
767 2850 856 2877 estin

71 2882 186 2920 cpistola
197 2883 212 2909 9
225 2882 463 2920 Pseudo-ltiouysii
481 2882 619 2920 alerituim
631 2905 637 2916 ,
646 2885 740 2920 sectJ
755 2893 762 2917 ;
774 2893 855 2920 quem

73 2916 106 2942 ad
123 2916 211 2942 locum
228 2918 288 2944 \lth
307 2919 391 2945 sancti
416 2916 526 2946 Maximi
544 2923 571 2946 et
591 2916 763 2947 Pachvmcra}
779 2916 856 2947 scho-

909 2849 955 2877 lia.
973 2849 1139 2879 Gursnons.

947 2885 1050 2925 (672)}
1075 2887 1216 2925 Athanasii
1233 2893 1303 2925 orat.
1327 2889 1344 2916 2
1359 2894 1453 2917 contra
1479 2891 1572 2918 Ariau.
1591 2896 1657 2919 totn.
1676 2893 1695 2925 Ι,

911 2928 972 2950 nae.
989 2920 1041 2948 506
1057 2922 1123 2949 edit.
1138 2923 1222 2952 antiq.
1240 2923 1407 2951 (Iat‘PEnoNN.
