1907 3074
106 126 170 159 1381

301 123 337 161 [Α.
359 132 373 152 c
408 124 486 161 1325!]

575 127 794 158 BYZANTINA!
814 127 889 157 “[51

942 126 1006 156 ΠΕ
1026 127 1096 158 LIB.
1117 127 1230 158 XXI“,
1272 125 1338 160 [μιν.
1360 133 1380 152 .l.
1403 132 1548 155 curiam.
1570 127 1597 159 5]

1656 127 1724 158 1382

100 184 214 219 κλησῖας
236 183 451 219 εὐνομουμένης.
477 185 572 219 ’Ὅμως
589 193 618 210 τε
643 185 706 219 περὶ
730 184 884 219 βουλήσεως

946 183 1035 218 ngenii
1057 184 1284 217 concinnitatem,
1304 192 1394 220 neque
1411 187 1547 213 tantillum
1564 187 1638 214 abest
1659 187 1724 220 quin

100 232 146 258 κκὶ
157 231 299 264 δυνάμεως
317 229 365 256 καὶ
382 229 455 264 ζωῆς
477 230 525 256 καὶ
542 229 637 264 σοφίας
653 231 700 257 καὶ
725 230 778 256 τῶν
800 228 888 255 τοιού-

99 285 154 302 των
171 276 214 302 ἐπ*
232 275 348 306 ἐκείνοις
366 274 415 309 μὲν
431 274 596 309 παμπληθὲς
611 274 761 309 διεξῆλθον·
779 274 844 308 ὑμῖν
865 266 888 298 δ’

99 322 225 349 ἐνταυθοῖ
238 321 405 356 προτιθέναι,
425 320 552 355 φορτικὸν
569 320 629 355 ἐμοί
649 328 680 354 γι
697 319 821 353 φαίνεται
842 318 888 345 καὶ

99 367 154 393 οὐδ’
171 366 258 397 ἄλλως
274 366 433 396 ἀναγκαῖον.
448 363 502 399 Τήν
525 364 580 398 γὰρ
598 366 626 389 ἐν
645 364 750 395 τούτοις
765 364 888 398 ἀνάγκην

100 412 147 438 καὶ
173 411 277 446 καιρῶν
296 410 399 446 δεῖσθαι
423 409 559 444 πολεμίων
580 409 700 444 ἀνάγκη,
723 410 767 436 ὅτε
787 409 820 444 δὴ
839 418 890 443 μα-

100 457 181 491 χίμου
220 443 325 491 (φάναι)
352 443 454 486 κόνεως
483 443 732 490 ἀναῤῥιπιζομένης
757 455 784 480 ὲν
812 443 888 488 μέσῳ

102 501 175 535 μάλα
194 500 316 535 σφοδρῶς
338 499 556 533 ἀναφλεγόμενον
574 499 604 525 τὸ
619 499 719 534 θερμὸν
732 499 781 534 τῆς
799 498 888 533 ψυχῆς

100 547 250 573 ἀκάθεκτον
275 546 331 581 ἔχει
350 546 399 580 τὴν
417 545 522 572 οῐκοοεν
546 545 646 580 ὁρμὴν,
661 546 708 572 ἐπὶ
723 545 805 580 ξυροῦ
833 546 888 572 τῶν

101 593 234 619 κινδύνων
261 593 475 627 αἰωρουμένων
497 591 546 626 τῆς
566 591 589 617 δ’
603 591 694 626 ἀκμῆς
709 591 816 625 ἐκείνης
837 601 887 618 πα-

101 637 259 673 ρελθούσης,
269 638 316 664 καὶ
335 635 380 663 τοῦ
395 637 514 672 μαχίμου
533 636 657 672 θώρακος
672 637 782 663 καὶτῶν
797 636 888 664 ὅπλων

100 685 212 711 ἐκείνων
228 684 371 719 ῥιφέντων,
397 683 425 714 ἐς
451 683 604 709 τούναντίον
619 683 702 718 χωρεῖ
723 683 771 710 καὶ
785 683 818 710 τὰ
837 683 888 715 τῆς

101 730 230 765 σπουδῆς,
250 730 452 765 μαραινομένου
474 728 520 755 τοῦ
547 728 760 763 ὑπεκκαύματος
775 728 821 754 καὶ
838 729 887 763 τῆς

100 777 228 812 ἀφορμῆς
256 776 303 803 τοῦ
331 776 450 810 πολέμου
475 774 547 802 κατὰ
573 775 671 810 μικρὸν
698 776 832 810 ἀπιούσης
859 776 887 807 ἐς

99 823 195 858 λήθην,
218 823 286 858 μετά
310 831 342 856 γε
368 823 418 857 τῆς
447 822 500 849 τῶν
527 823 618 849 ὃπλων
646 821 818 857 ἀπαλλαγῆς.
841 820 887 848 Διδ

100 871 146 896 καὶ
174 871 239 904 ἡμῖν
265 869 499 905 ὲρρᾳθυμημένως
526 877 582 899 πως
598 869 648 904 ἠδη
669 870 701 904 τῇ
725 869 793 904 πρὸς
815 869 887 903 ὑμᾶς

99 919 224 952 διηγήσει
245 917 314 952 μετὰ
331 917 381 951 τὴν
395 916 479 951 ζάλην
494 916 602 950 ἐκείνην
617 915 768 951 χρωμένοις
786 917 886 942 ἐνεῖναι

100 965 264 999 συγγνώμην
280 962 358 990 οὐδὲν
384 962 508 994 ἀπεικός·
531 962 631 995 ἐξεῖναι
659 963 724 997 γὰρ,
753 963 807 1004 κάκ
832 962 886 988 τῶν

99 1012 264 1046 εἰρημένων,
277 1011 396 1037 συνεῖναι
415 1009 487 1045 ὑμᾶς
503 1008 554 1044 τὴν
567 1008 622 1035 τῶν
639 1008 727 1042 σοφῶν
747 1008 886 1042 ἑκατέρων

101 1056 271 1091 συμφωνίαν,
292 1056 347 1083 τῶν
363 1064 393 1082 τε
409 1055 551 1090 ἡμετέρων
580 1055 680 1089 δηλαδὴ
705 1055 752 1082 καὶ
765 1053 820 1081 τῶν
841 1054 887 1080 θύ-

102 1103 193 1138 ραθεν,
213 1103 288 1134 ὅπως
316 1102 403 1129 ταυτὰ
429 1101 477 1128 καὶ
510 1100 641 1135 φρονοῦσι
656 1100 704 1126 καὶ
720 1100 886 1134 φθέγγονται

101 1150 164 1183 περὶ
192 1148 242 1182 τῆς
269 1147 344 1179 θείας
371 1147 534 1181 ἁπλότητος,
553 1143 623 1172 εἶναι
644 1145 821 1180 παγχάλεπον
839 1145 886 1172 καὶ

102 1193 204 1228 σφόδρα
221 1192 274 1219 τῶν
289 1192 446 1224 ἀδυνάτων,
469 1190 594 1217 σύνθεσιν
623 1191 724 1217 ἐννοεῖν
750 1189 766 1224 ἢ
791 1190 886 1224 διαφο-

102 1240 162 1275 ρὰν,
181 1238 251 1274 πλὴν
267 1237 408 1273 ὀνομάτων
429 1236 509 1272 μόνον
522 1255 530 1267 ,
546 1235 640 1267 οὐσίας
664 1244 694 1262 τε
715 1236 762 1263 καὶ
789 1235 887 1271 βουλή-

101 1295 169 1316 σεως
184 1286 231 1312 καὶ
248 1284 388 1319 δυνάμεως
403 1283 451 1310 καὶ¹
468 1282 540 1317 ζωῆς
551 1282 599 1309 καὶ
610 1282 716 1317 σοφίας,
731 1283 779 1308 καὶ
793 1282 886 1313 ἁπλῶς

101 1331 241 1364 ἐνεργείας
265 1329 384 1364 ἀπάσης.
403 1329 510 1363 ’Ὠσπερ
532 1329 586 1364 γὰρ
610 1328 710 1362 ἐπίσης
736 1328 843 1355 δίδωσιν
872 1328 886 1354 ὀ

100 1377 167 1409 Θεδς
178 1376 302 1403 εὗσεόέσι
315 1376 361 1402 καὶ
374 1374 512 1407 ἀσεϐέσιν,
529 1374 644 1407 Ἕλλησί
667 1382 697 1400 τε
718 1375 765 1401 καὶ
782 1374 886 1409 βαρϐά-

102 1432 176 1459 ροις,
193 1423 241 1449 καὶ
258 1421 413 1456 ωλλήόδην
430 1421 514 1447 πᾶσιν
535 1420 640 1447 ἔθνεσιν
656 1421 753 1454 εἰπεῖν,
771 1421 886 1456 οὐρανὸν

102 1471 148 1496 καὶ
163 1470 227 1504 γῆν,
243 1469 312 1503 ἀέρα
335 1476 365 1494 τε
388 1468 434 1494 καὶ
450 1467 537 1500 ὑετὸν,
554 1467 628 1502 ἥλιόν
645 1476 675 1493 τε
691 1467 741 1494 καὶ
757 1467 883 1503 σελήνην,

101 1517 148 1542 καὶ
173 1516 327 1549 τάναγκαῖα
350 1514 451 1541 πάντα·
468 1513 541 1540 οὕτω
568 1514 698 1545 καὶτοὺς
724 1513 778 1540 τῶν
801 1514 886 1548 ἀναγ-

102 1561 187 1587 καίων
213 1560 317 1595 τεχνῶν
348 1559 464 1590 κανόνας
487 1558 587 1593 ἐπίσης
617 1558 766 1594 παρέχεται
793 1559 889 1592 πᾶσιν,

100 1607 246 1642 ὁμοφύλοις
264 1607 311 1633 καὶ
325 1605 495 1640 ἀλλοφύλοις.
518 1605 555 1631 Οὐ
571 1604 624 1640 γὰρ
649 1605 716 1640 ἄλλη
745 1605 793 1640 μὲν
814 1606 831 1640 ἡ
848 1614 891 1632 τε-

100 1653 214 1689 κτονική
236 1652 303 1688 παρ’
328 1652 443 1688 Ἕλλησι
471 1651 597 1687 στάθμη,
625 1652 701 1686 παρά
730 1652 847 1683 Σκύθαις
868 1652 891 1679 δ’

101 1699 168 1734 ἄλλη
180 1707 188 1716 ⁸
205 1699 253 1726 καὶ
266 1698 368 1734 Μήδοις
383 1698 431 1725 καὶ
445 1698 565 1732 Πέρσαις
580 1698 691 1732 ὁμοίως.
706 1698 744 1724 Οὐ
764 1697 817 1733 μὴν
829 1697 891 1724 οὑδὶ

100 1747 147 1772 τοῦ
164 1746 299 1781 γεωργεῖν
326 1745 376 1771 καὶ
398 1743 570 1778 κυνηγετεῖν,
597 1743 643 1770 καὶ
670 1743 725 1770 τῶν
751 1743 891 1775 τοιούτων,

101 1792 227 1828 διαφορά.
246 1791 327 1819 Ἀλλὰ
346 1791 396 1825 τῆς
420 1789 567 1825 θρησκείας
583 1789 774 1824 διαφερούσης,
794 1790 829 1817 τὰ
843 1790 893 1825 τῆς

101 1841 200 1875 τέχνης
223 1838 280 1873 ἔχει
301 1838 461 1871 συνάφειαν.
481 1837 560 1864 Οὕτω
575 1836 604 1863 δὲ
627 1837 696 1864 κάπὶ
719 1835 771 1870 τῆς
783 1836 892 1872 λεξικῆς

101 1885 256 1920 ἐπιστήμης
266 1884 341 1910 ἔστιν
350 1882 509 1919 ὁρᾷν.”οσοι
521 1881 572 1917 μὲν
586 1883 640 1917 γὰρ
651 1883 684 1917 τῇ
693 1882 762 1917 αὐτῇ
778 1881 894 1917 κέχρην-

102 1941 148 1959 ται
169 1930 314 1965 διαλέκτῳ.
325 1931 357 1965 τῇ
372 1929 425 1955 τῶν
441 1929 557 1964 πρώτων
579 1929 817 1964 εὐδοκιμησάντων
830 1930 895 1964 ὀμο-

101 1980 188 2015 γενῶν
206 1978 345 2014 ὲπιστήμῃ
419 1976 483 2012 690]
501 1977 548 2003 καὶ
565 1976 646 2012 τέχνῃ
663 1975 775 2007 τούτους
793 1976 895 2010 κεχρῆ-

103 2027 166 2054 σθαι
185 2025 287 2062 χρεὼν,
305 2024 431 2055 Φοίνικας
448 2022 523 2058 λέγω
535 2022 584 2049 καὶ
601 2023 710 2057 Πέρσας
727 2023 774 2047 καὶ
793 2021 894 2047 ’Δσσυ-

103 2074 190 2110 ρίους.
207 2072 261 2099 Καὶ
278 2072 323 2098 ἴνα
339 2070 403 2102 τοὺς
411 2069 511 2101 ἄλλους
529 2068 722 2104 παρέλθωμεν,
736 2067 784 2095 καὶ
801 2068 896 2095 ὁπόσοι

102 2120 135 2154 τῇ
156 2117 262 2144 Ἐλλάδι
278 2116 429 2151 κέχρηνται
449 2113 574 2149 γλώσσῃ,
597 2113 705 2148 ἀνάγκη
727 2113 775 2140 καὶ
790 2112 896 2145 τούτοις

102 2166 136 2200 τῇ
167 2163 222 2190 τῶν
248 2161 380 2197 ἀρχηγῶν
410 2160 462 2195 τῆς
486 2159 622 2196 εὑρέσεως
644 2159 763 2195 χρῆσθαι
791 2159 897 2194 μεθόδῳ

939 229 1046 263 addam,
1063 237 1172 257 omnem
1200 231 1328 265 pietatem
1354 237 1436 266 atque
1449 232 1577 259 Ecclesia:
1594 233 1662 259 bene
1682 240 1726 259 0r-

939 274 1038 302 dinatee
1059 283 1190 304 canones.
1217 276 1318 304 Tamen
1354 278 1387 304 de
1414 278 1564 311 voluntate,
1594 279 1726 312 potentia,

938 319 1005 350 vita,
1028 320 1173 354 sapientia,
1196 325 1224 348 et
1249 321 1311 348 aliis
1335 322 1505 356 huiusmodi,
1524 322 1637 357 propter
1666 323 1727 350 illos

939 365 1099 399 plenissime
1116 366 1248 393 disserui.
1264 366 1345 402 Quae}
1358 367 1435 395 vobis
1460 367 1505 394 hic
1519 375 1682 402 proponere,
1700 373 1730 396 ut

939 417 1021 444 grave
1044 418 1076 438 ac
1102 412 1248 439 molestum
1271 412 1379 439 videtur
1402 412 1478 446 mihi,
1492 413 1528 440 ita
1551 421 1602 441 nec
1616 414 1729 441 aliunde

940 457 1139 485 necessarium.
1151 458 1219 485 Nam
1235 466 1295 493 qua:
1314 459 1341 486 in
1363 459 1407 487 his
1429 461 1551 487 occttrrit
1568 460 1727 491 necessitas,

940 502 1053 530 hostiles
1069 510 1094 532 et
1113 505 1225 532 bellicas
1237 506 1394 533 occasiones
1418 507 1574 534 necessario
1589 507 1726 541 postulat;

938 557 1001 576 cum
1019 550 1125 578 scilicet
1143 550 1257 578 bellicus
1273 551 1363 586 pulvis
1375 552 1416 587 (ut
1432 553 1469 579 ita
1480 553 1580 588 dicam)
1595 553 1622 580 in
1639 554 1729 580 medio

938 594 1028 628 palam
1057 595 1203 627 excitatur,
1231 601 1257 623 et
1287 596 1507 624 ferventissimus
1526 603 1608 624 aestus
1631 598 1730 624 anima:

939 639 1104 667 indomitum
1129 641 1298 669 intrinsecus
1331 642 1415 670 habet
1433 644 1583 678 impetum,
1599 651 1632 671 eo
1655 643 1728 677 quod

939 684 985 711 res
1002 685 1038 712 sit
1054 686 1080 712 in
1097 693 1235 713 summum
1251 691 1333 721 atque
1356 687 1504 715 imminens
1515 688 1664 715 discrimen
1680 689 1730 715 ad-

939 729 1031 756 ducta.
1053 729 1104 757 Ubi
1122 738 1186 758 vero
1210 732 1302 757 acrior
1324 731 1369 759 ille
1387 732 1573 760 contentionis
1587 738 1669 760 aestus
1685 734 1731 760 de—

939 776 1051 807 ferbuit,
1078 782 1104 803 et
1127 777 1253 804 militaris
1277 777 1363 805 lorica
1400 778 1482 805 simul
1500 787 1561 806 cum
1579 779 1662 812 armis
1678 779 1731 806 iliis

939 823 1058 858 projecla
1071 827 1124 855 est,
1144 827 1211 850 tunc
1223 824 1306 851 etiam
1328 824 1477 852 vehemens
1490 832 1587 859 pugnu‘
1603 825 1726 852 studium

905 863 924 890 Β
940 868 966 894 in
979 869 1149 896 contrarium
1170 869 1278 904 vergit,
1293 877 1326 897 eo
1350 870 1424 904 quod
1447 870 1535 905 ipsius
1562 871 1728 898 exstinctum

940 914 979 942 sit
994 916 1244 949 sust-itabulum,et
1260 916 1378 944 bellicus
1399 917 1517 951 impetus
1533 917 1624 944 statim
1646 921 1729 951 atque

940 969 1015 988 arma
1035 962 1155 997 projecta
1171 966 1245 995 sunt,
1257 963 1386 997 paulatim
1402 963 1430 990 in
1442 963 1607 990 oblivionem
1620 964 1730 992 abierit.

940 1008 1033 1042 itaque
1051 1016 1105 1035 non
1123 1008 1262 1036 immerito
1279 1008 1380 1037 dabitis
1399 1009 1471 1037 hanc
1493 1010 1611 1043 veniant,
1625 1010 1646 1038 si
1661 1010 1731 1038 forte

940 1058 1001 1087 post
1014 1053 1088 1080 illam
1101 1057 1290 1088 tempestatem
1307 1060 1449 1090 utcunque
1465 1055 1618 1083 remissiori
1634 1056 1727 1082 animo

940 1099 967 1125 in
981 1099 1038 1127 haec
1055 1099 1134 1127 vobis
1153 1100 1307 1127 enarranda
1335 1100 1505 1129 incumbam.
1521 1101 1645 1136 Namque
1659 1109 1728 1128 una-

940 1144 1042 1171 nimem
1051 1145 1215 1180 sapientium
1226 1150 1283 1173 tum
1292 1146 1511 1174 Christianorum
1520 1152 1575 1174 tum
1585 1148 1729 1182 gentilium

939 1191 1104 1218 sententiam
1119 1191 1162 1219 vel
1175 1192 1258 1219 etiam
1272 1199 1306 1220 cx
1317 1192 1399 1220 dictis
1417 1193 1545 1228 poteritis
1558 1193 1709 1228 intelligere
1723 1203 1730 1224 ς

939 1245 993 1273 qua
1007 1245 1106 1273 nempe
1118 1239 1228 1266 ratione
1242 1239 1276 1266 de
1287 1239 1378 1267 divina
1393 1240 1568 1275 simplicitate
1580 1240 1674 1267 eadem
1687 1248 1731 1267 sa-

940 1284 1017 1318 piant
1027 1288 1055 1311 et
1066 1284 1254 1319 pronuntient,
1264 1292 1324 1312 esse
1334 1292 1466 1320 perquam
1478 1285 1598 1318 diliicile,
1608 1285 1663 1312 imo
1675 1294 1732 1313 ma-

940 1330 1011 1357 xime
1021 1330 1305 1367 imppssibile,utquis
1313 1331 1540 1366 compositionem
1549 1337 1596 1360 aut
1606 1333 1734 1360 differet)-

941 1375 1016 1408 tiam,
1031 1380 1214 1410 prmterquam
1230 1377 1371 1404 nominum
1384 1377 1529 1409 duntaxat,
1539 1378 1611 1404 inter
1626 1379 1734 1413 1099

940 1422 1137 1454 substantiam,
1152 1427 1180 1450 et
1197 1423 1378 1456 voluntatem,
1394 1425 1557 1458 potentiam,
1579 1424 1672 1456 vitam,
1688 1433 1733 1452 sa-

940 1466 1071 1502 pientiam
1095 1472 1138 1500 et,
1174 1472 1203 1495 ut
1220 1470 1375 1495 summatim
1391 1469 1490 1501 dicam,
1508 1477 1617 1496 onmem
1633 1478 1734 1504 opera-

944 1513 1056 1545 tionem,
1074 1515 1218 1550 excogitet.
1243 1514 1480 1547 Quemadmodum
1497 1516 1569 1543 enitn
1587 1517 1641 1551 piis
1656 1520 1733 1551 teque

943 1567 976 1586 ac
1001 1560 1104 1594 impiis,
1123 1559 1227 1588 Graecis
1250 1565 1278 1588 et
1310 1559 1447 1593 Barbaris,
1471 1566 1499 1588 et
1516 1563 1558 1596 (ut
1579 1570 1632 1589 ttno
1648 1563 1735 1589 verbo

942 1606 1113 1641 complectar
1126 1606 1230 1641 omnia)
1246 1607 1373 1641 gentibus
1390 1603 1529 1639 omnibus,
1553 1608 1664 1640 cmlum,
1681 1613 1736 1635 Ier-

942 1659 1012 1684 ram,
1027 1659 1103 1682 aera,
1133 1652 1261 1684 imbrem,
1285 1652 1382 1683 solem,
1407 1651 1565 1685 lunam,‘et
1581 1654 1672 1680 omnia
1688 1662 1735 1681 ne-

943 1698 1073 1729 cessaria,
1090 1697 1162 1724 Deus
1189 1696 1305 1730 tribuit;
1327 1698 1367 1725 sic
1379 1703 1406 1725 et
1422 1698 1639 1725 necessariarum
1655 1707 1736 1734 regu-

943 1743 984 1771 las
997 1743 1097 1770 artium
1113 1743 1251 1778 indigenis
1265 1738 1292 1770 et
1307 1743 1468 1779 alienigenis
1486 1744 1628 1778 aequaliter
1644 1745 1734 1772 omni-

944 1791 996 1819 bus
1009 1791 1130 1818 exhibet.
1145 1790 1214 1818 Nam
1243 1798 1333 1825 neque
1360 1790 1466 1818 fabrilis
1492 1798 1587 1818 nurma
1602 1796 1630 1818 et
1644 1792 1734 1819 libella

944 1836 997 1864 alia
1012 1841 1053 1864 est
1065 1836 1137 1872 apud
1152 1835 1273 1869 Graecos,
1285 1840 1314 1864 et
1339 1836 1393 1863 alia
1410 1837 1482 1872 apud
1495 1836 1628 1871 Scythas;
1647 1844 1736 1872 neque

945 1883 1017 1918 apud
1032 1881 1126 1910 Medos
1151 1882 1215 1913 alia,
1229 1887 1257 1910 et
1269 1882 1321 1909 alia
1339 1882 1405 1910 ilent
1422 1882 1493 1918 apud
1515 1883 1630 1915 Persas;
1647 1890 1738 1917 neque

946 1929 1120 1965 agricultura:
1137 1934 1184 1956 aut
1200 1928 1365 1959 venationis.
1379 1935 1407 1956 et
1432 1928 1549 1963 aliorum
1567 1929 1736 1963 huiusmodi.

947 1976 1001 2004 ulla
1019 1981 1061 2004 est
1073 1977 1144 2012 apud
1169 1976 1220 2004 hos
1233 1983 1330 2003 omnes
1346 1975 1500 2003 diﬂ‘ereutia
1519 1985 1526 2003 :
1544 1976 1591 2003 sed
1611 1984 1673 2003 cum
1694 1977 1740 2002 di-

946 2030 1024 2050 versa
1043 2022 1163 2050 sentiant
1185 2021 1219 2049 de
1233 2022 1375 2057 religione,
1393 2022 1421 2049 in
1438 2022 1543 2049 artibus
1557 2022 1736 2049 conveniunt.

947 2068 1022 2096 Idem
1035 2067 1129 2095 videas
1153 2067 1181 2094 in
1206 2075 1239 2095 ea
1250 2067 1377 2099 scientia,
1393 2075 1454 2103 qua}
1471 2068 1544 2095 circa
1560 2067 1691 2095 vocabula
1709 2073 1738 2094 et

948 2112 1084 2140 dictiones
1116 2116 1252 2140 versatur.
1282 2111 1316 2138 Et
1342 2120 1407 2140 vero
1439 2112 1599 2150 quicunque
1620 2112 1739 2140 dialeclo

948 2159 1045 2187 eadem
1074 2161 1199 2201 utuntur,
1228 2158 1246 2185 ii
1261 2157 1412 2193 primorum
1428 2165 1443 2186 e
1459 2165 1508 2185 sua
1526 2163 1606 2193 gente
1629 2165 1657 2186 et
1672 2166 1741 2193 prae-

102 2210 152 2238 καὶ
168 2209 262 2244 τέχνῃ,
279 2207 407 2242 καθάπερ
435 2205 544 2241 στάθμῃ
566 2204 632 2238 ⁴τινὶ,
662 2205 687 2231 εί
714 2203 752 2240 μή
775 2204 889 2239 βούλοιτ(

950 2204 1082 2232 stantium
1095 2204 1235 2232 vernaculi
1254 2204 1392 2232 sermonis
1420 2209 1565 2232 auctorum
1583 2205 1698 2232 scicntia
1713 2209 1742 2232 et

102 2265 144 2287 τις
172 2255 257 2282 πλείω
279 2252 441 2286 σολοικίζειν
471 2252 488 2288 ἢ
517 2251 697 2286 φθέγγεσθαι.
728 2251 761 2277 ‘0
786 2250 818 2286 δὴ
847 2252 895 2278 καὶ

109 2302 248 2338 ἰουλιανῷ
272 2301 312 2337 τῷ
330 2300 463 2330 ,δυσσεϐεῖ
477 2299 581 2335 ληφθὲν
610 2299 656 2326 ἐπὶ
684 2298 747 2326 νοῦν
770 2298 894 2334 ἐμποδὼν

102 2352 159 2382 τοῖς
189 2349 332 2376 εὐσεϐοῦσι
353 2350 451 2384 στῆναι
481 2347 625 2379 πέπεικεν,
644 2346 809 2381 Ἑλληνικοῖς
828 2345 894 2381 ῥυθ-

106 2397 234 2429 μίζεσθαι
256 2396 347 2430 λόγοις
364 2395 414 2431 τὴν
432 2394 569 2429 γλῶτταν.
597 2393 688 2420 Μόνον
703 2394 756 2428 τῆς
779 2392 895 2427 ἐκλογῆς

105 2443 190 2477 ὑγιῶς
215 2441 360 2468 ἀνθεκτέον
376 2439 496 2472 ὶκεῖθεν,
514 2439 562 2466 καὶ
578 2439 650 2466 κατὰ
667 2439 718 2475 τήν
734 2438 842 2474 ἐμμελῆ
863 2447 893 2465 τε

105 2491 149 2516 καὶ
166 2488 326 2524 ἐναρμόνιον
356 2487 411 2514 τῶν
441 2486 529 2521 ἁγίων
549 2486 632 2521 ἡμῶν
662 2486 834 2521 συμφωνίαν.
856 2484 896 2512 Ἦ

106 2536 160 2570 γὰρ
176 2534 226 2561 οὐκ
242 2535 275 2561 ἆν
289 2533 387 2569 φθάνοι
402 2533 545 2570 ταράττων
555 2533 590 2559 τὰ
598 2533 702 2568 πάτρια
717 2532 767 2566 τῆς
778 2532 896 2566 Ἐκκλη-

107 2568 167 2611 σίας
194 2580 255 2615 ιερά
277 2578 466 2614 δόγματα,νδι“
484 2568 609 2613 ἃμαθίαν
625 2578 642 2613 ἢ
662 2577 817 2614 μοχθηρίαν
833 2577 896 2604 ἀτό-

106 2636 158 2654 που
179 2627 294 2662 γνώμης
321 2627 369 2653 καὶΙ
391 2625 700 2668 προαιρέσεωςκκακῶς
715 2625 896 2660 ἐκλαμϐάνων

107 2674 153 2700 καὶ
180 2672 352 2707 διαστρέφων
381 2672 427 2698 τὸν
446 2672 608 2706 ἐγκείμενον
625 2673 686 2703 ταῖς
707 2671 799 2704 λέξεσι
820 2670 895 2703 νοῦν,

106 2719 207 2753 ὁμοίως
234 2719 273 2754 τῷ
301 2718 339 2754 σῷ
371 2718 489 2752 Ιιαλαμᾷ
519 2717 566 2744 καὶ
590 2718 665 2753 ὑμῖν,
687 2718 783 2753 ἐκείνῳ
808 2717 896 2743 ταύτὰ

107 2766 303 2799 φθεγγομένοις
323 2765 425 2800 ἀρτίως
439 2763 474 2790 τά
491 2771 520 2790 τε
542 2763 610 2790 ἄλλα
632 2763 678 2789 καὶ
700 2764 775 2798 τρεῖς
797 2762 893 2798 ὁμολο-

108 2812 186 2846 γοῦσι
206 2811 301 2844 φύσεις
325 2811 371 2837 ἐπὶ
400 2810 448 2836 τοῦ
477 2810 604 2845 Σωτῆρος
632 2809 894 2845 μεταμορφώσεως,

110 2859 176 2895 μίαν
193 2857 243 2893 μὲν
258 2859 307 2892 τῆς
323 2857 545 2892 ἀνθρωπὸτητος,
562 2855 609 2883 δύο
628 2856 656 2882 δὲ
669 2857 730 2882 ταῖν
748 2856 820 2883 δυεῖν
836 2855 897 2882 θεος

950 2256 1009 2278 arte
1028 2255 1141 2278 utantur
1167 2255 1291 2286 oportet,
1303 2250 1448 2279 thnices
1474 2251 1605 2286 intelligo,
1633 2251 1744 2283 Persas,

949 2297 1086 2333 Assyrios.
1110 2297 1161 2329 Et,
1190 2302 1219 2324 ut
1248 2301 1364 2325 caeteros
1397 2297 1539 2331 omittam,
1566 2301 1640 2325 certe
1668 2297 1741 2332 apud

950 2353 1131 2381 quoscunque
1151 2345 1252 2373 Graeca:
1280 2346 1380 2381 lingua:
1396 2353 1462 2373 usus
1477 2350 1530 2378 est,
1547 2345 1566 2372 ii
1582 2346 1742 2373 methudutn

949 2398 976 2420 et
992 2397 1078 2420 artem
1094 2400 1190 2420 eorum
1204 2392 1251 2428 qui
1272 2392 1376 2428 reperti
1391 2391 1532 2420 Graecismi
1549 2392 1635 2420 duces
1651 2398 1679 2419 et
1690 2400 1740 2419 an-

949 2443 1039 2466 ctores
1065 2438 1198 2471 fuerunt,
1228 2438 1385 2466 necessario
1416 2439 1494 2474 sequi
1521 2438 1640 2470 debent,
1666 2438 1743 2465 velut

953 2485 1084 2512 amussim
1101 2484 1263 2519 quamdam;
1281 2484 1334 2511 nisi
1356 2483 1449 2519 plures
1463 2485 1489 2511 in
1506 2483 1643 2518 loquendo
1656 2482 1740 2510 solue-

951 2531 1053 2557 cismos
1069 2538 1150 2565 quant
1169 2537 1252 2557 voces
1275 2530 1399 2564 proferre
1417 2529 1566 2557 voluerint.
1582 2529 1660 2561 Quod
1677 2536 1744 2555 eunr

950 2576 1060 2604 Juliano
1090 2576 1173 2611 impio
1202 2581 1333 2610 apostata:
1362 2576 1389 2603 in
1405 2580 1525 2604 mentem
1540 2575 1670 2605 venisset,
1690 2574 1745 2609 ipsi

950 2623 1036 2651 suasit
1062 2627 1091 2650 ut
1120 2623 1173 2657 piis
1198 2621 1365 2650 Christianis
1394 2621 1549 2649 Grecorum
1587 2622 1739 2648 litterarum

951 2670 1051 2701 studia,
1066 2669 1167 2704 quibus
1181 2668 1302 2702 linguam
1318 2667 1356 2695 illi
1372 2675 1449 2694 suam
1465 2671 1640 2697 exornarem,
1658 2666 1743 2692 illiut"

950 2718 1064 2750 diceret.
1079 2717 1106 2744 id
1126 2724 1210 2744 unuut
1223 2715 1268 2743 hic
1282 2715 1371 2742 notari
1382 2715 1474 2746 velim,
1492 2719 1522 2741 ut
1539 2721 1636 2748 nempe
1649 2712 1741 2748 profa—
1762 2709 1763 2712 “

951 2771 1048 2791 narum
1072 2759 1224 2790 litterarum
1245 2761 1368 2789 delectus
1392 2765 1467 2788 recte
1498 2760 1641 2792 habeatur,
1663 2760 1742 2795 juxta

950 2813 1146 2843 congruentem
1161 2813 1188 2836 et
1204 2807 1356 2843 piissimam
1372 2810 1528 2834 sanctorum
1549 2807 1658 2834 Patrum
1674 2814 1741 2833 con—

950 2855 1070 2883 cordiam
1088 2863 1095 2884 :
1110 2854 1210 2889 alioqui
1234 2854 1346 2890 iamiam
1373 2853 1562 2889 unusquisque
1586 2853 1697 2886 antiqua
1715 2859 1744 2882 et
