1907 3074
161 78 227 110 1419
299 76 336 112 [Α.
356 84 384 104 Il.
403 75 482 112 6859,
500 83 554 103 IND.
576 76 603 111 4|

729 77 936 117 NICEPllORI
956 77 1146 109 GREGOR/E

1289 76 1356 112 [nm
1376 85 1398 103 ι.
1417 83 1560 104 cuncuz.
1583 77 1612 112 5]
1710 79 1796 111 14έο

159 135 275 163 increati
299 138 483 169 permanent,
508 133 638 169 quoniam
662 141 710 160 eos
735 133 793 168 ipse
822 132 941 168 Spiritus

1006 133 1081 164 ἐίας.
1097 143 1106 159 ι
1129 132 1257 159 Ἀκούετε
1274 132 1411 167 γραϊδίων
1430 133 1590 167 φληνάφων,
1615 133 1795 168 αὐτόχρημα

159 185 280 213 sanctus,
304 184 334 207 ut
358 179 465 206 innatas
484 183 512 207 et
537 179 634 207 insitas
659 181 852 214 operationes,
875 179 941 206 facit

158 231 241 260 atque
267 230 406 260 operatur.
429 233 438 250 ›
460 224 580 257 Auditis,
605 229 635 251 ut
658 225 745 251 dicam
772 226 851 260 plane
868 223 940 260 quod

159 281 204 300 res
222 276 275 304 est,
302 272 446 307 nugacium
470 271 640 298 anicularum
663 271 856 298 deliramenta.
872 271 941 298 Cum

159 319 234 346 enim
255 318 345 353 ipsum
362 324 424 345 esse
448 316 729 344 Pneumatomachum
750 317 855 351 liquido
877 324 943 344 con-

159 369 222 397 stet,
238 371 269 391 ac
291 362 389 390 deinde
405 362 484 389 istam
497 361 707 396 appellationem
720 362 840 397 elIugere
857 369 942 389 cone-

160 416 216 442 tur.
240 407 557 437 Pneumatomachorum
577 407 779 442 improbitatem
803 407 884 442 longo
899 415 944 434 su-

159 460 238 491 perat
260 455 413 484 intervallo,
441 458 468 480 et
488 453 619 480 mutabile
644 453 745 479 malum
772 461 800 480 se
822 453 896 485 facit,
913 458 944 480 ut

161 509 267 536 nempe-
277 501 345 528 clam
373 499 452 526 nobis
475 498 597 533 ell‘ugiut,
625 506 674 525 nec
699 498 759 533 ejus
782 498 943 532 improbitas

162 552 302 583 arguatur.
318 546 419 574 Verum
442 545 637 580 undequaque,
652 544 725 578 quod
750 551 803 570 non
822 543 944 570 animad-

160 595 255 625 vertit,
282 592 333 618 hac
359 590 533 625 potissimum
561 590 664 616 ratione
681 593 756 616 certe
773 593 868 623 captus
891 594 943 616 cst.

160 639 228 667 Nam
244 637 414 665 Palamitiea:
428 635 611 670 improbitatis
628 640 717 670 patres
733 635 943 662 Pneumatoma-

161 686 218 717 ehi,
239 692 299 711 cum
324 687 449 710 sanetum
474 681 606 717 Spiritum
622 688 681 708 esse
704 681 805 707 factum
822 681 944 708 dicerent

162 732 243 763 (sicut
264 729 363 757 Filium
379 728 500 756 divinum
525 727 605 764 Arius
623 727 725 755 factum
741 733 801 753 esse
816 726 942 762 dixerat),

162 774 318 802 necessaria
333 773 451 808 quadam
470 772 664 800 consecutione
679 777 800 799 creatum
823 779 883 799 esse
901 773 943 807 ip-

163 828 222 848 sum
238 819 419 850 asserebant;
436 816 658 852 quandoquidem
683 816 740 844 sive
755 822 812 844 arte
834 825 945 852 compa-

159 871 248 898 ratas,
266 865 324 892 sive
344 872 360 890 a
386 867 485 890 natura
507 863 603 890 insitas
618 862 760 889 hominum
776 863 947 898 cognitiones

159 903 349 943 'consuiamns,
374 910 400 937 id
416 910 488 945 quod
513 909 614 936 factum
637 914 689 941 est,
716 910 868 937 increatum
892 909 946 936 dici

164 965 304 992 nunquam
319 957 429 991 poterit.
446 956 499 983 Sed
525 955 662 985 Palamas,
677 963 758 990 quem
780 956 882 983 nullius
909 955 947 982 rei

163 1004 258 1039 pudet,
281 1002 438 1030 nm'issimis
465 1001 540 1029 hisee
565 1002 672 1033 diebus,
697 1002 724 1029 id
748 1001 820 1036 quod
846 1001 947 1028 factum

162 1055 246 1081 esset.
264 1050 415 1076 inet-catum
432 1052 552 1075 statuere
571 1055 624 1074 non
640 1047 786 1074 dubitavit.
803 1047 948 1082 Oporterct

164 1097 257 1131 itaque
281 1100 312 1122 ut
335 1094 393 1121 haac
409 1093 500 1120 omnia
516 1099 624 1120 summo
641 1093 781 1127 prosecuti
805 1093 868 1120 odio
883 1089 949 1120 sile-

164 1148 269 1172 remus,
295 1145 323 1167 et
347 1139 496 1166 obstructis
522 1138 635 1166 auribus
653 1138 687 1165 ab
711 1138 854 1165 auditione
878 1139 948 1165 mala

164 1186 376 1214 deelinaremus.
386 1184 487 1211 Verum
500 1184 630 1219 quoniam
650 1185 692 1219 (ex
707 1191 738 1211 eo
752 1185 823 1218 quod
838 1185 950 1219 impune

164 1233 317 1260 mentiatur.
327 1231 448 1258 nefarius
463 1231 508 1258 ille
519 1235 546 1257 et
566 1235 674 1257 suomet
696 1230 799 1265 1131
816 1230 945 1264 sulfragio

163 1281 252 1315 justus
270 1277 407 1312 Palamas)
423 1277 573 1311 principes,
589 1281 748 1311 potestates,
768 1276 872 1311 quippe
891 1284 944 1303 sa).-

164 1326 286 1354 Cnlarem
305 1324 377 1351 hunc
394 1324 421 1350 in
446 1322 578 1349 qundnm
594 1321 695 1348 habent
719 1321 877 1357 imperium,
896 1321 947 1356 ipsi

994 179 1088 213 φάναι,
1118 178 1275 214 ληρήματα.
1305 179 1538 213 Πνευματομάχος
1569 178 1624 214 γὰρ
1649 179 1796 213 ὑπάρχων

994 225 1095 260 σαφὴς,
1109 225 1156 251 ἕπε
1163 234 1205 250 ιτα
1219 224 1331 258 φεύγειν
1343 226 1513 259 πειρώμενος
1530 224 1659 259 τοῦνομα,
1673 226 1795 258 γίνεται

993 271 1092 306 χείρων
1112 271 1152 296 ἔτι
1174 270 1274 304 μᾶλλον
1303 270 1415 296 ἐκείνων
1439 272 1553 304 μακροῖς
1577 279 1633 296 τισι
1653 271 1793 306 μέτροιςο

994 317 1040 343 καὶ
1056 316 1141 343 κακὸν
1162 316 1247 342 ποιῶν
1263 315 1359 341 ἑαυτὸν
1376 315 1606 350 ἀλλοπρόσαλλον,
1627 315 1672 342 ἵνα
1700 316 1794 349 δῆθεν

993 362 1113 397 λανθάνῃ
1132 361 1328 396 διαδιδράσκων
1351 360 1415 391 τοὺς
1430 363 1479 395 τῆς
1495 362 1594 393 κακίας
1612 362 1763 396 ἐλέγχους,
1777 362 1793 387 ὑ

993 407 1022 433 δὲ
1044 406 1140 440 λέληθε
1159 405 1258 440 μᾶλλον
1273 405 1354 436 αὐτὸς
1372 405 1467 431 ἑαυτὸν
1483 405 1662 439 ἁλισκόμενος
1678 414 1794 431 παντα-

994 452 1084 487 χόθεν.
1097 451 1130 477 Οἱ
1145 451 1198 486 γὰρ
1213 451 1263 484 τῆς
1285 450 1366 476 αὑτοῦ
1388 451 1487 481 κακίας
1516 450 1635 485 πατέρες
1654 452 1793 485 ΙΙνευμα-

993 497 1123 531 τομάχοι,
1138 497 1245 531 ποίημα
1261 495 1385 529 λέγοντες
1396 493 1466 521 εἶναι
1478 495 1508 521 τὸ
1522 496 1644 530 Πνεῦμα,
1655 496 1792 530 καθάπερ

1005 544 1113 578 ΙἈρειος
1133 542 1179 568 τὶν
1201 541 1277 573 Υἱὸν,
1303 540 1456 571 ἀκολούθως
1476 541 1523 566 καὶ
1542 542 1644 575 κτίσμα
1658 541 1733 567 τοῦτ’
1759 542 1791 573 ἐξ

995 590 1118 624 ἀνάγκης
1131 588 1264 622 ἔφασκον·
1282 587 1329 614 ac;
1346 587 1383 622 μὴ
1399 587 1551 621 δυναμένης
1571 588 1640 622 μήτε
1668 588 1720 622 τῆς
1743 596 1791 613 τε-

997 635 1094 670 χνικῆς
1112 634 1234 669 μεθόδου,
1248 634 1318 668 μήτε
1330 635 1447 668 φυσικῆς
1470 633 1525 660 τῶν
1549 633 1703 668 ἀνθρώπων
1714 633 1790 667 γνώ-

996 689 1076 712 σεως,
1084 680 1210 707 ἄκτιστον
1220 679 1324 714 ποίημα
1332 678 1421 712 λέγειν
1431 678 1507 704 ποτέ.
1518 678 1546 704 '0
1556 678 1583 704 δὲ
1597 678 1681 712 μηδὲν
1689 679 1791 712 αἰσχυ-

995 726 1107 760 νόμενος
1127 726 1254 752 ἀκτιστον
1267 725 1373 759 ποίημα
1384 723 1548 758 τετόλμηκεν
1564 724 1614 759 ήδη
1629 724 1790 758 νομοθετεῖν

996 772 1024 798 ἐν
1036 773 1095 803 ταῖς
1102 771 1227 805 ἐσχάταις
1236 770 1347 802 ταύταις
1359 770 1486 804 ἡμέραις.
1496 770 1594 804 Ἐχρῆν
1602 769 1648 796 οὖν
1656 770 1789 804 καὶὴμᾶς

997 818 1121 845 ἐνταυθοῖ
1139 817 1228 852 σιωπῇ
1249 817 1283 843 τὰ
1308 815 1420 843 τοιαῦτα
1441 816 1610 851 μισήσαντάς
1633 823 1662 841 τε
1687 816 1736 841 καὶ
1754 816 1790 841 τὰ

996 860 1054 890 ὦτα
1069 862 1202 898 βύσαντας
1216 863 1311 896 φυγεῖν
1321 862 1374 889 ἀπὸ
1385 862 1471 896 ἀκοῆς
1480 862 1610 896 πονηρᾶς.
1627 861 1697 886 Ἀλλ’
1712 861 1789 893 ἐπεὶ,

999 910 1044 946 [Ρ.
1062 909 1127 945 708]
1139 909 1182 935 διὰ
1190 909 1236 935 τοῦ
1247 909 1397 942 ἀνέλεγκτα
1407 908 1555 942 ψεύδεσθαι
1567 907 1662 934 τοῦτον
1676 907 1787 935 ἀνόσιόν

998 965 1029 983 τε
1052 956 1100 982 καὶ
1123 957 1379 989 αύτοχειροτόνητον
1397 955 1514 986 δίκαιον,
1532 954 1562 980 αἱ
1585 962 1614 979 τε
1638 952 1786 988 ἀρχαὶκαὶ

998 1002 1121 1036 ἐξουσίαι
1150 1001 1196 1028 καὶ
1215 1002 1238 1027 οἱ
1255 1001 1301 1026 τοῦ
1321 1001 1419 1031 αἰῶνος
1435 999 1543 1027 τουτουτ
1558 1000 1786 1035 κοσμοκράτορες

999 1048 1166 1084 χορηγοῦσιν
1186 1048 1260 1082 αὑτῷ
1275 1048 1307 1074 δι’
1326 1048 1449 1081 ἀμαθίαν
1471 1047 1603 1082 τρόπαιον
1618 1047 1698 1073 τοῦτο
1713 1048 1785 1073 κατά

998 1095 1046 1129 τῆς
1059 1094 1190 1129 ἀληθείας
1210 1094 1328 1128 ἐγείρειν
1339 1095 1379 1125 είς
1398 1094 1502 1128 πλάνην
1512 1093 1567 1120 τῶν
1578 1093 1786 1127 ἀπλουστέρωνζ

999 1141 1107 1175 ἀνάγκη
1118 1141 1167 1166 καὶ¹
1181 1141 1255 1175 ἡμᾶς
1272 1140 1398 1166 ἐνταυθοῖ
1411 1140 1560 1175 γρηγορεῖν
1575 1147 1605 1165 τε
1618 1139 1677 1173 ἆμα-
1692 1140 1740 1165 xui
1756 1139 1786 1164 τὸ

999 1186 1050 1219 τῆς
1063 1185 1192 1221 ἀληθείας
1204 1185 1444 1220 ἀναλαμϐάνοντες
1463 1185 1539 1218 ξίφος
1557 1185 1699 1220 παρρησίᾳ
1711 1185 1785 1210 κατὰ

1000 1232 1047 1258 τοῦ
1063 1232 1179 1265 ψεύδους
1195 1231 1331 1262 ἐλαύνειν,
1350 1232 1380 1257 τό
1396 1239 1427 1264 γε
1439 1231 1504 1266 ἡμῖν
1519 1230 1723 1265 ὲφικτὶιν,ὅπλα
1740 1231 1787 1256 καὶ

1000 1277 1090 1311 τεῖχος
1102 1276 1277 1310 ἀκροπόλει-ις
1298 1275 1409 1311 ἰσχυρὸν
1422 1284 1468 1307 κς
1479 1276 1617 1310 ἡμετέρας
1637 1276 1695 1306 τοῖς
1706 1275 1786 1310 ὀρθο-

1001 1322 1044 1354 δόξ
1054 1331 1085 1353 .ι;
1102 1322 1212 1357 γραφὰς
1227 1323 1422 1357 παρεχόμενοι,
1432 1322 1447 1355 ἢ
1459 1323 1561 1356 μᾶλλον
1576 1323 1624 1353 τὰς
1638 1322 1693 1348 τῶν
1706 1322 1787 1348 θείων

166 1372 201 1398 ob
224 1369 389 1405 imperitiam
416 1367 604 1403 suppeditant.
621 1367 694 1394 unde
713 1367 747 1395 ad
770 1367 948 1402 simpliciores

1006 1367 1118 1402 Γραςςῶν
1151 1367 1319 1402 μαρτυρίας,
1351 1366 1394 1393 ἵνα
1427 1367 1465 1402 μὴ
1502 1368 1571 1402 ἀκοῇ
1604 1369 1729 1402 σκοτεινῇ
1757 1375 1787 1393 τε

166 1415 345 1451 decipiendos
356 1415 409 1441 hoe
421 1413 553 1440 adversus
562 1413 704 1440 veritatem
719 1417 849 1448 tropaeum
864 1413 951 1447 erigat

166 1467 194 1490 et
209 1465 320 1492 statuat,
343 1466 456 1486 necesse
471 1463 513 1486 est
528 1464 558 1485 ut
584 1458 628 1485 hic
645 1458 727 1485 etiam
752 1459 908 1493 vigilemus.
922 1463 950 1486 et

170 1509 341 1540 assumptum
364 1503 490 1531 veritatis
507 1511 599 1530 ensem
625 1503 711 1530 libere
732 1503 760 1530 in
775 1503 947 1531 mendacium

169 1558 330 1580 exseramus
349 1555 388 1583 et,
407 1554 539 1585 quantum
561 1550 587 1576 in
603 1549 683 1576 nobis
704 1549 767 1583 erit,
785 1549 948 1584 adigamus:

169 1605 244 1626 arma
260 1596 363 1632 pariter
390 1600 418 1622 et
439 1602 552 1622 aeneum
569 1596 640 1623 arcis
656 1603 765 1622 murum
789 1596 950 1624 orthodoxis

168 1643 349 1680 praebeamus,
363 1641 456 1668 nostra
470 1640 596 1668 videlicet
618 1641 773 1676 conscripta
788 1649 882 1677 opera,
900 1649 949 1669 seu

168 1691 260 1726 potius
275 1695 414 1717 sacrarum
436 1687 640 1722 Scripturarum
665 1688 820 1715 testimonia
838 1698 844 1721 ;
859 1695 894 1715 ne
909 1689 948 1715 illi

167 1733 366 1761 tenebricosam
379 1736 406 1759 et
418 1731 592 1765 ealiginosatn
607 1731 774 1759 auditionem
786 1738 948 1766 sequantur,

167 1780 263 1814 sicque
280 1785 309 1806 se
326 1779 400 1812 ipsos
414 1777 441 1804 in
460 1777 622 1812 perditionis
637 1777 770 1812 gurgitem
787 1778 947 1814 conjiciunt.

168 1827 236 1853 Cum
250 1825 325 1852 enim
341 1829 388 1857 tot,
407 1828 480 1851 tanta
498 1828 525 1850 et
546 1823 618 1856 talia,
635 1823 711 1858 prius
726 1825 837 1860 quidem
859 1826 885 1852 in
902 1834 951 1852 no-

168 1876 234 1902 stris
249 1874 393 1902 invectivis
405 1878 432 1901 et
447 1873 652 1906 Antirrheticis,
670 1882 744 1902 nunc
756 1879 847 1902 anteiit
864 1876 890 1902 in
905 1883 948 1908 ea,

169 1930 250 1957 quam
270 1920 407 1951 audiistis.
424 1920 608 1954 disputatione
622 1921 779 1948 testimonia
800 1922 851 1956 ipsi
872 1923 951 1950 Pala-

169 1974 219 1993 mte
232 1965 404 2001 protulerim,
415 1971 466 1991 nec
485 1969 573 1991 tamen
585 1965 664 1999 plene
682 1966 744 1992 huic
756 1967 950 2001 persuaserim,

174 2018 202 2039 ut
231 2012 268 2044 id,
285 2011 357 2046 quod
383 2011 483 2038 fartum
501 2011 686 2040 estrmluime
706 2013 827 2038 omnium
846 2013 953 2040 increa<

170 2064 227 2084 tum
249 2065 309 2085 esse
337 2063 417 2092 posse
442 2057 624 2091 intelligeret:
652 2057 768 2092 agedum
792 2058 825 2085 de
853 2064 953 2086 caatero

171 2105 284 2133 clariora
312 2109 340 2131 et
366 2104 433 2138 ipsis
457 2103 620 2136 fossoribus,
644 2109 672 2131 ut
696 2105 733 2131 ita
762 2104 861 2138 dicam,
889 2111 952 2132 nota

1002 1414 1050 1440 καὶ
1066 1414 1190 1448 ἀλαμπεῖ
1208 1413 1492 1448 κατακολουθήσαντες
1511 1414 1551 1445 εἰς
1572 1413 1710 1453 βάραθρον
1723 1415 1786 1440 ἑαυ-

964 1477 987 1506 c
1002 1460 1064 1492 τοὺς
1089 1459 1454 1494 συνωθήσωσιννάπωλείας.
1479 1459 1554 1485 Ἐπεὶ
1577 1461 1632 1495 γὰρ
1654 1461 1789 1496 τοσαύτας

1006 1507 1081 1541 αὐτῷ
1096 1507 1143 1533 καὶ
1155 1506 1285 1538 τοιαύτας
1309 1505 1363 1539 ἐγὼ
1382 1507 1561 1540 συμφορήσας
1576 1507 1710 1542 πρότερον
1738 1508 1789 1542 μὲν

1004 1552 1049 1579 διὰ
1064 1560 1094 1578 τε
1112 1551 1166 1577 τῶν
1184 1552 1398 1586 στηλιτευτικῶν
1416 1552 1531 1577 ἐκείνων
1556 1554 1604 1578 καὶ
1622 1553 1785 1588 amemu-

1005 1598 1072 1630 κῶν,
1089 1598 1137 1624 καὶ
1152 1597 1185 1624 αὖ
1197 1597 1231 1624 δι’
1251 1594 1288 1624 ὧν
1300 1598 1447 1632 ἡκηκόειτε
1464 1597 1522 1630 νῦν,
1538 1599 1590 1624 οὐκ
1604 1599 1785 1634 ὲμπέπληκα,

1005 1644 1066 1670 οὐδέ
1082 1652 1113 1678 γε
1129 1644 1251 1670 συνιέναι
1271 1644 1401 1675 πέπεικα,
1417 1644 1546 1670 ἇκτιστον
1561 1645 1665 1679 ἥκιστα
1679 1647 1787 1673 πάντων

1006 1687 1077 1717 εἶναι
1093 1690 1201 1725 ποίημα
1212 1697 1219 1705 ’
1233 1690 1299 1724 φέρε
1314 1689 1408 1716 λοιπὸν
1434 1690 1610 1725 σαφεστέρων
1635 1691 1728 1722 τινῶν,
1744 1692 1789 1718 καὶ

1005 1737 1097 1767 αὐτοῖς
1114 1735 1261 1770 γνωρίμων
1287 1736 1374 1761 εἰπεῖν
1387 1736 1583 1768 σκαπανεῡσιν,
1599 1736 1735 1771 ἁψώμεθα
1749 1738 1791 1763 λί-

1006 1790 1072 1816 γων.
1092 1781 1221 1816 Ἐνδηλον
1248 1782 1302 1816 γὰρ
1329 1781 1414 1812 δήπου
1442 1782 1497 1812 τοῖς
1525 1781 1607 1814 ὅλοις,
1627 1782 1665 1813 ὡς
1686 1782 1715 1808 τὸ
1743 1783 1791 1816 τῆς

1006 1830 1126 1861 πίστεως
1141 1829 1220 1864 ἡμῶν
1237 1829 1312 1863 ἱερὸν
1328 1827 1478 1862 Σύμϐολον,
1503 1829 1531 1855 ὲν
1548 1829 1665 1864 ἡμέραις
1690 1829 1790 1860 πάσαις

1006 1876 1054 1902 καὶ
1068 1874 1155 1906 νυξὶν,
1174 1874 1307 1908 ὁμολογίᾳ
1333 1874 1416 1900 πᾶσιν
1431 1874 1581 1909 ὀρίτοδόξοις
1596 1876 1674 1910 κοινῇ
1692 1876 1789 1910 περιᾴ-

1006 1922 1080 1948 δεται
1100 1921 1190 1954 πάντη
1215 1920 1351 1954 διηνεκὲς,
1375 1921 1403 1946 ἐν
1426 1920 1535 1955 κώμαις
1547 1921 1607 1956 ἅμα
1629 1923 1677 1948 καὶ
1695 1922 1788 1948 πόλεσι

1008 1968 1055 1993 καὶ
1071 1966 1216 2001 σπηλαίοις
1240 1966 1287 1991 κα)⁴
1302 1966 1378 2000 δρεσι
1402 1967 1460 1998 καὶ,
1476 1966 1629 2001 συλλήϐδην
1645 1967 1744 1999 εἰπεῖν,
1760 1969 1788 1993 ὲν

1009 2015 1083 2048 πάσῃ
1099 2022 1132 2047 γε
1154 2014 1187 2047 τῇ
1199 2013 1233 2048 γῇ
1250 2012 1296 2038 καὶ
1310 2013 1363 2046 ὅπη
1378 2012 1428 2047 τῆς
1446 2012 1532 2046 ὑγρᾶς
1542 2006 1638 2044 οὐσίας
1657 2013 1747 2049 διήκει
1760 2014 1790 2039 τὸ

1008 2059 1109 2094 ῥᾴδιον.
1127 2060 1205 2093 Ἔχει
1226 2059 1254 2085 δὲ
1283 2058 1385 2089 οὕτως’
1403 2067 1411 2084 ι
1427 2058 1594 2093 Πιστεύομεν
1606 2061 1646 2091 είς
1658 2060 1707 2086 ἕνα
1726 2060 1790 2086 Θεὸν

1013 2105 1123 2140 Πατέρα
1148 2105 1370 2140 παντοκράτορα,
1391 2105 1508 2140 ποιητὴν
1522 2106 1638 2141 οὐρανοῦ
1664 2107 1713 2132 καὶ
1729 2107 1789 2141 γῆς,

169 2153 254 2179 verba
267 2158 442 2185 usurpentus.
460 2149 593 2177 Omnibus
606 2150 706 2185 quippe
732 2156 828 2178 nolunt
843 2157 896 2184 est,
910 2160 948 2178 sa-

1007 2152 1115 2186 ὁρατων
1132 2161 1162 2178 τε
1178 2153 1290 2179 πάντων
1306 2154 1353 2179 καὶ
1369 2153 1503 2186 ἀοράτων,
1520 2153 1613 2184 καὶείς
1626 2152 1674 2178 ἕνα
1692 2152 1789 2186 Κύριον

170 2207 247 2227 crum
274 2198 336 2225 ﬁdei
364 2202 463 2224 nostra:
486 2196 656 2232 Symbolum.
675 2197 771 2223 diebus
798 2198 903 2224 cunctis
928 2202 955 2225 et

171 2245 310 2276 noctibus,
326 2243 464 2271 communi
480 2242 602 2270 omnium
617 2242 830 2270 orthodoxorum
847 2243 955 2270 confes-

173 2292 249 2318 sione
264 2290 367 2324 ubique
380 2289 494 2324 jngitcr,
513 2289 539 2315 in
555 2289 644 2323 pagis,
662 2289 788 2321 urbibus,
814 2290 955 2317 montibus

171 2342 199 2364 et
228 2337 378 2371 speluncis,
408 2340 507 2369 atque,
534 2339 564 2361 ut
593 2342 647 2361 uno
677 2335 762 2362 verbo
791 2335 955 2369 complectar

172 2383 274 2414 omnia.
293 2382 321 2408 in
338 2381 464 2408 universa
482 2384 563 2411 terra,
591 2384 619 2407 et
641 2388 803 2414 quacunth
822 2389 955 2415 aquarum

169 2434 268 2456 natura
290 2427 370 2455 facile
391 2425 527 2461 pervadit.
544 2425 694 2452 deeautari.
711 2426 798 2453 Porro
816 2426 856 2453 sic
872 2426 956 2454 habet

1016 2198 1119 2230 Ἰησοῦν
1131 2198 1267 2233 Χριστὸν,
1285 2198 1332 2225 τὸν
1351 2199 1414 2224 Υἰδν
1427 2199 1472 2224 τοῦ
1497 2198 1563 2224 Θεοῦ
1581 2198 1627 2224 τὸν
1649 2198 1789 2232 μονογενῆ,

1009 2246 1186 2280 γεννηθέντα,
1208 2247 1239 2272 οὑ
1262 2245 1420 2281 ποιηθέντα,
1435 2245 1578 2280 ὀμοούσιον
1592 2245 1631 2279 τῷ
1647 2245 1742 2278 Πατρὶ,
1757 2243 1789 2270 δι’

1008 2287 1040 2317 οὗ
1055 2291 1088 2317 τὰ
1107 2291 1196 2317 πάντα
1214 2291 1333 2325 ἐγένετο.
1347 2300 1356 2316 ι
1384 2291 1481 2325 Ὁρᾶτε
1499 2292 1556 2322 πῶς
1572 2290 1676 2317 ἄνωθεν
1689 2291 1735 2316 καὶ
1760 2290 1789 2321 ἐξ

1008 2337 1094 2372 ἀρχῆς
1112 2337 1169 2367 τοῖς
1187 2336 1270 2368 θείοις
1285 2338 1439 2371 ἀναιρεῖται
1453 2337 1734 2372 Πατράσιδιαρῤήδην
1752 2337 1788 2368 τὸ,

1009 2379 1117 2416 ποίημα.
1137 2379 1207 2408 εἶναι
1231 2383 1277 2408 τὸν
1291 2381 1325 2408 δι’
1341 2379 1371 2409 οὗ
1391 2385 1425 2409 τὰ
1439 2383 1530 2409 πάντα
1546 2381 1706 2416 πεποίηται.
1727 2382 1786 2407 Γεν-

1008 2428 1125 2462 νηθέντα.
1142 2429 1195 2464 γάρ
1208 2437 1301 2463 φησιν,
1315 2430 1345 2455 οὐ
1363 2430 1522 2463 ποιηθέντα.
1559 2450 1562 2451 ν

171 2472 244 2504 istud
267 2474 447 2511 Symbolum:
472 2482 480 2498 ι
499 2472 642 2500 Credimus
656 2473 683 2499 in
718 2480 800 2499 unum
834 2473 918 2500 Deum
957 2474 1061 2502 Patrem
1076 2475 1301 2510 omnipOIentem,
1322 2476 1453 2504 factorem
1467 2476 1529 2503 mali
1552 2480 1580 2502 et
1605 2480 1696 2507 terra,
1730 2474 1790 2501 visi-

171 2524 268 2549 bilium
285 2520 408 2548 omniunt
423 2525 451 2546 et
464 2518 643 2546 invisibilium
662 2527 669 2551 ;
701 2523 729 2545 et
758 2519 784 2546 in
801 2527 884 2561 unum
917 2519 1063 2548 Dominum
1085 2521 1178 2549 Jesum
1199 2521 1348 2555 Christum,
1363 2522 1467 2557 1132
1487 2522 1584 2549 Filium
1607 2521 1656 2549 Dei
1670 2521 1790 2556 unigeni-

173 2577 240 2602 tum,
252 2569 451 2605 genitutn,non
468 2567 579 2599 factum,
593 2566 665 2594 Patri
678 2567 954 2597 consubstantialetn;
973 2577 1022 2604 per
1033 2578 1114 2605 quem
1128 2570 1220 2597 omnia
1253 2569 1321 2598 facta
1341 2576 1419 2606 sunt.
1441 2580 1450 2596 ι
1469 2569 1573 2597 Videtis
1605 2574 1636 2596 ut
1650 2570 1706 2604 jam
1731 2568 1789 2596 inde

171 2618 206 2644 ab
231 2617 310 2643 initio
331 2616 416 2644 divini
442 2617 538 2644 Patres
561 2616 663 2644 Nicaeni
688 2617 777 2650 illum,
803 2625 850 2652 per
875 2626 956 2651 quem
977 2621 1067 2646 omnia
1084 2619 1195 2646 luerunt
1227 2619 1309 2653 facta,
1342 2619 1442 2647 factum
1464 2626 1523 2646 esse
1537 2619 1641 2646 diserte
1657 2619 1787 2654 negarint.

171 2664 298 2692 Genitum
314 2664 387 2690 enim
404 2663 541 2698 inquiunt,
558 2671 611 2690 non
626 2663 739 2690 fartum.

207 2711 276 2738 Vlll.
297 2710 350 2738 Sed
365 2715 395 2738 cl
415 2719 529 2746 magnus
541 2711 708 2738 Athanasius
724 2711 751 2737 in
766 2710 864 2745 prima,
875 2719 956 2747 quam

173 2756 206 2783 ad
225 2756 401 2790 Serapionem
417 2757 593 2792 conscripsit,
609 2757 724 2791 epistola
746 2757 803 2783 ha-c
816 2757 955 2785 edisserit.

173 2811 183 2828 ι
199 2801 228 2828 In
245 2802 306 2835 hoc,
322 2802 422 2838 inquit,
452 2802 567 2838 (Spiritu
595 2803 734 2837 videlicet)
767 2803 886 2831 Verbum
913 2813 956 2833 res

1047 2712 1088 2739 H'.
1113 2712 1194 2739 Ἀλλὰ
1215 2713 1262 2739 καὶ
1285 2713 1298 2740 ὁ
1325 2714 1412 2747 μέγας
1435 2712 1596 2743 ’Λθανάσξος
1614 2713 1644 2738 ὲν
1673 2715 1707 2748 τῇ
1725 2714 1787 2749 πρὸς

1010 2759 1172 2792 Σεραπίωνα
1199 2758 1294 2793 πρώτῃ
1313 2758 1376 2785 τάδε
1392 2758 1518 2791 διέξεισιν
1535 2759 1683 2796 Ἐπιστολῇ
1696 2768 1704 2775 ·
1724 2770 1733 2786 ε
1749 2761 1788 2787 Ἐν

1007 2805 1104 2839 τούτῳ,
1122 2814 1130 2830 ι
1153 2805 1265 2839 φάσκων
1281 2804 1329 2839 (τῷ
1344 2805 1482 2840 πνεύματι
1494 2805 1621 2840 δηλαδὴ),
1641 2815 1650 2832 ι
1668 2807 1717 2842 τὴν
1733 2807 1786 2833 κτί-
