1907 3074
91 116 158 148 14ζ5
240 116 276 151 [Α.
299 123 326 142 Il.
349 116 428 147 6:59,
450 123 503 143 mn.
525 115 552 151 Α]

687 119 896 149 NICEPIIORI
915 116 1105 151 GREGORRE

1239 117 1306 153 [tum
1327 125 1348 144 ι.
1369 124 1516 144 ελικτιιευι.
1537 116 1565 152 5]

1637 118 1714 150 1436

88 174 126 200 ira
142 172 363 206 exranduerunt;
383 177 411 200 et
425 172 509 200 veluti
529 172 648 207 qundam
668 172 761 200 furore
775 174 870 207 perciti

932 176 974 209 (ἧς
991 174 1129 210 tamen
1158 174 1234 207 σφίσι
1254 174 1355 208 πυρσόν
1367 181 1375 189 ο
1393 173 1440 199 καὶ
1457 172 1550 207 ὥσπερ
1576 173 1718 207 ἐμμανεῖς

87 228 103 246 e
118 219 226 246 duobus
244 220 361 246 alterum
377 219 535 246 necessario
550 219 679 253 consequi
690 219 870 246 asserebant:

91 275 99 291 ι
114 266 161 293 Vel
180 266 265 297 enim,
278 265 448 300 inquiebant,
468 265 574 300 1144
600 265 686 292 sancti
702 269 776 295 sunt,
794 269 820 292 et
834 265 873 292 sic

90 311 141 337 ista
170 318 224 336 non
251 310 395 342 dixerunt;
422 309 464 336 vel
492 310 542 336 ista
559 309 698 341 dixerunt,
713 317 743 337 ac
759 309 873 344 proinde

88 356 174 383 sancti
193 364 245 383 non
261 359 334 383 sunt.
361 355 438 382 Absit
456 355 540 385 enim,
556 360 587 382 ut
600 355 721 385 dicamus
738 362 871 389 unquam,

89 409 143 428 non
159 409 219 429 esse
244 401 328 428 dubio
355 401 450 437 procul
480 401 611 433 increata,
629 405 686 428 tum
716 400 759 427 illa
787 400 873 427 sancti

89 447 207 482 Spiritus
221 447 302 480 dona,
321 455 381 482 qua:
396 438 467 474 Deus
478 447 551 474 varie
567 446 718 478 distribuit,
736 451 791 473 tum
812 454 874 481 gra-

89 493 150 520 lias'
167 498 195 520 et
213 493 397 527 operationes,
416 501 485 527 quas
500 493 533 519 ab
560 493 633 520 omni
658 501 716 520 aevo
743 493 875 520 creaturis

89 538 212 574 largitur.
229 539 296 566 Nam
325 539 348 566 si
374 544 480 566 ercatas
500 546 543 565 res
557 538 615 564 dari
635 538 717 565 etiam
734 546 748 564 a
769 538 823 564 Deo
837 527 876 564 fa-

91 590 221 616 terentur,
247 585 313 619 quid
339 585 439 620 egregii
461 589 560 619 praeter
571 589 667 611 cmtera
684 588 711 610 et
724 583 817 610 eximii
834 583 876 610 di-

89 631 150 657 vina
166 631 292 665 majestas
304 630 436 657 haberet?
449 630 504 657 lloc
517 630 590 656 enim
602 629 690 656 facere
705 636 813 662 semper
826 628 876 663 ipsi

89 678 214 704 homines
227 682 358 712 possunt;
373 685 470 711 nempe
484 675 652 711 quibuslibet
665 675 730 701 dare
743 679 877 709 quotquot

90 723 254 758 temporaria
270 729 298 750 et
311 731 482 757 qutecunque
496 727 586 749 creata
600 722 734 756 quispiam
749 721 877 749 voluerit.

92 767 163 794 Deus
179 767 282 801 itaque.
298 774 361 793 etim
376 767 411 793 sit
431 766 580 805 increatus,
598 773 646 800 par
671 769 712 792 est
727 770 756 792 ut
773 765 879 792 increa-

92 818 115 838 Ia
133 812 275 846 largiatur.
292 811 320 839 Si
334 812 396 846 quis
411 815 501 838 autem
519 811 598 837 aliter
623 810 696 845 loqui
714 805 876 839 vilit.’hunc

90 859 164 885 omni
193 866 306 893 prorsus
335 858 441 885 ratione
458 857 606 893 rejicimus,
623 857 687 883 licet
702 855 822 884 cmlcstis
835 860 875 883 ιο-
893 844 913 873 Β

91 905 212 930 nitrunm
228 904 331 930 clamor
345 904 483 932 audiatur.
506 904 571 930 licet
590 904 681 930 omnia
699 910 806 936 quoque
820 902 875 928 ele-

90 955 180 977 menta
198 951 263 981 [iant
279 950 382 977 vocalia
400 956 427 977 et
443 949 538 976 isthtec
554 949 705 983 proferant.
727 957 736 974 ι

127 995 156 1023 ll.
169 995 236 1023 Cum
255 1003 320 1022 vero
337 1003 379 1022 me
396 995 565 1029 accingerem
592 994 623 1021 ad
643 993 800 1022 alierendos
815 1002 877 1021 sano

90 1046 195 1070 etoruln
220 1042 329 1068 Patrum
355 1039 451 1071 libros,
483 1040 522 1067 illi
548 1047 582 1066 ne
603 1040 739 1066 tantillum
765 1039 875 1074 quidem

90 1088 247 1114 sustinuere
275 1096 282 1114 :
308 1086 356 1114 sed
385 1086 476 1113 statim
503 1090 692 1118 surrexerunt,
722 1086 801 1113 valde
834 1094 876 1112 me

91 1133 246 1164 irridentes.
266 1138 293 1160 et
317 1132 374 1159 htt-c
394 1133 467 1159 inter
493 1132 544 1158 alia
570 1132 687 1166 plurima
713 1131 778 1158 mihi
801 1131 877 1158 dixe—

91 1183 154 1206 runt
171 1187 178 1206 :
198 1189 205 1202 ι
222 1178 268 1206 Na:
300 1182 339 1210 tu,
365 1178 536 1212 inquiebant,
561 1177 749 1212 imprudenter
763 1182 792 1204 et
808 1177 876 1204 insi-

91 1226 198 1260 pienter
217 1225 350 1252 adversus
363 1229 447 1251 temet
465 1225 554 1258 ip-um
580 1223 648 1258 agis,
665 1224 736 1258 quod
760 1223 877 1250 sanctio-

92 1272 171 1298 nibus
186 1269 372 1305 imperatoriis
390 1270 528 1302 obsistas;
544 1277 606 1296 cum
635 1270 732 1296 lice‘ret
748 1269 781 1304 (si
795 1269 877 1304 paulo

91 1318 233 1345 remissior
249 1318 337 1351 esses)
361 1318 442 1352 longe
456 1317 587 1352 majorem
603 1325 683 1352 quam
698 1322 776 1344 antea
791 1318 877 1351 impc-

91 1370 225 1396 ratorum,
244 1364 460 1399 imperalricum,
474 1368 501 1390 ct
521 1363 642 1391 omnium
663 1364 820 1398 quicunque
833 1363 876 1391 vel

91 1407 222 1434 senatorii
248 1412 313 1434 sunt
337 1406 454 1440 ordinis,
470 1407 512 1434 vel
527 1408 617 1442 aliqua
633 1408 764 1442 dignitate
782 1408 833 1435 alia
850 1411 878 1435 et

93 1454 197 1480 honore
209 1453 324 1488 fulgent,
344 1453 564 1480 benevolentiam
581 1453 725 1488 consequi.
741 1454 875 1480 Caeterum

93 1501 223 1535 (aiebant)
253 1500 389 1527 sermonis
418 1501 503 1527 nostri
538 1507 644 1527 summa
661 1500 705 1527 illa
730 1500 764 1527 sit
781 1509 787 1526 :
802 1501 824 1527 si
841 1501 877 1526 ita

93 1546 250 1573 obstinatus
279 1545 472 1578 permanseris,
489 1546 637 1573 multorum
665 1546 775 1580 quidem
793 1546 878 1572 horto-

94 1601 153 1619 rum
178 1593 313 1627 jacturam
342 1592 435 1623 facies,
455 1593 539 1620 multa
563 1601 628 1619 vero
645 1593 730 1620 tristia
752 1593 878 1628 malaque

95 1640 217 1667 habebis.
245 1639 332 1672 Adde,
360 1639 431 1674 quod
460 1647 604 1666 sermones
630 1644 691 1666 tuos
710 1647 815 1670 omnes,
831 1639 877 1674 qui

94 1693 143 1720 per
158 1685 256 1712 festum
273 1689 429 1712 sanctorum
455 1685 514 1712 dies
537 1685 564 1711 in
591 1685 707 1712 ecclesia
737 1685 876 1719 leguntur,

96 1731 202 1766 1145
227 1731 340 1765 iubente
374 1731 549 1766 imperatore,
576 1726 704 1758 inimicus
719 1736 745 1758 et
762 1731 878 1758 infestus

94 1778 164 1812 ignis
195 1777 268 1805 brevi
293 1778 436 1811 absumet;
460 1782 487 1804 tu
511 1785 577 1804 vero
603 1782 664 1812 post
681 1777 785 1804 obitum
802 1782 878 1804 tuum

93 1829 170 1850 extra
193 1824 287 1851 urbem
306 1823 457 1858 insepultus
476 1823 568 1857 aliquo
582 1823 745 1858 projieieris.
762 1833 770 1848 ι

130 1869 174 1896 Ill.
190 1870 301 1896 lllorum
317 1877 368 1904 ego
384 1876 538 1895 sermonem
554 1868 703 1903 excipiens,
720 1878 729 1894 ι
749 1868 823 1900 llzec,
838 1868 879 1895 in-

94 1923 187 1950 quam,
213 1915 381 1942 Diocletiano
405 1914 518 1949 ejusque
535 1914 703 1947 temporibus
716 1913 800 1940 verba
815 1921 879 1940 con-

93 1964 205 1996 gruunl.
230 1960 263 1987 Et
289 1965 364 1988 certe
394 1968 455 1987 cum
473 1959 588 1986 maxima
606 1959 672 1985 mihi
693 1960 762 1986 bona
774 1958 878 1994 gratiﬁ-

94 2011 187 2034 cantes
201 2007 333 2038 oll‘eratis,
352 2007 436 2033 nolite
460 2005 596 2032 minarum
621 2005 734 2031 obtentu
761 2005 877 2039 gratiam

94 2053 172 2079 istam
197 2052 376 2089 confundere.
398 2051 465 2078 Nam
491 2051 555 2077 dum
582 2048 747 2086 p’ollicemini
775 2050 833 2077 fore
849 2055 880 2077 ut

95 2102 244 2133 martyrum
272 2097 338 2124 mihi
368 2104 482 2124 coronas
506 2096 680 2131 impertiatis.
703 2104 746 2123 res
762 2096 879 2129 optimas

94 2143 230 2177 pessimis,
245 2147 274 2170 ut
287 2142 406 2174 videtur,
423 2142 578 2169 nominibus
596 2141 774 2169 confunditis.
787 2140 820 2168 Et
831 2148 879 2169 vos

922 221 1062 255 γενόμενοι
1076 221 1149 246 δυοῖν
1164 220 1282 253 ἔφασκον
1296 217 1367 245 εἷναι
1383 219 1500 252 θάτερον
1517 218 1545 250 ἐξ
1565 217 1691 252 ἀνάγκης
1705 225 1714 231 ·

923 267 940 302 ἢ
952 267 1017 302 γὰρ,
1030 265 1124 300 ἁγίους
1135 266 1225 298 δντας,
1241 265 1278 300 μὴ
1290 264 1380 297 λέγειν
1392 263 1506 290 τοιαῦτα
1516 272 1522 278 ·
1540 264 1555 298 ἢ
1569 263 1716 296 λέγοντας,

923 313 1018 346 ἁγίους
1044 313 1094 339 οὐκ
1110 312 1143 339 ἂν
1172 310 1261 338 εἶναι’
1289 311 1348 337 οὐδὲ
1376 310 1429 345 γὰρ
1456 310 1489 336 ἄν
1514 318 1579 336 ποτε
1608 310 1718 343 φαῖμεν

924 359 1016 392 ἡμεῖς,
1031 358 1093 385 οὔτε
1108 359 1141 384 τὰ
1159 358 1340 392 διειλημμένα
1357 356 1513 390 πνεύματα,
1537 355 1634 382 οὔκουν
1649 355 1716 380 οὐδὲ

924 405 973 436 τὰς
989 405 1044 436 τοῖς
1067 405 1199 439 κτίσμασι
1221 404 1365 437 διδομένας
1386 403 1501 437 χάριτάς
1522 410 1551 427 τε
1572 401 1620 427 καὶ
1634 402 1718 434 ἐνερ-

925 450 1001 484 γείας
1022 451 1054 476 ἐκ
1077 450 1124 476 τοῦ
1147 450 1247 481 παντὸς
1269 449 1378 480 αἰῶνος,
1396 448 1433 478 ὡς
1457 448 1507 474 οὐκ
1523 445 1576 474 εἷεν
1592 446 1664 473 κατά
1681 447 1717 471 τδ

926 496 1127 531 ἀναμφίλεκτον
1152 496 1279 522 ἀκτιστα.
1305 495 1335 522 Ei
1357 495 1412 529 γὰρ
1436 494 1484 520 καὶ
1512 494 1579 519 Θεὸν
1611 492 1719 518 διδόναι

927 543 1024 569 arma:
1041 543 1261 577 συγχωροίημεν.
1278 541 1305 568 τί
1328 541 1361 567 ἂν
1378 541 1420 576 εἴη
1437 540 1467 566 τὺ
1482 540 1532 572 τῆς
1555 539 1630 570 θείας
1646 539 1720 564 ὑπε-

928 588 1010 623 ροχῆς
1025 587 1185 622 ὲξαίρετον;
1203 587 1288 614 Τοῦτο
1310 587 1364 621 γὰρ
1377 587 1424 612 καὶ
1450 585 1606 620 ἀνθρώποις
1621 584 1718 615 ἔξεστι

928 634 1016 660 ποιεῖν
1031 634 1085 665 ἀεὶ,
1105 634 1154 660 καὶ
1175 633 1276 659 διδόναι
1303 630 1343 663 οἷς
1359 632 1390 659 ἄν
1414 641 1454 663 τις
1474 631 1560 658 ἐθέλοι
1578 631 1666 657 ὁπόσα
1680 631 1718 656 ἂν

926 679 981 706 τῶν
1006 679 1183 714 προσκαίρων
1211 680 1258 706 καὶ
1273 679 1323 705 ὅσα
1346 679 1401 704 τῶν
1433 677 1591 711 κτισμάτων
1612 676 1716 702 ἐθέλοι.

927 723 994 754 Θεὸς
1007 723 1054 750 οὖν
1069 724 1196 755 ἀκτιστος
1212 723 1330 750 ἄκτιστα
1343 723 1426 756 διδοίη
1443 723 1475 748 ἂν
1490 723 1559 748 κατὰ
1576 722 1606 746 τι
1626 721 1717 751 six/2;.

928 769 995 796 Είδὲ
1008 778 1050 800 τις
1063 769 1150 800 ἄλλως
1166 769 1254 795 ἐθέλοι
1264 769 1365 801 λέγειν,
1380 768 1534 802 ἀπόϐλητος
1547 767 1580 793 ἂν
1592 768 1633 801 εἴη
1647 767 1718 800 ἡμῖν

927 816 961 842 ὲκ
979 815 1078 846 παντός
1095 824 1126 849 γε
1143 815 1256 850 τρόπου,
1278 815 1331 842 κᾶν
1346 814 1462 848 οὐρανοῦ
1483 814 1566 848 βοῶσι
1589 813 1718 848 βρονταὶ,

927 861 981 888 κᾶν
1009 862 1129 896 στοιχεῖα
1158 860 1247 888 πάντα
1274 861 1415 895 φωνήεντα
1444 859 1619 886 καταστάντα
1645 858 1721 894 λέγῃ

927 908 1018 935 ταυτί.

966 996 1004 1024 B'.
1032 996 1114 1030 Ἑμοῦ
1128 995 1156 1022 δὲ
1174 996 1228 1023 τῶν
1242 995 1328 1029 ἁγίων
1348 995 1527 1030 προκομίζειν
1545 994 1719 1029 ἐπιχειροῦν-

929 1053 974 1075 τος
987 1044 1037 1075 τὰς
1050 1043 1168 1078 βίὸλους,
1190 1043 1290 1069 ἐκεῖνοι
1316 1042 1384 1076 μηδὲ
1402 1042 1501 1077 μικρὸν
1517 1041 1583 1074 γοῦν
1597 1041 1718 1075 ἀνασχὸ-

931 1098 1007 1124 μενοι
1023 1089 1217 1122 ἐξανέστησαν,
1231 1087 1331 1122 πολλὴν
1345 1087 1411 1122 ἐμοῦ
1423 1088 1603 1122 καταχέοντες
1615 1086 1719 1121 χλεύην

929 1136 976 1161 καὶ
1001 1134 1113 1161 πλεῖστά
1129 1142 1157 1159 τε
1173 1133 1297 1166 λέγοντες
1327 1132 1409 1166 ἕτερα
1425 1134 1472 1159 καὶ
1490 1141 1499 1158 ι
1522 1133 1567 1164 Ὠς
1596 1132 1719 1158 ἀσύνετα

929 1180 994 1215 δρᾷς
1010 1180 1080 1206 κατὰ
1095 1178 1221 1211 σεαυτοῦ,
1241 1179 1391 1213 βασιλικοῖς
1414 1176 1607 1214 ἀντιπράττων
1630 1186 1718 1213 προσ-

930 1226 1078 1259 τάγμασιν,
1098 1224 1139 1260 [Ρ.
1160 1223 1222 1259 716]
1247 1224 1306 1256 ἐξὸν
1338 1224 1448 1251 ἐνδόντα
1476 1224 1563 1259 βραχὺ
1593 1224 1721 1258 μείζονος

930 1271 946 1306 ἢ
964 1270 1036 1296 κατά
1051 1270 1100 1304 τὴν
1116 1271 1181 1304 πρὶν
1205 1261 1356 1297 ἀπολαύειν
1375 1270 1530 1303 εὐμένειαν,
1546 1271 1579 1296 ἐκ
1594 1279 1624 1296 τε
1639 1270 1720 1305 βασι-

930 1317 999 1343 λέων
1017 1319 1062 1343 καὶ
1078 1316 1233 1351 βασιλίδων,
1251 1317 1297 1343 καὶ
1313 1317 1370 1350 ἃμα
1390 1316 1457 1351 πρὸς
1475 1317 1594 1350 πάντων,
1609 1317 1668 1343 δσοι
1688 1325 1720 1343 τε

929 1364 984 1389 τῶν
997 1362 1186 1397 συγκλητικῶν
1198 1362 1244 1388 καὶ
1260 1363 1317 1389 ὅσοι
1331 1363 1385 1388 τῶν
1393 1362 1484 1393 ἄλλως
1500 1362 1615 1397 ἑχόντων
1626 1361 1721 1394 αἰδοῦς

931 1410 979 1436 καὶ
995 1409 1089 1446 τιμῆς.
1119 1409 1175 1434 Καὶ
1201 1409 1250 1444 μὲν
1268 1409 1300 1447 δὴ
1326 1409 1485 1443 κεφάλαιον,
1514 1409 1630 1443 ἔφασαν,
1646 1409 1720 1436 ἔστω

933 1464 973 1481 σοι
991 1454 1070 1481 τοῦτο
1086 1455 1138 1481 τῶν
1154 1455 1252 1489 λόγων,
1268 1455 1305 1486 ὡς
1321 1455 1460 1490 ἐπιμένων
1474 1455 1560 1491 ταύτῃ
1576 1457 1608 1489 τῇ
1634 1455 1718 1489 σκλη-

932 1501 1026 1536 ρᾶτητι
1044 1500 1152 1526 πολλῶν
1177 1500 1226 1535 μὲν
1244 1501 1365 1536 στερήσῃ
1389 1501 1444 1527 τῶν
1466 1501 1588 1534 ἀγαθῶν,
1610 1500 1719 1527 πολλῶν

930 1546 958 1572 δὲ
977 1546 1133 1581 πειραθήσῃ
1149 1546 1204 1572 τῶν
1223 1547 1371 1581 λυπηρῶν·
1387 1547 1435 1572 καὶ
1451 1546 1509 1581 ἅμα
1523 1547 1577 1572 τῶν
1592 1546 1641 1581 μὲν
1661 1546 1718 1572 σῶν

929 1591 1017 1624 λόγων
1031 1592 1089 1618 ὅσοι
1103 1593 1146 1618 ἐπ’
1163 1593 1312 1627 ἐκκλησίας
1322 1593 1356 1630 ’ἐν
1372 1593 1433 1623 ταῖς
1446 1593 1500 1618 τῶν
1515 1592 1600 1626 ἁγίων
1622 1594 1719 1626 ἀναγι-

929 1637 1081 1664 νώσκονται
1105 1638 1240 1674 μνήμαις,
1265 1639 1319 1673 πῦρ
1343 1638 1494 1673 δαπανήσει
1515 1638 1644 1672 πολέμιον
1669 1639 1718 1664 καὶ

929 1683 1068 1709 ἀντίθετον
1084 1682 1211 1715 ἅπαντας
1231 1684 1259 1709 ὲν
1280 1684 1387 1718 βραχεῖ,
1406 1683 1619 1718 προστάττοντος
1641 1683 1718 1718 βασι-

929 1728 997 1760 λέως
1008 1737 1015 1745 ·
1033 1729 1064 1756 σὺ
1076 1729 1098 1756 δ’
1113 1730 1217 1764 ἄταφος
1238 1729 1325 1756 θανὼν
1344 1730 1396 1762 ἔξω
1416 1739 1467 1756 που
1485 1731 1588 1766 ῥιφήσῃ
1604 1730 1655 1765 τῆς
1666 1731 1717 1757 πό-

929 1774 1008 1807 λεως.
1032 1785 1042 1801 ι

968 1864 1004 1892 Γ’.
1027 1865 1097 1900 Ἐγὼ
1113 1866 1134 1892 δ’
1151 1866 1294 1892 ὑπολαϐὼν
1309 1866 1503 1901 Διοκλητιανοῦ
1521 1867 1568 1893 καὶ
1578 1866 1632 1893 τῶν
1642 1867 1716 1894 ὲκεί-

931 1920 975 1938 νου
992 1911 1097 1946 καιρῶν
1123 1912 1242 1946 ἔφασκον
1260 1910 1332 1939 εἶναι
1354 1913 1436 1939 ταυτὶ
1461 1913 1495 1939 τὰ
1515 1914 1643 1948 ῥήματα·
1668 1914 1717 1940 καὶ

931 1958 979 1993 μὴ,
993 1958 1028 1984 τά
1055 1958 1172 1993 μέγιστα
1189 1958 1365 1994 χαριζόμενοι
1385 1959 1439 1984 τῶν
1463 1957 1563 1990 καλῶν,
1590 1960 1714 1993 συγχεῖτε

930 2003 979 2038 τὴν
1001 2004 1083 2038 χάριν
1097 2004 1125 2030 ἐν
1139 2004 1178 2038 τῷ
1204 1998 1253 2039 τῆς
1274 2003 1391 2036 ἀπειλῆς
1416 2004 1548 2038 σχήματι.
1565 2003 1634 2034 Τοὺς
1661 2005 1715 2039 γὰρ

932 2050 1080 2086 μαρτύρων
1096 2051 1158 2084 ἐμοὶ
1181 2051 1331 2084 στεφάνους
1357 2051 1571 2085 ὑπισχνούμενοι
1587 2053 1714 2085 χορηγεῖν

930 2097 1072 2127 κακίστοις
1085 2096 1200 2131 ὀνόμασι
1214 2097 1249 2122 τὰ
1264 2095 1390 2131 βέλτιστα
1406 2097 1509 2123 δοκεῖτε
1526 2097 1636 2131 συγχεῖν
1647 2105 1653 2112 '
1669 2097 1715 2123 καὶ

930 2142 1011 2176 ὑμεῖς
1032 2142 1082 2177 μὲν
1100 2140 1138 2168 ὧν
1171 2142 1299 2176 βασιλεὺς
1325 2143 1431 2175 κύριος,
1448 2142 1584 2169 ἀπειλεῖτε
1596 2150 1603 2156 ·
1621 2142 1677 2175 ἐγὼ
1693 2143 1715 2168 δ’

94 2189 202 2223 quidem
226 2197 257 2216 ea
278 2189 454 2222 minitamini,
473 2197 533 2223 qua:
550 2192 613 2215 sunt
630 2196 712 2223 penes
732 2188 876 2223 imperato-

932 2184 968 2214 ὧν
984 2187 1039 2222 ἐγὼ
1062 2187 1158 2223 κύριος
1178 2188 1227 2214 σύν
1254 2196 1286 2220 γε
1315 2187 1375 2222 Θεῷ
1393 2188 1439 2214 καὶ
1464 2189 1535 2214 πάνυ
1557 2187 1712 2222 φυλάττειν,

96 2243 151 2261 rem
179 2245 186 2261 :
211 2243 259 2270 ego
291 2241 382 2263 autem
411 2236 482 2271 (qua:
512 2236 625 2271 juvante
651 2235 705 2261 Deo
721 2239 880 2262 constanter

96 2289 204 2309 servare
227 2290 310 2316 penes
328 2290 371 2309 me
400 2283 452 2317 est)
475 2282 585 2310 certabo
610 2286 638 2309 et
655 2289 741 2316 usque
756 2281 790 2308 ad
809 2289 880 2308 rnor-

97 2332 149 2354 ti-m
169 2328 258 2358 stabo,
280 2328 382 2354 nemini
409 2329 590 2362 mancipatam
623 2332 740 2354 mentem
768 2335 880 2354 conser-

97 2381 170 2400 vans.
184 2373 249 2400 Nam
277 2373 386 2408 pietatis
406 2374 565 2401 exercendae
581 2381 687 2401 summa
705 2378 745 2401 cst
762 2373 879 2400 necessi-

97 2425 146 2448 tas,
161 2419 233 2446 nulla
245 2424 336 2446 autent
351 2420 459 2446 vivendi
473 2429 479 2446 :
498 2427 547 2454 pro
561 2420 660 2454 pietate
685 2427 794 2454 qttoque
811 2419 878 2445 tnori

97 2470 204 2490 necesse
223 2467 274 2496 est,
291 2472 344 2491 non
365 2466 429 2492 item
446 2465 564 2499 sepeliri.
581 2473 590 2490 ι
610 2464 722 2491 lnterim
748 2464 788 2490 illi
803 2464 879 2490 abie-

96 2514 170 2536 Γιιιιι.

132 2555 172 2582 IV.
186 2555 220 2583 Ut
233 2560 322 2583 autem
341 2556 443 2584 arctius
472 2556 570 2583 iterum
593 2556 758 2588 cuSIodirer,
773 2554 878 2582 feribus

96 2599 275 2626 admoventur
305 2609 384 2633 serie,
400 2597 501 2635 pessuli
527 2601 678 2632 obduntur,
693 2605 721 2627 et
748 2600 877 2627 custodes

98 2643 235 2678 prioribus
263 2646 418 2672 acerbiores
442 2649 629 2680 apponuntur.
644 2645 759 2672 Maxime
786 2649 877 2671 tamen

97 2694 230 2722 optarent,
249 2694 277 2716 ut
290 2691 400 2717 alteram
422 2696 524 2725 partem
539 2697 635 2718 eorum
655 2690 878 2723 comminatiouis

97 2744 217 2770 tuugruo
227 2736 317 2763 derisu
329 2738 455 2772 prosequi
469 2745 562 2765 coram
579 2738 645 2773 ipsis
657 2737 724 2764 mihi
741 2737 875 2769 licuisset,

98 2786 125 2808 et
140 2782 176 2808 ibi
195 2782 359 2809 luenleutius
372 2785 529 2815 ostendere,
545 2788 645 2818 quanta
660 2783 743 2810 interit
760 2791 878 2811 vesano-

99 2834 158 2853 rum
185 2826 325 2866 hominum
344 2830 459 2857 amentia
472 2833 500 2858 et
516 2827 661 2857 stoliditas.
675 2829 714 2856 llli
731 2832 834 2861 autem,
848 2834 878 2856 ut

932 2232 1102 2266 ἀγωνιοῦμαι
1130 2233 1177 2258 καὶ
1195 2232 1275 2268 μέχρι
1292 2232 1408 2270 θανάτου
1428 2233 1573 2266 στήσομαι,
1596 2232 1627 2257 τὸ
1651 2232 1716 2266 e96-

931 2286 1006 2312 νημα
1022 2278 1114 2313 τηρῶν
1128 2278 1289 2305 ἀδούλωτον.
1304 2278 1436 2304 Εὗσεὸεἰν
1450 2277 1501 2311 μὲν
1515 2278 1569 2312 γὰρ
1595 2278 1714 2311 ἀνάγκη,

931 2324 980 2358 ζῇν
997 2324 1019 2351 δ’
1037 2325 1086 2351 οὐκ
1112 2325 1219 2359 ἀνάγκη
1232 2332 1239 2338 ·
1261 2325 1309 2351 καὶ
1328 2324 1457 2358 θνήσκειν
1482 2325 1531 2358 μὲν
1546 2323 1617 2358 ὑπὲρ
1637 2324 1715 2349 eoas-

932 2370 1006 2401 ϐείας
1018 2371 1136 2405 ἀνάγκη,
1150 2370 1301 2398 οάπτεσοαι
1316 2370 1338 2396 δ’
1354 2370 1404 2396 οὐκ
1427 2370 1461 2397 ἂν
1478 2371 1596 2404 ἀνάγκη.
1617 2370 1715 2396 Κάκξί-

931 2424 971 2441 νοι
992 2415 1039 2450 μὲν
1053 2417 1082 2442 ἐν
1095 2416 1200 2446 τούτοις
1216 2415 1350 2451 ἀπῄεσαν.

965 2550 1001 2577 ΔΤ.
1026 2548 1103 2582 Ἐμοὶ
1129 2547 1157 2573 δὲ
1185 2546 1267 2574 πάλιν
1293 2545 1405 2580 κλεῖθρα
1429 2547 1478 2572 καὶ
1507 2546 1602 2581 μοχλοὶ
1620 2546 1715 2581 ’θυρῶν

932 2596 1074 2630 ἐπήγοντο,
1092 2594 1139 2621 καὶ
1158 2594 1213 2620 τῶν
1235 2593 1378 2628 προτέρων
1403 2593 1562 2628 πικρότεροι
1583 2593 1714 2626 φύλακες,

932 2643 1027 2669 Καίτοι
1043 2651 1075 2676 γε
1102 2641 1252 2677 ἐϐουλόμην
1268 2642 1294 2675 γ’
1310 2641 1343 2668 ἂν
1363 2642 1406 2668 ἐπ’
1429 2640 1519 2667 αὐτῶν
1534 2641 1582 2667 καὶ
1602 2641 1715 2676 Θάτερον

931 2689 1013 2724 μέρος
1029 2689 1079 2723 τῆς
1096 2689 1172 2722 σφῶν
1186 2688 1302 2722 ἀπειλῆς
1320 2689 1354 2724 τῇ
1371 2687 1548 2724 προσηκούσῃ
1566 2689 1714 2723 παραπέμ-

929 2735 977 2769 ψαι
994 2734 1087 2771 χλεύῃ,
1104 2735 1151 2761 καὶ
1164 2734 1252 2767 δεῖξαι
1271 2734 1410 2760 κάνταῦθα
1432 2727 1638 2769 δαψιλέστερον,
1654 2735 1716 2761 ὅσον

929 2782 979 2816 τῆς
990 2782 1120 2813 ἀπονοίας
1134 2781 1164 2808 τὸ
1181 2781 1309 2815 ἄγνωμον
1328 2789 1357 2807 τε
1383 2781 1430 2808 καὶ
1447 2780 1556 2816 εὔηθες.
1573 2781 1605 2807 οἱ
1621 2781 1661 2812 δὲ,
1682 2781 1716 2812 ὡς

929 2829 1013 2861 ἔοικε,
1030 2829 1077 2859 τὴν
1090 2827 1194 2855 ἑαυτῶν
1212 2828 1290 2855 αὐτοὶ
1307 2829 1489 2857 καταγνόντες
1507 2827 1651 2856 αίσγύνην.
1666 2837 1717 2854 κω-
