  <div class='ocr_page' id='page_1' title='image "/cluster/home/n/w/nwhite01/storage/ocr_20150623/148/njp.32101077773164/810.png"; bbox 0 0 1907 3074; ppageno 0'>
   <div class='ocr_carea' id='block_1_1' title="bbox 216 126 285 162">
    <p class='ocr_par' dir='ltr' id='par_1_1' title="bbox 216 126 285 162">
     <span class='ocr_line' id='line_1_1' title="bbox 216 126 285 162; baseline -0.014 -4"><span class='ocrx_word' id='word_1_1' title='bbox 216 126 285 162; x_wconf 71' lang='lat' dir='ltr'><strong>M31</strong></span> 
     </span>
    </p>
   </div>
   <div class='ocr_carea' id='block_1_2' title="bbox 682 119 1318 151">
    <p class='ocr_par' dir='ltr' id='par_1_2' title="bbox 682 119 1318 151">
     <span class='ocr_line' id='line_1_2' title="bbox 682 119 1318 151; baseline 0.002 -1"><span class='ocrx_word' id='word_1_2' title='bbox 682 120 904 151; x_wconf 69' lang='lat' dir='ltr'><strong>BYZANTINJE</strong></span> <span class='ocrx_word' id='word_1_3' title='bbox 918 119 1108 149; x_wconf 62' lang='lat' dir='ltr'><strong>HISTORIE</strong></span> <span class='ocrx_word' id='word_1_4' title='bbox 1122 119 1193 150; x_wconf 89' lang='lat' dir='ltr'><strong>LIB,</strong></span> <span class='ocrx_word' id='word_1_5' title='bbox 1212 120 1318 151; x_wconf 78' lang='lat' dir='ltr'><strong>XXIV.</strong></span> 
     </span>
    </p>
   </div>
   <div class='ocr_carea' id='block_1_3' title="bbox 1768 119 1834 150">
    <p class='ocr_par' dir='ltr' id='par_1_3' title="bbox 1768 119 1834 150">
     <span class='ocr_line' id='line_1_3' title="bbox 1768 119 1834 150; baseline -0.015 0"><span class='ocrx_word' id='word_1_6' title='bbox 1768 119 1834 150; x_wconf 69' lang='lat'><strong>143$</strong></span> 
     </span>
    </p>
   </div>
   <div class='ocr_carea' id='block_1_4' title="bbox 211 176 996 216">
    <p class='ocr_par' dir='ltr' id='par_1_4' title="bbox 211 176 996 216">
     <span class='ocr_line' id='line_1_4' title="bbox 211 176 996 216; baseline -0.008 -7"><span class='ocrx_word' id='word_1_7' title='bbox 211 182 258 216; x_wconf 63' lang='grc' dir='ltr'><strong>φοι</strong></span> <span class='ocrx_word' id='word_1_8' title='bbox 271 183 327 213; x_wconf 82' lang='grc' dir='ltr'>τοῖς</span> <span class='ocrx_word' id='word_1_9' title='bbox 342 181 555 216; x_wconf 76' lang='grc' dir='ltr'><strong>λεχθησομένοις</strong></span> <span class='ocrx_word' id='word_1_10' title='bbox 569 179 696 210; x_wconf 78' lang='grc' dir='ltr'><strong>ἀπιόντες</strong></span> <span class='ocrx_word' id='word_1_11' title='bbox 712 178 823 213; x_wconf 75' lang='grc' dir='ltr'>ᾤχοντο.</span> <span class='ocrx_word' id='word_1_12' title='bbox 846 176 923 204; x_wconf 72' lang='grc' dir='ltr'>Εἶναι</span> <span class='ocrx_word' id='word_1_13' title='bbox 941 177 996 212; x_wconf 82' lang='grc' dir='ltr'>γὰρ</span> 
     </span>
    </p>
   </div>
   <div class='ocr_carea' id='block_1_5' title="bbox 1048 176 1830 216">
    <p class='ocr_par' dir='ltr' id='par_1_5' title="bbox 1049 177 1830 212">
     <span class='ocr_line' id='line_1_5' title="bbox 1049 177 1830 212; baseline 0.004 -10"><span class='ocrx_word' id='word_1_14' title='bbox 1049 177 1167 209; x_wconf 84' lang='lat' dir='ltr'><strong>videtur,</strong></span> <span class='ocrx_word' id='word_1_15' title='bbox 1179 182 1324 212; x_wconf 86' lang='lat' dir='ltr'><strong>perspecta</strong></span> <span class='ocrx_word' id='word_1_16' title='bbox 1355 184 1403 204; x_wconf 86' lang='lat' dir='ltr'><strong>sua</strong></span> <span class='ocrx_word' id='word_1_17' title='bbox 1422 177 1544 212; x_wconf 84' lang='lat' dir='ltr'><strong>ipsorum</strong></span> <span class='ocrx_word' id='word_1_18' title='bbox 1565 177 1830 212; x_wconf 78' lang='lat' dir='ltr'><strong>ignotninia,obsur-</strong></span> 
     </span>
    </p>
   </div>
   <div class='ocr_carea' id='block_1_6' title="bbox 212 224 994 263">
    <p class='ocr_par' dir='ltr' id='par_1_6' title="bbox 212 224 994 263">
     <span class='ocr_line' id='line_1_6' title="bbox 212 224 994 263; baseline -0.008 -8"><span class='ocrx_word' id='word_1_19' title='bbox 212 229 385 263; x_wconf 77' lang='grc' dir='ltr'>Παλαμίταις</span> <span class='ocrx_word' id='word_1_20' title='bbox 399 227 429 254; x_wconf 82' lang='grc' dir='ltr'>τὸ</span> <span class='ocrx_word' id='word_1_21' title='bbox 445 226 664 260; x_wconf 84' lang='grc' dir='ltr'>σκοπιμώτατον,</span> <span class='ocrx_word' id='word_1_22' title='bbox 689 225 793 251; x_wconf 80' lang='grc' dir='ltr'>παῦσαι</span> <span class='ocrx_word' id='word_1_23' title='bbox 809 224 858 259; x_wconf 81' lang='grc' dir='ltr'>μὲν</span> <span class='ocrx_word' id='word_1_24' title='bbox 871 224 918 255; x_wconf 77' lang='grc' dir='ltr'><strong>τὰς</strong></span> <span class='ocrx_word' id='word_1_25' title='bbox 935 224 994 258; x_wconf 72' lang='grc' dir='ltr'>ἐορ-</span> 
     </span>
    </p>
   </div>
   <div class='ocr_carea' id='block_1_7' title="bbox 209 268 996 305">
    <p class='ocr_par' dir='ltr' id='par_1_7' title="bbox 209 268 996 305">
     <span class='ocr_line' id='line_1_7' title="bbox 209 268 996 305; baseline -0.005 -7"><span class='ocrx_word' id='word_1_26' title='bbox 209 272 259 302; x_wconf 78' lang='grc' dir='ltr'>τὰς</span> <span class='ocrx_word' id='word_1_27' title='bbox 272 272 318 298; x_wconf 84' lang='grc' dir='ltr'>τοῦ</span> <span class='ocrx_word' id='word_1_28' title='bbox 343 271 423 303; x_wconf 84' lang='grc' dir='ltr'><strong>Θεοῦ,</strong></span> <span class='ocrx_word' id='word_1_29' title='bbox 449 271 499 305; x_wconf 77' lang='grc' dir='ltr'>τὴν</span> <span class='ocrx_word' id='word_1_30' title='bbox 524 270 658 305; x_wconf 74' lang='grc' dir='ltr'>Ενσαρκον</span> <span class='ocrx_word' id='word_1_31' title='bbox 676 269 833 304; x_wconf 77' lang='grc' dir='ltr'>οἰκονομίαν</span> <span class='ocrx_word' id='word_1_32' title='bbox 860 268 996 303; x_wconf 77' lang='grc' dir='ltr'><strong>μηδαμῶς</strong></span> 
     </span>
    </p>
   </div>
   <div class='ocr_carea' id='block_1_8' title="bbox 210 314 995 351">
    <p class='ocr_par' dir='ltr' id='par_1_8' title="bbox 210 314 995 351">
     <span class='ocr_line' id='line_1_8' title="bbox 210 314 995 351; baseline -0.005 -8"><span class='ocrx_word' id='word_1_33' title='bbox 210 316 293 343; x_wconf 81' lang='grc' dir='ltr'>αὑτοῦ</span> <span class='ocrx_word' id='word_1_34' title='bbox 317 317 526 351; x_wconf 48' lang='grc' dir='ltr'>προσιεμένοις</span> <span class='ocrx_word' id='word_1_35' title='bbox 547 315 649 342; x_wconf 74' lang='grc' dir='ltr'>παῦσαι</span> <span class='ocrx_word' id='word_1_36' title='bbox 666 315 695 341; x_wconf 82' lang='grc' dir='ltr'>δὲ</span> <span class='ocrx_word' id='word_1_37' title='bbox 722 315 768 341; x_wconf 54' lang='grc' dir='ltr'><strong>καὶ¹</strong></span> <span class='ocrx_word' id='word_1_38' title='bbox 791 314 911 349; x_wconf 73' lang='grc' dir='ltr'>τοῦνομα</span> <span class='ocrx_word' id='word_1_39' title='bbox 939 315 995 346; x_wconf 83' lang='grc' dir='ltr'>τοῖς</span> 
     </span>
    </p>
   </div>
   <div class='ocr_carea' id='block_1_9' title="bbox 208 361 996 397">
    <p class='ocr_par' dir='ltr' id='par_1_9' title="bbox 208 361 996 397">
     <span class='ocr_line' id='line_1_9' title="bbox 208 361 996 397; baseline -0.003 -9"><span class='ocrx_word' id='word_1_40' title='bbox 208 362 298 396; x_wconf 78' lang='grc' dir='ltr'>λόγοις</span> <span class='ocrx_word' id='word_1_41' title='bbox 317 362 422 394; x_wconf 78' lang='grc' dir='ltr'>τούτοις</span> <span class='ocrx_word' id='word_1_42' title='bbox 435 362 535 397; x_wconf 74' lang='grc' dir='ltr'>τοὺμδν</span> <span class='ocrx_word' id='word_1_43' title='bbox 553 362 622 396; x_wconf 81' lang='grc' dir='ltr'>μετᾶ</span> <span class='ocrx_word' id='word_1_44' title='bbox 642 362 691 396; x_wconf 79' lang='grc' dir='ltr'>τῆς</span> <span class='ocrx_word' id='word_1_45' title='bbox 713 361 782 395; x_wconf 76' lang='grc' dir='ltr'>ἐμῆς</span> <span class='ocrx_word' id='word_1_46' title='bbox 796 361 996 395; x_wconf 71' lang='grc' dir='ltr'><strong>ἐμφαινόμενον</strong></span> 
     </span>
    </p>
   </div>
   <div class='ocr_carea' id='block_1_10' title="bbox 209 404 995 441">
    <p class='ocr_par' dir='ltr' id='par_1_10' title="bbox 209 404 995 441">
     <span class='ocr_line' id='line_1_10' title="bbox 209 404 995 441; baseline -0.004 -6"><span class='ocrx_word' id='word_1_47' title='bbox 209 404 359 439; x_wconf 75' lang='grc' dir='ltr'>εὐσεῦείας.</span> <span class='ocrx_word' id='word_1_48' title='bbox 376 408 407 434; x_wconf 79' lang='lat' dir='ltr'><strong>El</strong></span> <span class='ocrx_word' id='word_1_49' title='bbox 435 406 481 435; x_wconf 77' lang='grc' dir='ltr'><strong>οὖν</strong></span> <span class='ocrx_word' id='word_1_50' title='bbox 498 407 577 434; x_wconf 80' lang='grc' dir='ltr'>τοῦτο</span> <span class='ocrx_word' id='word_1_51' title='bbox 599 406 681 441; x_wconf 64' lang='grc' dir='ltr'>διδοίη</span> <span class='ocrx_word' id='word_1_52' title='bbox 703 415 755 438; x_wconf 79' lang='grc' dir='ltr'>τις.</span> <span class='ocrx_word' id='word_1_53' title='bbox 775 407 826 432; x_wconf 67' lang='grc' dir='ltr'>οὐκ</span> <span class='ocrx_word' id='word_1_54' title='bbox 851 407 884 433; x_wconf 84' lang='grc' dir='ltr'>ἂν</span> <span class='ocrx_word' id='word_1_55' title='bbox 901 406 995 440; x_wconf 80' lang='grc' dir='ltr'>φθάνοι</span> 
     </span>
    </p>
   </div>
   <div class='ocr_carea' id='block_1_11' title="bbox 209 452 995 486">
    <p class='ocr_par' dir='ltr' id='par_1_11' title="bbox 209 452 995 486">
     <span class='ocr_line' id='line_1_11' title="bbox 209 452 995 486; baseline -0.004 -5"><span class='ocrx_word' id='word_1_56' title='bbox 209 455 258 486; x_wconf 73' lang='grc' dir='ltr'><strong>τὰς</strong></span> <span class='ocrx_word' id='word_1_57' title='bbox 283 454 407 485; x_wconf 79' lang='grc' dir='ltr'>Μωσέως</span> <span class='ocrx_word' id='word_1_58' title='bbox 430 454 477 481; x_wconf 67' lang='grc' dir='ltr'>καὶ</span> <span class='ocrx_word' id='word_1_59' title='bbox 496 453 578 480; x_wconf 70' lang='grc' dir='ltr'>Δασὶδ</span> <span class='ocrx_word' id='word_1_60' title='bbox 601 453 648 479; x_wconf 66' lang='grc' dir='ltr'><strong>καὶ</strong></span> <span class='ocrx_word' id='word_1_61' title='bbox 664 453 755 484; x_wconf 78' lang='grc' dir='ltr'>πάσας</span> <span class='ocrx_word' id='word_1_62' title='bbox 772 452 920 483; x_wconf 74' lang='grc' dir='ltr'>Ἰουδαϊκὰς</span> <span class='ocrx_word' id='word_1_63' title='bbox 935 452 995 478; x_wconf 89' lang='grc' dir='ltr'>δια-</span> 
     </span>
    </p>
   </div>
   <div class='ocr_carea' id='block_1_12' title="bbox 210 495 995 532">
    <p class='ocr_par' dir='ltr' id='par_1_12' title="bbox 210 495 995 532">
     <span class='ocr_line' id='line_1_12' title="bbox 210 495 995 532; baseline -0.003 -8"><span class='ocrx_word' id='word_1_64' title='bbox 210 498 324 532; x_wconf 65' lang='grc' dir='ltr'>γράφων</span> <span class='ocrx_word' id='word_1_65' title='bbox 350 497 467 532; x_wconf 77' lang='grc' dir='ltr'>βίϐλους,</span> <span class='ocrx_word' id='word_1_66' title='bbox 491 496 538 523; x_wconf 73' lang='grc' dir='ltr'>ἅτε</span> <span class='ocrx_word' id='word_1_67' title='bbox 559 497 667 532; x_wconf 80' lang='grc' dir='ltr'>χρόνοις</span> <span class='ocrx_word' id='word_1_68' title='bbox 693 496 805 530; x_wconf 83' lang='grc' dir='ltr'>ὕστερον</span> <span class='ocrx_word' id='word_1_69' title='bbox 822 495 995 530; x_wconf 81' lang='grc' dir='ltr'>ὲκκηρύκτου</span> 
     </span>
    </p>
   </div>
   <div class='ocr_carea' id='block_1_13' title="bbox 211 541 995 576">
    <p class='ocr_par' dir='ltr' id='par_1_13' title="bbox 211 541 995 576">
     <span class='ocr_line' id='line_1_13' title="bbox 211 541 995 576; baseline -0.003 -7"><span class='ocrx_word' id='word_1_70' title='bbox 211 544 395 574; x_wconf 69' lang='grc' dir='ltr'><strong>καταστάντος</strong></span> <span class='ocrx_word' id='word_1_71' title='bbox 423 542 471 569; x_wconf 78' lang='grc' dir='ltr'>τοῦ</span> <span class='ocrx_word' id='word_1_72' title='bbox 491 543 626 569; x_wconf 73' lang='grc' dir='ltr'>Ἰουδαίων</span> <span class='ocrx_word' id='word_1_73' title='bbox 650 542 745 573; x_wconf 69' lang='grc' dir='ltr'>ἔθνους</span> <span class='ocrx_word' id='word_1_74' title='bbox 769 542 846 576; x_wconf 82' lang='grc' dir='ltr'>ἡμῖν.</span> <span class='ocrx_word' id='word_1_75' title='bbox 874 541 926 567; x_wconf 86' lang='grc' dir='ltr'>Καί</span> <span class='ocrx_word' id='word_1_76' title='bbox 950 549 995 576; x_wconf 86' lang='grc' dir='ltr'><strong>μοι</strong></span> 
     </span>
    </p>
   </div>
   <div class='ocr_carea' id='block_1_14' title="bbox 211 587 995 624">
    <p class='ocr_par' dir='ltr' id='par_1_14' title="bbox 211 587 995 624">
     <span class='ocr_line' id='line_1_14' title="bbox 211 587 995 624; baseline -0.003 -9"><span class='ocrx_word' id='word_1_77' title='bbox 211 590 362 623; x_wconf 68' lang='grc' dir='ltr'>θαυμάζειν</span> <span class='ocrx_word' id='word_1_78' title='bbox 374 589 509 624; x_wconf 80' lang='grc' dir='ltr'>περίεστι.</span> <span class='ocrx_word' id='word_1_79' title='bbox 526 588 583 618; x_wconf 82' lang='grc' dir='ltr'>πῶς</span> <span class='ocrx_word' id='word_1_80' title='bbox 597 587 744 622; x_wconf 81' lang='grc' dir='ltr'>Νεστόριον</span> <span class='ocrx_word' id='word_1_81' title='bbox 759 588 808 622; x_wconf 73' lang='grc' dir='ltr'>μὲν</span> <span class='ocrx_word' id='word_1_82' title='bbox 824 588 869 614; x_wconf 75' lang='grc' dir='ltr'>καὶ</span> <span class='ocrx_word' id='word_1_83' title='bbox 888 587 995 614; x_wconf 86' lang='grc' dir='ltr'>Είκονο-</span> 
     </span>
    </p>
   </div>
   <div class='ocr_carea' id='block_1_15' title="bbox 212 631 995 670">
    <p class='ocr_par' dir='ltr' id='par_1_15' title="bbox 212 631 995 670">
     <span class='ocr_line' id='line_1_15' title="bbox 212 631 995 670; baseline -0.004 -8"><span class='ocrx_word' id='word_1_84' title='bbox 212 635 314 670; x_wconf 77' lang='grc' dir='ltr'>μάχους</span> <span class='ocrx_word' id='word_1_85' title='bbox 332 636 415 662; x_wconf 71' lang='grc' dir='ltr'>τᾶλλα</span> <span class='ocrx_word' id='word_1_86' title='bbox 430 634 559 670; x_wconf 68' lang='grc' dir='ltr'>ζηλοῦσιν</span> <span class='ocrx_word' id='word_1_87' title='bbox 573 635 676 666; x_wconf 73' lang='grc' dir='ltr'>αὐτοῖς,</span> <span class='ocrx_word' id='word_1_88' title='bbox 729 634 846 668; x_wconf 62' lang='grc' dir='ltr'>μάλιστά</span> <span class='ocrx_word' id='word_1_89' title='bbox 865 642 896 667; x_wconf 83' lang='grc' dir='ltr'><strong>γε</strong></span> <span class='ocrx_word' id='word_1_90' title='bbox 912 634 995 668; x_wconf 76' lang='grc' dir='ltr'>ἐχρῆν</span> 
     </span>
    </p>
   </div>
   <div class='ocr_carea' id='block_1_16' title="bbox 210 681 1005 719">
    <p class='ocr_par' dir='ltr' id='par_1_16' title="bbox 210 681 1005 719">
     <span class='ocr_line' id='line_1_16' title="bbox 210 681 1005 719; baseline -0.003 -10"><span class='ocrx_word' id='word_1_91' title='bbox 210 683 335 709; x_wconf 70' lang='grc' dir='ltr'>ὁπωσοῦν</span> <span class='ocrx_word' id='word_1_92' title='bbox 354 683 476 717; x_wconf 75' lang='grc' dir='ltr'>ἐχομένῳ</span> <span class='ocrx_word' id='word_1_93' title='bbox 494 681 634 716; x_wconf 76' lang='grc' dir='ltr'>φιλαυτία,</span> <span class='ocrx_word' id='word_1_94' title='bbox 650 682 679 707; x_wconf 80' lang='grc' dir='ltr'>ὲν</span> <span class='ocrx_word' id='word_1_95' title='bbox 699 681 787 716; x_wconf 85' lang='grc' dir='ltr'>τούτῳ</span> <span class='ocrx_word' id='word_1_96' title='bbox 808 681 926 715; x_wconf 75' lang='grc' dir='ltr'>μάλιστα</span> <span class='ocrx_word' id='word_1_97' title='bbox 948 681 1005 719; x_wconf 47' lang='grc' dir='ltr'><strong>ζηέ</strong></span> 
     </span>
    </p>
   </div>
   <div class='ocr_carea' id='block_1_17' title="bbox 210 721 994 762">
    <p class='ocr_par' dir='ltr' id='par_1_17' title="bbox 210 721 994 762">
     <span class='ocr_line' id='line_1_17' title="bbox 210 721 994 762; baseline -0.001 -8"><span class='ocrx_word' id='word_1_98' title='bbox 210 724 325 754; x_wconf 70' lang='grc' dir='ltr'>λοῦνόὺ</span> <span class='ocrx_word' id='word_1_99' title='bbox 346 728 494 762; x_wconf 77' lang='grc' dir='ltr'>γεγένηται</span> <span class='ocrx_word' id='word_1_100' title='bbox 518 728 575 754; x_wconf 78' lang='grc' dir='ltr'>νῦν.</span> <span class='ocrx_word' id='word_1_101' title='bbox 595 727 652 762; x_wconf 80' lang='grc' dir='ltr'><strong>Τὴν</strong></span> <span class='ocrx_word' id='word_1_102' title='bbox 675 727 728 762; x_wconf 80' lang='grc' dir='ltr'><strong>γὰρ</strong></span> <span class='ocrx_word' id='word_1_103' title='bbox 753 727 798 753; x_wconf 77' lang='grc' dir='ltr'>τοῦ</span> <span class='ocrx_word' id='word_1_104' title='bbox 822 721 887 753; x_wconf 72' lang='grc' dir='ltr'>Θεοῦ</span> <span class='ocrx_word' id='word_1_105' title='bbox 914 726 994 761; x_wconf 90' lang='grc' dir='ltr'>λόγου</span> 
     </span>
    </p>
   </div>
   <div class='ocr_carea' id='block_1_18' title="bbox 211 772 995 808">
    <p class='ocr_par' dir='ltr' id='par_1_18' title="bbox 211 772 995 808">
     <span class='ocr_line' id='line_1_18' title="bbox 211 772 995 808; baseline 0 -9"><span class='ocrx_word' id='word_1_106' title='bbox 211 774 374 808; x_wconf 74' lang='grc' dir='ltr'>συγχέοντες</span> <span class='ocrx_word' id='word_1_107' title='bbox 388 773 597 808; x_wconf 64' lang='grc' dir='ltr'>ἑνανθρώπησιν</span> <span class='ocrx_word' id='word_1_108' title='bbox 613 773 723 803; x_wconf 74' lang='grc' dir='ltr'>ἐκεῖνοι,</span> <span class='ocrx_word' id='word_1_109' title='bbox 739 772 788 799; x_wconf 65' lang='grc' dir='ltr'><strong>καὶ⁹</strong></span> <span class='ocrx_word' id='word_1_110' title='bbox 811 772 860 803; x_wconf 86' lang='grc' dir='ltr'><strong>τὰς</strong></span> <span class='ocrx_word' id='word_1_111' title='bbox 877 772 951 804; x_wconf 80' lang='grc' dir='ltr'>θείας</span> <span class='ocrx_word' id='word_1_112' title='bbox 963 774 995 799; x_wconf 70' lang='grc' dir='ltr'>ἐκ</span> 
     </span>
    </p>
   </div>
   <div class='ocr_carea' id='block_1_19' title="bbox 213 817 994 854">
    <p class='ocr_par' dir='ltr' id='par_1_19' title="bbox 213 817 994 854">
     <span class='ocr_line' id='line_1_19' title="bbox 213 817 994 854; baseline -0.003 -9"><span class='ocrx_word' id='word_1_113' title='bbox 213 820 296 854; x_wconf 81' lang='grc' dir='ltr'>μέσου</span> <span class='ocrx_word' id='word_1_114' title='bbox 313 818 453 849; x_wconf 82' lang='grc' dir='ltr'>ποιοῦντες</span> <span class='ocrx_word' id='word_1_115' title='bbox 471 819 588 849; x_wconf 83' lang='grc' dir='ltr'><strong>εἰκόνας,</strong></span> <span class='ocrx_word' id='word_1_116' title='bbox 607 819 656 844; x_wconf 82' lang='grc' dir='ltr'>ὅσα</span> <span class='ocrx_word' id='word_1_117' title='bbox 675 817 841 852; x_wconf 71' lang='grc' dir='ltr'>μουσουργοὶ</span> <span class='ocrx_word' id='word_1_118' title='bbox 857 818 904 844; x_wconf 81' lang='grc' dir='ltr'>καὶ</span> <span class='ocrx_word' id='word_1_119' title='bbox 918 818 994 851; x_wconf 85' lang='grc' dir='ltr'>λογο-</span> 
     </span>
    </p>
   </div>
   <div class='ocr_carea' id='block_1_20' title="bbox 1047 223 1831 254">
    <p class='ocr_par' dir='ltr' id='par_1_20' title="bbox 1047 223 1831 254">
     <span class='ocr_line' id='line_1_20' title="bbox 1047 223 1831 254; baseline 0.003 -5"><span class='ocrx_word' id='word_1_120' title='bbox 1047 225 1166 250; x_wconf 82' lang='lat' dir='ltr'><strong>duerunt</strong></span> <span class='ocrx_word' id='word_1_121' title='bbox 1196 224 1229 250; x_wconf 89' lang='lat' dir='ltr'><strong>ad</strong></span> <span class='ocrx_word' id='word_1_122' title='bbox 1254 231 1297 250; x_wconf 87' lang='lat' dir='ltr'><strong>res</strong></span> <span class='ocrx_word' id='word_1_123' title='bbox 1323 223 1464 254; x_wconf 80' lang='lat' dir='ltr'><strong>dicendas.</strong></span> <span class='ocrx_word' id='word_1_124' title='bbox 1481 227 1510 250; x_wconf 89' lang='lat' dir='ltr'><strong>et</strong></span> <span class='ocrx_word' id='word_1_125' title='bbox 1533 223 1730 250; x_wconf 84' lang='lat' dir='ltr'><strong>discesserunt.</strong></span> <span class='ocrx_word' id='word_1_126' title='bbox 1754 223 1831 251; x_wconf 86' lang='lat' dir='ltr'><strong>Hum:</strong></span> 
     </span>
    </p>
   </div>
   <div class='ocr_carea' id='block_1_21' title="bbox 1047 268 1833 303">
    <p class='ocr_par' dir='ltr' id='par_1_21' title="bbox 1047 268 1833 303">
     <span class='ocr_line' id='line_1_21' title="bbox 1047 268 1833 303; baseline -0.001 -7"><span class='ocrx_word' id='word_1_127' title='bbox 1047 269 1120 296; x_wconf 84' lang='lat' dir='ltr'><strong>enim</strong></span> <span class='ocrx_word' id='word_1_128' title='bbox 1138 268 1188 295; x_wconf 89' lang='lat' dir='ltr'><strong>sibi</strong></span> <span class='ocrx_word' id='word_1_129' title='bbox 1205 269 1371 303; x_wconf 64' lang='lat' dir='ltr'><strong>prtecipuum</strong></span> <span class='ocrx_word' id='word_1_130' title='bbox 1387 268 1526 295; x_wconf 79' lang='lat' dir='ltr'><strong>Palamitae</strong></span> <span class='ocrx_word' id='word_1_131' title='bbox 1539 276 1653 302; x_wconf 79' lang='lat' dir='ltr'><strong>scopum</strong></span> <span class='ocrx_word' id='word_1_132' title='bbox 1664 275 1833 303; x_wconf 84' lang='lat' dir='ltr'><strong>proponunt,</strong></span> 
     </span>
    </p>
   </div>
   <div class='ocr_carea' id='block_1_22' title="bbox 1047 314 1832 348">
    <p class='ocr_par' dir='ltr' id='par_1_22' title="bbox 1047 314 1832 348">
     <span class='ocr_line' id='line_1_22' title="bbox 1047 314 1832 348; baseline -0.001 -7"><span class='ocrx_word' id='word_1_133' title='bbox 1047 320 1077 341; x_wconf 85' lang='grc' dir='ltr'><strong>ιιι</strong></span> <span class='ocrx_word' id='word_1_134' title='bbox 1094 319 1154 341; x_wconf 86' lang='lat' dir='ltr'><strong>tum</strong></span> <span class='ocrx_word' id='word_1_135' title='bbox 1178 322 1275 341; x_wconf 89' lang='lat' dir='ltr'><strong>omnes</strong></span> <span class='ocrx_word' id='word_1_136' title='bbox 1301 314 1347 342; x_wconf 86' lang='lat' dir='ltr'><strong>Dei</strong></span> <span class='ocrx_word' id='word_1_137' title='bbox 1366 315 1451 342; x_wconf 85' lang='lat' dir='ltr'><strong>festos</strong></span> <span class='ocrx_word' id='word_1_138' title='bbox 1475 315 1534 341; x_wconf 84' lang='lat' dir='ltr'><strong>dies</strong></span> <span class='ocrx_word' id='word_1_139' title='bbox 1552 315 1832 348; x_wconf 79' lang='lat' dir='ltr'><strong>aboleant(quoniam</strong></span> 
     </span>
    </p>
   </div>
   <div class='ocr_carea' id='block_1_23' title="bbox 1047 360 1824 395">
    <p class='ocr_par' dir='ltr' id='par_1_23' title="bbox 1047 360 1824 395">
     <span class='ocr_line' id='line_1_23' title="bbox 1047 360 1824 395; baseline 0 -9"><span class='ocrx_word' id='word_1_140' title='bbox 1047 360 1245 387; x_wconf 76' lang='lat' dir='ltr'><strong>incarnationis</strong></span> <span class='ocrx_word' id='word_1_141' title='bbox 1269 361 1329 395; x_wconf 84' lang='lat' dir='ltr'><strong>ejus</strong></span> <span class='ocrx_word' id='word_1_142' title='bbox 1356 360 1518 395; x_wconf 71' lang='lat' dir='ltr'><strong>mysterium</strong></span> <span class='ocrx_word' id='word_1_143' title='bbox 1545 361 1703 387; x_wconf 71' lang='lat' dir='ltr'><strong>nullatenus</strong></span> <span class='ocrx_word' id='word_1_144' title='bbox 1731 360 1824 387; x_wconf 85' lang='lat' dir='ltr'><strong>admit-</strong></span> 
     </span>
    </p>
   </div>
   <div class='ocr_carea' id='block_1_24' title="bbox 1047 403 1833 438">
    <p class='ocr_par' dir='ltr' id='par_1_24' title="bbox 1047 403 1833 438">
     <span class='ocr_line' id='line_1_24' title="bbox 1047 403 1833 438; baseline 0 -8"><span class='ocrx_word' id='word_1_145' title='bbox 1047 403 1130 437; x_wconf 84' lang='lat' dir='ltr'><strong>tunt),</strong></span> <span class='ocrx_word' id='word_1_146' title='bbox 1157 408 1214 430; x_wconf 89' lang='lat' dir='ltr'><strong>tum</strong></span> <span class='ocrx_word' id='word_1_147' title='bbox 1237 405 1320 431; x_wconf 82' lang='lat' dir='ltr'><strong>etiam</strong></span> <span class='ocrx_word' id='word_1_148' title='bbox 1356 404 1518 438; x_wconf 89' lang='lat' dir='ltr'><strong>impediant,</strong></span> <span class='ocrx_word' id='word_1_149' title='bbox 1534 411 1568 431; x_wconf 91' lang='lat' dir='ltr'><strong>ne</strong></span> <span class='ocrx_word' id='word_1_150' title='bbox 1593 404 1710 438; x_wconf 78' lang='lat' dir='ltr'><strong>amplius</strong></span> <span class='ocrx_word' id='word_1_151' title='bbox 1730 405 1758 430; x_wconf 91' lang='lat' dir='ltr'><strong>in</strong></span> <span class='ocrx_word' id='word_1_152' title='bbox 1773 404 1833 432; x_wconf 79' lang='lat' dir='ltr'><strong>istis</strong></span> 
     </span>
    </p>
   </div>
   <div class='ocr_carea' id='block_1_25' title="bbox 1046 449 1832 477">
    <p class='ocr_par' dir='ltr' id='par_1_25' title="bbox 1046 449 1832 477">
     <span class='ocr_line' id='line_1_25' title="bbox 1046 449 1832 477; baseline 0 -1"><span class='ocrx_word' id='word_1_153' title='bbox 1046 449 1167 477; x_wconf 84' lang='lat' dir='ltr'><strong>homiliis</strong></span> <span class='ocrx_word' id='word_1_154' title='bbox 1187 457 1219 476; x_wconf 84' lang='lat' dir='ltr'><strong>ac</strong></span> <span class='ocrx_word' id='word_1_155' title='bbox 1240 450 1414 477; x_wconf 88' lang='lat' dir='ltr'><strong>sermonibus</strong></span> <span class='ocrx_word' id='word_1_156' title='bbox 1436 458 1536 477; x_wconf 84' lang='lat' dir='ltr'><strong>nomen</strong></span> <span class='ocrx_word' id='word_1_157' title='bbox 1564 458 1655 477; x_wconf 90' lang='lat' dir='ltr'><strong>meum</strong></span> <span class='ocrx_word' id='word_1_158' title='bbox 1683 458 1742 477; x_wconf 85' lang='lat' dir='ltr'><strong>mea</strong></span> <span class='ocrx_word' id='word_1_159' title='bbox 1769 458 1832 477; x_wconf 92' lang='lat' dir='ltr'><strong>cum</strong></span> 
     </span>
    </p>
   </div>
   <div class='ocr_carea' id='block_1_26' title="bbox 1047 495 1830 530">
    <p class='ocr_par' dir='ltr' id='par_1_26' title="bbox 1047 495 1830 530">
     <span class='ocr_line' id='line_1_26' title="bbox 1047 495 1830 530; baseline 0 -9"><span class='ocrx_word' id='word_1_160' title='bbox 1047 495 1148 529; x_wconf 69' lang='lat' dir='ltr'><strong>pietate</strong></span> <span class='ocrx_word' id='word_1_161' title='bbox 1177 500 1319 530; x_wconf 87' lang='lat' dir='ltr'><strong>appareat.</strong></span> <span class='ocrx_word' id='word_1_162' title='bbox 1348 496 1425 529; x_wconf 85' lang='lat' dir='ltr'><strong>Quod</strong></span> <span class='ocrx_word' id='word_1_163' title='bbox 1452 496 1475 523; x_wconf 90' lang='lat' dir='ltr'><strong>si</strong></span> <span class='ocrx_word' id='word_1_164' title='bbox 1503 496 1667 523; x_wconf 77' lang='lat' dir='ltr'><strong>concederet</strong></span> <span class='ocrx_word' id='word_1_165' title='bbox 1683 496 1830 530; x_wconf 86' lang='lat' dir='ltr'><strong>quispiam,</strong></span> 
     </span>
    </p>
   </div>
   <div class='ocr_carea' id='block_1_27' title="bbox 1043 540 1833 576">
    <p class='ocr_par' dir='ltr' id='par_1_27' title="bbox 1043 540 1833 576">
     <span class='ocr_line' id='line_1_27' title="bbox 1043 540 1833 576; baseline 0.003 -10"><span class='ocrx_word' id='word_1_166' title='bbox 1043 540 1156 575; x_wconf 54' lang='lat' dir='ltr'><strong>llas</strong></span> <span class='ocrx_word' id='word_1_167' title='bbox 1173 540 1231 568; x_wconf 73' lang='lat' dir='ltr'><strong>fieri</strong></span> <span class='ocrx_word' id='word_1_168' title='bbox 1254 544 1308 568; x_wconf 86' lang='lat' dir='ltr'><strong>non</strong></span> <span class='ocrx_word' id='word_1_169' title='bbox 1323 546 1427 576; x_wconf 81' lang='lat' dir='ltr'><strong>posset.</strong></span> <span class='ocrx_word' id='word_1_170' title='bbox 1444 542 1510 576; x_wconf 74' lang='lat' dir='ltr'><strong>quin</strong></span> <span class='ocrx_word' id='word_1_171' title='bbox 1531 541 1658 576; x_wconf 91' lang='lat' dir='ltr'><strong>protinus</strong></span> <span class='ocrx_word' id='word_1_172' title='bbox 1670 541 1762 573; x_wconf 78' lang='lat' dir='ltr'><strong>Mosis,</strong></span> <span class='ocrx_word' id='word_1_173' title='bbox 1782 542 1833 568; x_wconf 87' lang='lat' dir='ltr'><strong>Da-</strong></span> 
     </span>
    </p>
   </div>
   <div class='ocr_carea' id='block_1_28' title="bbox 1046 587 1834 626">
    <p class='ocr_par' dir='ltr' id='par_1_28' title="bbox 1046 587 1834 626">
     <span class='ocr_line' id='line_1_28' title="bbox 1046 587 1834 626; baseline 0.001 -13"><span class='ocrx_word' id='word_1_174' title='bbox 1046 587 1128 618; x_wconf 81' lang='lat' dir='ltr'><strong>vidis,</strong></span> <span class='ocrx_word' id='word_1_175' title='bbox 1141 590 1169 613; x_wconf 87' lang='lat' dir='ltr'><strong>et</strong></span> <span class='ocrx_word' id='word_1_176' title='bbox 1189 594 1285 614; x_wconf 86' lang='lat' dir='ltr'><strong>omnes</strong></span> <span class='ocrx_word' id='word_1_177' title='bbox 1310 587 1468 626; x_wconf 20' lang='lat' dir='ltr'><strong>VJudaeorum</strong></span> <span class='ocrx_word' id='word_1_178' title='bbox 1498 587 1584 614; x_wconf 87' lang='lat' dir='ltr'><strong>libros</strong></span> <span class='ocrx_word' id='word_1_179' title='bbox 1594 587 1774 620; x_wconf 87' lang='lat' dir='ltr'><strong>oblitteraret,</strong></span> <span class='ocrx_word' id='word_1_180' title='bbox 1791 593 1834 615; x_wconf 85' lang='lat' dir='ltr'><strong>ut—</strong></span> 
     </span>
    </p>
   </div>
   <div class='ocr_carea' id='block_1_29' title="bbox 1046 635 1831 670">
    <p class='ocr_par' dir='ltr' id='par_1_29' title="bbox 1046 635 1831 670">
     <span class='ocr_line' id='line_1_29' title="bbox 1046 635 1831 670; baseline 0.003 -10"><span class='ocrx_word' id='word_1_181' title='bbox 1046 639 1109 669; x_wconf 83' lang='lat' dir='ltr'><strong>pote</strong></span> <span class='ocrx_word' id='word_1_182' title='bbox 1123 641 1185 661; x_wconf 90' lang='lat' dir='ltr'><strong>cum</strong></span> <span class='ocrx_word' id='word_1_183' title='bbox 1197 635 1359 669; x_wconf 75' lang='lat' dir='ltr'><strong>jampridem</strong></span> <span class='ocrx_word' id='word_1_184' title='bbox 1382 635 1538 662; x_wconf 68' lang='lat' dir='ltr'><strong>Iudaeorum</strong></span> <span class='ocrx_word' id='word_1_185' title='bbox 1553 642 1619 670; x_wconf 77' lang='lat' dir='ltr'><strong>gens</strong></span> <span class='ocrx_word' id='word_1_186' title='bbox 1633 643 1647 662; x_wconf 90' lang='lat' dir='ltr'><strong>a</strong></span> <span class='ocrx_word' id='word_1_187' title='bbox 1664 636 1743 662; x_wconf 85' lang='lat' dir='ltr'><strong>nobis</strong></span> <span class='ocrx_word' id='word_1_188' title='bbox 1754 636 1831 662; x_wconf 90' lang='lat' dir='ltr'><strong>dam-</strong></span> 
     </span>
    </p>
   </div>
   <div class='ocr_carea' id='block_1_30' title="bbox 1046 674 1831 718">
    <p class='ocr_par' dir='ltr' id='par_1_30' title="bbox 1046 674 1831 718">
     <span class='ocr_line' id='line_1_30' title="bbox 1046 674 1831 718; baseline 0.003 -12"><span class='ocrx_word' id='word_1_189' title='bbox 1046 685 1108 706; x_wconf 85' lang='lat' dir='ltr'><strong>nata</strong></span> <span class='ocrx_word' id='word_1_190' title='bbox 1124 684 1152 718; x_wconf 76' lang='lat' dir='ltr'><strong>et</strong></span> <span class='ocrx_word' id='word_1_191' title='bbox 1168 682 1320 715; x_wconf 88' lang='lat' dir='ltr'><strong>proscripta</strong></span> <span class='ocrx_word' id='word_1_192' title='bbox 1336 681 1429 708; x_wconf 87' lang='lat' dir='ltr'><strong>fuerit.</strong></span> <span class='ocrx_word' id='word_1_193' title='bbox 1445 681 1476 708; x_wconf 86' lang='lat' dir='ltr'><strong>Et</strong></span> <span class='ocrx_word' id='word_1_194' title='bbox 1492 682 1543 708; x_wconf 91' lang='lat' dir='ltr'><strong>hoc</strong></span> <span class='ocrx_word' id='word_1_195' title='bbox 1556 681 1622 708; x_wconf 89' lang='lat' dir='ltr'><strong>mihi</strong></span> <span class='ocrx_word' id='word_1_196' title='bbox 1636 674 1714 708; x_wconf 55' lang='lat' dir='ltr'><strong>valde</strong></span> <span class='ocrx_word' id='word_1_197' title='bbox 1732 683 1831 708; x_wconf 91' lang='lat' dir='ltr'><strong>mirum</strong></span> 
     </span>
    </p>
   </div>
   <div class='ocr_carea' id='block_1_31' title="bbox 1045 725 1831 760">
    <p class='ocr_par' dir='ltr' id='par_1_31' title="bbox 1045 725 1831 760">
     <span class='ocr_line' id='line_1_31' title="bbox 1045 725 1831 760; baseline 0.001 -8"><span class='ocrx_word' id='word_1_198' title='bbox 1045 725 1157 756; x_wconf 83' lang='lat' dir='ltr'><strong>accidit.</strong></span> <span class='ocrx_word' id='word_1_199' title='bbox 1186 727 1323 760; x_wconf 82' lang='lat' dir='ltr'><strong>quomodo</strong></span> <span class='ocrx_word' id='word_1_200' title='bbox 1351 726 1507 754; x_wconf 80' lang='lat' dir='ltr'><strong>Nestorium</strong></span> <span class='ocrx_word' id='word_1_201' title='bbox 1531 728 1562 754; x_wconf 89' lang='lat' dir='ltr'><strong>’et</strong></span> <span class='ocrx_word' id='word_1_202' title='bbox 1586 726 1780 754; x_wconf 84' lang='lat' dir='ltr'><strong>lconomachos</strong></span> <span class='ocrx_word' id='word_1_203' title='bbox 1804 727 1831 754; x_wconf 92' lang='lat' dir='ltr'><strong>in</strong></span> 
     </span>
    </p>
   </div>
   <div class='ocr_carea' id='block_1_32' title="bbox 1046 771 1831 804">
    <p class='ocr_par' dir='ltr' id='par_1_32' title="bbox 1046 771 1831 804">
     <span class='ocr_line' id='line_1_32' title="bbox 1046 771 1831 804; baseline 0.003 -7"><span class='ocrx_word' id='word_1_204' title='bbox 1046 772 1107 798; x_wconf 84' lang='lat' dir='ltr'><strong>aliis</strong></span> <span class='ocrx_word' id='word_1_205' title='bbox 1118 771 1294 804; x_wconf 74' lang='lat' dir='ltr'><strong>aemulentur,</strong></span> <span class='ocrx_word' id='word_1_206' title='bbox 1318 779 1367 799; x_wconf 89' lang='lat' dir='ltr'><strong>nec</strong></span> <span class='ocrx_word' id='word_1_207' title='bbox 1391 777 1481 799; x_wconf 89' lang='lat' dir='ltr'><strong>tamen</strong></span> <span class='ocrx_word' id='word_1_208' title='bbox 1498 773 1608 800; x_wconf 87' lang='lat' dir='ltr'><strong>eosdem</strong></span> <span class='ocrx_word' id='word_1_209' title='bbox 1623 780 1696 800; x_wconf 87' lang='lat' dir='ltr'><strong>nunc</strong></span> <span class='ocrx_word' id='word_1_210' title='bbox 1711 773 1831 800; x_wconf 73' lang='lat' dir='ltr'><strong>aemulati</strong></span> 
     </span>
    </p>
   </div>
   <div class='ocr_carea' id='block_1_33' title="bbox 1047 817 1832 853">
    <p class='ocr_par' dir='ltr' id='par_1_33' title="bbox 1047 817 1832 853">
     <span class='ocr_line' id='line_1_33' title="bbox 1047 817 1832 853; baseline 0.004 -10"><span class='ocrx_word' id='word_1_211' title='bbox 1047 817 1158 848; x_wconf 81' lang='lat' dir='ltr'><strong>fuerint,</strong></span> <span class='ocrx_word' id='word_1_212' title='bbox 1174 817 1224 844; x_wconf 90' lang='lat' dir='ltr'><strong>hac</strong></span> <span class='ocrx_word' id='word_1_213' title='bbox 1240 818 1391 852; x_wconf 67' lang='lat' dir='ltr'><strong>pratsertim</strong></span> <span class='ocrx_word' id='word_1_214' title='bbox 1416 818 1442 845; x_wconf 92' lang='lat' dir='ltr'><strong>in</strong></span> <span class='ocrx_word' id='word_1_215' title='bbox 1467 826 1506 849; x_wconf 83' lang='lat' dir='ltr'><strong>re.</strong></span> <span class='ocrx_word' id='word_1_216' title='bbox 1522 819 1549 845; x_wconf 93' lang='lat' dir='ltr'><strong>in</strong></span> <span class='ocrx_word' id='word_1_217' title='bbox 1569 827 1623 853; x_wconf 89' lang='lat' dir='ltr'><strong>qua</strong></span> <span class='ocrx_word' id='word_1_218' title='bbox 1638 819 1697 846; x_wconf 91' lang='lat' dir='ltr'><strong>illos</strong></span> <span class='ocrx_word' id='word_1_219' title='bbox 1709 820 1832 847; x_wconf 70' lang='lat' dir='ltr'><strong>mmulari</strong></span> 
     </span>
    </p>
   </div>
   <div class='ocr_carea' id='block_1_34' title="bbox 210 852 996 899">
    <p class='ocr_par' dir='ltr' id='par_1_34' title="bbox 210 852 996 898">
     <span class='ocr_line' id='line_1_34' title="bbox 210 852 996 898; baseline -0.003 -8"><span class='ocrx_word' id='word_1_220' title='bbox 210 852 309 898; x_wconf 60' lang='grc' dir='ltr'>γράφοι</span> <span class='ocrx_word' id='word_1_221' title='bbox 320 865 352 898; x_wconf 80' lang='grc' dir='ltr'><strong>τῇ</strong></span> <span class='ocrx_word' id='word_1_222' title='bbox 361 863 511 898; x_wconf 68' lang='grc' dir='ltr'>Ἐκκλησία</span> <span class='ocrx_word' id='word_1_223' title='bbox 519 862 560 898; x_wconf 82' lang='grc' dir='ltr'><strong>[Ρ.</strong></span> <span class='ocrx_word' id='word_1_224' title='bbox 574 862 603 889; x_wconf 78' lang='lat' dir='ltr'><strong>7i</strong></span> <span class='ocrx_word' id='word_1_225' title='bbox 610 862 636 898; x_wconf 85' lang='lat'><strong>7]</strong></span> <span class='ocrx_word' id='word_1_226' title='bbox 644 862 873 888; x_wconf 77' lang='grc' dir='ltr'>καταλελοίπασιν</span> <span class='ocrx_word' id='word_1_227' title='bbox 887 862 996 898; x_wconf 79' lang='grc' dir='ltr'>ᾄσματα</span> 
     </span>
    </p>
   </div>
   <div class='ocr_carea' id='block_1_35' title="bbox 1048 852 1832 899">
    <p class='ocr_par' dir='ltr' id='par_1_35' title="bbox 1048 862 1832 899">
     <span class='ocr_line' id='line_1_35' title="bbox 1048 862 1832 899; baseline 0.004 -10"><span class='ocrx_word' id='word_1_228' title='bbox 1048 862 1160 890; x_wconf 84' lang='lat' dir='ltr'><strong>deberet</strong></span> <span class='ocrx_word' id='word_1_229' title='bbox 1182 864 1215 895; x_wconf 89' lang='lat' dir='ltr'><strong>is,</strong></span> <span class='ocrx_word' id='word_1_230' title='bbox 1239 864 1285 898; x_wconf 89' lang='lat' dir='ltr'><strong>qui</strong></span> <span class='ocrx_word' id='word_1_231' title='bbox 1308 864 1494 899; x_wconf 85' lang='lat' dir='ltr'><strong>qualicunth</strong></span> <span class='ocrx_word' id='word_1_232' title='bbox 1515 864 1556 891; x_wconf 90' lang='lat' dir='ltr'><strong>sui</strong></span> <span class='ocrx_word' id='word_1_233' title='bbox 1572 872 1664 891; x_wconf 83' lang='lat' dir='ltr'><strong>amore</strong></span> <span class='ocrx_word' id='word_1_234' title='bbox 1679 869 1832 892; x_wconf 82' lang='lat' dir='ltr'><strong>teneretur.</strong></span> 
     </span>
    </p>
   </div>
   <div class='ocr_carea' id='block_1_36' title="bbox 211 905 996 941">
    <p class='ocr_par' dir='ltr' id='par_1_36' title="bbox 211 905 996 941">
     <span class='ocr_line' id='line_1_36' title="bbox 211 905 996 941; baseline 0 -9"><span class='ocrx_word' id='word_1_235' title='bbox 211 907 257 932; x_wconf 77' lang='grc' dir='ltr'>καὶ</span> <span class='ocrx_word' id='word_1_236' title='bbox 264 906 591 941; x_wconf 53' lang='grc' dir='ltr'>λόγουςπούτωνδᾋὺδὲν</span> <span class='ocrx_word' id='word_1_237' title='bbox 606 906 710 940; x_wconf 80' lang='grc' dir='ltr'>οὐδαμῆ</span> <span class='ocrx_word' id='word_1_238' title='bbox 724 905 924 940; x_wconf 68' lang='grc' dir='ltr'>συνεξώθησαν·</span> <span class='ocrx_word' id='word_1_239' title='bbox 939 906 996 932; x_wconf 76' lang='grc' dir='ltr'>ἀλλ’</span> 
     </span>
    </p>
   </div>
   <div class='ocr_carea' id='block_1_37' title="bbox 211 949 994 989">
    <p class='ocr_par' dir='ltr' id='par_1_37' title="bbox 211 949 994 989">
     <span class='ocr_line' id='line_1_37' title="bbox 211 949 994 989; baseline -0.001 -10"><span class='ocrx_word' id='word_1_240' title='bbox 211 951 273 989; x_wconf 79' lang='grc' dir='ltr'>ᾖδον</span> <span class='ocrx_word' id='word_1_241' title='bbox 289 954 336 979; x_wconf 76' lang='grc' dir='ltr'>καὶ</span> <span class='ocrx_word' id='word_1_242' title='bbox 354 953 473 987; x_wconf 68' lang='grc' dir='ltr'>ἐτησίοις</span> <span class='ocrx_word' id='word_1_243' title='bbox 488 952 631 987; x_wconf 74' lang='grc' dir='ltr'>ὲγέραιρον</span> <span class='ocrx_word' id='word_1_244' title='bbox 648 952 847 986; x_wconf 78' lang='grc' dir='ltr'>πανηγύρεσιν.</span> <span class='ocrx_word' id='word_1_245' title='bbox 866 949 944 978; x_wconf 77' lang='grc' dir='ltr'>Οὗτοι</span> <span class='ocrx_word' id='word_1_246' title='bbox 955 952 994 982; x_wconf 77' lang='grc' dir='ltr'><strong>δὲ,</strong></span> 
     </span>
    </p>
   </div>
   <div class='ocr_carea' id='block_1_38' title="bbox 211 998 996 1035">
    <p class='ocr_par' dir='ltr' id='par_1_38' title="bbox 211 998 996 1035">
     <span class='ocr_line' id='line_1_38' title="bbox 211 998 996 1035; baseline -0.004 -9"><span class='ocrx_word' id='word_1_247' title='bbox 211 1000 241 1026; x_wconf 87' lang='grc' dir='ltr'><strong>τό</strong></span> <span class='ocrx_word' id='word_1_248' title='bbox 256 1008 348 1033; x_wconf 54' lang='grc' dir='ltr'>σφισιν</span> <span class='ocrx_word' id='word_1_249' title='bbox 361 999 456 1030; x_wconf 76' lang='grc' dir='ltr'>είωθὸς</span> <span class='ocrx_word' id='word_1_250' title='bbox 471 999 611 1035; x_wconf 71' lang='grc' dir='ltr'>κάνταῦθᾳ</span> <span class='ocrx_word' id='word_1_251' title='bbox 623 999 712 1024; x_wconf 80' lang='grc' dir='ltr'>ποιεῖν</span> <span class='ocrx_word' id='word_1_252' title='bbox 724 998 829 1032; x_wconf 79' lang='grc' dir='ltr'>οὐδαμῆ</span> <span class='ocrx_word' id='word_1_253' title='bbox 844 1006 875 1032; x_wconf 88' lang='grc' dir='ltr'><strong>γε</strong></span> <span class='ocrx_word' id='word_1_254' title='bbox 887 998 996 1024; x_wconf 76' lang='grc' dir='ltr'>ὀκνοῦν-</span> 
     </span>
    </p>
   </div>
   <div class='ocr_carea' id='block_1_39' title="bbox 210 1043 997 1080">
    <p class='ocr_par' dir='ltr' id='par_1_39' title="bbox 210 1043 997 1080">
     <span class='ocr_line' id='line_1_39' title="bbox 210 1043 997 1080; baseline -0.003 -9"><span class='ocrx_word' id='word_1_255' title='bbox 210 1054 266 1076; x_wconf 75' lang='grc' dir='ltr'>τες.</span> <span class='ocrx_word' id='word_1_256' title='bbox 297 1045 346 1071; x_wconf 74' lang='grc' dir='ltr'>καὶ</span> <span class='ocrx_word' id='word_1_257' title='bbox 373 1044 460 1080; x_wconf 77' lang='grc' dir='ltr'>ταύτῃ</span> <span class='ocrx_word' id='word_1_258' title='bbox 481 1044 623 1075; x_wconf 80' lang='grc' dir='ltr'>κάκείνους</span> <span class='ocrx_word' id='word_1_259' title='bbox 649 1045 682 1078; x_wconf 84' lang='grc' dir='ltr'>τῇ</span> <span class='ocrx_word' id='word_1_260' title='bbox 700 1043 786 1078; x_wconf 81' lang='grc' dir='ltr'>κακίᾳ</span> <span class='ocrx_word' id='word_1_261' title='bbox 812 1043 997 1076; x_wconf 78' lang='grc' dir='ltr'>φιλονεικοῦσι</span> 
     </span>
    </p>
   </div>
   <div class='ocr_carea' id='block_1_40' title="bbox 211 1088 996 1125">
    <p class='ocr_par' dir='ltr' id='par_1_40' title="bbox 211 1088 996 1125">
     <span class='ocr_line' id='line_1_40' title="bbox 211 1088 996 1125; baseline -0.004 -9"><span class='ocrx_word' id='word_1_262' title='bbox 211 1090 333 1124; x_wconf 77' lang='grc' dir='ltr'>νικῆσαι.</span> <span class='ocrx_word' id='word_1_263' title='bbox 353 1090 473 1125; x_wconf 55' lang='lat' dir='ltr'><strong>Aiax-5m</strong></span> <span class='ocrx_word' id='word_1_264' title='bbox 501 1089 555 1123; x_wconf 82' lang='grc' dir='ltr'><strong>γὰρ</strong></span> <span class='ocrx_word' id='word_1_265' title='bbox 571 1089 660 1120; x_wconf 83' lang='grc' dir='ltr'>τοῦτο,</span> <span class='ocrx_word' id='word_1_266' title='bbox 682 1090 730 1116; x_wconf 79' lang='grc' dir='ltr'>καὶ</span> <span class='ocrx_word' id='word_1_267' title='bbox 755 1089 826 1123; x_wconf 72' lang='grc' dir='ltr'>μάλα</span> <span class='ocrx_word' id='word_1_268' title='bbox 842 1088 996 1122; x_wconf 78' lang='grc' dir='ltr'>ἀπόϐλητον</span> 
     </span>
    </p>
   </div>
   <div class='ocr_carea' id='block_1_41' title="bbox 211 1134 994 1169">
    <p class='ocr_par' dir='ltr' id='par_1_41' title="bbox 211 1134 994 1169">
     <span class='ocr_line' id='line_1_41' title="bbox 211 1134 994 1169; baseline -0.004 -8"><span class='ocrx_word' id='word_1_269' title='bbox 211 1134 282 1161; x_wconf 67' lang='grc' dir='ltr'>εἶναι</span> <span class='ocrx_word' id='word_1_270' title='bbox 297 1135 437 1169; x_wconf 74' lang='grc' dir='ltr'>νομίζεται</span> <span class='ocrx_word' id='word_1_271' title='bbox 461 1135 587 1169; x_wconf 81' lang='grc' dir='ltr'>Παλαμᾷ,</span> <span class='ocrx_word' id='word_1_272' title='bbox 605 1134 665 1160; x_wconf 82' lang='grc' dir='ltr'>καθ’</span> <span class='ocrx_word' id='word_1_273' title='bbox 679 1134 768 1160; x_wconf 75' lang='grc' dir='ltr'>ὁπόσα</span> <span class='ocrx_word' id='word_1_274' title='bbox 790 1135 847 1164; x_wconf 68' lang='grc' dir='ltr'>τοῖς</span> <span class='ocrx_word' id='word_1_275' title='bbox 863 1134 994 1167; x_wconf 80' lang='grc' dir='ltr'>ἀρχηγοῖς</span> 
     </span>
    </p>
   </div>
   <div class='ocr_carea' id='block_1_42' title="bbox 210 1179 995 1215">
    <p class='ocr_par' dir='ltr' id='par_1_42' title="bbox 210 1179 995 1215">
     <span class='ocr_line' id='line_1_42' title="bbox 210 1179 995 1215; baseline -0.003 -9"><span class='ocrx_word' id='word_1_276' title='bbox 210 1181 265 1207; x_wconf 81' lang='grc' dir='ltr'>τῶν</span> <span class='ocrx_word' id='word_1_277' title='bbox 293 1181 425 1215; x_wconf 75' lang='grc' dir='ltr'><strong>αἱρέσεων</strong></span> <span class='ocrx_word' id='word_1_278' title='bbox 442 1180 556 1215; x_wconf 72' lang='grc' dir='ltr'>εὓρηται</span> <span class='ocrx_word' id='word_1_279' title='bbox 577 1180 687 1215; x_wconf 78' lang='grc' dir='ltr'>σπέρμα</span> <span class='ocrx_word' id='word_1_280' title='bbox 719 1179 880 1209; x_wconf 69' lang='grc' dir='ltr'>δυσσεϐείας</span> <span class='ocrx_word' id='word_1_281' title='bbox 899 1180 995 1213; x_wconf 79' lang='grc' dir='ltr'>ἀρκετ-</span> 
     </span>
    </p>
   </div>
   <div class='ocr_carea' id='block_1_43' title="bbox 213 1224 999 1262">
    <p class='ocr_par' dir='ltr' id='par_1_43' title="bbox 213 1224 999 1262">
     <span class='ocr_line' id='line_1_43' title="bbox 213 1224 999 1262; baseline -0.004 -9"><span class='ocrx_word' id='word_1_282' title='bbox 213 1228 286 1260; x_wconf 84' lang='grc' dir='ltr'>σοαι,</span> <span class='ocrx_word' id='word_1_283' title='bbox 302 1228 326 1253; x_wconf 82' lang='grc' dir='ltr'><strong>εί</strong></span> <span class='ocrx_word' id='word_1_284' title='bbox 347 1227 385 1262; x_wconf 87' lang='grc' dir='ltr'>μὴ</span> <span class='ocrx_word' id='word_1_285' title='bbox 401 1228 447 1253; x_wconf 78' lang='grc' dir='ltr'>καὶ</span> <span class='ocrx_word' id='word_1_286' title='bbox 469 1227 519 1261; x_wconf 77' lang='grc' dir='ltr'>τὴν</span> <span class='ocrx_word' id='word_1_287' title='bbox 547 1226 614 1260; x_wconf 80' lang='grc' dir='ltr'>παρ’</span> <span class='ocrx_word' id='word_1_288' title='bbox 629 1225 728 1252; x_wconf 83' lang='grc' dir='ltr'>ἑαυτυῦ</span> <span class='ocrx_word' id='word_1_289' title='bbox 754 1224 927 1259; x_wconf 76' lang='grc' dir='ltr'>συνεισφέροι</span> <span class='ocrx_word' id='word_1_290' title='bbox 950 1232 999 1250; x_wconf 79' lang='grc' dir='ltr'>κα·</span> 
     </span>
    </p>
   </div>
   <div class='ocr_carea' id='block_1_44' title="bbox 212 1270 1000 1307">
    <p class='ocr_par' dir='ltr' id='par_1_44' title="bbox 212 1270 1000 1307">
     <span class='ocr_line' id='line_1_44' title="bbox 212 1270 1000 1307; baseline -0.004 -8"><span class='ocrx_word' id='word_1_291' title='bbox 212 1273 275 1299; x_wconf 73' lang='grc' dir='ltr'>κίειν</span> <span class='ocrx_word' id='word_1_292' title='bbox 299 1273 345 1299; x_wconf 69' lang='grc' dir='ltr'><strong>ἐπὶ</strong></span> <span class='ocrx_word' id='word_1_293' title='bbox 370 1273 466 1307; x_wconf 67' lang='grc' dir='ltr'>κακία.</span> <span class='ocrx_word' id='word_1_294' title='bbox 483 1272 610 1307; x_wconf 70' lang='grc' dir='ltr'>Ἐνεργὺν</span> <span class='ocrx_word' id='word_1_295' title='bbox 624 1271 678 1305; x_wconf 77' lang='grc' dir='ltr'><strong>γὰρ</strong></span> <span class='ocrx_word' id='word_1_296' title='bbox 706 1271 750 1298; x_wconf 76' lang='grc' dir='ltr'><strong>ἀεὶ</strong></span> <span class='ocrx_word' id='word_1_297' title='bbox 775 1270 804 1297; x_wconf 82' lang='grc' dir='ltr'>τὸ</span> <span class='ocrx_word' id='word_1_298' title='bbox 822 1271 964 1305; x_wconf 79' lang='grc' dir='ltr'>φιλότιμον</span> <span class='ocrx_word' id='word_1_299' title='bbox 986 1271 1000 1296; x_wconf 85' lang='grc' dir='ltr'><strong>ὸ</strong></span> 
     </span>
    </p>
   </div>
   <div class='ocr_carea' id='block_1_45' title="bbox 213 1316 1000 1354">
    <p class='ocr_par' dir='ltr' id='par_1_45' title="bbox 213 1316 1000 1354">
     <span class='ocr_line' id='line_1_45' title="bbox 213 1316 1000 1354; baseline -0.004 -9"><span class='ocrx_word' id='word_1_300' title='bbox 213 1319 283 1354; x_wconf 78' lang='grc' dir='ltr'>ἀνὴρ</span> <span class='ocrx_word' id='word_1_301' title='bbox 296 1318 475 1352; x_wconf 65' lang='grc' dir='ltr'>ἐνδείκνυται,</span> <span class='ocrx_word' id='word_1_302' title='bbox 491 1317 617 1352; x_wconf 74' lang='grc' dir='ltr'>πανταχῆ</span> <span class='ocrx_word' id='word_1_303' title='bbox 629 1317 734 1348; x_wconf 82' lang='grc' dir='ltr'>πάντας</span> <span class='ocrx_word' id='word_1_304' title='bbox 748 1317 851 1348; x_wconf 76' lang='grc' dir='ltr'>κακοὺς</span> <span class='ocrx_word' id='word_1_305' title='bbox 864 1317 893 1343; x_wconf 75' lang='grc' dir='ltr'>ἐν</span> <span class='ocrx_word' id='word_1_306' title='bbox 905 1316 1000 1348; x_wconf 82' lang='grc' dir='ltr'>κακοῖς</span> 
     </span>
    </p>
   </div>
   <div class='ocr_carea' id='block_1_46' title="bbox 211 1365 451 1400">
    <p class='ocr_par' dir='ltr' id='par_1_46' title="bbox 211 1365 451 1400">
     <span class='ocr_line' id='line_1_46' title="bbox 211 1365 451 1400; baseline 0 -9"><span class='ocrx_word' id='word_1_307' title='bbox 211 1365 387 1400; x_wconf 70' lang='grc' dir='ltr'>ὁπερΰάλλων</span> <span class='ocrx_word' id='word_1_308' title='bbox 402 1365 451 1400; x_wconf 82' lang='grc' dir='ltr'><strong>(ι).</strong></span> 
     </span>
    </p>
   </div>
   <div class='ocr_carea' id='block_1_47' title="bbox 1046 908 1832 938">
    <p class='ocr_par' dir='ltr' id='par_1_47' title="bbox 1046 908 1832 938">
     <span class='ocr_line' id='line_1_47' title="bbox 1046 908 1832 938; baseline 0.005 -4"><span class='ocrx_word' id='word_1_309' title='bbox 1046 908 1113 935; x_wconf 86' lang='lat' dir='ltr'><strong>Nam</strong></span> <span class='ocrx_word' id='word_1_310' title='bbox 1127 908 1190 936; x_wconf 90' lang='lat' dir='ltr'><strong>licet</strong></span> <span class='ocrx_word' id='word_1_311' title='bbox 1205 909 1251 936; x_wconf 88' lang='lat' dir='ltr'><strong>Dei</strong></span> <span class='ocrx_word' id='word_1_312' title='bbox 1264 908 1345 936; x_wconf 62' lang='lat' dir='ltr'><strong>Verbi</strong></span> <span class='ocrx_word' id='word_1_313' title='bbox 1363 910 1578 937; x_wconf 87' lang='lat' dir='ltr'><strong>incarnationent</strong></span> <span class='ocrx_word' id='word_1_314' title='bbox 1600 915 1757 938; x_wconf 82' lang='lat' dir='ltr'><strong>everterent</strong></span> <span class='ocrx_word' id='word_1_315' title='bbox 1775 911 1832 938; x_wconf 84' lang='lat' dir='ltr'><strong>Ico-</strong></span> 
     </span>
    </p>
   </div>
   <div class='ocr_carea' id='block_1_48' title="bbox 1047 954 1833 994">
    <p class='ocr_par' dir='ltr' id='par_1_48' title="bbox 1047 954 1833 994">
     <span class='ocr_line' id='line_1_48' title="bbox 1047 954 1833 994; baseline 0.003 -14"><span class='ocrx_word' id='word_1_316' title='bbox 1047 954 1188 984; x_wconf 84' lang='lat' dir='ltr'><strong>nomachi,</strong></span> <span class='ocrx_word' id='word_1_317' title='bbox 1205 959 1232 981; x_wconf 88' lang='lat' dir='ltr'><strong>et</strong></span> <span class='ocrx_word' id='word_1_318' title='bbox 1262 955 1370 994; x_wconf 75' lang='lat' dir='ltr'><strong>divinas</strong></span> <span class='ocrx_word' id='word_1_319' title='bbox 1389 955 1521 989; x_wconf 80' lang='lat' dir='ltr'><strong>imagines</strong></span> <span class='ocrx_word' id='word_1_320' title='bbox 1547 963 1563 982; x_wconf 89' lang='lat' dir='ltr'><strong>e</strong></span> <span class='ocrx_word' id='word_1_321' title='bbox 1589 956 1679 982; x_wconf 82' lang='lat' dir='ltr'><strong>medio</strong></span> <span class='ocrx_word' id='word_1_322' title='bbox 1695 956 1833 988; x_wconf 66' lang='lat' dir='ltr'><strong>tollervnt,</strong></span> 
     </span>
    </p>
   </div>
   <div class='ocr_carea' id='block_1_49' title="bbox 1047 997 1834 1032">
    <p class='ocr_par' dir='ltr' id='par_1_49' title="bbox 1047 997 1834 1032">
     <span class='ocr_line' id='line_1_49' title="bbox 1047 997 1834 1032; baseline 0.005 -9"><span class='ocrx_word' id='word_1_323' title='bbox 1047 1001 1167 1023; x_wconf 83' lang='lat' dir='ltr'><strong>attamen</strong></span> <span class='ocrx_word' id='word_1_324' title='bbox 1184 997 1274 1025; x_wconf 89' lang='lat' dir='ltr'><strong>nullos</strong></span> <span class='ocrx_word' id='word_1_325' title='bbox 1290 998 1420 1032; x_wconf 87' lang='lat' dir='ltr'><strong>hymnos,</strong></span> <span class='ocrx_word' id='word_1_326' title='bbox 1433 998 1522 1025; x_wconf 80' lang='lat' dir='ltr'><strong>nullas</strong></span> <span class='ocrx_word' id='word_1_327' title='bbox 1536 999 1673 1032; x_wconf 76' lang='lat' dir='ltr'><strong>homilias,</strong></span> <span class='ocrx_word' id='word_1_328' title='bbox 1683 1000 1757 1026; x_wconf 84' lang='lat' dir='ltr'><strong>nulla</strong></span> <span class='ocrx_word' id='word_1_329' title='bbox 1768 1008 1834 1027; x_wconf 84' lang='lat' dir='ltr'><strong>can-</strong></span> 
     </span>
    </p>
   </div>
   <div class='ocr_carea' id='block_1_50' title="bbox 1049 1043 1834 1080">
    <p class='ocr_par' dir='ltr' id='par_1_50' title="bbox 1049 1043 1834 1080">
     <span class='ocr_line' id='line_1_50' title="bbox 1049 1043 1834 1080; baseline 0.005 -11"><span class='ocrx_word' id='word_1_330' title='bbox 1049 1043 1111 1074; x_wconf 86' lang='lat' dir='ltr'><strong>tica,</strong></span> <span class='ocrx_word' id='word_1_331' title='bbox 1124 1051 1156 1069; x_wconf 84' lang='lat' dir='ltr'><strong>cx</strong></span> <span class='ocrx_word' id='word_1_332' title='bbox 1172 1043 1205 1071; x_wconf 89' lang='lat' dir='ltr'><strong>iis</strong></span> <span class='ocrx_word' id='word_1_333' title='bbox 1216 1051 1277 1078; x_wconf 66' lang='lat' dir='ltr'><strong>qum</strong></span> <span class='ocrx_word' id='word_1_334' title='bbox 1289 1045 1437 1079; x_wconf 86' lang='lat' dir='ltr'><strong>scriptores</strong></span> <span class='ocrx_word' id='word_1_335' title='bbox 1449 1045 1603 1080; x_wconf 85' lang='lat' dir='ltr'><strong>hujusmodi</strong></span> <span class='ocrx_word' id='word_1_336' title='bbox 1615 1053 1729 1080; x_wconf 85' lang='lat' dir='ltr'><strong>operum</strong></span> <span class='ocrx_word' id='word_1_337' title='bbox 1745 1045 1834 1073; x_wconf 72' lang='lat' dir='ltr'><strong>Eccle-</strong></span> 
     </span>
    </p>
   </div>
   <div class='ocr_carea' id='block_1_51' title="bbox 1051 1088 1834 1122">
    <p class='ocr_par' dir='ltr' id='par_1_51' title="bbox 1051 1088 1834 1122">
     <span class='ocr_line' id='line_1_51' title="bbox 1051 1088 1834 1122; baseline 0.005 -8"><span class='ocrx_word' id='word_1_338' title='bbox 1051 1088 1098 1115; x_wconf 72' lang='lat' dir='ltr'><strong>sia:</strong></span> <span class='ocrx_word' id='word_1_339' title='bbox 1116 1088 1299 1122; x_wconf 83' lang='lat' dir='ltr'><strong>reliquerunt,</strong></span> <span class='ocrx_word' id='word_1_340' title='bbox 1324 1090 1479 1121; x_wconf 76' lang='lat' dir='ltr'><strong>abolevere.</strong></span> <span class='ocrx_word' id='word_1_341' title='bbox 1499 1091 1553 1117; x_wconf 89' lang='lat' dir='ltr'><strong>imo</strong></span> <span class='ocrx_word' id='word_1_342' title='bbox 1567 1091 1702 1118; x_wconf 84' lang='lat' dir='ltr'><strong>canebant</strong></span> <span class='ocrx_word' id='word_1_343' title='bbox 1716 1096 1744 1118; x_wconf 90' lang='lat' dir='ltr'><strong>et</strong></span> <span class='ocrx_word' id='word_1_344' title='bbox 1758 1091 1834 1118; x_wconf 89' lang='lat' dir='ltr'><strong>anni-</strong></span> 
     </span>
    </p>
   </div>
   <div class='ocr_carea' id='block_1_52' title="bbox 1050 1132 1834 1163">
    <p class='ocr_par' dir='ltr' id='par_1_52' title="bbox 1050 1132 1834 1163">
     <span class='ocr_line' id='line_1_52' title="bbox 1050 1132 1834 1163; baseline 0.005 -5"><span class='ocrx_word' id='word_1_345' title='bbox 1050 1132 1181 1159; x_wconf 86' lang='lat' dir='ltr'><strong>versariis</strong></span> <span class='ocrx_word' id='word_1_346' title='bbox 1206 1133 1378 1160; x_wconf 77' lang='lat' dir='ltr'><strong>honorabant</strong></span> <span class='ocrx_word' id='word_1_347' title='bbox 1402 1134 1634 1162; x_wconf 81' lang='lat' dir='ltr'><strong>solemnitatibus.</strong></span> <span class='ocrx_word' id='word_1_348' title='bbox 1649 1139 1682 1162; x_wconf 86' lang='lat' dir='ltr'><strong>At</strong></span> <span class='ocrx_word' id='word_1_349' title='bbox 1694 1144 1757 1162; x_wconf 80' lang='lat' dir='ltr'><strong>vero</strong></span> <span class='ocrx_word' id='word_1_350' title='bbox 1772 1144 1834 1163; x_wconf 87' lang='lat' dir='ltr'><strong>cum</strong></span> 
     </span>
    </p>
   </div>
   <div class='ocr_carea' id='block_1_53' title="bbox 1048 1179 1835 1216">
    <p class='ocr_par' dir='ltr' id='par_1_53' title="bbox 1048 1179 1835 1216">
     <span class='ocr_line' id='line_1_53' title="bbox 1048 1179 1835 1216; baseline 0.005 -11"><span class='ocrx_word' id='word_1_351' title='bbox 1048 1179 1205 1211; x_wconf 84' lang='lat' dir='ltr'><strong>Palamitas,</strong></span> <span class='ocrx_word' id='word_1_352' title='bbox 1236 1179 1308 1214; x_wconf 87' lang='lat' dir='ltr'><strong>quod</strong></span> <span class='ocrx_word' id='word_1_353' title='bbox 1334 1180 1376 1206; x_wconf 89' lang='lat' dir='ltr'><strong>sui</strong></span> <span class='ocrx_word' id='word_1_354' title='bbox 1408 1181 1492 1208; x_wconf 91' lang='lat' dir='ltr'><strong>moris</strong></span> <span class='ocrx_word' id='word_1_355' title='bbox 1506 1186 1558 1214; x_wconf 87' lang='lat' dir='ltr'><strong>est,</strong></span> <span class='ocrx_word' id='word_1_356' title='bbox 1576 1182 1620 1209; x_wconf 91' lang='lat' dir='ltr'><strong>hic</strong></span> <span class='ocrx_word' id='word_1_357' title='bbox 1643 1182 1724 1209; x_wconf 83' lang='lat' dir='ltr'><strong>etiam</strong></span> <span class='ocrx_word' id='word_1_358' title='bbox 1736 1189 1835 1216; x_wconf 89' lang='lat' dir='ltr'><strong>perpe-</strong></span> 
     </span>
    </p>
   </div>
   <div class='ocr_carea' id='block_1_54' title="bbox 1050 1225 1836 1262">
    <p class='ocr_par' dir='ltr' id='par_1_54' title="bbox 1050 1225 1836 1262">
     <span class='ocr_line' id='line_1_54' title="bbox 1050 1225 1836 1262; baseline 0.003 -10"><span class='ocrx_word' id='word_1_359' title='bbox 1050 1225 1300 1259; x_wconf 83' lang='lat' dir='ltr'><strong>trare.ncutiquam</strong></span> <span class='ocrx_word' id='word_1_360' title='bbox 1327 1226 1427 1262; x_wconf 75' lang='lat' dir='ltr'><strong>pigeat,</strong></span> <span class='ocrx_word' id='word_1_361' title='bbox 1444 1228 1496 1253; x_wconf 83' lang='lat' dir='ltr'><strong>ista</strong></span> <span class='ocrx_word' id='word_1_362' title='bbox 1517 1235 1626 1261; x_wconf 89' lang='lat' dir='ltr'><strong>quoque</strong></span> <span class='ocrx_word' id='word_1_363' title='bbox 1640 1227 1836 1254; x_wconf 84' lang='lat' dir='ltr'><strong>Iconomachos</strong></span> 
     </span>
    </p>
   </div>
   <div class='ocr_carea' id='block_1_55' title="bbox 1049 1271 1834 1306">
    <p class='ocr_par' dir='ltr' id='par_1_55' title="bbox 1049 1271 1834 1306">
     <span class='ocr_line' id='line_1_55' title="bbox 1049 1271 1834 1306; baseline 0.003 -8"><span class='ocrx_word' id='word_1_364' title='bbox 1049 1271 1225 1306; x_wconf 79' lang='lat' dir='ltr'><strong>improbitate</strong></span> <span class='ocrx_word' id='word_1_365' title='bbox 1237 1280 1368 1306; x_wconf 85' lang='lat' dir='ltr'><strong>superare</strong></span> <span class='ocrx_word' id='word_1_366' title='bbox 1384 1273 1564 1301; x_wconf 83' lang='lat' dir='ltr'><strong>contendunt.</strong></span> <span class='ocrx_word' id='word_1_367' title='bbox 1580 1274 1746 1301; x_wconf 77' lang='lat' dir='ltr'><strong>Probi-osum</strong></span> <span class='ocrx_word' id='word_1_368' title='bbox 1762 1275 1834 1300; x_wconf 88' lang='lat' dir='ltr'><strong>enim</strong></span> 
     </span>
    </p>
   </div>
   <div class='ocr_carea' id='block_1_56' title="bbox 1050 1316 1836 1351">
    <p class='ocr_par' dir='ltr' id='par_1_56' title="bbox 1050 1316 1836 1351">
     <span class='ocr_line' id='line_1_56' title="bbox 1050 1316 1836 1351; baseline 0.003 -9"><span class='ocrx_word' id='word_1_369' title='bbox 1050 1320 1077 1342; x_wconf 89' lang='lat' dir='ltr'><strong>et</strong></span> <span class='ocrx_word' id='word_1_370' title='bbox 1107 1316 1292 1351; x_wconf 79' lang='lat' dir='ltr'><strong>rcjectaneum</strong></span> <span class='ocrx_word' id='word_1_371' title='bbox 1323 1317 1440 1344; x_wconf 74' lang='lat' dir='ltr'><strong>Palamze</strong></span> <span class='ocrx_word' id='word_1_372' title='bbox 1453 1317 1573 1350; x_wconf 82' lang='lat' dir='ltr'><strong>videtur,</strong></span> <span class='ocrx_word' id='word_1_373' title='bbox 1591 1318 1642 1345; x_wconf 81' lang='lat' dir='ltr'><strong>sibi</strong></span> <span class='ocrx_word' id='word_1_374' title='bbox 1656 1318 1720 1345; x_wconf 69' lang='lat' dir='ltr'><strong>satis</strong></span> <span class='ocrx_word' id='word_1_375' title='bbox 1736 1319 1836 1344; x_wconf 80' lang='lat' dir='ltr'><strong>habere</strong></span> 
     </span>
    </p>
   </div>
   <div class='ocr_carea' id='block_1_57' title="bbox 1052 1363 1834 1398">
    <p class='ocr_par' dir='ltr' id='par_1_57' title="bbox 1052 1363 1834 1398">
     <span class='ocr_line' id='line_1_57' title="bbox 1052 1363 1834 1398; baseline 0.003 -9"><span class='ocrx_word' id='word_1_376' title='bbox 1052 1370 1222 1398; x_wconf 68' lang='lat' dir='ltr'><strong>quazcunque</strong></span> <span class='ocrx_word' id='word_1_377' title='bbox 1250 1363 1283 1389; x_wconf 91' lang='lat' dir='ltr'><strong>ab</strong></span> <span class='ocrx_word' id='word_1_378' title='bbox 1298 1363 1439 1390; x_wconf 69' lang='lat' dir='ltr'><strong>hacreseon</strong></span> <span class='ocrx_word' id='word_1_379' title='bbox 1460 1363 1577 1390; x_wconf 88' lang='lat' dir='ltr'><strong>ducibus</strong></span> <span class='ocrx_word' id='word_1_380' title='bbox 1592 1368 1699 1398; x_wconf 81' lang='lat' dir='ltr'><strong>reperta</strong></span> <span class='ocrx_word' id='word_1_381' title='bbox 1715 1368 1778 1391; x_wconf 87' lang='lat' dir='ltr'><strong>sunt</strong></span> <span class='ocrx_word' id='word_1_382' title='bbox 1793 1371 1834 1391; x_wconf 80' lang='lat' dir='ltr'><strong>se—</strong></span> 
     </span>
    </p>
   </div>
   <div class='ocr_carea' id='block_1_58' title="bbox 213 1409 1836 1446">
    <p class='ocr_par' dir='ltr' id='par_1_58' title="bbox 213 1409 1836 1446">
     <span class='ocr_line' id='line_1_58' title="bbox 213 1409 1836 1446; baseline 0 -9"><span class='ocrx_word' id='word_1_383' title='bbox 213 1411 285 1437; x_wconf 82' lang='lat' dir='ltr'><strong>mina</strong></span> <span class='ocrx_word' id='word_1_384' title='bbox 318 1410 479 1445; x_wconf 75' lang='lat' dir='ltr'><strong>impietatis,</strong></span> <span class='ocrx_word' id='word_1_385' title='bbox 501 1410 556 1437; x_wconf 83' lang='lat' dir='ltr'><strong>nisi</strong></span> <span class='ocrx_word' id='word_1_386' title='bbox 587 1410 696 1437; x_wconf 82' lang='lat' dir='ltr'><strong>illorum</strong></span> <span class='ocrx_word' id='word_1_387' title='bbox 731 1409 900 1444; x_wconf 74' lang='lat' dir='ltr'><strong>improbitati</strong></span> <span class='ocrx_word' id='word_1_388' title='bbox 929 1416 1006 1436; x_wconf 84' lang='lat' dir='ltr'><strong>suam</strong></span> <span class='ocrx_word' id='word_1_389' title='bbox 1027 1417 1137 1444; x_wconf 88' lang='lat' dir='ltr'><strong>quoque</strong></span> <span class='ocrx_word' id='word_1_390' title='bbox 1157 1409 1363 1444; x_wconf 86' lang='lat' dir='ltr'><strong>improbitatem</strong></span> <span class='ocrx_word' id='word_1_391' title='bbox 1389 1410 1515 1438; x_wconf 84' lang='lat' dir='ltr'><strong>conferat</strong></span> <span class='ocrx_word' id='word_1_392' title='bbox 1535 1415 1562 1437; x_wconf 88' lang='lat' dir='ltr'><strong>et</strong></span> <span class='ocrx_word' id='word_1_393' title='bbox 1588 1411 1727 1446; x_wconf 76' lang='lat' dir='ltr'><strong>adiungat.</strong></span> <span class='ocrx_word' id='word_1_394' title='bbox 1757 1410 1836 1437; x_wconf 84' lang='lat' dir='ltr'><strong>Nam-</strong></span> 
     </span>
    </p>
   </div>
   <div class='ocr_carea' id='block_1_59' title="bbox 212 1453 1722 1491">
    <p class='ocr_par' dir='ltr' id='par_1_59' title="bbox 212 1453 1722 1491">
     <span class='ocr_line' id='line_1_59' title="bbox 212 1453 1722 1491; baseline -0.001 -8"><span class='ocrx_word' id='word_1_395' title='bbox 212 1464 266 1491; x_wconf 85' lang='lat' dir='ltr'><strong>que</strong></span> <span class='ocrx_word' id='word_1_396' title='bbox 282 1460 421 1483; x_wconf 83' lang='lat' dir='ltr'><strong>actuosam</strong></span> <span class='ocrx_word' id='word_1_397' title='bbox 446 1463 555 1489; x_wconf 85' lang='lat' dir='ltr'><strong>semper</strong></span> <span class='ocrx_word' id='word_1_398' title='bbox 571 1455 750 1482; x_wconf 82' lang='lat' dir='ltr'><strong>ambitionem</strong></span> <span class='ocrx_word' id='word_1_399' title='bbox 770 1463 824 1489; x_wconf 75' lang='lat' dir='ltr'><strong>pra:</strong></span> <span class='ocrx_word' id='word_1_400' title='bbox 845 1461 873 1481; x_wconf 87' lang='lat' dir='ltr'><strong>se</strong></span> <span class='ocrx_word' id='word_1_401' title='bbox 886 1453 939 1481; x_wconf 84' lang='lat' dir='ltr'><strong>fert</strong></span> <span class='ocrx_word' id='word_1_402' title='bbox 954 1454 1089 1486; x_wconf 83' lang='lat' dir='ltr'><strong>Palamas,</strong></span> <span class='ocrx_word' id='word_1_403' title='bbox 1110 1459 1137 1480; x_wconf 92' lang='lat' dir='ltr'><strong>et</strong></span> <span class='ocrx_word' id='word_1_404' title='bbox 1150 1454 1253 1481; x_wconf 85' lang='lat' dir='ltr'><strong>malitia</strong></span> <span class='ocrx_word' id='word_1_405' title='bbox 1270 1455 1356 1481; x_wconf 82' lang='lat' dir='ltr'><strong>malos</strong></span> <span class='ocrx_word' id='word_1_406' title='bbox 1370 1462 1465 1482; x_wconf 87' lang='lat' dir='ltr'><strong>omnes</strong></span> <span class='ocrx_word' id='word_1_407' title='bbox 1483 1455 1584 1490; x_wconf 89' lang='lat' dir='ltr'><strong>ubique</strong></span> <span class='ocrx_word' id='word_1_408' title='bbox 1601 1461 1722 1490; x_wconf 81' lang='lat' dir='ltr'><strong>superat.</strong></span> 
     </span>
    </p>
   </div>
   <div class='ocr_carea' id='block_1_60' title="bbox 248 1500 996 1537">
    <p class='ocr_par' dir='ltr' id='par_1_60' title="bbox 248 1500 993 1537">
     <span class='ocr_line' id='line_1_60' title="bbox 248 1500 993 1537; baseline -0.005 -8"><span class='ocrx_word' id='word_1_409' title='bbox 248 1502 327 1537; x_wconf 77' lang='lat' dir='ltr'><strong>[Cet].</strong></span> <span class='ocrx_word' id='word_1_410' title='bbox 342 1502 401 1528; x_wconf 74' lang='lat' dir='ltr'><strong>Vat.</strong></span> <span class='ocrx_word' id='word_1_411' title='bbox 418 1501 466 1529; x_wconf 89' lang='lat' dir='ltr'><strong>fol.</strong></span> <span class='ocrx_word' id='word_1_412' title='bbox 479 1501 514 1528; x_wconf 77' lang='lat'><strong>95</strong></span> <span class='ocrx_word' id='word_1_413' title='bbox 534 1501 562 1537; x_wconf 71' lang='lat' dir='ltr'><strong>ai</strong></span> <span class='ocrx_word' id='word_1_414' title='bbox 580 1502 616 1528; x_wconf 84' lang='lat' dir='ltr'><strong>E&#39;.</strong></span> <span class='ocrx_word' id='word_1_415' title='bbox 633 1502 703 1537; x_wconf 82' lang='grc' dir='ltr'>Ἤδη</span> <span class='ocrx_word' id='word_1_416' title='bbox 714 1501 741 1527; x_wconf 79' lang='grc' dir='ltr'>δὲ</span> <span class='ocrx_word' id='word_1_417' title='bbox 756 1501 804 1527; x_wconf 80' lang='grc' dir='ltr'>τοῦ</span> <span class='ocrx_word' id='word_1_418' title='bbox 819 1500 993 1536; x_wconf 66' lang='grc' dir='ltr'>φθινοπώρου</span> 
     </span>
    </p>
   </div>
   <div class='ocr_carea' id='block_1_61' title="bbox 1048 1500 1835 1537">
    <p class='ocr_par' dir='ltr' id='par_1_61' title="bbox 1082 1500 1835 1535">
     <span class='ocr_line' id='line_1_61' title="bbox 1082 1500 1835 1535; baseline 0.003 -7"><span class='ocrx_word' id='word_1_419' title='bbox 1082 1501 1111 1528; x_wconf 80' lang='grc' dir='ltr'>ν.</span> <span class='ocrx_word' id='word_1_420' title='bbox 1134 1500 1257 1527; x_wconf 79' lang='lat' dir='ltr'><strong>Exeunte</strong></span> <span class='ocrx_word' id='word_1_421' title='bbox 1281 1501 1337 1535; x_wconf 81' lang='lat' dir='ltr'><strong>jam</strong></span> <span class='ocrx_word' id='word_1_422' title='bbox 1362 1505 1494 1528; x_wconf 88' lang='lat' dir='ltr'><strong>autumno</strong></span> <span class='ocrx_word' id='word_1_423' title='bbox 1527 1508 1588 1528; x_wconf 86' lang='lat' dir='ltr'><strong>cum</strong></span> <span class='ocrx_word' id='word_1_424' title='bbox 1614 1501 1731 1529; x_wconf 85' lang='lat' dir='ltr'><strong>instante</strong></span> <span class='ocrx_word' id='word_1_425' title='bbox 1755 1503 1835 1530; x_wconf 67' lang='lat' dir='ltr'><strong>festo&#39;</strong></span> 
     </span>
    </p>
   </div>
   <div class='ocr_carea' id='block_1_62' title="bbox 212 1547 994 1583">
    <p class='ocr_par' dir='ltr' id='par_1_62' title="bbox 212 1547 994 1583">
     <span class='ocr_line' id='line_1_62' title="bbox 212 1547 994 1583; baseline 0 -11"><span class='ocrx_word' id='word_1_426' title='bbox 212 1547 351 1583; x_wconf 79' lang='grc' dir='ltr'>λήγοντος,</span> <span class='ocrx_word' id='word_1_427' title='bbox 367 1548 412 1573; x_wconf 72' lang='grc' dir='ltr'>καὶ</span> <span class='ocrx_word' id='word_1_428' title='bbox 440 1547 491 1582; x_wconf 78' lang='grc' dir='ltr'>τῆς</span> <span class='ocrx_word' id='word_1_429' title='bbox 519 1547 615 1582; x_wconf 78' lang='grc' dir='ltr'>ἑορτῆς</span> <span class='ocrx_word' id='word_1_430' title='bbox 640 1548 791 1581; x_wconf 79' lang='grc' dir='ltr'><strong>ἐπιστάσης</strong></span> <span class='ocrx_word' id='word_1_431' title='bbox 809 1547 826 1581; x_wconf 84' lang='grc' dir='ltr'>ἢ</span> <span class='ocrx_word' id='word_1_432' title='bbox 842 1547 900 1577; x_wconf 83' lang='grc' dir='ltr'>τοῖς</span> <span class='ocrx_word' id='word_1_433' title='bbox 917 1547 994 1580; x_wconf 79' lang='grc' dir='ltr'>ὲμοτς</span> 
     </span>
    </p>
   </div>
   <div class='ocr_carea' id='block_1_63' title="bbox 212 1592 996 1628">
    <p class='ocr_par' dir='ltr' id='par_1_63' title="bbox 212 1592 996 1628">
     <span class='ocr_line' id='line_1_63' title="bbox 212 1592 996 1628; baseline -0.001 -10"><span class='ocrx_word' id='word_1_434' title='bbox 212 1593 413 1626; x_wconf 69' lang='grc' dir='ltr'>δεσμοφύλαξιν</span> <span class='ocrx_word' id='word_1_435' title='bbox 436 1593 542 1627; x_wconf 79' lang='grc' dir='ltr'>ὲτήσιος</span> <span class='ocrx_word' id='word_1_436' title='bbox 570 1594 601 1628; x_wconf 81' lang='grc' dir='ltr'><strong>τῇ</strong></span> <span class='ocrx_word' id='word_1_437' title='bbox 616 1593 748 1627; x_wconf 79' lang='grc' dir='ltr'>πανάγνῳ</span> <span class='ocrx_word' id='word_1_438' title='bbox 761 1592 879 1619; x_wconf 84' lang='grc' dir='ltr'>τελεῖται</span> <span class='ocrx_word' id='word_1_439' title='bbox 903 1592 996 1626; x_wconf 78' lang='grc' dir='ltr'>Μητρὶ</span> 
     </span>
    </p>
   </div>
   <div class='ocr_carea' id='block_1_64' title="bbox 212 1637 996 1673">
    <p class='ocr_par' dir='ltr' id='par_1_64' title="bbox 212 1637 996 1673">
     <span class='ocr_line' id='line_1_64' title="bbox 212 1637 996 1673; baseline -0.003 -9"><span class='ocrx_word' id='word_1_440' title='bbox 212 1639 261 1665; x_wconf 85' lang='grc' dir='ltr'>τοῦ</span> <span class='ocrx_word' id='word_1_441' title='bbox 275 1638 353 1672; x_wconf 82' lang='grc' dir='ltr'>Θεοῦ,</span> <span class='ocrx_word' id='word_1_442' title='bbox 371 1639 418 1665; x_wconf 76' lang='grc' dir='ltr'><strong>καὶ</strong></span> <span class='ocrx_word' id='word_1_443' title='bbox 440 1639 489 1672; x_wconf 77' lang='grc' dir='ltr'>μὲν</span> <span class='ocrx_word' id='word_1_444' title='bbox 506 1638 538 1673; x_wconf 82' lang='grc' dir='ltr'>δὴ</span> <span class='ocrx_word' id='word_1_445' title='bbox 556 1638 661 1665; x_wconf 69' lang='grc' dir='ltr'>ποὶλών</span> <span class='ocrx_word' id='word_1_446' title='bbox 683 1639 730 1665; x_wconf 77' lang='grc' dir='ltr'><strong>καὶ</strong></span> <span class='ocrx_word' id='word_1_447' title='bbox 749 1638 928 1664; x_wconf 78' lang='grc' dir='ltr'>παντοδαπῶν</span> <span class='ocrx_word' id='word_1_448' title='bbox 947 1637 996 1662; x_wconf 79' lang='grc' dir='ltr'><strong>ἁν-</strong></span> 
     </span>
    </p>
   </div>
   <div class='ocr_carea' id='block_1_65' title="bbox 214 1683 996 1717">
    <p class='ocr_par' dir='ltr' id='par_1_65' title="bbox 214 1683 996 1717">
     <span class='ocr_line' id='line_1_65' title="bbox 214 1683 996 1717; baseline -0.001 -8"><span class='ocrx_word' id='word_1_449' title='bbox 214 1683 283 1717; x_wconf 85' lang='grc' dir='ltr'>δρῶν</span> <span class='ocrx_word' id='word_1_450' title='bbox 302 1683 402 1717; x_wconf 76' lang='grc' dir='ltr'>ἀναμὶξ</span> <span class='ocrx_word' id='word_1_451' title='bbox 425 1683 565 1710; x_wconf 82' lang='grc' dir='ltr'>είσιόντων</span> <span class='ocrx_word' id='word_1_452' title='bbox 582 1685 639 1717; x_wconf 71' lang='grc' dir='ltr'>ἃμα</span> <span class='ocrx_word' id='word_1_453' title='bbox 660 1684 707 1709; x_wconf 74' lang='grc' dir='ltr'>καὶ</span> <span class='ocrx_word' id='word_1_454' title='bbox 729 1683 853 1715; x_wconf 79' lang='grc' dir='ltr'>ἐξιόντων</span> <span class='ocrx_word' id='word_1_455' title='bbox 871 1685 899 1714; x_wconf 75' lang='grc' dir='ltr'>ἐς</span> <span class='ocrx_word' id='word_1_456' title='bbox 912 1683 942 1708; x_wconf 73' lang='grc' dir='ltr'><strong>τὸ</strong></span> <span class='ocrx_word' id='word_1_457' title='bbox 957 1684 996 1708; x_wconf 88' lang='grc' dir='ltr'><strong>ἱε-</strong></span> 
     </span>
    </p>
   </div>
   <div class='ocr_carea' id='block_1_66' title="bbox 215 1728 997 1765">
    <p class='ocr_par' dir='ltr' id='par_1_66' title="bbox 215 1728 997 1765">
     <span class='ocr_line' id='line_1_66' title="bbox 215 1728 997 1765; baseline -0.001 -8"><span class='ocrx_word' id='word_1_458' title='bbox 215 1731 272 1765; x_wconf 75' lang='grc' dir='ltr'>ρὸν,</span> <span class='ocrx_word' id='word_1_459' title='bbox 288 1730 367 1757; x_wconf 72' lang='grc' dir='ltr'>ἔλαθέ</span> <span class='ocrx_word' id='word_1_460' title='bbox 381 1739 421 1761; x_wconf 78' lang='grc' dir='ltr'><strong>τις</strong></span> <span class='ocrx_word' id='word_1_461' title='bbox 432 1730 486 1756; x_wconf 87' lang='grc' dir='ltr'>τῶν</span> <span class='ocrx_word' id='word_1_462' title='bbox 501 1730 549 1756; x_wconf 77' lang='grc' dir='ltr'>οὐκ</span> <span class='ocrx_word' id='word_1_463' title='bbox 566 1730 669 1763; x_wconf 82' lang='grc' dir='ltr'>ἀγενῶν</span> <span class='ocrx_word' id='word_1_464' title='bbox 683 1730 729 1756; x_wconf 81' lang='grc' dir='ltr'>καὶ</span> <span class='ocrx_word' id='word_1_465' title='bbox 744 1729 800 1765; x_wconf 81' lang='grc' dir='ltr'><strong>[ΓοΙ.</strong></span> <span class='ocrx_word' id='word_1_466' title='bbox 819 1729 853 1756; x_wconf 78' lang='grc'><strong>95</strong></span> <span class='ocrx_word' id='word_1_467' title='bbox 867 1728 892 1764; x_wconf 86' lang='lat' dir='ltr'><strong>b]</strong></span> <span class='ocrx_word' id='word_1_468' title='bbox 913 1729 997 1756; x_wconf 81' lang='grc' dir='ltr'>πάλαι</span> 
     </span>
    </p>
   </div>
   <div class='ocr_carea' id='block_1_67' title="bbox 215 1774 998 1811">
    <p class='ocr_par' dir='ltr' id='par_1_67' title="bbox 215 1774 998 1811">
     <span class='ocr_line' id='line_1_67' title="bbox 215 1774 998 1811; baseline -0.003 -9"><span class='ocrx_word' id='word_1_469' title='bbox 215 1776 350 1811; x_wconf 83' lang='grc' dir='ltr'>φοιτητῶν</span> <span class='ocrx_word' id='word_1_470' title='bbox 365 1775 412 1801; x_wconf 77' lang='grc' dir='ltr'>καὶ</span> <span class='ocrx_word' id='word_1_471' title='bbox 428 1776 456 1806; x_wconf 78' lang='grc' dir='ltr'><strong>ες</strong></span> <span class='ocrx_word' id='word_1_472' title='bbox 466 1775 499 1801; x_wconf 81' lang='grc' dir='ltr'><strong>τὰ</strong></span> <span class='ocrx_word' id='word_1_473' title='bbox 518 1775 631 1809; x_wconf 84' lang='grc' dir='ltr'>μάλιστα</span> <span class='ocrx_word' id='word_1_474' title='bbox 650 1775 734 1809; x_wconf 82' lang='grc' dir='ltr'>φίλων</span> <span class='ocrx_word' id='word_1_475' title='bbox 751 1775 812 1809; x_wconf 75' lang='grc' dir='ltr'>ἐμοὶ</span> <span class='ocrx_word' id='word_1_476' title='bbox 830 1774 892 1809; x_wconf 78' lang='grc' dir='ltr'>περὶ</span> <span class='ocrx_word' id='word_1_477' title='bbox 906 1775 998 1801; x_wconf 78' lang='grc' dir='ltr'>δευτέ-</span> 
     </span>
    </p>
   </div>
   <div class='ocr_carea' id='block_1_68' title="bbox 217 1821 998 1857">
    <p class='ocr_par' dir='ltr' id='par_1_68' title="bbox 217 1821 998 1857">
     <span class='ocr_line' id='line_1_68' title="bbox 217 1821 998 1857; baseline 0 -9"><span class='ocrx_word' id='word_1_478' title='bbox 217 1831 265 1857; x_wconf 86' lang='grc' dir='ltr'><strong>ραν</strong></span> <span class='ocrx_word' id='word_1_479' title='bbox 282 1823 332 1856; x_wconf 65' lang='grc' dir='ltr'>ἤδη</span> <span class='ocrx_word' id='word_1_480' title='bbox 353 1821 477 1856; x_wconf 79' lang='grc' dir='ltr'>φυλακὴν</span> <span class='ocrx_word' id='word_1_481' title='bbox 494 1823 542 1857; x_wconf 74' lang='grc' dir='ltr'>τῆς</span> <span class='ocrx_word' id='word_1_482' title='bbox 567 1821 664 1852; x_wconf 76' lang='grc' dir='ltr'>νυκτὸς</span> <span class='ocrx_word' id='word_1_483' title='bbox 680 1821 724 1847; x_wconf 80' lang='grc' dir='ltr'>διὰ</span> <span class='ocrx_word' id='word_1_484' title='bbox 742 1821 850 1856; x_wconf 80' lang='grc' dir='ltr'>Θυρίδος</span> <span class='ocrx_word' id='word_1_485' title='bbox 865 1821 936 1853; x_wconf 78' lang='grc' dir='ltr'>τινὸς</span> <span class='ocrx_word' id='word_1_486' title='bbox 957 1822 998 1853; x_wconf 84' lang='grc' dir='ltr'><strong>είς</strong></span> 
     </span>
    </p>
   </div>
   <div class='ocr_carea' id='block_1_69' title="bbox 213 1865 996 1901">
    <p class='ocr_par' dir='ltr' id='par_1_69' title="bbox 213 1865 996 1901">
     <span class='ocr_line' id='line_1_69' title="bbox 213 1865 996 1901; baseline 0 -9"><span class='ocrx_word' id='word_1_487' title='bbox 213 1866 262 1901; x_wconf 74' lang='grc' dir='ltr'>τὴν</span> <span class='ocrx_word' id='word_1_488' title='bbox 275 1865 345 1901; x_wconf 71' lang='grc' dir='ltr'>ἐμὴν</span> <span class='ocrx_word' id='word_1_489' title='bbox 359 1867 537 1901; x_wconf 75' lang='grc' dir='ltr'>παρεισρυεὶς</span> <span class='ocrx_word' id='word_1_490' title='bbox 556 1865 657 1892; x_wconf 81' lang='grc' dir='ltr'>οἰκίαν.</span> <span class='ocrx_word' id='word_1_491' title='bbox 684 1866 783 1901; x_wconf 83' lang='grc' dir='ltr'>Ἔτυχε</span> <span class='ocrx_word' id='word_1_492' title='bbox 797 1866 853 1901; x_wconf 83' lang='grc' dir='ltr'>γάρ</span> <span class='ocrx_word' id='word_1_493' title='bbox 875 1874 932 1897; x_wconf 82' lang='grc' dir='ltr'><strong>πως</strong></span> <span class='ocrx_word' id='word_1_494' title='bbox 946 1867 996 1892; x_wconf 81' lang='grc' dir='ltr'><strong>κὰ-</strong></span> 
     </span>
    </p>
   </div>
   <div class='ocr_carea' id='block_1_70' title="bbox 214 1910 997 1948">
    <p class='ocr_par' dir='ltr' id='par_1_70' title="bbox 214 1910 997 1948">
     <span class='ocr_line' id='line_1_70' title="bbox 214 1910 997 1948; baseline 0 -10"><span class='ocrx_word' id='word_1_495' title='bbox 214 1913 308 1946; x_wconf 84' lang='grc' dir='ltr'>κείνην</span> <span class='ocrx_word' id='word_1_496' title='bbox 320 1911 450 1946; x_wconf 78' lang='grc' dir='ltr'>ἀσέληνον</span> <span class='ocrx_word' id='word_1_497' title='bbox 464 1910 592 1948; x_wconf 74' lang='grc' dir='ltr'>εἶναιτὴν</span> <span class='ocrx_word' id='word_1_498' title='bbox 609 1911 703 1945; x_wconf 82' lang='grc' dir='ltr'>νύκτα,</span> <span class='ocrx_word' id='word_1_499' title='bbox 717 1912 764 1939; x_wconf 78' lang='grc' dir='ltr'>ἅτε</span> <span class='ocrx_word' id='word_1_500' title='bbox 777 1911 838 1938; x_wconf 75' lang='grc' dir='ltr'>καθ’</span> <span class='ocrx_word' id='word_1_501' title='bbox 850 1912 878 1938; x_wconf 78' lang='grc' dir='ltr'>ἐν</span> <span class='ocrx_word' id='word_1_502' title='bbox 891 1912 997 1945; x_wconf 80' lang='grc' dir='ltr'>ζώδιον,</span> 
     </span>
    </p>
   </div>
   <div class='ocr_carea' id='block_1_71' title="bbox 213 1955 998 1992">
    <p class='ocr_par' dir='ltr' id='par_1_71' title="bbox 213 1955 998 1992">
     <span class='ocr_line' id='line_1_71' title="bbox 213 1955 998 1992; baseline 0.001 -10"><span class='ocrx_word' id='word_1_503' title='bbox 213 1957 314 1991; x_wconf 80' lang='grc' dir='ltr'>δηλαδὴ</span> <span class='ocrx_word' id='word_1_504' title='bbox 324 1957 369 1982; x_wconf 75' lang='grc' dir='ltr'><strong>τὸν</strong></span> <span class='ocrx_word' id='word_1_505' title='bbox 381 1956 512 1991; x_wconf 81' lang='grc' dir='ltr'>Τοξότην,</span> <span class='ocrx_word' id='word_1_506' title='bbox 525 1956 580 1982; x_wconf 85' lang='grc' dir='ltr'>τῶν</span> <span class='ocrx_word' id='word_1_507' title='bbox 596 1955 667 1982; x_wconf 83' lang='grc' dir='ltr'>δυοῖν</span> <span class='ocrx_word' id='word_1_508' title='bbox 681 1956 875 1991; x_wconf 81' lang='grc' dir='ltr'>διατρισόντων</span> <span class='ocrx_word' id='word_1_509' title='bbox 890 1957 998 1992; x_wconf 84' lang='grc' dir='ltr'>φωστή-</span> 
     </span>
    </p>
   </div>
   <div class='ocr_carea' id='block_1_72' title="bbox 216 2000 998 2036">
    <p class='ocr_par' dir='ltr' id='par_1_72' title="bbox 216 2000 998 2036">
     <span class='ocr_line' id='line_1_72' title="bbox 216 2000 998 2036; baseline 0.001 -9"><span class='ocrx_word' id='word_1_510' title='bbox 216 2009 269 2034; x_wconf 83' lang='grc' dir='ltr'><strong>ρων</strong></span> <span class='ocrx_word' id='word_1_511' title='bbox 288 2000 451 2035; x_wconf 81' lang='grc' dir='ltr'>τηνικαῦτα,</span> <span class='ocrx_word' id='word_1_512' title='bbox 465 2002 512 2027; x_wconf 78' lang='grc' dir='ltr'>καὶ</span> <span class='ocrx_word' id='word_1_513' title='bbox 525 2000 602 2035; x_wconf 77' lang='grc' dir='ltr'>μόλις</span> <span class='ocrx_word' id='word_1_514' title='bbox 614 2009 666 2027; x_wconf 86' lang='grc' dir='ltr'><strong>που</strong></span> <span class='ocrx_word' id='word_1_515' title='bbox 683 2001 877 2028; x_wconf 79' lang='grc' dir='ltr'>πεντεκαίδεκα</span> <span class='ocrx_word' id='word_1_516' title='bbox 900 2001 998 2036; x_wconf 66' lang='grc' dir='ltr'>μοίρας</span> 
     </span>
    </p>
   </div>
   <div class='ocr_carea' id='block_1_73' title="bbox 214 2046 999 2083">
    <p class='ocr_par' dir='ltr' id='par_1_73' title="bbox 214 2046 999 2083">
     <span class='ocr_line' id='line_1_73' title="bbox 214 2046 999 2083; baseline 0 -10"><span class='ocrx_word' id='word_1_517' title='bbox 214 2047 405 2081; x_wconf 75' lang='grc' dir='ltr'>ἀφισταμένων</span> <span class='ocrx_word' id='word_1_518' title='bbox 417 2046 547 2082; x_wconf 79' lang='grc' dir='ltr'>ἀλλήλων,</span> <span class='ocrx_word' id='word_1_519' title='bbox 565 2047 634 2081; x_wconf 79' lang='grc' dir='ltr'>μετὰ</span> <span class='ocrx_word' id='word_1_520' title='bbox 643 2047 752 2073; x_wconf 82' lang='grc' dir='ltr'>σύνοδον</span> <span class='ocrx_word' id='word_1_521' title='bbox 762 2048 811 2083; x_wconf 74' lang='grc' dir='ltr'>ἤδη</span> <span class='ocrx_word' id='word_1_522' title='bbox 825 2048 875 2082; x_wconf 78' lang='grc' dir='ltr'>τῆς</span> <span class='ocrx_word' id='word_1_523' title='bbox 884 2048 999 2082; x_wconf 77' lang='grc' dir='ltr'>σελήνης</span> 
     </span>
    </p>
   </div>
   <div class='ocr_carea' id='block_1_74' title="bbox 214 2092 999 2128">
    <p class='ocr_par' dir='ltr' id='par_1_74' title="bbox 214 2092 999 2128">
     <span class='ocr_line' id='line_1_74' title="bbox 214 2092 999 2128; baseline 0.003 -11"><span class='ocrx_word' id='word_1_524' title='bbox 214 2092 365 2126; x_wconf 76' lang='grc' dir='ltr'>φευγούσης</span> <span class='ocrx_word' id='word_1_525' title='bbox 376 2092 422 2121; x_wconf 74' lang='grc' dir='ltr'>τὸν</span> <span class='ocrx_word' id='word_1_526' title='bbox 435 2093 520 2126; x_wconf 76' lang='grc' dir='ltr'>ἥλιον,</span> <span class='ocrx_word' id='word_1_527' title='bbox 538 2092 586 2118; x_wconf 72' lang='grc' dir='ltr'>καὶ</span> <span class='ocrx_word' id='word_1_528' title='bbox 602 2093 686 2127; x_wconf 75' lang='grc' dir='ltr'>μήπω</span> <span class='ocrx_word' id='word_1_529' title='bbox 703 2093 764 2128; x_wconf 80' lang='grc' dir='ltr'>μηδ’</span> <span class='ocrx_word' id='word_1_530' title='bbox 779 2093 864 2127; x_wconf 65' lang='grc' dir='ltr'>αὐτῆς</span> <span class='ocrx_word' id='word_1_531' title='bbox 875 2093 937 2128; x_wconf 87' lang='grc' dir='ltr'>μηδ’</span> <span class='ocrx_word' id='word_1_532' title='bbox 951 2093 999 2119; x_wconf 78' lang='grc' dir='ltr'><strong>ἐπὶ</strong></span> 
     </span>
    </p>
   </div>
   <div class='ocr_carea' id='block_1_75' title="bbox 214 2137 999 2174">
    <p class='ocr_par' dir='ltr' id='par_1_75' title="bbox 214 2137 999 2174">
     <span class='ocr_line' id='line_1_75' title="bbox 214 2137 999 2174; baseline -0.001 -9"><span class='ocrx_word' id='word_1_533' title='bbox 214 2138 301 2173; x_wconf 78' lang='grc' dir='ltr'>βραχὺ</span> <span class='ocrx_word' id='word_1_534' title='bbox 311 2138 460 2173; x_wconf 64' lang='grc' dir='ltr'>δυναμένης</span> <span class='ocrx_word' id='word_1_535' title='bbox 469 2137 598 2173; x_wconf 82' lang='grc' dir='ltr'>βραχείας</span> <span class='ocrx_word' id='word_1_536' title='bbox 606 2137 671 2171; x_wconf 81' lang='grc' dir='ltr'>γοῦν</span> <span class='ocrx_word' id='word_1_537' title='bbox 679 2139 712 2173; x_wconf 83' lang='grc' dir='ltr'>τῇ</span> <span class='ocrx_word' id='word_1_538' title='bbox 724 2139 783 2165; x_wconf 82' lang='grc' dir='ltr'>καθ’</span> <span class='ocrx_word' id='word_1_539' title='bbox 794 2139 866 2173; x_wconf 80' lang='grc' dir='ltr'>ἡμᾶς</span> <span class='ocrx_word' id='word_1_540' title='bbox 874 2139 999 2174; x_wconf 65' lang='grc' dir='ltr'>οἰκουμέη</span> 
     </span>
    </p>
   </div>
   <div class='ocr_carea' id='block_1_76' title="bbox 213 2180 1037 2218">
    <p class='ocr_par' dir='ltr' id='par_1_76' title="bbox 213 2180 1037 2218">
     <span class='ocr_line' id='line_1_76' title="bbox 213 2180 1037 2218; baseline 0 -7"><span class='ocrx_word' id='word_1_541' title='bbox 213 2192 245 2218; x_wconf 76' lang='grc' dir='ltr'><strong>νη</strong></span> <span class='ocrx_word' id='word_1_542' title='bbox 262 2186 389 2218; x_wconf 70' lang='grc' dir='ltr'>χορηγεῖν</span> <span class='ocrx_word' id='word_1_543' title='bbox 397 2183 449 2209; x_wconf 84' lang='grc' dir='ltr'>τῶν</span> <span class='ocrx_word' id='word_1_544' title='bbox 462 2183 570 2209; x_wconf 72' lang='grc' dir='ltr'>οἰκείων</span> <span class='ocrx_word' id='word_1_545' title='bbox 581 2182 672 2216; x_wconf 74' lang='grc' dir='ltr'>αὐγῶν</span> <span class='ocrx_word' id='word_1_546' title='bbox 682 2183 730 2214; x_wconf 78' lang='grc' dir='ltr'>τὰς</span> <span class='ocrx_word' id='word_1_547' title='bbox 752 2183 784 2209; x_wconf 91' lang='grc' dir='ltr'><strong>λα</strong></span> <span class='ocrx_word' id='word_1_548' title='bbox 789 2183 907 2217; x_wconf 81' lang='grc' dir='ltr'>μπάδας.</span> <span class='ocrx_word' id='word_1_549' title='bbox 928 2183 998 2217; x_wconf 85' lang='grc' dir='ltr'><strong>Ἐγὼ</strong></span> <span class='ocrx_word' id='word_1_550' title='bbox 1012 2180 1037 2210; x_wconf 89' lang='lat' dir='ltr'><strong>D</strong></span> 
     </span>
    </p>
   </div>
   <div class='ocr_carea' id='block_1_77' title="bbox 213 2229 997 2265">
    <p class='ocr_par' dir='ltr' id='par_1_77' title="bbox 213 2229 997 2265">
     <span class='ocr_line' id='line_1_77' title="bbox 213 2229 997 2265; baseline 0.001 -10"><span class='ocrx_word' id='word_1_551' title='bbox 213 2229 278 2262; x_wconf 77' lang='grc' dir='ltr'>γοῦν</span> <span class='ocrx_word' id='word_1_552' title='bbox 293 2229 394 2265; x_wconf 75' lang='grc' dir='ltr'>ἀήθους</span> <span class='ocrx_word' id='word_1_553' title='bbox 412 2229 459 2255; x_wconf 82' lang='grc' dir='ltr'><strong>καὶ</strong></span> <span class='ocrx_word' id='word_1_554' title='bbox 489 2229 565 2261; x_wconf 75' lang='grc' dir='ltr'>ξένου</span> <span class='ocrx_word' id='word_1_555' title='bbox 592 2229 664 2261; x_wconf 78' lang='grc' dir='ltr'>τινος</span> <span class='ocrx_word' id='word_1_556' title='bbox 681 2229 840 2264; x_wconf 74' lang='grc' dir='ltr'>αἰσθόμενος</span> <span class='ocrx_word' id='word_1_557' title='bbox 873 2229 997 2256; x_wconf 73' lang='grc' dir='ltr'>ἐντεῦθεν</span> 
     </span>
    </p>
   </div>
   <div class='ocr_carea' id='block_1_78' title="bbox 214 2275 997 2311">
    <p class='ocr_par' dir='ltr' id='par_1_78' title="bbox 214 2275 997 2311">
     <span class='ocr_line' id='line_1_78' title="bbox 214 2275 997 2311; baseline -0.003 -8"><span class='ocrx_word' id='word_1_558' title='bbox 214 2276 337 2310; x_wconf 77' lang='grc' dir='ltr'>πατάγου</span> <span class='ocrx_word' id='word_1_559' title='bbox 348 2276 382 2303; x_wconf 79' lang='grc' dir='ltr'>τὰ</span> <span class='ocrx_word' id='word_1_560' title='bbox 401 2275 449 2309; x_wconf 77' lang='grc' dir='ltr'>μὲν</span> <span class='ocrx_word' id='word_1_561' title='bbox 463 2275 559 2310; x_wconf 81' lang='grc' dir='ltr'>πρῶτα</span> <span class='ocrx_word' id='word_1_562' title='bbox 575 2275 620 2302; x_wconf 75' lang='grc' dir='ltr'><strong>διὰ</strong></span> <span class='ocrx_word' id='word_1_563' title='bbox 637 2275 686 2310; x_wconf 79' lang='grc' dir='ltr'>τὴν</span> <span class='ocrx_word' id='word_1_564' title='bbox 707 2276 812 2311; x_wconf 74' lang='grc' dir='ltr'>ἀωρίαν</span> <span class='ocrx_word' id='word_1_565' title='bbox 827 2275 997 2310; x_wconf 80' lang='grc' dir='ltr'>ὲξεπεπλήγ-</span> 
     </span>
    </p>
   </div>
   <div class='ocr_carea' id='block_1_79' title="bbox 215 2321 997 2358">
    <p class='ocr_par' dir='ltr' id='par_1_79' title="bbox 215 2321 997 2358">
     <span class='ocr_line' id='line_1_79' title="bbox 215 2321 997 2358; baseline 0.001 -10"><span class='ocrx_word' id='word_1_566' title='bbox 215 2332 268 2358; x_wconf 88' lang='grc' dir='ltr'><strong>μην</strong></span> <span class='ocrx_word' id='word_1_567' title='bbox 281 2332 287 2338; x_wconf 94' lang='grc'><strong>·</strong></span> <span class='ocrx_word' id='word_1_568' title='bbox 303 2321 363 2349; x_wconf 77' lang='grc' dir='ltr'>εἶτα</span> <span class='ocrx_word' id='word_1_569' title='bbox 386 2322 474 2356; x_wconf 73' lang='grc' dir='ltr'>φωτὸς</span> <span class='ocrx_word' id='word_1_570' title='bbox 498 2321 674 2356; x_wconf 74' lang='grc' dir='ltr'>κομισθέντος</span> <span class='ocrx_word' id='word_1_571' title='bbox 693 2322 741 2348; x_wconf 79' lang='grc' dir='ltr'>καὶ</span> <span class='ocrx_word' id='word_1_572' title='bbox 758 2322 819 2350; x_wconf 52' lang='lat' dir='ltr'><strong>Iw</strong></span> <span class='ocrx_word' id='word_1_573' title='bbox 841 2322 895 2349; x_wconf 76' lang='grc' dir='ltr'>οὐδ’</span> <span class='ocrx_word' id='word_1_574' title='bbox 910 2322 997 2354; x_wconf 73' lang='grc' dir='ltr'>οὕτως</span> 
     </span>
    </p>
   </div>
   <div class='ocr_carea' id='block_1_80' title="bbox 213 2366 993 2404">
    <p class='ocr_par' dir='ltr' id='par_1_80' title="bbox 213 2366 993 2404">
     <span class='ocr_line' id='line_1_80' title="bbox 213 2366 993 2404; baseline 0.001 -10"><span class='ocrx_word' id='word_1_575' title='bbox 213 2370 319 2396; x_wconf 82' lang='grc' dir='ltr'>οὐδέπω</span> <span class='ocrx_word' id='word_1_576' title='bbox 342 2369 396 2395; x_wconf 87' lang='grc' dir='ltr'>τῶν</span> <span class='ocrx_word' id='word_1_577' title='bbox 415 2369 563 2404; x_wconf 84' lang='grc' dir='ltr'>γνωρίμων</span> <span class='ocrx_word' id='word_1_578' title='bbox 586 2369 663 2399; x_wconf 69' lang='grc' dir='ltr'>ἐντὸς</span> <span class='ocrx_word' id='word_1_579' title='bbox 687 2368 811 2403; x_wconf 74' lang='grc' dir='ltr'>ἐνόμιζον</span> <span class='ocrx_word' id='word_1_580' title='bbox 835 2366 905 2394; x_wconf 87' lang='grc' dir='ltr'>εἷναί</span> <span class='ocrx_word' id='word_1_581' title='bbox 921 2376 993 2401; x_wconf 80' lang='grc' dir='ltr'>τινα,</span> 
     </span>
    </p>
   </div>
   <div class='ocr_carea' id='block_1_81' title="bbox 215 2415 995 2450">
    <p class='ocr_par' dir='ltr' id='par_1_81' title="bbox 215 2415 995 2450">
     <span class='ocr_line' id='line_1_81' title="bbox 215 2415 995 2450; baseline -0.001 -8"><span class='ocrx_word' id='word_1_582' title='bbox 215 2415 329 2449; x_wconf 85' lang='grc' dir='ltr'>μακρῶν</span> <span class='ocrx_word' id='word_1_583' title='bbox 352 2415 396 2442; x_wconf 82' lang='grc' dir='ltr'><strong>διὰ</strong></span> <span class='ocrx_word' id='word_1_584' title='bbox 418 2415 468 2450; x_wconf 77' lang='grc' dir='ltr'>τὴν</span> <span class='ocrx_word' id='word_1_585' title='bbox 482 2415 616 2449; x_wconf 78' lang='grc' dir='ltr'>ἐκδημίαν</span> <span class='ocrx_word' id='word_1_586' title='bbox 634 2415 684 2449; x_wconf 76' lang='grc' dir='ltr'><strong>ἤδη</strong></span> <span class='ocrx_word' id='word_1_587' title='bbox 712 2423 762 2440; x_wconf 89' lang='grc' dir='ltr'><strong>που</strong></span> <span class='ocrx_word' id='word_1_588' title='bbox 779 2415 995 2450; x_wconf 60' lang='grc' dir='ltr'>παραρρυέντων</span> 
     </span>
    </p>
   </div>
   <div class='ocr_carea' id='block_1_82' title="bbox 213 2460 996 2496">
    <p class='ocr_par' dir='ltr' id='par_1_82' title="bbox 213 2460 996 2496">
     <span class='ocr_line' id='line_1_82' title="bbox 213 2460 996 2496; baseline -0.001 -9"><span class='ocrx_word' id='word_1_589' title='bbox 213 2461 292 2493; x_wconf 80' lang='grc' dir='ltr'><strong>ὲτῶν,</strong></span> <span class='ocrx_word' id='word_1_590' title='bbox 309 2461 356 2487; x_wconf 84' lang='grc' dir='ltr'>καὶ</span> <span class='ocrx_word' id='word_1_591' title='bbox 373 2461 443 2487; x_wconf 81' lang='grc' dir='ltr'>αὐτὰ</span> <span class='ocrx_word' id='word_1_592' title='bbox 461 2460 553 2495; x_wconf 75' lang='grc' dir='ltr'>σχεδὸν</span> <span class='ocrx_word' id='word_1_593' title='bbox 571 2460 626 2488; x_wconf 83' lang='grc' dir='ltr'>τῶν</span> <span class='ocrx_word' id='word_1_594' title='bbox 640 2460 825 2496; x_wconf 79' lang='grc' dir='ltr'>χαρακτήρων</span> <span class='ocrx_word' id='word_1_595' title='bbox 842 2461 891 2495; x_wconf 80' lang='grc' dir='ltr'>τῆς</span> <span class='ocrx_word' id='word_1_596' title='bbox 907 2460 996 2495; x_wconf 75' lang='grc' dir='ltr'>ὂψεως</span> 
     </span>
    </p>
   </div>
   <div class='ocr_carea' id='block_1_83' title="bbox 213 2504 995 2542">
    <p class='ocr_par' dir='ltr' id='par_1_83' title="bbox 213 2504 995 2542">
     <span class='ocr_line' id='line_1_83' title="bbox 213 2504 995 2542; baseline 0 -10"><span class='ocrx_word' id='word_1_597' title='bbox 213 2504 296 2533; x_wconf 79' lang='grc' dir='ltr'>αὑτοῦ</span> <span class='ocrx_word' id='word_1_598' title='bbox 310 2506 344 2532; x_wconf 81' lang='grc' dir='ltr'><strong>τὰ</strong></span> <span class='ocrx_word' id='word_1_599' title='bbox 364 2507 465 2541; x_wconf 74' lang='grc' dir='ltr'>σημεῖα</span> <span class='ocrx_word' id='word_1_600' title='bbox 479 2507 531 2541; x_wconf 82' lang='grc' dir='ltr'>τῆς</span> <span class='ocrx_word' id='word_1_601' title='bbox 563 2506 632 2541; x_wconf 73' lang='grc' dir='ltr'>ἐμῆς</span> <span class='ocrx_word' id='word_1_602' title='bbox 658 2507 844 2542; x_wconf 69' lang='grc' dir='ltr'>ἀφῃρημένων</span> <span class='ocrx_word' id='word_1_603' title='bbox 873 2507 995 2541; x_wconf 85' lang='grc' dir='ltr'>μνήμης.</span> 
     </span>
    </p>
   </div>
   <div class='ocr_carea' id='block_1_84' title="bbox 220 2552 997 2587">
    <p class='ocr_par' dir='ltr' id='par_1_84' title="bbox 220 2552 997 2587">
     <span class='ocr_line' id='line_1_84' title="bbox 220 2552 997 2587; baseline -0.003 -7"><span class='ocrx_word' id='word_1_604' title='bbox 220 2553 288 2580; x_wconf 67' lang='grc' dir='ltr'>Ἀλλ’</span> <span class='ocrx_word' id='word_1_605' title='bbox 305 2554 408 2584; x_wconf 74' lang='grc' dir='ltr'>ἐκεῖνος</span> <span class='ocrx_word' id='word_1_606' title='bbox 422 2552 481 2579; x_wconf 74' lang='grc' dir='ltr'>ἐπεί</span> <span class='ocrx_word' id='word_1_607' title='bbox 498 2561 527 2578; x_wconf 81' lang='grc' dir='ltr'><strong>τε</strong></span> <span class='ocrx_word' id='word_1_608' title='bbox 543 2554 592 2579; x_wconf 80' lang='grc' dir='ltr'>ῐδοι</span> <span class='ocrx_word' id='word_1_609' title='bbox 605 2553 652 2579; x_wconf 80' lang='grc' dir='ltr'>καὶ</span> <span class='ocrx_word' id='word_1_610' title='bbox 663 2553 793 2587; x_wconf 84' lang='grc' dir='ltr'>ἀναγνοίη</span> <span class='ocrx_word' id='word_1_611' title='bbox 810 2553 926 2587; x_wconf 76' lang='grc' dir='ltr'>βεῆαίως</span> <span class='ocrx_word' id='word_1_612' title='bbox 937 2552 997 2586; x_wconf 67' lang='grc' dir='ltr'><strong>ἐμὲ.</strong></span> 
     </span>
    </p>
   </div>
   <div class='ocr_carea' id='block_1_85' title="bbox 215 2592 998 2635">
    <p class='ocr_par' dir='ltr' id='par_1_85' title="bbox 215 2592 998 2635">
     <span class='ocr_line' id='line_1_85' title="bbox 215 2592 998 2635; baseline -0.003 -9"><span class='ocrx_word' id='word_1_613' title='bbox 215 2599 308 2635; x_wconf 76' lang='grc' dir='ltr'>βύθιόν</span> <span class='ocrx_word' id='word_1_614' title='bbox 335 2608 361 2625; x_wconf 86' lang='grc' dir='ltr'><strong>τι</strong></span> <span class='ocrx_word' id='word_1_615' title='bbox 387 2600 434 2625; x_wconf 78' lang='grc' dir='ltr'>καὶ</span> <span class='ocrx_word' id='word_1_616' title='bbox 451 2599 552 2633; x_wconf 67' lang='grc' dir='ltr'>σφόδρα</span> <span class='ocrx_word' id='word_1_617' title='bbox 578 2592 732 2634; x_wconf 63' lang='grc' dir='ltr'>περιπαθὲς</span> <span class='ocrx_word' id='word_1_618' title='bbox 759 2598 918 2634; x_wconf 71' lang='grc' dir='ltr'>ἀνῴμωξεν,</span> <span class='ocrx_word' id='word_1_619' title='bbox 942 2596 998 2624; x_wconf 83' lang='grc' dir='ltr'>οἷον</span> 
     </span>
    </p>
   </div>
   <div class='ocr_carea' id='block_1_86' title="bbox 214 2644 998 2681">
    <p class='ocr_par' dir='ltr' id='par_1_86' title="bbox 214 2644 998 2681">
     <span class='ocr_line' id='line_1_86' title="bbox 214 2644 998 2681; baseline -0.001 -9"><span class='ocrx_word' id='word_1_620' title='bbox 214 2647 313 2681; x_wconf 74' lang='grc' dir='ltr'>ἄθρουν</span> <span class='ocrx_word' id='word_1_621' title='bbox 335 2644 396 2671; x_wconf 85' lang='grc' dir='ltr'>τινὰ</span> <span class='ocrx_word' id='word_1_622' title='bbox 420 2644 465 2672; x_wconf 79' lang='grc' dir='ltr'>καὶ</span> <span class='ocrx_word' id='word_1_623' title='bbox 484 2645 621 2681; x_wconf 80' lang='grc' dir='ltr'>ὁμιχλώδη</span> <span class='ocrx_word' id='word_1_624' title='bbox 644 2645 747 2673; x_wconf 77' lang='grc' dir='ltr'>καπνὸν</span> <span class='ocrx_word' id='word_1_625' title='bbox 766 2645 926 2680; x_wconf 81' lang='grc' dir='ltr'>καμινιαίας</span> <span class='ocrx_word' id='word_1_626' title='bbox 955 2646 998 2673; x_wconf 78' lang='grc' dir='ltr'><strong>αἰ-</strong></span> 
     </span>
    </p>
   </div>
   <div class='ocr_carea' id='block_1_87' title="bbox 1047 1546 1836 1581">
    <p class='ocr_par' dir='ltr' id='par_1_87' title="bbox 1047 1546 1836 1581">
     <span class='ocr_line' id='line_1_87' title="bbox 1047 1546 1836 1581; baseline 0.003 -8"><span class='ocrx_word' id='word_1_627' title='bbox 1047 1547 1119 1581; x_wconf 87' lang='lat' dir='ltr'><strong>quod</strong></span> <span class='ocrx_word' id='word_1_628' title='bbox 1144 1554 1158 1573; x_wconf 94' lang='lat' dir='ltr'><strong>a</strong></span> <span class='ocrx_word' id='word_1_629' title='bbox 1183 1546 1250 1573; x_wconf 85' lang='lat' dir='ltr'><strong>meis</strong></span> <span class='ocrx_word' id='word_1_630' title='bbox 1278 1546 1438 1573; x_wconf 85' lang='lat' dir='ltr'><strong>custodibus</strong></span> <span class='ocrx_word' id='word_1_631' title='bbox 1454 1547 1600 1580; x_wconf 89' lang='lat' dir='ltr'><strong>quotannis</strong></span> <span class='ocrx_word' id='word_1_632' title='bbox 1617 1548 1774 1575; x_wconf 72' lang='lat' dir='ltr'><strong>castissimae</strong></span> <span class='ocrx_word' id='word_1_633' title='bbox 1789 1556 1836 1575; x_wconf 90' lang='lat' dir='ltr'><strong>ce-</strong></span> 
     </span>
    </p>
   </div>
   <div class='ocr_carea' id='block_1_88' title="bbox 1047 1590 1837 1626">
    <p class='ocr_par' dir='ltr' id='par_1_88' title="bbox 1047 1590 1837 1626">
     <span class='ocr_line' id='line_1_88' title="bbox 1047 1590 1837 1626; baseline 0.003 -9"><span class='ocrx_word' id='word_1_634' title='bbox 1047 1591 1168 1618; x_wconf 82' lang='lat' dir='ltr'><strong>lebratur</strong></span> <span class='ocrx_word' id='word_1_635' title='bbox 1182 1590 1260 1617; x_wconf 80' lang='lat' dir='ltr'><strong>Matri</strong></span> <span class='ocrx_word' id='word_1_636' title='bbox 1281 1591 1346 1622; x_wconf 87' lang='lat' dir='ltr'><strong>Dei,</strong></span> <span class='ocrx_word' id='word_1_637' title='bbox 1366 1591 1445 1617; x_wconf 86' lang='lat' dir='ltr'><strong>turba</strong></span> <span class='ocrx_word' id='word_1_638' title='bbox 1468 1591 1607 1617; x_wconf 85' lang='lat' dir='ltr'><strong>hominum</strong></span> <span class='ocrx_word' id='word_1_639' title='bbox 1633 1593 1723 1619; x_wconf 88' lang='lat' dir='ltr'><strong>omnis</strong></span> <span class='ocrx_word' id='word_1_640' title='bbox 1753 1600 1837 1626; x_wconf 79' lang='lat' dir='ltr'><strong>gene-</strong></span> 
     </span>
    </p>
   </div>
   <div class='ocr_carea' id='block_1_89' title="bbox 1047 1635 1836 1671">
    <p class='ocr_par' dir='ltr' id='par_1_89' title="bbox 1047 1635 1836 1671">
     <span class='ocr_line' id='line_1_89' title="bbox 1047 1635 1836 1671; baseline 0.001 -8"><span class='ocrx_word' id='word_1_641' title='bbox 1047 1637 1085 1663; x_wconf 88' lang='lat' dir='ltr'><strong>ris</strong></span> <span class='ocrx_word' id='word_1_642' title='bbox 1117 1635 1271 1670; x_wconf 72' lang='lat' dir='ltr'><strong>promis‘cue</strong></span> <span class='ocrx_word' id='word_1_643' title='bbox 1306 1636 1422 1662; x_wconf 84' lang='lat' dir='ltr'><strong>intraret</strong></span> <span class='ocrx_word' id='word_1_644' title='bbox 1449 1636 1580 1670; x_wconf 85' lang='lat' dir='ltr'><strong>templum</strong></span> <span class='ocrx_word' id='word_1_645' title='bbox 1614 1640 1695 1670; x_wconf 83' lang='lat' dir='ltr'><strong>atque</strong></span> <span class='ocrx_word' id='word_1_646' title='bbox 1723 1637 1836 1671; x_wconf 77' lang='lat' dir='ltr'><strong>egrede-</strong></span> 
     </span>
    </p>
   </div>
   <div class='ocr_carea' id='block_1_90' title="bbox 1047 1681 1835 1716">
    <p class='ocr_par' dir='ltr' id='par_1_90' title="bbox 1047 1681 1835 1716">
     <span class='ocr_line' id='line_1_90' title="bbox 1047 1681 1835 1716; baseline -0.001 -7"><span class='ocrx_word' id='word_1_647' title='bbox 1047 1688 1136 1713; x_wconf 89' lang='lat' dir='ltr'><strong>retur,</strong></span> <span class='ocrx_word' id='word_1_648' title='bbox 1153 1683 1196 1709; x_wconf 93' lang='lat' dir='ltr'><strong>vir</strong></span> <span class='ocrx_word' id='word_1_649' title='bbox 1213 1681 1313 1709; x_wconf 87' lang='lat' dir='ltr'><strong>nobilis</strong></span> <span class='ocrx_word' id='word_1_650' title='bbox 1330 1681 1453 1715; x_wconf 86' lang='lat' dir='ltr'><strong>quidam.</strong></span> <span class='ocrx_word' id='word_1_651' title='bbox 1465 1682 1510 1716; x_wconf 90' lang='lat' dir='ltr'><strong>qui</strong></span> <span class='ocrx_word' id='word_1_652' title='bbox 1526 1682 1662 1716; x_wconf 82' lang='lat' dir='ltr'><strong>quondam</strong></span> <span class='ocrx_word' id='word_1_653' title='bbox 1680 1689 1759 1709; x_wconf 91' lang='lat' dir='ltr'><strong>meus</strong></span> <span class='ocrx_word' id='word_1_654' title='bbox 1775 1682 1835 1709; x_wconf 89' lang='lat' dir='ltr'><strong>fue-</strong></span> 
     </span>
    </p>
   </div>
   <div class='ocr_carea' id='block_1_91' title="bbox 1048 1728 1835 1763">
    <p class='ocr_par' dir='ltr' id='par_1_91' title="bbox 1048 1728 1835 1763">
     <span class='ocr_line' id='line_1_91' title="bbox 1048 1728 1835 1763; baseline -0.003 -7"><span class='ocrx_word' id='word_1_655' title='bbox 1048 1734 1090 1756; x_wconf 88' lang='lat' dir='ltr'><strong>rat</strong></span> <span class='ocrx_word' id='word_1_656' title='bbox 1119 1729 1268 1763; x_wconf 86' lang='lat' dir='ltr'><strong>discipulus</strong></span> <span class='ocrx_word' id='word_1_657' title='bbox 1293 1728 1416 1762; x_wconf 84' lang='lat' dir='ltr'><strong>mihique</strong></span> <span class='ocrx_word' id='word_1_658' title='bbox 1440 1728 1559 1755; x_wconf 83' lang='lat' dir='ltr'><strong>maxime</strong></span> <span class='ocrx_word' id='word_1_659' title='bbox 1588 1728 1742 1760; x_wconf 77' lang='lat' dir='ltr'><strong>familiaris,</strong></span> <span class='ocrx_word' id='word_1_660' title='bbox 1766 1728 1835 1755; x_wconf 88' lang='lat' dir='ltr'><strong>clam</strong></span> 
     </span>
    </p>
   </div>
   <div class='ocr_carea' id='block_1_92' title="bbox 1048 1774 1834 1810">
    <p class='ocr_par' dir='ltr' id='par_1_92' title="bbox 1048 1774 1834 1810">
     <span class='ocr_line' id='line_1_92' title="bbox 1048 1774 1834 1810; baseline -0.003 -7"><span class='ocrx_word' id='word_1_661' title='bbox 1048 1775 1168 1803; x_wconf 85' lang='lat' dir='ltr'><strong>secunda</strong></span> <span class='ocrx_word' id='word_1_662' title='bbox 1182 1776 1237 1810; x_wconf 87' lang='lat' dir='ltr'><strong>jam</strong></span> <span class='ocrx_word' id='word_1_663' title='bbox 1252 1775 1341 1802; x_wconf 85' lang='lat' dir='ltr'><strong>noctis</strong></span> <span class='ocrx_word' id='word_1_664' title='bbox 1357 1774 1446 1809; x_wconf 80' lang='lat' dir='ltr'><strong>vigilia</strong></span> <span class='ocrx_word' id='word_1_665' title='bbox 1464 1782 1512 1809; x_wconf 87' lang='lat' dir='ltr'><strong>per</strong></span> <span class='ocrx_word' id='word_1_666' title='bbox 1530 1774 1834 1809; x_wconf 43' lang='lat' dir='ltr'><strong>fenestram‘quauulam</strong></span> 
     </span>
    </p>
   </div>
   <div class='ocr_carea' id='block_1_93' title="bbox 1049 1821 1835 1855">
    <p class='ocr_par' dir='ltr' id='par_1_93' title="bbox 1049 1821 1835 1855">
     <span class='ocr_line' id='line_1_93' title="bbox 1049 1821 1835 1855; baseline -0.001 -7"><span class='ocrx_word' id='word_1_667' title='bbox 1049 1821 1076 1848; x_wconf 92' lang='lat' dir='ltr'><strong>in</strong></span> <span class='ocrx_word' id='word_1_668' title='bbox 1092 1829 1180 1848; x_wconf 89' lang='lat' dir='ltr'><strong>meam</strong></span> <span class='ocrx_word' id='word_1_669' title='bbox 1197 1821 1307 1855; x_wconf 85' lang='lat' dir='ltr'><strong>irrepsit</strong></span> <span class='ocrx_word' id='word_1_670' title='bbox 1318 1821 1440 1848; x_wconf 89' lang='lat' dir='ltr'><strong>domum.</strong></span> <span class='ocrx_word' id='word_1_671' title='bbox 1452 1822 1550 1849; x_wconf 75' lang='lat' dir='ltr'><strong>Evertit</strong></span> <span class='ocrx_word' id='word_1_672' title='bbox 1563 1822 1636 1848; x_wconf 89' lang='lat' dir='ltr'><strong>enim</strong></span> <span class='ocrx_word' id='word_1_673' title='bbox 1656 1822 1727 1848; x_wconf 81' lang='lat' dir='ltr'><strong>fcrte</strong></span> <span class='ocrx_word' id='word_1_674' title='bbox 1743 1827 1772 1847; x_wconf 91' lang='lat' dir='ltr'><strong>ut</strong></span> <span class='ocrx_word' id='word_1_675' title='bbox 1790 1822 1835 1848; x_wconf 84' lang='lat' dir='ltr'><strong>illa</strong></span> 
     </span>
    </p>
   </div>
   <div class='ocr_carea' id='block_1_94' title="bbox 1049 1866 1835 1903">
    <p class='ocr_par' dir='ltr' id='par_1_94' title="bbox 1049 1866 1835 1903">
     <span class='ocr_line' id='line_1_94' title="bbox 1049 1866 1835 1903; baseline 0 -9"><span class='ocrx_word' id='word_1_676' title='bbox 1049 1875 1103 1894; x_wconf 80' lang='lat' dir='ltr'><strong>nox</strong></span> <span class='ocrx_word' id='word_1_677' title='bbox 1116 1870 1190 1894; x_wconf 86' lang='lat' dir='ltr'><strong>esset</strong></span> <span class='ocrx_word' id='word_1_678' title='bbox 1204 1866 1308 1897; x_wconf 85' lang='lat' dir='ltr'><strong>illunis,</strong></span> <span class='ocrx_word' id='word_1_679' title='bbox 1324 1867 1397 1901; x_wconf 90' lang='lat' dir='ltr'><strong>quod</strong></span> <span class='ocrx_word' id='word_1_680' title='bbox 1413 1868 1440 1894; x_wconf 93' lang='lat' dir='ltr'><strong>in</strong></span> <span class='ocrx_word' id='word_1_681' title='bbox 1459 1875 1515 1894; x_wconf 92' lang='lat' dir='ltr'><strong>uno</strong></span> <span class='ocrx_word' id='word_1_682' title='bbox 1538 1867 1645 1894; x_wconf 81' lang='lat' dir='ltr'><strong>zodiaci</strong></span> <span class='ocrx_word' id='word_1_683' title='bbox 1671 1868 1758 1903; x_wconf 74' lang='lat' dir='ltr'><strong>signo.</strong></span> <span class='ocrx_word' id='word_1_684' title='bbox 1786 1868 1835 1895; x_wconf 81' lang='lat' dir='ltr'><strong>Sa-</strong></span> 
     </span>
    </p>
   </div>
   <div class='ocr_carea' id='block_1_95' title="bbox 1050 1913 1835 1948">
    <p class='ocr_par' dir='ltr' id='par_1_95' title="bbox 1050 1913 1835 1948">
     <span class='ocr_line' id='line_1_95' title="bbox 1050 1913 1835 1948; baseline 0.003 -9"><span class='ocrx_word' id='word_1_685' title='bbox 1050 1913 1169 1948; x_wconf 80' lang='lat' dir='ltr'><strong>gittario,</strong></span> <span class='ocrx_word' id='word_1_686' title='bbox 1193 1916 1340 1947; x_wconf 85' lang='lat' dir='ltr'><strong>utrumque</strong></span> <span class='ocrx_word' id='word_1_687' title='bbox 1367 1913 1459 1940; x_wconf 90' lang='lat' dir='ltr'><strong>lumen</strong></span> <span class='ocrx_word' id='word_1_688' title='bbox 1479 1918 1535 1940; x_wconf 90' lang='lat' dir='ltr'><strong>tum</strong></span> <span class='ocrx_word' id='word_1_689' title='bbox 1562 1913 1724 1941; x_wconf 85' lang='lat' dir='ltr'><strong>versabatur</strong></span> <span class='ocrx_word' id='word_1_690' title='bbox 1739 1919 1766 1940; x_wconf 88' lang='lat' dir='ltr'><strong>et</strong></span> <span class='ocrx_word' id='word_1_691' title='bbox 1791 1915 1835 1941; x_wconf 83' lang='lat' dir='ltr'><strong>vix</strong></span> 
     </span>
    </p>
   </div>
   <div class='ocr_carea' id='block_1_96' title="bbox 1050 1957 1837 1994">
    <p class='ocr_par' dir='ltr' id='par_1_96' title="bbox 1050 1957 1837 1994">
     <span class='ocr_line' id='line_1_96' title="bbox 1050 1957 1837 1994; baseline 0.003 -9"><span class='ocrx_word' id='word_1_692' title='bbox 1050 1959 1206 1994; x_wconf 85' lang='lat' dir='ltr'><strong>quindecim</strong></span> <span class='ocrx_word' id='word_1_693' title='bbox 1233 1957 1290 1986; x_wconf 87' lang='lat' dir='ltr'><strong>fere</strong></span> <span class='ocrx_word' id='word_1_694' title='bbox 1306 1959 1430 1993; x_wconf 88' lang='lat' dir='ltr'><strong>partibus</strong></span> <span class='ocrx_word' id='word_1_695' title='bbox 1449 1959 1565 1986; x_wconf 86' lang='lat' dir='ltr'><strong>alterum</strong></span> <span class='ocrx_word' id='word_1_696' title='bbox 1587 1959 1621 1986; x_wconf 91' lang='lat' dir='ltr'><strong>ab</strong></span> <span class='ocrx_word' id='word_1_697' title='bbox 1645 1960 1731 1987; x_wconf 86' lang='lat' dir='ltr'><strong>altero</strong></span> <span class='ocrx_word' id='word_1_698' title='bbox 1751 1961 1837 1988; x_wconf 89' lang='lat' dir='ltr'><strong>dista-</strong></span> 
     </span>
    </p>
   </div>
   <div class='ocr_carea' id='block_1_97' title="bbox 1050 2006 1835 2041">
    <p class='ocr_par' dir='ltr' id='par_1_97' title="bbox 1050 2006 1835 2041">
     <span class='ocr_line' id='line_1_97' title="bbox 1050 2006 1835 2041; baseline 0.001 -8"><span class='ocrx_word' id='word_1_699' title='bbox 1050 2006 1096 2036; x_wconf 83' lang='lat' dir='ltr'><strong>bat</strong></span> <span class='ocrx_word' id='word_1_700' title='bbox 1113 2007 1177 2033; x_wconf 89' lang='lat' dir='ltr'><strong>luna</strong></span> <span class='ocrx_word' id='word_1_701' title='bbox 1195 2010 1255 2040; x_wconf 86' lang='lat' dir='ltr'><strong>post</strong></span> <span class='ocrx_word' id='word_1_702' title='bbox 1270 2013 1448 2040; x_wconf 78' lang='lat' dir='ltr'><strong>congressum</strong></span> <span class='ocrx_word' id='word_1_703' title='bbox 1465 2006 1520 2040; x_wconf 89' lang='lat' dir='ltr'><strong>jam</strong></span> <span class='ocrx_word' id='word_1_704' title='bbox 1544 2006 1628 2033; x_wconf 88' lang='lat' dir='ltr'><strong>solem</strong></span> <span class='ocrx_word' id='word_1_705' title='bbox 1644 2006 1775 2041; x_wconf 75' lang='lat' dir='ltr'><strong>fugiente,</strong></span> <span class='ocrx_word' id='word_1_706' title='bbox 1800 2007 1835 2034; x_wconf 82' lang='lat' dir='ltr'><strong>ita</strong></span> 
     </span>
    </p>
   </div>
   <div class='ocr_carea' id='block_1_98' title="bbox 1052 2051 1836 2088">
    <p class='ocr_par' dir='ltr' id='par_1_98' title="bbox 1052 2051 1836 2088">
     <span class='ocr_line' id='line_1_98' title="bbox 1052 2051 1836 2088; baseline 0 -9"><span class='ocrx_word' id='word_1_707' title='bbox 1052 2057 1080 2079; x_wconf 89' lang='lat' dir='ltr'><strong>ut</strong></span> <span class='ocrx_word' id='word_1_708' title='bbox 1096 2053 1153 2087; x_wconf 79' lang='lat' dir='ltr'><strong>ipsa</strong></span> <span class='ocrx_word' id='word_1_709' title='bbox 1169 2059 1203 2079; x_wconf 88' lang='lat' dir='ltr'><strong>ne</strong></span> <span class='ocrx_word' id='word_1_710' title='bbox 1224 2052 1251 2079; x_wconf 91' lang='lat' dir='ltr'><strong>in</strong></span> <span class='ocrx_word' id='word_1_711' title='bbox 1270 2052 1353 2079; x_wconf 83' lang='lat' dir='ltr'><strong>breve</strong></span> <span class='ocrx_word' id='word_1_712' title='bbox 1369 2051 1480 2086; x_wconf 83' lang='lat' dir='ltr'><strong>quidem</strong></span> <span class='ocrx_word' id='word_1_713' title='bbox 1496 2056 1604 2086; x_wconf 84' lang='lat' dir='ltr'><strong>tempus</strong></span> <span class='ocrx_word' id='word_1_714' title='bbox 1618 2053 1659 2079; x_wconf 58' lang='lat' dir='ltr'><strong>\‘el</strong></span> <span class='ocrx_word' id='word_1_715' title='bbox 1677 2053 1773 2088; x_wconf 80' lang='lat' dir='ltr'><strong>exigua</strong></span> <span class='ocrx_word' id='word_1_716' title='bbox 1790 2061 1836 2079; x_wconf 85' lang='lat' dir='ltr'><strong>no-</strong></span> 
     </span>
    </p>
   </div>
   <div class='ocr_carea' id='block_1_99' title="bbox 1051 2097 1835 2133">
    <p class='ocr_par' dir='ltr' id='par_1_99' title="bbox 1051 2097 1835 2133">
     <span class='ocr_line' id='line_1_99' title="bbox 1051 2097 1835 2133; baseline -0.001 -7"><span class='ocrx_word' id='word_1_717' title='bbox 1051 2103 1136 2126; x_wconf 88' lang='lat' dir='ltr'><strong>stram</strong></span> <span class='ocrx_word' id='word_1_718' title='bbox 1156 2102 1257 2126; x_wconf 83' lang='lat' dir='ltr'><strong>terram</strong></span> <span class='ocrx_word' id='word_1_719' title='bbox 1274 2097 1336 2124; x_wconf 84' lang='lat' dir='ltr'><strong>luce</strong></span> <span class='ocrx_word' id='word_1_720' title='bbox 1359 2097 1521 2124; x_wconf 81' lang='lat' dir='ltr'><strong>oollustrare</strong></span> <span class='ocrx_word' id='word_1_721' title='bbox 1537 2103 1641 2132; x_wconf 87' lang='lat' dir='ltr'><strong>posset.</strong></span> <span class='ocrx_word' id='word_1_722' title='bbox 1672 2097 1728 2133; x_wconf 77' lang='lat' dir='ltr'><strong>Ego</strong></span> <span class='ocrx_word' id='word_1_723' title='bbox 1743 2104 1835 2125; x_wconf 86' lang='lat' dir='ltr'><strong>autem</strong></span> 
     </span>
    </p>
   </div>
   <div class='ocr_carea' id='block_1_100' title="bbox 1052 2141 1838 2180">
    <p class='ocr_par' dir='ltr' id='par_1_100' title="bbox 1052 2141 1838 2180">
     <span class='ocr_line' id='line_1_100' title="bbox 1052 2141 1838 2180; baseline -0.001 -10"><span class='ocrx_word' id='word_1_724' title='bbox 1052 2150 1114 2170; x_wconf 90' lang='lat' dir='ltr'><strong>cum</strong></span> <span class='ocrx_word' id='word_1_725' title='bbox 1129 2147 1208 2169; x_wconf 87' lang='lat' dir='ltr'><strong>nocte</strong></span> <span class='ocrx_word' id='word_1_726' title='bbox 1224 2142 1387 2176; x_wconf 85' lang='lat' dir='ltr'><strong>intempesta</strong></span> <span class='ocrx_word' id='word_1_727' title='bbox 1398 2149 1496 2180; x_wconf 75' lang='lat' dir='ltr'><strong>novum</strong></span> <span class='ocrx_word' id='word_1_728' title='bbox 1511 2146 1592 2176; x_wconf 87' lang='lat' dir='ltr'><strong>atque</strong></span> <span class='ocrx_word' id='word_1_729' title='bbox 1609 2141 1747 2169; x_wconf 83' lang='lat' dir='ltr'><strong>insolitum</strong></span> <span class='ocrx_word' id='word_1_730' title='bbox 1760 2143 1838 2170; x_wconf 84' lang='lat' dir='ltr'><strong>audi-</strong></span> 
     </span>
    </p>
   </div>
   <div class='ocr_carea' id='block_1_101' title="bbox 1052 2184 1837 2224">
    <p class='ocr_par' dir='ltr' id='par_1_101' title="bbox 1052 2184 1837 2224">
     <span class='ocr_line' id='line_1_101' title="bbox 1052 2184 1837 2224; baseline 0.001 -9"><span class='ocrx_word' id='word_1_731' title='bbox 1052 2196 1108 2216; x_wconf 90' lang='lat' dir='ltr'><strong>rem</strong></span> <span class='ocrx_word' id='word_1_732' title='bbox 1124 2184 1279 2223; x_wconf 82' lang='lat' dir='ltr'><strong>strepitum,</strong></span> <span class='ocrx_word' id='word_1_733' title='bbox 1300 2188 1419 2223; x_wconf 89' lang='lat' dir='ltr'><strong>primum</strong></span> <span class='ocrx_word' id='word_1_734' title='bbox 1441 2188 1552 2222; x_wconf 87' lang='lat' dir='ltr'><strong>quidem</strong></span> <span class='ocrx_word' id='word_1_735' title='bbox 1577 2193 1650 2216; x_wconf 91' lang='lat' dir='ltr'><strong>metu</strong></span> <span class='ocrx_word' id='word_1_736' title='bbox 1674 2190 1837 2224; x_wconf 87' lang='lat' dir='ltr'><strong>perterritus</strong></span> 
     </span>
    </p>
   </div>
   <div class='ocr_carea' id='block_1_102' title="bbox 1051 2233 1836 2268">
    <p class='ocr_par' dir='ltr' id='par_1_102' title="bbox 1051 2233 1836 2268">
     <span class='ocr_line' id='line_1_102' title="bbox 1051 2233 1836 2268; baseline 0 -8"><span class='ocrx_word' id='word_1_737' title='bbox 1051 2240 1147 2266; x_wconf 88' lang='lat' dir='ltr'><strong>eram;</strong></span> <span class='ocrx_word' id='word_1_738' title='bbox 1162 2233 1261 2261; x_wconf 84' lang='lat' dir='ltr'><strong>deinde</strong></span> <span class='ocrx_word' id='word_1_739' title='bbox 1277 2241 1341 2260; x_wconf 85' lang='lat' dir='ltr'><strong>vero</strong></span> <span class='ocrx_word' id='word_1_740' title='bbox 1361 2233 1464 2259; x_wconf 87' lang='lat' dir='ltr'><strong>lumine</strong></span> <span class='ocrx_word' id='word_1_741' title='bbox 1479 2233 1562 2259; x_wconf 86' lang='lat' dir='ltr'><strong>allato</strong></span> <span class='ocrx_word' id='word_1_742' title='bbox 1577 2241 1638 2260; x_wconf 90' lang='lat' dir='ltr'><strong>cum</strong></span> <span class='ocrx_word' id='word_1_743' title='bbox 1651 2233 1705 2268; x_wconf 91' lang='lat' dir='ltr'><strong>jam</strong></span> <span class='ocrx_word' id='word_1_744' title='bbox 1723 2241 1836 2260; x_wconf 87' lang='lat' dir='ltr'><strong>cernere</strong></span> 
     </span>
    </p>
   </div>
   <div class='ocr_carea' id='block_1_103' title="bbox 1051 2279 1835 2314">
    <p class='ocr_par' dir='ltr' id='par_1_103' title="bbox 1051 2279 1835 2314">
     <span class='ocr_line' id='line_1_103' title="bbox 1051 2279 1835 2314; baseline 0.001 -8"><span class='ocrx_word' id='word_1_745' title='bbox 1051 2279 1139 2306; x_wconf 80' lang='lat' dir='ltr'><strong>oculis</strong></span> <span class='ocrx_word' id='word_1_746' title='bbox 1169 2287 1289 2314; x_wconf 83' lang='lat' dir='ltr'><strong>possem,</strong></span> <span class='ocrx_word' id='word_1_747' title='bbox 1309 2286 1481 2314; x_wconf 86' lang='lat' dir='ltr'><strong>nequaquam</strong></span> <span class='ocrx_word' id='word_1_748' title='bbox 1498 2284 1593 2306; x_wconf 91' lang='lat' dir='ltr'><strong>notum</strong></span> <span class='ocrx_word' id='word_1_749' title='bbox 1607 2280 1753 2314; x_wconf 86' lang='lat' dir='ltr'><strong>quemdam</strong></span> <span class='ocrx_word' id='word_1_750' title='bbox 1770 2280 1835 2307; x_wconf 89' lang='lat' dir='ltr'><strong>mihi</strong></span> 
     </span>
    </p>
   </div>
   <div class='ocr_carea' id='block_1_104' title="bbox 1051 2320 1850 2364">
    <p class='ocr_par' dir='ltr' id='par_1_104' title="bbox 1051 2320 1850 2364">
     <span class='ocr_line' id='line_1_104' title="bbox 1051 2320 1850 2364; baseline 0.003 -11"><span class='ocrx_word' id='word_1_751' title='bbox 1051 2327 1188 2354; x_wconf 85' lang='lat' dir='ltr'><strong>hominem</strong></span> <span class='ocrx_word' id='word_1_752' title='bbox 1208 2327 1281 2354; x_wconf 88' lang='lat' dir='ltr'><strong>intus</strong></span> <span class='ocrx_word' id='word_1_753' title='bbox 1304 2334 1364 2354; x_wconf 87' lang='lat' dir='ltr'><strong>esse</strong></span> <span class='ocrx_word' id='word_1_754' title='bbox 1385 2328 1526 2362; x_wconf 86' lang='lat' dir='ltr'><strong>putabam.</strong></span> <span class='ocrx_word' id='word_1_755' title='bbox 1558 2320 1659 2355; x_wconf 72' lang='lat' dir='ltr'><strong>Multos</strong></span> <span class='ocrx_word' id='word_1_756' title='bbox 1684 2329 1756 2355; x_wconf 90' lang='lat' dir='ltr'><strong>enim</strong></span> <span class='ocrx_word' id='word_1_757' title='bbox 1780 2320 1850 2364; x_wconf 50' lang='lat' dir='ltr'><strong>jam’</strong></span> 
     </span>
    </p>
   </div>
   <div class='ocr_carea' id='block_1_105' title="bbox 1050 2372 1836 2408">
    <p class='ocr_par' dir='ltr' id='par_1_105' title="bbox 1050 2372 1836 2408">
     <span class='ocr_line' id='line_1_105' title="bbox 1050 2372 1836 2408; baseline 0.003 -9"><span class='ocrx_word' id='word_1_758' title='bbox 1050 2380 1137 2400; x_wconf 88' lang='lat' dir='ltr'><strong>annos</strong></span> <span class='ocrx_word' id='word_1_759' title='bbox 1152 2372 1200 2400; x_wconf 79' lang='lat' dir='ltr'><strong>ille</strong></span> <span class='ocrx_word' id='word_1_760' title='bbox 1212 2374 1404 2408; x_wconf 75' lang='lat' dir='ltr'><strong>peregrinatus</strong></span> <span class='ocrx_word' id='word_1_761' title='bbox 1415 2373 1514 2406; x_wconf 85' lang='lat' dir='ltr'><strong>fuerat,</strong></span> <span class='ocrx_word' id='word_1_762' title='bbox 1531 2373 1567 2400; x_wconf 89' lang='lat' dir='ltr'><strong>ita</strong></span> <span class='ocrx_word' id='word_1_763' title='bbox 1583 2379 1612 2400; x_wconf 93' lang='lat' dir='ltr'><strong>ut</strong></span> <span class='ocrx_word' id='word_1_764' title='bbox 1628 2376 1760 2408; x_wconf 84' lang='lat' dir='ltr'><strong>temporis</strong></span> <span class='ocrx_word' id='word_1_765' title='bbox 1775 2375 1836 2401; x_wconf 92' lang='lat' dir='ltr'><strong>lon-</strong></span> 
     </span>
    </p>
   </div>
   <div class='ocr_carea' id='block_1_106' title="bbox 1050 2418 1830 2454">
    <p class='ocr_par' dir='ltr' id='par_1_106' title="bbox 1050 2418 1830 2454">
     <span class='ocr_line' id='line_1_106' title="bbox 1050 2418 1830 2454; baseline 0.005 -10"><span class='ocrx_word' id='word_1_766' title='bbox 1050 2418 1173 2454; x_wconf 80' lang='lat' dir='ltr'><strong>gitudine</strong></span> <span class='ocrx_word' id='word_1_767' title='bbox 1195 2418 1272 2453; x_wconf 80' lang='lat' dir='ltr'><strong>signa</strong></span> <span class='ocrx_word' id='word_1_768' title='bbox 1294 2423 1377 2453; x_wconf 90' lang='lat' dir='ltr'><strong>atque</strong></span> <span class='ocrx_word' id='word_1_769' title='bbox 1399 2419 1564 2446; x_wconf 83' lang='lat' dir='ltr'><strong>lineamenta</strong></span> <span class='ocrx_word' id='word_1_770' title='bbox 1577 2420 1634 2446; x_wconf 87' lang='lat' dir='ltr'><strong>oris</strong></span> <span class='ocrx_word' id='word_1_771' title='bbox 1648 2420 1708 2454; x_wconf 90' lang='lat' dir='ltr'><strong>ejus</strong></span> <span class='ocrx_word' id='word_1_772' title='bbox 1723 2428 1756 2447; x_wconf 79' lang='lat' dir='ltr'><strong>ex</strong></span> <span class='ocrx_word' id='word_1_773' title='bbox 1771 2429 1830 2448; x_wconf 84' lang='lat' dir='ltr'><strong>mea</strong></span> 
     </span>
    </p>
   </div>
   <div class='ocr_carea' id='block_1_107' title="bbox 1050 2463 1833 2500">
    <p class='ocr_par' dir='ltr' id='par_1_107' title="bbox 1050 2463 1833 2500">
     <span class='ocr_line' id='line_1_107' title="bbox 1050 2463 1833 2500; baseline 0.005 -11"><span class='ocrx_word' id='word_1_774' title='bbox 1050 2463 1179 2490; x_wconf 85' lang='lat' dir='ltr'><strong>memoria</strong></span> <span class='ocrx_word' id='word_1_775' title='bbox 1191 2463 1249 2490; x_wconf 85' lang='lat' dir='ltr'><strong>fere</strong></span> <span class='ocrx_word' id='word_1_776' title='bbox 1267 2464 1442 2492; x_wconf 78' lang='lat' dir='ltr'><strong>excidissent.</strong></span> <span class='ocrx_word' id='word_1_777' title='bbox 1461 2464 1585 2500; x_wconf 62' lang='grc' dir='ltr'><strong>ιιηεα</strong></span> <span class='ocrx_word' id='word_1_778' title='bbox 1600 2465 1647 2492; x_wconf 91' lang='lat' dir='ltr'><strong>llle</strong></span> <span class='ocrx_word' id='word_1_779' title='bbox 1668 2470 1758 2493; x_wconf 79' lang='lat' dir='ltr'><strong>autent</strong></span> <span class='ocrx_word' id='word_1_780' title='bbox 1771 2475 1833 2493; x_wconf 91' lang='lat' dir='ltr'><strong>cum</strong></span> 
     </span>
    </p>
   </div>
   <div class='ocr_carea' id='block_1_108' title="bbox 1049 2509 1834 2545">
    <p class='ocr_par' dir='ltr' id='par_1_108' title="bbox 1049 2509 1834 2545">
     <span class='ocr_line' id='line_1_108' title="bbox 1049 2509 1834 2545; baseline 0.003 -9"><span class='ocrx_word' id='word_1_781' title='bbox 1049 2517 1092 2536; x_wconf 91' lang='lat' dir='ltr'><strong>mc</strong></span> <span class='ocrx_word' id='word_1_782' title='bbox 1102 2509 1294 2545; x_wconf 86' lang='lat' dir='ltr'><strong>videretatquc</strong></span> <span class='ocrx_word' id='word_1_783' title='bbox 1304 2510 1382 2545; x_wconf 85' lang='lat' dir='ltr'><strong>plane</strong></span> <span class='ocrx_word' id='word_1_784' title='bbox 1393 2515 1563 2545; x_wconf 75' lang='lat' dir='ltr'><strong>agnosceret,</strong></span> <span class='ocrx_word' id='word_1_785' title='bbox 1573 2510 1750 2538; x_wconf 85' lang='lat' dir='ltr'><strong>vehementer</strong></span> <span class='ocrx_word' id='word_1_786' title='bbox 1758 2519 1834 2539; x_wconf 92' lang='lat' dir='ltr'><strong>com-</strong></span> 
     </span>
    </p>
   </div>
   <div class='ocr_carea' id='block_1_109' title="bbox 1051 2555 1834 2591">
    <p class='ocr_par' dir='ltr' id='par_1_109' title="bbox 1051 2555 1834 2591">
     <span class='ocr_line' id='line_1_109' title="bbox 1051 2555 1834 2591; baseline 0.004 -10"><span class='ocrx_word' id='word_1_787' title='bbox 1051 2559 1141 2582; x_wconf 87' lang='lat' dir='ltr'><strong>motus</strong></span> <span class='ocrx_word' id='word_1_788' title='bbox 1154 2555 1188 2582; x_wconf 90' lang='lat' dir='ltr'><strong>ab</strong></span> <span class='ocrx_word' id='word_1_789' title='bbox 1204 2555 1257 2582; x_wconf 90' lang='lat' dir='ltr'><strong>imo</strong></span> <span class='ocrx_word' id='word_1_790' title='bbox 1274 2561 1382 2591; x_wconf 90' lang='lat' dir='ltr'><strong>pectore</strong></span> <span class='ocrx_word' id='word_1_791' title='bbox 1398 2556 1546 2590; x_wconf 90' lang='lat' dir='ltr'><strong>suspirium</strong></span> <span class='ocrx_word' id='word_1_792' title='bbox 1565 2556 1676 2588; x_wconf 80' lang='lat' dir='ltr'><strong>eduxit,</strong></span> <span class='ocrx_word' id='word_1_793' title='bbox 1699 2562 1726 2584; x_wconf 89' lang='lat' dir='ltr'><strong>et</strong></span> <span class='ocrx_word' id='word_1_794' title='bbox 1750 2558 1834 2585; x_wconf 78' lang='lat' dir='ltr'><strong>veluti</strong></span> 
     </span>
    </p>
   </div>
   <div class='ocr_carea' id='block_1_110' title="bbox 1051 2600 1836 2637">
    <p class='ocr_par' dir='ltr' id='par_1_110' title="bbox 1051 2600 1836 2637">
     <span class='ocr_line' id='line_1_110' title="bbox 1051 2600 1836 2637; baseline 0.004 -11"><span class='ocrx_word' id='word_1_795' title='bbox 1051 2600 1166 2627; x_wconf 88' lang='lat' dir='ltr'><strong>densum</strong></span> <span class='ocrx_word' id='word_1_796' title='bbox 1187 2606 1270 2634; x_wconf 84' lang='lat' dir='ltr'><strong>atque</strong></span> <span class='ocrx_word' id='word_1_797' title='bbox 1289 2600 1453 2628; x_wconf 89' lang='lat' dir='ltr'><strong>nebulosum</strong></span> <span class='ocrx_word' id='word_1_798' title='bbox 1466 2603 1571 2628; x_wconf 87' lang='lat' dir='ltr'><strong>fumum</strong></span> <span class='ocrx_word' id='word_1_799' title='bbox 1584 2607 1611 2629; x_wconf 88' lang='lat' dir='ltr'><strong>et</strong></span> <span class='ocrx_word' id='word_1_800' title='bbox 1625 2602 1766 2637; x_wconf 74' lang='lat' dir='ltr'><strong>fuliginem</strong></span> <span class='ocrx_word' id='word_1_801' title='bbox 1783 2603 1836 2630; x_wconf 86' lang='lat' dir='ltr'><strong>for-</strong></span> 
     </span>
    </p>
   </div>
   <div class='ocr_carea' id='block_1_111' title="bbox 1052 2646 1835 2677">
    <p class='ocr_par' dir='ltr' id='par_1_111' title="bbox 1052 2646 1835 2677">
     <span class='ocr_line' id='line_1_111' title="bbox 1052 2646 1835 2677; baseline 0.005 -4"><span class='ocrx_word' id='word_1_802' title='bbox 1052 2646 1175 2673; x_wconf 84' lang='lat' dir='ltr'><strong>nacalem</strong></span> <span class='ocrx_word' id='word_1_803' title='bbox 1198 2646 1283 2674; x_wconf 88' lang='lat' dir='ltr'><strong>animi</strong></span> <span class='ocrx_word' id='word_1_804' title='bbox 1308 2647 1384 2674; x_wconf 82' lang='lat' dir='ltr'><strong>intus</strong></span> <span class='ocrx_word' id='word_1_805' title='bbox 1409 2655 1518 2675; x_wconf 78' lang='lat' dir='ltr'><strong>summo</strong></span> <span class='ocrx_word' id='word_1_806' title='bbox 1532 2648 1624 2676; x_wconf 87' lang='lat' dir='ltr'><strong>dolore</strong></span> <span class='ocrx_word' id='word_1_807' title='bbox 1644 2649 1786 2676; x_wconf 76' lang='lat' dir='ltr'><strong>aestuantis</strong></span> <span class='ocrx_word' id='word_1_808' title='bbox 1801 2658 1835 2677; x_wconf 82' lang='lat' dir='ltr'><strong>ex</strong></span> 
     </span>
    </p>
   </div>
   <div class='ocr_carea' id='block_1_112' title="bbox 247 2748 1836 2781">
    <p class='ocr_par' dir='ltr' id='par_1_112' title="bbox 247 2748 1836 2781">
     <span class='ocr_line' id='line_1_112' title="bbox 247 2748 1836 2781; baseline 0.001 -8"><span class='ocrx_word' id='word_1_809' title='bbox 247 2749 283 2779; x_wconf 81' lang='grc' dir='ltr'><strong>(ι)</strong></span> <span class='ocrx_word' id='word_1_810' title='bbox 295 2748 340 2773; x_wconf 78' lang='lat' dir='ltr'><strong>Hic</strong></span> <span class='ocrx_word' id='word_1_811' title='bbox 360 2749 453 2773; x_wconf 85' lang='lat' dir='ltr'><strong>desinit</strong></span> <span class='ocrx_word' id='word_1_812' title='bbox 465 2748 668 2781; x_wconf 33' lang='lat' dir='ltr'><strong>editioﬁBoivini,</strong></span> <span class='ocrx_word' id='word_1_813' title='bbox 690 2755 780 2780; x_wconf 85' lang='lat' dir='ltr'><strong>nempe</strong></span> <span class='ocrx_word' id='word_1_814' title='bbox 793 2751 817 2774; x_wconf 86' lang='lat' dir='ltr'><strong>in</strong></span> <span class='ocrx_word' id='word_1_815' title='bbox 831 2748 888 2774; x_wconf 86' lang='lat' dir='ltr'><strong>libri</strong></span> <span class='ocrx_word' id='word_1_816' title='bbox 902 2756 958 2773; x_wconf 78' lang='lat' dir='ltr'><strong>thv</strong></span> <span class='ocrx_word' id='word_1_817' title='bbox 972 2752 1041 2781; x_wconf 84' lang='lat' dir='ltr'><strong>parte</strong></span> <span class='ocrx_word' id='word_1_818' title='bbox 1062 2749 1153 2780; x_wconf 86' lang='lat' dir='ltr'><strong>priori;</strong></span> <span class='ocrx_word' id='word_1_819' title='bbox 1172 2753 1266 2780; x_wconf 84' lang='lat' dir='ltr'><strong>partem</strong></span> <span class='ocrx_word' id='word_1_820' title='bbox 1287 2749 1402 2778; x_wconf 87' lang='lat' dir='ltr'><strong>alteram,</strong></span> <span class='ocrx_word' id='word_1_821' title='bbox 1414 2749 1679 2780; x_wconf 34' lang='lat' dir='ltr'><strong>qnamvsubnectimus.</strong></span> <span class='ocrx_word' id='word_1_822' title='bbox 1694 2757 1749 2775; x_wconf 85' lang='lat' dir='ltr'><strong>eum</strong></span> <span class='ocrx_word' id='word_1_823' title='bbox 1766 2751 1836 2776; x_wconf 83' lang='lat' dir='ltr'><strong>libris</strong></span> 
     </span>
    </p>
   </div>
   <div class='ocr_carea' id='block_1_113' title="bbox 215 2780 1835 2811">
    <p class='ocr_par' dir='ltr' id='par_1_113' title="bbox 215 2780 1835 2811">
     <span class='ocr_line' id='line_1_113' title="bbox 215 2780 1835 2811; baseline 0.002 -7"><span class='ocrx_word' id='word_1_824' title='bbox 215 2787 264 2804; x_wconf 70' lang='grc' dir='ltr'>ην</span> <span class='ocrx_word' id='word_1_825' title='bbox 277 2783 304 2811; x_wconf 82' lang='lat' dir='ltr'><strong>et</strong></span> <span class='ocrx_word' id='word_1_826' title='bbox 316 2786 385 2809; x_wconf 77' lang='lat' dir='ltr'><strong>nm,</strong></span> <span class='ocrx_word' id='word_1_827' title='bbox 403 2787 433 2803; x_wconf 80' lang='lat' dir='ltr'><strong>ex</strong></span> <span class='ocrx_word' id='word_1_828' title='bbox 450 2781 535 2804; x_wconf 84' lang='lat' dir='ltr'><strong>codice</strong></span> <span class='ocrx_word' id='word_1_829' title='bbox 547 2780 678 2811; x_wconf 55' lang='lat' dir='ltr'><strong>Vaticano;</strong></span> <span class='ocrx_word' id='word_1_830' title='bbox 697 2781 774 2805; x_wconf 88' lang='lat' dir='ltr'><strong>libros</strong></span> <span class='ocrx_word' id='word_1_831' title='bbox 795 2787 959 2805; x_wconf 76' lang='lat' dir='ltr'><strong>xxvn-xxxvn</strong></span> <span class='ocrx_word' id='word_1_832' title='bbox 980 2788 1010 2805; x_wconf 76' lang='lat' dir='ltr'><strong>ex</strong></span> <span class='ocrx_word' id='word_1_833' title='bbox 1032 2781 1103 2805; x_wconf 82' lang='lat' dir='ltr'><strong>codd.</strong></span> <span class='ocrx_word' id='word_1_834' title='bbox 1117 2781 1205 2810; x_wconf 58' lang='lat' dir='ltr'><strong>Paris,</strong></span> <span class='ocrx_word' id='word_1_835' title='bbox 1219 2781 1312 2811; x_wconf 85' lang='lat' dir='ltr'><strong>primus</strong></span> <span class='ocrx_word' id='word_1_836' title='bbox 1328 2780 1408 2804; x_wconf 88' lang='lat' dir='ltr'><strong>edidit</strong></span> <span class='ocrx_word' id='word_1_837' title='bbox 1426 2782 1494 2806; x_wconf 90' lang='lat' dir='ltr'><strong>lmm.</strong></span> <span class='ocrx_word' id='word_1_838' title='bbox 1511 2782 1650 2809; x_wconf 81' lang='lat' dir='ltr'><strong>Bekkerus.</strong></span> <span class='ocrx_word' id='word_1_839' title='bbox 1663 2783 1835 2808; x_wconf 55' lang='lat' dir='ltr'><strong>Bootae-1855.</strong></span> 
     </span>
    </p>
   </div>
   <div class='ocr_carea' id='block_1_114' title="bbox 216 2809 1836 2844">
    <p class='ocr_par' dir='ltr' id='par_1_114' title="bbox 216 2809 1836 2844">
     <span class='ocr_line' id='line_1_114' title="bbox 216 2809 1836 2844; baseline 0.003 -11"><span class='ocrx_word' id='word_1_840' title='bbox 216 2810 286 2844; x_wconf 70' lang='lat' dir='ltr'><strong>Quod</strong></span> <span class='ocrx_word' id='word_1_841' title='bbox 297 2815 379 2844; x_wconf 77' lang='lat' dir='ltr'><strong>autem</strong></span> <span class='ocrx_word' id='word_1_842' title='bbox 392 2809 605 2844; x_wconf 61' lang='lat' dir='ltr'><strong>[loiviuiuslibros</strong></span> <span class='ocrx_word' id='word_1_843' title='bbox 616 2818 705 2837; x_wconf 78' lang='grc' dir='ltr'>ιιιιιιιίιι</span> <span class='ocrx_word' id='word_1_844' title='bbox 719 2813 898 2841; x_wconf 83' lang='lat' dir='ltr'><strong>numeraverit,</strong></span> <span class='ocrx_word' id='word_1_845' title='bbox 910 2811 955 2836; x_wconf 88' lang='lat' dir='ltr'><strong>hoc</strong></span> <span class='ocrx_word' id='word_1_846' title='bbox 971 2812 1027 2836; x_wconf 80' lang='lat' dir='ltr'><strong>itide</strong></span> <span class='ocrx_word' id='word_1_847' title='bbox 1040 2811 1143 2836; x_wconf 75' lang='lat' dir='ltr'><strong>ﬂuxisse</strong></span> <span class='ocrx_word' id='word_1_848' title='bbox 1157 2809 1254 2836; x_wconf 71' lang='lat' dir='ltr'><strong>videtur</strong></span> <span class='ocrx_word' id='word_1_849' title='bbox 1265 2812 1331 2842; x_wconf 86' lang='lat' dir='ltr'><strong>quod</strong></span> <span class='ocrx_word' id='word_1_850' title='bbox 1346 2811 1401 2836; x_wconf 82' lang='lat' dir='ltr'><strong>libri</strong></span> <span class='ocrx_word' id='word_1_851' title='bbox 1417 2819 1472 2837; x_wconf 77' lang='lat' dir='ltr'><strong>xxxv</strong></span> <span class='ocrx_word' id='word_1_852' title='bbox 1488 2816 1582 2844; x_wconf 81' lang='lat' dir='ltr'><strong>partem</strong></span> <span class='ocrx_word' id='word_1_853' title='bbox 1606 2813 1770 2844; x_wconf 82' lang='lat' dir='ltr'><strong>posteriorem</strong></span> <span class='ocrx_word' id='word_1_854' title='bbox 1791 2820 1836 2844; x_wconf 86' lang='lat' dir='ltr'><strong>pro</strong></span> 
     </span>
    </p>
   </div>
   <div class='ocr_carea' id='block_1_115' title="bbox 218 2841 573 2876">
    <p class='ocr_par' dir='ltr' id='par_1_115' title="bbox 218 2841 573 2876">
     <span class='ocr_line' id='line_1_115' title="bbox 218 2841 573 2876; baseline 0.003 -12"><span class='ocrx_word' id='word_1_855' title='bbox 218 2841 280 2876; x_wconf 64' lang='lat' dir='ltr'><strong>libro</strong></span> <span class='ocrx_word' id='word_1_856' title='bbox 296 2847 358 2864; x_wconf 83' lang='lat' dir='ltr'><strong>novo</strong></span> <span class='ocrx_word' id='word_1_857' title='bbox 371 2841 491 2865; x_wconf 83' lang='lat' dir='ltr'><strong>habuerit.</strong></span> <span class='ocrx_word' id='word_1_858' title='bbox 508 2841 573 2866; x_wconf 69' lang='lat' dir='ltr'><strong>liurr.</strong></span> 
     </span>
    </p>
   </div>
  </div>
