4036 6322
217 464 514 484 ν-γρῆομς
532 463 595 472 —--
615 443 910 471 L—-._
923 457 1888 473 mW—*—--—
1915 454 2304 464 .——————-—-———-——.—
2327 455 2386 461 -ο
2413 453 2682 462 --›-ρ---νοοι
2767 453 2780 458 η
2824 453 2839 457 -
2857 451 2883 457 --
2911 451 2932 457 —
2994 447 3341 487 —-..-—..—.._...'.-i

539 510 552 511 κ
595 510 598 511 ν
723 508 731 511 -
915 507 920 510 .
971 505 975 508 -
1107 505 1126 508 -
1405 499 1493 509 οδ-..
1513 503 1574 508 ,μι
1961 499 1965 504 .
2095 501 2128 505 ην
2155 502 2164 504 _
2193 500 2215 504 -.
2283 500 2288 503 _
2865 495 2873 500 .
3169 495 3214 498 η-.
3234 495 3278 498 ,Α
3303 492 3344 502 ..ο

686 664 1278 779 JOANNIS
1367 662 1920 809 Bonum
2006 656 2824 772 DEDICA’I‘IO.

1741 919 1802 927 _-—-

461 1084 486 1098 ‘
927 1109 932 1113 -
1376 1075 1423 1134 L
1433 1073 1600 1135 UDO
1615 1072 1801 1134 ΠΕΟ
1847 1072 1915 1132 Μ
1921 1074 1964 1132 Α
1977 1072 2166 1136 θΛὈ.

254 1293 358 1356 Res
385 1308 605 1371 gerere
632 1297 692 1352 et
730 1287 903 1368 leges
933 1286 1084 1349 dare
1127 1286 1382 1364 poiiulis
1431 1287 1682 1365 regium
1714 1291 1829 1347 est.
1868 1285 1944 1344 At
1975 1299 2102 1344 non
2145 1292 2365 1346 caetera
2409 1284 2643 1356 omnia,
2680 1286 2925 1346 tametsi
2965 1284 3184 1344 minus
3217 1282 3379 1344 illu-

187 1395 311 1454 stria
366 1401 539 1465 sunt,
599 1391 692 1451 sic
746 1386 1067 1466 principes
1126 1403 1391 1466 magnos
1451 1385 1782 1459 dedecent,
1831 1394 1898 1447 ut
1960 1389 2197 1449 artium
2258 1402 2519 1466 quoque
2576 1395 2636 1448 et
2685 1384 3099 1447 scientiarum
3162 1398 3378 1444 curam

192 1497 498 1574 negligere,
539 1477 906 1570 litterasque
938 1498 1000 1551 et
1035 1488 1232 1550 libros
1261 1487 1589 1568 aspernari
1641 1486 1933 1549 debeant.
1985 1483 2120 1549 Hoc
2170 1497 2338 1551 certe
2374 1488 2541 1566 apud
2583 1503 2807 1548 omnes
2855 1491 3123 1558 constat,
3166 1486 3380 1549 Histo-

190 1601 392 1656 riarum
428 1592 766 1654 lectionem
798 1589 1016 1651 utilem
1048 1590 1394 1655 admodum
1426 1593 1489 1649 et
1512 1587 1886 1666 frugiferam
1919 1603 2061 1649 esse
2090 1584 2572 1665 imperantibus.
2603 1587 2843 1662 Itaque,
2879 1586 3013 1646 Bex
3060 1586 3388 1662 \ugustis-

189 1699 340 1768 sime,
371 1695 477 1774 qui
515 1693 707 1771 hujus
744 1691 998 1770 generis
1059 1691 1256 1750 libros
1311 1688 1596 1752 oblatum
1666 1681 1812 1750 Tibi
1873 1683 2165 1758 veniunt,
2227 1687 2309 1748 iis
2359 1687 2530 1766 justa
2589 1688 2747 1770 ratio
2805 1703 2932 1747 non
2996 1687 3198 1759 deest,
3261 1704 3432 1774 qua

189 1796 477 1857 audaciam
509 1810 689 1854 suam
721 1797 1063 1861 excusent;
1100 1808 1313 1869 neque
1349 1790 1509 1852 adeo
1563 1787 1797 1850 mirum
1851 1789 2151 1869 cuiquam
2184 1805 2326 1852 esse
2356 1781 2778 1866 debet,'quod
2834 1804 2954 1864 ego
3003 1785 3118 1846 hos
3172 1805 3387 1847 rerum

195 1895 646 1973 ltyzantinarum
681 1889 1186 1952 Commentarios
1216 1890 1526 1969 Majestati
1567 1893 1718 1951 Tum
1763 1892 1968 1952 ausim
2009 1891 2264 1952 offerre.
2300 1889 2642 1952 Enimvero
2700 1906 2819 1960 me,
2868 1888 2928 1948 id
2980 1896 3045 1948 ut
3086 1887 3390 1950 facerem»

193 2000 406 2074 privata:
441 1996 632 2056 etiam
665 1992 970 2062 rationes,
1003 2006 1072 2050 ac
1108 2006 1200 2052 ea)
1230 1991 1488 2068 quidem
1525 2007 1768 2068 graves,
1824 1992 2119 2053 timidum
2160 1991 2628 2069 ancipitemque
2689 1990 3135 2068 perpulerunt.
3200 1990 3390 2052 Eccui

148 2135 162 2160 t
197 2097 326 2157 enim
387 2096 624 2156 laboris
664 2093 785 2153 mei
824 2092 1103 2154 fructum
1164 2092 1330 2152 hunc
1387 2101 1449 2153 et
1510 2091 1620 2157 has
1662 2093 1831 2153 velut
1884 2093 2244 2153 studiorum
2284 2092 2597 2170 primitias
2664 2091 2877 2167 potius
2912 2108 3398 2154 consecrassem

196 2217 339 2274 quam
373 2177 606 2271 Tibi,a
649 2213 779 2276 quo
811 2196 873 2257 id
907 2213 1097 2257 omne
1135 2195 1325 2256 habui
1357 2196 1526 2271 quod
1561 2196 1806 2264 altero?
1837 2199 1930 2258 Tu
1963 2197 2195 2268 otium,
2230 2197 2324 2280 Tu
2359 2196 2579 2268 libros,
2614 2193 2704 2254 Tn
2758 2182 3096 2256 facultates
3149 2211 3393 2272 suppe-

190 2306 392 2364 dilasti.
427 2303 646 2380 Regiis
679 2303 873 2380 typis,
909 2301 1121 2376 Regiis
1153 2301 1519 2378 sumptibus
1553 2303 1680 2363 tuis
1715 2301 1987 2378 perfecta
2044 2302 2176 2363 llmc
2230 2301 2456 2363 editio.
2511 2304 2691 2381 Opus
2743 2304 2952 2379 ipsum
3013 2317 3237 2381 magna
3290 2301 3390 2361 sui

189 2420 328 2485 rarte
356 2426 431 2469 ex
466 2407 859 2469 Bibliotheca
891 2407 1018 2465 Tua
1051 2407 1282 2482 prodit.
1315 2406 1499 2478 Quod
1532 2408 1608 2467 ad
1643 2406 1990 2468 Historiam
2051 2407 2148 2467 his
2199 2407 2380 2469 libris
2438 2406 2963 2485 c0mprelieusam
3023 2408 3273 2474 attinet,
3324 2423 3396 2465 ea

185 2509 621 2587 estejusmodi,
657 2519 724 2569 nt
761 2508 1045 2570 Francici
1096 2507 1376 2569 nominis
1430 2527 1554 2570 non
1610 2510 1925 2572 hau-edem
1985 2514 2176 2572 modo
2235 2528 2305 2573 ac
2367 2513 2701 2581 vindicem,
2762 2511 2871 2572 sed
2931 2528 3396 2590 quemcunque

183 2616 524 2680 arualorem‘,
574 2609 668 2669 vel
737 2610 944 2688 primo
1001 2609 1383 2670 narrationis
1444 2606 1712 2672 e'xordio
1765 2613 1978 2671 statim
2035 2613 2308 2672 allectet.
2375 2611 2637 2672 Initium
2674 2613 2912 2690 quippe
2959 2621 3096 2685 est,
3128 2621 3304 2693 capta
3364 2631 3398 2673 ει

183 2714 389 2772 nostris
418 2711 1054 2789 Consta‘nlinOpolis:
1092 2713 1374 2772 divisum
1417 2713 1767 2790 gentilibus
1798 2714 1976 2782 Tuis,
2007 2713 2313 2774 Balduino
2340 2714 2614 2773 Flandro
2647 2724 2705 2772 et
2731 2716 3050 2776 Ludovico
3083 2715 3396 2786 lllesensi,

184 2818 634 2877 nobilissimum
680 2816 1025 2895 imperium
1068 2833 1083 2876 :
1119 2819 1593 2880 Comnenorum
1643 2834 1798 2896 opes
1851 2819 2104 2891 accisa»;
2164 2819 2326 2878 vires
2375 2819 2602 2879 attritm
2660 2835 2730 2880 ac
2779 2821 3104 2897 dispersas.
3171 2821 3400 2896 Magna

183 2917 286 2978 lucc
313 2925 371 2978 et
405 2918 726 2995 prasclara.
760 2917 884 2977 Sed
920 2908 1460 2979 ulterius'deinde
1490 2920 1843 2998 progressis
1880 2935 2004 2979 non
2043 2919 2284 2981 minora
2318 2928 2702 2981 occurrunt:
2737 2923 3128 2981 Francorum
3166 2919 3398 2999 ingens

178 3026 493 3096 exercitus,
555 3025 675 3083 sub
723 3022 959 3084 Christi
1011 3022 1216 3100 signis
1276 3022 1558 3083 militans
1591 3067 1608 3093 ,
1673 3023 1818 3084 Asia
1879 3025 2160 3096 subacta,
2206 3041 2304 3084 res
2349 3031 2510 3085 terra
2567 3031 2626 3084 et
2663 3026 2818 3084 mari
2879 3041 2912 3085 a
2972 3025 3218 3097 Carolo,
3268 3022 3400 3084 divi

180 3124 450 3186 Ludovici
527 3123 742 3197 fratre,
810 3131 1026 3185 contra
1081 3124 1459 3192 Michaelem
1524 3124 1950 3202 Pata'iologum
2009 3127 2260 3187 fortiter
2310 3116 2502 3203 gesta)
2548 3143 2561 3185 :
2612 3127 3058 3188 Catalanoruni
3091 3125 3400 3204 ’dcuiquo

179 3236 321 3284 lnam
355 3235 414 3286 et
453 3229 686 3287 horum
720 3224 917 3304 gloria
952 3226 1026 3285 ad
1063 3243 1177 3285 nos
1211 3226 1509 3306 pertinet)
1566 3227 1847 3289 victoria,-
1892 3227 2306 3289 incrcdibiles
2352 3228 2429 3288 de
2481 3226 2729 3296 Turcis,
2781 3228 2857 3288 de
2916 3225 3262 3304 Byzantiis,
3318 3227 3396 3286 de

176 3323 413 3384 Atzlueis.
451 3323 596 3396 His,
631 3325 760 3382 Rex
789 3325 1088 3405 Maxime,
1121 3327 1516 3386 ornamentis
1573 3327 1920 3405 insignem,
1980 3337 2042 3390 et
2087 3309 2340 3390 virtutis
2401 3328 2722 3388 Franci-cm
2774 3309 3158 3406 quibusdam
3215 3319 3397 3404 quasi

180 3420 508 3482 luminibus
543 3422 1326 3502 illustratum,_Nicephori
1359 3427 1657 3504 Gregorio
1709 3427 2054 3488 Historiam
2106 3427 2418 3504 benigne,
2470 3434 2536 3486 ut
2587 3443 2800 3504 spero,
2855 3433 3243 3504 excepturus
3304 3439 3396 3486 es.

177 3513 349 3581 Habet
385 3537 535 3581 vero
568 3521 914 3583 historicus
954 3523 1088 3601 ipse
1129 3525 1349 3584 laudes
1381 3527 1692 3604 prOprias,
1747 3544 2012 3604 quarum
2073 3526 2631 3586 commendatione
2685 3526 3002 3603 Optimum
3038 3525 3400 3603 principem

177 3616 334 3680 facile
364 3622 492 3683 sibi
536 3622 878 3694 conciliet;
925 3622 1142 3683 nobile
1171 3627 1333 3702 apud
1379 3642 1532 3686 suos
1571 3626 1942 3702 Philosophi
1979 3642 2240 3697 nomen,
2273 3625 2562 3686 omnium
2595 3626 2727 3685 fere
2772 3625 3207 3709 doctrinarum
3245 3642 3398 3706 pro-

176 3722 499 3784 fessionem
537 3724 887 3802 publiean'i,
922 3725 1384 3802 imperatorum
1423 3725 1922 3808 familiaritatem
1965 3746 1977 3787 :
2018 3743 2336 3804 supremae
2367 3726 2427 3787 in
2473 3725 2751 3788 Ecclesia
2803 3727 3018 3788 Grmca
3068 3727 3400 3804 dignitatis

174 3826 427 3905 insignia
466 3827 796 3905 repudiata
835 3845 851 3887 :
885 3835 942 3888 et
985 3833 1140 3907 (quo
1191 3830 1352 3890 nihil
1411 3833 1578 3908 apud
1609 3833 1738 3906 Te,
1770 3832 2101 3907 religionis
2145 3849 2308 3896 verae
2363 3831 2792 3904 defensorem,
2846 3832 3048 3912 majus
3103 3833 3398 3913 futurum

175 3929 273 4005 est)
312 3929 564 3992 labores
605 3945 718 4007 pro
766 3938 936 3992 recta
968 3929 1113 3991 ﬁdei
1142 3929 1430 3991 doctrina
1465 3933 1539 3992 ad
1577 3942 1937 3992 extremum
1989 3932 2290 4011 Spiritum
2334 3931 2701 3994 exhaustos.
2765 3931 2881 3992 Sed
2911 3930 3068 4008 quid
3107 3948 3224 4010 ego
3269 3931 3403 3992 haec

171 4033 406 4109 Tecum,
444 4039 584 4097 Rex
624 4036 1118 4115 Augustissirne,
1171 4036 1387 4099 alieno
1424 4038 1611 4116 plane
1658 4036 1988 4118 tempore?
2034 4056 2177 4100 cum
2241 4054 2468 4099 omnes
2509 4037 2931 4114 cogitationes
2972 4038 3142 4096 Tuas
3202 4043 3293 4098 tot
3337 4049 3400 4098 et

176 4147 316 4200 tanta
372 4142 637 4215 negotia
699 4139 824 4198 sibi
883 4137 1245 4211 vindicant;
1305 4158 1450 4200 cum
1514 4146 1819 4217 cogendm
1878 4135 2309 4218 undecunque
2381 4141 2689 4216 legiones,
2756 4140 2990 4199 classes
3055 4140 3394 4210 armandae,

175 4244 493 4304 munienda
527 4244 802 4321 Oppida;
840 4244 1053 4305 hostes
1087 4261 1213 4304 non
1248 4244 1487 4304 nostris
1524 4245 1761 4316 solum,
1807 4246 1917 4304 sed
1963 4254 2026 4304 et
2070 4243 2396 4304 sodorum
2458 4241 2693 4303 tinibus
2736 4235 3039 4316 arcendi;
3087 4260 3230 4304 cum
3285 4245 3395 4304 de-

173 4346 342 4423 nique
373 4354 434 4408 et
471 4346 857 4423 populorum
903 4347 1101 4416 salus,
1162 4353 1223 4407 et
1271 4362 1490 4422 regum
1551 4347 1772 4416 tutela,
1825 4357 1886 4407 et
1941 4346 2130 4407 totius
2194 4363 2354 4420 pene
2389 4345 2565 4405 orbis
2618 4355 2931 4406 terrarum
2989 4363 3142 4407 cura
3187 4347 3394 4421 provi-

169 4449 426 4508 dentiam
466 4451 671 4506 'I'uam
705 4446 780 4506 ad
829 4463 898 4507 se
941 4453 1258 4508 revocant.
1311 4447 1496 4507 Plura
1553 4447 1804 4508 desino.
1866 4451 1939 4509 At
1992 4451 2110 4519 Tu,
2165 4464 2384 4525 regum
2448 4450 2746 4520 Maxime,
2804 4457 2935 4508 tum
2992 4449 3392 4524 sapientibus

169 4549 470 4621 ronsiliis,
508 4555 643 4608 tum
691 4547 887 4607 armis
933 4545 1299 4608 victricibus
1333 4547 1496 4608 bella
1527 4563 1881 4624 compone;
1925 4557 2013 4617 ut,
2054 4563 2202 4624 pace
2261 4546 2548 4607 hostibus
2608 4547 2937 4622 imperata,
2963 4546 3100 4606 Tibi
3139 4533 3398 4604 ct"l‘uis

143 4649 402 4728 'lungnm
439 4651 644 4712 vivas.
681 4651 829 4712 Haec
858 4659 1008 4712 sunt
1043 4633 1184 4711 vota
1223 4649 1500 4729 publica.
1557 4653 1690 4711 Hoc
1731 4653 1983 4729 religio,
2046 4653 2164 4710 hoc
2216 4651 2490 4710 alumnm
2527 4660 2674 4718 tum,
2716 4658 2880 4709 artes
2931 4659 2991 4708 et
3057 4648 3382 4714 scientiae;

170 4756 267 4816 hoc
298 4755 485 4817 novis
548 4755 838 4834 quotidie
881 4771 990 4830 per
1037 4756 1122 4814 Te
1154 4755 1387 4832 opibus
1435 4755 1758 4827 ﬂorentes,
1813 4755 2192 4815 Bibliotheca
2246 4755 2438 4831 Regia
2502 4759 2559 4814 et
2597 4742 2896 4830 Luparma
2943 4752 3388 4833 'l‘ypographia

169 4879 399 4923 mecum
443 4865 706 4922 vovent.
805 4909 823 4915 ..

1633 5071 2206 5083 ..ρ--σ-σδ--υι-...ο-ο

834 5229 1351 5320 JOANNIS
1445 5227 1924 5321 BOIVINI
2029 5159 2707 5318 rnmra‘no.

221 5572 394 5626 Aunus
425 5571 518 5623 hic
561 5565 804 5622 dreimus
833 5578 1058 5636 quartus
1107 5579 1208 5631 est,
1244 5583 1305 5622 ex
1344 5581 1448 5636 quo
1484 5566 1706 5621 Carolus
1813 5567 1973 5626 rit‘os,
2011 5565 2099 5632 qui
2144 5562 2196 5615 in
2257 5559 2578 5616 bibliotheca
2630 5557 2790 5626 Regia
2834 5552 3186 5620 manuscripti
3219 5561 3400 5612 crista,

166 5663 470 5733 Dncaugius,
507 5667 584 5716 vir
640 5661 708 5714 de
764 5661 956 5713 litteris
1006 5663 1261 5729 praeclare
1305 5661 1549 5724 meritus,
1576 5657 1711 5712 mihi
1819 5666 1959 5717 rent,
2001 5654 2188 5708 Latine
2217 5660 2522 5712 verterent;
2562 5659 2620 5702 ut
2662 5659 2942 5716 postquam
2973 5644 3218 5696 absoluta
3245 5650 3397 5694 esset

166 5767 333 5809 auctor
371 5757 497 5818 fuit,
529 5766 589 5808 ut
619 5751 908 5821 Niccpliori
943 5748 1198 5822 Gregore
1228 5753 1392 5809 libros
1425 5769 1516 5808 sex
1548 5752 1714 5806 histo-
1823 5749 1990 5805 editio
2021 5748 2270 5802 Chronici
2313 5743 2600 5806 l‘asrhnlis,
2632 5741 2715 5794 Clli
2742 5740 2828 5793 me
2851 5750 3069 5790 l“3"“l“
3099 5744 3398 5788 cure-"lam

383 5851 669 5925 ΡΑτιξοι..
725 5848 844 5908 Gtt.
900 5845 1213 5908 CXLVIII.
2627 5874 2636 5881 -
2965 5835 2986 5891 1
3033 5878 3048 5891 .
