4038 6336
531 415 587 477 ll
1502 436 1508 448 ο
1828 408 2155 473 JOANNIS
2195 413 2495 476 nomen
3712 428 3779 489 ιε

458 546 467 555 ‘
526 532 853 601 imponebat.
882 528 919 582 ii
951 543 1047 583 sex
1080 529 1224 591 libri,
1252 527 1317 582 ad
1359 544 1452 582 eos
1495 542 1632 596 quos
1661 525 1891 580 Woltius
1922 528 2184 596 vulgzi-,A
2215 536 2532 606 accuratum
2583 528 2849 584 librorum
2907 548 3019 599 xxi,
3063 535 3116 587 in
3174 551 3282 589 uno
3311 537 3493 592 codice
3536 539 3796 597 \‘zuicmm

528 624 688 675 visset
735 617 1002 690 adjuncti,
1052 619 1233 693 llegiis
1274 622 1415 691 typis
1476 619 1889 672 mandarentur.
1952 616 2108 669 Eram
2180 618 2589 685 exstantium;
2618 635 2853 690 quorum
2890 622 3101 693 primus
3120 636 3267 681 esset
3287 627 3541 696 δευτέρου
3584 630 3793 700 pisum.

528 726 636 769 tum
670 730 770 784 ego
813 713 1135 783 colligendis
1178 712 1388 767 Libanii
1432 710 1690 781 Epistolis
1736 712 2015 773 intentus,
2053 719 2111 764 et

530 806 749 857 Latinas
779 805 889 872 jam
931 820 962 857 e
993 803 1197 857 Graecis
1246 802 1483 876 feceram
1523 819 1632 857 non
1685 818 1907 871 paucas.
1949 799 2110 853 Senis

525 897 826 951 doctissimi
864 895 1095 948 consilio
1138 897 1396 960 juvenem
1430 910 1517 948 me
1560 904 1617 948 cl.
1648 894 1915 947 novitium
1954 907 2110 961 pare-

525 1008 581 1044 re
616 1000 825 1057 annum
871 988 994 1041 fuit.
1018 986 1257 1042 Tametsi
1289 988 1449 1056 igitur
1479 986 1887 1041 arnwnitatibus
1916 994 1972 1037 et
1994 986 2108 1039 ele-

523 1080 717 1149 gantiis
757 1076 1072 1132 Libanianis
1118 1078 1255 1129 mire
1308 1077 1638 1139 delectabar,
1675 1084 1731 1129 et
1769 1076 1838 1129 ab
1876 1074 1943 1128 iis
1964 1086 2107 1144 aegre

520 1169 891 1230 discedebant,
928 1179 1109 1222 tamen
1161 1167 1235 1220 illi
1275 1183 1395 1221 sum
1440 1168 1773 1230 obsecutus;
1812 1166 1976 1235 idque.
2041 1178 2108 1217 eo

524 1263 781 1326 maxime,
820 1260 965 1327 quod
1017 1260 1084 1313 ad
1122 1259 1292 1328 ipsius
1344 1258 1757 1311 adhortationes
1810 1254 2110 1311 accedebat

524 1353 773 1407 voluntas
822 1351 1173 1405 illustrissimi
1224 1351 1449 1405 Abbatis
1476 1347 1686 1403 Camilli
1713 1346 1955 1410 Tellerii,
1990 1346 2106 1400 exi-

523 1446 627 1498 mia
660 1444 841 1498 indole
886 1444 1197 1513 pnestantis
1227 1450 1285 1497 et
1331 1456 1472 1511 supa
1537 1452 1752 1495 atatem
1790 1440 1935 1495 docti
1976 1439 2107 1494 ado-

522 1536 803 1597 lescentis.
849 1536 937 1590 cui
990 1551 1077 1590 me
1126 1543 1183 1589 et
1227 1550 1344 1588 mea
1377 1534 1559 1586 munia
1610 1532 1792 1585 studia
1822 1546 2105 1594 voveram,

518 1626 863 1683 bibliothecae
898 1627 1082 1697 Regia:
1133 1625 1412 1696 praefecto,
1445 1636 1610 1693 atque
1638 1639 1708 1678 co
1741 1639 1967 1676 munere
1990 1622 2102 1691 jam
2143 1672 2148 1677 .

520 1732 631 1774 tum
661 1735 783 1774 sese
814 1719 1037 1790 dignum
1076 1717 1349 1788 probanti.
1377 1716 1477 1771 llic
1503 1726 1563 1771 ut
1604 1715 1845 1770 laborem
1878 1715 2104 1784 imposi-

519 1824 631 1867 tutn
662 1813 927 1868 alacriore
973 1810 1159 1865 animo
1193 1809 1553 1878 susciperem,
1585 1808 1749 1860 etiam
1783 1806 1975 1876 patris,
2005 1806 2101 1859 viri

516 1903 736 1967 summi,
765 1887 1147 1956 auctoritatem
1205 1902 1556 1971 interposuit,
1585 1915 1693 1953 non
1732 1900 1853 1954 belli
1902 1902 2103 1965 solum,

515 1998 609 2051 sed
665 2006 720 2050 et
753 1995 1109 2050 scientiarum
1138 1994 1516 2062 bonarumque
1546 1993 1743 2048 artium
1792 2007 1979 2047 curam
2011 1993 2106 2047 de-

514 2088 819 2143 mandatam
855 2101 885 2140 a
919 2085 1066 2156 Rege
1098 2094 1226 2139 tunc
1256 2073 1604 2140 susrinentis.
1972 2142 1979 2149 ,
2074 2151 2078 2155 η

585 2176 679 2233 llis
729 2174 992 2246 auspiciis
1041 2177 1107 2253 ad
1164 2175 1332 2230 libros
1361 2174 1613 2246 Gregone
1652 2175 2099 2244 interpretamlos

523 2284 810 2342 aggressus
858 2267 977 2321 ιωω
1034 2276 1091 2321 et
1129 2268 1303 2321 fausta
1332 2268 1513 2321 omnia
1548 2267 1679 2319 mihi
1721 2267 2051 2333 SpUtltit‘ballt
2085 2285 2100 2322 :

512 2361 607 2413 sed
664 2374 749 2413 res
818 2361 933 2427 ipsa
991 2358 1305 2429 opinionem
1366 2374 1541 2411 meam
1596 2358 1827 2410 multum
1890 2359 2101 2414 fefellit.

514 2453 726 2507 Etenim
776 2451 968 2521 paucis
998 2462 1120 2520 post
1153 2451 1346 2506 diebus
1376 2450 1513 2504 obiit
1540 2451 1585 2503 is
1615 2453 1704 2520 qui
1731 2452 1864 2504 mihi
1902 2468 2101 2505 novum

513 2548 615 2601 iter
671 2544 917 2616 ingresso
964 2542 1159 2613 praeire
1208 2559 1270 2597 ac
1319 2544 1622 2613 pnelucere
1674 2560 1815 2597 unus
1867 2545 2101 2599 maxime

512 2637 756 2693 omnium
794 2646 1028 2706 poterat,
1065 2637 1306 2705 optimus
1354 2646 1409 2688 ct
1439 2636 1847 2689 eruditissmus
1882 2635 2099 2690 Decan-

454 2728 457 2735 “
512 2730 650 2800 gius.
671 2727 779 2784 liae
796 2728 1108 2797 Byzantines:
1135 2726 1375 2780 historia:
1406 2725 1526 2780 face
1547 2727 1841 2785 exstincta.
1870 2728 1968 2780 via:
1990 2740 2098 2779 non

514 2824 647 2875 satis
676 2836 878 2891 gnarus
912 2820 1157 2873 laborem
1202 2833 1267 2872 ac
1314 2816 1653 2887 diligentiam
1686 2818 1932 2872 subsidio
1966 2817 2098 2870 mihi

514 2911 863 2979 comparavi;
903 2919 961 2964 et
999 2924 1197 2964 eorum
1250 2922 1345 2963 sex
1404 2908 1689 2971 librorum,
1736 2923 1968 2977 quorum
2010 2910 2100 2964 ille

512 3003 597 3057 vix
636 3017 800 3055 unum
824 3000 1015 3055 Latine
1036 3015 1257 3055 versum
1295 2999 1578 3069 proximus
1616 3000 1777 3053 morti
1812 3000 2097 3072 relegcrat,

512 3091 1023 3169 interpretationem
1057 3091 1324 3163 integram
1356 3100 1477 3160 post
1509 3091 1717 3145 obitum
1748 3094 1866 3159 ejus
1899 3102 2093 3147 utcun-

2215 710 2372 777 λόγος
2415 712 2482 776 ζ’,
2508 714 2563 769 id
2594 713 2987 777 est,,Secundaz
3035 718 3211 773 Partis
3236 720 3368 773 liber
3396 723 3666 790 septimus,
3692 740 3796 779 seu

2216 803 2382 857 totius
2442 803 2686 860 historia
2746 807 2996 863 decimus
3061 821 3319 876 octavus;
3377 812 3599 869 ultimus
3660 832 3799 872 vero

2213 893 2633 975 ins‘criberetur,
2669 900 2984 970 Ῥωμαῖκῆς
3038 906 3277 976 ἱστορίας
3317 903 3419 974 λη’,
3450 920 3545 961 seu
3576 906 3800 977 Byzan-

2212 984 2338 1037 tina:
2369 987 2623 1042 Historia:
2658 989 2789 1043 liber
2818 990 3129 1047 XXXVIII.

2282 1076 2697 1147 Peropportune
2752 1094 2935 1137 autem
2997 1086 3218 1149 accidit,
3257 1100 3316 1144 ut
3352 1090 3537 1148 Romae
3587 1109 3683 1164 per
3735 1095 3794 1149 id

2212 1178 2435 1237 tempus
2494 1183 2930 1227 commoraretur
2996 1176 3080 1229 vir
3138 1178 3477 1237 humanitate
3530 1186 3792 1255 singulari

2209 1260 2469 1325 przeditns
2516 1260 2557 1314 Ι.
2606 1259 2914 1335 V'ivantlns.
2974 1268 3033 1322 S.
3090 1268 3155 1322 Τ.
3205 1269 3405 1327 Doctor
3442 1274 3790 1343 Parisiensis,

2210 1348 2467 1421 idemque
2501 1352 2697 1409 Socios
2741 1356 3096 1414 SOrbonicus.
3122 1360 3293 1434 Hujus
3315 1380 3444 1419 cura
3476 1368 3534 1421 el
3560 1365 3789 1425 oﬂieiosa

2209 1441 2275 1495 lt.
2305 1443 2361 1497 l’.
2417 1443 2477 1497 υ.
2528 1444 2873 1517 Stephanotii
2929 1453 3241 1519 sedulitate,
3272 1458 3577 1527 sumptibus
3606 1470 3790 1514 autem

2209 1531 2290 1588 ΙΙΙ.
2325 1536 2549 1594 Abbatis
2571 1542 2780 1608 Caniilii
2812 1542 3053 1609 Tellerii,
3085 1546 3255 1601 libros
3287 1563 3478 1602 novem
3498 1563 3562 1603 ex
3601 1551 3791 1605 codice

2210 1622 2475 1684 Vaticano
2527 1632 2834 1696 descriptos
2894 1645 2950 1689 et
3005 1636 3175 1691 Itonia
3215 1639 3283 1693 ad
3334 1655 3421 1695 me
3448 1642 3633 1696 allatas
3664 1657 3788 1698 eum

2208 1719 2367 1772 avide
2438 1721 2739 1793 legissem,
2794 1726 3153 1805 animadverti
3227 1746 3344 1783 eam
3423 1732 3592 1801 ipsam
3666 1747 3790 1789 esse

2209 1807 2500 1867 Historiam
2557 1815 2987 1884 ecclesiasticam,
3017 1818 3173 1888 cujus
3208 1821 3416 1875 utentia
3466 1822 3604 1877 facta
3640 1832 3789 1878 esset

2208 1918 2239 1957 a
2275 1904 2576 1959 Possevino
2610 1906 2666 1959 in
2698 1909 2973 1976 Apparam
3002 1926 3173 1963 sacro.
3210 1909 3273 1964 lli
3318 1928 3511 1967 novem
3542 1909 3684 1983 libri,
3716 1916 3786 1971 ad

2210 1992 2464 2047 undecim
2496 1991 2801 2049 Wolﬁanos
2855 2006 2912 2051 et
2965 2001 3031 2050 ad
3089 1996 3210 2051 illos
3234 2011 3353 2061 sex,
3381 2001 3473 2066 qui
3506 2015 3670 2069 penes
3698 2017 3786 2056 me

2207 2092 2385 2145 erant,
2427 2081 2655 2152 adjeeti,
2701 2082 2961 2137 librorum
2995 2085 3183 2155 viginti
3229 2100 3323 2139 sex
3351 2103 3633 2141 numerum
3665 2088 3782 2143 eni-

2207 2170 2639 2230 ciebant.'PoSt
2696 2174 3017 2230 vicesimum
3068 2187 3280 2230 sextum
3351 2178 3538 2233 deerat
3606 2179 3785 2235 adhuc

2205 2265 2364 2320 nobis
2395 2266 2690 2322 vicesimus
2737 2268 3020 2337 Septimus.
3059 2266 3296 2322 Caeteros
3352 2269 3405 2321 in
3453 2268 3785 2329 bibliotheca

2207 2356 2370 2429 Regia
2412 2357 2771 2421 habebamus,
2818 2358 3057 2427 exceptis
3094 2358 3334 2431 quinque
3374 2359 3597 2421 ultimis.
3640 2364 3783 2420 Tan-

2204 2450 2326 2503 dem
2358 2458 2412 2503 et
2438 2450 2493 2504 hi
2515 2465 2750 2520 quoque,
2770 2467 2872 2511 una
2891 2467 3013 2507 eum
3043 2454 3301 2507 vicesimo
3317 2456 3564 2526 septimo,
3585 2458 3780 2531 integri
3823 2437 3844 2463 ”

2203 2541 2269 2592 ad
2302 2555 2405 2593 nos
2447 2550 2840 2609 pervenerunt,
2897 2542 3158 2597 Friderici
3193 2544 3532 2613 Rostga'ardii
3581 2548 3781 2603 nobilis

2205 2629 2338 2684 Daui
2371 2647 2537 2701 opera
2586 2641 2645 2685 et
2674 2633 3024 2702 sumptibus;
3062 2649 3162 2703 qua
3195 2634 3410 2704 quidem
3444 2636 3511 2691 de
3542 2652 3601 2693 re
3636 2638 3781 2695 infra

2204 2722 2398 2777 fusius.

2275 2822 2422 2874 Inter
2472 2820 2590 2875 hmc
2621 2822 2875 2889 mquitate
2912 2832 2966 2874 et
3022 2822 3393 2880 moderatione
3426 2824 3645 2883 victoris
3673 2827 3781 2883 Lu-

2203 2910 2379 2967 dovici
2440 2910 2615 2982 Magni
2673 2925 2777 2979 pax
2827 2909 3059 2979 Europae
3112 2915 3360 2969 restituta
3418 2928 3523 2971 est.
3557 2918 3778 2974 Solutus

2196 3008 2307 3078 jam
2357 3005 2682 3075 urgentibus
2729 3003 3032 3059 diﬂicilium
3068 3014 3367 3077 temporum
3426 3009 3573 3064 euris
3622 3010 3779 3089 regni,

2202 3096 2530 3164 administer
2560 3097 2734 3165 (nunc
2784 3094 3027 3155 Francia
3060 3098 3439 3169 cancellarins)
3469 3099 3773 3156 Ludovicus

508 3201 614 3255 quo
642 3184 870 3239 absolvi.
918 3182 1069 3238 Bello
1120 3183 1340 3237 demum
1395 3183 1566 3237 atroci
1642 3197 1740 3252 per
1788 3182 2097 3237 universam
2130 3204 2172 3261 ο
2207 3187 2686 3243 Ponchartra'nius
2715 3186 2786 3241 ad
2810 3201 2877 3241 ea
2904 3203 3025 3257 qua:
3046 3190 3156 3253 sibi
3190 3186 3563 3245 commendata
3591 3208 3622 3245 a
3650 3208 3778 3262 rege

511 3277 787 3347 EurOpam
841 3274 1098 3329 saeviente
1154 3274 1461 3344 interrirpta
1497 3275 1645 3344 pacis
1686 3289 1873 3343 opera.
1909 3274 2095 3343 Itaque

508 3378 563 3422 et
595 3366 845 3437 Gregorze
880 3366 1051 3419 nostri
1103 3364 1273 3419 editio
1326 3367 1379 3418 in
1425 3365 1572 3431 aliud
1630 3373 1847 3435 tempus
1880 3364 2043 3418 dilata
2082 3384 2096 3419 :

512 3457 603 3511 cui
636 3457 832 3511 deinde
862 3471 1015 3511 mora
1047 3456 1149 3509 alia
1181 3453 1550 3510 funestissima
1580 3456 1802 3520 accidit,
1825 3455 2097 3509 marchio-

518 3547 608 3602 nis
639 3547 861 3603 Tellerii
887 3548 1127 3602 Luvoisii
1149 3562 1300 3601 mors
1323 3536 1606 3616 repentina
1628 3564 1643 3612 ;
1664 3563 1783 3617 qua
1817 3548 2101 3617 pmclaras

512 3637 634 3693 illas
709 3638 1098 3707 cogitationum
1177 3652 1419 3691 mearum
1492 3650 1617 3705 spes
1689 3636 1915 3691 omnino
1987 3636 2098 3689 fere

515 3728 733 3784 evertit.
1298 3784 1302 3788 ,

580 3817 854 3875 Εκιοτυω
907 3832 974 3872 ex
1030 3816 1098 3871 iis
1153 3816 1286 3886 ipsis
1317 3816 1553 3886 publicis
1582 3816 1920 3891 privatisque
1950 3814 2096 3871 cala-

510 3912 792 3967 mitatibus
816 3910 1053 3964 fructum
1091 3909 1237 3962 hunc
1263 3908 1410 3977 cepi,
1438 3907 1585 3976 quod
1612 3907 1743 3961 mibi
1776 3922 1873 3975 per
1904 3907 2093 3960 decem

508 4021 682 4061 annos
700 4021 776 4060 ea
813 4020 933 4073 qua:
968 4001 1311 4071 scripsissem
1346 4001 1622 4070 corrigere
1650 4009 1704 4053 et
1729 4014 2006 4063 accurare,
2030 4014 2097 4055 ac

512 4110 770 4169 praeterea
806 4098 938 4150 alios
966 4096 1222 4165 (ἐι-οεοω
1272 4092 1441 4147 libros
1480 4107 1675 4146 eruere
1705 4107 1734 4146 e
1761 4092 2005 4147 tenebris
2040 4103 2096 4150 et

512 4190 582 4243 ad
619 4187 743 4241 illos
781 4201 920 4254 quos
960 4185 1197 4254 primum
1234 4183 1550 4237 habuissem
1605 4183 1803 4239 addere
1857 4186 2089 4240 vacavit.

511 4277 688 4333 Variis
744 4289 941 4345 nempe
983 4274 1235 4327 codicum
1283 4271 1781 4341 n.anuscriptorurn
1837 4275 2094 4345 catalogis

516 4369 771 4442 perlectis
823 4365 1091 4427 intellexi,
1116 4364 1296 4416 editos
1342 4362 1511 4416 fuisse
1554 4381 1582 4415 a
1616 4363 1925 4433 Nieephoro
1955 4365 2091 4420 Gre-

488 4460 639 4535 igora
670 4462 922 4515 Historiie
953 4459 1260 4528 Byzantium
1298 4458 1465 4515 libros
1496 4460 1668 4512 multo
1701 4460 1903 4527 plures,
1926 4475 2089 4527 quam

2202 3287 2381 3340 erant,
2421 3278 2573 3346 pacis
2606 3289 2931 3333 ornamenta
2962 3278 3340 3347 ampliﬁcanda
3370 3288 3539 3334 totum
3568 3295 3626 3336 se
3652 3281 3778 3337 ani-

2203 3385 2293 3420 mo
2324 3379 2378 3422 et
2408 3367 2743 3438 cogitatione
2771 3370 3060 3422 convertit.

2274 3454 2555 3523 Luparmae
2602 3455 2833 3508 nﬂieinre
2887 3462 3043 3522 typos
3092 3452 3351 3520 Graecos,
3395 3471 3636 3511 (mnium
3684 3456 3778 3528 qui

2201 3560 2444 3615 unquam
2488 3544 2711 3600 fuerunt
2751 3544 3204 3615 elegantissimos,
3236 3545 3458 3602 inutiles
3486 3562 3537 3601 et
3573 3549 3776 3603 otiosos

2199 3636 2395 3691 vacare
2451 3652 2599 3706 a-gre
2648 3636 2889 3690 ferebat.
2919 3633 3158 3689 Joannes
3212 3634 3412 3692 Paulus
3456 3626 3773 3709 Biguonius,

2203 3728 2370 3782 abbas
2415 3728 2809 3792 noliilzssimns,
2854 3742 3039 3782 comes
3093 3730 3250 3785 hodie
3297 3733 3774 3788 consistorianus:

2202 3819 2295 3887 qui
2336 3818 2458 3887 ipso
2514 3817 2639 3870 belli
2700 3827 2965 3886 tempore,
2996 3834 3119 3873 cum
3153 3822 3455 3876 avunculus
3500 3823 3776 3878 l’onchar-

2199 3910 2425 3963 tranius
2485 3910 2717 3962 inlinitis
2777 3910 3009 3979 negotiis
3051 3912 3486 3981 distringeretur,
3524 3916 3776 3985 reip.lit-

2202 4001 2417 4056 terariae
2448 4011 2503 4055 et
2554 4001 2954 4056 academiarum
2992 4004 3114 4072 jura
3143 4006 3221 4058 sic
3254 4014 3458 4060 tutatus
3489 4005 3685 4067 fuerat.
3717 4016 3779 4063 ut

2197 4101 2253 4147 et
2276 4107 2408 4147 suus
2441 4091 2640 4146 litteris
2686 4092 2862 4146 honos
2908 4104 3175 4164 perpetuo
3212 4106 3321 4148 tum
3361 4083 3693 4163 constiterit,
3718 4108 3777 4154 et

2196 4186 2326 4239 viris
2376 4184 2701 4239 academicis
2751 4186 2968 4254 praemia
3016 4185 3084 4240 de
3133 4201 3285 4252 more
3316 4188 3587 4257 persoluta
3639 4189 3771 4244 sint.

2196 4278 2255 4331 Ei
2310 4276 2492 4349 igitur,
2541 4276 2747 4345 pacatis
2802 4276 2914 4345 jam
2967 4286 3025 4331 et
3084 4280 3389 4348 tranquillis
3422 4279 3609 4346 rebus,
3646 4295 3773 4335 cura
3836 4338 3837 4341 η

2198 4371 2319 4425 haec
2366 4370 2469 4423 t'nit
2524 4385 2635 4422 non
2694 4379 2987 4437 postrema.
3044 4368 3475 4426 Grmeos'libr'os
3530 4380 3775 4442 Iyporunt

2209 4462 2499 4528 ltegiornm
2534 4460 2654 4512 luce
2705 4460 2996 4512 illustrare.
3025 4457 3180 4512 Unde
3210 4469 3267 4513 et
3293 4476 3400 4523 me,
3430 4462 3590 4531 longo
3616 4460 3777 4518 ia‘mi-

491 4537 644 4619 ἰιυοι
693 4548 807 4602 sive
858 4546 1110 4617 impressi
1161 4546 1277 4600 sive
1325 4562 1488 4598 manu
1547 4545 1733 4614 scripti
1792 4546 1843 4597 in
1896 4546 2095 4615 pluteis
2132 4549 2172 4601 D
2208 4544 2464 4599 liaritatis
2523 4561 2625 4597 usu
2672 4548 3046 4612 conjunetum,
3101 4546 3347 4599 hortatus
3391 4557 3497 4613 est,
3528 4559 3586 4603 ut
3616 4547 3774 4604 Nice-

520 4637 702 4705 ltegiis
748 4643 1048 4688 exstarent.
1101 4634 1297 4688 Docuit
1354 4648 1441 4687 me
1495 4632 1767 4694 Labbeus,
1830 4633 2095 4703 repositos

480 4731 684 4801 _latere
720 4728 773 4781 in
810 4728 1140 4779 bibliotheca
1172 4724 1503 4780 Scorialensi
1558 4727 1724 4781 libros
1758 4727 1875 4795 ejus
1904 4736 2094 4778 aucto-

517 4834 590 4871 ris
638 4814 924 4871 historicos
994 4813 1364 4881 undetriginta
1422 4832 1434 4866 :
1491 4830 1591 4867 nec
1654 4815 1824 4868 multo
1875 4823 1995 4882 post
2040 4814 2092 4864 in

516 4912 756 4963 codicem
788 4906 1041 4977 licgiuut
1072 4904 1257 4967 incidi,
1286 4904 1375 4972 qui
1414 4906 1731 4958 vicesimum
1764 4922 1812 4958 οι
1834 4915 2013 4958 tavun
2043 4912 2095 4956 et

521 5001 835 5053 vicesimum
880 5011 1087 5049 nonntn
1146 4995 1441 5047 historicos
1476 4996 1727 5056 habebat,
1779 5012 1904 5048 cum
1963 5012 2097 5063 qna-

519 5106 638 5144 tuor
671 5089 992 5159 dogmaticis
1018 5085 1366 5155 conjunctos.
1406 5085 1576 5139 Didiei
1610 5102 1672 5138 ex
1707 5091 1985 5154 Apparam
2010 5104 2097 5139 sa-

517 5200 602 5235 rro
642 5182 860 5233 Antonii
912 5180 1190 5235 Posseviui
1251 5185 1307 5231 et
1354 5192 1419 5230 ex
1474 5176 1641 5229 veleri
1694 5178 2093 5246 catalogoms.,

517 5271 783 5325 assavari
839 5271 895 5322 in
947 5271 1276 5323 bibliotheca
1334 5265 1592 5320 Vaticana
1623 5262 1914 5319 Historiam
1948 5266 2095 5333 ejus-

517 5365 638 5419 dem
714 5360 967 5429 GI‘CSOl‘u:
1041 5358 1488 5420 ecclesiasticam,
1546 5366 1601 5410 et
1652 5358 1783 5409 Acta
1850 5357 2094 5419 concilii,

516 5472 611 5511 seu
658 5456 739 5523 (ut
789 5452 993 5506 ibidem
1043 5458 1287 5519 vocatur)
1318 5448 1719 5520 ΛῌΣΤΙῚΚΗΣ
1757 5445 2096 5513 ΣΥΝΟΔΟΥ,

519 5565 583 5603 ac
616 5546 984 5601 narrationem
1023 5544 1423 5613 persecutionis
1474 5544 1529 5596 in
1570 5540 1911 5595 orthodoxos
1942 5552 2099 5591 mota:

517 5656 545 5692 a
577 5638 877 5692 l‘alamitis.
920 5635 1149 5688 Demnm
1185 5631 1251 5684 lt.
1280 5632 1339 5685 ιι.
1368 5632 1429 5686 D.
1456 5633 1696 5687 Joannes
1730 5629 2097 5696 Mabillonius,

517 5730 610 5799 qui
643 5739 830 5781 nostra
880 5726 993 5780 lucc
1051 5722 1232 5778 studia
1273 5722 1563 5791 adjuvandi
1597 5723 1803 5776 nullam
1856 5720 2100 5774 occasio-

516 5842 642 5883 nem
695 5821 1079 5893 praetermittit,
1132 5816 1555 5873 communicavit
1590 5831 1805 5872 mecum
1850 5814 2093 5869 indicem

2202 4635 2361 4705 phori
2398 4635 2653 4703 Gregora:
2679 4635 2901 4702 scripta,
2935 4650 3055 4703 quae
3098 4644 3286 4703 parata
3327 4637 3526 4693 habere
3557 4655 3643 4692 me
3677 4655 3774 4693 sa:-

2200 4726 2324 4791 pius
2348 4722 2642 4786 dixissem,
2674 4720 2827 4791 Regii
2862 4721 3210 4791 typographei
3256 4724 3433 4789 praelis
3463 4728 3773 4778 committe.

2201 4830 2313 4869 rem
2346 4816 2771 4881 quamprimum.
2829 4813 2940 4885 Ego
2974 4828 3103 4868 vero
3146 4816 3607 4885 permittentibus,
3667 4820 3773 4871 imo

2195 4905 2523 4978 jnhcntjbos
2552 4905 2616 4958 iis
2649 4904 2886 4975 quorum
2936 4920 3145 4959 summa
3192 4916 3275 4960 est
3303 4914 3444 4976 apud
3475 4926 3558 4961 me
3590 4920 3773 4962 aui-to-

2202 5006 2354 5061 ritas,
2388 4996 2630 5051 oblatam
2661 4995 3002 5049 occasionem
3026 4995 3206 5050 statim
3234 4998 3473 5065 arripui;
3506 5010 3558 5052 et
3590 4999 3773 5067 paucis

2201 5100 2321 5157 post
2352 5088 2551 5141 diebus
2611 5087 2741 5141 tomi
2797 5086 2955 5155 primi
2991 5085 3157 5141 editio
3204 5102 3376 5155 caspia
3425 5103 3525 5144 est.
3572 5093 3685 5155 Qua
3718 5091 3773 5144 in
3836 5086 3839 5089 ⁷

2162 5180 2165 5183 ’
2202 5185 2376 5245 parte,
2412 5176 2672 5244 quoniam
2728 5173 2961 5230 Wolﬁus
2998 5174 3130 5229 mihi
3188 5178 3564 5249 pneivit,quid
3602 5182 3771 5249 priva-

2202 5272 2296 5323 tim
2332 5271 2445 5337 ipse
2475 5258 2820 5337 paestiterim
2853 5284 3141 5337 exponam.
3796 5338 3799 5341 _

2275 5362 2423 5413 lnlcr
2466 5361 2686 5415 codices
2734 5360 3138 5430 manuscriptos
3200 5362 3544 5427 bibliotheca
3594 5362 3772 5429 Regia:

2203 5468 2346 5506 unus
2380 5451 2725 5516 eliartaceus,
2754 5451 2839 5505 cui
2876 5452 3170 5521 inscriptus
3201 5466 3284 5511 est
3330 5471 3587 5509 numerus
3608 5453 3771 5516 25.38,

2204 5555 2398 5613 pra-ter
2438 5543 2721 5597 historiam
2778 5558 2997 5598 omnem
3038 5546 3552 5619 Pachymcrianam,
3608 5546 3772 5599 libros

2201 5638 2453 5706 θηρευταὶ
2490 5637 2778 5690 historicos
2832 5639 3083 5694 undecim
3136 5641 3531 5710 complectiur,
3563 5656 3658 5692 eos
3697 5640 3771 5691 vi-
3828 5628 3835 5629 ί

2203 5729 2400 5782 delieet
2420 5728 2509 5795 qui
2535 5727 2775 5783 aWoliio
2803 5731 3036 5799 primum
3061 5733 3189 5787 editi
3217 5741 3366 5784 sunt.
3399 5730 3452 5783 ln
3482 5748 3547 5785 eo
3562 5731 3769 5793 codice,

2204 5819 2357 5885 bona:
2387 5819 2588 5888 alioqui
2647 5832 2785 5876 notae
2826 5831 2877 5877 ct
2932 5826 3060 5879 satis
3091 5825 3313 5892 antiquo
3346 5826 3487 5890 (nam
3538 5825 3771 5899 scriptus
