4036 6322
228 461 281 525 l3
788 471 793 475 η
1603 438 1764 513 lin/ﬁ

1866 450 2013 511 Tm.
2290 458 2295 463 δ
2896 432 2897 435 γ
3236 420 3239 422 ’
3339 438 3401 510 ιι

217 589 286 631 i-st
313 586 429 630 ante
471 585 685 643 captain
732 589 761 627 a
807 572 998 627 Tuicis
1045 570 1605 640 Consuluitinopoliu),
1648 572 1749 622 hoc
1778 576 1819 628 Α
1852 566 2011 636 hujus
2041 565 2327 620 voluminis
2382 562 2780 635 appendicibus
2824 564 3189 619 annecteudas
3229 582 3401 621 remr-

216 670 463 738 singulare
522 678 628 732 est,
681 669 824 733 quod
882 682 1001 735 quae
1050 668 1102 719 in
1147 665 1298 720 libris
1348 666 1509 717 editis
1561 678 1748 715 manca

217 769 418 813 suntet
475 758 817 827 imperfecta,
868 776 927 810 ea
990 758 1061 811 ibi
1130 758 1333 825 integra
1386 754 1747 823 reperiantur.

220 857 429 905 lii-erant
450 859 630 904 autem
672 844 723 902 iu
762 851 913 903 libris
956 850 1117 901 editis
1153 848 1251 900 tria
1301 846 1391 899 illa
1429 846 1749 917 fragmenta,

217 959 323 1011 quin
371 943 618 995 Petavius
658 958 685 994 a
743 941 1015 995 Frontone
1068 941 1257 992 Duczeo
1292 946 1508 1006 accepta
1545 938 1750 1008 primus

217 1033 530 1103 vulgavit,ct
559 1029 847 1101 Nicepliori
894 1031 1212 1100 patriarcha:
1263 1030 1536 1083 Breviario
1587 1030 1753 1081 histo-

217 1126 320 1178 rico
348 1123 650 1191 subiunxit.
689 1123 922 1176 Deerant
954 1131 1011 1177 et
1038 1122 1142 1175 alia
1181 1138 1285 1175 non
1320 1120 1528 1173 minora
1553 1137 1569 1185 ;
1594 1118 1753 1188 quale

215 1223 289 1268 est
315 1214 518 1284 insigne
576 1213 706 1266 illud
745 1212 813 1267 de
842 1212 1135 1266 Athanasii
1185 1213 1507 1281 patriarchae
1554 1210 1754 1265 severi-

217 1316 335 1369 tate,
361 1316 417 1359 et
442 1306 508 1358 de
549 1307 940 1359 monachorum
990 1305 1233 1358 moribus
1270 1304 1754 1375 emendatis;item

216 1413 322 1465 qua:
352 1396 616 1464 pertinent
635 1395 702 1449 ad
732 1395 973 1463 ejusdem
1007 1396 1127 1450 libri
1166 1408 1327 1465 Caput
1357 1396 1665 1466 septimum.
1688 1395 1754 1449 ad

216 1488 325 1540 libri
364 1488 489 1540 noni
539 1493 707 1555 caput
748 1486 1066 1549 secundum,
1109 1498 1160 1539 et
1193 1487 1257 1540 ad
1310 1486 1430 1540 libri
1484 1483 1754 1539 undecimi

216 1588 371 1648 caput
416 1578 545 1631 item
611 1577 933 1631 secundum.
992 1578 1229 1646 Denique.
1271 1578 1324 1631 in
1367 1576 1594 1648 singulis
1648 1576 1759 1631 fere

216 1670 411 1740 paginis
464 1670 632 1724 dictio
681 1670 858 1739 aliqua
910 1673 1201 1724 autetiam
1249 1672 1431 1738 plures
1482 1670 1759 1725 desidera-

216 1763 411 1816 tuantur.
460 1761 567 1815 Eos
597 1777 788 1821 omnes
838 1762 1081 1818 deiectus
1131 1780 1197 1816 es
1221 1762 1405 1817 codice
1450 1763 1542 1816 illo
1594 1760 1759 1833 ch‘o

1853 664 2114 715 vavimus.
2148 661 2372 714 Constat
2408 676 2473 714 ex
2533 659 2871 713 bibliotheca:
2919 659 3281 727 Seguicrinua:
3313 675 3403 711 ca-

1854 756 2048 825 talogo,
2092 765 2305 807 exstare
2360 752 2503 815 illie,
2559 751 2697 804 inter
2742 751 2956 804 codices
3011 751 3404 819 manuscriptos

1850 847 2089 909 (Ξῖ-τερος,
2124 842 2406 911 Nircpliori
2438 843 2698 913 Syntaat'u
2723 826 2958 895 historia:
2988 840 3259 905 Romamr,
3283 856 3404 894 eum

1852 939 2108 993 Chronico
2166 935 2392 991 Zonarie
2444 936 2819 1007 .conjunctam.
2860 933 3311 1007 Eum‘codiccm,
3352 933 3405 985 in

1854 1046 1963 1099 quo
2012 1030 2180 1085 libros
2234 1026 2526 1097 Nicepliori
2582 1025 2832 1096 Gregora
2889 1025 3140 1081 undecim
3204 1026 3410 1094 prieres

1856 1123 2046 1178 titulus
2071 1123 2185 1191 ipse
2214 1120 2480 1176 contineri
2514 1118 2717 1183 innuit,
2741 1133 2919 1188 opera:
2945 1117 3136 1174 fuisset
3161 1119 3411 1179 conferre

1853 1230 1977 1267 eum
2006 1213 2298 1282 impressis.
2327 1210 2435 1266 Sed
2478 1210 2606 1265 mihi
2641 1212 2710 1266 ad
2740 1225 2861 1266 eam
2890 1209 3267 1266 bibliothecam
3296 1210 3411 1265 adi-

1856 1313 1945 1358 tus
1973 1305 2211 1359 nondum
2244 1306 2436 1375 patuit.

1928 1486 2175 1540 Latinam
2230 1485 2759 1554 interpretationem,
2815 1486 2969 1553 cujus
3026 1494 3214 1539 auctor
3268 1492 3414 1538 esset

1864 1578 2225 1645 Hieronymus
2272 1574 2520 1637 Wolfius.
2564 1592 2814 1647 maguum
2846 1575 2987 1645 apud
3034 1576 3273 1630 eruditos
3318 1589 3414 1629 no-

1860 1683 2009 1733 men,
2040 1670 2310 1723 sinceram
2336 1679 2394 1722 ct
2423 1668 2680 1726 intactam
2730 1683 2945 1725 summa
2977 1670 3081 1724 iide
3114 1684 3421 1736 reprcesen-_

1865 1769 1978 1812 tare
2024 1759 2177 1813 initio
2206 1762 2551 1815 decreveram
2583 1761 2836 1815 :cousilii
2881 1760 3076 1814 deinde
3107 1760 3270 1828 bujus
3299 1774 3415 1813 mu-

216 1854 649 1923 supplevimus-in
683 1855 783 1908 hac
831 1855 1092 1909 editione.
1132 1854 1329 1923 Maiora
1384 1857 1757 1925 supplementa
1792 1895 1837 1951 Β
1866 1851 2015 1906 laudi
2071 1866 2250 1908 causa:
2294 1854 2477 1922 plures
2521 1853 2759 1908 fuerunt.
2807 1852 3073 1923 Gregoras
3124 1852 3415 1922 multijngaa

220 1946 264 1998 in
306 1945 636 2015 marginibus
676 1944 910 1999 indicata
952 1962 969 1999 :
1022 1947 1227 2000 minora
1282 1948 1535 2001 canet-llis
1585 1947 1758 1999 inclu-

217 2053 301 2100 sa;
342 2036 551 2091 mendae
606 2048 885 2105 pactam.
919 2054 1040 2107 quae
1089 2039 1384 2094 innumera:
1438 2048 1612 2103 erant,
1655 2052 1760 2106 0pc

221 2128 446 2195 ejusdem
479 2127 685 2182 codicis
713 2128 960 2181 sublatas.

278 2307 485 2361 Rursus
522 2308 575 2359 in
630 2321 698 2362 eo
744 2306 864 2377 ipso
911 2307 1098 2361 codice
1145 2308 1247 2363 bne
1291 2318 1481 2364 notatu
1508 2310 1762 2382 dignissi-

218 2414 350 2449 mum
378 2406 485 2460 est,
504 2398 648 2465 quod
682 2415 799 2466 quae
820 2398 1086 2469 Grcgoras
1116 2400 1268 2453 libris
1291 2410 1524 2469 quatuor
1552 2411 1763 2471 postre-

215 2488 311 2541 mis
344 2488 575 2557 plnritna
634 2488 1074 2550 inseruit,'variis
1128 2491 1459 2558 temporibus
1500 2506 1531 2544 a
1566 2506 1625 2546 se
1650 2492 1765 2547 elu-

216 2563 452 2640 i-ub'rata.
495 2593 559 2630 ea
590 2577 705 2632 fere
750 2578 936 2632 omnia
983 2578 1184 2633 ibidem
1218 2580 1431 2647 desint;
1465 2581 1545 2637 sic
1583 2592 1762 2637 autem

192 2669 325 2743 ‘suis
348 2683 581 2737 quicque
606 2669 740 2722 iocis
764 2669 938 2722 recisa
966 2668 1269 2733 iuerint,nt
1291 2672 1617 2726 narrationis
1638 2687 1765 2728 con-

216 2768 387 2813 textus
438 2759 581 2812 nullo
616 2758 766 2813 hiatu
797 2762 1061 2828 abruptus
1108 2760 1199 2824 sit,
1228 2762 1323 2815 scd
1350 2763 1604 2817 omnibus
1637 2778 1764 2833 par-

220 2850 356 2904 ιλιαδ
406 2858 532 2916 apte
571 2850 971 2904 cohaerentibus
1005 2850 1211 2921 integer
1238 2859 1294 2904 et
1319 2853 1610 2908 continuus
1636 2871 1764 2923 pro-

216 2941 387 2996 cedat.
442 2940 496 2995 id
543 2940 795 3011 Gregorio
851 2941 1018 3010 ipsius
1064 2942 1268 3011 judicio
1317 2943 1514 2998 factum
1548 2946 1706 2999 velim
1747 2965 1761 3001 :

220 3048 391 3102 neque
422 3048 452 3085 a
481 3045 612 3087 vero
631 3032 909 3095 abhorret,
934 3048 1057 3085 eum
1088 3034 1274 3101 prima:
1302 3035 1556 3089 editionis
1582 3052 1766 3093 amore

219 3122 533 3195 refrigerato
582 3135 931 3193 suumopus
974 3126 1373 3195 recognovissc,
1423 3140 1485 3180 ac
1536 3140 1597 3181 ea
1647 3143 1767 3197 qua:

216 3213 521 3268 ostentandi
574 3215 777 3285 ingenii
806 3231 967 3271 causa
1018 3227 1278 3281 assuerat,
1320 3218 1617 3287 monodias,
1643 3236 1767 3277 ora-

217 3306 407 3366 tiones.
430 3306 643 3375 aliaque
671 3305 724 3360 id
777 3320 945 3375 genus
994 3310 1311 3383 reseeuisse.
1336 3312 1536 3367 Vereor
1568 3325 1771 3381 tamen,

219 3409 282 3447 ue
309 3402 364 3447 et
392 3394 582 3463 gloria:
633 3396 793 3463 paulo
832 3396 1041 3452 avidior
1077 3415 1171 3454 eos
1221 3417 1447 3470 pannos,
1491 3404 1545 3457 in
1599 3404 1772 3474 prima

217 3484 513 3555 scriptione
560 3487 812 3548 omissos.
868 3494 1102 3557 repetito
1152 3492 1351 3547 deinde
1401 3494 1549 3563 operi
1604 3495 1772 3549 inter-

223 3577 474 3631 Iexocrit.
534 3574 663 3631 Haec
725 3576 840 3646 ipsa
889 3582 1056 3643 certe,
1094 3595 1214 3649 quae
1264 3596 1296 3634 a
1355 3584 1542 3641 codice
1604 3583 1773 3655 [legio

223 3664 408 3720 abesse
432 3666 688 3733 dicimus,
711 3668 848 3721 nihil
891 3669 961 3723 ad
1004 3648 1284 3736 historiam
1316 3676 1582 3741 pertinent
1616 3648 1631 3728 ἕ
1664 3648 1775 3730 uno

225 3754 534 3809 historic-am
567 3772 748 3811 rerum
800 3761 994 3815 seriem
1040 3762 1459 3833 interrumpunt,
1486 3776 1540 3820 et
1585 3766 1771 3820 lectori

222 3847 283 3897 ad
320 3848 527 3915 majora
557 3846 828 3903 festinanti
872 3865 1074 3919 pioraui
1100 3854 1385 3925 objiciunt.
1417 3857 1618 3911 Tamen
1646 3857 1773 3927 quia

222 3936 271 3988 in
301 3938 413 4001 iilo,
454 3956 564 4007 quo
600 3955 731 3994 usus
767 3942 852 3995 est
886 3942 1136 4011 Wolﬁus,
1177 3947 1361 4002 codice
1403 3949 1773 4018 manuscripto

220 4046 337 4084 eum
367 4032 547 4087 locum
581 4034 899 4089 obtinebant
919 4052 1077 4104 quem
1103 4038 1155 4091 in
1183 4037 1337 4093 libris
1362 4040 1520 4095 editis
1547 4041 1768 4104 habent,

221 4136 320 4173 non
349 4121 474 4175 ausi
525 4138 716 4177 sumus
766 4138 827 4177 ea
857 4126 975 4178 loco
1033 4141 1247 4182 movere
1270 4137 1325 4182 et
1353 4130 1459 4183 alio
1484 4133 1719 4201 relegare
1753 4150 1766 4185 :

220 4214 306 4266 sed
364 4214 584 4275 eadem,
634 4222 690 4269 et
738 4216 845 4269 alia
882 4218 1125 4285 quaedam
1170 4221 1324 4274 uncis
1364 4222 1602 4285 inclusa,
1663 4241 1766 4277 non

216 4318 534 4371 comparere
561 4302 617 4356 in
641 4302 827 4359 codice
856 4303 1038 4376 Regio,
1082 4307 1333 4364 lectorem
1373 4311 1649 4369 admoueri
1687 4329 1771 4367 su-

219 4392 283 4445 tis
300 4408 419 4446 esse
448 4393 777 4464 putavimus.

287 4546 484 4603 Varias
542 4549 804 4604 lectiones
865 4553 1146 4622 plerasque
1208 4561 1568 4625 suppeditavit
1631 4564 1769 4616 Idem

220 4635 561 4695 bibliotheca
610 4637 790 4711 Regia:
853 4646 1057 4707 codex;
1114 4662 1310 4712 paucas
1373 4666 1493 4701 vero
1624 4642 1775 4721 cujus

221 4740 486 4781 numerus
517 4735 601 4783 est
626 4729 790 4794 2078,
819 4746 1005 4798 parum
1044 4733 1112 4785 ab
1156 4736 1313 4789 editis
1355 4738 1633 4803 diversus,
1670 4745 1770 4795 nisi

219 4815 354 4884 quod
382 4815 441 4868 in
479 4814 741 4870 librorum
776 4826 833 4872 et
878 4822 1110 4889 capitum
1164 4824 1432 4879 divisione
1466 4829 1772 4899 discrepat:

219 4906 382 4959 libros
412 4912 601 4957 ante
646 4920 754 4960 non
818 4908 999 4975 plures
1044 4911 1284 4963 continet
1314 4928 1473 4980 quam
1522 4928 1774 4984 quatuor,

221 4994 429 5049 tametsi
465 4995 715 5063 praeﬁxos
744 5004 827 5051 est
860 4998 1017 5053 index
1055 4998 1310 5057 librorum
1340 5018 1457 5059 sex.
1510 5004 1772 5061 Monodiie

216 5085 353 5145 dum,
384 5099 465 5137 ea:
501 5084 710 5139 scilicet
735 5100 857 5154 qua:
911 5089 1122 5144 initium
1175 5090 1297 5145 libri
1340 5093 1533 5148 decimi
1563 5098 1769 5151 consti-

222 5181 394 5234 tuunt,
427 5170 727 5250 castigatae“
756 5184 811 5227 et
867 5177 1068 5244 aliquot
1122 5179 1440 5234 lectionibus
1494 5183 1767 5237 illustratze

222 5262 436 5315 luerunt
488 5275 554 5313 ex
602 5264 787 5317 codice
838 5267 1147 5322 Colliertino
1199 5268 1375 5335 4930;
1410 5272 1563 5339 cujus
1614 5276 1771 5328 nobis

222 5354 424 5418 copiam
467 5352 594 5406 fecit
634 5352 721 5405 Vir
768 5371 928 5424 quam
984 5359 1174 5414 doctus
1209 5368 1317 5412 tum
1347 5362 1611 5424 notabilis,
1646 5362 1774 5417 Ste-

224 5443 427 5508 phanus
497 5442 765 5497 Biiluzius.
838 5444 1135 5499 Habuimus
1205 5459 1459 5517 praﬂerea
1517 5452 1773 5505 lectiones

221 5533 524 5593 nonnullas,
562 5550 625 5585 ex
658 5534 911 5587 Vaticano
944 5537 1126 5588 codice
1162 5536 1459 5605 descriptas
1510 5538 1768 5592 Friderici

222 5619 556 5692 Rostgaardii
594 5624 771 5677 studio
803 5632 856 5676 et
882 5625 1178 5693 diligentia.
1216 5620 1319 5679 Sed
1353 5644 1466 5691 eas,
1492 5630 1613 5695 quia
1649 5647 1770 5683 sero

221 5715 387 5766 allata
434 5723 586 5776 sunt,
656 5714 906 5782 perfectis
960 5731 1154 5783 nempe
1202 5726 1256 5769 et
1307 5718 1409 5785 iam
1465 5720 1566 5772 sub
1610 5722 1772 5787 prwlo

222 5803 593 5874 multiplicatis
621 5805 688 5859 iis
718 5806 924 5875 paginis
943 5808 1005 5860 ad
1026 5823 1157 5871 quas
1186 5810 1540 5876 pertinebant,
1568 5810 1769 5865 ilcirco

1863 1941 2181 1998 eruditionis
2207 1951 2264 1998 et
2287 1944 2417 1998 artis
2447 1945 2732 2003 rhetorica:
2764 1954 3065 1999 ostentator
3094 1959 3233 2014 saepe
3259 1944 3414 1998 aber-

1864 2042 1948 2086 rat
1975 2050 2004 2086 a
2036 2037 2334 2104 proposito,
2377 2044 2434 2091 et
2483 2036 2550 2090 ad
2589 2053 2651 2091 ca
2680 2052 2796 2106 qua:
2826 2051 3012 2106 parum
3054 2046 3149 2109 aut
3177 2036 3309 2089 nihil
3348 2036 3415 2089 ad

1864 2138 1979 2178 rem
2010 2125 2288 2193 pertinent
2343 2125 2660 2195 digreditur.
2689 2126 2746 2180 In
2778 2125 2844 2180 iis
2889 2126 3188 2194 παρέργοις
3219 2125 3414 2177 mirum

1865 2225 2138 2287 estquam
2190 2217 2262 2271 sit
2304 2217 2584 2272 verbosus.
2642 2215 2717 2271 Ea
2766 2215 3012 2279 Wolﬁus,
3059 2216 3217 2269 rebus
3250 2216 3418 2285 magis

1865 2322 2026 2375 quam
2090 2308 2270 2363 verbis
2318 2309 2604 2372 intentus,
2650 2308 2897 2362 breviora
2955 2307 3133 2361 facere
3189 2307 3416 2360 studuit.

1866 2401 2051 2469 Itaque
2088 2410 2143 2454 et
2189 2400 2518 2454 luxuriantia
2567 2400 2920 2467 compescuit,
2950 2408 3003 2453 et
3047 2412 3167 2468 qua:
3194 2383 3418 2451 omnino

1866 2491 2239 2545 redundabant
2296 2490 2615 2560 suppressit.
2676 2490 2786 2560 Ego
2836 2504 2963 2544 vero
3016 2491 3280 2545 facturum
3332 2504 3419 2543 me

1866 2598 2045 2651 Operae
2084 2583 2314 2651 pretium
2372 2582 2576 2652 putavi,
2604 2581 2649 2637 si
2706 2582 2942 2636 auctoris
2968 2580 3137 2636 Grati
3182 2580 3420 2651 vestigiis

1870 2673 2213 2736 inlimrerem,
2240 2682 2400 2742 atque
2456 2672 2576 2741 ejus
2615 2672 2775 2725 verba
2830 2670 3144 2736 lectoribus,
3172 2671 3216 2724 si
3242 2670 3421 2724 minus

1867 2750 2311 2833 adnumerarcm,
2357 2761 2545 2815 saltem
2594 2758 2846 2830 religiose
2870 2769 2925 2813 et
2968 2758 3196 2813 iideliter
3224 2774 3425 2833 appen-
3482 2830 3483 2833 η

1866 2851 2088 2915 dorem;
2124 2864 2266 2917 quie.
2298 2859 2355 2902 ut
2382 2848 2595 2918 Opinor,
2628 2850 2832 2919 optima
2867 2858 2951 2902 est
2978 2847 3114 2901 ratio
3155 2849 3423 2919 interpre-

1814 2980 1819 2983 ι
1870 2941 2036 2995 laudi.
2069 2941 2127 2995 in
2163 2940 2487 3010 quibusdam
2521 2938 2686 3013 etiam
2734 2954 2762 2991 τι
2796 2954 2924 2993 vero
2952 2954 3115 2995 sensu
3140 2938 3424 2995 deﬂexisse

1871 3034 2004 3089 milii
2043 3032 2184 3088 visos
2233 3024 2316 3086 eat
2368 3031 2635 3102 interpres
2672 3031 3048 3096 doctissimus;
3078 3042 3171 3084 aut
3205 3042 3425 3085 senten-
3506 3047 3509 3050 '

1873 3125 2000 3178 tiam
2065 3125 2299 3180 acrioris
2350 3122 2583 3178 obscure
2637 3135 2696 3178 et
2766 3131 3015 3179 conten-te
3064 3122 3419 3190 expressisse.
3465 3177 3469 3181 .

1798 3247 1841 3307 ρ
1876 3216 2018 3274 Nihil
2049 3219 2166 3273 dico
2196 3219 2263 3273 de
2294 3215 2594 3275 minoribus
2623 3215 2785 3283 vitiis,
2809 3216 3001 3288 quibus
3036 3214 3238 3270 nullum
3261 3230 3420 3284 opus,

1876 3312 2226 3381 quantumvis
2278 3318 2477 3365 tersum
2533 3319 2589 3365 et
2637 3310 2919 3375 limatum,
2962 3324 3152 3364 carere
3202 3309 3424 3361 omnino

1875 3412 2093 3473 potest:
2136 3418 2261 3471 qua:
2307 3402 2527 3472 quidem
2569 3402 2699 3458 vitia
2756 3409 2818 3457 ut
2870 3402 3179 3472 plerumque
3223 3414 3322 3455 nos
3364 3401 3421 3453 iu

1875 3495 2346 3551 lucubrationibus
2391 3494 2595 3550 nostris
2636 3491 2851 3557 fallunt,
2877 3494 2950 3547 ita
3006 3494 3057 3547 in
3106 3493 3298 3549 alienis
3338 3494 3422 3545 vix

1877 3602 2113 3655 unquam
2172 3587 2403 3659 fugiunt.
2462 3586 2724 3656 Equidem
2784 3601 2883 3663 cos
2915 3602 3157 3650 .naavos,
3209 3586 3422 3659 corpori

1875 3680 2117 3749 alioquin
2171 3683 2391 3750 egregio
2439 3679 2741 3749 inspersos,
2793 3687 2850 3733 ut
2900 3680 3194 3732 eximet-eiu
3232 3679 3423 3732 sedulo

1874 3788 2093 3842 operant
2146 3768 2269 3826 dedi
2304 3789 2317 3825 :
2357 3785 2457 3827 nec
2493 3785 2579 3825 me
2627 3785 2691 3827 ea
2741 3786 2800 3825 re
2834 3770 3083 3840 injuriam
3115 3767 3309 3823 Wolﬁo
3340 3769 3423 3822 fe—

1874 3867 2015 3919 cisse
2070 3863 2324 3928 arbitror,
2370 3859 2468 3918 sed‘
2517 3862 2585 3916 de
2633 3876 2701 3915 eo
2750 3860 2886 3915 bene
2935 3858 3199 3913 meruisse
3232 3858 3317 3911 aio
3365 3869 3421 3912 et

1872 3955 2162 4010 contendo.
2209 3953 2318 4008 Nec
2364 3954 2507 4018 enim
2543 3952 2667 4021 quia
2706 3950 2856 4005 illum
2886 3950 3176 4004 identidem
3212 3950 3419 4021 lapsum
3513 3969 3517 3973 '

1873 4045 2105 4113 corrigo,
2148 4042 2348 4096 idcirco
2386 4056 2471 4095 me.
2518 4041 2601 4095 vel
2643 4040 2938 4096 doctiorem
2974 4048 3153 4097 statuo
3186 4042 3269 4099 vel
3296 4042 3421 4097 diii‘

1873 4137 2200 4205 getttiot‘utn;
2237 4148 2413 4202 neque
2450 4132 2499 4187 ei
2534 4141 2823 4204 propterea

2391 4315 2676 4368 detrahere
2724 4310 2896 4368 ausim

1981 4382 2277 4436 lin-rente":
2305 4386 2462 4451 capiti
2496 4391 2657 4436 multa
2693 4398 2813 4437 cum
2847 4384 3000 4438 laude
3033 4398 3310 4443 coronam.

1809 4579 1848 4629 υ
1947 4561 2004 4613 in
2043 4559 2186 4611 hunc
2211 4560 2429 4611 modum
2462 4567 2566 4610 tam
2597 4557 2779 4613 Grieca
2806 4576 2967 4629 quam
2995 4563 3179 4619 Latina
3211 4580 3240 4618 a
3262 4567 3420 4621 nobis

1877 4663 2033 4703 aneta
2062 4659 2115 4701 et
2155 4647 2425 4717 recognita
2478 4647 2715 4703 fuerunt.
2744 4651 2822 4703 Ad
2857 4652 2967 4707 bac
3014 4654 3130 4707 libri
3163 4652 3309 4719 nava,
3332 4671 3418 4709 ra-

1885 4746 2030 4795 tione
2057 4740 2234 4803 divisi;
2254 4739 2505 4807 quoniam
2529 4739 2581 4792 in
2611 4741 2880 4809 prioribus
2907 4726 3233 4799 editionibus
3266 4749 3419 4816 capi.-

1877 4845 1947 4891 ta.
1974 4838 2177 4885 temere
2204 4838 2258 4883 ct
2288 4830 2607 4884 inconcinne
2636 4846 2856 4899 prorsus
2876 4834 3097 4902 digesta,
3127 4837 3287 4890 etiam
3315 4854 3419 4893 nu-

1875 4917 2037 4971 meris
2084 4915 2361 4969 Carebant.
2385 4914 2594 4969 Addita:
2627 4919 2860 4972 minores
2877 4920 3161 4975 scetioncs.
3194 4922 3295 4978 Pra
3315 4926 3415 4983 ﬁxa

1877 5006 2102 5073 singulis
2126 5004 2394 5074 capitibus
2408 5017 2746 5075 argumenta,
2776 5022 2869 5061 seu
2886 5010 3169 5081 breviaria,
3196 5020 3419 5089 vulgatis

1868 5094 2201 5163 ~accuratiora
2231 5104 2285 5148 et
2312 5096 2377 5149 ad
2399 5097 2699 5151 sectionum
2725 5112 2975 5154 numeros
2995 5110 3414 5163 accommodata.

1874 5184 2033 5246 Auni.
2065 5199 2299 5247 menses,
2321 5185 2455 5245 dies,
2482 5186 2717 5239 siderum
2732 5198 2876 5243 ortus
2905 5200 2957 5243 et
2979 5174 3176 5261 obitus,
3209 5199 3336 5252 solis
3370 5209 3421 5252 et

1882 5277 2019 5327 lutue
2046 5274 2365 5337 defectus,ct
2392 5277 2517 5331 varii
2546 5286 2842 5345 temporum
2870 5282 3207 5341 characteres
3235 5290 3417 5345 subiu-

1876 5369 1942 5415 de
1980 5363 2242 5417 aduotati.
2270 5363 2596 5428 Sententias,
2629 5376 2682 5420 et
2708 5370 2894 5423 crebra
2918 5373 2983 5425 de
3009 5375 3244 5429 moribus
3275 5380 3418 5446 judi—

1878 5454 1981 5513 cia,
2015 5454 2139 5507 item
2177 5456 2278 5509 alia
2330 5457 2567 5523 qnzedam
2595 5457 2807 5515 levioris
2848 5465 3120 5529 momenti,
3156 5484 3220 5521 ne
3264 5476 3414 5526 eueri

1878 5554 2057 5605 essent
2082 5545 2427 5613 marginibus,
2453 5549 2701 5604 omittere
2718 5554 2886 5605 visum
2910 5563 3007 5605 est.
3029 5555 3173 5609 Notio
3202 5560 3413 5626 breves,

1882 5637 1968 5686 ubi
2000 5652 2132 5704 Opus
2179 5638 2522 5707 f'uit,:idjcctie
2554 5644 2865 5697 :uberiorcs
2885 5648 3093 5714 rejectze
3124 5653 3188 5705 ad
3214 5656 3413 5708 calcem

1881 5727 2005 5777 tomi
2043 5729 2281 5803 secundi.
2302 5728 2473 5786 Porro
2503 5734 2554 5787 in
2589 5735 2673 5789 bis
2701 5736 2897 5804 primas
2916 5749 3100 5795 tenent
3122 5743 3418 5802 doctissimi

1881 5818 2129 5887 Ducangii
2158 5819 2305 5875 Notae
2323 5824 2642 5893 posthumre;
2660 5841 2791 5896 quas
2813 5820 2967 5898 paulo
2990 5833 3259 5901 postillius
3282 5847 3425 5894 mer~
