4036 6322
571 502 631 561 15
1860 500 2116 561 JOANN]

2217 501 2505 563 BOIVINI
3695 501 3761 564 16

566 628 670 671 ιυιη
709 633 836 677 mea:
871 617 988 672 tidei
1037 618 1510 673 commendaverat
1544 617 1923 687 optimipatris
1978 617 2117 673 lilius
2141 623 2194 684 Α
2223 619 2400 674 tribus
2435 634 2543 673 non
2574 619 2700 673 totis
2725 620 2983 687 exceptis,
3017 616 3258 687 castigati
3286 632 3350 671 ex
3378 617 3638 673 Vaticano
3666 635 3762 673 ex—

559 707 906 777 dignissimus
937 708 1220 778 Philippus
1259 707 1583 776 Dncangius,
1615 709 1855 763 Francim
1876 717 2109 776 quaestor
2136 779 2140 784 _

561 799 702 866 apud
731 799 990 853 [‘ictavos.
1021 799 1117 852 llis
1162 798 1408 867 partibus
1441 815 1502 852 ac
1537 798 1778 852 numeris
1803 797 1970 852 editio
1994 798 2114 853 haec

564 889 723 957 ltcgEa
774 888 954 942 differt
1003 905 1030 942 a
1080 890 1305 959 vulgatis
1338 907 1351 940 :
1381 905 1516 958 quas
1565 904 1667 957 ego
1695 889 1760 942 ad
1789 889 1936 942 hunc
1967 887 2109 943 diem

563 995 731 1046 usque
781 995 885 1032 non
939 981 1120 1049 plures
1171 981 1276 1034 vidi
1309 996 1467 1049 quam
1517 994 1777 1051 quatuor;
1808 995 1902 1035 sex
1931 988 2113 1041 tamen

563 1071 895 1136 prodierunt,
926 1085 1017 1124 aut
1039 1072 1226 1126 saltem
1246 1072 1506 1140 quinque.
1528 1071 1758 1126 Primam
1785 1085 1929 1126 anno
1976 1069 2112 1124 1559

563 1162 743 1215 ειτιιιρρ
775 1171 827 1217 ct
861 1162 1045 1216 Latine
1091 1164 1145 1216 in
1178 1162 1465 1218 Germania
1509 1164 1776 1232 prodiisse
1807 1162 2114 1217 Fridericus

567 1253 950 1321 ltostgaardius
1001 1243 1287 1323 colligebat
1345 1269 1407 1308 ex
1457 1253 1719 1308 Wolﬁana
1775 1252 2112 1320 Prtefatione,

563 1361 657 1396 seu
712 1345 891 1412 potius
942 1344 1181 1412 Epistula
1231 1344 1645 1414 prosphonetica
1700 1344 1768 1398 ad
1821 1343 2114 1399 Antonium

565 1436 888 1505 Fuggcrum,
932 1435 1020 1487 illo
1071 1435 1184 1504 ipso
1210 1451 1351 1490 anno
1382 1438 1523 1490 data.
1553 1434 1664 1491 Hoc
1693 1438 1871 1504 posito
1896 1435 1993 1508 (ὁ),
2028 1450 2115 1490 se-

564 1528 732 1580 cunda
765 1527 928 1581 fuerit
953 1542 1013 1580 ca
1045 1543 1162 1595 quce
1191 1526 1378 1582 Latine
1411 1528 1613 1597 prodiit
1640 1527 1858 1595 Basileze
1882 1528 2114 1583 a.1569..

563 1617 762 1680 Tertia,
816 1635 931 1686 quzc.
992 1617 1108 1670 Lat.
1171 1617 1340 1672 Paris.
1399 1635 1451 1672 a.
1506 1619 1662 1673 1567.
1722 1619 1946 1685 Quarta,
1999 1633 2117 1690 qua:

565 1710 761 1772 ltalicc,
793 1710 1084 1776 interprete
1124 1709 1259 1761 Lnd.
1306 1707 1475 1772 Dulci,
1501 1718 1790 1762 accurante
1819 1711 2116 1780 Augustino

563 1800 857 1863 Ferentilli,
892 1798 1083 1854 Venet.
1120 1816 1169 1852 a.
1209 1799 1342 1852 1569
1400 1798 1536 1853 ἰπὶ-4.
1561 1799 1783 1865 Quinta,
1819 1815 1938 1868 qua:
1993 1799 2114 1854 Lat.

523 1873 898 1946 ,Francoiurti
970 1891 1035 1943 ad
1099 1889 1374 1952 hlmnum,
1435 1905 1486 1943 a.
1542 1889 1697 1943 1587.
1752 1890 1936 1954 Sexta,
1997 1905 2117 1958 quas

2214 711 2480 780 cmplari;
2512 725 2634 765 cum
2662 726 2770 779 quo
2802 710 3062 765 lectiones
3094 710 3286 764 dubias
3315 709 3641 764 contulimus
3664 726 3764 780 pcr

2214 801 2358 854 viros
2389 801 2807 865 eruditissimos,
2841 817 2978 869 quos
3011 801 3211 856 laboris
3258 801 3420 868 hujus
3451 817 3550 869 per
3575 817 3636 856 se
3674 802 3762 855 in-

2214 885 2351 956 grati
2386 885 2601 940 taedium
2632 901 2694 940 ac
2739 886 3013 941 fastidium
3045 897 3232 940 nostra
3272 897 3325 942 et
3354 888 3580 956 publica:
3613 890 3763 942 utili-

2216 977 2340 1031 tatis
2371 992 2530 1030 causa
2564 975 2708 1031 ferre
2737 992 2844 1030 non
2877 978 3068 1046 piguit.
3102 976 3287 1046 Itaque
3317 965 3382 1032 iis
3413 979 3515 1033 hoc
3543 980 3682 1044 loco,
3713 981 3763 1034 si

2215 1067 2373 1122 facile
2404 1077 2739 1137 paterentur,
2785 1084 3006 1138 magnas
3038 1070 3238 1139 gratias
3275 1084 3590 1139 ageremus;
3623 1087 3768 1140 prte—

2216 1159 2403 1213 sertim
2439 1158 2722 1213 abbatibus
2753 1158 3154 1222 illustrissimis,
3205 1159 3496 1214 Laurentio
3527 1161 3765 1215 Alexan-

2215 1249 2313 1304 dro
2350 1249 2672 1320 .Zaccagnio,
2722 1261 2776 1306 et
2805 1251 2869 1304 li.
2912 1249 2972 1306 P.
3021 1251 3382 1316 D.Deltniro;
3433 1253 3525 1321 qui
3573 1252 3769 1307 biblio-

2218 1339 2385 1394 theca:
2413 1338 2681 1394 Vaticana:
2718 1339 2955 1410 prmfecti
2986 1341 3251 1398 creditum
3281 1341 3384 1396 sibi
3441 1337 3771 1411 pretiosissi-

2218 1445 2364 1483 mum
2397 1430 2709 1484 thesaurum
2741 1446 2805 1486 ea
2839 1433 2942 1484 ﬁde
2988 1433 3254 1500 integrum
3293 1445 3346 1488 et
3380 1433 3638 1488 illibatum
3667 1452 3768 1488 cn-

2217 1521 2481 1586 stodiunt,
2535 1532 2594 1576 ut
2643 1531 2822 1576 tamen
2867 1509 3117 1592 magnum
3151 1539 3216 1576 ex
3253 1527 3769 1586 eoeommunicato

2219 1613 2451 1666 fructum
2483 1629 2674 1683 omnes
2700 1614 2899 1668 eruditi
2933 1614 3254 1683 percipiant,
3289 1624 3447 1683 atque
3469 1631 3532 1670 ex
3562 1617 3649 1670 illa
3682 1631 3770 1670 to-

2218 1702 2325 1755 tius
2374 1704 2597 1756 litterati
2631 1682 2776 1758 oi'bis
2811 1705 2932 1758 luce
2981 1705 3272 1772 conspicua
3302 1707 3508 1760 clarum
3557 1707 3657 1761 sibi
3705 1701 3798 1761 ac

2216 1791 2332 1846 suis
2365 1791 2545 1846 lumen
2575 1793 2895 1847 accendant.
2933 1793 3005 1848 Ex
3033 1794 3123 1848 illo
3157 1796 3272 1864 ipso
3307 1796 3563 1872 Vaticano
3589 1813 3774 1849 excin-

2221 1882 2357 1950 plari
2391 1883 2579 1946 libros,
2610 1895 2668 1938 ut
2691 1886 2800 1955 jam
2837 1886 2968 1950 dixi,
2998 1888 3235 1956 quinque
3269 1890 3506 1956 integros
3532 1888 3772 1943 Frideri-
3815 1927 3820 1930 -

559 1967 739 2036 Crmce
799 1993 850 2034 et
898 1981 1107 2050 Latine,
1165 1981 1402 2035 Colonia:
1440 1980 1803 2048 Allobrogum,
1851 1997 1902 2036 a.
1958 1981 2112 2050 1615,
2152 1961 2192 2016 Β
2219 1989 2315 2028 cus
2347 1973 2732 2046 Roslgaardius
2772 1994 2866 2046 per
2902 1980 3175 2032 hominem
3209 1979 3504 2056 eruditum,
3542 1980 3770 2049 popula-

561 2073 797 2127 llankius
844 2073 1089 2142 Gregan
1145 2071 1430 2124 llistoriam
1489 2069 1726 2123 Colonias
1790 2068 2118 2123 Planieianaa

559 2168 718 2221 etiam
781 2181 829 2218 a.
885 2163 946 2218 C.
1003 2163 1138 2217 1616
1196 2164 1394 2216 editam
1447 2162 1732 2225 observat;
1788 2158 2120 2214 Warthonus

560 2258 692 2312 duas
730 2254 1205 2308 Francofurtenses
1250 2261 1540 2316 numerat;
1589 2251 1815 2320 primam
1867 2249 2113 2316 11.1508,

561 2346 847 2401 secundum
881 2360 930 2397 a.
967 2344 1122 2397 1587.

629 2480 687 2532 in
722 2487 868 2532 tomo
895 2476 1130 2535 secundo
1162 2475 1241 2529 usi
1278 2491 1480 2531 sumus
1528 2475 1742 2531 duobus
1773 2476 2112 2547 apugraphis,

563 2579 791 2638 utroque
847 2583 912 2621 ex
985 2565 1260 2620 veteribus
1329 2564 1726 2636 exemplaribus
1778 2565 1963 2620 nonne
2017 2566 2113 2619 dc-

564 2661 787 2730 scripto.

634 2792 870 2852 Primum
906 2789 1292 2861 apographutn,
1329 2787 1470 2856 quod
1504 2787 1557 2840 in
1590 2784 1914 2839 bibliotheca
1948 2784 2112 2854 Regia

565 2895 737 2943 exstat
766 2901 992 2940 numero
1017 2884 1175 2948 2079,
1202 2884 1360 2937 docta
1401 2892 1455 2935 et
1505 2881 1734 2950 eleganti
1792 2896 1952 2934 manu
1987 2889 2112 2934 ante

565 2995 736 3033 annos
768 2979 892 3046 plus
920 2984 1136 3031 centum
1180 2982 1233 3027 et
1263 2973 1648 3042 quinquaginta
1679 2981 1950 3027 exaratum
1991 2971 2112 3035 fuit,

567 3081 625 3124 ut
663 3076 818 3139 patet
849 3084 913 3122 ex
973 3067 1141 3136 ipsius
1194 3065 1394 3119 librarii
1427 3063 1755 3128 testimonio,
1778 3063 1866 3132 qui
1897 3069 2115 3130 peracto

565 3165 867 3234 opere-hcce
905 3156 1219 3226 subscripsit
1249 3171 1263 3208 :
1301 3155 1462 3217 Τέλος
1489 3153 1680 3206 ἐλαϐεν
1707 3153 1862 3207 τοῦτο
1891 3153 1952 3204 τὸ
1991 3153 2114 3206 σύν-

565 3270 746 3321 ταγμα
789 3254 852 3320 τῇ
897 3245 1332 3318 ὀκτωκαιδεκάτῃ
1381 3245 1474 3298 τοῦ
1519 3244 1838 3314 ὀκτωϐρὶου,
1880 3244 1987 3297 ἔτει
2029 3261 2112 3335 χι-
2138 3275 2183 3335 c

564 3343 759 3409 λισστῴ
790 3339 1218 3406 πεντακοσιοστιῇ
1252 3334 1669 3404 τεσσαρακοστῷ
1697 3335 1884 3404 τρίτῳ,
1909 3333 2110 3401 σπουδῇ

566 3437 656 3488 καὶ
685 3433 967 3502 φιλοπονίᾳ
1005 3431 1370 3499 Χριστοφόρου
1406 3427 1499 3480 τοῦ
1545 3427 1797 3495 Ἀουέρου
1830 3426 1869 3477 Γ
1873 3424 2110 3495 ερμανοῦ

569 3523 1080 3596 μετ-ειγεγραμμὲνον
1105 3538 1120 3553 ο
1153 3519 1397 3588 δαψιλείᾳ
1425 3519 1480 3572 δὲ
1503 3517 1599 3570 καὶ
1618 3516 1862 3586 φλογερῷ
1893 3517 2024 3586 πρὸς
2046 3517 2113 3569 τὰ

571 3616 864 3683 μαθήματα
913 3612 1058 3680 πόθῳ
1109 3609 1378 3680 Γεωργῐου
1429 3608 1522 3661 τοῦ
1582 3607 1970 3686 Ἀρμηνιακοῦ,
2021 3607 2112 3660 τοῦ

582 3703 871 3756 Ῥουοένων
895 3700 990 3753 καὶ
1022 3699 1242 3767 Βά6ρων
1272 3696 1585 3756 ἐπισκόπου,
1620 3695 1754 3762 πρὸς
1795 3694 1999 3748 Παῦλον
2023 3696 2114 3746 τὸν

467 3782 472 3788 ’
566 3797 764 3862 τρίτον,
800 3792 867 3842 τὰ
894 3791 988 3858 τῆς
1031 3787 1321 3857 ἱερωσύνης
1354 3787 1760 3854 οξκοελομοῦντα,
1793 3786 1940 3855 παρὰ
1974 3784 2115 3836 Κελα-

569 3885 674 3935 τῶν
718 3881 976 3952 βασιλέως
1027 3881 1084 3931 ἐν
1131 3881 1196 3948 τῇ
1238 3877 1422 3947 Ῥώμῃ
1460 3879 1526 3946 τῇ
1566 3876 1704 3929 πάνυ
1749 3875 2117 3943 πρεσόεὑσαν-

569 3990 676 4034 τος.
699 3971 748 4025 id
777 3979 861 4025 cst
890 3987 902 3998 ·
937 3967 1237 4036 Absolutum
1264 3975 1337 4017 est
1386 3964 1474 4016 ‘toc
1506 3980 1632 4032 opus
1664 3963 1896 4016 Octobris
1919 3965 2002 4016 die
2031 3963 2114 4027 18,

572 4078 705 4115 (ιηηο
757 4061 894 4114 1545
943 4056 1292 4125 ChrisIOphori
1344 4055 1507 4107 Aweri
1567 4053 1811 4109 Germani
1857 4069 2010 4120 Opera
2057 4069 2118 4108 ac

571 4153 836 4222 diligentia
869 4149 1276 4214 transcriptum;
1304 4145 1656 4214 muniﬁcentia
1681 4156 1851 4198 autem
1883 4158 1927 4198 et
1947 4141 2118 4198 studio

572 4246 624 4293 in
657 4243 854 4293 litteras
911 4236 1274 4290 ardentissimo
1336 4234 1542 4303 Georgii
1603 4234 1899 4286 Armeniaci
1934 4233 2118 4300 (D’Ar-

576 4332 814 4400 magnae)
842 4329 1159 4382 Rutenorum
1189 4335 1234 4378 et
1281 4323 1570 4378 Vabrorum
1605 4325 1851 4391 episcopi,
1875 4341 1907 4375 a
1937 4322 2117 4379 Gallo-

577 4439 688 4473 rum
719 4436 830 4489 rege
855 4422 921 4472 ad
954 4432 1214 4471 smnmum
1239 4415 1532 4483 pontiﬁcem
1569 4412 1793 4466 Paulum
1834 4413 1921 4466 III
1964 4413 2117 4483 legati

581 4514 785 4563 llomum
833 4511 995 4561 missi.
1057 4509 1131 4561 Ex
1171 4509 1271 4560 hoc
1303 4507 1420 4559 cod.
1455 4506 1619 4558 libros
1662 4503 1816 4557 Tomi
1844 4503 1996 4557 iSiius
2030 4521 2115 4558 se-

2219 2081 2332 2120 rem
2361 2081 2540 2132 suum,
2579 2070 2934 2158 transpriptos
2966 2071 3306 2126 bibliothecas
3340 2071 3520 2142 Regia:
3546 2071 3771 2139 dicavit,

2218 2172 2487 2226 suumque
2523 2157 2650 2212 illud
2693 2157 2878 2214 votum
2925 2161 3156 2230 prmﬁxis
3198 2165 3532 2234 elegantibus
3575 2165 3774 2219 heroe-
3863 2215 3866 2220 .

2217 2246 2352 2315 legis
2383 2248 2744 2318 consignavit.
2799 2251 2901 2305 Sed
2935 2254 3003 2307 de
3043 2253 3108 2306 iis
3160 2254 3312 2309 libris
3343 2254 3476 2309 alias
3506 2248 3773 2324 opportu-

2216 2337 2362 2392 nius.
2403 2336 2685 2393 Pertinent
2715 2341 2856 2394 enim
2885 2343 2950 2396 ad
2979 2344 3195 2396 tertium
3229 2351 3455 2396 tomum.

2289 2427 2463 2483 Varia:
2509 2429 2771 2487 lectiones
2801 2432 2959 2486 nulla;
2987 2433 3102 2487 fere
3147 2434 3199 2486 in
3226 2433 3389 2504 hujus
3427 2435 3598 2505 partis
3628 2448 3773 2487 mar-

2215 2519 2430 2589 ginibus
2462 2521 2732 2589 adnotata;
2766 2533 2931 2587 sunt;
2983 2526 3238 2592 quoniam
3267 2540 3454 2578 eorum
3479 2525 3769 2587 librorum,

2215 2607 2412 2678 quibus
2445 2603 2770 2666 constathic
2803 2622 3001 2677 tomus,
3035 2613 3252 2668 unicum
3278 2615 3553 2683 exemplar
3582 2630 3772 2684 posse-

2214 2699 2412 2755 dimus.
2470 2697 2699 2776 Unicum
2751 2703 2905 2757 dico:
2955 2719 3078 2758 nam
3130 2704 3390 2760 Vaticana
3435 2706 3768 2776 exemplaria

2216 2805 2313 2845 nec
2340 2806 2506 2861 penes
2546 2773 2644 2847 nos
2680 2791 2920 2861 fuerunt,
2956 2811 3052 2850 nec
3080 2813 3179 2866 pro
3211 2798 3440 2852 diversis
3467 2800 3767 2866 reputanda

2215 2890 2366 2948 sunt,
2401 2898 2523 2938 eum
2555 2893 2738 2940 nostra
2767 2901 2829 2939 ex
2861 2887 2928 2940 iis
2956 2888 3220 2957 descripta
3250 2891 3378 2943 sint.
3410 2889 3554 2955 Quas
3585 2900 3768 2945 autem

2215 2989 2278 3028 ex
2313 2973 2380 3028 iis
2418 2975 2678 3030 lectiones
2712 2991 2741 3029 a
2774 2977 2906 3031 viris
2947 2978 3118 3033 doctis
3161 2981 3531 3048 suppeditatas
3574 2981 3766 3036 habui-

2217 3081 2356 3126 mus,
2387 3079 2505 3131 eas,
2563 3075 2622 3121 ut
2651 3082 2833 3120 veram
2866 3077 2919 3121 et
2950 3068 3239 3136 genuinam
3261 3067 3620 3139 scripturam,
3655 3087 3766 3126 non

2216 3155 2268 3208 in
2305 3156 2596 3224 margines,
2641 3158 2735 3210 sed
2767 3159 2821 3212 in
2854 3159 3085 3211 mediam
3121 3159 3366 3228 paginam
3406 3172 3462 3215 et
3505 3162 3561 3215 in
3589 3163 3768 3237 ipsum

2217 3247 2299 3318 (ut
2346 3245 2522 3316 aiunt)
2581 3257 2890 3301 contextum
2954 3252 3364 3316 transtulimus;
3423 3253 3664 3322 exceptis
3701 3253 3770 3308 iis

2213 3351 2348 3405 quas
2388 3337 2454 3391 ab
2481 3339 2652 3392 amico
2687 3338 3006 3393 charissima
3048 3339 3319 3394 Ludovico
3363 3341 3561 3396 Tarnio
3593 3357 3770 3412 nuper

2214 3425 2404 3481 allatas
2433 3427 2499 3482 ad
2537 3428 2737 3482 calcem
2772 3430 2899 3482 tomi
2931 3431 3156 3484 secundi
3188 3432 3239 3483 in
3271 3440 3428 3485 notas
3460 3433 3766 3487 retulimus.

2245 3554 2248 3555 ν
2287 3518 2548 3588 Equidem
2593 3518 2694 3574 hoc
2727 3519 2847 3574 loco
2885 3527 3185 3589 temperare
3219 3521 3347 3575 mihi
3379 3535 3486 3576 non
3520 3537 3770 3593 possunt,

2214 3609 2344 3677 quin
2393 3618 2448 3663 et
2472 3625 2588 3663 mea
2620 3619 2674 3664 et
2702 3609 2993 3680 Nicephori
3022 3610 3274 3682 Gregorio
3305 3627 3466 3667 causa
3519 3613 3766 3678 doleam;

2217 3698 2357 3770 quod
2409 3715 2529 3754 cum
2561 3700 2647 3755 hic
2676 3716 2771 3771 per
2815 3718 2913 3756 nos
2959 3713 3160 3770 posset,
3191 3719 3297 3756 non
3347 3704 3508 3757 modo
3535 3703 3766 3772 integer,

2216 3791 2311 3843 scd
2366 3791 2526 3844 etiam
2569 3802 2745 3846 tersus
2789 3801 2844 3846 et
2882 3791 3116 3854 limatus,
3167 3793 3222 3845 in
3257 3793 3530 3863 publicum
3569 3794 3767 3858 omitti,

2217 3880 2357 3935 idem
2389 3890 2568 3936 tamen
2604 3882 2848 3951 pluribus
2875 3884 3107 3938 fortasse
3141 3883 3366 3957 maculis
3393 3899 3669 3953 respersus
3700 3892 3784 3940 ac'

2216 3971 2476 4026 deformis
2506 3973 2678 4027 lucem
2711 3975 2927 4028 demum
2979 3973 3226 4042 aspiciat.
3267 3975 3407 4028 Fieri
3437 3975 3581 4028 enim
3623 3975 3766 4029 haud

2219 4061 2416 4129 potuit,
2457 4073 2514 4115 ut
2558 4049 2664 4116 non
2711 4063 2876 4116 multa
2913 4064 2962 4114 in
3013 4066 3320 4133 apographo
3351 4065 3767 4118 tnendosissimo

2219 4153 2404 4207 oculos
2442 4167 2588 4207 meos
2637 4153 2892 4224 fugerint,
2951 4165 3005 4208 et
3053 4155 3360 4208 incorrecta'
3383 4155 3763 4210 remanserint.

2217 4239 2437 4295 Poterat
2468 4253 2648 4308 autem
2681 4243 2768 4296 hic
2793 4244 3030 4310 scriptor
3065 4244 3221 4312 longe
3251 4245 3556 4314 castigatior
3585 4245 3700 4301 dari
3733 4265 3764 4299 a

2218 4330 2392 4394 nobis,
2445 4331 2489 4384 si
2536 4338 2654 4400 quae
2685 4333 2739 4385 in
2790 4333 2987 4400 pluteis
3028 4327 3298 4387 Vaticanis
3327 4343 3510 4387 vetera
3550 4345 3770 4389 exstant

2221 4419 2570 4487 exemplaria,
2618 4435 2679 4473 ea
2714 4436 2880 4488 penes
2929 4437 3025 4475 nos
3074 4422 3321 4474 fuissent.
3369 4424 3474 4476 Sed
3508 4424 3764 4478 nimirum

2221 4509 2312 4562 uni
2346 4524 2450 4562 non
2493 4511 2669 4564 omnia
2701 4511 2824 4564 data
2876 4523 3023 4567 sunt.
3054 4512 3205 4576 Quod
3236 4524 3412 4566 autem
3456 4514 3632 4568 facere
3663 4529 3767 4583 ego

578 4601 733 4657 curuli
768 4617 858 4654 sex
912 4601 1116 4667 priores
1170 4605 1418 4651 accurate
1465 4595 1762 4662 descriptos
1792 4597 1935 4662 (nam
1971 4585 2116 4648 codi-
2149 4593 2191 4645 ο
2221 4613 2329 4650 non
2377 4599 2545 4667 potui,
2591 4599 2642 4653 id
2690 4602 2956 4669 quondam
3001 4602 3246 4662 fortasse,
3277 4602 3321 4655 si
3361 4602 3492 4654 tanti
3533 4617 3620 4656 res
3643 4617 3768 4657 esse

578 4710 689 4746 cem
720 4693 888 4756 ipsum
937 4689 1220 4757 quominus
1270 4684 1612 4755 typographis
1661 4687 2116 4737 committeremus

581 4785 760 4852 religio
795 4781 947 4835 nobis
979 4781 1120 4849 fuit),
1149 4780 1284 4848 typis
1318 4775 1695 4854 exprimendus
1723 4771 2044 4828 curavimus.

644 4877 879 4926 Alterum
913 4875 1298 4940 apOgraplium,
1350 4879 1473 4921 ante
1505 4867 1603 4920 hos
1653 4865 1889 4937 quinque
1939 4869 2111 4916 annos

582 4963 760 5016 Rom-.1:
810 4962 1070 5029 scriptum
1110 4968 1164 5011 et
1210 4973 1237 5009 a
1287 4945 1584 5011 clarissimo
1634 4955 1748 5008 viro
1790 4955 1826 5005 i.
1866 4952 2112 5005 Vivantio

585 5054 839 5104 Lutetiam
869 5053 1103 5112 allatura,
1146 5029 1296 5100 valde
1333 5047 1648 5098 mendosum
1683 5052 1816 5097 erat.
1849 5042 2110 5096 Nmirum

582 5154 637 5192 ut
669 5141 804 5208 apud
840 5155 956 5202 nos,
1010 5142 1079 5191 ita
1128 5138 1288 5192 etiam
1321 5134 1503 5187 Romae
1543 5147 1731 5200 magna
1767 5140 1848 5185 est
1875 5129 2113 5199 paucitas

580 5251 762 5286 t'nrlllll
792 5234 1257 5302 calligraphorum,
1285 5232 1372 5298 qui
1407 5242 1624 5281 manum
1659 5229 1711 5280 in
1739 5227 1936 5279 Graecis
1963 5241 2113 5278 (Ἀρι-η

579 5327 789 5376 citatam
827 5326 1093 5386 habeant;
1141 5324 1378 5389 adeoque
1409 5332 1628 5372 necesse
1668 5327 1747 5370 est
1773 5318 1838 5369 ad
1867 5317 2114 5369 librarios

580 5417 736 5468 rudes
768 5425 820 5467 et
847 5414 1125 5482 imperitos
1155 5419 1453 5470 recurrere,
1487 5409 1911 5477 quotiescunque
1945 5407 2115 5476 agitur

576 5504 639 5554 de
668 5501 1026 5556 cxscribeudis
1057 5501 1327 5554 codicibus
1367 5495 1587 5551 Griecis.
1620 5497 1693 5549 Ex
1719 5512 1782 5549 eo
1813 5497 2115 5564 apagrapho

575 5605 840 5662 prodeunt
871 5595 1027 5649 hodie
1051 5596 1102 5647 in
1140 5596 1314 5646 lucem
1342 5591 1462 5643 libri
1489 5601 1713 5658 septem,
1739 5589 1826 5657 qui
1859 5589 2113 5656 reliquam

576 5689 734 5754 hujus
771 5688 895 5739 torni
934 5687 1152 5740 secundi
1187 5692 1390 5755 partem
1422 5683 1676 5751 explent;
1719 5680 1883 5751 iique,
1917 5680 2114 5734 ultimis

647 5850 716 5915 (ὁ)
759 5847 876 5900 Yid.
914 5833 1236 5909 Fabricium,
1267 5841 1400 5894 infra
1445 5840 1550 5894 col:
1583 5841 1648 5893 99
1673 5840 1734 5893 C.

2221 4689 2507 4754 videbitur,
2534 4689 2739 4744 felicior
2765 4691 2988 4743 alterius
3014 4693 3283 4744 industria
3306 4691 3613 4759 praestabit.-

2287 4779 2364 4831 Ad
2396 4779 2640 4833 Latinam
2693 4782 3190 4848 illlthrpt’t'lztllotteltt
3225 4791 3462 4833 nostram
3508 4781 3652 4849 quod
3683 4793 3767 4834 at-

2220 4868 2374 4927 tinet,
2415 4871 2695 4938 seriptoris
2724 4869 2897 4922 Graeci
2931 4879 3166 4922 tuentem
3203 4872 3244 4922 si
3278 4887 3362 4924 me
3391 4871 3589 4939 ubique
3619 4887 3762 4925 asse-

2202 4965 2399 5023 Δ(ιιιιυηι
2433 4960 2602 5010 fuisse
2649 4959 2926 5022 aﬂirmeni,
2987 4975 3246 5028 arrogans
3293 4975 3432 5012 sun:
3471 4955 3773 5028 praesertim"

2219 5063 2340 5100 cum
2372 5062 2468 5099 nec
2490 5047 2678 5101 Wollio
2710 5049 2830 5116 ipsi.
2860 5058 3111 5102 veterano
3133 5061 3187 5101 et
3211 5051 3439 5114 epici-ito
3464 5050 3764 5118 interpreti,

2219 5138 2272 5190 id
2303 5139 2608 5204 contigerit.
2660 5136 2954 5191 Possumus
2984 5155 3110 5191 vero
3151 5149 3382 5206 uterque
3429 5141 3529 5193 hac
3557 5137 3768 5193 ratione

2221 5243 2319 5280 nos
2344 5226 2654 5290 defendere,
2684 5229 2822 5296 quod
2850 5228 2940 5295 qui
2973 5227 3109 5279 viam
3145 5230 3341 5280 nullius
3370 5241 3553 5298 gressi:
3579 5229 3755 5279 tritanu

2221 5317 2571 5384 tngrediatnr,
2612 5305 2660 5368 ei
2700 5316 3066 5368 diﬂicillimum
3104 5317 3172 5368 sit
3216 5331 3321 5368 non
3365 5317 3502 5379 labi;
3540 5331 3769 5384 prae-er-

2219 5417 2313 5460 tun
2344 5411 2386 5460 si
2414 5425 2475 5461 ea
2511 5408 2713 5462 lubrica
2739 5409 2810 5462 sit
2835 5415 2887 5461 et
2913 5409 3226 5476 confragosa
3255 5419 3311 5462 et
3331 5408 3555 5462 salebris
3580 5407 3762 5474 plena,
3818 5472 3826 5478 ~

2218 5499 2402 5567 quales
2433 5502 2628 5568 passim
2659 5481 2845 5568 objicit
2879 5498 3211 5569 Nicephorus
3243 5510 3461 5565 noster;
3507 5498 3594 5566 qui
3623 5512 3765 5564 quo«

2218 5593 2317 5644 ties
2345 5593 2556 5660 evagari
2583 5592 2737 5646 libuit
2767 5592 2913 5662 (libet
2934 5600 3108 5644 autem
3136 5592 3298 5644 nimis
3318 5591 3506 5658 siepe),
3527 5599 3638 5643 tum
3670 5590 3766 5641 de-

2218 5696 2363 5735 mum
2392 5681 2652 5736 disertum
2682 5697 2738 5736 se
2763 5691 2816 5735 et
2843 5683 3136 5749 elegantem
3164 5681 3355 5745 credit,
3390 5692 3510 5732 eum
3543 5687 3764 5732 senten-
