4036 6322
330 335 394 395 17
1745 330 2153 392 ruermo.
2673 343 2684 358 ί
3457 311 3528 384 ιε’

327 443 458 490 tiam
491 454 642 491 suam
675 439 955 494 verborum
981 441 1296 513 ambagibus
1323 459 1480 511 (piam
1510 446 1737 500 maxime
1761 465 1880 518 per-
1911 452 1951 507 Α
1984 448 2267 502 barbarum
2309 447 2376 500 de
2407 445 2544 500 bello
2573 459 2748 506 sacro,
2783 443 2907 496 item
2937 441 2999 494 de
3033 441 3521 507 Clliialalilillopuil-

329 531 504 598 plexis
549 533 822 588 involvere
857 534 1055 603 potuit.

403 621 560 676 Tomi
588 625 747 693 primi
778 627 1004 697 singulis
1027 630 1264 701 paginis.
1293 633 1546 700 quoniam
1579 644 1880 705 temporum

333 714 478 768 ratio
507 714 560 769 in
589 730 653 770 ea
685 716 922 772 historiae
951 729 1103 788 parte
1121 735 1227 776 non
1255 721 1387 777 satis
1414 729 1559 779 certa
1595 740 1716 780 esse
1738 726 1884 781 ride-

336 805 520 867 batur,
569 819 772 860 annum
816 810 1169 876 praescribere
1213 827 1323 866 non
1357 815 1652 882 potuimus.
1699 817 1884 888 Itaque

333 894 447 951 illic
484 910 585 966 pro
633 899 794 954 annis
841 899 1091 971 imperia,
1122 917 1219 959 seu
1273 908 1610 977 regnantium
1643 907 1885 978 Impera-

335 989 791 1054 tomnpnomina,
829 991 1009 1060 posita
1040 1001 1189 1048 sunt.
1221 994 1283 1050 ln
1315 1004 1460 1052 tomo
1492 999 1752 1062 secundo,
1785 1013 1902 1054 art--

336 1092 437 1130 nos
470 1079 637 1144 ipsos,
667 1081 926 1143 quoniam
955 1080 1124 1148 deiis
1167 1089 1467 1152 constabat,
1501 1088 1848 1156 apposuimus
1870 1131 1886 1155 ,

338 1166 729 1235 imperatorum
784 1177 971 1223 autem
1040 1173 1264 1228 nomina
1321 1173 1624 1228 omisimus.
1676 1174 1888 1245 Quippe

333 1269 462 1308 cum
495 1271 592 1322 per
618 1270 793 1312 annos
820 1258 1009 1317 decem
1039 1272 1354 1330 perpetuos,
1379 1278 1516 1333 quos
1539 1266 1778 1320 continet
1800 1265 1890 1322 hie

333 1352 538 1406 tomus,
577 1353 826 1414 potestas
871 1349 1216 1420 imperatoria
1254 1367 1422 1421 penes
1449 1353 1586 1408 duos
1622 1355 1890 1425 principes

337 1430 524 1497 fuerit,
571 1433 934 1508 Palaeologum
970 1448 1028 1493 et
1045 1439 1515 1510 ICantaeuzenum,
1551 1443 1742 1502 inutile
1771 1459 1890 1499 esse

335 1518 602 1576 duximus
630 1534 880 1593 repetere
910 1525 966 1581 in
1015 1528 1245 1600 singulis
1286 1531 1497 1602 paginis
1528 1533 1604 1598 id,
1633 1534 1776 1602 quod
1801 1548 1888 1588 se-

337 1609 446 1662 mel
495 1605 778 1668 monuisse
802 1615 937 1670 satis
966 1615 1129 1672 foret.
1172 1617 1362 1674 Libros
1393 1620 1447 1675 in
1483 1624 1682 1692 capita.
1715 1624 1889 1693 capita

336 1698 394 1752 in
426 1701 701 1757 sectiones
722 1706 910 1760 eadem
934 1708 1190 1765 methodo
1215 1710 1516 1777 divisimus,
1541 1713 1721 1781 quain
1746 1724 1890 1769 tomo

336 1791 538 1858 primo.
577 1793 634 1847 ln
681 1793 970 1853 breviariis
1007 1815 1224 1868 quoque
1269 1811 1326 1856 et
1371 1802 1424 1856 in
1463 1805 1607 1859 notis
1645 1807 1888 1860 eamdem

333 1893 570 1950 prorsus
601 1886 866 1942 rationem
896 1890 1069 1944 secuti
1101 1905 1310 1947 sumus.

411 1973 850 2042 Disputationem
899 1994 1025 2035 cum
1077 1980 1344 2048 Cabasila,
1379 1985 1531 2040 libris
1561 1988 1734 2042 tribus
1784 2005 1890 2044 non

337 2061 465 2115 totis
486 2065 932 2134 comprehensam
952 2068 1098 2139 (nam
1118 2084 1179 2124 ea
1204 2085 1232 2124 a
1249 2070 1504 2128 viceSlmo
1538 2077 1776 2129 Secundo
1808 2078 1892 2130 in-

334 2151 538 2206 choato
591 2156 657 2210 ad
707 2157 1023 2213 vicesimum
1053 2171 1304 2230 quartum
1341 2161 1454 2218 fere
1504 2165 1738 2220 medium
1793 2183 1887 2222 ex-

333 2248 558 2316 currit),
594 2229 735 2318 quod
760 2253 828 2307 ad
858 2229 1141 2310 historiam
1172 2255 1314 2312 haud
1348 2261 1478 2312 satis
1508 2263 1782 2328 pertinere
1818 2264 1893 2317 vi-

335 2336 587 2401 deretur,
618 2341 686 2396 ad
707 2343 936 2399 secundi
968 2345 1258 2403 voluminis
1289 2349 1490 2403 calcem
1523 2350 1745 2420 rejieere
1775 2330 1893 2408 aui-

337 2443 459 2482 mus
511 2430 749 2500 primum
776 2433 901 2492 fuit.
946 2434 1192 2502 Demum,
1238 2452 1308 2493 ne
1335 2439 1589 2494 continua
1635 2441 1892 2500 librorum

338 2517 514 2572 series
563 2519 996 2591 abrumperetur,
1050 2525 1248 2580 rectius
1276 2527 1543 2582 {acturum
1598 2511 1684 2584 me
1709 2522 1890 2586 exiSti-

341 2608 506 2692 mari,
539 2610 586 2664 si
613 2625 770 2664 suntm
791 2613 841 2666 ei
863 2628 926 2667 ac
951 2615 1226 2684 propriutn
1250 2617 1424 2672 locum
1455 2635 1749 2677 servarent.
1778 2621 1894 2678 Una

342 2712 428 2750 me
463 2713 558 2753 res
581 2702 927 2768 morabatur;
978 2708 1119 2773 quod
1148 2722 1268 2760 eam
1299 2708 1712 2778 disputationem
1755 2726 1895 2766 non-

341 2789 470 2843 dum
513 2789 707 2846 Latine
751 2794 1064 2860 venissem,
1093 2812 1200 2870 nec
1222 2797 1351 2851 mihi
1384 2799 1555 2853 etiam
1588 2810 1895 2870 superesset

343 2879 409 2931 ad
442 2880 592 2934 istud
624 2895 838 2952 quoque
885 2899 1111 2954 pensum
1158 2863 1563 2943 a’bsolvendum.
1617 2863 1757 2945 hitcr
1783 2892 1896 2946 haec

343 2973 696 3033 commodum
719 2990 873 3030 suam
905 2977 1040 3031 mibi
1072 2993 1292 3048 operam
1323 2981 1516 3034 obtulit
1540 2981 1609 3034 Μ.
1638 2982 1897 3039 Claudius

1985 540 2146 603 lanis,
2185 537 2648 605 Peloponnesiaeis
2687 538 2740 589 et
2785 532 3150 601 Neapolitanis
3196 531 3518 584 Francorum
3604 565 3607 570 ι

1983 629 2442 698 expeditionibus,
2469 628 2665 682 sclecta
2691 626 2963 681 ‘rariorum
2996 622 3248 693 epuseulti
3281 622 3522 674 (Oltlittc-

1984 720 2098 783 bit;
2125 734 2189 774 ea
2225 719 2454 781 scilicet,
2483 732 2605 788 quae
2634 716 2925 786 Nicephori
2959 715 3210 796 Gregora:
3241 714 3522 768 Historiam
3613 731 3621 735 >

1983 818 2211 880 possunt
2233 811 2524 863 illustrare.
2556 810 2612 860 In
2644 807 2708 862 iis
2741 817 2932 860 erunt:

2053 898 2095 952 Ι.
2122 899 2369 954 Narratio
2401 898 2600 953 Nicctaa
2628 898 2902 951 Choniata:
2936 895 3002 949 de
3049 895 3239 949 statuis
3267 894 3526 947 (lnnstanv

1970 991 2388 1063 ,tinopolitanis.
2430 1005 2565 1058 quas
2595 987 2792 1051 Latini,
2843 995 2996 1055 capta
3032 986 3194 1049 L'rbe,
3228 983 3526 1037 contractas

1985 1082 2040 1136 in
2067 1091 2337 1135 monetam
2362 1079 2755 1133 conﬂaverunt.
2782 1078 2948 1145 Cujus
2979 1073 3321 1135 narrationis,
3354 1088 3418 1124 ex
3441 1085 3530 1124 c0-

1986 1173 2106 1228 dicc
2135 1171 2424 1224 Bodleiano
2458 1169 2763 1237 descriptio,
2795 1168 2946 1236 copia
2981 1167 3112 1218 mihi
3137 1179 3166 1217 a
3201 1166 3316 1216 viro
3345 1161 3531 1215 claris-

1987 1263 2124 1319 simo
2151 1259 2360 1315 Joanne
2395 1258 2622 1312 Ernesto
2648 1257 2844 1312 Grabio
2873 1257 3009 1309 facta
3033 1261 3132 1308 est.

2058 1354 2124 1408 ΙΙ.
2155 1351 2421 1406 Theodori
2456 1349 2701 1401 Lascaris
2749 1347 3018 1400 orationes
3049 1345 3187 1398 dum.
3237 1342 3318 1394 la.
3350 1341 3529 1394 Enco-

1988 1443 2156 1496 tnium
2192 1441 2361 1510 patris
2387 1439 2524 1508 ejus,
2558 1437 2783 1492 Joannis
2813 1438 2967 1490 Dura:
2992 1437 3120 1506 imp.
3149 1436 3234 1488 2“.
3275 1432 3416 1486 Laus
3444 1419 3529 1484 ur-

1991 1534 2074 1588 bis
2109 1531 2320 1593 Nicmae,
2352 1544 2416 1581 ex
2449 1528 2569 1581 cod.
2601 1528 2731 1592 Reg.

2058 1624 2152 1678 lll.
2190 1622 2597 1676 Testamentum
2632 1618 2844 1673 Arsenii
2895 1614 3235 1687 patriarchae,
3265 1612 3466 1666 editum
3500 1627 3528 1664 a

1990 1715 2280 1771 Coti-lcrio.

2067 1807 2154 1868 lY.
2199 1806 2481 1862 Athanasii
2517 1801 2835 1875 patriarcha:
2868 1799 2933 1852 ad
2975 1799 3240 1851 seniorem
3267 1796 3531 1850 Androni-

1991 1913 2112 1952 cum
2145 1897 2383 1965 epistola:
2416 1905 2466 1949 et
2500 1895 2786 1949 relationes
2832 1891 3069 1952 selectae,
3108 1905 3169 1941 ex
3203 1887 3384 1940 codice
3417 1885 3532 1938 sin-

1992 1989 2186 2057 gulari,
2225 2001 2383 2054 quem
2416 1984 2755 2038 Bibliotheca:
2791 1980 2970 2049 Regia:
3016 1993 3138 2031 cum
3184 1977 3302 2029 aliis
3352 1975 3534 2026 multis

1991 2093 2167 2146 nuper
2190 2077 2406 2130 donavit
2455 2075 2515 2129 (Σ.
2548 2074 2716 2128 Maur.
2763 2070 3046 2132 Tellerius,
3092 2067 3533 2136 archiepiscopus

1989 2170 2094 2222 tlt‘tx
2113 2153 2465 2222 Rhemensis.

2062 2259 2124 2313 V.
2154 2257 2416 2314 Manuelis
2436 2258 2600 2312 Philae
2630 2269 2816 2326 poema
2840 2252 3151 2306 historicum
3175 2249 3240 2301 de
3267 2243 3483 2301 Michael

1991 2349 2170 2405 Glabre
2203 2351 2366 2417 rebus
2393 2352 2579 2419 gestis,
2613 2365 2676 2402 ex
2729 2348 2832 2400 alio
2875 2344 2993 2398 eod.
3032 2342 3194 2411 Regio
3227 2341 3374 2408 (olim
3410 2336 3532 2391 Tel-

1995 2439 2219 2508 leriaoo)
2257 2440 2610 2507 descriptum.
2801 2435 2812 2440 ’

2063 2529 2153 2584 γι.
2199 2529 2402 2584 Tomus
2455 2526 2852 2600 pseudosynodi
2907 2523 3244 2583 Palamiticx,
3281 2520 3455 2574 editus
3508 2534 3538 2570 a

1992 2620 2336 2678 Combeﬁsio.

2064 2711 2443 2780 “LEs'ccrpta
2456 2729 2520 2765 ex
2539 2712 2752 2779 scriptis
2769 2710 3046 2778 Nicephori
3066 2704 3541 2776 Bletntnydm,(irc-

1993 2804 2126 2875 gorii
2153 2804 2349 2873 Cyprii,
2371 2803 2631 2856 Tlteoduli
2667 2799 2937 2863 Rhetoris,
2963 2797 3246 2867 Nirepltori
3278 2793 3505 2847 (lhumni
3523 2830 3537 2852 ,

1995 2895 2278 2960 Barlaami,
2337 2895 2620 2964 Aeindyni,
2687 2895 2934 2954 l‘alanue,
3001 2891 3198 2946 Nieulai
3262 2886 3539 2948 tiahasihe,

1996 2987 2258 3043 Philothei
2300 2988 2638 3057 patriarchm,
2692 2985 2880 3040 Medici
2929 2983 3216 3045 Till‘Ollilil},
3278 2982 3543 3032 (tantaen-

344 3059 846 3132 Capperonnerius,
885 3066 1220 3124 Licentiatus
1242 3071 1522 3140 theologos
1551 3057 1894 3128 Parisiensis.
1925 3087 1970 3146 ο
2002 3083 2139 3146 leni,
2171 3081 2424 3136 Demetrii
2448 3079 2694 3150 Cydonii,
2723 3079 2890 3146 ipsius
2923 3077 3191 3145 Grt'gurﬂ‘,
3223 3085 3271 3126 et
3294 3072 3543 3130 aliorum,

345 3151 488 3205 lluie
516 3167 640 3222 ego,
669 3153 856 3212 Grece
879 3168 936 3212 et
967 3156 1159 3212 Latine
1187 3151 1522 3223 doctissimo,
1552 3161 1710 3233 facile
1740 3165 1900 3231 equi.

352 3245 468 3294 :ctn
493 3242 764 3297 adductus
787 3258 934 3311 sum,
960 3255 1019 3299 ut
1037 3260 1130 3300 eas
1153 3257 1332 3316 partes
1356 3248 1621 3303 traderem
1644 3266 1658 3312 ;
1683 3267 1750 3305 eo
1769 3266 1903 3319 pne-

345 3333 562 3397 sertim,
617 3337 761 3402 quod
800 3349 921 3404 qum
976 3337 1064 3391 ille
1098 3337 1503 3407 interpretanda
1554 3350 1903 3410 suscepturus

345 3421 508 3488 foret,
537 3438 605 3478 ea
626 3435 806 3480 essent
827 3425 940 3483 fere
967 3427 1289 3507 dogmatiea,
1313 3431 1552 3499 adeoque
1573 3432 1656 3484 vix
1682 3429 1904 3500 possent

348 3513 530 3566 verbis
568 3517 804 3584 propriis
841 3533 904 3570 ac
949 3519 1253 3587 perspicuis
1289 3535 1319 3572 a
1348 3534 1617 3588 quoquam
1652 3521 1900 3590 exprimi,

349 3605 452 3660 nisi
500 3608 600 3678 qui
650 3609 706 3662 in
737 3610 900 3664 rebus
931 3611 1250 3683 tbeologicis
1293 3614 1519 3666 multum
1558 3624 1804 3668 versatus
1850 3624 1907 3668 et

347 3699 673 3766 quotidiana
698 3701 1009 3757 scholarum
1040 3719 1142 3758 usu
1167 3705 1424 3758 subactus
1457 3705 1630 3759 feret:
1663 3707 1711 3758 id
1737 3707 1903 3775 quod,

263 3803 268 3806 ·
349 3789 394 3842 si
425 3788 518 3842 cui
547 3805 806 3864 unquam,
841 3793 1330 3847 cumulatissimum
1368 3805 1516 3848 certe
1541 3795 1626 3847 isti
1654 3796 1897 3863 contigit.

421 3877 657 3935 Iomum
691 3882 906 3936 tertium
941 3884 1274 3937 constituent
1305 3885 1424 3937 libri
1459 3885 1904 3953 quatuordecim;

355 3969 600 4025 historici
641 3972 860 4042 quidem
889 3983 1032 4037 octo,
1060 3975 1342 4046 dogtnatiei
1375 3992 1502 4030 vero
1532 3993 1659 4042 sex;
1692 3978 1760 4031 de
1787 3981 1908 4048 qui-
1933 3994 1938 3998 ‘

354 4061 457 4119 bus
489 4064 572 4119 nil
601 4080 828 4121 necesse
856 4077 940 4121 est
977 4066 1187 4136 przrl'ari
1220 4069 1374 4122 initio
1407 4069 1565 4138 hujus
1593 4069 1904 4126 \‘olmuinis.

421 4153 630 4211 Tomos
679 4168 923 4226 quartus,
978 4170 1171 4228 pra-ter
1218 4175 1408 4226 poema
1460 4160 1646 4230 ingens
1691 4163 1904 4218 ϐιωσο-

2000 3171 2201 3231 οωηὲςι.
2241 3169 2578 3239 paucissimis
2607 3169 2860 3237 exceptis,
2895 3169 3175 3219 aueeilota.
3481 3227 3486 3240 ι

2072 3259 2146 3314 Ita
2177 3272 2410 3326 quatuor
2446 3259 2604 3312 tomis
2656 3260 2722 3326 (ε)
2768 3257 3030 3325 integrum
3069 3269 3211 3322 .Opus
3246 3241 3544 3306 constabit:

2003 3352 2145 3421 quod
2200 3351 2366 3413 brevi,
2418 3343 2474 3402 ut
2527 3364 2704 3418 spero,
2759 3347 3085 3410 absolrctur,
3142 3346 3351 3397 favente
3398 3342 3547 3394 hist'e

2004 3438 2197 3494 studiis
2227 3437 2426 3491 nostris
2455 3436 2814 3489 illustrissimo
2836 3436 3049 3496 comite,
3085 3431 3381 3486 (ancellarii
3416 3429 3546 3490 tilio,

2004 3529 2329 3598 Hieronymo
2373 3527 2828 3582 Ponebartrreuio.
2880 3525 3082 3593 Nempe
3128 3525 3214 3577 hic
3253 3524 3316 3575 ad
3367 3537 3548 3575 secre-

2004 3621 2142 3674 tiora
2172 3620 2333 3688 Regis
2375 3616 2600 3672 consilia
2630 3617 2915 3678 admissus,
2949 3627 3108 3682 atque
3141 3613 3308 3681 ipsius
3340 3614 3413 3666 rei
3455 3628 3547 3664 na-

2002 3710 2138 3764 valis
2189 3708 2638 3762 administrationi
2687 3707 2988 3775 pnefcclus,
3039 3704 3236 3756 artium
3294 3711 3547 3771 prmterea

2006 3810 2062 3856 et
2098 3798 2504 3852 Academiarum
2559 3796 2720 3849 rebus
2752 3794 3062 3848 ordiuandis
3109 3792 3388 3852 incumbit,
3433 3806 3548 3844 suc-

2007 3902 2190 3942 cessor
2212 3887 2354 3941 idem
2385 3895 2439 3941 et
2467 3887 2695 3940 annulus
2711 3885 2917 3956 ‘patris;
2965 3900 3121 3953 quem
3151 3886 3452 3938 litterarum
3487 3898 3549 3935 ac

2007 3979 2367 4034 litteratorum
2403 3993 2591 4034 amore
2633 3986 2686 4053 et
2724 3977 2934 4032 exculte
2968 3976 3280 4029 liberalibus
3309 3974 3550 4042 discipli-

2008 4073 2096 4126 nis
2123 4071 2338 4142 ingenio
2367 4071 2446 4125 sic
2473 4070 2660 4132 refert.
2692 4081 2750 4125 ut
2775 4070 2822 4124 ei
2855 4078 3100 4142 nontam
3125 4069 3178 4122 iu
3205 4082 3361 4121 curas
3391 4081 3548 4135 quam

2010 4164 2064 4218 in
2094 4163 2661 4221 laudcm‘successisse
2703 4139 2978 4235 videatur.‘

412 4357 482 4432 (ς)
523 4359 669 4432 Τρωὶ
712 4359 954 4432 metu”
977 4361 1136 4432 lucrm
1171 4335 1264 4432 non
1306 4360 1549 4429 viderunt.
1588 4363 1653 4410 I-Ix
1679 4362 1780 4432 bis
1817 4369 1976 4411 autem
2001 4377 2112 4432 quas
2130 4361 2210 4432 hic
2245 4362 2657 4432 promittebantur
2693 4364 2928 4424 pleraque
2969 4367 3137 4425 postea
3173 4357 3464 4422 prodierunt
3500 4364 3552 4410 et

353 4428 554 4469 exstant
571 4421 624 4468 iu
634 4421 970 4482 superioribus
987 4423 1130 4472 tomis
1151 4421 1226 4470 rel
1250 4423 1806 4483 proximescquentibus
1822 4432 1999 4475 nostra!
2020 4421 2344 4475 collectiouis.
2367 4423 2506 4474 Eutr.
2532 4423 2680 4474 Pun.
