4038 6336
516 395 594 461 ’19

530 595 1478 628 Μ,-

1062 759 2093 951 NICEPHORI

1607 417 2024 485 NICEPIIORI
2064 422 2444 492 GREGOIUE
2485 428 2680 491 VITA.

1479 615 3722 647 ...__.______________________________________

2224 800 3188 1037 GREGOR/E

1402 1044 1727 1213 VlTA.
1832 1093 2264 1189 OPERA.
2371 1099 2897 1233 ELOGIA.‘

515 1275 609 1339 Ad
666 1277 765 1343 Ill.
818 1280 1114 1345 Abbatem
1172 1289 1501 1351 (familiam
1568 1292 1935 1367 Tellcrium,
1997 1292 2399 1359 Bibliothecw
2444 1300 2649 1380 Regia
2712 1300 3102 1378 Prin/cetum,
3157 1301 3405 1382 scripsit
3457 1301 3733 1363 Joanne:

1957 1401 2283 1463 Roivinus.
2473 1444 2479 1449 -
2840 1431 2843 1435 ‘

1966 1706 2293 1793 VITA.

574 2008 824 2080 Gregorae
845 2009 1047 2075 vitam,
1076 2026 1328 2070 accurate
1357 2026 1680 2081 enarratam,
1708 2032 1815 2073 non
1845 2017 1916 2071 ita
1943 2017 2057 2087 pri-
2087 2021 2131 2078 Α
2160 2017 2309 2073 Asia.
2348 2016 2748 2089 Paphlagouem
2805 2033 2931 2074 eum
2989 2018 3118 2074 facit
3177 2017 3485 2088 patriarcha
3546 2018 3732 2077 Philo-

508 2106 628 2158 dem
644 2104 879 2172 vulgavit
896 2104 1157 2160 Martinus
1184 2106 1443 2176 Hankius,
1483 2110 1566 2165 vir
1583 2111 1776 2166 doctus
1798 2121 1854 2166 et
1877 2112 1929 2165 in
1959 2112 2071 2166 his-

513 2195 668 2248 toriis
703 2194 904 2250 Grzrcis
931 2195 1244 2267 Latinisque
1270 2199 1411 2254 haud
1438 2200 1786 2256 mediocriter
1806 2211 2070 2258 versatus.

507 2282 615 2338 Sed
649 2285 693 2339 is
717 2285 883 2340 libros
903 2285 1157 2358 Gregora:
1186 2288 1320 2345 alios
1352 2282 1460 2344 non
1494 2291 1721 2358 viderat,
1768 2291 1872 2347 nisi
1900 2295 2070 2349 unde-

503 2376 610 2430 cim
636 2377 865 2443 priores.
898 2377 968 2432 ab
1004 2377 1335 2451 Hieronymo
1368 2381 1585 2455 Wolfio
1612 2385 1809 2441 editos.
1849 2388 1980 2455 Ego,
2012 2396 2072 2457 ut

505 2474 629 2520 tute
674 2467 802 2532 seis,
832 2468 1017 2523 Abbas
1069 2470 1427 2539 nobilissime,
1466 2474 1705 2547 integros
1755 2477 2070 2547 duodequa-

504 2557 751 2626 draginta
777 2558 973 2622 habui;
1002 2558 1129 2614 item
1155 2560 1260 2613 alia
1283 2562 1532 2630 quaedam
1559 2564 1799 2633 ejusdem
1828 2563 2069 2621 auctoris

502 2648 785 2711 anecdota,
825 2664 888 2704 ac
920 2647 973 2700 in
1012 2650 1078 2706 iis
1124 2650 1395 2721 dialogum
1441 2652 1513 2705 De
1548 2652 1847 2724 Sapientia,
1882 2657 1973 2727 qui
2012 2664 2069 2711 et

506 2738 809 2793 Florentius
837 2741 1174 2797 inscribitur.
1207 2741 1303 2799 llis
1344 2744 1617 2810 omnibus,
1650 2755 1705 2800 et
1754 2747 1873 2801 aliis
1928 2763 2065 2818 prae-
2094 2744 2101 2755 ’

506 2842 650 2885 terea
674 2833 963 2901 :cqualium
986 2832 1239 2903 Gregorte
1256 2834 1583 2903 scriptorum
1606 2836 1760 2892 libris
1787 2839 2063 2909 perlectis,

505 2924 737 2989 plurima
766 2924 1005 2979 adhunc
1059 2924 1202 2979 diem
1250 2925 1442 2996 paucis
1493 2928 1814 2999 investigata
1863 2928 2063 2996 didici;

502 3029 726 3084 remque
774 3015 841 3069 ab
876 3015 1097 3086 homine
1128 3017 1364 3082 erudito,
1423 3018 1516 3073 sed
1573 3017 1686 3072 illis
1726 3018 1862 3089 ipsis
1904 3019 2065 3090 adju-

504 3105 703 3159 mentis
731 3098 1149 3173 destituto,jam
1184 3107 1268 3177 (ut
1324 3108 1585 3178 diximus)
1634 3118 1943 3174 tractatam,
1993 3110 2064 3166 de

502 3212 644 3253 novo
676 3198 945 3269 explicare
981 3200 1218 3255 institui.
1259 3199 1524 3257 Caetermu
1563 3202 1608 3255 si
1649 3199 1835 3255 liuikii
1877 3217 2058 3259 exem-

506 3290 617 3359 plo,
675 3291 973 3346 alienorum
1030 3308 1255 3363 operum
1299 3291 1497 3363 pannis
1541 3293 1782 3361 undique
1825 3293 2056 3362 collatis,

504 3383 792 3449 quemdam
829 3383 992 3437 veluti
1028 3391 1313 3438 centonem
1342 3383 1656 3452 texuisscm,
1687 3384 1890 3439 veritus
1918 3400 2058 3451 sum,

504 3490 573 3528 ne
605 3489 831 3544 parvum
865 3490 962 3544 per
988 3490 1046 3529 se
1079 3487 1454 3546 argumentum
1490 3479 1544 3533 in
1576 3494 1827 3549 magnum
1860 3477 2060 3533 sensim

502 3567 756 3621 volumen
790 3576 1153 3623 cxcresceret.
1189 3568 1347 3624 Malui
1384 3570 1565 3639 itaque
1604 3570 1739 3625 meis
1777 3569 1972 3633 verbis,
2007 3581 2062 3621 et

500 3660 805 3713 continenti
866 3660 978 3713 fere
1030 3660 1363 3722 narratione,
1423 3660 1696 3731 sigillatim
1729 3676 1955 3729 quaeque
2006 3667 2061 3712 et

501 3743 741 3803 breviter
760 3765 1232 3814 commemorare;
1265 3750 1521 3805 nimirum
1548 3758 1605 3803 ut
1626 3750 1788 3821 cujus
1815 3748 2060 3801 historici

502 3840 691 3904 libros,
724 3856 819 3908 per
846 3842 1022 3896 varias
1045 3840 1408 3897 bibliothecas
1432 3852 1591 3896 antea
1630 3840 1923 3910 dispersos,
1957 3839 2062 3894 tuis

499 3934 805 4004 sumptibus
836 3944 1055 4003 tuaque,
1088 3935 1270 3990 Ahbas
1306 3934 1689 3997 illustrissime,
1739 3932 2060 3989 auctoritate

498 4027 927 4097 eollegisscmus,
958 4028 1076 4097 ejus
1110 4035 1166 4080 tu
1204 4028 1349 4081 dicta
1387 4036 1441 4081 et
1479 4027 1618 4081 facta
1661 4027 1808 4081 brevi
1840 4045 1934 4097 per
1960 4044 2060 4082 nos

502 4120 682 4174 libello
705 4119 1102 4189 comprehensa
1135 4120 1401 4185 haberes;
1432 4130 1488 4175 et
1530 4120 1657 4174 hinc
1690 4132 1890 4189 quanta
1918 4122 2058 4190 apud

499 4228 629 4267 suos
660 4213 977 4267 celebritate
1007 4212 1275 4283 Grcgoras
1307 4222 1490 4267 noster
1516 4214 1807 4275 floruisset,
1848 4212 2060 4266 facilius

502 4300 874 4371 intelligeres;
916 4318 1013 4357 nec
1049 4312 1101 4357 te
1141 4311 1349 4358 navatae
1400 4303 1527 4357 huic
1575 4303 1831 4373 scriptori
1878 4317 2059 4371 operae

500 4403 697 4447 nostra:
721 4397 1033 4464 pmuiterct.
1070 4395 1186 4451 Non
1235 4412 1355 4451 sum
1407 4407 1588 4451 autem
1628 4397 1766 4453 adeo
1814 4396 2053 4466 iniquus,

502 4498 559 4541 ut
594 4487 693 4540 hac
726 4490 1089 4558 qualicunque
1105 4490 1255 4558 grati
1279 4490 1447 4544 animi
1476 4490 1877 4561 significatione
1922 4490 2055 4544 satis

498 4594 583 4633 me
631 4578 722 4632 tibi
766 4593 885 4660 ‘pro
914 4578 1090 4633 oiiicio
1134 4593 1257 4632 meo
1314 4579 1509 4634 fecisse
1553 4581 1858 4635 existimem
1898 4598 1913 4635 ε
1956 4597 2057 4636 nec

2091 3345 2137 3405 Β

2175 2110 2332 2164 theus
2387 2110 2440 2164 in
2498 2109 2882 2165 Antirrhetieis
2929 2107 3032 2180 (l).
3093 2108 3210 2179 Ipse
3267 2109 3320 2164 iu
3388 2110 3596 2183 dialogo
3654 2111 3732 2166 De

2171 2200 2444 2270 Sapientia
2478 2210 2634 2257 vocat
2666 2217 2724 2257 se
2750 2199 3146 2257 lleracleotam.
3190 2200 3530 2257 Avunculum
3577 2213 3727 2259 certe

2171 2291 2360 2346 habuit
2409 2290 2672 2348 Joannem
2729 2292 2806 2362 (2)
2877 2292 3164 2349 Heraclea
3230 2294 3729 2364 metropolitanum,

2169 2384 2287 2454 ejus
2312 2382 2539 2449 scilicet,
2576 2398 2695 2453 quae
2717 2382 2977 2439 Heraclea
3000 2384 3163 2439 Ponti
3191 2384 3392 2438 dicitur
3433 2392 3490 2439 et
3515 2384 3615 2439 sila
3648 2394 3733 2438 eat

2169 2473 2224 2529 in
2283 2458 2495 2529 finibus
2529 2474 2931 2545 Paphlagonia.
2993 2474 3069 2530 De
3119 2476 3439 2545 parentibus
3492 2474 3729 2545 aliisque

2120 2578 2123 2581 '
2169 2566 2413 2635 cognatis
2442 2565 2579 2621 nihil
2610 2566 2885 2620 memoria:
2927 2566 3198 2637 proditum
3229 2575 3334 2621 est.

2242 2654 2300 2710 ln
2359 2671 2423 2711 ea
2480 2656 2615 2711 urbe
2662 2656 2928 2711 educatus
2979 2659 3153 2726 prima
3198 2657 3728 2726 puerilis‘doctrina‘.

2167 2748 2471 2803 rudimenta
2495 2751 2595 2803 sub
2626 2749 2867 2803 autisﬁte
2887 2750 3155 2823 avunculo
3174 2751 3374 2819 posuit.
3396 2748 3525 2805 lude
3548 2760 3731 2804 trans-
3806 2741 3812 2746 ’

2165 2840 2329 2909 latus:
2350 2839 2657 2911 Byzantium
2688 2840 2765 2910 (5)
2807 2841 3028 2895 tradidit
3066 2857 3124 2896 se
3149 2842 3205 2895 in
3231 2841 3573 2911 disciplinam
3624 2857 3723 2911 pa-

2165 2932 2420 2988 triarcha:
2445 2930 2672 2987 Joannis
2703 2933 2954 3004 Glyceos,
2984 2933 3077 3002 qui
3104 2934 3248 3003 apud
3290 2934 3435 2988 illius
3484 2934 3607 2988 πεισί-
3632 2934 3730 2989 ho-

2164 3025 2343 3081 mines
2362 3024 2760 3082 disertissimus
2789 3034 2844 3079 et
2886 3025 3049 3096 Attici
3070 3027 3336 3081 sermonis
3361 3027 3725 3096 Peritissimus

2165 3116 2470 3171 habebatur
2497 3116 2598 3186 (4).
2637 3115 2766 3185 Ejus
2793 3125 2973 3172 autem
3010 3116 3287 3187 pontificis
3330 3119 3727 3172 consuetudine

2162 3207 2444 3261 studiosus
2492 3206 2709 3275 juvenis
2746 3207 2825 3277 (ες)
2876 3217 3164 3276 ιτιιιιυίνιξιιθ
3213 3207 3608 3269 delectabatur,
3668 3218 3729 3259 ut

2163 3295 2256 3351 diu
2284 3306 2553 3364 noctuque
2581 3296 2649 3350 ab
2672 3295 2820 3351 illius
2846 3312 2941 3351 ore
2966 3297 3250 3365 penderet.
3315 3294 3570 3353 Vicissim
3623 3295 3725 3365 ipsi

2164 3387 2488 3458 patriarcha:
2550 3389 2631 3444 sic
2680 3388 2932 3459 discipuli
2982 3389 3138 3443 stilus
3180 3389 3451 3463 placebat.
3485 3398 3544 3443 ut
3572 3404 3726 3452 eum,

2162 3481 2325 3551 longe
2394 3482 2585 3536 morbo
2634 3480 2951 3537 debilitatus
2994 3480 3110 3549 (6),
3171 3489 3555 3535 testamentum
3616 3479 3723 3534 sibi

2162 3574 2403 3627 scribere
2424 3583 2480 3627 ct
2508 3586 2835 3643 componere
2853 3572 3083 3639 jusserit
3096 3566 3201 3641 "(7).

2236 3662 2305 3717 Ut
2336 3663 2390 3716 in
2420 3665 2707 3718 rhetoricis
2734 3664 3119 3733 patriarcbam,
3151 3662 3226 3716 ita
3262 3662 3315 3716 in
3342 3661 3726 3719 astronomieis

2164 3769 2418 3824 magnum
2442 3755 2772 3823 logothetam
2796 3755 3113 3823 magistrum
3130 3754 3483 3811 excellentem
3511 3754 3720 3810 habuit.

2164 3844 2358 3900 Eratis
2382 3844 2700 3911 Theodorus
2734 3845 3059 3902 Metocbites
3088 3864 3103 3902 :
3136 3847 3228 3917 qui
3261 3847 3482 3918 quidem
3536 3846 3717 3912 initio,

2160 3939 2278 3994 sive
2312 3940 2568 4008 Gregorze
2600 3939 2962 3995 adolescentis
2990 3939 3271 4012 ingenium
3324 3940 3565 3996 nondum
3591 3954 3723 4010 per-

2160 4041 2411 4097 noverat,
2437 4033 2553 4087 sive
2578 4048 2777 4086 arcana
2810 4033 3162 4089 scientiarum
3195 4042 3402 4088 temere
3449 4033 3719 4105 divulgari

2158 4126 2315 4180 nefas
2340 4127 2587 4196 putabat,
2616 4120 2832 4195 parcius
2873 4140 2998 4181 cum
3034 4143 3101 4183 eo
3131 4130 3566 4198 colloquebatur,
3614 4146 3721 4187 nec

2161 4230 2343 4269 rerum
2391 4215 2757 4286 cognitionem
2805 4215 3068 4287 integram
3141 4218 3192 4271 ei
3260 4219 3716 4276 communicabat.

2162 4306 2367 4361 Deinde
2396 4306 2573 4362 enixis
2607 4307 2858 4376 precibus
2894 4318 2951 4363 et
2975 4309 3043 4364 ad
3081 4312 3519 4378 persuadendum
3562 4328 3715 4367 com-
3813 4361 3816 4365 .

2159 4398 2334 4469 posita
2360 4398 2605 4469 ejusdem
2626 4400 2876 4454 oratione
2903 4400 3079 4456 victus
3100 4402 3338 4471 perfecte
3359 4412 3415 4459 et
3446 4405 3718 4461 cumulate

2158 4492 2207 4546 ei
2252 4492 2437 4546 omnia
2497 4492 2789 4547 recondita:
2840 4493 2978 4547 artis
3024 4503 3293 4563 prazcepta
3348 4495 3568 4549 tradidit
3610 4496 3714 4566 (8).

2157 4582 2299 4648 Quin
2346 4588 2553 4637 etcum
2588 4582 2851 4638 doctrina:
2894 4584 3168 4658 haeredcm
3216 4601 3243 4638 a
3291 4600 3351 4639 se
3403 4586 3713 4640 institutmu

498 4680 715 4724 tuorum
788 4686 913 4741 erga
969 4686 1056 4725 me
1108 4670 1426 4725 meritorum
1485 4672 1909 4738 magnitudinem
1978 4674 2125 4746 sicc
2158 4674 2468 4765 prmdicav‘it
2508 4689 2614 4727 non
2669 4674 2838 4728 semel
2869 4676 2980 4744 (9);
3044 4677 3207 4743 idque
3239 4676 3292 4728 iu
3331 4676 3397 4729 iis
3442 4677 3711 4741 versibus,

497 4763 706 4833 ignoro,
740 4772 799 4816 ut
833 4779 991 4833 pares
1025 4777 1262 4833 unquam
1296 4761 1577 4817 beneficiis
1625 4762 1825 4832 gratias
1858 4762 2057 4817 relatu-

499 4872 619 4911 rum
667 4870 754 4909 me
791 4870 910 4910 esse
947 4858 1235 4911 confidam.

566 4948 795 5002 Circiter
828 4962 1029 5001 annum
1064 4948 1270 5005 Christi
1307 4948 1465 5013 1295,
1506 4949 1811 5018 imperante
1840 4950 2053 5005 Andro-

496 5039 620 5095 nico
648 5039 888 5102 seniore,
945 5037 1284 5108 Nicephorus
1332 5041 1602 5111 Gregoras
1649 5052 1809 5097 natus
1863 5050 1948 5097 est
1994 5043 2050 5097 in

568 5197 646 5263 (I)
684 5198 805 5251 Lib.
830 5210 925 5259 xu,
954 5196 1079 5250 cod.
1118 5209 1229 5263 reg.
1257 5193 1417 5261 1996,
1452 5196 1541 5250 fol.
1570 5199 1698 5254 285.

565 5268 643 5332 l2)
686 5267 951 5332 Gregoras
974 5266 1114 5320 Hist.
1142 5266 1236 5319 lib.
1264 5278 1338 5330 lx,
1365 5279 1414 5318 c.
1455 5268 1509 5321 7.

591 5338 645 5398 5)
683 5337 840 5390 Ληηο
866 5338 1065 5391 Christi
1089 5335 1247 5391 1516.

590 5407 644 5472 4)
686 5406 762 5457 Eo
799 5406 1127 5472 patriarcha,
1164 5425 1213 5463 a.
1246 5410 1307 5464 C.
1343 5409 1502 5467 1517.
1548 5422 1668 5459 cum
1704 5408 2045 5462 Andronicus

496 5474 791 5542 imperator
820 5474 1108 5545 Justiniani
1132 5488 1359 5533 statuam
1390 5486 1717 5545 equestrem,
1757 5478 1900 5528 venti
1943 5479 2044 5530 im-

494 5559 623 5615 ιιι-ιιι
648 5552 980 5615 quassatam.
1018 5544 1193 5601 fulciri
1223 5561 1277 5603 et
1304 5544 1610 5605 columnam
1649 5547 1814 5613 ipsam
1845 5561 2051 5613 suppo-

496 5612 677 5689 sitam
714 5612 964 5689 res-acciri
1021 5614 1338 5689 ornavisset,
1379 5621 1644 5689 Gregoras
1674 5612 1788 5685 iper
1841 5612 2049 5689 ligneos

498 5685 723 5752 gradus,
753 5699 781 5737 a
806 5682 973 5737 fabris
996 5682 1334 5741 extrinsecus
1377 5682 1797 5749 circumductos,
1836 5682 2045 5739 facilem

500 5771 781 5808 ascensum
810 5764 1001 5809 nactus
1025 5762 1257 5807 statuam
1285 5760 1497 5812 curiose
1527 5756 1917 5824 eoutrmplatus
1941 5762 2044 5814 est,

501 5835 660 5896 atque
688 5842 751 5881 ex
779 5840 1033 5881 mensura
1060 5827 1421 5895 quarumdam
1469 5828 1701 5896 [artium
1745 5826 1919 5881 totius
1950 5839 2043 5879 co-

2154 4779 2292 4831 quos
2344 4760 2495 4818 exsitl
2539 4760 2779 4832 'scripsit,
2832 4765 3073 4832 apertius
3097 4765 3375 4833 professus
3408 4765 3709 4827 cst..'l'auti

2154 4855 2388 4922 denique
2416 4855 2592 4923 ipsum
2625 4854 2777 4919 fecit,
2798 4864 2858 4909 ut
2882 4856 3064 4911 liberis
3088 4857 3202 4912 suis
3229 4873 3366 4928 pene
3393 4860 3714 4930 exmquaril.

2154 4948 2340 5018 itaque
2389 4946 2725 5002 monasterio
2772 4945 2964 5001 Cilone
3014 4948 3220 5020 magnis
3267 4951 3575 5020 sumptibus
3626 4953 3711 5006 in-

2154 5049 2423 5104 staurate,
2454 5039 2665 5094 socium
2697 5039 2807 5094 illic
2829 5047 2884 5094 et
2912 5040 3213 5110 adjutorcm
3256 5054 3378 5095 eum
3408 5042 3477 5097 ad
3525 5043 3725 5097 omuia-
3776 5100 3781 5103 _

2159 5199 2284 5254 Iussi
2344 5199 2770 5265 magnitudinem
2812 5198 3101 5251 arstimavit
3143 5214 3158 5250 :
3196 5214 3256 5251 ea
3312 5199 3521 5253 scilicet
3546 5214 3709 5268 opera

2156 5285 2269 5321 rem
2303 5271 2854 5337 antiquariisgratam
2912 5268 3090 5321 facere
3130 5282 3189 5321 se
3234 5267 3547 5323 arbitratus.
3582 5267 3716 5324 Vide

2152 5338 2287 5391 Hist.
2317 5341 2409 5393 lib.
2449 5356 2538 5404 vn,
2569 5356 2619 5393 c.
2658 5340 2746 5392 12.

2222 5410 2299 5477 (5)
2338 5399 2707 5463 Αιιιιοεήιιιιιε
2740 5409 2959 5463 circiter
2984 5399 3075 5459 91.
3114 5404 3247 5460 Vide
3274 5406 3371 5461 lib.
3403 5424 3501 5473 vn,
3532 5423 3586 5465 e.
3621 5408 3706 5470 ll,

2149 5481 2276 5531 s.l.

2154 5547 2674 5666 Πιξϋιςῖεειιιιιιεηιί
2726 5548 2933 5602 scilicet
2982 5544 3263 5601 exordium
3339 5547 3482 5615 quod
3536 5558 3729 5622 exstat

2205 5632 2244 5666 IS
2274 5655 2287 5666 .
2340 5634 2410 5666 Ι).
2440 5633 2554 5666 \‘lll.
3090 5630 3091 5633 “

2205 5617 2287 5668 ist.
2318 5616 2410 5670 lib.
2440 5633 2554 5670 vin.

2222 5686 2301 5750 (7)
2339 5686 2496 5741 Anno
2526 5686 2724 5740 Christi
2755 5687 2912 5742 13⁵2ος

2223 5756 2299 5821 (8)
2340 5755 2455 5807 Lib.
2482 5774 2601 5820 vm,
2627 5773 2677 5811 c.
2706 5756 2757 5808 7.

2222 5825 2297 5895 (9)
2342 5825 2457 5880 Lib.
2495 5843 2606 5892 vni,
2633 5842 2682 5881 c.
2714 5827 2767 5880 5.
