4038 6336
194 496 248 562 ἳῐ

1244 477 1668 553 NICEPHOBI
1709 477 2092 552 GREGOILE
2131 475 2326 538 γιΤΑ.

3329 453 3411 512 29.

197 608 501 664 ferebabuit
531 607 692 679 (10):
727 619 909 661 rerum
963 602 1162 658 ibidem
1213 596 1730 671 pretios-issimarum
1764 599 1806 655 Α
1835 575 2110 661 sapientes
2167 597 2220 641 et
2269 583 2436 641 docti.
2472 588 2633 646 atque
2681 573 2788 628 illic
2819 566 3064 626 certatim
3117 565 3184 617 de
3243 561 3403 615 rebus

197 700 608 769 procurationem
653 699 702 752 ei
733 697 888 752 vivus
939 691 1244 757 commisit;
1293 689 1536 742 moriens
1583 698 1737 738 suam

198 791 578 869 quodammodo
611 789 784 844 vicem
832 778 1103 854 suumque
1146 786 1201 838 in
1229 796 1294 836 ea
1332 781 1496 835 domo
1542 787 1742 830 munus

196 885 356 939 cidem
392 882 881 938 administrandum
926 879 1123 952 legavit
1151 877 1286 947 (Il).

251 992 441 1047 Contra
473 990 743 1060 Gregoras
769 988 1078 1044 Metochitze
1103 987 1324 1047 liberos,
1351 981 1520 1035 tilium
1547 991 1745 1046 nempe

197 1095 243 1138 et
268 1084 448 1143 ﬁliam,
478 1082 699 1144 erudiit,
731 1089 787 1133 et
815 1076 1204 1132 obscurissima
1233 1086 1463 1143 qumque
1499 1078 1743 1123 veterum

197 1187 463 1228 auctorum
520 1172 722 1238 scripta
776 1169 843 1223 iis
882 1167 1127 1239 praclegit
1153 1175 1318 1232 atque
1355 1163 1747 1228 interpretatus

198 1265 426 1332 cst(l‘:?.).
467 1262 814 1318 Metochitam
869 1261 1050 1331 ipsum
1121 1257 1271 1311 omni
1319 1267 1535 1322 semper
1588 1250 1748 1305 oiiieii

201 1370 382 1425 genere
435 1352 650 1407 coluit:
685 1349 1027 1405 imminentis
1071 1336 1394 1402 calamitatis
1435 1351 1580 1396 metu
1631 1354 1753 1410 per-

201 1446 393 1498 culsum
430 1442 757 1497 etalllictum
809 1441 991 1495 verbis
1019 1438 1368 1494 conﬁrmavit
1407 1435 1520 1504 (l5)
1562 1451 1575 1486 :
1607 1446 1752 1486 mor-

202 1545 338 1588 tnmn
369 1534 583 1588 funebri
606 1534 850 1586 oratione
877 1531 1096 1599 publice
1123 1527 1345 1583 deﬂevit
1367 1528 1505 1596 (14).
1541 1524 1752 1578 Scitum

202 1636 274 1677 est
303 1626 419 1694 ejus
447 1625 514 1678 de
561 1625 653 1678 illo
676 1624 902 1678 dictum.
946 1621 1166 1699 .Nempe
1196 1621 1264 1675 ab
1304 1617 1618 1673 Andronico
1667 1631 1754 1670 se-

204 1717 340 1768 niore
369 1716 760 1782 interrogatus,
791 1729 898 1783 quo
923 1723 1082 1783 pacto
1130 1711 1472 1776 Illetoeliites,
1507 1724 1536 1763 a
1581 1705 1757 1762 tenni-

206 1809 293 1860 bus
322 1808 492 1860 initiis
518 1806 796 1875 profectus
823 1806 972 1874 (nam
1005 1820 1069 1859 ex
1120 1803 1392 1872 Bryennio
1425 1808 1759 1871 praeceptore

208 1913 458 1966 perpauca
481 1897 790 1965 didicerat),
821 1912 1068 1951 summus
1100 1906 1448 1949 astronomus
1474 1893 1758 1957 evasisset,
1789 1909 1836 1968 Β

215 1989 343 2043 Nihil
393 1990 606 2053 mirum,
655 1989 830 2057 inquit
861 1988 1148 2058 Gregoms,
1193 2003 1258 2039 ea:
1301 2002 1464 2056 parva
1521 1984 1765 2055 (antpade

215 2096 446 2146 inriguam
498 2080 668 2147 facem
717 2073 952 2131 accendi.
1005 2079 1432 2130 Cantacuzenus
1486 2075 1764 2128 laudatum

219 2168 409 2238 aittli‘a')
455 2170 522 2222 ab
566 2169 892 2238 imperatore
943 2183 1172 2221 acumen
1219 2165 1625 2235 respondentis,
1675 2165 1766 2234 qui

218 2260 436 2329 imagine
461 2258 624 2313 obvia
651 2273 714 2312 ac
758 2258 1011 2312 familiari
1065 2267 1312 2310 naturam
1361 2256 1438 2308 rei
1468 2255 1538 2308 ob
1579 2254 1769 2306 oculos

217 2353 498 2416 posuisset.

278 2476 528 2532 Florebat
555 2478 676 2532 aula
709 2477 1000 2549 Byzantina
1030 2477 1230 2532 studiis
1252 2477 1516 2531 bonarum
1547 2475 1770 2538 artium,

217 2570 423 2625 favente
449 2571 581 2625 viris
616 2571 792 2626 doctis
823 2571 1137 2624 Andronico
1183 2570 1546 2638 imperatore,
1600 2567 1680 2620 sic
1717 2575 1776 2619 ut

215 2663 322 2730 ejus
351 2663 548 2716 domus
579 2678 689 2716 non
721 2661 881 2716 modo
910 2661 1215 2715 honestatis
1255 2668 1309 2712 et
1345 2657 1526 2712 omnis
1557 2656 1776 2711 virtutis

215 2750 444 2813 oIIicina,
480 2751 578 2805 sed
609 2759 664 2805 ct
687 2751 969 2812 litteraria:
1002 2749 1326 2804 eruditionis
1355 2748 1692 2819 gymnasium
1723 2755 1779 2800 et

216 2841 424 2895 dicendi
477 2841 873 2895 certaminibus
921 2842 1189 2909 quoddam
1238 2840 1403 2894 veluti
1446 2837 1778 2894 curriculum

219 2945 462 3002 apertum
509 2950 635 2990 esse
687 2932 963 2992 videretur
1007 2935 1138 3004 (t6).
1191 2935 1375 3002 Itaque
1426 2947 1492 2986 eo
1536 2945 1780 2999 tempore

224 3027 496 3081 maximus
523 3026 626 3082 fuit
649 3029 790 3098 apud
822 3028 1038 3082 Graecos
1080 3035 1382 3088 oratorum,
1431 3023 1783 3094 pliilosOpho-

223 3130 357 3179 rum,
384 3116 732 3186 aliorumque
770 3119 1108 3172 eruditorum
1147 3126 1464 3186 proventus.
1518 3114 1785 3183 Gregoras

1840 679 2171 750 quibuslibet
2201 675 2341 729 scitu
2384 671 2557 741 dignis
2592 680 2775 722 coram
2830 657 3138 713 Andronico
3189 652 3401 706 seniore

1842 742 2214 840 disputabant.
2246 765 2382 817 Cum
2416 762 2580 833 igitur
2627 757 2940 824 lrequentes
2990 747 3064 802 ibi
3118 742 3404 811 aliquando

1843 835 2096 918 adessent
2125 857 2260 927 (2i),
2299 853 2664 913 Andronicus,
2695 853 2754 900 ut
2777 839 3093 920 .Nitephoro
3128 835 3402 901 Gregorio,

1844 967 2005 1022 quem
2041 947 2195 1002 valde
2214 945 2472 1014 diligebat
2501 938 2636 1008 (Ἡ),
2661 931 2871 989 dicendi
2899 926 3238 998 occasionem
3269 935 3405 988 pra--

1847 1045 2035 1104 beret,
2090 1037 2422 1093 mentionem
2485 1028 2668 1099 injecit
2728 1025 2793 1079 de
2869 1016 3221 1075 astronomia.
3273 1009 3410 1062 Tum

1847 1135 2132 1204 Gregoras,
2164 1129 2255 1198 qui
2293 1127 2361 1180 de
2399 1122 2661 1180 Paschate
2695 1115 2761 1170 ad
2797 1116 3178 1181 imperatorem
3211 1101 3413 1155 referre

1850 1223 2102 1293 cupiebat
2128 1217 2475 1290 jampridem.
2513 1203 2922 1264 astronomiam
2983 1201 3153 1266 ipsam
3186 1192 3415 1262 primum

1850 1315 2017 1384 cmpit
2056 1311 2316 1365 laudare:
2383 1301 2576 1356 deinde
2635 1309 2790 1350 usum
2843 1292 2959 1358 ejus
3009 1287 3170 1339 etiam
3208 1282 3272 1334 ad
3323 1277 3414 1330 Pa-

1852 1403 2057 1460 scbatis
2079 1397 2470 1454 correctionem
2514 1388 2785 1460 pertinere
2813 1381 2970 1435 dixit.
3010 1377 3082 1429 Ita
3133 1372 3331 1428 sensim
3367 1377 3419 1420 et

1855 1496 1976 1551 sine
2002 1474 2166 1546 sensu
2201 1486 2460 1559 producta
2491 1483 2544 1535 in
2581 1476 2819 1531 medium
2847 1487 2910 1526 ca
2938 1483 3102 1537 quant
3141 1473 3256 1518 erat
3289 1473 3420 1529 pra:-

1856 1581 2153 1639 meditatus
2207 1573 2528 1645 quastione,
2582 1580 2733 1621 suam
2790 1562 2857 1615 de
2909 1559 2994 1612 die.
3024 1551 3262 1626 paschali
3297 1563 3422 1600 con-

1857 1671 2134 1730 stituendo
2158 1665 2479 1722 sententiam
2527 1657 2827 1712 luculenter
2858 1648 3116 1717 explicuit
3151 1662 3164 1697 :
3205 1637 3421 1694 investi-

1859 1762 2019 1832 gandi
2051 1754 2358 1827 aequinoctii
2391 1750 2565 1813 verni,
2607 1749 2732 1801 item
2766 1739 3050 1811 plenilunii
3101 1729 3422 1788 observandi

1865 1824 2130 1910 rationem
2164 1846 2385 1904 tradidit
2417 1863 2430 1898 :
2465 1844 2528 1896 ad
2554 1841 2668 1894 dies
2693 1836 2819 1900 565,
2843 1834 2932 1903 qui
2963 1843 3164 1883 annum
3195 1824 3424 1878 solarcm

1869 1947 2292 2005 constituerent,
2356 1937 2625 2004 integrum
2687 1928 2850 1983 unius
2907 1924 3012 1977 dici
3079 1918 3428 1988 quadrantem

1868 2052 1975 2092 non
2034 2033 2234 2088 debere
2287 2025 2410 2081 addi
2458 2019 2714 2079 ostendit,
2762 2017 2856 2071 sed
2903 2010 3273 2068 deducendam
3310 2005 3432 2056 inde.

1871 2135 2078 2197 partem
2103 2121 2212 2178 diei
2260 2112 2658 2172 brevissimam,
2714 2121 2821 2160 non
2875 2114 3054 2157 tamen
3114 2092 3432 2152 trecentesi-

1873 2232 2013 2271 mam
2070 2213 2241 2282 ipsam
2290 2219 2535 2279 prorsus,
2597 2211 2656 2254 ut
2712 2196 3016 2252 censuisset
3071 2191 3431 2244 Ptolemaeus:

1873 2309 1974 2362 alia
2006 2304 2240 2371 denique
2300 2297 2466 2352 multa
2527 2295 2580 2346 in
2646 2305 2762 2344 eam
2830 2302 2943 2340 rem
3018 2277 3312 2349 congessit.
3371 2289 3433 2326 cr

1875 2400 2074 2468 quibus
2106 2352 2545 2449 i'd‘eiiicicbatnr,
2597 2385 2665 2438 ab
2696 2393 2841 2434 anno
2888 2373 3072 2428 mundi
3119 2371 3231 2423 fere
3276 2363 3437 2423 6500,
3503 2352 3508 2357 ’

1875 2492 1969 2561 qui
1999 2490 2098 2543 fuit
2122 2483 2323 2542 Christi
2357 2479 2479 2542 799.,
2510 2487 2748 2532 erratum
2780 2485 2901 2525 esse
2944 2468 2996 2520 in
3034 2461 3279 2534 ponenda
3307 2468 3437 2512 tem-

1878 2597 2068 2653 porum
2107 2577 2335 2639 ratione,
2364 2579 2527 2640 atque
2554 2569 2608 2621 in
2639 2561 2916 2620 Paschalis
2950 2558 3038 2612 die
3069 2549 3440 2610 observando;

1878 2689 2003 2728 cum
2047 2682 2176 2724 vero
2207 2677 2448 2719 errorem
2493 2660 2567 2713 ita
2604 2667 2763 2725 posse
2803 2646 3021 2717 corrigi,
3058 2644 3102 2696 si
3138 2642 3204 2694 de
3233 2639 3441 2693 dierum

1880 2771 2090 2815 summa
2121 2753 2282 2823 paulo
2317 2749 2436 2819 plus
2484 2745 2650 2801 biduo
2703 2743 2912 2806 integro
2958 2731 3360 2789 detraheretur,
3393 2735 3443 2777 et

1881 2813 2160 2902 Pasehatis
2219 2813 2528 2895 observatio
2587 2831 2830 2904 proxime
2880 2834 3006 2879 ante
3055 2823 3196 2876 diem
3271 2813 3444 2869 Martii

1883 2937 2200 2992 vicesimum
2235 2933 2635 2996 institueretur,
2667 2935 2786 2992 qua:
2837 2935 2875 2977 υ.
2921 2915 3178 2969 vicesimo
3212 2906 3448 2964 secundo

1887 3041 2168 3100 perperam
2203 3019 2414 3076 institui
2469 3016 2692 3072 soleret.
2733 3013 3031 3080 Imperator
3063 3002 3346 3059 consilium
3379 2999 3448 3053 de

1890 3118 2152 3173 Paseltate
2188 3108 2515 3181 corrigendo
2555 3104 2834 3174 probavit;
2875 3114 2986 3153 rem
3027 3099 3196 3165 ipsam
3233 3089 3447 3161 aggredi

221 3205 395 3275 magni
451 3207 764 3276 Logotheta‘:
803 3184 1199 3263 consuetudine
1243 3207 1496 3270 satiatus,
1523 3203 1778 3273 expedire

1889 3210 2082 3271 noluit,
2113 3205 2256 3275 quod
2288 3207 2510 3272 negaret
2542 3195 2696 3250 facile
2733 3207 2853 3247 esse
2887 3187 3130 3245 omnium
3168 3184 3445 3238 nationum

224 3298 323 3350 sibi
353 3298 606 3365 credidit,
634 3301 744 3368 jam
779 3315 952 3355 anuos
978 3300 1044 3352 27
1089 3309 1236 3362 nato,
1289 3315 1447 3353 usum
1491 3298 1556 3352 'ad
1586 3297 1786 3351 doctri-

223 3387 671 3486 namgadjungere
695 3401 748 3444 et
780 3407 845 3445 ex
874 3391 1064 3443 umbra
1097 3393 1149 3442 in
1189 3391 1364 3442 lutcm
1409 3387 1627 3456 prodire
1653 3385 1784 3455 (l7).

220 3477 585 3542 Quainobrem
631 3483 936 3537 studiorum
985 3498 1210 3537 suorum
1267 3481 1462 3535 lidueia
1513 3480 1687 3533 fretus
1722 3477 1787 3532 ad

225 3571 604 3637 imperatorem
640 3572 816 3642 ipsum
844 3589 904 3628 se
959 3563 1210 3636 contulit,
1263 3583 1319 3626 ut
1351 3587 1431 3630 se.
1483 3572 1528 3624 si
1584 3579 1787 3639 posset,

225 3660 276 3712 in
321 3662 446 3730 ejus
488 3663 908 3718 familiaritatem
958 3665 1287 3736 insinuaret.
1344 3663 1694 3715 I‘eramanter
1737 3669 1791 3712 et

227 3751 357 3805 ultra
386 3766 551 3821 quam
583 3765 894 3823 speraverat
927 3755 1157 3823 benigne
1184 3763 1446 3820 exceptus
1486 3751 1787 3803 orationem

227 3843 366 3943 apud
389 3859 518 3943 eum
547 3845 755 3906 habuit,
783 3844 1025 3910 duasque
1050 3844 1104 3896 in
1130 3844 1250 3910 ipso
1292 3843 1541 3902 virtutes,
1569 3840 1791 3908 sapien-

229 3932 351 3985 tiam
382 3943 441 3988 et
467 3934 855 4002 eloquentiam,
904 3933 1149 3987 laudavit
1189 3932 1325 4002 (18).
1355 3931 1622 3999 Tempere
1670 3944 1794 3998 pro-

227 4024 454 4078 cedente
500 4023 574 4077 ita
623 4017 943 4079 benevolum
993 4010 1544 4090 eumdem'expertus
1585 4031 1690 4081 est,
1734 4025 1792 4072 ut

227 4115 390 4184 aliqui
417 4115 829 4185 indignarentur
848 4115 1129 4184 juvenem,
1157 4114 1304 4166 nulla
1328 4112 1614 4180 digni-tate,
1645 4112 1793 4165 nullo

228 4206 532 4260 sacerdotio
579 4206 1038 4267 commendatum,
1091 4215 1238 4258 tanta
1291 4204 1435 4271 apud
1489 4201 1792 4271 principem

229 4299 399 4366 gratia
429 4299 630 4352 valere.
660 4298 1024 4361 Andronicus,
1057 4305 1114 4349 ut
1162 4312 1226 4349 os
1265 4296 1578 4348 Obstrueret
1615 4294 1796 4346 obtre-

230 4388 551 4449 rtatoribus,
602 4387 806 4454 primos
861 4385 1118 4441 Ecclesiae
1165 4385 1405 4438 honores
1447 4381 1699 4436 conferre
1745 4379 1792 4432 ei

227 4477 413 4544 juveni
440 4477 649 4537 statuit,
676 4487 730 4530 et
776 4473 1216 4545 cbartophylacis
1265 4471 1603 4541 dignitatem,
1649 4468 1796 4521 velut

1887 3301 2139 3370 sulIragia
2197 3295 2475 3364 colligere,
2531 3298 2584 3342 ct
2623 3294 2895 3353 receptum
2955 3290 3068 3334 toto
3121 3277 3252 3332 orbe
3292 3286 3446 3326 usum

1888 3392 2126 3449 abolere.
2159 3362 2410 3455 Grcgoi'a:
2441 3376 2766 3435 sententiam
2814 3373 2902 3426 alii
2936 3380 3121 3440 postea
3153 3362 3450 3421 astronomi

1890 3480 2308 3548 cln'onologique
2347 3472 2727 3532 defendet-um,
2776 3462 3021 3533 atquein
3057 3457 3246 3528 primis
3307 3455 3453 3508 Isaac

1891 3579 2144 3643 Argyrus.
2172 3566 2376 3622 Saecula
2403 3563 2620 3618 demum
2643 3555 2853 3611 decimo
2870 3560 3043 3612 sexto,
3075 3563 3136 3602 ea
3157 3542 3452 3614 quzesﬁone

1891 3636 2034 3734 apud
2091 3660 2315 3714 Latinos
2372 3667 2587 3722 quoque
2645 3648 2881 3718 agitata,
2944 3636 3322 3696 Kalcndarium
3389 3648 3455 3686 ex

1891 3746 2219 3807 auetbritate
2277 3743 2522 3812 Gregorii
2586 3739 2726 3800 XIII,
2787 3750 2852 3788 eo
2893 3732 3005 3785 fere
3058 3727 3239 3790 modo,
3295 3737 3454 3790 quem

1893 3843 2158 3911 Grcgoras
2183 3837 2582 3904 designaverat,
2625 3831 2973 3881 relermatum
3021 3820 3140 3872 fuit.
3406 3868 3411 3876 I

1963 3904 2121 3986 Anno
2151 3926 2306 3987 1526,
2368 3923 2577 3993 legatus
2613 3919 2706 3972 ivit
2764 3916 2829 3969 ad
2887 3913 3094 3967 Cralcm
3149 3908 3281 3977 (‘25).
3333 3904 3460 3973 Ejus

1893 4019 2182 4092 legationis
2218 4030 2379 4071 causa
2414 4015 2529 4066 haec
2561 4009 2682 4062 Iuit.
2718 4004 2989 4059 Theodori
3022 3997 3323 4053 lllctochitve
3353 3993 3457 4048 lilia

1897 4116 2069 4176 Irene,
2104 4115 2318 4162 mortuo
2365 4103 2589 4172 conjuge
2641 4099 2847 4153 Joanne
2882 4092 3202 4159 Palieologo,
3258 4087 3346 4154 qui
3395 4100 3460 4138 ex

1897 4197 2403 4271 Panhypersebasto
2427 4193 2607 4247 Caasar
2651 4197 2866 4244 creatus
2915 4185 3211 4240 novissime
3262 4180 3456 4237 fuerat,

1896 4295 2039 4364 apud
2072 4291 2282 4345 Cralem
2319 4299 2579 4356 generum
2635 4278 2970 4336 morabatur,
3027 4288 3092 4326 ac
3127 4273 3346 4324 domum
3382 4281 3464 4319 rc-

1897 4359 2012 4449 dire
2038 4381 2106 4434 ad
2141 4386 2349 4449 patrem
2376 4372 2679 4427 recusabat.
2719 4366 2905 4433 Itaque
2955 4359 3273 4415 διεξίοι-Ιιί105
3311 4365 3465 4426 pater

1899 4482 2087 4526 auctor
2121 4468 2221 4521 fuit
2250 4461 2586 4534 imperatori,
2638 4469 2698 4511 ut
2736 4471 2852 4510 eam
2905 4453 3083 4507 redire
3113 4455 3347 4518 cogeret.
3393 4446 3465 4497 De

233 4571 452 4638 pignus,
491 4568 674 4622 statim
719 4567 916 4622 obtulit
950 4537 1074 4621 z-ac
1117 4565 1230 4634 jam
1276 4537 1479 4622 eidem,
1541 4568 1778 4627 tanquan'

1902 4581 1963 4618 ea
2004 4576 2060 4615 re
2113 4557 2262 4613 missi
2321 4555 2387 4608 ad
2417 4552 2628 4608 Cralem
2680 4547 2861 4619 legati,
2898 4559 3129 4614 quorum
3193 4554 3331 4593 unus
3371 4537 3473 4589 fuit

233 4659 375 4714 haud
404 4659 568 4723 dubie
592 4666 905 4732 accepturo,
931 4662 1110 4710 vestes
1155 4661 1214 4707 et
1250 4650 1481 4720 insignia
1519 4647 1800 4718 dignitatis

233 4752 481 4820 parabat.
514 4751 801 4819 Gregoras,
835 4748 1179 4801 immaturam
1222 4749 1439 4796 artatem
1464 4751 1541 4793 .et
1581 4738 1798 4792 studio-

197 4890 200 4892 .
236 4860 353 4896 rum
376 4857 604 4897 suorum
646 4842 909 4894 rationem
981 4845 1257 4897 causatus,
1306 4831 1500 4906 gratiis
1534 4830 1689 4891 actis,
1743 4837 1813 4880 ct-

238 4935 466 4988 laudato
491 4934 837 5000 imperatore,
876 4930 1116 4982 oblatum
1165 4928 1448 4980 honorem-
1470 4920 1797 4990 repudiavit.

243 5021 570 5092 Iiepudianti
603 5021 682 5075 vis
707 5035 846 5090 pene
873 5020 1018 5073 illata
1038 5016 1171 5086 (l9).

313 5135 606 5216 Aliquanto
647 5141 769 5202 post
795 5131 908 5201 (ΞΟ)
956 5138 1074 5182 orta
1121 5129 1263 5181 inter
1311 5120 1553 5178 eruditos
1603 5116 1803 5171 nobilis

243 5226 632 5282 controversia.
661 5222 1067 5282 Convenit-bant
1093 5218 1284 5275 crebro
1323 5217 1375 5269 in
1405 5210 1664 5285 palatium
1701 5207 1802 5261 viri

313 5371 434 5439 (to)
474 5369 593 5427 Lib.
615 5369 698 5431 η,
733 5383 781 5422 c.
812 5369 902 5439 ιδ.

318 5437 434 5512 (II)
477 5439 596 5512 bit).
625 5453 757 5503 mi,
800 5437 942 5512 c.__‘2.

318 5506 440 5577 (I2)
481 5509 598 5564 Lib.
631 5522 749 5570 vut,
778 5522 828 5560 c.
858 5506 913 5559 5.

323 5580 441 5650 (εὖ)
622 5593 739 5641 νηί»
763 5577 900 5650 0:5'

326 5646 448 5718 (Id)
487 5646 604 5718 μὶ).
635 5661 692 5709 x,
722 5646 860 5718 (τί-2-

325 5709 446 5785 (IS)
481 5715 701 5784 (tantae.
745 5712 882 5767 Hist.
912 5713 1009 5767 lib.
1036 5728 1073 5777 I,
1098 5726 1146 5764 c.
1185 5709 1268 5764 ll.

330 5788 449 5857 (⁸6)
489 5785 605 5837 ιλιι·
637 5798 754 5857 "et
781 5788 918 5857 ξ-δς

336 5851 456 5925 (17)
495 5859 646 5906 Anno
668 5852 865 5905 Christi
904 5851 1058 5905 1522.

1905 4657 2192 4723 Gregoras,
2228 4662 2411 4704 comes
2441 4646 2599 4698 datus
2651 4640 2800 4694 fratri
2827 4636 3025 4706 ",ipsius
3075 4634 3275 4686 lrcncs.
3311 4627 3366 4682 In
3407 4643 3466 4679 ca

1908 4744 2193 4813 legatione,
2218 4753 2338 4807 (μω
2367 4735 2469 4788 sibi
2497 4743 2550 4786 ct
2575 4730 2737 4784 sociis
2772 4727 2886 4782 suis
2929 4725 2983 4778 in
3030 4723 3226 4776 itinere
3261 4719 3469 4773 accide-

1910 4837 2035 4897 rint,
2069 4845 2303 4890 errorcs,
2343 4825 2605 4894 pericula,
2655 4830 2710 4874 et
2743 4819 2877 4871 alios
2906 4829 3063 4869 casus
3107 4813 3224 4865 fuse
3263 4809 3469 4864 descri-

1906 4929 1985 4981 bit
2033 4924 2088 4977 in
2148 4917 2406 4973 Historia.
2461 4913 2644 4967 Cralcs
2695 4908 2880 4963 audita
2934 4904 3203 4974 legatione
3257 4914 3470 4954 socrum

1908 5020 2100 5073 Irenen
2169 5009 2397 5064 dimisit.
2453 5003 2598 5065 "2B0,
2651 5012 2709 5056 ut
2759 5001 2875 5054 viro
2923 4999 3063 5068 justa
3119 4981 3470 5063 persalvcret,

1911 5103 2349 5163 Thessalonicam
2411 5098 2536 5151 inde
2586 5094 2825 5164 profecta
2853 5098 2954 5146 est.
3008 5088 3272 5155 Gregoras
3322 5083 3471 5146 vero',

1916 5195 2150 5265 acceptis
2181 5193 2248 5245 ab
2279 5205 2341 5244 ea
2370 5186 2656 5250 mandatis,
2723 5182 3036 5254 Byzantium
3085 5176 3265 5251 rediit.

1983 5347 2095 5417 (I8)
2138 5343 2252 5417 Lib.
2289 5357 2407 5402 vm,
2446 5342 2582 5417 e.

1985 5412 2094 5483 (19)
2139 5414 2254 5468 Lib.
2288 5427 2406 5476 vnt,
2440 5425 2489 5483 c,
2517 5412 2571 5462 ‘J.

1988 5474 2102 5559 “(20)
2144 5485 2210 5559 Α.
2242 5474 2553 5559 ρης-Μίκων
2589 5474 2743 5559 152};

1985 5544 2100 5626 {eti
2142 5553 2277 5626 insi.
2318 5551 2410 5602 lib.
2449 5562 2569 5626 VIII...
2589 5560 2638 5598 c.
2680 5544 2764 5596 ιδ.

1989 5603 2103 5696 122)
2140 5603 2489 5696 Quantopere
2532 5603 2830 5681 Gregoram
2883 5603 3267 5696 (iiieXCfIl,.\'Ci
3298 5603 3374 5657 ex'
3413 5619 3479 5660 eo

2636 5693 2642 5696 .
2822 5683 2830 5692 -
2873 5681 2903 5696 ο.
3048 5679 3082 5696 ο.
3379 5675 3475 5696 ι.--

1918 5675 2331 5766 app:irl_ct,~quod
2362 5675 2741 5766 aegrotantem,
2786 5679 3108 5736 visitaverit.
3161 5675 3346 5766 Exstat
3379 5675 3478 5731 hac

1919 5746 2072 5820 dirire
2095 5764 2147 5813 in
2185 5746 2368 5812 e'odice
2397 5746 2657 5808 Vaticano
2687 5755 2842 5819 3.670;
2877 5746 3349 5819 πρθσερῳνητικός.

1994 5834 2105 5904 (‘23)
2141 5832 2275 5883 Uist.
2312 5828 2406 5880 lib.
2442 5842 2556 5887 vni,
2586 5839 2631 5876 e.
2670 5824 2752 5876 li.
