4038 6336
598 430 603 433 ,
650 361 719 424 27
1726 361 2145 449 NtCEPItont
2177 361 2223 423 ο

2325 359 2556 439 nonis
2595 361 2791 440 vna.
2884 431 2896 437 ,

3702 400 3706 403 -
3776 355 3881 421 25

654 479 779 542 alia,
808 475 997 531 eodem
1030 476 1144 534 fere
1172 479 1496 550 spectantia,
1527 494 1651 533 cum
1679 478 1925 541 dixisset,
1957 462 2104 533 visus
2124 487 2207 532 est
2233 478 2280 537 Α
2308 476 2853 556 vehementissimus;
2892 469 2985 547 qui
3018 465 3239 531 morbus
3276 472 3411 544 (59),
3444 489 3538 543 per
3566 474 3873 528 intervalla

653 568 1009 624 eruditiorum
1082 572 1461 640 episcoporum
1530 570 1775 640 opinioni
1853 572 2203 638 cbngruentia

651 658 878 722 dixisse,
916 675 1043 714 cum
1081 660 1340 727 aliorum;
1384 674 1497 715 tum
1550 662 1781 716 maxime
1824 652 2200 731 Dyrrhachini.

654 738 855 805 lterum
902 753 1278 806 auctoritatem
1307 753 1511 817 ceteri,
1546 754 1637 821 qui
1686 752 1992 819 eloquentia
2026 753 2206 807 minus

655 843 922 905 valebant,
972 847 1117 897 omni
1168 844 1538 898 contentionis
1582 838 1764 899 studio
1796 845 2009 912 abiecto
2034 845 2203 915 secuti

654 942 802 987 sunt.
850 932 923 986 Ita
954 931 1126 988 Gnaei
1156 935 1395 988 oblatum
1436 950 1466 1005 a
1500 934 1708 988 Latinis
1737 944 2009 987 certamen
2036 933 2207 987 decli-

657 1033 850 1078 narunt
877 1026 1011 1094 (50).
1040 1026 1242 1080 Tamen
1276 1024 1586 1081 Barlaatnus
1614 1034 1715 1095 pro
1744 1024 2055 1079 'Grrccorum
2078 1025 2208 1093 dog-

656 1124 798 1170 tuate
847 1118 1013 1171 multa
1076 1128 1187 1172 tum
1254 1120 1473 1189 scripsit
1525 1120 1634 1189 (5|)
1669 1120 1930 1173 adversus
1976 1118 2205 1172 Romani

664 1206 936 1274 pontificis
966 1208 1166 1277 legatos
1208 1226 1221 1262 :
1261 1225 1490 1277 quorum
1532 1224 1699 1278 pauca
1742 1211 1885 1279 typis
1926 1224 2202 1278 expressa,

656 1294 911 1362 pleraque
950 1306 1128 1350 autem
1163 1306 1376 1351 exstant
1417 1298 1781 1367 manuscripta
1823 1298 1882 1351 in
1927 1299 2208 1353 codicibus

657 1386 821 1455 regiis
847 1385 983 1453 (5‘2).

724 1475 895 1529 Annis
945 1491 1010 1529 ex
1046 1490 1110 1530 eo
1146 1487 1353 1547 septem
1390 1477 1589 1547 elapsis
1622 1478 1730 1547 (55)
1752 1519 1767 1541 ,
1804 1477 1945 1532 ident
1980 1479 2203 1545 Barlaa-

656 1577 812 1627 mus,
880 1564 1197 1629 Avenione,
1251 1580 1358 1633 quo
1401 1566 1471 1620 ab
1531 1566 1854 1636 imperatore
1903 1567 1969 1620 ad
2010 1568 2209 1636 Papam

663 1652 996 1709 clandestina
1024 1640 1136 1726 ρει)
1163 1654 1428 1725 legatione
1458 1654 1654 1711 missus
1682 1656 1855 1709 luerat
1873 1696 1887 1720 ,
1916 1656 1959 1709 Τ
1966 1657 2208 1712 hessalo-

664 1743 838 1796 nicam
889 1759 1138 1798 reversus
1185 1760 1404 1816 magnas
1454 1749 1635 1802 turbas
1665 1748 1717 1800 in
1762 1748 1995 1804 Ecclesia
2025 1748 2206 1804 Grai-ca

658 1833 952 1899 excitavit;
996 1850 1061 1887 ex
1119 1836 1314 1903 quibus
1357 1844 1542 1905 postea
1592 1837 1773 1891 multa:
1816 1840 1868 1891 in
1917 1838 2209 1910 Gregoram

664 1924 930 1978 molestiae
970 1921 1362 1980 redundarent.
1401 1927 1667 1981 Nimirum
1705 1928 1797 1981 ille
1828 1930 2057 1996 advena,
2091 1946 2211 1984 mo-

659 2015 859 2085 nachos
888 2012 1103 2068 Gratcos
1140 2024 1326 2068 nactus
1351 2016 1442 2084 qui
1475 2012 1535 2070 sc
1564 2016 1823 2071 divinum-
1846 2017 2027 2072 lumen
2081 2036 2215 2075 ocu-

663 2102 733 2156 lis
756 2103 1031 2170 corporeis
1064 2102 1261 2158 intueri
1298 2104 1589 2180 dicebant”
1636 2106 2118 2163 Massalianismum
2151 2111 2217 2167 iis

665 2200 721 2247 et
744 2184 1333 2265 Omphalopsycborum
1369 2196 1481 2266 (55)
1521 2212 1759 2252 errorem
1791 2199 2010 2266 obiecit.
2034 2201 2219 2256 Mona-

665 2289 890 2339 ehorum
927 2287 1288 2354 patrocinium
1320 2288 1561 2357 suscepit
1602 2290 1684 2341 vir
1716 2304 1922 2359 magna:
1950 2294 2094 2360 apud
2125 2308 2219 2348 eos

665 2376 1088 2434 existimationis
1110 2417 1126 2442 ,
1161 2377 1448 2447 Gregorius
1470 2380 1733 2442 Palamas,
1760 2381 2082 2450 jampridem
2106 2384 2220 2452 ipse

665 2480 880 2535 quoque
914 2465 1037 2520 ideo
1073 2476 1325 2529 notatus,
1380 2469 1523 2537 quod
1568 2468 1806 2524 divinam
1864 2471 2220 2527 substantiam

667 2557 836 2611 oculis
860 2557 1133 2626 corporeis
1168 2558 1335 2612 visam
1365 2574 1394 2611 a
1431 2574 1489 2614 se
1526 2561 1839 2629 iactavisset
1904 2561 2037 2618 Nam
2076 2565 2222 2619 hunc

666 2648 934 2714 tlrcgoras
987 2647 1121 2716 (56),
1174 2658 1228 2701 et
1270 2649 1317 2701 ei
1357 2651 1732 2718 cognominem
1787 2650 2030 2723 Drimyn,
2065 2663 2218 2708 ante-

670 2752 831 2804 quam
865 2736 977 2805 (57)
1026 2736 1338 2792 llarlaamus
1372 2739 1426 2791 in
1476 2738 1736 2794 Grmciam
1772 2742 2030 2808 venisset,
2065 2743 2115 2797 id
2156 2745 2222 2797 de

671 2843 729 2883 sc
758 2826 1112 2895 praedicantes
1141 2828 1382 2881 audierat
1402 2870 1416 2894 ,
1442 2837 1497 2882 et
1527 2830 1743 2884 acribus
1779 2832 1887 2898 jam
1909 2834 2224 2887 tum‘verbis

678 2929 969 2986 utrumque
991 2920 1412 2987 reprehenderat
1440 2938 1452 2972 ε
1477 2921 1723 2990 idemque
1753 2938 1870 2975 eam
1900 2938 2010 2977 rem
2034 2940 2226 2995 magno

674 3009 990 3079 Logotlteta:
1026 3020 1082 3063 et
1110 3011 1445 3065 antistitibus
1486 3012 1691 3080 aliquot
1720 3014 1892 3067 doctis
1915 3015 2226 3071 declarave-

673 3111 774 3153 rat.
795 3098 856 3153 Hi
884 3115 1010 3154 vero
1042 3116 1165 3155 eam
1209 3100 1650 3157 Massalianorutn
1682 3103 1903 3157 haeresin
1929 3120 2047 3158 esse
2074 3105 2221 3159 dixe-
2247 3117 2293 3177 α

679 3198 824 3253 rant,
855 3198 911 3244 et
940 3191 1204 3258 ejusmodi
1253 3191 1530 3243 hominum
1575 3194 2017 3249 consuetudinem
2046 3206 2103 3249 ut
2142 3196 2222 3249 lu-

676 3289 825 3349 geret
871 3290 1270 3349 pra‘eeperant;
1322 3282 1487 3351 idque
1522 3296 1586 3335 eo
1620 3285 1806 3351 magis,
1841 3286 1983 3351 quod
2032 3303 2223 3341 novam

682 3371 929 3436 meresin,
956 3386 1019 3425 ex
1049 3372 1165 3424 aliis
1190 3372 1437 3426 omnibus
1471 3373 1774 3439 conﬂatam,
1818 3375 1947 3428 olim
1990 3379 2229 3430 exoritu—

678 3481 791 3517 ram
826 3474 1052 3544 essc,.ct
1088 3465 1354 3535 generalis
1408 3465 1622 3519 concilii
1658 3465 1877 3522 decreto
1926 3477 2227 3522 correctum

682 3557 773 3619 iri,
812 3556 1008 3609 veteris
1040 3557 1321 3621 cujusdam
1352 3558 1648 3625 pt‘OplttPllIB
1693 3558 1973 3613 admonitu
2019 3559 2231 3616 didice-

682 3660 825 3701 rant.
864 3647 1142 3702 lllonacltis
1175 3650 1357 3718 igitur,
1399 3648 1611 3702 Palama
1643 3649 1783 3703 duce
1808 3690 1821 3712 ,
1866 3666 1963 3718 pro
2014 3668 2115 3707 suo
2145 3670 2234 3705 er-

688 3754 807 3791 rare
843 3728 1306 3808 pr0puguantibus
1331 3781 1347 3803 ,
1375 3748 1430 3792 et
1488 3739 1669 3791 lumen
1693 3778 1707 3801 ,
1740 3739 1880 3805 quod
1940 3740 1995 3793 in
2051 3752 2234 3797 monte

684 3830 902 3883 Thabor
931 3833 1228 3900 discipulos
1262 3830 1461 3885 Chriin
1498 3831 1942 3886 circnmlulsisset
1971 3874 1987 3898 ,
2028 3833 2237 3889 increa-

687 3929 802 3973 tunt
831 3919 993 3973 simul
1023 3933 1077 3974 et
1102 3920 1433 3988 asper-labile
1462 3919 1625 3974 fuisse
1658 3920 2030 3977 dictitanlibus
2056 3941 2070 3988 ;
2102 3925 2235 3980 Bar-

685 4009 862 4062 Iaamo
894 4019 1068 4062 autem
1096 4010 1296 4062 δεθεῖεν
1323 4050 1337 4069 .
1362 4025 1455 4064 seu
1483 4010 1714 4079 duplicis
1751 4011 1845 4063 Dei
1873 4013 2100 4077 cultum,
2140 4030 2238 4085 per

685 4114 806 4154 eam
839 4100 1147 4169 Opinionem
1182 4099 1360 4153 invehi
1401 4100 1725 4166 allia-mante,
1761 4102 2104 4160 Andronicus
2139 4109 2237 4159 im-

688 4194 904 4253 perator
933 4186 1044 4239 Iilis
1073 4187 1384 4240 dirimenda:
1407 4203 1567 4240 causa
1601 4189 1886 4242 concilium
1929 4178 2237 4246 habendum

687 4272 921 4323 censuit.
944 4271 1129 4339 Itaque
1156 4286 1300 4323 anno
1323 4272 1525 4326 Christi
1564 4272 1720 4335 l5“,
1756 4290 1942 4329 mense
1974 4274 2155 4341 .lnnio,
2182 4280 2237 4331 in

615 4367 618 4371 ‘
692 4359 751 4414 S.
784 4360 995 4428 Sophia:
1038 4361 1206 4415 atdem
1239 4361 1620 4429 Byzantiorum
1648 4364 2018 4434 lectissitmaac
2045 4369 2238 4424 doctis-

2302 578 2357 624 et
2389 570 2555 624 certis
2596 568 2928 638 temporibus
2971 580 3254 619 recurrens
3276 605 3290 628 ,
3323 572 3431 618 tota
3462 564 3568 619 vita
3612 578 3735 619 eum
3767 562 3878 616 af—

2301 658 2549 717 ﬂictavit.
2582 663 2879 729 Imperator
2908 659 2997 712 illa
3024 658 3111 712 die
3149 656 3402 726 praeclare
3433 665 3488 709 et
3508 670 3874 723 magno'om-

2267 791 2271 795 ν
2302 754 2454 808 nium
2501 736 2691 822 plausu
2722 750 3093 806 coneionatus
3142 750 3420 802 absentem
3487 744 3907 807 desideravit,‘

2304 842 2479 910 eoque
2510 842 2759 901 auditore
2804 841 3027 895 moleste
3054 840 3245 894 caruit.
3280 836 3546 892 Czrterum
3574 836 3629 889 in
3666 851 3730 889 ea
3763 850 3878 904 sy-

2306 933 2452 987 nodo
2503 932 2632 1001 quid
2666 925 2845 984 actum
2874 932 3081 983 sitnon
3115 934 3358 990 constat,
3402 934 3681 993 propterea
3708 922 3879 991 quod

2306 1022 2449 1075 illius
2511 1023 2611 1075 aevi
2676 1012 3097 1088 scriptores'alii
3145 1017 3322 1077 aliter,
3368 1025 3422 1070 et
3454 1029 3552 1084 pro
3581 1029 3682 1067 suo
3707 1015 3887 1082 quis—

2304 1108 2412 1181 que
2438 1112 2652 1175 allecto,
2684 1127 2796 1165 rem
2855 1118 3077 1164 narrant
3115 1108 3251 1177 (60).
3292 1107 3351 1162 In
3382 1120 3449 1160 eo
3499 1116 3675 1160 tamen
3716 1104 3887 1176 Cart-

2306 1213 2602 1257 tacuzenus
2653 1213 2707 1254 et
2759 1200 3023 1268 Gregoras
3075 1200 3456 1259 consentiunt,
3525 1184 3677 1263 quod
3727 1194 3882 1248 Bar—

2308 1294 2540 1347 laamutn
2593 1302 2855 1351 uterque,
2909 1286 3115 1358 judicio
3169 1288 3429 1358 iniurioso
3473 1285 3762 1348 ollensum,
3810 1282 3881 1336 in

2309 1388 2517 1443 Italiam
2549 1386 2735 1440 dicant
2767 1384 3088 1454 remigrasse.
3115 1422 3129 1445 ,
3161 1389 3218 1435 et
3247 1380 3313 1433 ad
3342 1378 3654 1442 Latinorum
3701 1376 3886 1431 inst?-

2312 1486 2425 1530 tuta
2449 1491 2513 1530 ac
2549 1476 2796 1544 dogmata
2831 1488 3045 1526 rursum
3073 1486 3131 1526 se
3156 1471 3513 1524 convertisse.
3541 1467 3745 1521 Triduo
3780 1466 3885 1517 vel

2308 1563 2599 1638 quatriduo
2648 1575 2767 1630 post
2798 1563 3030 1617 habitant
3066 1549 3345 1632 synodum
3376 1560 3665 1630 imperator
3697 1554 3880 1611 morti

2310 1657 2596 1727 proximus
2624 1655 2690 1709 ad
2742 1654 3030 1723 Gregoram
3072 1652 3261 1715 misit,
3291 1650 3381 1719 qui
3411 1665 3475 1702 ex
3526 1664 3592 1702 eo
3620 1646 3881 1703 sciscita-

2312 1755 2522 1807 rentur,
2556 1744 2841 1797 l’acilemne
2867 1740 3209 1794 curationem
3228 1748 3375 1815 astra
3403 1736 3736 1805 sponderent
3756 1771 3772 1795 ,
3796 1747 3880 1785 an

2314 1835 2599 1891 conatibus
2638 1832 2969 1887 medicorum
3000 1831 3297 1884 obstarent.
3329 1829 3605 1896 Responso
3629 1824 3883 1879 nondum

2316 1936 2559 1995 accepto,
2596 1926 2650 1978 in
2680 1925 2979 1992 lethargum
3008 1919 3275 1988 relapsus,
3311 1920 3473 1972 vitam
3507 1917 3679 1971 linivit
3714 1915 3883 1969 Junii

2314 2016 2404 2072 die
2436 2017 2521 2081 l5,
2550 2031 2692 2071 anno
2715 2012 2915 2067 Christi
2949 2012 3107 2065 1541.
3133 2009 3317 2064 Tertio
3347 2008 3520 2062 luctus
3551 2008 3637 2061 die
3664 2006 3885 2076 Grego-

2319 2123 2406 2162 ras
2438 2107 2524 2161 vix
2554 2116 2666 2160 tum
2689 2104 3098 2168 convalescens,
3131 2101 3450 2171 patriarchae
3478 2109 3532 2153 el.
3561 2113 3744 2153 eormn
3777 2097 3880 2166 qui

2319 2200 2548 2253 aderant
2587 2197 2781 2251 domus
2819 2197 3069 2262 Augusta:
3113 2194 3414 2263 principum
3455 2191 3692 2252 hortatu,
3720 2203 3883 2242 mor-

2319 2298 2469 2345 tuum
2499 2290 2879 2357 imperatorem
2910 2283 3070 2338 ﬂebili
3103 2282 3346 2337 oratione
3371 2286 3698 2348 prosecutus
3724 2283 3836 2329 est.

2357 2404 2517 2474 ‘Post
2542 2420 2667 2473 .btec
2695 2414 2838 2471 ciVili
2872 2414 3012 2469 bello
3060 2410 3295 2481 Byzantii
3343 2409 3658 2463 laborarunt
3696 2421 3712 2458 ε
3768 2404 3876 2459 Ec-

2320 2512 2484 2567 clesia
2512 2511 2627 2579 ipsa
2674 2505 2998 2578 dogmatit-is
3042 2503 3420 2559 Palamitarum
3460 2510 3517 2555 et
3540 2496 3881 2567 Acindynia—

2321 2618 2516 2656 norum
2544 2601 2678 2655 rixis
2702 2598 3029 2668 perturbata.
3064 2595 3195 2648 Nam
3216 2590 3501 2663 Gregorius
3535 2589 3878 2658 At-iodynus.

2321 2693 2601 2745 Barlaamo
2625 2692 2676 2743 in
2716 2690 2918 2743 Italiam
2954 2702 3166 2742 reverso
3188 2725 3203 2748 ,
3231 2685 3460 2739 deserta:
3486 2682 3554 2735 ab
3581 2696 3647 2733 eo
3692 2694 3885 2733 causa:

2324 2783 2685 2854 patrocinium
2716 2788 3031 2850 susceperat
3064 2777 3199 2847 (lit);
3236 2786 3291 2831 et
3326 2788 3637 2847 quanquam
3679 2771 3881 2824 eodem

2326 2888 2437 2940 quo
2460 2872 2773 2926 Barlaamus
2804 2879 2949 2923 torno
2979 2867 3086 2938 (62)
3114 2866 3390 2936 synodico,
3420 2861 3597 2919 statim
3623 2861 3733 2915 fere
3754 2869 3886 2929 post

2328 2964 2624 3019 Andronici
2672 2961 3015 3029 imperatoris
3068 2968 3295 3014 mortem
3324 2996 3340 3021 ,
3375 2964 3515 3012 esset
3561 2959 3881 3017 damnatus,

2330 3054 2598 3108 Palatnam
2644 3052 2992 3106 nihilominus
3019 3050 3289 3104 variorum
3338 3063 3581 3101 errorum
3615 3057 3881 3099 acettsat‘c

2330 3145 2606 3213 pergebat.
2640 3142 2776 3195 Ilinc
2819 3157 3067 3210 magnum
3101 3142 3241 3194 inter
3274 3138 3548 3209 tlteolOgos
3576 3146 3879 3191 certamen.

2326 3234 2590 3302 Gregoras
2615 3273 2630 3296 ,
2664 3233 2821 3301 cujus
2858 3231 3079 3300 paciﬁca
3136 3229 3360 3289 consilia
3397 3228 3533 3281 nihil
3569 3235 3681 3279 tum
3733 3224 3883 3291 apud

2326 3321 2651 3391 quemquam
2688 3322 2954 3382 valebant.
2985 3321 3052 3374 ab
3088 3320 3222 3373 aula:
3260 3317 3488 3373 tumultu
3514 3325 3568 3369 et
3595 3312 3883 3368 hominum

2331 3414 2633 3481 lrequentia
2664 3414 2721 3465 in
2750 3410 2921 3466 otium
2952 3421 3007 3464 et
3036 3409 3376 3464 solitudinem
3410 3407 3550 3460 ultro
3574 3401 3839 3458 concessit
3866 3441 3886 3463 .

2330 3511 2490 3569 atque
2512 3502 2580 3555 ab
2606 3502 2752 3554 omni
2784 3499 3150 3569 disputatione
3172 3499 3261 3552 diu
3293 3496 3571 3558 abstinuit.
3652 3482 3657 3487 ’

2404 3636 2614 3691 Interea
2643 3634 2950 3704 astrologus
3002 3632 3241 3701 quidam,
3273 3646 3303 3685 e
3350 3630 3517 3684 Gallia
3566 3628 3839 3697 prolectus
3867 3667 3886 3688 .

2334 3727 2837 3796 Constantior-polin
2871 3725 3042 3786 vertit,
3083 3734 3137 3777 et
3176 3723 3386 3777 felicem
3423 3721 3549 3776 belli
3582 3720 3783 3789 esitum
3823 3719 3886 3774 in

2336 3806 2459 3876 aula
2486 3822 2807 3873 vaticinatus
2842 3828 2924 3871 est
2955 3816 3086 3887 (65).
3110 3815 3370 3885 Gregoras
3410 3818 3479 3869 ab
3518 3816 3756 3883 Augusta
3790 3828 3889 3867 ac-

2337 3913 2496 3973 citus,
2529 3927 2591 3962 ac
2615 3911 2679 3963 de
2710 3909 2861 3962 novis
2896 3908 2997 3961 illis
3041 3906 3483 3977 praedictionibus
3499 3906 3627 3970 quid
3656 3904 3889 3975 sentiret

2338 4000 2516 4068 eloqui
2562 4000 2744 4069 jussus
2768 4037 2783 4061 ,
2815 4012 2979 4050 vanas
3010 4011 3101 4050 eas
3132 4010 3253 4049 esse
3286 3995 3479 4064 arguit.
3521 3994 3599 4047 Ita
3648 3994 3888 4048 refutatu

2341 4092 2554 4146 hariolo
2583 4088 2877 4157 Augustam
2900 4104 2927 4142 a
2950 4103 3008 4141 se
3031 4087 3304 4151 alienavit,
3337 4086 3539 4140 homini
3571 4086 3677 4149 illi,
3710 4100 3883 4155 popu-

2340 4183 2439 4235 lari
2472 4196 2571 4235 suo
2599 4194 2653 4234 et
2693 4180 2959 4249 placentia
2997 4178 3337 4237 annuntianti
3361 4218 3376 4243 ,
3404 4177 3737 4231 benevolam.
3771 4174 3886 4229 Ta-

2342 4289 2463 4329 men
2500 4274 2638 4337 haac,
2668 4271 3003 4326 dissimulata
3033 4271 3133 4334 ira,
3171 4269 3305 4322 nihil
3337 4277 3449 4321 tum
3480 4269 3671 4323 durius
3705 4268 3881 4332 dixit;

2346 4367 2439 4421 sed
2494 4379 2679 4419 eorum
2711 4361 2803 4430 qui
2828 4361 3048 4415 aderant
3091 4361 3258 4427 gratia
3296 4358 3497 4412 vultum
3523 4358 3747 4411 hilarem
3798 4357 3886 4409 in-

689 4442 813 4503 siml
848 4460 1223 4503 convenerunt
1248 4449 1384 4519 (58).
1417 4449 1708 4521 Gregoram
1749 4453 1816 4506 ab
1839 4453 2161 4521 imperatore
2181 4437 2315 4513 etD
2340 4455 2478 4523 duit,
2508 4465 2560 4510 et
2592 4442 2850 4509 ultionem
2884 4454 2938 4506 in
2976 4448 3121 4505 aliud
3158 4460 3367 4519 tempus
3393 4449 3624 4504 distulit.
3651 4448 3721 4501 At
3748 4445 3885 4501 Grc-

700 4553 729 4592 a
760 4539 1061 4608 patriarcha
1104 4539 1387 4593 invitatum
1414 4538 1559 4593 domi
1590 4540 2041 4611 detinuitcapitis
2084 4545 2237 4601 dolor

771 4680 885 4743 (50)
920 4680 1077 4733 Bzov.
1116 4679 1180 4733 ad
1210 4694 1338 4732 ann.
1374 4678 1510 4734 1555
1543 4696 1693 4735 num.
1739 4684 1790 4735 1.
1826 4681 1933 4735 Leo
1966 4682 2124 4738 Allat.
2162 4684 2239 4739 De

710 4746 905 4802 Eccles.
941 4747 1116 4801 Occid.
1146 4759 1193 4800 et
1226 4747 1427 4801 Oriem.
1458 4765 1601 4815 prrp.
1633 4767 1774 4804 cons.
1808 4752 1909 4805 col.
1941 4752 2061 4804 800.

765 4816 879 4889 (51)
915 4817 1205 4889 Qa't_itar_ttz.
1240 4816 1579 4889 Hist.4lib._tt,
1604 4835 1653 4871 e.
1684 4822 1751 4873 59
1774 4837 1788 4884 ;
1811 4818 2027 4887 Odoric.
2063 4821 2235 4889 llayn.

698 4886 765 4939 ad
811 4887 874 4955 Α.
905 4885 963 4939 C.
998 4885 1152 4947 1553,
1184 4886 1469 4955 ηιιηιζ18.
1506 4886 1635 4945 Vide
1679 4899 1732 4941 et
1774 4889 2055 4955 epistolam
2109 4885 2240 4942 Bar-

699 4954 943 5025 laami‘ad
979 4955 1298 5025 Demetrium
1328 4953 1889 5025 Thessalonicensem,
1921 4974 2038 5025 qua:
2066 4968 2245 5014 exstat

699 5025 837 5091 apud
873 5024 1027 5077 Bzov.
1062 5024 1149 5075 ad.
1179 5038 1311 5091 ann.
1343 5023 1495 5091 1353,
1524 5041 1671 5079 num.
1710 5026 1793 5079 11.

771 5092 1081 5159 (52)(301111.
1111 5090 1266 5155 1907,
1291 5088 1449 5156 2951),
1477 5094 1634 5148 ἳ951.

773 5161 882 5228 (εδ)
920 5164 981 5213 Α.
1012 5162 1075 5215 c.
1110 5160 1263 5214 ista.

770 5229 1131 5300 (SilOtloric.
1166 5231 1336 5300 Itayn.
1374 5229 1442 5283 ad
1464 5244 1593 5283 ann.
1624 5233 1780 5299 1559,
1806 5250 1961 5288 nunt.
1989 5235 2075 5289 l9.
2114 5234 2249 5288 Item

702 5312 851 5350 num.
881 5299 950 5350 9.3
969 5311 1021 5353 et
1049 5303 1139 5354 51.

775 5365 888 5432 (35)
916 5367 1474 5422 Umbilicanimoruzn.
1682 5374 1685 5375 ⁷
1830 5418 1833 5422 Α

774 5434 882 5506 (Siti)
917 5434 1046 5489 Vide
1072 5438 1203 5490 Hist.
1238 5436 1363 5505 ΒΨ..
1393 5438 1485 5491 lib.
1520 5454 1638 5506 xix,
1678 5454 1730 5494 c.
1762 5442 1814 5506 1,
1854 5450 1986 5497 sect.
2025 5443 2079 5495 4.

782 5504 887 5571 ζενῗ)
922 5509 1056 5559 Ante
1086 5504 1467 5559 anntnnlSiS.

779 5560 889 5641 {ssi
924 5573 1055 5626 Hist.
1091 5576 1183 5628 lib.
1214 5590 1286 5637 ιι,
1317 5576 1485 5629 c120.

790 5638 1190 5711 159)Gregoras
1231 5643 1428 5709 passim
1477 5645 1527 5695 in
1571 5639 1723 5698 libFis
1767 5648 1878 5700 suis
1929 5648 2250 5701 mentionem

719 5723 805 5776 ctu
838 5730 896 5764 cc
954 5713 1125 5767 morbi
1196 5711 1593 5768 imulraLVidc
1646 5716 1897 5784 libellum,
1951 5718 2098 5769 Κατὰ
2151 5717 2255 5766 τῶν

2340 4563 2522 4620 goras,
2548 4546 2767 4600 domum
2801 4555 3079 4607 reversus,
3106 4540 3253 4595 onmi
3276 4540 3327 4593 in
3354 4549 3626 4608 posterum
3658 4545 3885 4593 conten-

2340 4685 2434 4739 τοῦ
2456 4685 2720 4757 Γρηχορᾶ.
2743 4683 3098 4757 ληρημᾶτωεζο
3280 4749 3317 4757 ﬁ
3384 4746 3398 4757 _
3773 4744 3788 4757 .

2415 4746 2526 4826 (60')
2567 4746 2996 4826 Cantacti'ze'nus
3036 4752 3230 4826 victum
3280 4746 3616 4826 Barlaamum
3669 4746 3881 4826 veniam

2383 4815 2567 4877 etiisse
2613 4831 2667 4875 et
2709 4822 2937 4873 Palamte
2966 4821 3265 4874 doctrinam
3304 4817 3629 4885 approbasse
3672 4815 3883 4885 scribit.

2383 4839 2567 4877 etttsse
2613 4839 2667 4875 et
2709 4839 2937 4873 l'alamm
2966 4839 3265 4874 UOCtrtnam
3304 4839 3629 4885 approuasw
3672 4839 3883 4869 serunt.

2343 4839 2581 4947 Yoannes
2610 4890 2931 4958 patriarcha,
2960 4890 3047 4954 qui
3073 4889 3275 4958 synodo
3296 4886 3545 4958 praefuit,
3575 4884 3644 4958 de
3676 4884 3889 4958 duobus

2350 4974 2555 5013 tantum
2582 4954 2849 5025 capitulis,
2876 4972 3067 5024 nempe
3098 4954 3165 5011 de
3187 4954 3457 5009 'l‘haborio
3484 4955 3690 5025 lumine
3721 4954 3890 5025 et__dc

2348 5019 2664 5099 precatione
2698 5029 2855 5099 latam
2900 5019 3223 5099 sententiam
3252 5027 3326 5077 ait
3355 5024 3495 5091 apud
3537 5021 3701 5099 Leon.
3728 5019 3884 5075 Allat.

2353 5090 2431 5151 De
2465 5096 2661 5150 Eccles.
2694 5095 2866 5148 Occid.
2900 5103 2948 5147 ct
2978 5094 3176 5149 Orient.
3218 5109 3362 5161 perp.
3394 5090 3544 5146 cons.
3595 5090 3688 5161 lib.
3739 5105 3797 5153 tt,
3834 5107 3885 5144 c.

2352 5168 2438 5221 17.
2469 5168 2731 5235 Gregoras
2763 5164 2993 5229 denique
3018 5166 3181 5217 solani
3216 5159 3563 5235 quaest-onem
3604 5159 3670 5211 de
3703 5173 3893 5235 preca-

2351 5237 2498 5290 tione
2542 5228 2796 5303 aéilatatn
2827 5247 2842 5296 ;
2876 5228 3039 5303 quod
3083 5235 3148 5287 ad
3188 5243 3376 5303 caetera
3408 5232 3681 5303 attineret.
3708 5228 3890 5303 cogn-i-

2348 5308 2548 5358 tionem
2579 5297 2808 5356 dilatam
2870 5297 3041 5354 luisse
3088 5302 3367 5354 contendit
3409 5319 3421 5352 :
3470 5301 3647 5365 itaque
3694 5311 3789 5348 nee
3822 5297 3890 5348 dc.

2345 5374 2761 5425 Massalianismo
2783 5410 2799 5433 ,
2829 5384 2928 5422 nec
2958 5372 3024 5423 de
3052 5371 3170 5423 aliis
3199 5369 3514 5421 cruninibus
3545 5365 3767 5437 l‘ala’ma:
3794 5365 3894 5417 ub-

2342 5443 2518 5511 jcctis,
2546 5437 2933 5511 actunt_l:uisse.
3386 5507 3408 5511 _
3590 5442 3595 5447 '

2417 5510 2527 5578 (6t)
2563 5505 2859 5578 Vitleillist.
2882 5507 3009 5575 Bys.
3042 5508 3138 5568 lib.
3170 5524 3277 5571 xw,
3307 5523 3355 5561 c.
3382 5507 3437 5559 8.

2423 5568 2533 5647 (62)
2570 5577 2794 5629 Συνόδου
2836 5568 3289 5646 συίκςβτηϐεἰσηέ
3336 5576 3610 5643 δευτέρας,
3647 5568 3895 5624 10111.1’;ιο

2352 5648 2518 5699 lzltttil.

2426 5716 2534 5783 (κτλ)
2570 5714 2699 5769 Vide
2728 5716 2861 5769 Hist.
2896 5715 2993 5783 ny:
3035 5715 3131 5771 lib.
3163 5730 3274 5778 ιιν,
3298 5731 3345 5769 c.
3376 5713 3427 5764 s.
