4038 6336
660 434 726 495 σγ
1682 396 2102 490 NICEPHORI
2142 430 2533 491 GREGORE
2570 431 2873 511 ELOGIA.
3797 436 3871 494 σε

657 548 895 599 deuntem
928 548 979 598 in
1007 560 1097 597 nos
1129 543 1373 596 invadere
1397 542 1669 603 sentimus,
1694 542 1893 609 quoties
1918 539 2074 592 libros
2096 549 2204 592 tuos

2310 542 2407 609 τῆς
2440 543 2665 614 γνώμης
2690 544 2748 595 τὸ
2780 541 3053 613 βάρϐαρον
3078 543 3135 593 οὐ
3171 543 3331 610 μόνον
3358 542 3455 595 οὐκ
3486 541 3641 611 ἔσχεν
3669 544 3864 594 ἀποϐα-

656 640 709 690 in
741 655 925 691 manus
964 640 1216 690 sumimus
1250 653 1267 689 :
1300 652 1360 689 ac
1388 650 1681 688 sermonum
1723 643 1928 685 tuorum
1963 632 2218 685 illecebris

661 732 798 781 velut
833 730 1090 780 machinis’
1117 729 1423 796 quibusdam
1451 727 1591 794 capti
1628 741 1802 777 omnes
1826 733 2215 792 expugnantur,

656 832 928 887 propterea
977 820 1113 885 quod
1158 820 1465 888 eﬁlorescens
1502 834 1566 870 ea:
1596 818 1659 869 iis
1699 816 1837 882 lepos
1868 824 1914 867 et
1946 814 2216 868 verborum

659 923 946 980 apparatus
971 913 1375 979 speciosissimus
1405 912 1693 963 auditorem
1736 909 1995 962 alliciunt.
2037 906 2218 976 Neque

658 1018 776 1053 vero
801 1002 964 1053 nmlta
1010 1012 1059 1054 te
1101 1003 1319 1055 eruditio
1363 1001 1646 1069 prohibuit,
1678 1016 1740 1053 ne
1768 1001 2029 1051 orationes
2057 1014 2215 1066 quam

659 1096 848 1162 optime
906 1094 1223 1156 elaborares,
1257 1110 1347 1145 nec
1395 1108 1685 1145 sermonem
1733 1102 1877 1144 tuum
1932 1090 2041 1142 ulla
2104 1090 2215 1142 labe

656 1187 905 1253 corrupit,
939 1185 1108 1251 ejusve
1131 1185 1429 1253 expolitioni
1457 1184 1636 1253 obfuit.
1669 1183 1773 1237 Sed
1792 1199 1995 1235 summa
2017 1181 2212 1244 labore,

653 1287 700 1327 et
728 1293 819 1343 per
842 1278 1239 1328 exercitationes
1282 1275 1557 1341 plurimas,
1602 1274 1767 1327 omnis
1803 1273 2003 1343 generis
2047 1274 2213 1325 omnis

655 1377 794 1419 nota:
835 1369 1175 1419 eruditionem
1207 1367 1471 1419 collectam
1501 1367 1555 1417 in
1588 1353 1845 1419 thestiuris
1877 1366 2137 1417 memoria!
2164 1374 2211 1416 et

654 1460 849 1527 ingenii
889 1459 1192 1526 reposuisti;
1242 1468 1397 1524 atque
1448 1458 1558 1523 ejus
1603 1458 1737 1509 velut
1780 1474 1989 1525 promus
2020 1457 2212 1509 candus

654 1551 889 1614 exsistis;
934 1568 1171 1619 quamam
1189 1552 1411 1612 meliora
1442 1552 1564 1613 sint,
1600 1567 1662 1604 ex
1688 1566 1783 1602 usu
1816 1551 2046 1603 azstimas
2076 1550 2208 1615 (95),

651 1652 701 1693 et
744 1656 807 1692 ex
840 1642 1111 1709 omnigena
1138 1642 1381 1693 doctrina
1422 1640 1575 1708 facile
1620 1656 1683 1692 ac
1727 1640 1862 1692 velut
1915 1656 1977 1693 ex
2026 1650 2210 1705 parato

651 1732 846 1797 optima
888 1747 1099 1799 qumque
1138 1732 1383 1798 decerpis,
1426 1736 1473 1783 et
1502 1731 1744 1783 studiosis
1770 1730 1985 1783 subinde
2016 1731 2210 1783 contri-

650 1822 783 1873 buis.
813 1819 948 1883 Quin
996 1822 1155 1874 etiam
1186 1822 1415 1888 eﬂ'ecisti,
1455 1831 1509 1872 ut
1548 1831 1597 1873 et
1635 1821 1922 1889 philosophi
1956 1822 2205 1890 elingues,

651 1922 697 1963 et
728 1921 959 1963 oratores
1005 1912 1213 1963 minime
1265 1912 1553 1980 philosophi
1588 1928 1697 1964 esse
1742 1913 2055 1964 viderentur.
2098 1912 2206 1965 [loc

649 2003 757 2066 ipso
791 2002 947 2066 enim,
989 2003 1123 2070 quod
1172 2003 1508 2069 philosophia:
1551 2002 1863 2055 rhetoricam
1915 2003 2202 2066 miscueris,

648 2104 693 2145 et
720 2108 781 2143 ex
812 2095 1061 2145 ambabus
1093 2102 1164 2145 tot
1198 2095 1351 2146 libros
1383 2095 1708 2162 con/laveris,
1738 2095 1791 2146 in
1821 2095 2004 2163 quibus
2036 2095 2207 2146 obser-

646 2196 771 2232 vare
799 2190 873 2233 est
913 2182 1215 2248 conjunctas
1245 2184 1511 2242 utriusque
1544 2182 1783 2247 virtutes,
1820 2198 1987 2235 nonne
2028 2183 2207 2251 palam

646 2274 849 2325 exsistit
906 2274 961 2325 id
999 2276 1133 2340 quod
1174 2274 1326 2325 dico?
1361 2274 1616 2343 Equidem
1665 2274 1739 2327 sic
1783 2274 1847 2327 de
1887 2256 2208 2328 orationibus

647 2364 749 2415 tuis
780 2367 943 2415 sentio
969 2376 1013 2416 et
1050 2366 1351 2431 pronuntio.
1382 2365 1540 2433 Atqui
1570 2366 1678 2418 htcc
1715 2365 1935 2417 strictim
1974 2373 2022 2442 c’t
2068 2364 2232 2416 velut‘

646 2455 806 2506 obiter
838 2471 869 2505 a
914 2472 991 2507 me
1040 2456 1179 2507 dicta
1225 2464 1365 2507 sunt.
1397 2454 1677 2521 Oportebat
1708 2464 1879 2507 autem
1908 2456 2206 2521 igtuarum

644 2541 861 2595 laudum
894 2546 1211 2597 curriculum
1262 2548 1650 2598 descendentem
1687 2561 1865 2598 cavere
1888 2547 2114 2605 omnino.
2148 2554 2205 2597 ut

643 2645 733 2686 tua
770 2636 860 2685 tibi
895 2637 1123 2703 digmtas
1166 2636 1312 2689 salva
1350 2646 1634 2700 constaret,
1690 2645 1736 2688 et
1790 2644 2040 2705 quantum
2099 2636 2205 2703 ipse

643 2725 901 2795 facundia?
932 2728 1087 2779 robur
1135 2727 1183 2779 in
1242 2725 1562 2779 orationibus
1621 2726 1724 2779 tuis
1777 2727 2201 2794 exprompsisses,

641 2824 786 2867 tanta
813 2818 973 2869 etiam
1021 2817 1089 2868 ad
1137 2834 1226 2869 eas
1280 2819 1441 2869 verbis
1485 2816 1853 2885 prardican‘das
1894 2819 2205 2870 instructum

640 2909 881 2960 accedere
912 2910 1143 2960 decebat.
1189 2912 1259 2959 Tu
1312 2926 1420 2971 nos,
1457 2920 1509 2959 ut
1548 2924 1793 2975 pra'sens,
1840 2909 1917 2960 ita
1945 2917 1992 2961 et
2025 2908 2204 2960 absens

637 2998 883 3050 delectas.
926 2997 1125 3049 Bonum
1154 3001 1310 3059 enim,
1353 3015 1466 3050 cum
1495 3008 1622 3050 esset
1649 2999 1702 3049 in
1731 2997 1988 3063 manibus,
2026 3013 2084 3049 eo
2106 3013 2205 3064 quo

639 3106 737 3158 par
768 3099 881 3141 erat
909 3105 1058 3141 sensu
1100 3091 1530 3158 percipiebamus.
1565 3090 1628 3141 At
1653 3089 1788 3157 quod
1818 3088 2026 3139 urbium
2056 3089 2204 3156 prin-

2317 631 2430 682 λεῖν
2450 672 2464 697 ,
2496 631 2631 683 ἀλλὰ
2664 632 2754 684 καὶ
2784 630 3282 700 προσεξειργάσατο
3313 634 3404 685 καὶ
3438 632 3774 702 προσέθηκεν
3805 638 3872 685 ἐκ

2317 720 2457 774 πάνυ
2490 738 2569 773 τοι
2604 720 2801 772 πολλοῦ
2828 721 2921 773 τοῦ
2958 721 3234 790 περιόντος
3256 762 3270 787 ,
3302 722 3408 773 τῶν
3439 722 3721 790 ὁμοφύλων
3752 726 3873 790 χεί-

2320 828 2427 881 ρων
2456 814 2522 864 τὰ
2555 812 2777 865 τοιαῦτα
2809 814 3027 881 φανεὶς,
3057 813 3131 875 ὡς
3164 813 3297 881 μηδὲ
3332 814 3698 882 τιαραΰάλλειν
3730 815 3874 877 ἐξεῖ-

2316 918 2422 955 ναι.
2471 902 2687 954 Μᾶλλον
2731 902 2777 954 δ’
2802 905 2998 955 ἐκεῖνοι
3047 894 3179 970 trav;
3216 904 3263 955 εί
3313 904 3404 956 καὶ
3454 903 3719 973 βάρϐαροι
3772 907 3875 971 τὴν

2314 992 2560 1055 γλῶτταν
2597 993 2765 1052 ἄλλως
2807 996 2903 1046 καὶ
2936 994 2993 1044 τὸ
3033 989 3160 1066 ᾕϐος
3200 992 3348 1056 ὄντες
3383 995 3731 1061 τυγχάνουσι,
3772 995 3875 1060 τῆς

2314 1082 2535 1150 ἀγωγῆς
2566 1099 2624 1134 τε
2667 1084 2759 1135 καὶ
2789 1083 2897 1134 τῶν
2931 1085 3173 1154 πατρίων
3204 1085 3342 1136 οὕτω
3377 1087 3531 1137 ταυτὶ
3567 1084 3873 1153 χορηγούμ-

2312 1189 2448 1239 των,
2482 1174 2615 1226 ἀλλὰ
2647 1174 2739 1226 καὶ
2770 1176 2986 1245 τρόπων
3016 1178 3122 1228 eici
3150 1177 3403 1246 χρηστῶν
3434 1180 3526 1239 καὶ
3560 1178 3876 1245 καλοκάγα-

2314 1263 2433 1327 οίας
2465 1266 2556 1317 καὶ
2584 1267 2779 1335 ἀρετῆς
2813 1268 3153 1337 φροντισταὶ,
3186 1268 3418 1320 καθόσον
3447 1262 3558 1320 οἷόν
3585 1286 3641 1321 τε
3662 1282 3674 1295 ⁸
3709 1272 3873 1320 εὐσε-

2312 1357 2461 1417 ϐείας
2488 1375 2543 1409 τε
2576 1358 2680 1426 πρὸ
2706 1358 3012 1427 τώνξᾶλλων
3038 1361 3129 1411 καὶ
3155 1362 3261 1412 τῶν
3290 1362 3661 1413 ἁποστολικῶν
3687 1379 3744 1413 τε
3774 1364 3876 1415 καὶ

2313 1451 2593 1520 πατρικῶν
2618 1452 2902 1521 δογμάτων
2931 1453 3261 1504 σπουδασταί
3290 1470 3346 1505 τε
3378 1456 3471 1505 καὶ
3500 1454 3759 1521 φύλακες,
3790 1453 3876 1515 ὡς

2311 1545 2404 1596 καὶ
2434 1542 2605 1609 αὐτῆς
2638 1543 2776 1613 ὑπὲρ
2804 1544 3006 1595 τούτων
3040 1545 3174 1612 μετὰ
3208 1544 3463 1615 πλείστης
3492 1561 3553 1612 γε
3581 1546 3679 1614 τῆς
3712 1544 3873 1612 φιλο-

2309 1636 2494 1703 τιμίας
2524 1638 2581 1687 ὲν
2611 1637 2688 1705 τῷ
2710 1636 2808 1703 ,τοῦ
2840 1635 3034 1704 καιροῦ
3068 1638 3417 1706 παρασχόντι,
3449 1637 3566 1697 πῶς
3594 1638 3659 1690 ἂν
3692 1636 3875 1699 εἴποις

2309 1726 2512 1793 ἡδέως,
2544 1726 2877 1794 ἀφίστασθαι
2908 1726 3006 1795 τῆς
3040 1728 3234 1796 ψυχῆς.
3272 1728 3331 1781 Ὀ
3364 1728 3420 1780 δὲ
3455 1732 3549 1782 καὶ
3582 1726 3874 1805 κατεξανέ-

2310 1832 2409 1885 στη
2448 1816 2544 1886 τῆς
2585 1817 2679 1868 καὶ
2717 1816 3064 1887 θρεψαμένης
3101 1819 3195 1870 καὶ
3232 1818 3728 1888 παιδαγωγησασης
3768 1821 3871 1871 καὶ

2240 1884 2280 1938 Β
2308 1906 2477 1993 λόγων
2504 1884 2599 1960 οιαὶ
2624 1884 3271 1977 ὀνὸμὝατοςῗμεταδούσης,
3303 1909 3389 1993 ὡς.
3409 1884 3739 1979 μὴ-ἇιφελεν,
3769 1910 3871 1963 ἐκ·

2309 1988 2575 2067 κλησίας·
2626 2000 2720 2052 καὶ
2764 2000 2833 2054 τὰ
2881 2001 3156 2053 δεινότατα
3207 2002 3297 2053 καὶ
3346 1988 3720 2054 ἁ-πευκτότατα
3770 2002 3872 2054 καὶ

2308 2088 2497 2158 πόρρω
2543 2090 2744 2152 παντὸς
2792 2090 3226 2161 παραδείγματος
3273 2091 3555 2161 ἀκολάστῳ
3603 2092 3697 2144 καὶ
3746 2091 3873 2144 το).-

2310 2180 2461 2251 μηρᾷ
2500 2181 2712 2251 γλώττῃ
2757 2184 2899 2235 κατὰ
2943 2182 3044 2251 τῆς
3081 2181 3318 2252 Χριστοῦ
3358 2182 3573 2252 νύμφης
3618 2180 3864 2251 ὖὸρὲζει,

2309 2269 2402 2326 καὶ
2434 2270 2696 2353 Βαρλαὰμ
2729 2272 2847 2324 κατ’
2872 2273 3003 2325 αὑτό
3034 2290 3175 2352 φημι
3202 2271 3356 2325 τοῦτο
3384 2273 3473 2325 τὸν
3505 2272 3869 2342 μυσταγωγὸν

2305 2361 2414 2415 τῶν
2442 2360 2697 2416 τοιούτων
2727 2363 3104 2435 παρενεγκών.

2376 2450 2638 2522 Gregoras
2683 2442 2802 2507 vero
2839 2456 3053 2517 iste,'in
3084 2458 3215 2509 hanc
3241 2454 3445 2509 urbium
3473 2455 3780 2524 principem,
3814 2467 3869 2510 et

2306 2542 2376 2598 ad
2404 2560 2652 2614 umquam
2682 2545 3102 2599 Christianarum
3139 2546 3491 2600 Ecclesiarum
3519 2558 3761 2614 matrem,
3802 2530 3875 2602 eat

2306 2633 2559 2688 Barbaris
2594 2652 2712 2689 cum
2744 2639 3029 2691 advenisset
3064 2637 3443 2708 (Paphlagonia
3476 2640 3663 2708 quippe
3685 2640 3875 2693 oriun-

2305 2725 2447 2796 dus),
2487 2737 2760 2796 postquam
2796 2729 3144 2791 educatione,_
3171 2728 3467 2796 disciplina,
3513 2739 3561 2782 et
3605 2729 3871 2795 politiori-

2305 2820 2397 2872 bus
2433 2814 2731 2871 Crtecorum
2780 2819 2965 2871 litteris
2998 2821 3052 2871 in
3094 2819 3192 2871 hac
3228 2819 3435 2872 civitate
3475 2819 3550 2872 sic
3595 2820 3872 2883 institutus

2304 2920 2400 2977 est,
2429 2919 2486 2962 ut
2518 2910 2573 2963 in
2604 2910 2878 2963 altioribus
2909 2910 3135 2962 scientiis
3166 2909 3405 2963 nonnihil
3427 2894 3658 2964 versatus
3688 2921 3734 2964 et
3760 2912 3873 2965 ali-

2303 3004 2440 3071 quod
2461 3017 2645 3055 nomen
2673 3001 2909 3054 lucratus
2939 3017 3043 3053 esse
3077 3001 3356 3061 videretur,
3390 3002 3495 3056 imo
3525 3003 3777 3056 illustrius
3803 3018 3872 3055 ac

2304 3093 2478 3161 majus
2505 3108 2663 3161 quam
2699 3096 2834 3160 quod
2872 3108 2926 3145 re
2976 3094 3088 3160 ipsa
3130 3102 3423 3157 meruerat;
3464 3096 3619 3147 ritum
3658 3085 3870 3163 quidein

637 3198 771 3247 σερε,
808 3183 1087 3250 eademque
1123 3184 1296 3248 patria
1326 3193 1521 3243 nostra,
1583 3189 1787 3232 tantum
1816 3179 1914 3232 sibi
1958 3182 2200 3233 honorem
2231 3205 2275 3265 Ο
2305 3186 2357 3239 et
2401 3200 2689 3238 sermonem
2720 3184 3002 3237 barbarum
3042 3186 3421 3257 quodammodo
3451 3187 3624 3251 exuit;
3662 3201 3869 3239 morum

637 3272 909 3325 ambitiose
956 3275 1200 3335 vindicet,
1246 3275 1299 3324 id
1337 3273 1543 3344 quidem
1579 3288 1661 3326 me
1700 3287 1905 3325 summa
1940 3270 2205 3339 voluptate

637 3364 789 3432 afficit
834 3379 850 3415 :
886 3380 947 3416 ac
994 3380 1293 3433 quanquam
1339 3366 1566 3416 locorum
1604 3363 1887 3417 intervallo
1929 3364 2209 3432 disjunga-

638 3474 774 3521 mur,
823 3455 984 3508 nihilo
1016 3465 1187 3507 tamen
1224 3457 1399 3507 minus
1440 3465 1487 3506 te
1517 3456 1784 3521 diligimus
1810 3468 1965 3521 quam
1992 3456 2037 3507 si
2068 3468 2205 3522 prd?-

638 3563 805 3603 sentes
834 3548 1162 3611 adessemus;
1193 3557 1239 3598 et
1282 3547 1404 3615 quia
1433 3562 1610 3599 coram
1646 3561 1746 3596 non
1782 3543 1920 3605 licet,
1955 3544 2067 3595 ideo
2114 3558 2201 3594 co-

637 3642 901 3709 gitationis
945 3651 1087 3693 motu
1130 3648 1296 3692 tecum
1349 3654 1637 3690 versantur.
1681 3636 1935 3689 (Steterunt
1976 3634 2203 3687 indolem

636 3741 783 3783 tuam
830 3734 886 3783 iu
935 3730 1259 3784 orationibus
1297 3732 1397 3782 tuis
1434 3745 1727 3797 expressam
1764 3728 2043 3780 cernimus.
2093 3724 2200 3780 Me-

636 3824 805 3874 moria
858 3832 1032 3874 autem
1074 3814 1463 3875 consuetudinis
1514 3832 1639 3887 tute,
1678 3830 1724 3872 et
1760 3836 1938 3872 eorum
1985 3820 2073 3888 qui
2118 3820 2201 3887 di-

632 3915 807 3968 scendi
840 3931 1001 3966 causa
1032 3914 1261 3978 quotidie
1290 3914 1359 3964 ad
1408 3924 1456 3965 te
1492 3913 1771 3975 ventitant,
1814 3897 2047 3963 animum
2085 3910 2204 3963 sub-

584 4002 592 4008 ’
631 4013 804 4065 eunte,
836 4002 1137 4055 Academite
1165 4010 1213 4053 et
1245 3998 1395 4067 Lycei
1420 4000 1699 4068 imaginem
1729 3999 1871 4049 nobis
1892 3998 2197 4065 eﬂingimus.

633 4068 706 4152 λε
737 4098 829 4149 tibi
856 4094 1083 4165 quidem,
1127 4094 1265 4163 quod
1283 4122 1288 4128 -
1309 4092 1569 4160 pra'clara
1604 4092 1707 4143 ista
1744 4090 2043 4158 obtigeriut,
2073 4107 2200 4159 gra-

630 4190 908 4250 tulamur;
954 4203 1047 4239 nos
1081 4201 1199 4237 vero
1225 4186 1383 4253 ipsos,
1417 4182 1553 4251 quod
1586 4191 1631 4235 te
1654 4184 1762 4235 ha'c
1788 4191 1916 4235 (rtus
1948 4183 2123 4235 tulerit
2152 4192 2199 4234 et

634 4281 751 4331 vita:
780 4288 895 4329 tute
924 4290 1124 4344 tempus
1170 4276 1223 4328 in
1250 4276 1343 4327 hoc
1376 4284 1609 4326 nostrum
1659 4272 1905 4351 stec‘ulum
1940 4274 2199 4335 inciderit,

633 4368 807 4435 [elices
860 4369 1230 4435 prardicamus.
1288 4366 1417 4433 Ejus
1472 4366 1567 4418 tibi
1624 4382 1781 4433 quam
1840 4365 2198 4433 longissimum

628 4460 861 4527 spatium
882 4459 1085 4510 utinam
1114 4470 1441 4525 prorogetur,
1478 4466 1531 4507 ut
1557 4471 1739 4507 earum
1772 4470 1968 4515 rerum,
2003 4472 2118 4523 qua:
2147 4458 2200 4507 in

2307 3284 2480 3328 autem
2506 3284 2554 3328 et
2582 3275 2747 3328 animi
2769 3275 3064 3329 barbariem
3090 3292 3191 3329 non
3235 3277 3389 3329 modo
3413 3292 3514 3328 non
3551 3276 3743 3337 amisit,
3772 3278 3869 3329 sed

2305 3376 2361 3419 ut
2413 3366 2586 3435 major
2629 3378 2753 3420 esset
2787 3383 2997 3436 operam
3038 3366 3199 3432 dedit,
3244 3375 3291 3419 et
3330 3365 3635 3434 plenissima
3670 3366 3733 3419 de
3770 3382 3867 3419 suo

2304 3457 2594 3508 accessione
2625 3456 2931 3518 cumulavit,
2962 3456 3297 3524 popularibus
3336 3459 3442 3511 suis
3473 3458 3615 3511 adeo,
3651 3458 3738 3512 ille
3775 3474 3869 3528 pe-

2298 3542 2389 3610 jor
2422 3546 2520 3601 hac
2548 3545 2603 3595 in
2632 3554 2803 3611 parte,
2832 3555 2887 3597 ut
2917 3562 3032 3597 cum
3067 3561 3125 3598 eo
3170 3561 3229 3597 ne
3254 3546 3475 3615 conferri
3511 3548 3717 3616 quidem
3742 3564 3871 3617 pos-

2304 3636 2427 3688 sint.
2481 3626 2758 3711 Enimvero
2793 3637 2866 3700 hi,
2916 3653 3214 3706 quanquam
3257 3638 3433 3707 lingua
3483 3651 3532 3694 et
3586 3642 3690 3693 ritu
3730 3640 3873 3693 Bar-

2305 3725 2440 3788 bari,
2471 3726 2524 3778 id
2560 3728 2696 3795 quod
2731 3732 2795 3780 ab
2835 3730 3140 3782 educatione
3172 3741 3220 3782 et
3272 3730 3337 3784 ab
3380 3732 3631 3785 institutis
3677 3732 3872 3798 patriis

2303 3817 2513 3879 habent,
2544 3829 2717 3871 tamen
2748 3821 2974 3874 moribus
3005 3821 3150 3887 Probi
3177 3831 3316 3884 sunt,
3358 3823 3778 3893 honestatemque
3818 3834 3872 3877 et

2302 3912 2845 3979 virtutem,_quantum
2890 3914 2942 3964 in
2983 3930 3036 3965 se
3066 3924 3159 3977 est,
3210 3914 3403 3967 colunt.
3467 3913 3638 3966 Iidem
3687 3929 3871 3967 veram

2304 4002 2609 4067 religionem
2656 3992 3106 4072 apostolorumque
3144 4019 3190 4059 et
3230 4008 3446 4059 Patrum
3476 4008 3723 4074 dogmata
3748 4020 3873 4061 stu-

2302 4092 2445 4143 diose
2483 4108 2592 4159 pra:
2627 4094 2826 4145 caeteris
2860 4093 3242 4163 amplectuntur
3283 4106 3329 4149 et
3378 4098 3695 4171 custodiunt,
3742 4101 3873 4151 ani-

2302 4188 2445 4235 mam
2490 4185 2654 4251 ipsam
2685 4200 2778 4251 pro
2822 4186 2907 4249 iis,
2957 4188 3002 4239 si
3037 4201 3235 4255 tempus
3277 4189 3433 4257 ferat.
3478 4205 3682 4241 summa
3734 4206 3872 4244 con-

2304 4278 2529 4331 tentione
2563 4287 2610 4330 et
2668 4280 2899 4331 maximo
2958 4294 3071 4331 cum
3132 4278 3326 4347 gaudio
3357 4280 3615 4348 effundere
3663 4284 3871 4349 parati.

2306 4368 2409 4421 Iste
2462 4381 2646 4422 contra
2690 4370 2744 4421 in
2807 4353 2922 4423 eam
2964 4370 3253 4424 Ecclesiam
3308 4373 3611 4437 insurrexit,
3654 4387 3767 4443 quc
3816 4382 3870 4425 et

2302 4460 2511 4513 aluerat
2549 4471 2595 4513 et
2642 4462 2909 4528 prteceptis
2964 4464 3309 4531 formaverat;
3358 4481 3474 4531 qua:
3511 4466 3774 4533 eloquium
3814 4474 3867 4518 et

628 4561 682 4603 te
724 4550 931 4603 eximite
974 4558 1118 4612 sunt,
1172 4548 1399 4601 homines
1461 4562 1618 4616 quam
1661 4545 1874 4614 plurimi
1925 4548 2200 4614 partic‘pes
2233 4543 2274 4594 D
2304 4566 2489 4602 nomen
2533 4554 2756 4619 (utinam
2795 4567 2856 4602 ne
2899 4553 2972 4603 ita
3016 4568 3094 4603 res
3126 4554 3315 4618 esset!)
3347 4554 3612 4621 impertita
3651 4556 3870 4626 fuerat;

593 4637 599 4660 ⁷
624 4642 785 4708 llum.

695 4750 791 4801 λιν.
833 4749 1133 4803 I’hiiotheus
1157 4751 1479 4819 patriarcha,
1523 4750 1810 4803 Antirrhct.
1842 4747 1957 4802 XII
1988 4749 2119 4819 (90).

704 4866 986 4935 Γρηγορᾶς
1016 4865 1056 4915 δ’
1080 4865 1293 4915 οὑτωσὶν
1319 4906 1332 4925 .
1366 4868 1427 4916 ἐκ
1460 4867 1746 4935 βαρϐάρων
1776 4866 1926 4934 παρὰ
1958 4868 2056 4937 τὴν
2090 4857 2197 4919 τῶν

634 4952 841 5003 πόλεων
868 4950 1109 5019 βασιλίδα
1138 4956 1358 5013 ταυτηνὶ
1386 4955 1475 5002 καὶ
1501 4959 1600 5021 τὴν
1628 4955 1867 5023 μεγάλην
1896 4955 2061 5008 ἐλθὼν
2087 4957 2195 5010 τῶν

633 5044 940 5113 ἐκκλησιῶν
972 5044 1061 5094 τοῦ
1091 5043 1324 5111 Χριστοῦ
1362 5046 1572 5112 μητέρα
1603 5044 1734 5112 (τῆς
1765 5047 1873 5113 γὰρ
1909 5046 2192 5113 Παφλαγό-

628 5153 738 5185 vnn
765 5137 988 5205 ὥρμητο
1010 5139 1153 5204 γῆςι,
1188 5141 1278 5187 καὶ
1308 5135 1531 5203 ἀγωγῆς
1564 5134 1655 5186 καὶ
1686 5135 1931 5196 παιδείας
1963 5138 2191 5189 ἐνταύοα

631 5230 727 5274 οιαὶ
762 5227 962 5296 μούσης
992 5226 1309 5297 Ἑλληνικῆς
1342 5225 1646 5294 μετασχὼν,
1674 5225 1747 5287 ὡς
1782 5230 1885 5297 καὶ.
1907 5227 2194 5294 μετεώρων

631 5316 870 5383 ἀσκῆσαί
902 5333 1020 5369 τινα
1054 5319 1201 5383 δᾷξαι
1236 5320 1328 5371 καὶ
1361 5318 1620 5387 ὀνόματος
1654 5318 1979 5385 εὑμοιρῆσαί
2014 5336 2153 5381 τινος
2175 5361 2189 5384 ,

630 5406 840 5475 ,μᾶλλον
863 5406 920 5458 δὲ
946 5410 1037 5460 καὶ
1063 5404 1154 5459 τοῦ
1182 5411 1301 5462 κατ’
1322 5412 1481 5463 αὑτὸν
1507 5412 1831 5478 πράγματος
1861 5398 2191 5478 ὑψηλοτέρου

629 5500 734 5552 καὶ
772 5498 1035 5569 μείζονος,
1074 5500 1135 5549 τὸ
1177 5503 1274 5566 μὲν
1316 5502 1590 5572 βάρϐαρον
1632 5496 1761 5569 ἦθος
1800 5499 2059 5566 ἁμηγέπη
2100 5500 2192 5549 καὶ

632 5590 730 5662 τὴν
765 5594 949 5661 φωνὴν
988 5590 1472 5662 ἀποϐαλεῖν-ἔσῃ’
1513 5594 1618 5647 τῶν
1654 5593 1709 5644 δὲ
1747 5590 1961 5659 τρόπων
1998 5605 2055 5639 τε
2101 5590 2191 5639 καὶ

704 5752 839 5821 (ὒὸ),
858 5752 940 5805 γει
970 5752 1189 5807 meliora
1220 5768 1318 5805 usu
1348 5756 1564 5819 probas.

703 5820 816 5892 (96)
845 5823 925 5876 Ex
956 5826 1077 5877 cod.
1106 5828 1236 5895 Reg.
1276 5824 1430 5893 9990',
1463 5826 1556 5879 fol.
1584 5826 1735 5879 ελδερ

2301 4648 2456 4707 atque
2484 4640 2536 4690 in
2567 4636 2763 4692 Christi
2802 4657 3045 4703 sponsam
3092 4643 3468 4709 atrocissimas,
3494 4644 3781 4699 horrendas
3815 4656 3867 4699 et

2299 4729 2363 4780 ab
2410 4729 2641 4796 exemplo
2694 4732 2836 4782 omni
2898 4733 3267 4787 remotissimus
3327 4736 3670 4789 contumelias
3706 4736 3865 4803 jecit,

2296 4819 2643 4895 Barlaamum
2688 4822 2878 4889 ipsum,
2915 4825 3009 4875 hac
3057 4825 3109 4876 in
3137 4841 3189 4877 re
3230 4821 3487 4891 videlicet,
3521 4827 3704 4879 horum
3734 4824 3851 4896 [mu

2293 4914 2513 4982 gistrum
2540 4912 2609 4982 et]
2642 4914 2929 4991 antistitem
2962 4926 3376 4985 pra'tergressus.

2302 5022 2359 5077 V.
2414 5021 2524 5076 Τοῦ
2563 5022 2934 5090 Ἀκινδὺνου,
2961 5026 3029 5077 ἐκ
3061 5026 3515 5091 θεσσαλονίκης
3558 5026 3723 5093 πρὸς.
3752 5025 3868 5081 τὸν

2789 5116 3119 5187 Τρηγορᾶν
3141 5118 3276 5185 (97).

2365 5229 2667 5298 Βαλσαμὼν
2698 5232 2726 5282 ὁ
2754 5236 3023 5297 γενναῖος,
3065 5230 3212 5297 φίλος
3245 5228 3319 5280 ὢν
3357 5231 3477 5297 ἐμοὶ
3518 5232 3612 5283 καὶ
3666 5230 3866 5297 φίλους

2299 5322 2503 5382 πάντας
2535 5322 2965 5392 ὑπερὸα).όμενο;
2997 5322 3063 5373 τὰ
3090 5322 3218 5389 πρὸς
3244 5323 3363 5391 ἐμὲ,
3408 5324 3522 5377 ἀντ’
3556 5324 3719 5389 ἄλλης
3774 5338 3859 5372 τι·

2298 5408 2383 5470 νὸς
2415 5407 2671 5477 λαμπρᾶς
2693 5412 2785 5461 καὶ
2819 5409 3059 5478 μεγᾴλης
3082 5411 3399 5478 εὐεργεσίας
3436 5412 3575 5485 (ᾔδει
3626 5412 3730 5477 γάρ
3783 5426 3860 5476 με

2284 5499 2389 5551 σοῦ
2415 5516 2472 5550 τε
2502 5501 2593 5551 καὶ
2622 5503 2731 5550 τῶν
2766 5501 2871 5553 σῶν
2897 5504 3335 5570 συγγραμμάτων
3362 5505 3564 5572 σφόδρα
3600 5500 3910 5568 περικαό-”

2299 5590 2479 5658 μενον)
2510 5590 2688 5658 φέρων
2721 5592 3012 5660 ὲνεχείρισέ
3039 5610 3128 5662 μοι
3158 5595 3253 5664 τὴν
3284 5598 3381 5666 σὴν
3408 5590 3713 5653 ἐπιστολὴν,
3752 5589 3864 5656 τὴν

2374 5752 2483 5817 (97)
2522 5751 2799 5818 Descripta
2837 5767 2900 5804 ex
2931 5753 3049 5807 cod.
3090 5753 3209 5809 Val.
3239 5744 3395 5818 1086,
3424 5764 3587 5804 manu
3612 5748 3752 5805 Chr.
3792 5751 3859 5806 ν.

2305 5820 2364 5870 ΐι.
2406 5822 2703 5884 lit-Imaum,
2733 5822 2912 5876 Suect.
3012 5844 3015 5845 ν
