4036 6322
101 448 156 507 91
1160 430 1237 489 ill
1256 426 1474 487 anon.
1521 422 1673 482 WOt

1777 418 1802 477 1
1847 388 2260 495 Plt£FATIQ.
3232 387 3303 455 98

103 565 296 610 exorsus
323 549 623 604 historiam
652 561 910 601 annorum
937 542 1163 611 μηδι)
1192 542 1259 595 ad
1290 558 1441 596 suam
1468 552 1638 605 usque
1672 539 1710 592 Α
1742 545 1840 595 ure
1893 528 2052 581 cilius
2108 535 2421 595 oppressam
2456 530 2598 582 esse,
2650 513 2879 567 mirarer
2919 510 3096 580 potius
3140 488 3303 578 quam

102 658 307 707 etatem,
337 656 395 698 et
450 639 750 696 Andronici
804 636 1088 707 Paimologi
1123 633 1360 701 iunioris
1408 633 1636 692 Obtltlm,

106 736 306 804 degauti
337 734 481 805 style
520 733 847 801 descriptam
885 726 1037 782 nobis
1065 717 1226 779 dedit
1253 742 1266 777 :
1305 725 1480 799 itaque
1513 736 1641 787 sup-

108 796 247 904 plevit
266 840 328 881 ea
353 796 483 894 quae
519 796 813 894 reliquerat
843 818 1161 883 Cboniates,
1209 827 1281 869 ιιι-
1301 814 1390 869 hic
1420 796 1642 867 zonam

107 933 235 978 suam
264 916 638 973 narrationem
667 917 988 967 attexuerat.
1204 918 1209 921 '

162 1015 417 1068 Ceterum
446 1017 502 1062 et
560 1006 648 1060 bic
701 1005 840 1059 idem
891 1001 1037 1073 quod
1092 1000 1146 1054 in
1196 998 1461 1067 Choniate
1505 994 1640 1047 mihi

108 1124 211 1161 eum
242 1103 552 1163 accidisset,
588 1112 690 1153 nec
719 1096 896 1151 vicina
933 1092 1271 1163 temporibus
1304 1086 1514 1143 nostris
1544 1084 1647 1155 By-

110 1198 390 1253 zantiorum
442 1202 561 1246 seta
604 1198 794 1242 auctor
840 1186 933 1239 ille
983 1183 1250 1253 attigissent
1281 1198 1296 1233 :
1331 1179 1650 1247 nullumque

109 1294 330 1346 Graecum
362 1284 688 1353 scriptorem
735 1288 978 1340 exstare,
1026 1284 1119 1327 aut
1166 1259 1318 1326 certe
1369 1271 1502 1325 mihi
1530 1284 1651 1325 esse

110 1382 360 1451 cognitum
400 1376 667 1436 dolerem,
699 1370 790 1451 qui
821 1366 1029 1422 extera
1054 1380 1223 1434 usque
1275 1364 1341 1418 ad
1388 1363 1654 1417 Constan-

112 1473 355 1541 tinopolin
388 1487 421 1524 a
455 1468 649 1522 'l'nrcis
674 1446 1035 1533 occupatam,
1085 1468 1140 1514 et
1183 1459 1475 1528 imperium
1510 1456 1657 1511 Cra:-

112 1583 275 1622 corum
310 1583 337 1618 a
387 1564 689 1619 lahnmete
742 1569 964 1627 prorsus
1004 1567 1254 1607 eversum
1303 1564 1657 1620 persequere-

112 1668 230 1710 tur:
259 1653 548 1709 commode
592 1666 622 1703 ιι
651 1646 950 1703 clarissimo
984 1643 1102 1698 viro
1137 1642 1203 1705 ί).
1234 1639 1482 1709 Philippo
1507 1637 1659 1693 Gun-

113 1746 267 1811 datio;
286 1741 587 1797 Viennensi
627 1734 1060 1808 jurisconsulto.
1090 1733 1156 1786 ad
1208 1747 1294 1786 me
1333 1731 1529 1784 missus
1575 1738 1660 1783 est

112 1838 364 1893 iaouicus
395 1830 873 1900 Cbalcocondyies,
902 1842 1035 1897 quo,
1064 1835 1169 1879 uta
1190 1824 1503 1894 fatigatione
1532 1837 1660 1875 con-

113 1927 363 1984 rersionis
396 1923 644 1981 nonnihil
693 1921 1122 1989 acquiescerent,
1172 1914 1327 1968 avide
1378 1926 1654 1982 percurso,

112 2027 254 2093 plane
275 2021 411 2075 mibi
438 2016 775 2075 satisfactum
798 2026 922 2067 esse
951 2008 1180 2078 cognovi
1215 2024 1228 2059 :
1262 2006 1499 2074 atquein
1534 2018 1653 2057 eam

115 2111 434 2168 sententiam
463 2123 584 2163 sum
628 2103 921 2164 adductus,
967 2108 1025 2153 ιιι
1073 2099 1186 2153 fato
1218 2096 1473 2166 quodam,
1512 2094 1655 2162 quod

115 2204 255 2259 initio
289 2200 433 2264 disi,
465 2199 664 2251 factum
696 2207 817 2247 esse
846 2191 1237 2247 existimarem.
1278 2197 1336 2241 ut
1369 2194 1423 2240 et
1459 2186 1657 2239 libera-

115 2296 251 2349 litate
290 2301 406 2354 tua,
468 2298 521 2344 et
565 2282 998 2342 Dorensehwami
1035 2279 1323 2351 Byaantina
1360 2288 1414 2331 et
1452 2276 1658 2330 ‘Asiana

118 2381 570 2455 peregrinatione,
624 2388 681 2432 et
719 2390 842 2429 meo
884 2372 1251 2443 qualicunque
1282 2369 1484 2430 labore,
1520 2366 1662 2419 inte-

116 2491 257 2546 grutu
283 2473 457 2537 totius
479 2468 779 2541 Byzantina
807 2464 1057 2531 Historia:
1084 2476 1301 2531 corpus,
1328 2470 1381 2514 et
1413 2458 1663 2512 omnibus

118 2583 272 2637 prope
311 2563 561 2627 numeris
596 2560 711 2615 suis
749 2557 1076 2619 absolutum,
1115 2553 1316 2607 nostris
1354 2549 1664 2605 hominibus

119 2664 506 2727 proponeretur
535 2670 551 2707 :
582 2652 737 2719 cuius
764 2648 926 2705 lectio
955 2661 1060 2700 non
1086 2653 1193 2698 tam
1224 2642 1483 2713 jucunda,
1504 2654 1663 2709 quam

119 2747 361 2801 salutaris
385 2753 550 2809 esset,
594 2743 638 2797 si
664 2742 701 2796 ii
732 2741 823 2811 qui
856 2754 1038 2794 rerum
1082 2736 1385 2806 potiuntur,
1438 2748 1504 2787 ex
1540 2730 1669 2787 alie-

124 2841 197 2893 nis
226 2838 473 2908 peccatis
507 2851 606 2891 sua
644 2834 941 2899 emendare,
963 2837 1310 2885 conarentur.
1348 2825 1491 2880 idem
1522 2821 1666 2877 enim

123 2930 301 2995 hostis,
338 2929 434 2998 qui
470 2928 656 2981 beatas
686 2925 812 2979 olim
847 2922 989 2978 Asia:
1026 2928 1081 2974 et
1111 2917 1328 2973 Graeci:
1360 2914 1669 2985 provincias

124 3024 400 3090 oppressit,
436 3018 685 3076 vastavit.
718 3017 933 3078 evertit,
960 3014 1157 3067 nostris
1185 3008 1345 3063 etiam
1370 3006 1671 3060 cervicibus

128 3114 402 3184 imminet:
450 3120 505 3165 et
547 3117 788 3163 extrema
841 3116 1070 3175 queque
1118 3099 1231 3154 orbi
1262 3096 1587 3158 Christiano,
1620 3101 1673 3147 et

128 3193 547 3257 internecionem
578 3196 848 3269 religioni,
881 3196 1081 3249 frustra
1103 3193 1190 3247 'iih
1215 3191 1431 3260 quidem
1478 3194 1673 3256 (neque

128 3298 263 3351 enim
308 3293 517 3349 Christi
569 3289 873 3346 Servatoris
921 3284 1092 3341 nostri
1149 3282 1391 3352 potentia
1425 3276 1677 3332 immanis

130 3389 280 3442 armis
308 3386 453 3443 vinci
489 3391 707 3455 potest),
734 3380 827 3435 sed
861 3376 1019 3433 nobis
1050 3390 1157 3429 nou
1186 3374 1305 3427 sine
1329 3370 1547 3437 capitali
1581 3383 1677 3436 pe—

132 3479 290 3533 riculo
326 3480 565 3533 minatur
597 3492 613 3528 :
643 3482 698 3530 et
736 3472 812 3527 ita
839 3470 1098 3531 minatur,
1134 3473 1191 3519 ut
1228 3463 1332 3517 hoc
1359 3458 1681 3517 Christiana:

133 3574 441 3645 reipublicae
485 3578 624 3624 statu
652 3569 833 3636 (quem
862 3561 946 3617 vel
993 3558 1118 3614 mali
1151 3554 1349 3612 ominis
1394 3566 1555 3606 causa
1604 3550 1680 3601 vi-

134 3643 295 3729 tandi,
321 3665 410 3721 vel
441 3661 625 3733 nequi
654 3672 716 3713 se
750 3652 1041 3731 perstringi
1070 3656 1282 3719 putent,
1318 3660 1441 3700 cum
1474 3643 1681 3713 Byzano

137 3763 241 3815 tino
287 3758 436 3812 haud
481 3750 724 3819 confero)
760 3747 919 3800 minae
964 3742 1091 3812 ejus
1134 3755 1162 3789 a
1216 3739 1431 3791 nemine
1461 3735 1681 3787 conlato

137 3848 401 3904 contemni
445 3851 671 3912 queant.
718 3839 814 3893 Sin
864 3834 1027 3904 aliqui
1076 3832 1147 3884 ita
1179 3834 1420 3897 stupent,
1464 3834 1518 3876 ut
1571 3825 1685 3876 haec

138 3950 221 3993 aut
246 3952 358 3991 non
388 3933 690 4001 intelligant
717 3946 731 3982 :
754 3935 867 3986 aut.
894 3923 938 3978 si
961 3922 1289 3990 intelligunt,
1322 3931 1429 3969 non
1454 3919 1643 3967 curent
1667 3928 1680 3962 :

140 4043 241 4093 aut.
262 4031 307 4086 si
335 4036 551 4086 emant,
571 4038 680 4076 non
710 4022 765 4075 in
794 4033 862 4075 oo
892 4031 992 4100 pro
1017 4014 1156 4069 virili
1183 4012 1480 4073 elaborent,
1508 4006 1686 4065 omnia

140 4126 232 4179 bus
262 4122 493 4194 privatis
531 4096 972 4187 contentionibus
1004 4106 1242 4167 omissis,
1291 4110 1350 4155 ut
1397 4096 1687 4153 incolumi-

144 4216 226 4269 tati
279 4222 478 4267 nostra:
524 4206 888 4263 consulatur:
922 4199 1145 4254 evidens
1196 4191 1581 4263 indignatione
1610 4187 1693 4239 iti-

143 4306 270 4359 vina
296 4312 488 4357 contra
505 4312 623 4361 nos,
653 4305 709 4351 et
729 4291 969 4363 urgentis
998 4288 1199 4343 scelera
1216 4295 1396 4338 nostra
1418 4284 1685 4340 vindictae,

144 4394 272 4462 quod
303 4402 497 4446 auctor
532 4389 617 4440 hic
645 4383 829 4437 noster
862 4382 1052 4436 crebro
1085 4372 1352 4444 queritur,
1400 4385 1689 4439 argumen-

147 4496 245 4538 tum
272 4483 325 4537 id
360 4496 481 4536 esse
512 4478 777 4541 videatur.
832 4476 839 4483 '
1602 4469 1611 4477 '

1744 622 2059 675 miserarer.
2112 614 2221 669 Etsi
2277 611 2343 665 ad
2402 604 2930 662 commiserationem
2979 601 3159 654 clades
3200 599 3306 652 illa:

1742 721 1796 765 et
1841 705 2211 765 ﬂorentissimi
2250 698 2723 774 potentissimique
2775 692 3043 761 quondam
3098 689 3304 757 imperii

1746 804 1919 867 ruina,
1968 811 2022 854 et
2070 796 2397 852 Christiana:
2446 789 2718 858 religionis
2765 800 2795 839 e
2836 790 2915 838 tot
2964 780 3307 846 amplissimis

1742 890 2037 964 provinciis
2069 883 2389 956 profligatis,
2418 880 2500 933 vel
2522 894 2647 932 saxa
2673 887 3019 929 commovere
3046 870 3259 939 possint
3288 884 3303 920 :

1748 970 2190 1038 uestros—autem
2233 974 2501 1045 homines.
2544 968 2716 1031 ,simili
2759 971 2903 1019 statu
2953 976 3153 1024 rerum,
3208 973 3311 1013 nec

1749 1076 1961 1129 illorum
1988 1062 2409 1125 misericordia,
2443 1077 2543 1115 nec
2575 1058 2765 1113 similis
2801 1055 2950 1110 exitii
2986 1062 3130 1106 metu
3161 1067 3311 1105 rom-

1751 1163 1951 1221 moveri
1999 1163 2069 1217 sit
2119 1156 2469 1214 mirandum:
2506 1165 2604 1205 nec
2657 1146 3051 1216 desperandum
3100 1124 3309 1204 tamen,

1750 1258 1867 1313 fore
1899 1255 2116 1313 multos,
2147 1248 2237 1317 qui
2269 1245 2352 1299 bis
2388 1257 2496 1297 non
2528 1237 2782 1293 modoad
2816 1236 3167 1304 voluptatem,
3213 1232 3310 1286 sed

1752 1348 1916 1402 etiam
1939 1345 2005 1398 ad
2032 1342 2300 1412 publicam
2334 1336 2615 1390 utilitatem
2651 1330 2912 1399 legendis,
2951 1338 3099 1381 tuum
3133 1328 3312 1381 consi-

1758 1442 1885 1493 lium
1914 1433 2201 1493 laudaturi,
2219 1438 2273 1484 et
2295 1430 2436 1481 inter
2455 1434 2643 1480 cetera
2668 1427 2987 1474 ornamenta
3010 1432 3167 1485 quam
3197 1415 3321 1487 plu-v

1757 1530 1891 1583 rima
1908 1520 2242 1579 numeraturi
2263 1519 2391 1580 sint,
2416 1514 2505 1582 qui
2524 1511 2717 1565 illustri
2733 1506 3317 1574 monumentopostcris

1757 1621 1921 1675 etiam
1954 1614 2258 1673 consultum
2290 1607 2522 1663 volueris
2542 1621 2556 1657 ε
2577 1616 2631 1657 et
2662 1602 2951 1655 multorum
2980 1596 3318 1661 animos,his

1758 1708 2019 1778 operibus
2066 1704 2120 1756 iu
2168 1698 2443 1771 publicum
2475 1691 2651 1754 editis,
2706 1689 2769 1741 ad
2818 1688 3002 1755 patria:
3050 1682 3321 1737 defensio-

1762 1816 1883 1857 nem
1929 1798 2135 1865 majore
2174 1790 2353 1846 studio
2387 1781 2777 1852 suscipiendam
2809 1777 3082 1833 excitaris.

1692 1898 1733 1953 Β
1830 1862 2152 1959 Atque'hazc
2189 1884 2258 1938 de
2306 1879 2556 1933 historia.
2616 1873 2689 1927 De
2734 1880 2955 1925 auctore
3000 1883 3106 1921 non
3137 1862 3319 1918 multis

1763 1992 1846 2037 est
1889 1996 2045 2050 opus.
2100 1974 2234 2030 Nam
2279 1988 2386 2042 quo
2438 1966 2672 2038 ingenio,
2720 1962 2984 2021 doetrin'a,
3049 1958 3320 2017 facundia,

1766 2046 2089 2129 auctoritate
2116 2066 2257 2138 apud
2287 2076 2413 2119 suos
2443 2058 2622 2119 fuerit,
2660 2046 2775 2127 ipse
2812 2052 3023 2108 abunde
3062 2050 3320 2105 declarat.
3382 2102 3385 2105 _

1767 2163 1936 2229 Quem
1987 2174 2110 2214 cum
2162 2173 2223 2213 ea
2256 2170 2377 2225 qua:
2409 2153 2476 2207 dc
2510 2148 2769 2204 Michaele
2807 2144 3108 2212 i‘aheulugo
3153 2156 3325 2208 usque

1768 2257 1833 2308 ad
1865 2252 2255 2308 Catelanorum'
2282 2230 2348 2300 ab
2382 2242 2692 2298 Andronico
2721 2234 2930 2293 seniore
2966 2232 3325 2288 defectionem

1768 2344 1983 2410 Scribit,
2032 2358 2059 2395 a
2118 2338 2350 2409 Georgio
2402 2329 2756 2402 Pacbytucrio
2811 2333 3111 2378 mutuatum
3165 2334 3326 2386 esse,

1771 2436 2015 2505 atquein
2053 2428 2433 2500 compendium
2483 2422 2755 2489 redegisse
2803 2416 3174 2486 coguovissem
3216 2424 3328 2463 εει

1773 2528 2083 2596 Augustana
2138 2518 2461 2577 bibliotheca
2520 2512 2651 2567 illud
2699 2525 2837 2579 opus
2878 2516 3159 2575 acceptum
3206 2517 3331 2571 per-

1770 2617 1874 2686 legi
1926 2623 2052 2675 :.et
2098 2626 2218 2682 qua:
2267 2624 2375 2664 non
2430 2603 2641 2659 inutilia
2687 2600 3027 2660 videbantur,
3075 2602 3329 2664 excerpta

1778 2712 2030 2779 Grcgoraa
2076 2703 2251 2774 adieci
2285 2719 2299 2756 :
2333 2716 2422 2762 ne,
2455 2696 2628 2767 quoad
2669 2708 2880 2764 possem
2912 2701 2965 2745 et
2995 2690 3200 2751 liceret,
3226 2700 3330 2743 tvo-

1779 2800 1968 2853 luntati
2030 2808 2132 2851 tuae
2166 2804 2328 2861 atque
2378 2788 2559 2845 ofﬁcio
2588 2800 2708 2841 nteo
2750 2785 3017 2837 deessem.
3044 2780 3138 2841 .Ac
3177 2779 3330 2845 plura

1784 2909 1914 2950 sane
1942 2888 2300 2959 collegissem,
2341 2882 2442 2937 nisi
2475 2881 2523 2935 is
2554 2879 2721 2935 codex
2762 2886 2815 2929 et
2844 2872 3108 2943 principio
3136 2881 3190 2923 et
3230 2872 3335 2923 line

1783 2985 2023 3043 mutilus,
2064 2982 2118 3033 in
2148 2977 2328 3032 medio
2362 2974 2522 3026 etiam
2569 2970 2771 3040 aliquot
2814 2966 2955 3019 foliis
3000 2964 3192 3031 partim
3241 2976 3337 3012 ex-

1782 3077 1964 3137 sectis,
1999 3073 2190 3142 partim
2229 3065 2451 3123 marinis
2482 3061 2733 3117 ﬂuctibus
2779 3060 2859 3129 (ut
2888 3054 3102 3125 opinor)
3150 3056 3333 3104 made-

1784 3171 1959 3232 faetis,
2010 3176 2064 3221 et
2094 3162 2308 3221 iitteris
2358 3164 2647 3211 vetustate
2675 3148 3125 3210 esulescentibus,
3158 3146 3341 3197 studio

1702 3243 1747 3302 ε
1780 3278 1900 3315 meo
1931 3270 1985 3313 et
2006 3238 2175 3315 oculis
2205 3253 2457 3307 diuturna
2494 3246 2606 3300 fere
2636 3254 2691 3298 et
2722 3248 2981 3313 perpetua
3004 3239 3237 3315 lectione
3274 3253 3336 3288 ac

1778 3352 2071 3420 scriptione
2103 3345 2259 3401 fessis
2292 3353 2347 3398 et
2394 3336 2661 3395 hebetatis
2711 3337 3058 3388 vehementer
3093 3330 3341 3387 adversa-

1783 3454 1866 3496 tus
1912 3450 2077 3500 esset.
2120 3446 2283 3505 atque
2334 3427 2814 3487 incommodasset.
2847 3417 3333 3487 Chalcoroudyient

1781 3546 1959 3601 autem
1987 3546 2115 3587 suus
2153 3531 2437 3593 interpres,
2472 3537 2580 3591 qua
2607 3530 2687 3574 est
2721 3514 2967 3571 doctrina
2994 3521 3048 3565 et
3072 3512 3334 3579 eloquen-

1782 3628 1875 3687 tia,
1918 3623 1985 3676 ita
2018 3605 2435 3675 commendabit,
2470 3620 2529 3666 ut
2584 3608 2710 3662 mihi
2746 3606 2876 3659 satis
2902 3616 3049 3656 nunc
3088 3616 3208 3654 esse
3237 3598 3336 3651 de-

1784 3719 1929 3782 beat,
1961 3716 2005 3770 si
2040 3714 2253 3767 laborcs
2296 3710 2352 3764 bi
2400 3707 2505 3761 mei
2537 3703 2780 3771 :equitati
2812 3708 2863 3751 et
2898 3694 3203 3749 liberalitati
3234 3701 3338 3744 tum

1785 3806 2149 3871 commendati
2181 3800 2403 3861 fuerint,
2440 3804 2495 3850 et
2518 3791 2768 3864 -probati.
2817 3790 3067 3856 Auguste
3099 3782 3339 3836 Vindeli-

1786 3915 1997 3963 corpm,
2030 3894 2286 3967 postridie
2316 3890 2433 3944 Kal.
2469 3882 2732 3947 Januarii,
2768 3879 2898 3934 anni
2929 3895 2957 3932 ιι
2986 3874 3189 3931 Christi
3214 3868 3346 3925 Ser-

1787 3998 1985 4055 vatoris
2031 3974 2363 4047 humanitate
2396 3984 2554 4047 1559,
2583 3993 2742 4050 quem
2784 3978 2878 4031 tibi
2910 3976 3123 4043 tuisque
3153 3980 3208 4024 et
3238 3968 3339 4022 toti

1792 4103 2056 4146 terrarum
2100 4090 2373 4153 pacatum,
2410 4076 2619 4129 felicem
2660 4084 2725 4123 ac
2768 4067 3023 4123 faustum,
3063 4078 3125 4114 ex
3160 4059 3342 4112 animo

1792 4142 2005 4255 pret-or.
2027 4142 2181 4234 Fa'xit
2214 4176 2354 4228 Deus
2382 4170 2505 4240 Opt.
2544 4166 2705 4227 hiatu,
2732 4173 2789 4215 ut
2815 4155 3138 4213 Ferdinandi
3178 4142 3340 4221 primi

1793 4274 2035 4343 Augusti,
2066 4264 2402 4336 imperatoris
2448 4275 2508 4313 ac
2560 4254 2763 4312 domini
2814 4250 2988 4304 nostri
3035 4244 3343 4302 clementis-

1793 4363 1938 4426 simi,
1988 4362 2041 4413 iu
2098 4357 2283 4411 urbem
2327 4354 2485 4412 hanc,
2524 4348 2593 4402 ob
2636 4342 2980 4417 gravissimas
3028 4339 3096 4391 de
3135 4332 3342 4403 imperii

1794 4456 1956 4509 rebus
1982 4446 2423 4506 deliberationes.
2459 4442 2734 4511 ingressus
2766 4434 2890 4503 (sub
2917 4430 2967 4484 id
2996 4440 3210 4497 tempus
3236 4442 3344 4494 qno

210 4578 466 4648 Equidem
488 4574 631 4627 inter
658 4563 1081 4625 convertendum
1107 4564 1202 4613 hos
1229 4561 1543 4625 scriptores,
1565 4568 1685 4606 cum
1724 4580 1763 4633 υ
1798 4547 1962 4617 pacis,
2006 4538 2307 4596 concordiae
2334 4546 2389 4590 et
2424 4532 2593 4602 mutui
2627 4526 2825 4582 amoris
2857 4525 3046 4579 doctor
3074 4528 3130 4572 et
3165 4533 3348 4571 est-m-

1564 4647 1570 4648 ί
1833 4642 1840 4648 ·
2082 4634 2093 4644 ·
2132 4642 2143 4648 -
2253 4628 2269 4648 ·
2313 4643 2397 4648 -μ--
2446 4635 2663 4648 --η-ι-η-
2694 4620 2914 4648 ηιμ-ιο...
2957 4610 3158 4648 ...ηιςιηξ
3188 4624 3348 4648 ηρ,,,,,

149 4672 207 4725 ad
230 4674 619 4739 imperatorum
646 4664 708 4715 in
743 4657 1016 4729 fungendo
1054 4667 1281 4707 munere
1329 4647 1687 4719 oscitantiam,

153 4761 483 4816 tenac'tatem
515 4758 567 4810 in
596 4751 938 4809 necessariis.
969 4746 1313 4817 profusiones
1340 4740 1393 4792 in
1434 4752 1691 4806 superva.

154 4855 277 4916 cuis,
308 4865 364 4908 et
397 4849 649 4905 intestina
680 4844 851 4906 bella;
910 4851 1188 4907 procerum
1228 4846 1359 4889 veno
1401 4838 1455 4882 et
1498 4813 1693 4883 ducum

154 4947 422 5017 perfidiam
453 4957 517 4997 ac
567 4934 947 4995 temeritatem,
983 4924 1357 5001 religiosorum
1400 4919 1693 4980 inscitiam,
1746 4960 1749 4961 ν

154 5010 201 5091 et
230 5038 296 5091 de
340 5038 463 5089 Lina
492 5031 708 5101 caprina
738 5026 898 5085 rixas,
926 5016 1215 5089 populique
1259 5010 1605 5082 petulantiam
1639 5017 1693 5060 et

158 5130 437 5199 ignaviam,
454 5136 693 5177 omnium
712 5115 944 5184 denique
959 5109 1211 5167 ordinum
1230 5116 1468 5158 extrema
1505 5102 1697 5170 probra

161 5218 516 5281 pervenissent
545 5232 557 5268 :
587 5206 879 5278 contraun
898 5202 1199 5257 'l‘urcornm
1232 5189 1489 5263 majorem
1517 5192 1694 5253 iidem,

163 5294 408 5375 majorem
446 5301 830 5371 integritatem,
886 5292 1279 5349 fortitudinem,
1334 5281 1696 5345 clementiam,

167 5404 379 5456 virtutes
393 5397 634 5466 ipsorum
654 5391 881 5447 hostium
897 5385 1083 5456 elogiis
1094 5382 1193 5439 celi
1212 5376 1666 5445 brataglegissent
1686 5392 1698 5427 :

168 5498 228 5545 ita
252 5486 371 5547 sum
404 5486 588 5541 animo
627 5490 945 5543 commotus,
979 5485 1038 5531 ut
1058 5475 1261 5528 'l'urcos
1286 5471 1511 5536 imperio
1547 5469 1702 5534 longe

166 5582 427 5650 digniores
452 5574 744 5651 iudiearem
778 5587 793 5623 :
824 5582 878 5625 et
907 5571 1091 5623 fis-cem
1135 5580 1195 5616 ac
1243 5560 1509 5629 sentinam
1558 5555 1699 5607 iilattt

168 5650 489 5725 nefariorum
544 5661 817 5717 hominum
858 5670 965 5715 tam
1011 5658 1103 5731 diu
1150 5654 1312 5707 fuisse
1350 5648 1696 5710 incolumem,

228 5854 337 5923 (ss)
373 5852 493 5905 Non
536 5846 653 5909 H5,
684 5842 772 5899 Sed
802 5841 915 5897 157.
998 5836 1001 5837 '

1794 4642 1939 4709 pium
1970 4634 2217 4689 Christus
2244 4628 2421 4691 Jesus,
2446 4635 2663 4695 propter
2692 4620 2917 4673 salutent
2957 4610 3160 4666 inmani
3187 4624 3349 4678 gene-

1793 4733 1886 4793 ris,
1921 4724 2258 4781 dissimulata
2306 4717 2587 4772 divinitate
2617 4725 2734 4774 sua,
2766 4709 2933 4762 homo
2958 4702 3105 4758 nasci
3134 4698 3349 4763 voluit),

1794 4820 2031 4874 omnium
2080 4812 2406 4883 principum,
2445 4805 2685 4860 omnium
2736 4800 3027 4854 hominum
3075 4793 3285 4846 animos
3317 4805 3346 4842 τι

1798 4907 2018 4977 privatis
2050 4900 2440 4973 cupiditatibus
2476 4896 2541 4951 ad
2572 4908 2755 4950 curam
2795 4889 3023 4959 publica:
3070 4883 3283 4941 salutis,
3319 4896 3349 4931 a

1799 4999 1924 5050 luxu
1962 5006 2015 5049 et
2045 4990 2349 5060 corruptela
2382 5001 2591 5040 morum
2645 4986 2710 5037 ad
2759 4979 3107 5034 sobrietatem
3141 4982 3194 5021 et
3228 4967 3348 5020 vitae

1799 5088 2183 5156 integritatem,
2220 5082 2285 5135 ab
2318 5081 2454 5133 odiis
2504 5086 2557 5131 et
2608 5068 2972 5130 sinmltatibus
3017 5061 3081 5113 ad
3131 5074 3354 5110 concor-

1800 5181 1939 5234 diam
1974 5188 2028 5231 et
2060 5189 2319 5234 antorem,
2367 5188 2392 5222 τι
2439 5168 2572 5221 rixis
2606 5175 2657 5217 ct
2691 5154 3143 5225 disputationibus
3173 5153 3235 5201 ad
3266 5166 3357 5201 ιε-

1803 5288 1921 5327 rum
1954 5272 2154 5331 cuituiu
2189 5263 2479 5335 religionis,
2516 5274 2544 5312 a
2581 5254 2733 5309 bellis
2767 5261 2815 5304 et
2848 5247 3014 5301 armis
3044 5243 3109 5296 ad
3146 5243 3350 5294 tirtnam

1802 5374 1853 5421 et
1889 5372 2222 5417 constantem
2265 5370 2447 5425 pacem
2488 5352 2788 5403 conveatut.

1876 5458 2042 5527 Cujus
2072 5453 2175 5513 voti
2210 5450 2255 5504 si
2287 5462 2385 5501 nos
2412 5442 2589 5497 divina
2624 5434 2916 5489 liberalitas
2954 5428 3163 5500 (merita
3209 5419 3350 5473 ι·ιιὶιιι

1806 5564 1985 5606 nosne
2014 5546 2157 5599 nulla
2197 5540 2436 5613 profecto
2471 5536 2666 5603 jactare
2694 5538 3004 5595 possumus,
3046 5532 3143 5570 nec
3180 5513 3359 5566 minus

1807 5640 2006 5710 indigni
2038 5651 2220 5695 sumus
2245 5629 2426 5683 divino
2449 5624 2648 5678 uuleio
2680 5634 2839 5688 quam
2875 5614 3060 5680 indigi)
3086 5620 3363 5675 compotes
3392 5606 3401 5609 ’
