4036 6322
177 552 265 616 117
1579 560 1771 621 PRfJ

1807 560 1994 620 ΑΤΙΟ.
3303 553 3401 614 118

242 671 521 736 Alterum
566 674 858 738 codicem
882 675 1299 738 Parisiensem
1325 677 1520 752 priori
1549 677 1918 757 supplendo
1948 677 2446 756 comperimus-a
2485 675 2810 738 Friderico
2863 671 3278 750 Roslgasrdio
3325 690 3402 734 ex

169 776 459 838 Vaticano
477 779 897 858 exscriptum,
943 780 1335 858 missumque
1360 779 1632 842 Parisios
1659 781 1766 842 tali
1799 779 2242 860 propemptico
2273 797 2288 840 :

951 960 1020 998 AD
1058 961 1255 1000 ιιιιυι
1290 961 1496 1000 bllan
1533 959 1961 1000 DODECAS‘I'ICIION
1994 961 2262 1002 ηιυιιιιει
2299 961 2626 1016 κοδτςωηι).

167 1099 322 1174 Parve
350 1096 522 1161 liber,
542 1113 780 1167 propera
799 1098 1075 1162 dominam
1091 1102 1403 1172 pertingere
1423 1099 1490 1165 ad
1505 1098 1723 1174 rbem,
1828 1100 2038 1167 Nempe
2061 1099 2290 1169 iubente
2318 1099 2411 1153 illo
2437 1102 2624 1155 cuncti
2657 1109 2883 1168 patuere
2920 1064 3174 1151 recessus

225 1173 394 1240 Quam
425 1189 528 1229 rex
559 1176 793 1246 Europa
820 1186 998 1232 terror
1023 1191 1288 1248 amorque
1310 1177 1482 1234 fovet.
1706 1173 1711 1174 ί
1898 1180 2037 1236 Dum
2064 1189 2153 1232 tua
2183 1195 2293 1242 me,
2324 1180 2478 1234 dives
2503 1179 2778 1248 Sequana,
2815 1180 2930 1246 ripa
2961 1187 3134 1239 tenet,

161 1252 284 1308 inde
307 1255 676 1309 verecundus
704 1263 756 1309 te
785 1270 970 1310 sacras
998 1256 1190 1310 confer
1215 1258 1270 1310 in
1303 1257 1448 1311 aedes
1832 1257 2144 1328 Utiliusque
2179 1259 2365 1314 datum
2390 1268 2473 1312 est
2509 1257 2710 1324 regalia
2741 1266 2881 1309 tecta
2910 1256 3100 1309 subire

225 1333 369 1399 Quae
393 1333 511 1386 late
547 1331 776 1402 Augusti
809 1332 1144 1389 bibliotheca
1186 1337 1378 1405 replet.
1903 1338 2259 1408 Hillenosque
2292 1337 2443 1390 libris
2479 1335 2790 1404 invigilasse
2827 1334 2965 1387 dies.

145 1414 257 1477 Par
285 1411 383 1465 tibi
415 1414 698 1465 continuo
727 1421 925 1480 ιιι-εειο
948 1421 1034 1484 est
1062 1414 1272 1484 insigne
1305 1419 1566 1480 virorum,
1832 1418 1929 1472 Dic
1981 1432 2079 1485 pro
2113 1425 2191 1470 tot
2223 1416 2432 1469 meritis
2459 1428 2564 1482 qua
2600 1413 2708 1466 late
2730 1415 3046 1467 extenditur
3075 1413 3250 1472 orbis.

221 1492 314 1546 Ille
343 1505 511 1546 meus
546 1489 806 1546 Clemens
833 1491 1207 1561 Boivinusqne
1241 1509 1417 1548 meus.
1903 1495 2126 1550 Tellerii
2162 1496 2353 1555 laudes
2380 1509 2466 1547 mc
2494 1501 2775 1562 praeunte
2804 1497 2948 1558 cani,

160 1570 434 1624 Alteruter
467 1579 525 1624 te
553 1571 824 1637 deducet;
861 1572 946 1626 vel
971 1571 1152 1627 forsan
1180 1582 1411 1643 uterque
1442 1590 1459 1627 :
1835 1576 2076 1645 Quaeque
2113 1591 2244 1630 mea:
2271 1581 2511 1627 renuunt
2536 1581 2729 1625 tenues
2756 1574 3067 1641 persolvere
3098 1573 3266 1632 vires.

219 1647 404 1703 Comis
431 1651 595 1705 enim
627 1659 739 1705 tota
771 1659 859 1705 est
885 1650 1034 1709 natio
1072 1650 1466 1722 Francigenum
1495 1671 1511 1709 :
1913 1655 2016 1710 l‘ro
2041 1670 2129 1709 me
2169 1654 2446 1708 Musarum
2481 1648 2714 1704 reddere
2745 1650 2885 1704 velle
2921 1652 3180 1706 chorum.

159 1727 218 1782 Et
247 1736 299 1782 te
326 1727 586 1785 Tellerio
613 1731 806 1796 sistet;
845 1739 906 1786 tu
942 1738 1188 1802 tempore
1216 1733 1364 1792 laudi
1841 1735 2022 1791 Unum
2056 1733 2162 1788 hoc
2187 1733 2347 1793 adde,
2371 1731 2531 1799 liber,
2561 1742 2679 1786 non
2709 1738 2762 1784 te
2791 1746 2891 1800 pro
2914 1746 3142 1785 munere
3174 1730 3340 1791 mitti,

220 1805 525 1876 Exspecta,
564 1818 623 1862 et
655 1809 812 1864 venia
834 1809 1044 1878 dissere
1072 1826 1243 1879 pauca
1273 1811 1420 1865 data.
1913 1813 2019 1868 Sed
2056 1811 2147 1866 lidi
2181 1812 2379 1880 pignus
2399 1812 2583 1867 cordis
2607 1824 2664 1866 et
2695 1810 2971 1877 obsequii.

157 1884 247 1938 Die
295 1899 328 1936 a
390 1900 514 1955 quo
565 1887 770 1941 missus
797 1889 1011 1948 venias.
1038 1897 1094 1942 et
1115 1905 1282 1958 quam
1315 1905 1523 1944 memor
1555 1903 1731 1959 usque
1833 1890 1900 1945 Et
1931 1890 2151 1944 dabitur
2182 1889 2390 1953 forsan.
2425 1889 2469 1941 si
2504 1888 2752 1942 crederis
2781 1887 2934 1942 utilis
2963 1886 3081 1950 ulli,

218 1961 446 2020 litteris
482 1965 718 2022 Tellerii
754 1968 976 2022 nomina
1004 1977 1193 2033 sancta
1219 1969 1384 2024 colat.
1905 1968 2135 2035 Augusti
2165 1965 2222 2020 in
2256 1965 2451 2020 forulis
2483 1975 2543 2020 ut
2568 1967 2781 2036 potiare
2815 1967 2960 2021 loco.

1589 2081 1844 2144 Scriptum
1872 2079 2038 2131 Romae
2063 2095 2108 2131 ι.
2141 2079 2192 2131 d.
2229 2079 2358 2130 XXII
2382 2080 2493 2130 nali
2517 2077 2810 2132 MDCXCIX.

226 2252 622 2314 Versionem
653 2249 937 2312 Latinam
966 2248 1135 2312 inter
1161 2266 1228 2312 se
1251 2248 1457 2328 partiti
1492 2253 1640 2310 sunt
1673 2249 2116 2338 adolescentes
2163 2254 2316 2318 tres,
2359 2247 2844 2310 seminariorum
2897 2247 3327 2309 Berolinensis
3357 2255 3418 2308 et

157 2355 522 2419 Bonnensis
550 2354 818 2417 alumni.
855 2355 1074 2434 Itaque
1111 2353 1309 2422 libros
1337 2351 1436 2424 24,
1469 2351 1569 2428 25,
1614 2351 1690 2413 26
1719 2353 2175 2431 interpretatus
2207 2359 2301 2414 est
2345 2351 2704 2414 Guilelmus
2735 2350 2977 2424 Kundt,
3013 2350 3413 2420 'Marcliicus;

153 2463 222 2522 27
269 2456 478 2522 ad'37
536 2457 681 2521 sive
736 2457 836 2536 38,
871 2457 1191 2538 Iosephus
1228 2457 1591 2526 Reisacker.
1651 2456 2259 2535 Dusseldorpiensis,
2323 2463 2385 2518 et
2441 2456 2684 2518 Natlian
2735 2455 3136 2545 Rosenstein,
3199 2454 3414 2515 Denti-

152 2580 409 2632 ςωηιιε.
