3990 6334
627 329 735 396 ‘75
875 326 950 400 [Α.
992 344 1050 385 ιι.
1089 328 1221 387 679i
1261 347 1328 386 an
1366 329 1529 402 6836]
1741 335 2191 397 .NICEPHORI

2275 329 2622 393 “360333
2886 319 3021 392 [ιιιρ.
3062 334 3344 376 nonnum.
3403 318 3552 391 δικ]
3743 317 3851 384 476

626 453 685 497 et
715 445 770 498 in
799 445 1036 501 vincula.
1075 453 1132 498 ut
1157 444 1414 506 diximus,
1451 443 1753 507 conjectum
1790 445 1854 498 ad
1888 449 2202 514 imperato-.

2277 440 2613 508 εἰρήκειμεν,
2640 432 2829 516 τούτον
2852 432 3164 503 ιπεπόμφει
3183 431 3261 503 τῷ
3291 429 3707 501 βασιλεί.’Δλλά
3740 431 3851 500 γὰρ

628 547 742 586 rem
777 535 944 588 misit.
996 535 1076 588 0b
1123 534 1253 588 illud
1289 535 1494 589 crimen
1533 523 1948 607 Syrgiannesin
1993 545 2178 591 custo-

2285 531 2477 598 εἱρκτῇ
2521 524 2848 608 παραδοθεὶς
2879 524 2966 578 διὰ
3013 524 3111 594 τὴν
3153 523 3408 590 τοιαύτην
3443 522 3674 575 αίτίανό
3706 521 3849 591 Zop-

629 626 776 679 diam
805 627 964 679 datus
994 626 1086 679 diu
1116 640 1334 697 carcere
1378 625 1616 680 inclusus
1656 611 1874 681 mansit.
1912 627 2016 680 Sed
2056 642 2179 681 cum

2283 621 2527 690 γιάννης,
2562 617 2741 687 ἔμεινε
2773 614 2963 684 χρόνον
2991 616 3050 667 ὲν
3075 612 3247 685 ταύτῃ
3277 613 3493 681 συχνόν.
3536 611 3688 663 Ἐπεὶ
3725 611 3785 664 δὲ
3822 611 3850 679 ἠ

629 717 748 785 ejus
782 727 952 770 mater
979 716 1180 785 gemitu
1215 727 1269 770 et
1299 716 1549 786 lacrymis
1580 718 1758 771 aulam
1800 718 2046 787 quotidie
2073 719 2177 772 im—

2291 711 2471 778 μήτηρ
2504 709 2564 762 ού
2595 707 2834 760 διέλιπεν
2871 705 3122 775 ὀδυρμοῖς
3156 703 3250 755 καὶ
3285 702 3515 771 δάκρυσι
3543 699 3853 772 προσιοῦσι

634 807 825 874 pleret,
858 819 913 859 et
938 807 1127 873 quavis
1149 807 1403 862 cautione
1418 787 1607 859 \oblata
1643 809 1808 860 lilium
1838 809 2063 876 supplex
2097 823 2178 862 re.

2288 804 2397 863 τοῖς
2436 801 2557 870 περὶ
2607 800 2692 852 τὸν
2732 797 2956 868 βασιλέα
3001 798 3097 848 καὶ
3139 795 3458 849 ἱκετεύουσα
3487 795 3579 846 καὶ
3613 794 3708 845 τὸν
3733 793 3855 846 υίὲα

633 907 900 965 posceret.
939 913 1077 968 aegre
1107 900 1322 952 tandem
1364 899 1653 966 impetrare
1686 900 1881 967 potuit.
1922 909 1979 952 ut
2003 915 2032 952 e
2058 914 2179 952 car-

2288 892 2644 961 ὲξαιτουμένη
2690 889 2786 943 καὶ
2826 891 3007 951 πάσας
3032 882 3254 956 ἰγγύας
3297 885 3696 954 προϐάλλουσα,
3755 882 3855 952 ὀψὲ

633 1005 757 1042 eere
806 979 1172 1042 educeretur.
1211 989 1330 1043 Non
1386 989 1534 1055 prius
1587 999 1763 1042 tamen
1820 989 1871 1042 id
1923 989 2180 1056 obtinuit,

2289 984 2381 1036 καὶ
2435 983 2585 1051 μόλις
2638 979 2868 1049 ἐδυνήθη
2908 978 3006 1047 τῆς
3053 977 3279 1045 εἱρκτῆς
3312 976 3475 1030 αὐτὸν
3523 975 3808 1040 ἐξελέσθαι
3836 985 3854 1004 ·

632 1096 792 1146 quam
832 1082 920 1133 ille
953 1081 1154 1147 scripto
1203 1081 1564 1149 jurejurando
1601 1095 1782 1143 coram
1839 1091 2182 1133 sacrosancta

2287 1075 2425 1142 πλὴν
2450 1074 2507 1126 ού
2537 1072 2822 1142 πρότερον,
2855 1071 2986 1141 πρὶν
3017 1070 3082 1122 ἂν
3107 1069 3418 1138 ἐγγράφους
3446 1066 3857 1122 αύτδνᾰποδοῦ-

636 1171 867 1237 imagine
895 1169 1212 1222 eastissimae
1241 1171 1330 1222 Dei
1362 1169 1652 1223 Genitricis
1682 1168 2019 1237 Hodegi-triae
2043 1185 2182 1238 prie-

2285 1183 2373 1219 ναι
2425 1163 2502 1234 τῷ
2537 1163 2745 1234 βασιλεῖ
2776 1163 2900 1224 τοὺς
2928 1163 3125 1231 ὅρκους
3151 1159 3380 1214 ἐνώπιον
3409 1160 3506 1229 τῆς
3532 1160 3682 1218 θείας
3711 1159 3855 1212 εικό-

635 1264 781 1321 stito,
819 1263 1052 1314 cavisset
1095 1262 1432 1330 imperatori,
1478 1277 1753 1331 nunquam
1791 1277 1863 1315 sel
1880 1263 1998 1331 ejus
2018 1262 2188 1333 jussis

2288 1275 2376 1319 νος
2402 1257 2498 1323 τῆς
2524 1254 2828 1325 ὑπεράγνου
2849 1253 2934 1325 [Ρ.
2962 1252 3086 1324 18‘]
3123 1253 3451 1321 θεομήτορος
3477 1252 3579 1320 τῆς
3616 1252 3856 1320 Ὀδηγη-

633 1359 821 1418 postea
853 1351 1291 1406 adversaturutn.
1817 1409 1820 1412 λ

2287 1349 2466 1419 τρίας.
2501 1349 2576 1419 μὴ
2600 1353 2711 1412 τοῖς
2737 1348 2831 1401 τοῦ
2862 1347 3129 1419 βασιλέως
3169 1348 3591 1417 προστάγμασιν
3629 1345 3857 1420 ἐναντία

1433 1504 1445 1509 ,
2291 1440 2422 1494 ποτὲ
2451 1437 2875 1508 διαπράξασθαι.

707 1524 768 1579 ν.
819 1524 908 1577 Sic
954 1524 1044 1578 ille
1086 1516 1232 1576 omni
1279 1516 1909 1593 suspicione-liberatus
1955 1522 2189 1594 principi

2361 1529 2726 1598 Ε’.Ἀλλά-γὰρ
2749 1528 2893 1582 οὓτω
2910 1527 3087 1597 πάσης
3105 1525 3341 1596 ὑποψίας
3363 1523 3698 1591 ἀπολυθεὶςίό
3713 1524 3858 1592 ἀνὴρ

631 1613 771 1667 bene
821 1615 1018 1667 merito
1057 1615 1260 1684 optimc
1299 1615 1436 1668 vello
1473 1613 1802 1668 credebatur
1842 1632 1858 1670 :
1905 1629 1934 1667 a
1984 1629 2092 1683 quo
2137 1624 2190 1670 et

2292 1622 2386 1673 καὶ
2413 1621 2591 1672 πᾶσαν
2621 1617 2834 1671 εὔνοιαν
2854 1616 3141 1683 διασώζειν
3172 1616 3560 1685 πιστευόμενος
3601 1616 3738 1685 πρὸς
3759 1617 3855 1670 τὸν

631 1705 794 1774 299
821 1708 864 1759 is
901 1708 1072 1760 honor
1104 1708 1153 1760 ei
1187 1705 1402 1760 habitus
1429 1715 1530 1767 est,
1569 1716 1630 1759 ut
1663 1706 1824 1759 etiam
1854 1720 2183 1760 arcanorum

2294 1712 2589 1782 εὐεργέτην
2633 1712 2729 1763 καὶ
2750 1711 3076 1782 ἀπορρήτων
3100 1712 3215 1784 ἠδη.
3233 1710 3491 1773 κοινωνὸς
3523 1709 3742 1778 ἠξιοῦτο
3773 1709 3859 1776 γί-

632 1798 901 1863 particeps
934 1795 1103 1850 fieret.
1143 1799 1217 1849 Ac
1267 1797 1406 1849 inter
1434 1803 1628 1849 caetera
1661 1794 1792 1870 illud
1823 1809 2038 1863 quoque
2065 1795 2184 1864 ejus

2287 1803 2534 1872 γνεσθαι,
2558 1801 2632 1864 ὡς
2650 1801 3010 1869 πιστευθῆναι
3028 1801 3212 1855 λοιπὸν
3243 1800 3339 1854 καὶ
3355 1800 3502 1854 τουτὶ
3522 1798 3860 1870 τδάπόρῤηα

635 1884 756 1938 fidei
787 1886 1138 1939 commissum
1172 1885 1292 1950 fuit,
1327 1894 1387 1939 ut
1423 1885 1658 1939 furtivus
1686 1885 1850 1940 veluti
1877 1894 2062 1945 custos
2089 1875 2201 1939 ἰηιέ

2283 1913 2393 1959 τον,
2413 1893 2578 1962 λέγω,
2595 1893 2657 1946 τὸ
2678 1892 2850 1961 φύλαξ
2867 1892 3142 1948 λανθάνων
3163 1895 3432 1963 περιϊέναι
3447 1892 3544 1947 καὶ
3565 1894 3857 1959 προσιέναι

626 1983 941 2043 peratorem
1007 1975 1380 2030 Andronicum
1440 1975 1713 2046 juniorem
1790 1977 2184 2033 circumeundo

2283 1985 2360 2056 τῷ
2389 1988 2596 2055 ἑγγόνῳ
2621 1984 2716 2039 τοῦ
2745 1983 3008 2054 βασιλέως
3051 1984 3378 2055 ’Δνδρονίκῳ
3406 1983 3484 2054 τῷ
3508 1983 3739 2052 βασιλεῖ,
3777 1982 3857 2052 μὴ

632 2065 1014 2133 adeundoque,‘
1067 2079 1137 2118 ne
1193 2063 1584 2120 clandestinam
1638 2065 1816 2134 fugam
1874 2067 2181 2132 moliretur,

2282 2077 2421 2150 λάθῃ
2439 2076 2644 2145 φυγὼνι
2667 2076 2744 2139 ὡς
2765 2075 3006 2146 ἔφθημεν
3026 2075 3329 2147 είρηκότες.
3346 2074 3406 2130 ὀ
3427 2076 3508 2139 δὲ,
3529 2076 3578 2128 εί
3601 2074 3708 2144 χρὴ
3736 2077 3858 2138 ταῖς

632 2156 982 2220 observaret;
1008 2155 1471 2225 quemadmodum
1503 2171 1665 2226 supra
1692 2157 1947 2212 diximus.
1973 2161 2040 2212 At
2071 2159 2181 2225 ille,

2283 2168 2391 2223 τῶν
2403 2168 2609 2223 πολλῶν
2635 2167 2932 2236 ὑπολήψεσι
2959 2166 3260 2232 πείθεσθαι,
3278 2167 3536 2237 φίλαρχος
3552 2165 3629 2218 ὣν
3646 2165 3738 2218 ἀεὶ
3763 2165 3858 2218 καὶ

632 2244 678 2297 si
720 2244 851 2312 quid
896 2245 1042 2313 vulgi
1081 2243 1432 2312 Opinionibus
1481 2244 1812 2303 credendum
1866 2257 1969 2311 est,
2018 2246 2184 2311 homo

2285 2260 2477 2329 καιροῦ
2512 2258 2586 2328 μὴ
2618 2258 2797 2329 τυχὼν
2819 2258 3030 2312 οὐδέπω
3059 2257 3120 2311 τὸ
3155 2257 3478 2328 βουλόμενον
3513 2257 3858 2324 ινδείεασθαι

635 2329 850 2402 semper
885 2336 1233 2400 ambitiosus,
1265 2334 1351 2390 cui
1384 2336 1584 2390 mentis
1611 2335 1948 2391 declaranda:
1996 2337 2179 2392 hacte-

2282 2349 2379 2418 τῆς
2415 2348 2592 2419 ψυχῆς
2633 2347 2727 2402 νῦν
2767 2346 2906 2416 ἔγνω
2948 2348 3140 2417 καιρὸν
3178 2341 3317 2401 εἶναι
3356 2346 3547 2400 τοῦτον
3601 2347 3711 2399 ὑπὸ
3757 2346 3858 2412 τῆς

633 2441 738 2479 nus
768 2425 1029 2480 defuisset
1059 2427 1294 2490 occasio,
1329 2426 1569 2480 oblatum
1599 2428 1832 2497 denique
1880 2443 1911 2483 a
1968 2428 2184 2483 fortuna

2284 2439 2452 2508 τύχης
2495 2439 2909 2517 παρεσχημένον
2959 2439 3082 2491 κατ’
3125 2438 3372 2507 ἀλλήλων
3427 2439 3552 2500 τοὺς
3594 2436 3856 2506 βασιλέας

633 2526 1002 2586 opportunum
1036 2525 1249 2586 tempus
1278 2518 1467 2572 adesse
1495 2517 1844 2584 existimavit,
1875 2533 1984 2589 quo
2007 2519 2184 2589 impe-

2288 2529 2673 2596 ἐκπολεμώσας
2723 2529 2816 2580 καὶ
2853 2529 2922 2580 τὰ
2985 2527 3273 2602 Ίζωμαίων
3305 2527 3447 2582 οὕτω
3496 2529 3857 2598 συγκυκήσας

635 2609 913 2662 ratoribus
948 2609 1088 2662 inter
1120 2624 1176 2662 se
1209 2609 1351 2662 bello
1388 2600 1715 2673 commissis,
1761 2617 1817 2666 et
1865 2610 2029 2664 rebus
2073 2610 2184 2666 Ro-

2286 2618 2501 2672 ἀπαντα
2533 2617 2856 2686 πράγματα,
2891 2617 2999 2671 τῶν
3026 2600 3519 2689 ’σκήπτρωναῦτδς
3553 2619 3817 2690 ἐπιϐῆναι
3837 2637 3851 2651 ⁸

637 2715 918 2754 manorum
951 2701 1174 2754 omnino
1196 2701 1276 2755 sic
1305 2699 1659 2769 perturbatis,
1689 2701 1802 2770 ipse
1824 2701 2061 2770 sceptris
2085 2716 2184 2770 po-

2285 2708 2318 2777 ῆ
2360 2708 2420 2760 τό
2461 2724 2526 2774 γε
2570 2707 2838 2779 δεύτερον,
2877 2709 3042 2780 μέρος
3090 2714 3189 2782 τῆς
3239 2710 3368 2776 ὅλης
3413 2710 3522 2764 τῶν
3561 2711 3856 2782 Ῥωμαίων

634 2796 862 2859 tiretnr;
899 2806 993 2846 aut
1021 2794 1208 2847 saltem
1241 2792 1490 2861 portione
1524 2792 1706 2862 aliqua
1735 2807 1768 2847 τι
1800 2800 1914 2847 ιοιο
1955 2791 2186 2860 imperio

2285 2800 2584 2870 ἡγεμονίας
2644 2801 3054 2870 ἀποτεμόμενος
3101 2803 3182 2864 είς
3228 2801 3436 2855 οίκείαν
3492 2802 3671 2872 ἀρχὴν
3719 2801 3856 2854 αύτδ

635 2885 832 2948 recisa,
889 2885 1170 2953 proprium
1228 2884 1334 2938 sibi
1389 2883 1751 2952 principatum
1807 2882 2183 2940 constitueret.

2287 2891 2753 2958 καταστήσασθαι.
2799 2892 2963 2945 Ὅθεν
3007 2891 3334 2962 ’Δνδρονίκῳ
3363 2890 3444 2962 τῷ
3485 2893 3593 2962 νέῳ
3613 2879 3859 2961 ’βασιλεῖ

634 2975 820 3044 Itaque
874 2975 1252 3044 imperatorem
1309 2973 1677 3048 Andronicum
1721 2974 1992 3045 juniorem
2049 2975 2183 3041 adit,

2291 2964 2598 3050 προσελθὼν
2615 2983 2761 3038 ἀπαν
2785 2985 2876 3037 τοῦ
2903 2985 3127 3038 πάππου
3153 2989 3247 3040 καὶ
3266 2984 3525 3054 βασιλέως
3545 2984 3857 3055 ἀνεκάλυψε

631 3069 792 3134 eique
843 3067 928 3120 avi
982 3067 1330 3136 imperatoris
1379 3081 1638 3121 arcanum
1687 3080 1849 3121 omne
1896 3068 2182 3122 consilium

2287 3073 2345 3124 τὸ
2392 3073 2721 3143 ἀπόρρητον,
2753 3074 2951 3142 λέγων,
2988 3075 3064 3138 ὡς
3099 3095 3118 3128 ι
3161 3074 3295 3146 Ἐμὲ
3323 3074 3423 3145 μὲν
3453 3069 3542 3129 οἶά
3566 3091 3688 3127 τινα
3712 3074 3860 3130 κύνα

616 3145 811 3228 aperit
842 3178 855 3212 :
892 3180 911 3211 ι
960 3160 1064 3226 Me,
1110 3161 1312 3229 inquit,
1368 3163 1662 3228 imperator
1722 3159 1889 3214 veluti
1936 3174 2184 3228 sagacem

2293 3164 2680 3234 ρινηλατοῦσαν
2718 3167 2785 3219 τὰ
2814 3165 2881 3220 σὰ
2916 3145 3259 3237 βουλεύματα
3282 3166 3510 3235 τέταχεν
3533 3169 3562 3220 ό
3596 3165 3859 3235 βασιλεὺς

634 3269 824 3307 canem
851 3260 970 3307 tuas
997 3253 1358 3321 cogitationes
1385 3251 1601 3330 odorari
1628 3251 1790 3322 jussit
1815 3267 1829 3304 :
1859 3261 1915 3306 et
1938 3265 2062 3306 cum
2091 3250 2184 3304 ille

2290 3256 2417 3326 περί
2444 3269 2504 3308 σε
2525 3272 2540 3285 '
2555 3259 2582 3309 ό
2601 3257 2656 3309 δὲ
2683 3257 2915 3324 κάθηται
2937 3256 3286 3321 συσκευάζων
3303 3258 3538 3328 ἀγχόνας
3562 3259 3658 3311 καὶ
3677 3258 3859 3327 δεσμὰ

634 3355 856 3399 catenas
892 3345 990 3398 tibi
1027 3353 1080 3397 et
1111 3343 1326 3399 vincula
1361 3342 1682 3406 fabricetur,
1715 3329 1772 3398 tu
1804 3342 2025 3412 ignarus
2052 3356 2185 3411 pue—

2292 3347 2432 3398 κατὰ
2463 3347 2557 3399 σοῦ
2579 3364 2594 3378 ·
2619 3349 2684 3400 σὺ
2710 3348 2756 3400 δ’
2782 3348 2989 3414 ἀγνοῶν
3017 3333 3252 3416 κάθησαι
3280 3350 3491 3418 νηπίων
3519 3347 3860 3418 βουλεύμασι

634 3436 754 3491 tilia
780 3436 1004 3490 consilia
1044 3436 1234 3506 agitas.
1269 3433 1407 3502 Quid
1445 3435 1586 3488 enim
1619 3433 1718 3488 tibi
1751 3433 2016 3504 profuerit
2038 3432 2182 3486 clam

2291 3436 2676 3506 γαυρούμενος.
2725 3439 2790 3490 Τί
2828 3439 2934 3509 γάρ
2981 3455 3063 3491 σοι
3112 3440 3173 3492 τὸ
3209 3438 3401 3506 ὄφελος
3446 3440 3861 3495 ἀποπλεύσαντι

635 3527 694 3580 in
721 3527 888 3581 altum
920 3526 1116 3580 deferri
1163 3534 1217 3581 et
1248 3540 1472 3595 peregre
1505 3525 1678 3589 abire,
1711 3525 1804 3581 ubi
1834 3525 2011 3579 aliena
2050 3539 2186 3593 qua-

2290 3527 2461 3598 λάθρα
2488 3529 2624 3598 προς
2651 3529 2932 3601 ἀλλοτρίαν
2960 3530 3432 3602 οῐχεσθαινχῶραν,
3451 3528 3579 3584 ἔνθα
3599 3531 3859 3601 καθάπερ

630 3618 731 3671 dra
762 3617 928 3686 (quod
964 3617 1136 3686 aiunt)
1172 3616 1464 3671 vivendum
1495 3616 1592 3671 tibi
1626 3617 1753 3682 erit,
1786 3617 1830 3670 si
1863 3630 1949 3670 res
1983 3617 2186 3684 optime

2289 3619 2457 3690 δούλῳ
2481 3621 2659 3687 δεήσει
2691 3621 2984 3698 καθημένῳ
3008 3622 3144 3690 πρὸς
3172 3621 3458 3692 ἀλλοτρίαν
3477 3621 3699 3693 βλέπειν
3729 3624 3864 3693 τρά-

631 3710 809 3770 cadat,
844 3716 899 3761 et
946 3723 1053 3761 non
1087 3707 1222 3762 illud
1256 3707 1481 3771 accidat,
1522 3715 1582 3760 ut
1628 3700 1696 3761 ab
1743 3707 2049 3776 hospitibus
2095 3714 2188 3760 aut

2292 3698 2481 3774 πεζαν,
2527 3711 2726 3764 ὁπόταν
2773 3712 2902 3774 ίσως
2959 3711 3094 3782 μηδὲ
3155 3713 3411 3782 φονεῦσιν
3458 3713 3688 3785 mam;
3745 3718 3861 3779 τοῖς

634 3802 948 3864 trucideris,
986 3809 1078 3854 aut
1113 3799 1165 3852 in
1199 3798 1543 3866 imperatoris
1589 3798 1676 3851 avi
1706 3813 1888 3853 cassos
1933 3799 2186 3870 laqueos-

2293 3802 2577 3864 ξενίζουσι,
2613 3801 2749 3871 μηδὲ
2777 3803 2897 3864 ταῖς
2930 3802 3024 3855 τοῦ
3057 3805 3282 3858 πάππου
3315 3804 3412 3858 καὶ
3458 3805 3726 3876 βασιλέως
3759 3808 3861 3878 ἄρα

634 3911 744 3965 que
779 3892 1006 3946 incidas.
1035 3889 1192 3955 Quod
1223 3890 1269 3944 si
1303 3889 1422 3943 istis
1441 3888 1879 3958 cogitationibus,
1903 3904 2024 3959 quae
2054 3904 2186 3966 pue-

2293 3911 2418 3946 κυσι
2448 3897 2541 3947 καὶ
2576 3895 2778 3961 πάγαις
2800 3895 2945 3964 ἀλῷς
2969 3913 2984 3963 ;
3011 3895 3075 3948 ΕΞ
3105 3897 3163 3950 δὲ
3196 3897 3371 3950 πάντα
3406 3898 3542 3966 πρὸς
3556 3895 3732 3966 λήθης
3765 3897 3861 3967 βυ-

637 4001 759 4040 rum
791 3985 1028 4053 sapiunt,
1061 3981 1274 4051 penitus
1303 3979 1560 4053 oblivioni
1599 3979 1838 4045 traditis,
1879 3980 2103 4034 meliora
2132 3989 2189 4034 et

2294 3986 2420 4046 θοὺς
2450 3987 2513 4037 τὰ
2539 3986 2780 4054 νηπιώδη
2803 3985 2979 4040 ταῦτα
3005 3986 3169 4056 ῥίψας
3194 3988 3543 4056 βουλεύματα
3567 3989 3861 4058 πεισθείης

637 4076 918 4134 salutifera
952 4073 1198 4137 consilia,
1234 4071 1414 4142 qualia
1461 4087 1560 4142 ego
1593 4070 1832 4128 daturus
1856 4086 1999 4137 sum,
2033 4069 2185 4139 sequi

2295 4075 2416 4142 ἐμοὶ
2449 4075 2512 4127 τά
2547 4074 2739 4145 βελτίω
2763 4092 2844 4128 σοι
2879 4076 2975 4130 καὶ
3008 4079 3253 4148 σωτήρια
3284 4077 3726 4149 συμϐουλεύοντι,
3760 4081 3862 4133 ούκ

637 4170 896 4227 volueris,
946 4165 1078 4220 nihil
1122 4163 1378 4224 obstabit,
1407 4163 1696 4230 quominus
1726 4177 1992 4217 summam
2027 4173 2184 4232 pote-

2291 4167 2356 4218 ἂν
2384 4168 2604 4234 φθάνοις
2629 4169 2696 4220 τά
2718 4169 3091 4238 σκῆπτραξτῆς
3116 4170 3544 4239 αὐτοκρατορίας
3563 4170 3862 4240 λαμϐάνων

636 4270 830 4315 statem
863 4260 1038 4327 primo
1066 4269 1281 4325 quoque
1314 4263 1555 4321 tempore
1578 4252 1712 4306 citra
1745 4253 1914 4306 ullum
1942 4253 2185 4308 laborem

2291 4259 2542 4330 ἀπονητί.
2582 4259 2729 4330 Μίαν
2766 4260 2874 4330 γάρ
2903 4261 3324 4330 ἀνυσιμωτάτην
3361 4262 3475 4330 ὁρῶ
3520 4263 3659 4331 πρὸς
3696 4263 3863 4316 τοῦτο

641 4352 894 4420 arripias.
922 4350 1135 4408 Etenim
1163 4362 1322 4401 unam
1354 4360 1472 4400 esse
1499 4344 1676 4402 video.
1709 4360 1815 4413 qua
1849 4343 1902 4398 id
1929 4359 2186 4413 assequa-

2295 4348 2565 4417 φέρουσαν
2609 4349 2883 4416 ἀφορμὴν,
2915 4349 2980 4416 ἢν
3026 4351 3216 4418 φυγὼν
3246 4350 3305 4403 τδ
3338 4344 3630 4415 Βυζάντιον
3661 4353 3723 4415 ές
3761 4355 3863 4417 τὰς

641 4459 722 4507 re,
750 4439 1169 4510 efﬁcacissimam
1194 4436 1353 4506 300
1375 4437 1659 4506 rationem.
1686 4435 1953 4489 Nimirum
1983 4435 2187 4506 Byzan-

2293 4437 2391 4504 τῆς
2419 4436 2638 4507 Θρᾴκης
2671 4440 2951 4510 ἐκδράμῃς
2981 4441 3166 4503 πόλεις
3196 4441 3288 4492 καὶ
3315 4440 3522 4511 χώρας.
3553 4440 3722 4495 δύσει
3750 4444 3862 4513 γὰρ

643 4538 721 4590 tio
757 4532 1069 4604 fugiendum
1116 4537 1174 4584 et
1206 4529 1271 4582 ad
1307 4526 1551 4581 Thraciae
1581 4526 1743 4579 urbes
1774 4524 2190 4594 provinciasque

2291 4529 2570 4598 χαίροντες
2601 4531 2722 4592 ταῖς
2755 4531 3125 4600 καινοτομίαις
3151 4531 3260 4586 τῶν
3286 4532 3594 4602 ἀνθρώπων
3612 4534 3676 4588 τὺ
3697 4537 3862 4602 γένος

640 4622 1058 4684 excurrendum.
1105 4620 1239 4675 Nam
1286 4632 1410 4670 cum
1460 4625 1516 4669 et
1565 4614 1865 4668 humanum
1913 4612 2189 4682 ingenium

2289 4623 2383 4673 καὶ
2413 4619 2527 4688 ἅμα
2569 4621 2937 4691 βεϐαρημένοι
2974 4626 3088 4686 τοῖς
3121 4628 3336 4695 συχνοῖς
3364 4625 3552 4696 φόροις
3585 4627 3637 4680 oi
3669 4625 3864 4681 ταλαίὶ

641 4717 798 4773 novis
843 4715 1010 4769 rebus
1059 4712 1310 4780 gaudeat,
1362 4717 1419 4762 et
1468 4706 1650 4761 miseri
1704 4705 1944 4760 Thraces
1989 4705 2194 4760 crebris

2291 4726 2466 4781 πωροι
2486 4711 2719 4780 Θρᾷκες,
2749 4712 2816 4782 ἢν
2847 4715 3147 4782 κουφισμὸν
3175 4719 3269 4768 καὶ
3289 4715 3604 4786 ιλευθερίαν
3624 4709 3867 4780 ἐξελθὼν

641 4809 1021 4865 exactionibus
1045 4786 1331 4864 vexentur,
1363 4799 1407 4852 si
1438 4799 1764 4852 levationem
1790 4811 2016 4851 onerum
2047 4806 2101 4849 et
2131 4795 2194 4848 li-

2292 4799 2579 4876 xrjpdﬁng,
2601 4801 2827 4868 ἄσμενοί
2862 4819 2941 4852 σοι
2974 4802 3423 4871 πάντεςέψονται
3457 4803 3592 4871 πρὸς
3621 4803 3769 4874 ὅπερ
3800 4803 3867 4855 ἂν

643 4904 906 4954 hei-tatem
939 4893 1380 4966 proclamaveris.
1407 4889 1551 4944 uitro
1575 4902 1766 4942 omnes
1801 4900 1851 4941 Ie
1881 4902 1990 4955 quo
2015 4885 2197 4940 volue-

2294 4889 2455 4952 αὐτὸς
2492 4890 2719 4956 ἐθέλοις,
2745 4893 2842 4958 τὴν
2865 4891 3002 4963 πρὸς
3029 4892 3121 4945 τὸν
3146 4894 3368 4947 πάππον
3392 4894 3487 4947 sui.
3511 4893 3744 4961 βασιλέα
3764 4910 3866 4947 πο-

645 4991 722 5042 ris
767 4993 1096 5056 prmeuntem
1139 4987 1457 5049 sequentur,
1501 4977 1588 5029 avi
1646 4976 1722 5028 tui
1759 4975 2022 5030 diuturno
2064 4976 2195 5052 jugo

2294 4978 2454 5046 λυετῆ
2490 4977 2733 5030 δουλείαν
2774 4969 2944 5047 ῥᾷστα
2979 4978 3333 5042 λακτίσαντες
3381 4983 3478 5032 καὶ
3516 4979 3708 5050 ὥσπερ
3741 4981 3870 5034 τινὶ

645 5076 904 5131 facillime
957 5087 1210 5127 excusso.
1258 5068 1413 5138 quasi
1465 5066 1709 5121 Tantalei
1758 5067 2037 5136 cujusdam
2081 5065 2196 5123 saxi

2299 5069 2622 5122 Ταντάλειον
2655 5070 2853 5138 φόρτον
2893 5068 3336 5138 ἀποσεισάμενοι.
3368 5071 3430 5127 El
3461 5070 3591 5137 γοῦν
3629 5072 3869 5140 ἀρεστὸν

648 5167 788 5220 mole
827 5179 857 5217 a
889 5159 1197 5217 cervicibus
1225 5159 1471 5229 depulsa.
1516 5158 1628 5211 Hoc
1665 5157 1952 5211 consilium
2004 5155 2104 5209 tibi
2149 5155 2196 5208 si

2297 5160 2358 5210 τὸ
2383 5159 2513 5227 ιμόν
2545 5175 2628 5232 σοι
2657 5157 2774 5210 τόδε
2808 5147 3049 5226 φαίνοιτο
3079 5157 3376 5228 βούλευμα,
3405 5158 3517 5225 ἐγὼ
3537 5162 3635 5212 καὶ
3658 5161 3867 5229 ταμίας

647 5261 847 5327 placet,
879 5269 978 5327 ego
1008 5252 1172 5322 hujus
1201 5249 1400 5320 negotii
1433 5255 1754 5318 procurator
1779 5257 1836 5301 et
1877 5246 2199 5300 administer

2299 5248 2389 5298 καὶ
2418 5245 2652 5316 χορηγός
2682 5261 2763 5296 σοι
2789 5242 2884 5295 τοῦ
2907 5243 3183 5313 δράματος
3209 5239 3409 5314 ἔσομαι’
3438 5246 3534 5297 καὶ
3562 5245 3748 5311 πάντα
3778 5247 3869 5297 τὸν

648 5321 866 5401 futurus
902 5321 1020 5398 sum
1049 5360 1064 5408 ;
1090 5321 1199 5412 ego
1231 5332 1448 5393 comem
1493 5338 1651 5392 istius
1685 5337 2000 5392 certaminis
2044 5337 2200 5390 labo-

2297 5331 2458 5389 ἆθλον
2488 5335 2724 5396 ὑποστὰς
2751 5333 2848 5402 τὴν
2867 5333 3129 5406 ταχίστην
3157 5334 3453 5394 εκτελέσω·
3485 5335 3554 5404 ἢν
3575 5337 3745 5404 μόνον
3776 5339 3869 5390 καὶ

652 5452 767 5492 rem
806 5428 1097 5502 suscipiam
1127 5449 1192 5486 ac
1217 5428 1366 5486 brevi
1395 5428 1722 5493 conﬁciam;
1768 5427 1931 5482 modo
1979 5435 2035 5506 et
2086 5428 2200 5495 ipse

2301 5426 2363 5478 σύ
2398 5443 2484 5495 μοι
2519 5424 2851 5493 ὑποσχέσθαι
2875 5424 3066 5496 ἐθέλῃς
3089 5427 3185 5478 καὶ
3201 5424 3386 5478 δοῦναι
3414 5424 3584 5477 πιστά
3613 5425 3684 5478 τὰ
3709 5429 3871 5496 ἐχέγ-

655 5525 788 5580 mihi
816 5523 1148 5594 pollicearis,
1177 5533 1230 5576 et
1255 5523 1422 5577 certis
1442 5520 1759 5590 pignoribus
1784 5520 1943 5574 fidem
1967 5519 2200 5572 obstrin-

2302 5533 2406 5582 γυα
2457 5517 2583 5585 περὶ
2619 5517 2728 5567 τῶν
2770 5516 2934 5580 ἀξίων
2966 5517 3145 5587 γερῶν
3179 5519 3274 5570 καὶ
3300 5507 3593 5569 ἶπάθλων.
3630 5517 3775 5569 Τίνα
3804 5517 3868 5587 δὴ

654 5633 770 5685 gas,
799 5626 850 5669 te
874 5630 972 5686 pro
995 5613 1258 5685 dignitate
1288 5613 1502 5667 labores
1525 5625 1673 5663 meos
1703 5621 2197 5664 remuneraturum.

2303 5606 2502 5670 ταῦτας
2551 5605 2901 5685 Ἀξιωμάτών
2927 5607 3310 5676 λαμπρότητες
3336 5608 3432 5658 καὶ
3471 5608 3657 5676 χωρία
3702 5608 3871 5661 mna

641 5707 786 5774 Qua
820 5721 948 5760 vero
987 5707 1089 5762 ista
1117 5705 1345 5778 praemia
1391 5702 1553 5760 sunt?
1599 5699 1838 5754 illustres
1871 5699 2196 5770 dignitates“

2306 5699 2398 5750 iui.
2431 5696 2621 5766 πολλὴν
2654 5698 2752 5766 τὴν
2783 5697 3022 5750 ἐπέτειον
3046 5697 3376 5768 παρέχεσθαι
3401 5693 3682 5766 δυνάμενα
3709 5701 3871 5768 πρόσ-
