4006 6342
626 461 728 525 595
905 459 981 532 [ιι.
1022 478 1077 514 ιι.
1117 462 1245 517 679i
1294 480 1359 518 AD
1401 464 1561 532 68561

1815 466 2231 526 NICEPHORI
2272 466 2656 528 ϐΙῖΕϐΟΒιΕ

2904 466 3036 539 [ηιμ.
3080 483 3362 525 maneam.
3404 469 3546 542 sum]

3731 474 3839 539 596

628 577 840 631 lateuus
881 581 1331 638 admittebantur.
1377 583 1483 639 Sed
1527 594 1581 637 et
1628 584 1893 638 acerrime
1939 580 2159 650 repelle-

2273 582 2375 635 οὐκ
2399 581 2543 653 εῖχεν
2561 584 2694 648 ὅλως
2720 583 2831 639 οὔτ’
2860 590 3044 654 αὐτὸς,
3078 591 3201 643 οὕτε
3235 589 3303 643 τὰ
3350 592 3485 659 πρός
3533 592 3701 643 αὐτοῦ
3751 593 3842 643 λα-

624 668 803 731 batur,
832 671 1101 739 lapidibus
1131 688 1362 743 superne
1390 676 1661 743 appetitus
1692 676 1759 729 ab
1792 674 1889 735 iis,
1920 674 2010 743 qui
2040 686 2167 741 ι)το-

622 761 925 827 pugnaeula
982 767 1241 818 moenium
1305 767 1634 829 tuebantur;
1699 767 1790 835 qui
1856 782 1923 819 ne
1976 779 2164 819 vocem

618 849 834 914 quidem
862 853 980 920 ejus
1013 854 1279 919 ferebant,
1305 872 1537 925 eumque
1566 856 1979 910 contumeliosis
2005 853 2166 907 dictis

619 938 843 1006 impune
890 944 1239 1012 incessebant
1277 956 1331 1001 ct
1372 948 1733 1016 ignominiose
1778 948 2161 1009 dimittebant,

618 1030 890 1115 ingenium
916 1046 969 1087 et
1001 1037 1159 1089 verba
1191 1040 1311 1106 ejus
1337 1040 1464 1095 dolo
1498 1039 1653 1109 plena
1684 1055 1803 1094 esse
1830 1039 2161 1093 dictitantes.

616 1120 803 1190 Itaque
829 1124 920 1179 illo
944 1128 1023 1181 sic
1046 1129 1307 1184 dimissus
1329 1133 1608 1200 paululum
1626 1148 1651 1185 a
1673 1147 1830 1186 muro
1848 1129 2159 1185 declinavit.

678 1298 743 1352 ll.
785 1301 899 1355 Nox
930 1320 1059 1357 vero
1086 1307 1193 1375 jam
1224 1306 1453 1369 aderat,
1488 1324 1612 1361 cum
1638 1308 1868 1377 Iquidam
1895 1324 1923 1363 e
1952 1308 2158 1377 plebeia

610 1393 765 1445 turba
804 1394 1053 1461 factiosi,
1104 1400 1253 1467 iique
1305 1416 1412 1453 non
1462 1392 1659 1468 pauci,
1707 1397 1844 1454 cl'am
1891 1401 1945 1454 in
1989 1416 2157 1453 unum

608 1482 787 1536 locum
823 1489 1132 1557 congregati
1182 1492 1407 1559 occulte
1442 1491 1517 1544 illi
1565 1491 1904 1559 significant,
1956 1500 2015 1543 ut
2057 1491 2159 1543 sub

609 1574 840 1629 mediam
870 1590 1084 1632 noctem
1112 1624 1124 1643 ,
1158 1596 1268 1650 quo
1308 1576 1551 1652 tempore
1592 1592 1647 1636 et
1690 1583 1927 1652 Byzantii
1969 1596 2157 1635 omnes

606 1668 881 1723 dormiant
928 1680 982 1724 et
1034 1674 1294 1728 moenium
1354 1674 1615 1729 custodes
1656 1675 1722 1729 ad
1771 1674 2155 1743 negligentiam

605 1761 713 1815 labi
750 1762 1051 1831 incipiant,
1088 1763 1335 1833 proxime
1388 1768 1586 1821 moenia
1634 1758 1839 1821 veniat.
1888 1767 1957 1821 Se
2008 1766 2154 1818 enim

604 1862 825 1917 paratos
858 1868 977 1906 esse
1012 1852 1078 1908 ad
1111 1870 1233 1909 eum
1270 1856 1395 1910 fune
1433 1856 1485 1909 in
1533 1856 1941 1925 propugnacula
1986 1864 2156 1907 attra-

610 1939 877 2015 hendum.
929 1944 1089 2007 Quod
1133 1945 1177 1999 si
1232 1946 1422 2008 fieret,
1476 1955 1648 2000 totum
1710 1946 1986 2015 negotium
2040 1944 2155 1997 fore

602 2029 933 2084 conlectum.
986 2034 1309 2087 Persuasum
1367 2036 1568 2103 quippe
1620 2034 1821 2087 habere
1878 2048 1966 2096 se,
2004 2032 2047 2086 si
2103 2032 2155 2084 in

605 2123 785 2176 media
819 2126 952 2177 urbe
982 2126 1414 2194 conspiceretur,
1447 2126 1729 2195 Byzantios
1755 2140 1945 2179 omnes
1975 2123 2157 2177 statim

606 2214 673 2266 ad
703 2230 826 2267 eum
858 2214 1193 2271 defecturos.
1229 2218 1403 2271 Media
1427 2220 1534 2287 jam
1568 2227 1757 2280 nocte,
1794 2231 1915 2269 cum
1948 2215 2159 2268 videret

606 2304 903 2372 imperator
945 2311 1289 2363 excubitores
1326 2318 1644 2378 perpetuam
1683 2296 1897 2362 noctem
1932 2304 2157 2360 alternis

608 2400 973 2455 custodiendo
1028 2404 1365 2471 transigere,
1420 2410 1475 2455 et
1529 2401 1767 2456 assiduis
1822 2399 2158 2453 clamoribus

604 2489 838 2543 invicem
873 2490 937 2543 ad
976 2490 1307 2558 vigilandum
1358 2492 1636 2545 exhortari
1691 2506 1797 2545 non
1853 2490 2153 2551 desistere;

604 2583 933 2637 necessitate
986 2585 1213 2649 adactus
1266 2598 1323 2638 se
1370 2584 1548 2653 ipsum
1597 2597 1721 2636 cum
1771 2582 2156 2636 Cantacuzeno

603 2687 799 2741 magno
830 2674 1131 2729 domestico
1163 2686 1218 2731 et
1250 2675 1534 2745 Synadcno
1568 2683 1971 2744 protostratore
2006 2671 2157 2725 navi-

604 2763 741 2817 culae
775 2766 1088 2825 committit,
1121 2768 1503 2836 declinataque
1534 2766 1757 2822 australi
1800 2764 1961 2819 Urbis
1993 2764 2157 2833 409

605 2864 759 2921 parte
795 2859 994 2909 sensim
1034 2857 1100 2910 ad
1138 2859 1363 2913 alteram
1398 2859 1571 2926 ripam
1611 2857 1952 2927 provehitur,
1987 2854 2157 2907 mari-

608 2946 801 2999 timum
837 2962 1053 3002 murum
1084 2952 1247 3005 tacite
1296 2953 1659 3028 circumiens,
1711 2950 1889 3004 sicubi
1942 2947 2154 3017 facilem

606 3036 913 3105 ingressum
954 3040 1197 3105 reperire
1242 3053 1449 3109 posset.
1497 3039 1651 3105 Quod
1699 3040 1732 3092 ii
1780 3038 1870 3108 qui
1924 3038 1977 3091 in
2024 3053 2158 3091 mte-

603 3127 767 3182 nibus
796 3129 1137 3182 excubabant
1167 3145 1291 3183 cum
1321 3131 1655 3193 sensissent,
1694 3131 1942 3198 asperius
1971 3136 2025 3181 et
2060 3143 2154 3181 vo-

2271 677 2524 745 λούμενα.
2579 678 2863 733 Ἐδιώκετο
2891 680 2947 733 δὲ
2982 682 3125 751 μάλα
3158 682 3400 750 σφοδρῶς
3431 683 3598 744 λίθοις
3622 682 3842 750 βαλλόν-

2267 785 2374 821 των
2401 770 2561 821 αὐτὸν
2601 770 2710 823 τῶν
2734 771 2846 826 ἀνω
2869 773 3019 841 παρὰ
3058 773 3154 835 τὰς
3201 772 3449 837 ἐπάλξεις
3501 772 3594 825 τοῦ
3626 772 3839 840 τείχους

2267 860 2617 930 καθημένων,
2647 861 2697 913 οῖ
2717 856 2832 915 ούδὲ
2860 856 3045 932 φωνῆς
3071 862 3233 917 αὑτοῦ
3275 862 3492 917 ἀκούειν
3524 865 3836 933 ἠνείχοντο·

2265 951 2398 1003 ἀλλὰ
2428 952 2516 1001 καὶ
2542 951 2763 1020 ’ύϐρεσιν
2796 952 3023 1006 ἔπλυνον
3056 954 3225 1013 ἀδεῶς
3260 955 3351 1007 καὶ
3403 954 3661 1023 ἀσέμνως
3710 954 3837 1011 ἀπέυ

2266 1056 2502 1109 πεμπον,
2555 1040 2933 1110 δεδολιευμένα
2963 1042 3258 1110 φάσκοντες
3305 1038 3443 1095 εῖναι
3501 1043 3568 1094 τά
3609 1059 3673 1093 τε
3713 1042 3835 1111 ιήθη

2264 1134 2358 1186 καὶ
2415 1133 2542 1194 τοὺς
2598 1132 2785 1199 λόγους
2834 1133 3023 1187 αὐτοῦ.
3068 1136 3302 1195 Ἐκεῖνος
3356 1135 3454 1203 μὲν
3511 1130 3602 1186 οὖν
3662 1133 3835 1195 οὕτως

2262 1222 2638 1287 ἀποπεμφθεὶς
2670 1222 2940 1286 ἐξέκλινεν
2970 1224 3077 1276 ἀπὸ
3116 1224 3207 1276 τοῦ
3234 1225 3444 1293 τείχους
3474 1224 3693 1291 μικρόν.

2334 1313 2405 1365 B'.
2449 1313 2563 1377 Νὺξ
2586 1313 2637 1365 Et
2665 1316 2761 1383 ἤδη
2798 1318 2975 1384 παρῆν
3004 1314 3095 1368 καί
3124 1332 3265 1376 τινες
3286 1315 3392 1366 τῶν
3418 1314 3508 1366 τοῦ
3550 1312 3831 1366 πολιτικοῦ

2261 1402 2433 1469 δήμου
2506 1402 2817 1453 στασιωτῶν
2872 1404 2970 1455 οὐκ
3020 1402 3210 1471 ὀλίγοι,
3249 1402 3723 1472 συναθροισθέντες
3756 1401 3831 1461 είς

2260 1492 2319 1545 ἓν
2357 1492 2526 1561 λάθρα
2555 1493 2727 1562 τούτῳ
2779 1493 3192 1562 διεμηνύσαντο,
3241 1493 3463 1560 ἔγγιστα
3510 1486 3831 1560 ἐληλυθέναι

2260 1583 2351 1635 τοῦ
2384 1584 2595 1651 τείχους
2632 1584 2756 1654 περὶ
2791 1585 2958 1651 μέσας
2991 1583 3213 1648 νύκτας,
3240 1580 3397 1637 ὁπότε
3422 1583 3511 1637 καὶ
3542 1582 3829 1645 Βυζάντιοι

2260 1675 2455 1744 ⁴πάντες
2486 1672 2822 1727 ὑπνώττουσι
2860 1676 2952 1728 καὶ
2986 1676 3035 1728 οἱ
3077 1677 3169 1728 ἔπι
3216 1675 3309 1728 τοῦ
3355 1674 3565 1741 τείχους
3598 1674 3829 1742 φρουροὶ

2261 1764 2392 1830 πρὸς
2420 1764 2477 1815 τὸ
2529 1764 2895 1835 ῥᾳθυμότερον
2947 1750 3360 1833 ἀναπίπτουσιν.
3401 1765 3686 1833 Ἐτοίμους
3722 1762 3828 1831 γὰρ

2260 1855 2395 1909 εἷναι
2419 1858 2555 1924 σφᾶς
2588 1858 2951 1925 ἀνιμήσασθαι
2968 1840 3129 1912 αὐτὸν
3148 1860 3235 1920 διὰ
3265 1858 3524 1927 μηρίνθου
3548 1857 3694 1917 τινὸς
3718 1853 3828 1907 ἀπὸ

2260 1948 2363 1999 τῶν
2384 1948 2674 2012 ἐπάλξεων.
2700 1948 2783 2019 [Ρ.
2806 1949 3107 2020 ἓῧθιτοῦτο
3125 1948 3169 2000 δ’
3185 1950 3233 2001 εί
3250 1948 3479 2016 γένοιτο,
3502 1947 3673 2016 πέρας
3692 1942 3829 1997 εἶναι

2259 2041 2356 2107 τῆς
2380 2040 2504 2107 ὅλης
2528 2040 2759 2108 σπουδῆς
2793 2040 2997 2093 καὶτοῦ
3030 2039 3241 2108 μακροῦ
3268 2039 3488 2107 δρόμου.
3525 2036 3829 2104 Πεπεισμέ-

2259 2146 2379 2191 νους
2403 2130 2508 2198 γὰρ
2532 2124 2690 2193 εἶναι,
2718 2131 2922 2191 πάντας
2945 2129 3266 2193 Βυζαντίους
3288 2129 3447 2190 εὐθὺς
3468 2126 3831 2193 ἀκολουθῆσαι

2259 2205 2479 2288 φανέντι
2536 2220 2664 2290 περὶ
2708 2222 2877 2289 μέσην
2932 2221 3031 2290 τὴν
3086 2220 3496 2289 βασιλεύουσαν.
3555 2217 3740 2285 Μέσης
3774 2215 3827 2267 δὲ

2258 2313 2359 2383 ἤδη
2385 2310 2575 2373 νυκτὸς
2607 2312 2905 2379 γενομένης
2967 2314 3061 2365 καὶ
3115 2312 3325 2379 βλέπων
3379 2311 3406 2361 ὁ
3440 2308 3715 2378 βασιλεὺς,
3755 2306 3828 2368 ὠς

2258 2403 2553 2472 ἀμοιϐαδὸν
2584 2403 2631 2454 οἱ
2660 2403 2889 2472 φρουροὶ
2920 2403 3017 2472 τὴν
3050 2404 3215 2455 νύκτα
3273 2404 3449 2455 πᾶσαν
3510 2399 3824 2466 παραλλάτ-

2258 2510 2438 2554 τοντες
2474 2495 2535 2545 ού
2573 2495 2838 2545 παύονται
2872 2495 3073 2560 φωναῖς
3098 2491 3516 2558 ἀλλεπαλλήλοις
3563 2488 3825 2557 ἀλλήλους

2258 2585 2393 2655 πρὸς
2422 2586 2481 2639 τὸ
2503 2585 2797 2654 ἐγρηγορὸς
2822 2585 3197 2654 διεγείροντες,
3221 2582 3429 2651 ἀκατίῳ
3449 2580 3552 2632 τινὶ
3578 2577 3827 2631 πιστεύει

2260 2678 2449 2731 ἑαυτὸν
2477 2677 2535 2742 ἐξ
2572 2677 2811 2744 ἀνάγκης
2836 2676 2929 2740 ξύν
2946 2692 3007 2741 γε
3036 2672 3468 2739 Καντακουζηνῷ
3502 2672 3578 2740 τῷ
3606 2670 3827 2739 μεγάλῳ

2256 2766 2555 2836 consuler
2584 2765 2673 2815 καὶ
2701 2764 2983 2832 Συναδηνῷ
3008 2763 3083 2831 τῷ
3107 2750 3540 2832 πρωτοσιτράτορι
3560 2776 3572 2788 ·
3598 2762 3665 2811 δι’
3689 2753 3748 2811 οὗ
3770 2755 3830 2808 τὸ

2259 2859 2430 2911 νότιον
2463 2857 2627 2925 μέρος
2683 2854 2780 2922 τῆς
2835 2852 3455 2913 Κωνσταντινουπόλεως
3507 2849 3825 2917 κάμψαντες

2256 2945 2468 3015 ὁμαλῶς
2486 2944 2886 3012 διεπεραιοῦντο
2913 2944 3217 3012 περιιόντες
3244 2927 3455 3009 ἡσύχως
3478 2941 3532 2991 τὺ
3560 2939 3827 3007 παράλιον

2256 3041 2453 3105 τεῖχος,
2490 3020 2543 3088 εἴ
2566 3053 2669 3087 που
2702 3020 2979 3105 δυνηθεῖεν
3008 3034 3209 3087 είσοδόν
3239 3050 3354 3083 τινα
3404 3032 3591 3102 ῥᾳδίαν
3624 3029 3823 3097 εὑρεῖν.

2270 3126 2409 3179 Ἀλλ’
2434 3126 2481 3175 οἱ
2516 3126 2607 3177 ἐπὶ
2652 3125 2712 3175 τὺ
2777 3127 2950 3193 τεῖχος
2986 3123 3211 3192 φρουροὶ
3263 3121 3667 3189 συναισθόμενοι
3702 3138 3828 3188 τρα-

602 3217 815 3270 ciferati
866 3228 922 3272 et
970 3220 1284 3273 tumultuati
1328 3229 1495 3280 sunt,
1542 3229 1597 3275 et
1651 3220 1701 3271 in
1738 3220 1856 3272 illos
1889 3210 2022 3272 nihil
2073 3232 2153 3270 rc-

2262 3220 2461 3289 χυτέρᾳ
2492 3220 2573 3287 ⁴τῇ
2622 3215 2717 3287 βοῇ
2772 3217 2862 3276 καὶ
2896 3215 2972 3284 τῷ
3029 3214 3239 3284 θορύϐῳ
3272 3214 3567 3283 ἐχρήσαντο
3588 3230 3602 3242 ·
3630 3212 3726 3263 καὶ
3755 3208 3826 3277 μὴ

606 3307 941 3373 spondentes
979 3326 1109 3365 saxa
1144 3312 1305 3365 etiam
1336 3312 1611 3380 coniicere
1638 3321 1951 3379 eruperunt,
1984 3310 2155 3362 donec

602 3396 768 3451 iidem
802 3399 975 3451 territi
1021 3416 1313 3457 recessere.
1372 3404 1447 3457 Ac
1482 3412 1597 3457 tum
1633 3402 1853 3471 quidem
1890 3401 2002 3455 hate
2036 3411 2155 3454 acta

600 3501 749 3544 sunt.

670 3582 761 3636 Ill.
804 3582 1057 3639 Insecuta
1082 3595 1263 3637 autem
1295 3601 1477 3639 mense
1507 3584 1792 3640 Deccmbri
1820 3584 2027 3654 juniori
2060 3583 2158 3635 im-

602 3677 839 3739 peratori
892 3677 1085 3731 littera:
1134 3675 1712 3731 Thessalonicensium
1750 3676 1885 3729 clam
1918 3674 2159 3728 atl‘erun-

605 3774 713 3825 tur,
748 3764 947 3832 quibus
983 3781 1145 3835 quam
1199 3767 1437 3837 primum
1484 3765 1887 3820 arcessebatur.
1934 3763 2155 3829 Etenim

602 3856 849 3923 plebeios
902 3874 1092 3913 omnes
1144 3868 1198 3912 et
1246 3875 1503 3929 proceres
1555 3859 1843 3928 plerosque
1872 3869 1927 3913 et
1979 3861 2155 3927 ipsum

604 3946 921 4015 pontificem
956 3949 1262 4015 composito
1292 3948 1642 4009 decrevisse,
1679 3950 1867 4001 statim
1904 3957 2066 4016 atque
2115 3950 2160 4002 is

603 4053 773 4109 prope
810 4038 1011 4092 mtenia
1046 4037 1334 4092 adfuturus
1362 4046 1532 4101 esset,
1562 4036 1628 4091 ad
1665 4037 1841 4107 ipsum
1874 4051 2159 4093 accurrere

605 4139 658 4183 et
696 4137 880 4198 portas
929 4130 979 4183 ei
1028 4129 1265 4198 aperire.
1321 4128 1529 4193 Quibus
1576 4114 1813 4203 cognitis
1862 4129 2159 4198 imperator

606 4233 857 4288 magnam
895 4220 1132 4274 militum
1168 4236 1391 4275 manum
1429 4221 1813 4289 protostratori
1850 4220 2036 4283 dedit,
2074 4223 2158 4274 ei-

608 4323 715 4375 que
746 4310 1039 4376 praecepit,
1077 4303 1140 4361 ut
1171 4310 1581 4376 imperatricem
1618 4310 1808 4363 urbem
1846 4310 2163 4362 circumiret

603 4410 662 4456 et
713 4399 927 4453 eminus
972 4400 1135 4452 velut
1174 4398 1372 4453 castris
1416 4400 1699 4469 cingeret,
1732 4415 1836 4454 nec
1872 4399 2163 4471 Byzantios

607 4507 776 4562 usque
809 4491 875 4546 ad
916 4490 1184 4560 Rhegium
1225 4490 1409 4560 egredi
1455 4490 1655 4545 ferisve
1698 4495 2029 4546 commorari
2064 4506 2162 4560 pa-

2260 3308 2702 3378 ἀποκρινομένων
2753 3312 2844 3359 καὶ
2888 3306 3067 3367 λίθους
3100 3308 3197 3376 ἤδη
3232 3306 3351 3357 κατ’
3382 3303 3556 3356 αὐτῶν
3593 3302 3829 3371 ἧρξαντο

2259 3399 2520 3467 πέμπειν,
2553 3397 2624 3459 ῶς
2654 3399 2846 3450 ἐκεῖνοι
2878 3397 3203 3465 φοϐηθέντες
3246 3394 3680 3464 ἀναστρέψαντες
3724 3393 3828 3445 ἀπο

2259 3490 2441 3558 ῄεσαν.
2482 3488 2612 3538 Τότε
2652 3488 2747 3555 μὲν
2774 3484 2866 3539 οὖν
2901 3486 3069 3538 ταῦτα
3100 3485 3367 3555 ἐπράχθη,

2331 3581 2404 3631 Γ’.
2434 3579 2537 3629 Τοῦ
2565 3579 2608 3629 δ’
2645 3579 2886 3637 ἐπιόντος
2938 3578 3104 3645 μηνὸς
3141 3576 3474 3645 Δεκεμϐρίου
3503 3574 3612 3645 (74)
3646 3576 3828 3645 γράμα

2264 3689 2408 3742 ματα
2465 3671 2597 3741 πρὸς
2672 3670 2779 3721 τῶν
2837 3669 3270 3721 Θεσσαλονικέων
3334 3667 3507 3737 λάθρα
3576 3667 3656 3736 τῷ
3725 3668 3827 3733 νέῳ

2262 3763 2577 3833 κομίζονται
2632 3761 2860 3831 βασιλεῖ⁹
2920 3759 3369 3829 προσκαλούμενα
3412 3759 3510 3826 τὴν
3561 3755 3825 3824 ταχίστην

2260 3856 2442 3908 αὐτόν.
2470 3850 2620 3906 Εἶναι
2654 3853 2759 3922 γάρ
2783 3852 3131 3921 ξυγκείμενον
3150 3853 3260 3913 τοῖς
3281 3865 3337 3901 τε
3372 3834 3627 3917 δημόταις
3654 3848 3824 3899 ἆπασι

2255 3947 2353 4003 καὶ
2388 3947 2498 4007 τοῖς
2546 3945 2751 3996 πλείοσι
2826 3943 2933 3996 τῶν
2959 3943 3299 4011 προύχόντων
3338 3939 3432 3991 καὶ
3473 3938 3622 4009 αὺτῷ
3670 3954 3734 4010 γε
3763 3937 3824 4007 δὴ

2262 4034 2339 4103 τῷ
2364 4035 2627 4101 ἀρχιερεῖ,
2664 4031 2780 4100 ἅμα
2824 4033 2900 4099 τῷ
2931 4031 3153 4100 πλησίον
3197 4031 3431 4098 φανῆναι
3481 4029 3575 4081 τοῦ
3612 4030 3823 4099 τεέχους

2261 4126 2420 4180 αὑτὸν
2446 4123 2749 4192 δραμόντας
2780 4122 2985 4185 ἁνοῐξαί
3006 4123 3053 4174 οἱ
3088 4121 3185 4183 τὰς
3237 4120 3429 4182 πύλας.
3474 4120 3624 4173 Ἐπεὶ
3654 4120 3823 4173 ταῦτα

2264 4204 2655 4285 ὲμεμαθήκειό
2696 4213 2964 4284 βασιλεὺς,
3004 4215 3225 4283 συχνοὺς
3261 4215 3529 4285 παραδοὺς
3562 4214 3641 4284 τῷ
3675 4229 3823 4281 πρω·

2262 4310 2581 4379 τοστράτορι
2610 4308 2942 4377 στρατιώτας
2965 4306 3231 4374 περιιέναι
3262 4305 3701 4376 παρεκελεύσατο
3736 4304 3825 4356 καὶ

2262 4399 2375 4456 οἷον
2407 4399 2976 4472 περιστρατοπεδεύειν
3038 4397 3135 4471 τὴν
3190 4397 3579 4468 βασιλεύουσαν
3631 4396 3823 4466 μικρὸν

2265 4496 2482 4551 ἄπωθεν
2523 4494 2729 4563 καὶμὴ
2753 4495 2847 4564 ἐᾷν
2890 4493 3016 4562 ἀχρι
3062 4489 3279 4560 Ῥηγίου
3330 4491 3452 4552 τοὺς
3500 4486 3822 4550 Βυζαντίους

610 4592 842 4642 teretur,
883 4582 1222 4652 eosdemque
1252 4583 1469 4638 arcanis
1492 4584 1692 4637 litteris
1720 4590 1775 4637 et
1808 4584 2156 4651 pollicitatio-

2269 4589 2505 4655 ἐξιόντας
2554 4584 2884 4655 διατρίϐειν⁸
2916 4585 3007 4635 καὶ
3037 4584 3169 4651 πρός
3223 4598 3306 4650 γε.
3339 4579 3612 4649 λαθραίοις
3647 4577 3823 4645 γράμ-

608 4673 793 4735 nibus,
818 4687 937 4740 qua
976 4674 1172 4740 cuique
1218 4676 1600 4736 convenirent,
1637 4675 1872 4727 ambiret
1902 4684 1957 4729 et
1985 4686 2117 4743 pote
2140 4704 2166 4715 -

607 4765 732 4820 stati
762 4778 875 4819 suae
908 4763 1365 4833 subjicerethse
1397 4778 1524 4817 vero
1558 4779 1679 4817 cum
1719 4764 1907 4831 paucis
1939 4765 2166 4819 delectis

609 4856 1054 4911 Thessalonicam
1104 4855 1261 4909 abiit.
1294 4853 1430 4907 Tum
1461 4870 1606 4917 vero,
1646 4866 1870 4924 prepter
1898 4855 2167 4924 suspicio-

612 4964 709 5004 nes
748 4951 1106 5011 tumultuum,
1161 4948 1473 5002 Demetrius
1524 4946 1771 5014 despota‘
1801 4958 1860 5001 et
1912 4960 2165 5016 protove-

610 5040 835 5095 stiarius
864 5042 1209 5095 Andronicus
1247 5048 1302 5092 et
1338 5037 1562 5091 Michael
1598 5038 1743 5091 Asan
1774 5054 1897 5091 cum
1926 5039 2163 5093 auxilia-

609 5133 767 5188 ribus
818 5131 1187 5185 Triballorum
1237 5130 1409 5199 copiis
1462 5137 1615 5183 extra
1668 5129 1867 5181 moenia
1921 5128 2164 5182 diversa-

609 5226 834 5287 bantur,
867 5232 922 5275 et
974 5221 1347 5277 Macedonicas
1382 5220 1546 5276 etiam
1585 5206 1953 5273 Romanorum
1998 5219 2165 5288 legio-

617 5330 715 5369 nes
762 5328 945 5369 secum
998 5310 1294 5366 habebant.
1324 5313 1424 5377 Qui
1475 5312 1607 5366 rixis
1636 5319 1693 5375 et
1722 5309 2167 5365 contentionibus

616 5407 842 5473 privatis
870 5420 992 5459 cum
1026 5411 1451 5471 occuparentur,
1484 5418 1620 5471 quas
1649 5400 1876 5456 ambitio
1912 5408 1963 5454 et
1992 5413 2166 5454 caecus

612 5511 767 5551 amor
790 5494 871 5549 sui
910 5494 991 5548 vel
1021 5496 1203 5562 potius
1233 5492 1312 5545 ira
1339 5488 1585 5545 Numinis
1617 5490 1781 5562 410
1809 5489 2163 5553 accendebat,

618 5594 675 5637 ut
733 5587 896 5641 rebus
936 5585 1177 5653 ipsorum
1228 5580 1475 5639 confusis
1525 5576 1630 5649 ipsi
1691 5583 1794 5636 sibi
1859 5582 2161 5663 perniciem

2269 4696 2400 4748 μασι
2431 4678 2524 4731 καὶ
2558 4675 2911 4742 ὑποσχέσεσιν
2941 4673 3270 4740 ὑπέρχεσθαι
3303 4670 3395 4723 καὶ
3444 4668 3821 4721 ὑποποιεῖσθαι

2263 4767 2388 4827 τοὺς
2424 4758 2919 4827 Βυζαντίουςικατὰ
2970 4758 3030 4810 τὸ
3080 4760 3350 4829 προσῆκον
3406 4757 3637 4824 ἑκάστῳ.
3694 4752 3823 4832 '08:

2264 4856 2473 4922 ὀλίγους
2502 4852 2651 4915 τινὰς
2678 4852 3072 4921 ἀπολεξάμενος
3104 4843 3281 4920 ᾤχετο
3314 4846 3489 4901 ἀπιὼν
3539 4848 3594 4907 ἐς
3619 4845 3823 4899 Θεσσα-

2265 4948 2504 5015 λονίκην.
2564 4945 2791 5015 Ἔτυχον
2851 4945 2905 4997 δὲ
2965 4941 3273 5007 τηνικαῦτα
3307 4934 3683 5010 ’διατρίϐοντες
3726 4936 3824 5003 ἔξω

2268 5038 2459 5109 τειχῶν
2489 5037 2575 5090 διὰ
2601 5038 2696 5099 τὰς
2729 5036 2963 5116 ὑπἰψίεις
2988 5034 3094 5087 τῶν
3120 5032 3363 5104 θορύϐων
3416 5030 3689 5100 μετὰιτοῦ
3722 5029 3824 5082 ἀπὺ

2270 5133 2379 5184 τῶν
2411 5129 2727 5199 Τριϐαλλῶν
2756 5126 3104 5199 συμμαχικοῦ
3136 5125 3367 5195 στρατοῦ
3401 5126 3429 5178 ὅ
3449 5140 3505 5177 τε
3563 5124 3825 5189 δεσπότης

2264 5226 2566 5293 Δημήτριος
2614 5227 2705 5276 καὶ
2742 5224 2769 5275 ὸ
2827 5221 3316 5291 πρωτοϐεστιάριος
3362 5217 3702 5286 Ἀνδρόνικος
3739 5215 3825 5268 καὶ

2261 5316 2288 5366 ὁ
2330 5314 2488 5373 ’ᾼσὰν
2518 5313 2733 5384 Μιχαὴλ
2774 5313 2886 5383 (75)
2909 5349 2931 5377 ,
2964 5311 3291 5379 ἐπαγόμενοι
3322 5311 3415 5362 καὶ
3439 5308 3506 5361 τὰ
3528 5308 3828 5361 Μακεδονι-

2270 5404 2339 5455 κὰ
2369 5404 2475 5455 τῶν
2518 5405 2805 5475 Ῥωμαίων
2832 5401 3235 5474 στρατεύματα.
3262 5395 3361 5453 ’Ὧν
3381 5399 3445 5464 δὴ
3471 5399 3569 5452 καὶ
3589 5396 3826 5466 ἀσχόλων

2265 5493 2432 5545 όντων
2466 5495 2592 5564 περὶ
2620 5496 2716 5556 τὰς
2761 5495 2881 5548 κατ’
2932 5494 3126 5555 αὐτοὺς
3160 5492 3361 5562 ἐριδας,
3401 5491 3468 5553 ἃς
3526 5485 3828 5554 ἀνέφλεξαν

2268 5584 2562 5649 κενοδοξίας
2615 5589 2707 5639 καὶ
2744 5586 3024 5655 φιλαυτίας
3077 5584 3314 5654 τελχῖές
3365 5596 3531 5646 τινες,
3563 5579 3596 5647 ἢ
3632 5577 3825 5649 μᾶλλον

1946 5681 2278 5741 Vnriorum
2314 5692 2499 5741 notae.

682 5778 795 5852 tu)
834 5780 1203 5852 pantacuzen.
1242 5754 1336 5835 lib.
1364 5795 1403 5845 l,
1431 5792 1551 5849 cap.
1611 5776 1701 5843 3|,
1758 5778 1847 5852 δεῖ,
1910 5780 1993 5833 54.
2031 5780 2260 5852 Ducam.

824 5848 1047 5907 Joannis
1078 5852 1271 5909 Asanis
1305 5840 1569 5921 Bulgaria
1599 5840 1743 5919 regis
1774 5840 1915 5905 filius
1958 5853 2159 5917 primoa

2272 5856 2374 5899 tus.
2408 5840 2541 5898 Vide
2574 5842 2767 5900 Famil.
2807 5846 3032 5918 Byzaul.
3067 5858 3189 5913 pag.
3213 5841 3337 5897 525.
3374 5840 3617 5897 DUCANC.
