4006 6342
621 408 727 472 599
870 405 943 477 [Α.
974 403 1191 489 ιι.ζ6791
1227 421 1294 460 η
1318 404 1477 478 6836]

1792 410 2212 502 menmium
2250 411 2630 475 cautione
2722 446 2724 449 -

3712 407 3836 470 600

2942 407 3078 480 [nm
3103 421 3383 464 monomc.
3417 406 3562 480 sam]
3630 444 3637 447 -

625 517 800 581 tiavit,
834 531 912 581 se,
945 516 991 573 si
1025 518 1208 583 vellet,
1248 534 1406 589 apem
1436 519 1485 573 ei
1515 528 1704 593 contra
1734 533 1988 591 nepotem
2023 522 2165 577 latu-

2270 520 2586 592 Beulycipmv
2630 521 2812 592 ἄρχων
2846 521 3151 591 λημμάτων
3187 519 3359 575 ἑλπίδι
3402 518 3650 590 μεγάλων
3682 520 3837 572 ἑαυ-

625 619 766 657 rum.
803 603 871 659 At
921 604 1235 673 imperator,
1262 607 1411 662 velut
1452 622 1483 661 e
1516 622 1708 675 magna
1754 617 2074 680 tempestate
2104 619 2162 665 et

623 693 907 762 naufragio
951 701 1166 763 portum
1222 696 1499 764 insperato
1552 696 1823 765 adeptus,
1882 698 2161 754 mordicus

624 797 773 851 spem
822 783 963 836 illam
1032 784 1229 838 tenuit.
1272 785 1475 839 Deinde
1522 784 1681 855 legati
1731 787 1875 842 ultro
1912 786 2159 855 citroque

623 873 774 927 missi
811 873 943 941 quid
975 873 1240 942 agendum
1276 875 1345 928 sit
1381 875 1722 931 deliberant:
1760 878 1889 931 item
1922 878 1988 931 de
2032 892 2160 945 pro-

625 962 808 1016 missis
845 970 901 1016 et
938 963 1279 1031 pactionibus
1309 973 1500 1034 agunt,
1533 965 1785 1019 omnibus
1814 965 2031 1020 interim
2064 967 2163 1020 ho-

627 1068 747 1107 rum
776 1055 1125 1110 consiliorum
1151 1056 1605 1127 ignaris,duobus
1630 1068 1725 1111 aut
1747 1058 1924 1113 tribus
1954 1059 2161 1115 intimis
2206 1090 2211 1095 λ

621 1152 679 1199 et
715 1143 957 1199 Cralzena
1010 1147 1291 1214 exceptis:
1323 1162 1443 1216 qua:
1488 1147 1719 1202 subinde
1760 1157 1968 1218 patrem
2016 1150 2160 1204 bona

625 1247 722 1302 spe
767 1234 1045 1303 implebat,
1074 1251 1235 1305 quam
1279 1238 1401 1290 vani
1446 1246 1619 1304 vates,
1658 1247 1713 1292 et
1743 1239 1835 1307 qui
1884 1254 2070 1295 vocem
2105 1242 2161 1296 in

622 1329 812 1374 ventre
841 1320 1064 1386 habent,
1098 1321 1148 1376 ei
1176 1323 1467 1377 faciebant.

693 1593 758 1649 li.
795 1596 1018 1665 Magnus
1071 1605 1249 1651 autem
1298 1596 1571 1664 logotheta
1630 1595 2165 1681 Metocbites,,512

624 1692 913 1751 postquam
950 1685 1215 1737 seniorem
1260 1685 1643 1752 imperatorem
1678 1693 1735 1738 et
1772 1685 2164 1754 rempublicam

627 1768 768 1823 vidit
808 1768 1027 1823 fortuna
1081 1770 1263 1839 iniqua
1313 1784 1376 1822 ac
1419 1780 1668 1839 proterva
1698 1770 2019 1838 conﬂictari,
2051 1786 2167 1826 om-

2258 613 2350 665 τδν
2378 613 2589 683 ἐπάρας
2618 612 2978 683 διεμηνύσατο
3011 612 3188 681 λάθρα
3216 613 3294 681 τῷ
3321 609 3537 681 γηραιῷ
3568 608 3825 679 βασιλεῖ,

2260 704 2308 755 εί
2335 703 2598 773 βούλοιτο,
2636 703 2993 773 συμμαχῆσαι
3026 701 3175 772 αύτῷ
3228 703 3371 755 κατά
3420 701 3517 752 τοῦ
3560 698 3835 765 ὲγγόνου.

2271 795 2331 846 'O
2373 795 2430 848 δὲ
2473 794 2743 864 βασιλεὺς,
2778 794 2964 860 ὥσπερ
3015 794 3078 845 ἐκ
3134 791 3371 860 μεγάλου
3413 790 3678 856 ναυαγίου
3735 790 3839 840 καὶ

2262 883 2529 947 κλύδωνος
2577 886 2999 954 ἀπροσδοκήτως
3052 883 3232 953 λιμένι
3281 880 3612 951 περιτυχὼν,
3644 877 3838 948 ἀπρὶξ

2261 975 2559 1029 ἐπελάϐετο
2611 976 2823 1029 τούτου.
2877 975 3142 1044 Καὶὲξῆς
3190 972 3637 1043 διεπρεσϐεύοντο
3682 969 3840 1039 πρὸς

2261 1064 2520 1134 ἀλλήλους
2548 1065 2675 1136 περὶ
2713 1063 2807 1119 τοῦ
2871 1066 3123 1135 ποιητέου
3159 1066 3253 1117 καὶ
3294 1064 3422 1132 περὶ
3475 1058 3839 1130 ἐπαγγελιῶν

2262 1155 2355 1209 καὶ
2383 1155 2684 1224 συνθηκῶν,
2719 1154 2948 1223 μηδενὸς
2997 1152 3449 1221 ἐπιγινώσκοντος
3497 1152 3565 1205 τά
3600 1150 3840 1219 βουλεύ-

2266 1227 2600 1314 uacare:th
2628 1244 2771 1297 δυοῖν
2799 1244 2831 1315 ἢ
2859 1243 3026 1313 τριῶν
3052 1244 3160 1301 τῶν
3181 1244 3319 1296 πάνυ
3348 1243 3693 1296 πιστοτάτων
3721 1242 3835 1294 καὶ

2261 1334 2365 1403 τῆς
2407 1335 2451 1386 Κ
2462 1334 2739 1403 ραλαίνης,
2768 1334 2801 1404 ἡ
2833 1333 3090 1401 διηνεκῶς
3115 1334 3212 1386 τὸν
3233 1333 3443 1403 πατέρα
3471 1332 3563 1385 καὶ
3594 1333 3835 1401 βασιλέα

2266 1420 2484 1488 ἀγαθῶν
2508 1416 2815 1492 ἐνεπίμπλα
2840 1420 3090 1484 ἐλπίδων,
3124 1413 3197 1473 ὧν
3231 1420 3399 1487 αὐτὴν
3433 1421 3480 1472 oi
3510 1417 3835 1488 ψευδομάν-

2263 1528 2375 1573 τεις
2412 1513 2505 1565 καὶ
2536 1510 2979 1579 ὲγγαστρίμυθοιν
3014 1511 3452 1580 ἐνεπίμπλασαν.

2336 1594 2411 1647 B'.
2456 1593 2515 1645 '0
2548 1593 2730 1661 μέντοι
2762 1593 2933 1659 μέγας
2964 1591 3255 1661 λογοθέτης
3286 1594 3313 1645 δ
3343 1591 3651 1663 Μετοχίτης
3678 1593 3838 1663 δρῶν

2268 1682 2645 1753 στρεφομένην
2666 1678 2969 1749 ἀνωμάλως
2991 1681 3088 1747 τὴν
3104 1676 3276 1748 τύχην
3302 1678 3442 1731 κατά
3465 1678 3557 1754 τοῦ
3580 1676 3835 1746 γηραιοῦ

2269 1771 2535 1841 βασιλέως
2584 1771 2677 1824 καὶ
2716 1768 3157 1838 κατορχουμένην
3203 1765 3345 1820 οὕτω
3396 1766 3465 1819 τά
3513 1767 3838 1835 πράγματα

633 1856 784 1910 nium
810 1859 1039 1912 maxime
1069 1857 1173 1911 sibi
1206 1858 1419 1911 timuit:
1453 1857 1654 1927 quippe
1684 1858 1905 1927 quicum
1940 1861 2029 1915 ille
2056 1876 2167 1914 om-

2270 1862 2458 1916 ὲδεδίει
2489 1862 2618 1930 περὶ
2649 1860 2825 1927 ἑαυτῷ
2859 1846 3090 1928 μάλιστα
3122 1858 3339 1927 πάντων
3382 1857 3565 1919 αὐτὸς,
3597 1856 3696 1909 ἅτε
3727 1860 3834 1909 καὶ

634 1945 727 1998 nia
754 1946 982 1999 dicenda
1015 1945 1346 2014 tacendaque
1375 1948 1801 2001 communicaret
1830 1956 1886 2001 et
1913 1949 2030 2003 sine
2060 1964 2170 2018 quo

630 2039 765 2093 nihil
788 2040 1103 2094 decerneret
1119 2051 1210 2094 aut
1225 2051 1427 2109 ageret.
1446 2041 1623 2106 Quare
1645 2043 1812 2095 tristis
1834 2052 1889 2098 et
1906 2044 2171 2100 sollicitus

631 2146 847 2199 semper
878 2139 991 2185 erat
1018 2141 1072 2185 et
1103 2131 1408 2183 futurorum
1452 2132 1663 2199 plenus,
1698 2149 1929 2201 quorum
1964 2136 2170 2196 exitum

630 2220 733 2274 sibi
766 2235 954 2289 parum
982 2220 1186 2272 felicem
1215 2217 1326 2273 fore
1368 2221 1715 2288 praevidebat.
1746 2222 1986 2289 Quadam
2008 2225 2172 2295 igitur

634 2318 791 2363 nocte
809 2325 999 2363 novam
1028 2309 1192 2379 ignoti
1218 2310 1454 2364 hominis
1479 2310 1705 2367 formam
1724 2313 1908 2369 videre
1926 2315 2076 2371 vieius
2090 2328 2174 2371 cst

633 2396 735 2451 sibi
751 2400 951 2467 jacenti
982 2409 1263 2465 astantem,
1278 2400 1517 2467 praedoni
1541 2411 1596 2454 et
1620 2403 1816 2471 agresti
1836 2404 2030 2458 latroni
2049 2406 2173 2473 per-

634 2485 898 2548 similem,
936 2489 1027 2554 qui
1063 2503 1253 2544 manus
1302 2489 1406 2543 sibi
1442 2488 1709 2557 injiceret,
1744 2498 1801 2543 et
1824 2490 1891 2545 de
1921 2492 2173 2546 cervicali

636 2578 817 2630 claves
841 2578 1075 2655 cubiculi
1110 2580 1325 2647 eripere
1358 2580 1540 2644 vellet,
1579 2580 1630 2632 in
1666 2594 1775 2647 quo
1826 2582 2066 2649 supellex
2119 2592 2176 2638 et

636 2680 857 2733 gemmae
890 2669 1135 2735 repositae
1159 2678 1316 2723 erant
1346 2676 1400 2721 et
1426 2667 1688 2737 quidquid
1720 2684 1883 2737 opum
1917 2670 2171 2741 habebat.

638 2753 839 2807 Somno
882 2764 1060 2807 autem
1102 2756 1153 2807 vi
1206 2769 1432 2809 excusso
1471 2763 1618 2810 totus
1646 2755 1843 2821 adhuc
1897 2758 2177 2826 trepidans

638 2858 948 2911 quanquam
1006 2844 1416 2912 expergefactus
1466 2843 1775 2912 inclamavit
1832 2844 2083 2911 famulos,
2116 2856 2177 2900 ut

639 2934 947 3002 praedonem
989 2942 1463 3002 persequerentur,
1508 2949 1577 2989 ne
1630 2950 1734 2991 una
1768 2950 1892 2989 cum
1942 2937 2175 3003 pecunia

643 3023 922 3093 etingeret.
964 3024 1250 3091 ignorabat
1280 3023 1425 3077 enim
1452 3024 1569 3084 visa
1612 3024 2003 3080 illa-somnium
2028 3040 2173 3091 esse,

2272 1954 2503 2023 μάλιστα
2532 1953 2746 2004 πάντων
2788 1951 2949 2012 αὐτὸς
2978 1950 3246 2001 κοινωνῶν
3292 1949 3367 2015 τῷ
3400 1946 3608 2016 βασιλεῖ
3637 1946 3833 2016 ῥητῶν

2234 2045 2363 2119 γκαὶ
2394 2042 2861 2113 ἀπορρήτωνικαὶ
2909 2039 3133 2109 γνώμης
3185 2041 3276 2093 καὶ
3315 2039 3565 2108 πράξεως
3612 2037 3829 2105 πάσης.

2271 2133 2360 2186 Διὸ
2390 2134 2482 2186 καὶ
2512 2132 2735 2194 σύννους
2768 2148 2851 2193 τιίς
2878 2126 2946 2199 ἦν
2975 2131 3067 2184 καὶ
3105 2131 3443 2198 ὲμμέριμνος
3475 2128 3561 2182 ἀεὶ
3586 2128 3683 2180 καὶ⁸
3712 2126 3833 2177 τῶν

2275 2221 2571 2290 μελλόντων
2623 2218 2854 2288 πλήρης,
2884 2219 2942 2271 οὐ
2986 2217 3130 2286 μάλα
3181 2234 3265 2286 τοι
3294 2216 3462 2282 δεξιὸν
3523 2216 3582 2267 τὸ
3628 2216 3836 2282 μέλλον

2273 2310 2639 2378 σκοπούμενος
2669 2308 2840 2361 ἐπιόν.
2884 2308 2973 2361 Ἐν
3019 2308 3119 2377 μιᾷ
3162 2305 3290 2374 γοῦν
3319 2304 3427 2358 τῶν
3456 2304 3671 2357 νυκτῶν
3704 2303 3834 2355 ἐδο-

2273 2400 2363 2463 ξεν
2391 2398 2677 2452 ἀλλόκοτόν
2720 2414 2843 2449 τινα
2877 2395 3172 2455 θεάσασθαι
3202 2396 3487 2464 ἄνθρωπον
3518 2393 3832 2445 ἐπιστάντα

2272 2490 2321 2541 oi
2350 2488 2606 2555 κειμένῳ,
2635 2477 2872 2553 ἀτεχνῶς
2909 2483 3193 2553 λωποδύτῃ
3226 2485 3329 2535 τινὶ
3379 2484 3473 2534 καὶ
3508 2480 3689 2549 ἀγρίῳ
3720 2480 3827 2547 λῃ-

2275 2580 2373 2646 στῇ
2397 2576 2607 2630 ἐοικότα
2636 2577 2734 2643 τὴν
2762 2573 2919 2643 χεῖρά
2954 2589 3014 2625 τε
3048 2572 3373 2641 ἐμϐαλόντα,
3399 2570 3697 2636 ἀφελέσθαι
3727 2568 3831 2619 τοῦ

2275 2664 2705 2735 προσκεφαλαίου
2730 2664 2827 2725 τὰς
2851 2661 2946 2714 τοῦ
2968 2661 3206 2730 θαλάμου
3239 2661 3470 2722 κλεῖδας,
3495 2657 3579 2729 [Ρ.
3605 2656 3742 2727 255]
3770 2656 3831 2707 ιν

2274 2749 2318 2824 ᾧ
2347 2756 2414 2811 τά
2438 2773 2497 2809 τε
2536 2754 2736 2807 ἔπιπλα
2764 2753 2859 2807 καὶ
2907 2753 2956 2803 οί
2985 2750 3291 2824 πολυτελεῖς
3324 2750 3530 2802 ἔκειντο
3564 2748 3701 2799 λίθοι
3728 2747 3830 2799 καὶ

2274 2846 2376 2897 ὅσα
2425 2844 2533 2899 τῶν
2561 2843 2857 2912 χρημάτων
2906 2840 3053 2909 αὐτῷ
3097 2832 3315 2908 περιῆν.¹
3348 2838 3451 2888 Τὸν
3499 2837 3557 2888 δὲ
3607 2836 3701 2904 βίᾳ
3732 2836 3829 2886 τὸν

2276 2923 2441 2989 ὕπνον
2464 2933 2890 2998 ἀποτινάξασθαι
2928 2933 3019 2984 καὶ
3045 2931 3271 3000 θορύϐου
3295 2929 3490 2996 μεστὸν
3523 2926 3829 2995 ἐγερθέντα

2278 3027 2405 3096 βοᾷν
2432 3026 2522 3077 καὶ
2552 3015 2662 3085 τοῖς
2694 3022 3025 3095 θεράπουσιν
3062 3018 3441 3087 ἐγκελεύεσθαι
3477 3017 3698 3070 διώκειν
3733 3016 3828 3067 τὸν

645 3133 753 3171 non
802 3131 909 3170 rem
945 3130 1162 3170 veram:
1197 3116 1300 3179 Qui
1345 3130 1467 3170 cum
1511 3116 1689 3189 statim
1734 3118 2096 3171 surrexissent
2121 3127 2174 3172 et

2278 3116 2612 3183 λωποδύτην,
2648 3114 2722 3180 μὴ
2754 3112 2934 3188 φθάσῃ
2953 3110 3172 3177 διαδρὰς
3203 3108 3339 3174 μετά
3367 3108 3475 3158 τῶν
3498 3108 3825 3175 χρημάτων.

644 3206 791 3261 fores
826 3208 1033 3260 clausas
1074 3207 1422 3274 reperissent,
1468 3216 1523 3261 et
1575 3206 1951 3269 aﬂirmassent,
1986 3209 2174 3276 imagi-

2288 3205 2554 3273 Ἐλελήθει
2588 3205 2695 3272 γὰρ
2717 3203 2874 3254 αὐτὸν
2903 3203 3147 3253 ἐνύπνιον
3178 3195 3314 3253 εἶναι
3352 3196 3420 3250 τά
3449 3196 3847 3265 φαντασθέντα
3872 3274 3875 3279 γ

642 3301 918 3351 nationem
956 3311 1075 3351 esse
1100 3312 1129 3351 e
1156 3296 1367 3351 diurnis
1396 3296 1818 3366 cogitationibus
1849 3302 2021 3361 ortam
2040 3337 2057 3362 ,
2088 3299 2174 3353 ille

2277 3299 2369 3350 καὶ
2400 3298 2501 3349 οὐκ
2523 3295 2802 3364 ἀλήθειαν.
2826 3292 2944 3346 Τῶν
2968 3292 3031 3361 δὴ
3060 3291 3403 3357 θεραπόντων
3432 3286 3829 3340 διανισπάντων

646 3389 733 3441 vix
759 3388 824 3441 ad
852 3402 908 3441 se
936 3387 1109 3455 ipsum
1137 3401 1383 3441 reversus
1418 3387 1857 3442 ardentissimum
1881 3386 2174 3456 suspirium

2276 3389 2435 3450 εὐθὺς
2489 3386 2714 3451 καὶτὰς
2752 3384 2918 3454 θύρας
2968 3382 3358 3449 κεκλεισμένας
3406 3378 3677 3445 εὑρόντων
3731 3377 3833 3428 καὶ

646 3492 714 3530 ex
756 3477 863 3529 imo
914 3476 1094 3545 traxit,
1135 3489 1350 3529 ac-non
1397 3483 1502 3528 tam
1556 3468 1881 3531 diurnarum
1927 3491 2174 3531 curarum

2277 3478 2776 3532 διαϐεϐαιωσάντων
2820 3474 3117 3542 φαντασίαν
3174 3468 3310 3523 εἶναι
3347 3469 3407 3521 τὺ
3450 3468 3683 3535 πρᾶγμα
3734 3467 3833 3519 καὶ

646 3562 969 3630 imaginem,
1031 3576 1191 3630 quam
1236 3560 1555 3630 praesagium
1605 3561 1907 3615 eversionis
1962 3562 2174 3616 familia:

2285 3568 2657 3637 μεθημερινῶν
2693 3567 2985 3637 φροντίδων
3040 3564 3343 3633 βλάστημα,
3386 3560 3536 3628 μόλις
3582 3559 3661 3617 είς
3697 3558 3830 3607 ἐαυ-

648 3668 778 3715 suae,
826 3650 1087 3705 visionem
1140 3650 1285 3704 illam
1326 3664 1444 3705 esse
1490 3650 1773 3719 judicavit.
1825 3650 2004 3719 Quare
2054 3666 2174 3706 cum

2285 3658 2373 3710 τὸν
2431 3656 2597 3710 ἐλθὼν
2628 3657 2954 3731 θερμότατόν
2988 3644 3128 3709 τινα
3179 3650 3478 3717 στεναγμὸν
3520 3650 3585 3699 ὲκ
3628 3644 3832 3715 βάθους

590 3798 593 3801 η
648 3738 950 3801 diluxisset,
979 3740 1264 3808 pleraeque
1289 3752 1418 3807 opes
1459 3752 1490 3792 e
1531 3738 1645 3794 suis
1679 3738 1894 3794 aedibus"
1922 3748 2174 3809 tanquam

2283 3746 2585 3814 ἀνέπεμψε,
2634 3747 2725 3798 καὶ
2746 3745 2803 3797 ού
2848 3743 3095 3797 τοσοῦτον
3129 3738 3505 3811 μεθημερινῶν
3528 3736 3833 3806 φροντίδων

647 3830 945 3898 desperatis
959 3831 1064 3899 jam
1081 3830 1367 3884 translatas
1382 3828 1731 3883 interamicos
1745 3830 2033 3886 fidissimos
2045 3832 2174 3909 clam

2282 3837 2569 3906 βλάστημα
2611 3836 2670 3889 τὸ
2709 3834 2906 3903 φανθὲν
2947 3835 3179 3898 ἔκρινεν,
3218 3832 3340 3883 ὅσον
3388 3827 3659 3909 ίμαντείαν
3706 3823 3830 3878 τινά

649 3920 927 3973 distribuit
948 3918 1347 3973 custodiendas.
1370 3917 1547 3970 Uxore
1575 3932 1706 3971 vero
1727 3928 1779 3972 et
1805 3919 2014 3974 ancillis
2037 3906 2174 3973 domi

2281 3927 2375 3978 καὶ
2403 3927 2848 3995 προαναφὼνησιν
2874 3924 2965 3977 τοῦ
2994 3923 3274 3993 μέλλοντος
3304 3906 3712 3987 καταλήψεσθαι
3736 3915 3830 3965 τὸν

648 4009 853 4062 relictis
879 4009 991 4075 ipse
1012 4005 1289 4073 injpalatio
1319 4005 1637 4058 commorari
1662 4004 1821 4074 413
1854 4021 1916 4059 ac
1946 4006 2174 4062 residere

2280 4016 2480 4066 οἰκεῖον
2526 4008 2672 4066 οἶκον
2712 4011 3040 4080 ἀφανισμοῦ.
3073 4010 3233 4061 Ὅθεν
3271 4008 3479 4089 ἡμέρας
3525 4007 3831 4072 γενομένης

650 4116 715 4154 cx
746 4114 810 4154 eo
833 4098 993 4166 coepit
1015 4115 1029 4162 ;
1050 4098 1192 4150 unde
1232 4111 1328 4150 nec
1358 4096 1501 4150 foras
1538 4095 1932 4163 egrediebatur,
1966 4098 2174 4165 seditio-

2280 4104 2349 4155 τὰ
2377 4103 2539 4154 πλείω
2569 4100 2675 4153 τῶν
2705 4102 2999 4169 χρημάτων
3028 4098 3354 4165 ἀφελόμενος
3384 4094 3484 4161 τῆς
3511 4091 3711 4155 οἰκίας,
3734 4092 3828 4142 ἅτε

650 4205 775 4243 nem
798 4188 981 4258 populi
1008 4196 1193 4240 contra
1224 4201 1280 4239 se
1308 4186 1751 4239 eﬂ'ervescentem
1770 4186 2174 4253 pertimescens.

2282 4190 2706 4259 ἀπεγνωσμένης
2776 4191 2898 4258 ἠδη,
2943 4187 3214 4257 διεμέρισέ
3255 4204 3313 4237 τε
3362 4184 3456 4235 καὶ
3495 4181 3602 4233 τῶν
3656 4181 3832 4248 φίλων

651 4282 763 4341 τοῖς
813 4278 1148 4337 πιστοτάτοις
1192 4276 1363 4344 λάθρα
1389 4274 1631 4327 ἐδεδώκει
1675 4274 1969 4337 φυλάττειν
2000 4278 2169 4346 αὐτῷ.
2227 4279 2285 4332 ’0
2328 4281 2393 4337 δὲ
2430 4280 2529 4349 τὴν
2561 4281 2795 4348 γυναῖκα
2842 4278 2937 4331 καὶ
2999 4275 3099 4339 τάς
3166 4274 3544 4345 θεραπαινίδας
3576 4272 3709 4340 περὶ
3742 4267 3834 4322 τδν

654 4366 800 4421 οἷκον
837 4368 992 4434 ἀφεὶς
1025 4364 1184 4424 αὐτὸς
1233 4367 1359 4433 περὶ
1389 4365 1456 4416 τὰ
1489 4363 1734 4431 βασίλεια
1772 4365 2032 4433 ἀπρόῖτον
2088 4369 2181 4420 τοῦ
2219 4368 2405 4423 λοιποῦ
2439 4371 2548 4438 τὴν,
2604 4368 2884 4439 διατριϐὴν
2956 4368 3051 4421 καὶ
3092 4366 3400 4435 καταμονὴν
3443 4366 3703 4429 ἐποιεῖτο,
3748 4364 3835 4415 δε-

655 4456 781 4517 διὼς
835 4456 931 4525 τὴν
963 4453 1055 4505 τοῦ
1091 4454 1259 4522 δήμου
1286 4453 1467 4505 στάσιν
1490 4454 1921 4521 φλεγμαίνουσαν
1949 4458 2067 4508 κατ’
2091 4456 2276 4510 αὑτοῦ.

725 4548 811 4600 lli.
844 4545 1107 4601 Caeterum
1148 4541 1237 4611 qui
1284 4557 1315 4598 a
1359 4542 1569 4597 seniore
1601 4542 1922 4609 imperatore
1961 4544 2174 4599 urbibus

2358 4545 2435 4609 Γ’.
2469 4547 2531 4598 Oi
2565 4547 2747 4614 μέντοι
2782 4545 2935 4613 παρὰ
2968 4542 3057 4596 τοῦ
3092 4541 3321 4612 γηραιοῦ
3358 4540 3619 4610 βασιλέως
3655 4557 3836 4611 upon-

656 4644 710 4690 ct
756 4614 1050 4703 provinciis
1083 4631 1400 4685 Macedoniae
1439 4630 1705 4697 pratpositi
1752 4641 1908 4684 antea
1951 4632 2174 4697 fuerant,

2292 4634 2649 4694 ποσταλέντες
2698 4635 2775 4694 είς
2809 4633 2903 4701 τὴν
2936 4633 3042 4684 τῶν
3076 4634 3214 4684 κατά
3255 4630 3587 4687 Μακεδονίαν
3640 4630 3837 4700 χωρῶν

661 4740 763 4777 una
787 4739 907 4776 cum
941 4720 1197 4773 uxoribus
1222 4729 1273 4771 et
1302 4719 1486 4771 liberis
1507 4722 1587 4784 (ut
1613 4722 1735 4771 ante
1760 4719 2017 4789 diximus)
2044 4723 2174 4789 capti

2293 4723 2385 4775 καὶ
2418 4722 2623 4775 πόλεων
2652 4721 2919 4789 διοίκησιν
2950 4721 3189 4771 ἑάλωσαν
3238 4719 3352 4786 ἅμα
3397 4718 3609 4784 γυναιξί
3636 4734 3702 4770 τε
3746 4722 3837 4771 καὶ

660 4825 806 4876 sunt,
840 4824 894 4867 et
925 4812 1116 4882 partim
1168 4810 1619 4871 Thessalonicam,
1654 4812 1845 4878 partim
1893 4813 2174 4881 Didymoti‘

2289 4816 2520 4877 τέκνοις,
2548 4816 2623 4873 ὼς
2653 4814 2891 4881 ἓφθημεν
2918 4812 3229 4878 εἰρηκότες.
3268 4812 3360 4863 καὶ
3386 4810 3837 4879 διαμερισθέντες

662 4908 822 4959 chum
848 4904 1019 4977 missi,
1050 4917 1232 4955 omnes
1262 4915 1443 4955 carum
1482 4900 1691 4952 urbium
1723 4914 1966 4954 carceres
2000 4901 2174 4967 implet

2292 4907 2393 4959 ὅσα
2422 4907 2549 4972 περὶ
2589 4905 2986 4973 Θεσσαλονίκην
3029 4905 3118 4955 καὶ
3148 4902 3524 4971 Διδυμότειχον
3547 4902 3837 4971 δεσμωτή-

660 5003 875 5050 verunt.
928 4980 1226 5045 Demetrius
1256 5006 1384 5045 vero
1426 4990 1663 5059 despdta,
1699 5006 1864 5044 uxore
1908 4999 1962 5043 et
2004 4991 2174 5044 liberis

2298 5013 2386 5061 ρια
2436 4991 2609 5047 πάντα
2648 4997 2819 5063 μεστά
2869 4994 3071 5046 ἑαυτῶν
3124 4993 3511 5060 πεποιήκεσαν.
3579 4990 3638 5042 '0
3684 4992 3748 5043 δέ
3777 5008 3838 5057 γε

664 5085 883 5149 relictis,
915 5082 1008 5153 qui
1045 5098 1073 5135 a
1119 5081 1564 5149 persequentibus
1607 5081 1744 5147 capti
1782 5091 1927 5141 sunt,
1968 5080 2087 5148 fuga
2122 5083 2174 5133 ad

2294 5084 2555 5149 δεσπότης
2593 5084 2895 5149 Δημήτριος
2926 5080 3099 5148 φυγάς
3135 5079 3301 5148 ᾤχετο
3334 5078 3511 5131 ἀπιὼν
3541 5079 3691 5146 παρὰ
3750 5078 3837 5131 τὸν

664 5175 865 5227 Serviae
890 5170 1098 5225 Cralem
1128 5171 1359 5238 elapsus.
1394 5160 1838 5221 Protovestiarius
1867 5176 2045 5220 autem
2082 5171 2174 5221 An-

2298 5172 2517 5240 Κράλην
2550 5173 2796 5240 Σερϐίας,
2852 5172 3083 5237 γυναῖκα
3133 5174 3221 5221 καὶ
3272 5170 3461 5228 παῖδας
3514 5166 3835 5221 καταλιπων

663 5240 1031 5321 dronicus,-ad
1064 5271 1269 5329 tempus
1295 5268 1347 5313 et
1378 5260 1488 5327 ipse
1518 5259 1789 5324 despotam
1820 5266 2057 5318 secutus,
2082 5273 2174 5309 nor

2295 5260 2594 5313 διώκουσιν.
2644 5261 2699 5312 '0
2724 5262 2777 5312 δὲ
2834 5260 3320 5328 πρωτοϐεστιάριος
3378 5258 3713 5334 Ἀνδρόνωρς
3745 5260 3838 5326 μὲ-

665 5356 840 5422 potuit
867 5362 1125 5422 perpetuo
1150 5346 1364 5419 parasiti
1392 5363 1537 5401 more
1562 5347 1729 5398 aliena
1756 5347 1957 5413 quadra
1983 5347 2174 5405 vivere,

2295 5367 2384 5419 χρι
2414 5351 2555 5412 τινὸς
2596 5352 2856 5418 ἑπόμενος
2892 5349 2987 5401 καὶ
3035 5351 3197 5411 αὐτὸς
3224 5350 3300 5418 τῷ
3321 5348 3550 5416 δεσπότῃ
3596 5348 3695 5399 οὐκ
3726 5347 3840 5399 ἐδυ-

669 5452 726 5494 ut
762 5444 869 5496 ille.
920 5442 1025 5495 Sed
1060 5450 1283 5508 quantas
1312 5439 1470 5492 modo
1511 5451 1663 5504 opes,
1682 5437 1950 5504 jumenta,
1982 5451 2166 5503 posses

2295 5439 2428 5509 νήθη
2446 5441 2634 5508 -μέχρι
2657 5441 2837 5500 τέλους
2872 5441 3115 5507 καθάπερ
3150 5432 3232 5500 τις
3259 5440 3555 5507 παράσιτος
3590 5441 3645 5498 ἐς
3678 5436 3838 5489 ἀλλος

670 5536 881 5600 siones,
916 5536 1139 5604 gloriam
1189 5548 1308 5587 cum
1356 5533 1501 5587 omni
1552 5545 1647 5599 spe
1696 5530 1875 5583 subito
1932 5530 2173 5584 amisisse

2295 5530 2449 5597 τρίαν
2481 5529 2807 5581 ἀποϐλέπειν
2854 5529 3345 5599 τράπεζαν,ὧσπερ
3403 5528 3628 5587 ἐκεῖνος.
3696 5524 3840 5579 Ἀλλ’

672 5638 851 5677 secum
886 5634 1162 5692 reputans,
1191 5630 1244 5675 et
1284 5623 1370 5674 illa
1414 5623 1572 5674 etiam
1606 5620 1672 5673 de
1700 5632 1864 5672 uxore
1897 5622 2168 5685 suspicatu

2294 5619 2770 5685 ἀναλογισάμενος,
2830 5622 2949 5670 ὅσον
2991 5619 3242 5685 ἐξαπίνης
3277 5617 3550 5686 ἀφῄρηται
3607 5616 3839 5669 πλοῦτον

675 5712 892 5781 probra.
929 5716 1123 5771 quibus
1153 5712 1373 5771 captivae
1405 5712 1653 5764 mulieres
1683 5710 1817 5764 aflici
1845 5710 1910 5763 ab
1947 5711 2174 5765 hostibu:

2296 5710 2390 5761 καὶ
2419 5712 2589 5767 κτήνη
2621 5711 2708 5762 καὶ
2737 5712 2989 5768 κτήματα
3022 5710 3112 5762 καὶ
3138 5710 3293 5767 δόξαν
3339 5709 3476 5762 αετά
3505 5708 3696 5762 πασῶν
3732 5709 3836 5762 τῶν
