4006 6342
679 439 785 501 683
972 432 1049 502 [Α.
1078 445 1132 485 ν.
1167 430 1400 484 6856.,ιο
1439 429 1602 500 63.59]

1800 388 1811 399 ”
1848 432 2267 497 NICEPHORI
2309 434 2691 498 esseom;

2964 429 3097 503 [μιν.
3124 444 3405 487 manente.
3427 430 3570 506 πηι]

3781 434 3887 501 684

680 549 889 614 legatos
926 544 993 610 de
1026 558 1158 611 pace
1189 544 1255 598 ad
1291 544 1679 613 imperatorem
1716 543 1908 601 mittit.
1940 544 2229 615 Indignum

2336 545 2621 614 γενόμενος
2644 541 3100 613 διαπρεσϐεύεται
3150 548 3287 614 πρὸς
3340 547 3434 598 τδν
3485 545 3710 613 βασιλέα
3762 547 3892 613 περὶ

679 636 826 690 enim
866 648 986 688 esse
1013 632 1363 697 Christianis,
1386 634 1522 689 adeo
1559 634 1854 689 crudeliter
1884 643 2076 689 contra
2108 650 2231 690 sese

680 727 951 797 grassari,
980 741 1100 780 cum
1128 742 1231 795 pax
1257 739 1311 780 et
1339 726 1633 780 concordia
1666 725 1808 780 inter
1852 725 1999 794 ipsos
2031 726 2233 801 consti-

597 874 601 881 ,
681 818 759 870 tui
810 818 982 887 possit
1016 827 1071 871 et
1102 818 1228 871 belli
1263 820 1406 872 acies
1453 818 1504 872 in
1546 817 1753 887 impios
1801 818 2087 885 utriusque
2120 816 2230 870 ini-

680 907 854 962 micos
914 908 1183 962 converti.
1241 907 1321 961 Ad
1383 907 1502 962 haec
1555 908 1852 976 imperator
1913 908 2229 977 reSpoudet,

681 1011 898 1067 :equum
934 1012 1095 1060 esse,
1149 1007 1206 1051 ut
1254 997 1515 1052 Romanis
1565 1006 1840 1054 exstructa
1869 998 2089 1053 castella
2139 1014 2234 1068 pa-

681 1098 938 1152 reant,ac
968 1088 1175 1160 legatos
1210 1104 1265 1143 re
1293 1089 1492 1143 infecta
1526 1088 1773 1144 dimittit.
1811 1089 2058 1159 Amplius
2083 1090 2231 1143 enim

608 1230 615 1241 ,
664 1179 999 1253 quindecim
1060 1180 1280 1235 castella
1324 1195 1456 1234 avus
1506 1181 1625 1251 ejus
1678 1180 1972 1247 imperator
2017 1179 2231 1235 Andro-

680 1269 838 1326 uicus
895 1270 950 1322 in
1003 1268 1381 1323 cacuminibus
1436 1277 1492 1322 et
1548 1266 1840 1337 praeruptis
1890 1267 2057 1322 Haemi
2092 1267 2230 1322 locis

681 1360 879 1428 partim
940 1374 970 1412 a
1026 1359 1395 1413 fundamentis
1442 1359 2032 1428 exstruxerat,partim
2069 1341 2225 1413 novis

680 1451 940 1518 operibus
995 1449 1306 1512 munierat,
1341 1449 1760 1503 Protostratoris
1784 1447 1991 1503 -Glabaa
2038 1464 2226 1519 opera,

682 1541 775 1609 qui
813 1548 924 1594 tum
967 1536 1303 1608 provinciam
1336 1536 1621 1591 Thraciam
1678 1537 2095 1593 administrabat
2121 1576 2134 1601 ,
2172 1546 2234 1592 ut

689 1632 891 1687 crebra:
947 1627 1271 1699 Scytharum
1351 1627 1693 1684 incursiones
1740 1628 1905 1684 veluti
1968 1636 2232 1699 perpetuo

682 1738 837 1778 muro
868 1722 1154 1790 interiecto
1184 1720 1629 1791 prohiberentur.

751 1907 841 1963 Ill.
881 1908 1010 1974 Quae
1048 1908 1115 1963 ab
1148 1908 1238 1963 illo
1268 1910 1348 1963 sic
1377 1909 1519 1963 dicta
1567 1922 1690 1963 cum
1739 1908 2044 1963 Alexander
2073 1922 2230 1978 aequo

680 1999 865 2054 animo
898 2000 1041 2054 ferre
1091 2000 1320 2055 minime
1363 2008 1586 2068 posset,
1641 2001 1829 2068 copias
1873 2015 1999 2055 suas
2046 2000 2233 2054 statim

682 2090 955 2143 contrahit
988 2088 1054 2141 ad
1096 2099 1220 2143 octo
1252 2088 1482 2167 millium
1518 2103 1829 2155 numerum,
1879 2099 1936 2144 et
1966 2090 2075 2144 duo
2111 2090 2235 2143 mil-

681 2179 752 2233 lia
782 2178 1105 2248 Scytharum
1125 2179 1372 2233 mercede
1393 2179 1784 2234 contluctorum
1815 2182 2074 2247 arcessit;
2099 2180 2235 2237 Ter-

680 2270 933 2338 noboque
962 2268 1255 2338 ,profectus
1302 2269 1497 2338 quinto
1541 2270 1629 2325 die
1661 2270 1728 2324 ad
1781 2271 2102 2334 castellum,
2144 2274 2233 2327 cui

681 2359 1045 2415 llhusocastra
1096 2377 1295 2415 nomen
1344 2371 1451 2425 est,
1496 2364 1765 2430 pervenit,
1796 2361 1999 2431 ibique
2030 2371 2234 2417 castra-

682 2458 936 2505 metatnr.
986 2449 1068 2503 lbi
1118 2452 1265 2503 enim
1314 2451 1479 2505 etiam
1534 2453 1919 2521 imperatorem
1969 2469 2091 2508 esse
2136 2469 2234 2508 au-

681 2544 875 2597 dierat.
927 2542 1029 2607 Qui
1076 2542 1327 2610 quamvis
1383 2543 1662 2612 inopinato
1693 2543 1929 2597 hostium
1991 2546 2232 2600 adventu

682 2635 1005 2703 perculsus,
1049 2632 1211 2705 485
1266 2643 1443 2687 tamen
1493 2634 1547 2688 in
1594 2634 1770 2688 media
1827 2636 2011 2690 hostili
2070 2647 2231 2705 terra,

682 2742 807 2781 eum
857 2725 1004 2783 aliud
1055 2726 1345 2780 consilium
1405 2741 1589 2780 rerum
1651 2726 1938 2783 diilicnltas
1998 2743 2233 2798 pra-scus

685 2831 792 2870 non
836 2824 1137 2887 pateretur,
1195 2815 1467 2870 Romanas
1517 2825 1573 2869 et
1607 2817 1721 2884 ipse
1768 2819 1954 2886 copias
1994 2827 2053 2870 ut
2106 2820 2234 2873 licet

590 2928 595 2929 ν
683 2906 899 2969 educit,
933 2905 1161 2959 bosibus
1201 2906 1425 2957 minime
1451 2919 1640 2973 pares,
1687 2898 1747 2957 ut
1775 2920 1895 2974 quae
1940 2908 2032 2960 vix
2068 2906 2231 2961 trium

686 2995 929 3048 millium
947 3006 1231 3047 numerum
1261 2993 1575 3060 explerent,
1610 2992 1789 3061 iisque
1823 2995 1875 3047 in
1924 3004 2036 3048 tres
2083 2996 2229 3049 acies

684 3084 995 3141 distributis
1024 3098 1134 3138 non
1182 3085 1369 3153 procul
1421 3098 1450 3136 a
1496 3082 1718 3137 castello
1768 3094 1850 3137 est
1885 3098 2228 3154 progressus,

684 3177 831 3249 quod
881 3173 1130 3229 subsidio
1179 3174 1287 3227 sibi
1342 3183 1398 3228 et
1448 3178 1690 3242 receptui
1739 3188 1859 3229 esse
1904 3175 2154 3241 volebat,
2186 3177 2230 3229 si

684 3270 879 3324 cessim
934 3264 1302 3321 recedendum
1350 3264 1507 3318 foret.
1566 3265 1701 3318 Cum
1750 3280 1879 3319 vero
1937 3266 2120 3320 hostes
2155 3267 2238 3320 in-

686 3368 943 3431 gruentes
968 3353 1180 3413 videret
1199 3396 1215 3424 ,
1242 3369 1549 3425 eorumque
1581 3358 1753 3410 aciem
1783 3356 1859 3410 ita
1893 3356 2232 3424 instructam,

686 3463 749 3506 ut
787 3450 1037 3505 dextrum
1097 3459 1155 3504 et
1206 3448 1490 3503 sinistrum
1543 3460 1713 3499 cornu
1764 3446 1819 3499 in
1867 3448 2236 3517 longissimam

686 3541 887 3597 seriem
918 3541 1177 3606 utrinque
1214 3538 1615 3607 porrigeretur,
1665 3537 1844 3607 gravis
1875 3548 2150 3592 armatura
2183 3540 2237 3593 in

685 3630 867 3686 medio
898 3639 1080 3690 esset,
1112 3635 1419 3681 extremum
1453 3635 1633 3681 autem
1670 3641 1860 3695 agmen
1908 3626 2238 3694 profundum

686 3729 740 3787 et
784 3719 927 3774 lirmi
978 3715 1262 3788 cujusdam
1305 3714 1647 3770 fundamenti
1706 3716 1879 3770 instar
1924 3714 2094 3780 foret;
2148 3732 2240 3773 ve-

689 3809 829 3864 ritus
850 3846 865 3871 ,
897 3821 967 3861 ne
995 3806 1507 3869 circumveniretur,
1552 3804 1736 3859 statim
1771 3807 2001 3860 consilio
2033 3817 2239 3879 mutato

693 3899 964 3954 Romanas
1012 3897 1197 3965 eOpias
1242 3897 1294 3948 in
1329 3910 1490 3950 unam
1524 3896 1818 3965 ancipitem
1876 3899 2049 3951 aciem
2104 3913 2238 3953 con-

688 3988 893 4053 trahit,
924 3983 1493 4040 lunzecorniculantis
1522 3986 1759 4053 speciem
1791 3986 2060 4051 imitatus.

685 4171 687 4174 ⁴
763 4179 855 4233 ιν.
896 4180 1015 4247 Ipse
1045 4181 1100 4233 in
1134 4175 1371 4235 medium
1397 4180 1715 4247 progressus
1744 4190 1873 4231 suos
1904 4176 2159 4234 inclamat
2184 4190 2241 4235 et

691 4266 997 4325 conﬁrmat.
1032 4286 1050 4318 ι
1081 4268 1323 4337 Cogitate
1350 4306 1364 4332 ,
1396 4268 1571 4337 inquit
1600 4308 1617 4335 ,
1661 4268 1805 4332 viri,
1840 4284 1940 4323 nos
2002 4270 2054 4323 in
2083 4284 2240 4339 pere-

690 4360 845 4434 grina
877 4368 933 4413 et
974 4357 1159 4426 hostili
1197 4372 1439 4425 pugnare
1492 4366 1637 4412 terra
1681 4366 1736 4412 et
1783 4359 1940 4430 longe
1981 4376 2011 4415 a
2066 4361 2239 4429 patria

690 4452 944 4507 exclusos
974 4467 987 4515 ;
1019 4464 1120 4503 nee
1149 4448 1323 4502 socias
1371 4447 1575 4502 habere
1620 4450 1867 4505 civitates
1893 4492 1907 4515 ,
1936 4456 2056 4521 qna:
2082 4453 2241 4510 nobis

2334 637 2578 707 εἰρήνης,
2612 636 2714 688 οὐκ
2745 635 2895 700 ἄξιον
2926 631 3066 687 εἶναι
3092 635 3267 703 λέγων
3297 634 3646 707 Χριστιανοῖς
3666 635 3892 703 ἀπηνῶς

2333 728 2532 781 οὑτωσὶ
2560 726 2682 781 κατ’
2719 726 2963 796 ἀλλήλων
2991 727 3227 791 ἐπιέναι,
3260 730 3381 783 ἐνὸν
3396 727 3695 797 ςόμοδοξεῖν
3730 727 3892 796 ἀλλὴι

2333 822 2447 883 λοις
2476 821 2542 871 τά
2592 818 2728 889 πρὸς
2772 818 2998 889 εἰρήνην
3029 819 3122 869 καὶ
3175 819 3313 887 όμοῦ
3352 820 3494 873 κατά
3545 819 3653 871 τῶν
3681 818 3893 871 ἀσεϐῶν

2333 909 2924 979 ἁντιπαρατάττεσθαι,
2969 907 3243 977 πολεμίων
3280 910 3449 965 όντων
3473 909 3709 979 ἀμφοῖν.
3754 908 3814 963 '0
3840 910 3890 962 ea

2336 1000 2590 1071 βασιλεὺς
2618 1001 2827 1054 δίκαιον
2849 993 2989 1054 εἶναι
3016 1001 3194 1069 φήσας
3223 1000 3470 1052 ὑπείκειν
3508 999 3803 1069 Ῥωμαίοις
3830 1000 3892 1051 τὰ

2335 1092 2501 1146 πάλαι
2559 1091 2712 1161 παρά
2774 1090 3063 1159 Ῥωμαίων
3109 1089 3605 1158 ἀνοικοδομηθέντα
3633 1088 3888 1159 φρούρια,

2332 1184 2460 1247 τοὺς
2509 1183 2768 1255 πρέσϐεις
2819 1183 3132 1249 ἀπράκτους
3156 1180 3475 1250 ἀπέπεμψε.
3519 1179 3749 1233 Πλιίονα
3784 1181 3890 1247 γὰρ

2334 1277 2367 1346 ἢ
2404 1276 2797 1332 πεντεκαίδεκα
2821 1272 2904 1345 [Ρ.
2930 1272 3060 1343 298]
3088 1272 3328 1345 φρούρια
3354 1273 3506 1342 παρὰ
3536 1271 3634 1333 τὰς
3655 1272 3889 1341 expern-

2333 1386 2431 1432 τας
2455 1370 2549 1421 καὶ
2580 1368 2864 1435 ἀποτομὰς
2906 1365 2999 1418 τοῦ
3053 1360 3226 1431 Αἴμου
3277 1368 3304 1419 ό
3335 1364 3555 1426 πάππος
3605 1360 3771 1416 αὐτοῦ
3800 1364 3889 1413 καὶ

2336 1462 2593 1532 βασιλεὺς
2637 1459 2995 1541 Ἀνδρόνικος,
3031 1463 3096 1510 τὰ
3130 1457 3231 1526 μὲν
3257 1458 3322 1509 ἐκ
3364 1456 3577 1527 βάθρων
3609 1456 3884 1524 ἀνήγειρε,

2334 1553 2405 1606 τά
2453 1554 2500 1605 δ’
2557 1548 2945 1619 ἐπῳκοδόμησε
3007 1547 3093 1600 διὰ
3143 1546 3237 1599 τοῦ
3269 1548 3390 1599 τότε
3444 1545 3884 1614 ἐπιτροπεύοντος

2335 1645 2557 1717 Θρᾴκην
2577 1642 2763 1696 Γλαῦᾶ
2789 1640 2881 1693 τοῦ
2907 1640 3409 1710 πρωτοστρὼιορος,
3429 1637 3497 1690 ἵν’
3524 1633 3633 1692 εῐεν
3662 1635 3888 1701 κώλυμα

2335 1737 2432 1792 καὶ
2487 1735 2807 1805 διάφραγμα
2858 1732 2957 1802 τῆς
3004 1731 3258 1801 συνεχοῦς
3298 1731 3406 1786 τῶν
3437 1730 3657 1784 Σκυθῶν
3702 1728 3887 1782 διαϐά-

2337 1846 2497 1892 σεως.

2410 1924 2482 1977 Γ’,
2518 1920 2684 1979 Ταῦθ’
2712 1918 2856 1974 οὕτω
2882 1920 3145 1990 λεχθέντα
3190 1918 3315 1973 καθ’
3364 1917 3596 1988 ἡσυχίαν
3648 1916 3889 1981 Ἀλέξανο

2340 2015 2464 2085 δρος
2491 1993 2909 2083 ἧκισταφὲρειν
2943 2000 3240 2078 δυνάμενος
3271 2010 3367 2073 τὰς
3413 2008 3579 2063 αὐτοῦ
3611 2008 3889 2077 συναθροί-

2341 2107 2423 2171 ζει
2451 2108 2708 2175 δυνάμεις
2743 2105 2903 2165 εὐθὺς
2952 2104 3008 2167 ἐς
3037 2102 3473 2181 ὀκτακισχιλίους
3517 2102 3608 2155 τὸν
3638 2101 3885 2170 ἀριθμόν.

2339 2199 2774 2266 Μεταπέμπεται
2804 2198 2859 2250 δὲ
2896 2197 2991 2249 καὶ
3029 2190 3331 2264 ’δισχιλίους
3357 2195 3421 2248 ἐκ
3449 2193 3671 2247 Σκυθῶν
3700 2193 3889 2260 μισθο-

2340 2293 2558 2363 φόρους.
2596 2293 2660 2344 Ἀ
2672 2308 2770 2359 ρας
2817 2285 2909 2343 οὖν
2935 2290 2998 2341 ὲκ
3026 2288 3296 2363 Ίξερνόϐου
3336 2289 3643 2357 πεμπταῖος
3669 2285 3891 2354 ἀφίκετο

2341 2358 2434 2439 καί
2484 2358 3081 2452 κατεστρατοπέδευσεν
3110 2358 3311 2450 ἀγχοῦ
3363 2380 3458 2433 τοῦ
3507 2378 3766 2447 φρουρίου
3800 2375 3888 2427 τοῦ

2341 2476 2727 2543 ἐπιλεγομένου
2771 2472 3217 2542 Ῥουσοκάστρου.
3275 2471 3418 2525 Ἑκεὶ
3469 2471 3577 2538 γὰρ
3624 2467 3762 2522 εἶναι
3799 2464 3887 2519 καὶ

2339 2564 2684 2634 τὸνβασιλέα
2734 2563 2983 2617 ἐπύθετο.
3047 2563 3106 2615 '0
3137 2562 3195 2616 δὲ
3244 2562 3496 2633 βασιλεὺς
3542 2559 3887 2626 καταπλαγὴς

2335 2658 2440 2727 μὲν
2471 2656 2715 2723 ἐγεγόνει
2750 2655 2885 2724 πρὸς
2927 2653 3025 2725 τὴν
3071 2655 3335 2722 αἰφνίδιον
3368 2654 3560 2723 ἔφοδον
3587 2654 3694 2705 τῶν
3730 2652 3899 2703 ’πολεῖ

2343 2747 2479 2815 μίων
2503 2764 2516 2777 σ
2544 2747 2641 2815 τῆς
2669 2747 2725 2799 δὲ
2767 2738 3132 2814 περιστάσεως
3161 2745 3363 2814 ἥκιστα
3405 2745 3793 2814 συγχωρούσης
3835 2742 3889 2791 ἐν

2343 2837 2483 2907 μέσῃ
2510 2838 2576 2906 τῇ
2603 2836 2837 2905 πολεμίᾳ
2866 2834 3259 2904 βουλεύσασθαί
3283 2851 3336 2887 τι
3364 2834 3595 2904 βέλτιον,
3613 2835 3776 2901 ἐξῆγε
3798 2830 3888 2883 καὶ

2338 2927 2499 2988 αὐτὸς
2521 2927 2749 3002 ὠςβξῆν
2784 2926 2882 2996 τὴν
2923 2925 3237 2995 Ῥωμαϊκὴν
3265 2925 3515 2994 δύναμιν,
3542 2925 3643 2977 οὐκ
3669 2922 3889 3002 ἀξιόμα-

2337 3038 2431 3091 χον
2458 2999 2619 3074 οὖσαν
2647 3023 2758 3082 τοῖς
2783 3020 3119 3085 ἀντιπάλοις,
3143 3019 3277 3073 ἀλλά
3308 3018 3459 3089 μόλις
3486 3019 3541 3079 ἐς
3565 2999 3888 3089 τρισχιλίους

2336 3112 2428 3167 τὸν
2458 3111 2691 3183 ἀριθμὸν
2722 3108 3001 3177 ἀνιούσης,
3040 3110 3133 3163 καὶ
3156 3111 3215 3171 ἐς
3246 3112 3393 3179 τρεῖς
3414 3110 3584 3179 αὐτὴν
3611 3111 3888 3177 διανείμας

2259 3214 2306 3277 c
2337 3200 2521 3265 τάξεις
2546 3200 2607 3252 ού
2634 3200 2775 3253 πάνυ
2804 3199 2994 3270 πόρρω
3023 3197 3115 3252 τοῦ
3137 3201 3397 3269 φρουρίου
3428 3199 3889 3268 προῆγεν.Ἐχειν

2339 3292 2444 3361 γάρ
2468 3290 2600 3344 αὐτὸ
2636 3288 2981 3364 μεμελέτηκε
3003 3290 3324 3359 καταφυγήν
3356 3304 3476 3341 τινα
3510 3290 3647 3356 πρὸς
3684 3287 3779 3356 τὴν
3801 3286 3888 3337 ἐπὶ

2340 3385 2475 3437 πόδα
2499 3381 2864 3452 ἀναχώρησιν.
2912 3382 3065 3434 Ἐπεὶ
3094 3381 3152 3432 δὲ
3184 3380 3311 3442 τοὺς
3332 3380 3618 3447 πολεμίους
3646 3370 3889 3437 ἐπιόντας

2339 3472 2484 3544 ἐώρα
2511 3474 2651 3548 τότε
2684 3472 2857 3535 δεξιὸν
2887 3472 2981 3521 καὶ
3026 3471 3175 3521 λαιὸν
3209 3470 3373 3538 κέρας
3405 3472 3481 3529 είς
3505 3471 3752 3539 ἐπιμήκη
3780 3466 3888 3520 στί-

2300 3606 2303 3607 ν
2340 3584 2434 3636 χον
2461 3561 2802 3634 ἑκατέρωθεν
2858 3564 3229 3629 ἐκτείναντες,
3285 3562 3352 3615 τὰ
3382 3563 3436 3614 δὲ
3484 3562 3760 3633 βαρύτερα
3788 3561 3886 3613 τῶν

2319 3655 2518 3708 ”ὅπλων
2544 3655 2622 3714 εἰς
2649 3652 2810 3722 μέσον
2841 3649 3063 3720 ἔχοντας
3088 3651 3180 3703 καὶ⁵
3202 3652 3318 3720 ἅμα
3345 3649 3405 3703 τὸ
3433 3651 3595 3718 βάθος
3615 3652 3711 3720 τῆς
3732 3651 3888 3719 ούρα-

2340 3744 2463 3813 γίας
2516 3744 2703 3812 ὥσπερ
2757 3743 2876 3794 τινὰ
2932 3742 3157 3811 στερρὸν
3186 3741 3455 3813 θεμέλιον,
3510 3741 3767 3811 φοϐηθεὶς
3798 3739 3887 3806 τὴν

2341 3836 2615 3889 κύκλωσιν
2644 3834 3097 3903 μεταϐουλεύεται
3118 3832 3351 3902 τάχιστα
3376 3834 3467 3884 καὶ
3491 3833 3625 3900 πρὸς
3649 3833 3777 3899 μίαν
3795 3830 3886 3891 τὰς

2352 3910 2701 3994 Ῥωμαῖκάς-
2735 3923 2997 3989 δυνάμεις
3049 3922 3268 3992 ἤθροισε
3325 3923 3478 3985 τάξιν
3524 3922 3881 3990 ἀμφίστομον,

2338 4006 2528 4083 ῶσπερ
2562 4012 2892 4083 σεληνοειδὲς
2923 4011 3101 4080 σχῆμα
3125 4010 3459 4079 πεποιηκὼς,
3483 4009 3642 4062 ὁπότε
3680 3994 3884 4080 μηνοει-

2339 4104 2436 4173 δὴς
2469 4103 2575 4170 εἴη.

2413 4196 2485 4248 Δ’.
2512 4193 2679 4254 Αὐτὸς
2706 4193 2750 4246 δ’
2778 4196 2833 4256 ἐς
2865 4210 3065 4260 μεσους
3094 4194 3515 4262 περιερχόμενος
3542 4192 3810 4261 ἐπεφώνει
3832 4208 3885 4244 τε

2343 4283 2437 4337 καὶ
2462 4283 2862 4353 παρεθάρρυνε,
2899 4303 2916 4335 ι
2964 4284 3155 4338 Σύνετε
3191 4284 3487 4354 δὴ,λὲγωῇ
3520 4279 3564 4339 ὦ
3593 4284 3887 4355 ἀνδρες,ὼς

2342 4378 2401 4431 ὲν
2433 4377 2685 4447 ἀλλοτρίᾳ
2715 4378 2806 4429 καὶ
2861 4374 3099 4446 πολεμίᾳ
3150 4376 3433 4445 μαχόμεθα
3460 4380 3531 4445 γῇ
3567 4379 3660 4430 καὶ
3707 4376 3887 4443 πόρρω

2344 4484 2447 4520 που
2482 4469 2579 4535 τῆς
2611 4459 2866 4536 πατρίδδς
2910 4464 3414 4534 ἀποκεκλ-είσμεθα·
3466 4467 3558 4517 καὶ
3604 4463 3729 4517 οὔτε
3760 4479 3888 4531 συμ-

692 4542 758 4596 atl
786 4543 1142 4612 improvisum
1178 4540 1283 4594 hoc
1322 4538 1566 4609 pratlium
1600 4552 1758 4608 opem
1794 4540 1973 4597 ferant
1996 4582 2010 4607 ,
2058 4560 2235 4615 neque

2347 4560 2576 4631 μαχίδας
2596 4548 2797 4629 ¹ἔχομεν
2827 4558 3030 4623 πόλεις,
3065 4558 3125 4611 αἱ
3150 4558 3633 4639 παιραὸοηθήσουσι
3659 4554 3887 4627 τήμερον

696 4632 841 4686 unde
918 4620 1315 4687 mercenarium
1364 4630 1595 4685 militem
1631 4634 2015 4687 ’arcessatnus.
2062 4636 2241 4701 Quare

697 4738 779 4779 Sic
817 4729 1126 4795 pugnemus
1173 4723 1335 4778 hodie
1360 4762 1376 4787 ,
1415 4730 1475 4795 ut
1524 4721 1706 4777 statim
1739 4723 1990 4776 morituri
2029 4735 2083 4778 et
2134 4742 2240 4781 una

698 4827 823 4870 cum
875 4798 979 4865 hoc
1032 4810 1145 4864 sole
1192 4812 1525 4868 oceubituri.
1565 4812 1803 4868 Fortium
1844 4824 2157 4868 nostrorum
2184 4825 2243 4869 et

692 4915 1081 4975 generosarum
1115 4901 1361 4955 laborum
1391 4913 1557 4965 testes
1587 4905 1958 4975 relinquamus
1990 4906 2239 4961 hostilem

695 4994 837 5057 hanc
870 5004 1092 5057 terram,
1125 4993 1178 5046 in
1211 5007 1318 5062 qua
1367 4992 1529 5047 bodie
1562 4996 1629 5047 de
1654 4998 1763 5050 vita
1796 4997 2148 5062 dimicamus,
2186 5008 2241 5053 et

694 5083 931 5137 hostium
984 5085 1080 5153 qui
1134 5091 1461 5153 supererunt
1513 5086 1720 5139 oculos.
1787 5087 2025 5155 Quorum
2078 5089 2243 5160 5.86

695 5186 793 5227 vos
827 5174 1118 5230 multitudo
1161 5192 1228 5227 ne
1260 5175 1563 5244 perturbet.
1587 5173 1803 5229 Scimus
1848 5180 1993 5231 enim
2040 5183 2243 5233 multos

698 5272 924 5333 magnos
973 5265 1247 5319 exercitus
1292 5281 1322 5318 a
1372 5264 1553 5333 parvis
1604 5264 1859 5319 facillime
1885 5282 2004 5321 esse
2051 5284 2240 5324 ceses.

698 5354 898 5408 Eadem
951 5361 1008 5406 et
1043 5352 1145 5420 ipsi
1193 5369 1287 5423 spe
1330 5356 1588 5421 nitamur,
1641 5354 1972 5409 inell‘abilem
2002 5358 2094 5411 Dei
2132 5360 2245 5413 cle-

692 5445 952 5499 tuentium
978 5446 1287 5512 intuentes,
1336 5462 1439 5514 qua
1474 5455 1587 5501 tum
1637 5448 1780 5511 alia,
1818 5456 1928 5500 tum
1987 5448 2121 5503 illud
2162 5448 2244 5504 ef—

687 5537 888 5593 fectum
952 5544 1081 5601 est,
1143 5544 1204 5589 ut
1270 5533 1665 5593 Themistocles
1709 5539 2057 5595 Atheniensis
2112 5540 2239 5593 cuin

688 5627 869 5696 parvis
913 5627 1108 5697 copiis,
1142 5626 1197 5681 in
1250 5628 1513 5695 angustiis
1544 5630 1609 5683 ad
1660 5630 2241 5697 Salaminem,'omnes

692 5724 804 5773 tere
867 5720 1160 5775 Persarum
1210 5720 1357 5775 vires
1410 5720 1769 5790 demerserit;
1823 5732 1985 5795 atque
2023 5734 2079 5779 ut
2124 5734 2245 5794 post

693 5812 839 5868 hunc
880 5829 1066 5867 rursus
1102 5812 1401 5868 Thebanus
1431 5811 1834 5881 Epaminondas
1864 5816 1948 5872 bis
1975 5818 2242 5873 maximas

2341 4652 2472 4719 ἡμῖν
2495 4653 2551 4713 ἐς
2574 4651 2668 4703 τὸν
2694 4649 2975 4716 αἰφνιδίως
3026 4651 3375 4717 συμπεσόντα
3403 4650 3613 4701 τουτονὶ
3633 4650 3883 4717 πόλεμον,

2342 4738 2456 4792 οὗθ’
2483 4738 2677 4791 ὁπόθεν
2700 4738 2764 4799 ἂν
2797 4737 3186 4807 μισθοφορικὸν
3213 4738 3696 4805 μεταπεμψώμεθα
3728 4737 3884 4805 στρά-

2345 4840 2539 4892 τευμα.
2574 4821 2892 4892 Μαχώμεθα
2936 4821 3118 4890 τοίνυν
3150 4818 3225 4883 ὡς
3249 4820 3631 4890 τεθνηξόμενοι
3658 4825 3886 4891 τήμερον

2346 4916 2440 4968 καὶ
2466 4910 2859 4980 συγκαταδύειν
2882 4911 3169 4981 μέλλοντες
3193 4910 3270 4980 τῷ
3289 4912 3530 4981 τήμερον
3550 4913 3722 4979 τούτῳ
3740 4912 3883 4981 ἡλίῳ.

2345 5002 2686 5072 κτησώμεθα
2716 5003 3001 5072 μάρτυρας
3042 5001 3149 5054 τῶν
3182 5000 3467 5071 ἡμετέρων
3498 5000 3769 5071 ἀνδρικῶν
3797 5001 3884 5053 καὶ

2344 5092 2605 5161 γενναίων
2636 5092 2861 5160 ἀγώνων
2894 5095 2990 5159 τήν
3019 5106 3079 5141 τε
3110 5087 3375 5157 πολεμίαν
3396 5091 3624 5159 ταυτηνὶ
3651 5090 3778 5160 γῆν,
3806 5088 3884 5156 ἐφ’

2343 5187 2410 5254 ἢν
2432 5184 2521 5237 τὸν
2546 5184 2673 5253 περὶ
2707 5182 2883 5252 ψυχῆς
2910 5184 3047 5249 σὴμε
3055 5196 3148 5246 ρον
3171 5180 3438 5249 τρέχομεν
3466 5177 3648 5256 ἆθλον,
3681 5183 3885 5239 καὶτὰς

2346 5276 2453 5327 τῶν
2486 5272 3033 5342 ὑπολειφθησομένων
3064 5270 3335 5339 πολεμίων
3363 5268 3538 5340 ὄψειςζ
3598 5273 3693 5344 Μὴ
3724 5273 3780 5325 δὲ
3804 5272 3885 5323 θο-

2349 5364 2580 5433 ρυόείτω
2610 5364 2710 5425 τὰς
2738 5360 3019 5430 ὑμετέρας
3034 5359 3259 5429 καρδίας
3286 5362 3348 5419 τὸ
3377 5362 3583 5429 πλῆθος
3613 5362 3726 5413 τῶν
3748 5358 3887 5412 πολε-

2350 5455 2519 5517 μίωνθ
2577 5452 2775 5512 πολλὰς
2828 5453 2936 5518 γὰρ
2990 5451 3151 5518 ἴσμεν
3202 5452 3459 5521 δυνάμεις
3518 5451 3762 5521 μεγάλας
3792 5446 3883 5501 ὑπὸ

2305 5608 2316 5620 _
2348 5543 2604 5613 βραχέων
2622 5543 2792 5612 ῥᾷστα
2810 5542 3237 5605 κατακοπείσας.
3267 5543 3445 5595 Ἔστω
3470 5546 3565 5597 καὶ
3592 5542 3727 5608 ἡμῖν
3745 5539 3885 5598 ἐλπὶς

2344 5636 2504 5702 ὁμοία
2559 5632 2694 5702 πρὸς
2726 5632 2826 5701 τὴν
2855 5633 3162 5704 ἀπόρρητον
3188 5635 3440 5703 ἀφορῶσι
3488 5630 3884 5708 φιλανθρωπίαν

2346 5726 2501 5791 Θεοῦ,
2528 5724 2596 5776 δι’
2618 5725 2682 5793 ἢν
2710 5724 2778 5776 τά
2800 5741 2859 5776 τε
2891 5726 3025 5780 ἀλλα
3042 5716 3143 5778 καὶ
3169 5723 3541 5793 Θεμιστοκλῆς
3564 5724 3623 5787 ἐξ
3660 5721 3883 5792 Ἀθὴνῶν

2348 5815 2464 5883 μετ’
2494 5816 2671 5882 ὀλίγου
2700 5817 3107 5886 στρατεύματος
3138 5815 3335 5888 μικροῦ
3366 5814 3545 5869 πᾶσαν
3562 5814 3620 5865 ἐν
3637 5818 3750 5879 τοῖς
3769 5813 3880 5882 περὶ
