4006 6342
159 455 264 522 ’ἶῶ
403 453 483 525 [Α.
522 469 574 508 c.
613 452 753 510 1318
789 469 855 508 ευ
895 451 1050 524 1541]

1196 459 1634 524 ΒΥΖΔΝἸῚΝέΕ
1672 458 2050 521 HlS’l‘OBI/E
2090 461 2228 524 LIB.
2272 463 2344 524 Χ.

3245 452 3351 517 706

2455 455 2586 529 [ιν.
2627 409 2900 512 λαθιοιιεε.
2923 454 3063 525 ωτι]

157 570 291 641 πρὸς
315 570 582 636 διαλέξεις
610 569 705 622 καὶ
722 542 885 638 ἡμεῖς
908 570 1275 640 άπαντῴημεν
1295 575 1405 626 τῶν
1427 573 1707 639 ἐναντίων,

1812 572 2068 627 tinuisse.
2107 571 2350 627 Primum
2373 573 2518 626 etiim
2543 587 2608 626 ca
2635 586 2744 634 res,
2786 585 2904 640 qua:
2932 583 3106 636 neque
3136 569 3353 622 modum

156 661 348 728 δύεται
379 661 513 729 πρὸς
541 658 802 728 αἰσχύνην
826 659 995 728 δρῶσι
1043 661 1278 729 χρῆσθαι
1319 665 1433 725 τοϊς
1460 665 1569 716 τῶν
1605 681 1708 718 κα-

161 750 275 813 κός
319 751 658 816 δεδογμένων
697 751 918 819 πέρασι.
950 753 1056 804 Καὶ
1103 752 1177 820 μή
1222 769 1309 820 μοι
1343 752 1546 821 λεγέτω
1597 771 1706 820 τις,

157 841 233 902 ὥς
262 841 451 894 πολλοὶ
486 841 744 902 πολλάκις
792 840 988 908 δρματς
1041 841 1324 911 δευτέραις
1369 842 1462 893 τοῦ
1499 843 1710 907 δέοντος

155 933 253 1002 τὴν
300 933 599 1002 ἠγεμονίαν
636 931 738 1000 τῆς
791 930 1034 1000 γλώττης
1085 933 1516 1001 ιγκεχειρικότες
1553 935 1707 1002 νίκης

156 1026 254 1079 καὶ
299 1022 578 1094 τροπαίων
611 1023 937 1090 κληρονόμοι
983 1023 1328 1092 γεγένηνται.
1361 1024 1581 1090 Πρῶτον
1610 1025 1708 1092 μὲν

155 1113 266 1182 γὰρ
284 1115 346 1165 ού
375 1117 571 1166 κανόνα
592 1113 684 1164 καὶ
707 1111 953 1182 στάθμην
968 1099 1234 1181 ἐὐνομίας
1262 1114 1509 1182 ἡγεῖσθαι
1533 1116 1708 1182 χρεὼν

155 1199 502 1268 ἀστάθμητον
534 1200 766 1267 πρᾶγμα
783 1213 799 1228 ·
823 1198 1013 1250 ιπειτα
1040 1198 1156 1251 οὐδε
1183 1198 1280 1266 τὴν
1302 1200 1708 1268 ἀπερίσκεπτον

158 1290 315 1358 ίσμεν
370 1289 545 1359 ὁρμὴν
596 1287 807 1341 οἴκοθεν
845 1289 1115 1357 φερουσάν
1146 1305 1276 1343 ποτε
1304 1290 1372 1342 τά
1417 1292 1514 1359 τῆς
1549 1290 1709 1359 νίκης

155 1378 342 1445 ἀφύδια
363 1393 378 1407 ·
415 1377 553 1430 ana
580 1377 679 1445 τῆς
701 1376 808 1429 τῶν
849 1377 1433 1446 ἀντιπαραταξαμένων
1465 1378 1707 1448 μείζονος

157 1467 513 1529 κακοίουλίας
541 1466 672 1534 ὓλην
697 1466 1007 1536 παράδοξον
1038 1468 1421 1548 χορηγησάσης
1446 1469 1708 1532 πολλάκις

156 1560 213 1621 ις
271 1557 335 1611 τδ
390 1556 687 1627 κατορθοῦν
723 1560 788 1625 τῇ
829 1557 1239 1628 ἀντιστρατήγῳ
1277 1558 1600 1626 θρασύτητι,
1649 1561 1707 1622 ις

157 1648 255 1717 τὴν
289 1648 386 1700 τοῦ
413 1647 682 1716 βελτίονος
718 1649 910 1717 μοίραν
937 1648 1301 1716 άπενηνέχθαι
1326 1649 1471 1713 εδοξε
1510 1652 1602 1700 καὶ
1638 1651 1707 1703 τά

157 1738 335 1804 φαῦλα
359 1754 378 1770 ο
412 1738 596 1807 ὥσπερ
640 1736 706 1791 αὖ
736 1739 995 1802 πολλάκις
1023 1739 1083 1790 τὸ
1107 1740 1211 1790 τῶν
1249 1740 1559 1806 ἀντιπάλων
1586 1757 1710 1792 συν-

161 1828 418 1898 ετώτερον
441 1826 524 1898 [Ρ.
555 1826 680 1896 3H]
705 1827 973 1896 βούλευμα
1003 1828 1281 1898 παρήλασε
1318 1829 1411 1881 καὶ
1443 1832 1567 1892 τοὺς
1609 1831 1704 1899 dp-

159 1919 268 1982 θῶς
313 1885 716 1988 βεϐουλεῦσθαι.
738 1885 1010 1995 δόξαντας.
1052 1885 1269 1990 ’Ᾱδήλου
1299 1924 1405 1991 γάρ
1427 1885 1579 1984 ὄντος
1611 1885 1708 1976 τοῦ
1742 1885 1782 1938 Β

166 2008 446 2076 μέλλοντος
500 2011 733 2080 ἐγχωρεῖ
755 2012 850 2062 καὶ
879 2010 1104 2063 τοιαῦτα
1156 2011 1471 2078 συμϐαίνειν
1516 2012 1705 2066 ὲνίοτε.

175 2095 466 2165 ’ΔλλῚιμΐν
498 2114 560 2163 γε
588 2099 650 2148 ού
673 2097 835 2166 νόμον
853 2097 1120 2150 ποιεῖσθαι
1142 2099 1309 2168 δήπου
1329 2099 1503 2168 χρεὼν
1533 2116 1710 2170 παρα-

166 2184 343 2252 λάγων
371 2186 810 2255 κατορθωμάτων
843 2186 1140 2254 κατάλογον
1159 2203 1173 2217 ·
1193 2189 1286 2239 καὶ
1321 2188 1553 2255 μάλιστα
1591 2190 1706 2252 νῦν,

159 2275 319 2328 ὁπότε
346 2293 413 2326 πε
422 2276 474 2342 pl
492 2275 585 2327 τοῦ
603 2276 700 2344 τῆς
722 2276 998 2338 εὐσεϐείας
1021 2276 1253 2344 κράτους
1273 2277 1338 2329 τὰ
1357 2277 1710 2346 παλαίσματα

160 2364 640 2418 διακινδυνεύεται.
685 2366 902 2419 Τούτων
932 2367 1038 2435 γάρ
1085 2368 1264 2418 εἵνεκα
1314 2368 1705 2438 παρελήλυθαο

165 2454 584 2523 συμϐουλεύσων
615 2455 652 2508 ἃ
675 2456 942 2524 συμφέρει
975 2456 1198 2525 ἐνόμισα
1242 2459 1337 2509 καὶ
1367 2461 1430 2527 τῇ
1461 2459 1712 2530 παρούσῃ

163 2542 318 2611 χρεία
349 2543 475 2594 ὅσον
518 2541 696 2606 [Esau
741 2543 834 2595 καὶ
863 2541 1024 2605 αὐτὸς
1073 2546 1522 2612 συνεισενεγκεῖν.
1566 2547 1628 2598 Εί
1665 2547 1708 2598 δ’

159 2628 328 2696 ὀρθῶς
350 2628 384 2697 ἢ
415 2627 513 2696 μὴ,
546 2628 769 2680 σκοπεῖν
800 2626 1063 2682 λείπεται.
1095 2629 1229 2682 om
1273 2631 1379 2698 γάρ
1417 2633 1710 2702 νομοθετήο

162 2731 343 2776 σοντες
364 2716 590 2783 ὴκομεν,
623 2713 734 2766 οὐδ’
762 2715 1148 2781 άποφαντικῶς
1171 2717 1238 2768 τά
1267 2717 1507 2784 ἡμέτερα
1536 2707 1710 2782 λέξειν

161 2797 420 2868 δόγματα.
463 2800 602 2853 Ἀλλ’
638 2799 827 2867 ὥσπερ
864 2799 1032 2852 πάλαι
1063 2804 1183 2864 ταῖς
1220 2803 1711 2871 ἀριστοκρατουμέ-

165 2892 556 2966 ναιςίηίγνετο
588 2891 825 2952 πόλεσιν,
864 2891 1006 2944 οὕτω
1036 2894 1129 2946 καὶ
1156 2895 1285 2961 ἡμῖν
1324 2896 1517 2962 ἐράνου
1549 2897 1708 2966 δίκην

164 2981 233 3034 τά
256 2983 326 3050 τῇ
352 2982 563 3049 διανοίᾳ
590 2981 724 3049 πρὸς
750 2981 813 3034 τδ
847 2983 1017 3050 παρὸν
1045 2983 1392 3051 ἐπιτρέχοντα
1424 2988 1708 3053 συνεισφέ-

169 3087 279 3138 Ριιν
307 3071 452 3134 εδοξε
483 3071 708 3124 δίκαιον.
738 3073 805 3124 ’Δ
843 3074 1021 3125 τοίνυν
1049 3073 1225 3140 λέγειν
1272 3076 1594 3144 προήγμεθα
1618 3079 1711 3146 τη-

168 3176 351 3257 μερον,
376 3160 744 3230 άπαγόρευσίς
776 3163 889 3257 εστι
929 3164 1003 3230 μὴ
1049 3164 1249 3224 πάντας
1279 3165 1568 3235 αὐτονομίᾳ
1593 3168 1713 3236 βου·
1738 3198 1782 3257 C

165 3249 368 3319 λήσεως
416 3252 638 3320 ῥέοντας
688 3250 851 3317 ὁμόσε
881 3252 1075 3319 χωρεῖν
1101 3253 1155 3312 ἐς
1188 3252 1444 3315 διαλέξεις
1483 3260 1575 3308 καὶ
1606 3259 1705 3308 άπ-

167 3344 420 3412 αντήσεις
472 3341 579 3393 τῶν
632 3342 690 3406 ἐξ
743 3340 970 3402 Ἰταλίας
1027 3339 1212 3393 ίὸντων
1241 3359 1253 3370 ο
1288 3343 1420 3394 ὅπου
1461 3360 1522 3410 γε
1570 3347 1703 3414 μηδὲ

165 3434 275 3492 τοῖς
310 3430 696 3501 προεδρεύουσι
732 3435 824 3487 καὶ
869 3431 1034 3500 τιμῆς
1065 3432 1318 3501 τοιαύτης
1361 3433 1701 3502 ἠξιωμένοις,

168 3526 298 3590 πρὶν
324 3522 441 3588 μετ’
465 3522 709 3589 ἀλλήλων
734 3522 826 3573 τὸν
851 3524 949 3592 τῆς
979 3523 1263 3586 διαλέξεως
1294 3525 1553 3593 ἐσκέφθαι
1584 3542 1705 3577 σκο-

169 3613 288 3674 sev,
326 3611 501 3680 χρεὼν
528 3612 798 3680 άπαντᾷν·
831 3612 1057 3678 είὸόταε,
1087 3613 1168 3665 δτι
1208 3614 1402 3682 πρᾶξις
1436 3617 1585 3668 πᾶσα
1614 3618 1705 3668 καὶ

168 3699 322 3767 λόγος
351 3686 494 3762 άπας
521 3701 630 3768 ἔχει
658 3701 856 3751 σκοπὸν
888 3703 980 3752 καὶ
1001 3702 1170 3764 τέλος,
1199 3705 1327 3768 πρὸς
1357 3704 1385 3753 ὅ
1414 3704 1704 3770 βλέποντας

168 3788 256 3838 τόν
283 3805 339 3838 τε
372 3789 672 3854 πράττοντα
708 3788 799 3840 καὶ
841 3788 1061 3852 λέγοντα
1093 3790 1192 3856 τήν
1238 3805 1294 3839 τε
1331 3791 1525 3857 πρᾶξιν
1571 3792 1703 3858 ὁμοῦ

170 3881 258 3930 καὶ
292 3880 381 3930 τδν
407 3880 562 3943 λόγον
594 3878 834 3930 εὐθύνειν
862 3881 1141 3945 προσήκει.
1178 3878 1376 3930 Τούτου
1405 3881 1447 3930 δ’
1475 3883 1702 3942 ἀπόντος

171 3966 406 4018 κίνδυνον
434 3964 590 4029 εἶναι,
617 3967 844 4033 μάταιον
872 3967 1102 4034 σπουδήν
1132 3981 1186 4016 τε
1222 3969 1396 4016 πᾶσαν
1434 3970 1523 4018 καὶ
1548 3972 1714 4021 πόνου

171 4055 383 4109 ἃπαντα
409 4057 741 4123 νομίζεσθαι.
773 4051 895 4107 Οἷον
927 4058 953 4107 ὁ
990 4057 1162 4107 πλέων
1186 4056 1243 4106 οὑ
1277 4057 1431 4107 τοῦτο
1461 4057 1705 4123 βεύλεται

172 4150 264 4199 καὶ
297 4146 439 4198 τοῦτ’
484 4146 595 4214 ἔχει
630 4147 852 4206 σκοπὸν,
897 4135 1029 4214 ὅπερ
1060 4146 1365 4214 ἐργάζεται.
1390 4149 1503 4199 ἀλλ’
1535 4152 1707 4202 ὲκετνο

174 4238 390 4303 μᾶλλον,
415 4230 474 4287 οὗ
489 4236 669 4286 ἕνεκεν
687 4236 975 4304 ἐργάζεται
997 4238 1128 4303 ὅπερ
1149 4235 1452 4303 ἐργάζεται.
1475 4239 1708 4304 Κέρόους

171 4327 277 4394 γάρ
303 4325 484 4391 ἕνεκα,
518 4327 610 4379 καὶ
638 4327 699 4376 οὐ
729 4324 821 4377 τοῦ
849 4323 1052 4392 κύμασι
1085 4325 1174 4375 καὶ
1218 4325 1541 4391 πνευμάτων
1566 4328 1706 4392 βίαις

171 4414 504 4468 διακυδεύειν
532 4417 591 4468 τὸ
623 4414 742 4484 ζῇν,
770 4416 956 4480 ἀνάγει
981 4415 1079 4481 τὴν
1115 4413 1262 4464 ναῦν.
1292 4400 1403 4464 Καὶ
1437 4415 1464 4463 ὁ
1483 4415 1702 4483 τοξότης

1811 673 1988 726 neque
2019 659 2288 716 rationem
2320 659 2376 713 in
2397 675 2456 714 se
2482 659 2647 713 ullam
2680 659 2868 720 liabet,
2899 657 3092 710 modus
3133 666 3186 711 et
3217 657 3354 710 ratio

1806 749 2078 818 acquitatis
2110 750 2360 804 ducenda
2382 764 2490 804 non
2517 759 2620 804 est.
2645 749 2854 804 Deinde
2877 749 3014 802 satis
3053 747 3243 808 scitur,
3275 748 3356 798 in-

1808 841 2209 913 consideratum
2245 843 2509 910 impetum
2539 857 2646 896 non
2703 848 2892 909 suapte
2935 849 3125 893 natura
3159 853 3351 907 parere

1808 932 2100 987 victoriam
2139 952 2151 985 :
2185 935 2302 998 sed,
2337 935 2382 989 si
2419 933 2856 989 adversariorum
2891 932 3062 1000 major
3118 927 3351 982 stultitia

1808 1023 2156 1076 occasionem
2188 1025 2276 1076 rei
2319 1023 2458 1077 bene
2505 1022 2753 1092 gerenda:
2804 1030 3000 1090 praeter
3061 1018 3349 1086 opinonem

1809 1111 2045 1179 praebeat
2070 1113 2359 1165 contraria:
2383 1112 2641 1174 audaciae,
2671 1126 2736 1165 eo
2785 1125 2910 1164 casu
2940 1110 3109 1180 malas
3135 1118 3352 1174 quoque

1809 1215 1896 1252 res
1927 1200 2191 1253 bonarum
2219 1215 2404 1254 rerum
2436 1201 2616 1253 locum
2654 1213 2965 1266 occupare;
3021 1198 3165 1251 sicut
3189 1195 3352 1247 vicis-

1807 1289 1908 1342 sim
1936 1290 2106 1358 major
2135 1305 2277 1358 saepe
2296 1289 2732 1343 adversariorum
2749 1287 3030 1356 prudentia
3049 1285 3144 1340 eos
3161 1285 3349 1342 etiam.

1808 1380 1901 1447 qui
1937 1379 2076 1433 bene
2135 1378 2250 1433 suis
2311 1380 2473 1434 rebus
2511 1379 2856 1433 consuluisse
2885 1375 3044 1446 505
3078 1374 3351 1436 videnlur.

1807 1477 2053 1536 superat.
2088 1469 2219 1522 Nam
2241 1481 2373 1538 pum
2404 1483 2490 1522 res
2540 1467 2738 1523 futurae
2788 1466 3008 1520 incertae
3047 1464 3179 1528 sint,
3214 1462 3353 1515 nihil

1808 1558 2007 1616 obstat.
2048 1573 2155 1626 quo
2186 1560 2367 1612 minus
2393 1547 2663 1611 interdum
2692 1557 2856 1610 etiam
2880 1556 2983 1610 tale
3012 1553 3214 1622 aliquid
3247 1567 3350 1605 usu

1808 1648 2012 1700 veniat.
2064 1647 2168 1702 Sed
2231 1649 2580 1702 fortuitorum
2620 1661 2970 1700 successuum
3017 1641 3356 1697 enumeratio

1808 1750 1915 1789 non
1942 1738 2102 1790 debet
2127 1738 2269 1804 apud
2302 1753 2400 1791 nos
2427 1738 2560 1804 legis
2591 1737 2711 1789 loco
2737 1750 2880 1796 esse,
2953 1749 3097 1787 nunc
3131 1746 3357 1801 praesero

1812 1829 1930 1892 tim,
1993 1844 2117 1882 cum
2173 1829 2239 1882 de
2303 1829 2579 1897 religionis
2635 1826 2864 1881 victoria
2906 1825 2979 1879 sit
3010 1823 3354 1879 certandum.

1811 1919 2101 1973 Enimvero
2138 1920 2236 1973 hac
2266 1919 2331 1973 de
2365 1934 2524 1973 causa
2548 1917 2745 1987 prodii,
2793 1916 2935 1984 quod
2978 1924 3032 1970 et
3065 1930 3148 1968 me
3176 1915 3351 1981 ipsum

1811 2009 2134 2075 putaverim,
2193 2009 2238 2061 si
2277 2009 2407 2062 utile
2432 2006 2716 2061 consilium
2744 2005 2956 2067 darem,
3003 2002 3266 2072 quidquid
3298 2001 3354 2056 in

1810 2111 1896 2149 me
1920 2097 2040 2164 opis
2073 2096 2214 2150 foret
2245 2098 2297 2149 in
2320 2105 2442 2150 ’rem
2496 2082 2816 2164 prasenlem
2851 2108 2972 2147 esse
3017 2092 3358 2147 contributu-

1813 2201 1955 2238 rum.
2020 2187 2075 2240 ld
2128 2196 2307 2240 autem
2373 2197 2590 2240 rectene
2637 2202 2704 2238 an
2758 2199 2919 2239 secus
2949 2184 3190 2239 facturus
3230 2183 3356 2246 sim,

1809 2275 2203 2329 consideretur.
2233 2273 2414 2343 Neque
2436 2274 2580 2328 enim
2602 2276 2780 2341 legunt
2806 2272 3151 2326 ferendarum
3181 2271 3353 2339 gratia

1812 2366 2088 2427 adsumus,
2117 2373 2210 2416 aut
2251 2373 2308 2416 ut
2341 2374 2522 2417 nostra
2545 2353 2760 2418 decreta
2782 2363 2934 2416 ﬁrma
2956 2373 3008 2415 et
3035 2363 3356 2416 inconcussa

1811 2453 2001 2506 haberi
2032 2453 2262 2506 velimus
2291 2471 2304 2516 ;
2338 2454 2433 2506 sed
2466 2462 2524 2508 ut
2553 2454 2680 2507 olim
2739 2455 2791 2507 in
2823 2453 3013 2512 liberis
3047 2450 3358 2505 civitatibus

1813 2545 1994 2609 ﬂebat,
2035 2545 2104 2597 ita
2137 2552 2191 2598 et
2223 2543 2380 2598 nobis
2411 2559 2530 2612 qua:
2589 2543 2647 2597 in
2679 2552 2912 2598 mentem
2969 2557 3068 2612 pro
3118 2550 3358 2610 tempore

1811 2635 2261 2700 venissentlvelut
2285 2635 2480 2702 stipem
2510 2633 2760 2687 conferre
2805 2634 2980 2688 visum
3010 2641 3112 2686 est.
3151 2631 3199 2685 ls
3223 2646 3356 2686 vero

1814 2727 1978 2794 hujus
1999 2731 2198 2777 nostrae
2226 2724 2487 2776 orationis
2519 2737 2716 2789 sc0pus
2743 2731 2847 2784 est,
2888 2732 2946 2775 ut
2978 2722 3353 2784 dehortemur,

1813 2832 1879 2870 ne
1907 2815 2086 2883 quivis
2117 2828 2214 2882 pro
2243 2828 2342 2866 suo
2372 2813 2526 2865 libito
2547 2827 2668 2864 cum
2695 2813 2763 2866 iis
2798 2812 2890 2880 qui
2918 2827 2981 2865 ex
3012 2811 3161 2865 Italia
3188 2824 3354 2864 vene-

1813 2913 1937 2957 runt
1965 2913 2169 2955 temere
2199 2902 2578 2969 congrediatur
2600 2909 2655 2953 et
2685 2900 2966 2968 disputet;
3023 2914 3143 2953 cum
3194 2898 3244 2953 id
3292 2916 3357 2952 ne

1812 2992 2139 3062 praesulibus
2164 2991 2382 3059 quidem
2409 3000 2462 3044 et
2496 2991 2626 3044 viris
2669 3004 2731 3044 ea
2762 2990 3083 3043 auctoritate
3118 2988 3356 3057 praditis

1811 3080 2222 3140 concedendum
2249 3094 2368 3133 esse
2403 3080 2668 3140 videatur,
2712 3080 3027 3147 priusquam
3065 3077 3206 3130 inter
3236 3091 3353 3130 sese

1811 3170 2194 3239 disputationis
2206 3185 2424 3238 scopum
2442 3181 2496 3221 et
2518 3168 2676 3221 linem
2696 3168 3093 3221 considerarint
3116 3182 3128 3228 ;
3154 3167 3352 3235 quippe

1812 3263 1904 3330 qui
1947 3261 2139 3322 sciant,
2201 3259 2346 3312 omni
2396 3258 2508 3310 sive
2554 3259 2750 3311 actioni
2784 3258 2899 3312 sive
2943 3258 3174 3310 orationi
3224 3271 3352 3311 sco-

1813 3365 1936 3417 pum
1962 3364 2024 3401 ac
2051 3349 2210 3400 linem
2234 3348 2465 3415 aliquem
2494 3341 2610 3400 esse
2644 3347 3001 3414 propositum,
3035 3346 3101 3397 ad
3121 3361 3280 3414 quem
3308 3344 3355 3397 is

1811 3429 1902 3506 qui
1927 3438 2010 3489 vel
2039 3437 2148 3504 agit
2171 3436 2248 3487 vel
2274 3435 2492 3488 disserit
2515 3434 2789 3504 eollimare
2808 3444 3024 3488 etsuam
3053 3444 3161 3486 tum
3179 3437 3352 3486 actio-

1813 3543 1935 3581 nem
1957 3536 2070 3579 tum
2098 3525 2402 3579 orationem
2431 3525 2661 3594 dirigere
2681 3524 2896 3579 debeat.
2921 3524 3073 3588 Quod
3109 3522 3210 3576 nisi
3236 3523 3347 3585 ﬁat,

1811 3616 2108 3684 periculum
2127 3628 2308 3676 est,ne
2335 3630 2492 3667 omne
2509 3614 2771 3675 studium,
2795 3614 2970 3666 omnis
2996 3613 3146 3664 labor
3174 3614 3348 3664 inanis

1809 3718 1861 3757 et
1882 3703 2068 3756 irritus
2085 3703 2367 3756 habeatur.
2388 3697 2632 3755 Veluti‘is
2667 3703 2986 3770 quinavigat
3017 3717 3120 3753 non
3144 3702 3192 3753 id
3211 3704 3348 3763 vult,

1811 3808 1913 3845 nec
1933 3808 2154 3860 scopum
2187 3792 2287 3843 sibi
2305 3791 2560 3858 prepouit
2581 3791 2630 3842 id
2648 3789 2790 3857 quod
2811 3790 2952 3857 agit;
2976 3789 3067 3840 sed
3102 3790 3233 3842 illud
3259 3805 3354 3856 po-

1813 3882 1940 3938 tius.
1958 3882 2280 3947 cujuseausa
2309 3879 2357 3931 id
2377 3880 2549 3945 ipsum
2566 3879 2694 3945 agit.
2717 3877 2872 3929 Lucri
2895 3878 3146 3930 nimirum
3170 3896 3181 3925 t
3201 3893 3349 3939 ausa,

1812 3984 1918 4021 non
1946 3982 2123 4020 autem
2148 3979 2201 4019 ut
2232 3978 2514 4020 ventorum
2536 3978 2588 4019 et
2617 3965 2875 4018 ﬂuctuum
2911 3967 3217 4035 arbitrio‘de
3245 3968 3351 4018 vita

1814 4059 1969 4128 505
2011 4059 2250 4120 dimicet,
2280 4072 2308 4109 e
2340 4068 2492 4125 portu
2540 4055 2717 4110 solvit.
2754 4055 2949 4110 Eodem
2991 4057 3148 4108 modo
3195 4055 3352 4121 sagit-

1815 4152 1983 4203 tarius
2009 4166 2114 4202 non
2152 4151 2271 4201 ideo
2303 4155 2523 4214 sagittas
2567 4147 2782 4208 emittit,
2819 4156 2876 4199 ut
2903 4157 3118 4197 ventum
3161 4145 3352 4197 verbe-

1814 4248 1928 4301 ret;
1957 4240 2048 4291 sed
2079 4245 2136 4290 ut
2167 4238 2375 4290 hostem
2408 4245 2632 4299 sternat,
2666 4235 2715 4286 id
2743 4235 2890 4288 facit.
2921 4233 3017 4286 llic
3039 4249 3165 4286 vero
3195 4235 3350 4298 cujus

1811 4327 2156 4381 emolumenti
2191 4341 2306 4395 spe,
2333 4341 2438 4394 quo
2466 4324 2571 4377 ﬁne
2598 4325 2892 4393 pr0posit/o,
2919 4325 3202 4392 quisquam
3233 4323 3350 4375 dis-

1814 4428 2002 4485 putare
2047 4432 2166 4470 cum
2203 4417 2412 4470 Latinis
2477 4416 2624 4480 velit,
2659 4414 2909 4484 equidem
2958 4430 3064 4467 non
3097 4413 3271 4472 video.
3304 4412 3350 4466 si

171 4505 213 4553 δ’
241 4505 441 4572 ὁμοίως
483 4505 582 4554 οὐκ
608 4505 738 4555 αὐτὸ
774 4503 892 4552 καθ’
921 4502 1050 4556 αὐτὸ
1076 4503 1135 4551 τὸ
1156 4491 1424 4563 ’τοξεύεινξ
1453 4503 1586 4555 ἀλλὰ
1613 4507 1703 4555 τοῦ

1813 4523 1910 4560 nee
1951 4508 2047 4574 ipsi
2086 4508 2305 4570 nostris,
2334 4521 2433 4560 nec
2457 4521 2558 4559 nos
2586 4506 2799 4558 illorum
2831 4505 3062 4559 decretis
3092 4504 3346 4559 assentiri

176 4589 350 4654 βαλεῖν
371 4590 458 4640 τὸν
484 4587 740 4654 πολέμιον
767 4589 944 4639 εἵνεκα
973 4587 1124 4638 τοῦτο
1153 4588 1472 4656 προῄρηται,
1492 4591 1712 4643 Ἐνταυ.

173 4680 255 4730 θοι
278 4680 326 4731 δ’
355 4680 451 4748 οὐχ
476 4680 606 4746 ὸρώ,
642 4678 786 4738 τίνος
825 4678 1007 4728 εἵνεκα
1036 4678 1254 4747 κέρδους
1301 4683 1392 4731 καὶ
1422 4683 1553 4751 πρὸς
1589 4683 1711 4736 τίνα

175 4767 384 4835 βλέπων
417 4753 994 4833 σκοπθιν⁸διαλέγεσθαι
1025 4767 1090 4819 άν
1141 4785 1220 4830 τις
1267 4769 1457 4834 ἕλοιτο,
1500 4773 1546 4821 εἰ
1587 4774 1710 4841 μήτ’

173 4859 322 4910 αὐτοὶ
345 4859 453 4920 τοῖς
481 4857 656 4929 ἡμῶν,
707 4857 832 4924 μήθ’
868 4859 1028 4924 ἡμεῖς
1057 4860 1167 4919 τοῖς
1193 4860 1369 4910 αὐτῶν
1419 4863 1710 4915 συνθέσθαι

178 4948 504 5022 βουλήμασιν
535 4947 778 5016 ιγνωμεν
806 4946 1043 5011 πώποτε,
1089 4948 1188 4999 κᾶν
1217 4951 1411 5010 πάντες
1447 4953 1586 5017 φῶσι
1631 4954 1712 5004 λί-

177 5040 277 5102 θοι,
311 5037 412 5090 κᾶν
461 5037 635 5112 πάντα
671 5039 834 5101 φυτά.
865 5039 982 5090 Ἐτι
1023 5041 1131 5107 μὴν
1163 5043 1253 5092 καὶ
1293 5043 1399 5092 τῶν
1418 5044 1709 5096 ,άτοπωτάυ

176 5141 278 5177 ων
304 5125 371 5177 ἄν
393 5125 482 5192 εἴη
510 5124 604 5175 καὶ
634 5123 819 5192 πόρρω
851 5138 949 5173 που
978 5124 1072 5174 τοῦ
1100 5127 1461 5193 προσήκοντος
1489 5131 1710 5196 πορευὸ-

179 5231 336 5285 μενον
365 5214 546 5281 λόγου,
571 5215 697 5276 τοὺς
729 5217 830 5281 μιν
874 5213 1220 5281 Ὀλυμπιάσιν
1262 5218 1588 5279 ἀγωνιστάς,
1618 5222 1708 5268 καὶ

177 5306 287 5359 ὅσοι
315 5306 416 5374 γῆς
443 5306 605 5361 tvm
647 5303 920 5365 σταδιαίας
949 5304 1376 5372 ἀμφισϐητοῦσι,
1422 5307 1516 5357 καὶ
1549 5308 1599 5356 εἰ
1623 5324 1706 5368 τις

177 5395 525 5456 λωποδυσίαις
554 5392 846 5458 ἁλίσκοιτο,
881 5394 1084 5454 τούτοις
1107 5397 1305 5458 ἐξεῖναι
1339 5396 1501 5446 πᾶσιν
1525 5397 1706 5450 Ἑλλα-

182 5482 389 5545 νοδίκας
415 5483 565 5543 τινας
589 5483 682 5532 καὶ
719 5481 911 5548 κριτὰς
929 5482 1190 5549 άρῤεπείς
1230 5482 1594 5551 προκαθίζειν,
1633 5484 1706 5546 ὡς

185 5574 413 5644 [tilia-3
448 5572 779 5642 παραρρυεὶς
821 5570 978 5632 ύτοῦ
1022 5571 1228 5641 δικαίου
1278 5573 1474 5637 κανὼν,
1509 5577 1705 5640 μᾶλλον

183 5659 225 5708 δ’
256 5661 344 5713 ἶνα
372 5664 450 5730 μὴ
476 5661 737 5728 ἀνήνυτον
761 5656 861 5725 in
888 5658 979 5708 τὸν
1030 5657 1228 5725 δρόμον
1255 5660 1287 5725 ἡ
1316 5661 1410 5727 τῆς
1433 5661 1707 5730 άμφιοὸη-

183 5748 384 5817 τήσεως
415 5746 806 5818 ιρις,γμηδενδς
825 5747 1180 5815 προκειμένου
1210 5749 1432 5811 κανόνος
1467 5751 1558 5803 καὶ
1585 5753 1706 5804 στά-

1813 4612 2046 4665 unquam
2071 4596 2433 4662 decrevimus,
2463 4598 2546 4650 vel
2571 4597 2614 4650 si
2645 4610 2834 4649 omnes
2859 4595 2959 4650 hoc
2981 4595 3204 4663 lapides,
3233 4611 3350 4648 oni-
3411 4653 3415 4658 ,

1811 4703 1907 4742 nes
1949 4688 2163 4756 stipites
2194 4687 2418 4742 dictent.
2453 4687 2656 4740 Deinde
2699 4685 3147 4739 absurdissimum
3193 4695 3247 4736 et
3275 4685 3345 4737 ab

1811 4780 1956 4832 omni
1994 4779 2200 4832 ratione
2225 4776 2617 4830 alienissimum
2653 4775 2833 4838 fuerit,
2873 4773 2936 4827 iis
2972 4773 3062 4842 qui
3088 4774 3138 4826 iu
3165 4773 3347 4842 Olym-

1811 4868 1910 4934 piis
1950 4876 2158 4921 certant
2186 4875 2240 4920 et
2281 4867 2333 4918 in
2374 4865 2548 4917 stadio
2579 4865 2894 4924 decurrunt,
2946 4873 3039 4916 aut
3079 4865 3166 4930 qui
3219 4860 3348 4914 furti

1811 4965 2129 5025 arguuntur,
2168 4955 2232 5008 ad
2274 4953 2646 5006 llellanodicas
2675 4964 2729 5006 et
2768 4954 3107 5019 incorruptos
3136 4951 3348 5018 judices

1810 5060 1928 5098 esse
1955 5042 2414 5110 provoCationem,
2445 5059 2509 5096 ne
2536 5045 2762 5112 justitite
2799 5041 2977 5109 regula
3022 5040 3202 5091 lurtitn
3249 5040 3358 5092 deo'

1809 5133 1976 5185 cline'.
2020 5147 2081 5184 ac
2117 5131 2286 5196 fallat,
2335 5145 2428 5186 aut
2478 5134 2590 5186 litis
2640 5130 2961 5199 disceptatio
2992 5128 3189 5182 frustra
3222 5146 3342 5197 pro-

1808 5224 1984 5285 cedat,
2034 5223 2177 5275 nulla
2231 5225 2413 5292 regula
2452 5232 2544 5276 aut
2572 5237 2758 5274 norma
2791 5219 3052 5280 adhibita,
3085 5219 3149 5271 ad
3183 5235 3342 5288 quam

1807 5307 2224 5375 disceptantium
2278 5309 2514 5360 rationes
2555 5315 2756 5361 exacta:
2783 5307 2929 5359 litem
2984 5307 3205 5359 liniant:
3254 5319 3347 5357 eos

1807 5413 1958 5459 vero,
1989 5397 2084 5465 qui
2117 5397 2184 5450 de
2220 5399 2382 5450 rebus
2405 5395 2604 5449 divinis
2634 5396 2961 5464 disputaturi
2985 5407 3037 5449 et
3064 5395 3116 5448 in
3139 5395 3339 5461 longis-

1807 5493 1946 5541 simo
1983 5490 2075 5542 illo
2117 5489 2293 5542 stadio
2327 5487 2607 5540 maximam
2651 5487 2858 5542 cladem
2895 5487 3086 5540 animis
3117 5494 3171 5536 et
3218 5499 3339 5536 eor-

1810 5580 2033 5647 poribus
2067 5579 2350 5633 minitante
2379 5580 2662 5634 decursuri
2711 5591 2858 5641 sunt,
2889 5578 3093 5631 nullum
3141 5573 3339 5627 habere
3431 5560 3438 5566 ’

1806 5671 2063 5743 iudicem,
2097 5670 2189 5740 qui
2244 5673 2527 5740 utriusque
2562 5672 2728 5739 partis
2760 5669 2920 5722 verba
2949 5667 3237 5735 expendat,
3283 5679 3346 5718 ac

1811 5759 1899 5811 illa
1926 5759 2144 5828 quidem
2181 5761 2422 5816 victricia
2446 5762 2780 5832 pronuntiet,
2813 5758 2900 5812 illa
2929 5773 3059 5813 vero
3085 5766 3143 5810 ut
3166 5755 3346 5811 inania
