3984 6338
117 445 206 510 769

333 441 412 515 [Α.
452 456 507 498 c.
550 420 688 499 i323
726 457 795 497 AD
833 439 997 514 isti}
1068 444 1518 510 BYZANTINB
1555 442 1650 506 HI:

1748 443 1954 504 onus
1990 443 2135 504 LIB.
2165 428 2286 508 .Xi.

3216 415 3379 510 πο

2399 435 2534 510 Itur.
2575 453 2853 495 AKDROMC.
2893 439 3036 515 ως]

115 561 332 634 θαλάσσῃ
363 561 626 632 μερισθὲν
653 561 748 614 καὶ
791 563 961 631 ἄμφω
988 561 1058 614 τὰ
1090 565 1327 631 στοιχεῖα
1369 561 1650 630 ἐμπλῆσαν

1755 557 2084 628 proﬂigavit.
2112 542 2270 612 Nunc
2310 572 2438 611 vero
2466 559 2663 627 ipsum,
2691 559 2793 613 heu
2824 560 2837 612 l
2871 574 3015 615 mors
3037 563 3320 631 repentina

113 654 189 707 τοῦ
241 654 513 722 θαύματος
539 670 553 685 ·
606 653 749 720 λέγω
799 654 858 708 δέ
917 657 1016 722 τὴν
1058 647 1317 731 διαϐᾶσαν
1371 652 1432 718 ἐξ
1473 651 1654 714 Ἀσίας

116 746 362 816 Περσικὴν
383 745 601 812 ἐκείνην
630 747 722 799 καὶ
744 743 1021 815 δύσμαχον
1046 744 1295 815 δύναμιν,
1326 745 1394 813 ήν
1416 745 1656 814 αὐθημε-

115 838 194 906 ρὸν
226 837 628 904 κατηγωνίσατο
661 836 946 906 κράτιστα.
983 835 1144 889 ’Δλλά
1189 835 1284 889 νῦν
1309 835 1490 901 αὐτὸν,
1527 833 1653 906 φεῦ,

113 905 339 996 ὀξύτερον
369 905 714 981 ἐπεισπεσὼν
747 912 776 981 δ
805 928 1030 991 θάνατος
1065 929 1503 999 κατηγωνίσατο.
1538 905 1656 980 Σεί-

114 1019 247 1086 σθητι
279 1019 343 1085 τῆ
402 1035 536 1088 προς
572 1019 633 1071 τὸ
673 1018 766 1070 νῦν
798 1019 990 1084 πάθος,
1039 1020 1125 1073 ῐνα
1177 1021 1330 1088 γένος
1364 1020 1510 1074 ἀπαν
1560 1018 1654 1074 καὶ

114 1109 277 1177 ἡλικία
301 1111 460 1164 πᾶσα
490 1111 599 1164 τῶν
645 1110 950 1180 ἀνθρώπων
978 1111 1230 1181 αἴσθησιν
1261 1110 1353 1164 τοῦ
1398 1113 1652 1164 τοσούτου

111 1200 336 1261 λαϐόντες
371 1201 580 1262 πάθους
612 1201 830 1265 πλείους
865 1204 1113 1255 κοινωνοὶ
1141 1202 1238 1254 καὶ
1284 1201 1655 1272 συλλήπτορας

109 1293 202 1346 τῶν
241 1293 456 1362 θερμῶν
495 1295 627 1362 ἡμῖν
661 1294 903 1360 γένοιντο
950 1293 1288 1360 στεναγμῶν.
1318 1289 1484 1356 Οὗτος
1528 1289 1654 1364 ἦνό

111 1388 222 1454 πρὶν
261 1385 930 1453 ἀκουσθῆναι,φαινόμενος
958 1385 1036 1454 τῷ
1081 1382 1174 1437 τοῦ
1227 1384 1650 1456 δρόμουκτάχει,

111 1461 341 1544 καῖπρὶν
385 1476 623 1544 φανῆναι
677 1475 891 1530 διώκων
936 1478 1061 1538 τοὺς
1100 1477 1392 1546 πολεμίως
1423 1476 1500 1546 τῷ
1545 1476 1654 1532 δέει

108 1567 190 1633 τῆς
219 1567 401 1634 φήμης
419 1582 434 1596 ⁸
461 1566 575 1619 ἀλλ’
599 1567 765 1636 οῐμοι,
789 1569 884 1621 νῦν
905 1568 1071 1621 αὐτοῦ
1097 1567 1274 1637 πολλῷ
1301 1573 1485 1636 φανεὶς
1509 1568 1655 1621 ὠκύ-

109 1675 242 1726 τερος
273 1660 300 1710 ό
329 1659 554 1720 Θάνατος
585 1660 710 1722 τοὺς
739 1657 1018 1721 τοιούτους
1057 1658 1269 1726 φθάσας
1297 1659 1509 1727 διέκοψε
1533 1658 1654 1729 δρό-

111 1766 247 1815 μους.
281 1748 436 1817 Πηγὴ
475 1751 644 1816 πυρὸς
672 1748 943 1816 αἰθερίου,
973 1743 1116 1802 δυοῖν
1147 1749 1371 1817 θάτερον
1406 1748 1651 1801 καινοτό-

111 1855 260 1906 μησον
281 1855 295 1868 ·
329 1838 361 1907 ἢ
393 1831 600 1890 παῦσαι
648 1838 745 1899 τὰς
777 1839 1080 1911 ζωοχόνους
1132 1826 1373 1904 σπείρων
1407 1839 1497 1892 ἐπὶ
1549 1839 1650 1908 γῆς

107 1898 306 1990 ἀκτῖνας
334 1898 405 1998 ’.ἢ
438 1929 563 1990 τοὺς
594 1898 1019 1999 κρατῆραςδὶου
1046 1898 1138 1982 τοῦ
1165 1898 1448 1999 σοῦ-πυρὸς
1683 1898 1722 1952 Β

109 2037 213 2082 σας,
240 2021 387 2088 ῥῖψον
420 2021 542 2072 κατ’
578 2024 772 2089 αὐτῆς,
825 2022 912 2075 ἵνα
941 2022 1004 2091 δὴ
1037 2021 1132 2084 τὰς
1166 2023 1338 2090 κόμας
1378 2023 1510 2093 ῥίψῃ
1535 2021 1653 2074 δένι

109 2110 216 2178 ὅρον
258 2110 398 2166 ἆπαν
453 2111 547 2164 καὶ
599 2112 848 2182 μαρανθῇ
891 2115 957 2166 τά
1004 2115 1168 2182 κρῖνα
1211 2111 1304 2164 τοῦ
1333 2113 1504 2181 ἀγροῦ
1559 2113 1654 2165 καὶ

107 2201 227 2271 λάθῃ
259 2203 404 2268 γένος
435 2203 591 2272 χλόης
623 2204 768 2257 ἀπαν
799 2205 1176 2273 αἶσ¹ξησινααὶ
1204 2204 1405 2271 γνῶσιν
1443 2203 1536 2257 τοῦ
1557 2183 1653 2260 ,το-

107 2295 275 2346 σούτου
317 2296 546 2357 πάθους.
590 2296 829 2358 Ἐκεῖνος
859 2293 926 2365 ἦν
971 2300 999 2349 ό
1038 2298 1159 2356 τοὺς
1207 2294 1520 2366 Τριὸαλλὼν
1558 2295 1652 2348 καὶ

108 2385 287 2437 Μυσῶν
321 2387 596 2456 ἡγεμόνας
628 2386 713 2458 [Ρ.
741 2385 870 2459 548]
904 2387 1204 2456 ἐκπλήξας,
1229 2383 1316 2440 οἷα
1359 2377 1650 2442 καθεύδου-

107 2491 179 2528 σν
205 2478 424 2539 ἐπιστὰς
461 2477 719 2533 πολλάκις
759 2478 1045 2544 αἰφνίδιον,
1091 2477 1341 2546 καθάπερ
1391 2496 1472 2539 τις
1501 2479 1650 2531 αἰθὲ⁸

110 2585 206 2635 pio;
253 2569 534 2639 κεραυνός.
575 2569 737 2631 Ἀλλ’,
796 2568 965 2640 οἴμοι,
1009 2568 1102 2620 ιῦν
1141 2569 1302 2620 αὐτὸν
1356 2571 1522 2639 ἀργὸν
1558 2569 1650 2621 καὶ

108 2661 332 2728 κείμενον
358 2660 615 2724 καθάπαξ
655 2660 853 2724 ἔδειξεν
877 2663 904 2712 ὁ
947 2662 1136 2727 τάφος.
1165 2661 1390 2730 Οὑρανὲ,
1416 2663 1514 2724 τὰς
1550 2662 1649 2720 σὰς

113 2741 266 2814 πύλας
315 2752 662 2813 ἀναπετάσας
717 2751 1038 2820 πρόπεμψον
1079 2751 1306 2821 βροντὴν
1352 2751 1507 2814 ἀξίαν
1553 2751 1647 2803 τοῦ

115 2846 327 2909 μεγάλου
370 2843 561 2896 τούτου
601 2843 805 2906 πάθους
850 2843 943 2895 καὶ
991 2842 1291 2912 θορύδησον
1341 2843 1439 2913 τὴν
1473 2843 1649 2896 κτίσιν

110 2933 289 2997 πᾶσαν,
325 2933 410 2986 ἴνα
441 2933 536 2986 καὶ
559 2933 671 2986 τῶν
695 2933 986 3004 ,ἀψύχωνή
1031 2934 1190 3002 φύσις
1233 2935 1485 3003 αἴσθησιν
1509 2935 1646 3006 λάϐῃ

1755 663 2078 729 oppressum
2111 648 2812 718 prostravit.Conimovere
2841 660 2982 706 terra
3006 653 3164 724 562
3192 671 3322 723 pro-

1754 750 1876 810 pter
1925 740 2072 794 hunc
2119 754 2331 805 casum,
2380 750 2440 795 ut
2498 755 2659 795 omne
2715 758 2909 811 genus,
2959 748 3138 798 omnis
3189 755 3321 801 aetas

1753 834 2039 901 hominum
2088 842 2295 887 tantam
2330 833 2539 888 cladem
2593 835 2816 899 sentiat,
2853 845 2907 888 et
2947 838 3129 903 pltlrcs
3160 837 3319 893 nobis

1753 925 1886 980 εοεῙί
1917 933 1973 980 et
2002 925 2285 995 adjutores
2316 925 2727 980 vehementium
2776 926 2885 979 sint
2933 927 3316 998 suspiriorum.

1753 1017 1853 1072 Hic
1879 1016 2000 1080 fuit,
2033 1016 2128 1086 qui
2157 1016 2440 1071 celeritate
2467 1032 2664 1092 cursus
2705 1017 2974 1072 adventus
3003 1020 3086 1071 sui
3120 1018 3316 1074 faniam

1751 1115 2143 1170 anteverteret,
2184 1117 2239 1160 et
2279 1106 2598 1175 priusquam
2638 1107 3074 1180 conspiceretur,
3111 1119 3317 1164 terrore

1752 1200 1837 1255 sui
1885 1199 2131 1252 nominis
2185 1197 2398 1267 fugaret
2439 1197 2642 1252 hostes.
2681 1196 2807 1261 Sed,
2846 1197 2933 1252 hei
2964 1199 3135 1252 mihi!
3172 1215 3316 1254 nunc

1754 1307 1901 1346 mors
1924 1292 2083 1361 longe
2116 1290 2211 1345 illo
2243 1290 2478 1344 celerior
2512 1290 2742 1351 exstitit.
2770 1299 2824 1343 et
2860 1292 3164 1345 istiusmodi
3193 1307 3317 1346 cur-

1753 1399 1846 1438 sus
1868 1383 2164 1437 antevertit
2184 1392 2237 1435 et
2262 1382 2502 1451 abrupit.
2530 1382 2734 1436 Adesto
2760 1382 2879 1436 fons
2907 1382 3044 1451 ignis
3068 1383 3313 1446 aetherei,

1752 1486 1916 1545 atque
1960 1474 2285 1529 alterutrum
2338 1474 2588 1542 perﬁcito
2633 1490 2647 1526 :
2693 1483 2790 1527 aut
2833 1474 3022 1528 titales
3072 1475 3124 1528 iu
3173 1485 3316 1530 terra

1753 1580 2009 1635 Spargere
2035 1565 2273 1618 desiuito
2315 1564 2516 1626 radios,
2543 1573 2638 1616 aut
2663 1565 2830 1617 totius
2863 1566 3005 1634 ignis
3033 1567 3108 1619 tui
3134 1575 3316 1620 crate-

1754 1673 1841 1710 ras
1869 1659 1922 1710 ln
1953 1672 2074 1711 eam
2109 1670 2302 1710 omnes
2325 1653 2612 1719 eﬂ‘uuilito,
2643 1665 2701 1723 ut
2734 1670 2919 1709 comas
2951 1659 3129 1711 omnis
3153 1659 3317 1713 arbor

1754 1749 1992 1814 amittat,
2015 1756 2070 1801 et
2095 1748 2205 1801 lilia
2233 1749 2344 1817 agri
2375 1758 2734 1808 marcescant.
2757 1757 2811 1801 et
2837 1748 3127 1802 herbarum
3152 1765 3315 1806 omne

1753 1855 1923 1907 genus
1956 1847 2158 1890 tantam
2205 1838 2417 1891 cladem
2459 1837 2661 1891 sentiat
2710 1846 2871 1907 atque
2904 1838 3172 1901 intelligat
3223 1841 3316 1896 Ille

1757 1929 1880 1994 fuit,
1914 1931 2005 1998 qui
2042 1927 2410 1982 'l‘riballorum
2453 1938 2508 1981 et
2538 1929 2808 1997 Mysorum
2838 1929 3005 1982 duces
3046 1943 3317 1999 perterre-

1754 2021 1978 2084 faceret,
2016 2035 2152 2089 quos
2194 2035 2336 2088 saepe
2368 2020 2518 2073 velut
2561 2019 2897 2074 dormientes
2930 2023 3114 2075 subito
3147 2025 3317 2078 instar

1751 2112 1976 2165 aetherei
2030 2109 2273 2163 fulminis
2322 2110 2613 2178 oppressit.
2678 2112 2767 2173 At,
2821 2110 2908 2165 hci
2962 2114 3131 2166 inihi!
3171 2128 3316 2168 nunc

1753 2203 1904 2256 illiilli
1939 2205 2190 2272 ignavum
2227 2209 2281 2268 et
2309 2202 2584 2271 jaccnteui
2615 2218 2841 2271 prorsus
2867 2206 3104 2260 ostendit
3137 2216 3317 2260 tuniii~

1753 2295 1859 2349 lus.
1917 2294 1961 2348 Ο
2012 2294 2234 2358 cielum,
2280 2293 2451 2361 portis
2486 2293 2594 2344 tuis
2646 2293 2852 2360 apertis
2908 2294 3110 2347 tonitru
3165 2304 3313 2349 tanta
3367 2331 3372 2336 -

1750 2385 2056 2438 calamitate
2085 2383 2308 2450 ilignum
2339 2397 2563 2450 ei-iiuipc
2588 2394 2641 2435 ct
2668 2393 2831 2436 tutam
2859 2378 3038 2436 reruin
3065 2395 3311 2438 naturain

1752 2478 2104 2548 perterrefac,
2135 2486 2194 2529 ut
2223 2486 2278 2528 et
2309 2477 2733 2529 inaniuiatorum
2776 2485 2968 2530 natura
3002 2479 3222 2541 sentiat,
3258 2488 3316 2530 i-.t

1751 2587 1836 2624 res
1869 2572 2049 2624 omnis
2081 2570 2295 2638 generis
2336 2586 2365 2624 a
2400 2569 2508 2624 Deo
2543 2570 2775 2624 condita:
2822 2569 3030 2622 luctum
3066 2580 3311 2622 nostrum

1747 2663 2030 2731 ailjurent.
2053 2659 2166 2712 lleu
2196 2663 2209 2711 !
2237 2675 2336 2712 cur
2369 2669 2458 2713 tua
2487 2660 2768 2713 celerrima
2799 2668 2854 2712 et
2877 2660 3042 2713 veluti
3071 2659 3310 2714 volucris

1748 2761 1941 2806 natura
1993 2766 2135 2804 nunc
2183 2744 2407 2804 immota
2437 2751 2704 2819 quiescit?
2756 2749 2868 2802 Heu
2899 2750 2912 2802 ι
2949 2766 3048 2804 cur
3099 2762 3177 2814 tu,
3213 2752 3308 2818 qui

1751 2845 1912 2898 toties
1940 2843 2098 2896 nobis
2121 2857 2188 2894 ex
2225 2841 2439 2895 bellicis
2469 2841 2758 2910 triumphis
2787 2840 3027 2895 lietitiani
3053 2843 3308 2905 attulisti,

1751 2937 1911 2991 hodie
1943 2937 1995 2988 in
2020 2935 2358 2990 contrarium
2386 2935 2594 2988 vertiin
2629 2935 2834 2996 omnia,
2857 2949 2982 2988 vere
3008 2937 3060 2988 in
3097 2935 3310 2989 hiemen

108 3024 188 3074 καὶ
217 3023 524 3079 συλλάϐοιτό
555 3023 664 3077 τῶν
687 3023 902 3094 θρήνων
928 3025 1113 3080 ἁπασα
1143 3026 1305 3094 φύσις
1334 3029 1646 3097 κτισμάτων

1749 3037 2107 3089 commutato,
2146 3025 2559 3096 pulchritudine
2590 3026 2723 3078 solis
2755 3025 2810 3078 in
2853 3025 3116 3079 obscuras
3159 3036 3312 3080 tene-

107 3113 239 3181 ἡμῖν.
276 3114 338 3164 '0
367 3113 483 3175 πῶς
513 3116 549 3184 ή
581 3115 854 3183 ταχυτάτη
889 3117 982 3168 καὶ
1011 3116 1330 3186 ὠκύπτερος
1361 3119 1522 3184 φύσις
1553 3118 1647 3170 νῦν

1751 3119 1894 3176 bras,
1919 3117 2122 3185 pullata
2146 3115 2292 3167 omni
2319 3122 2500 3177 aetate,
2520 3123 2575 3166 et
2595 3113 2938 3182 splendorem
2963 3114 3120 3183 563
3145 3115 3312 3168 aatlr-

106 3204 280 3270 ήρεμεῐ
305 3203 759 3276 μὴνκινούμενοω
796 3205 861 3256 Ὃ
883 3204 1000 3268 πῶς
1023 3205 1281 3266 πολλάκις
1314 3207 1445 3274 ήμῖν
1491 3193 1644 3275 κομί-

1751 3211 1842 3263 riaa
1871 3207 2002 3261 facis
2032 3205 2163 3259 solis
2191 3205 2339 3257 velut
2368 3203 2720 3257 occultante?
2760 3202 2895 3263 lleu.
2933 3205 3204 3272 quomodo
3241 3223 3306 3266 -s,

106 3309 191 3357 σας
213 3297 379 3364 χαρὰν
399 3297 463 3348 ἐκ
482 3295 590 3349 τῶν
614 3295 925 3365 πολεμικῶν
953 3291 1228 3367 τροπαίων
1257 3298 1312 3358 ἐς
1339 3298 1642 3350 τούναντίον

106 3386 373 3455 ἀνέτρεψεν
399 3387 616 3440 ἅπαντα
648 3388 910 3458 σήμερον,
938 3389 1031 3441 καὶ
1059 3387 1303 3458 χειμῶνα
1337 3390 1434 3453 μὲν
1464 3389 1522 3441 τὸ
1548 3388 1644 3458 ἐαρ

107 3478 376 3546 ποποίηκε,
417 3479 603 3539 σκότος
632 3478 857 3547 δέβαθὺ
883 3478 946 3531 τὸ
986 3480 1080 3531 τοῦ
1113 3479 1266 3548 ἡλίου
1298 3480 1511 3542 κάλλος,
1549 3496 1644 3548 με-

105 3566 500 3635 λανειμονούσης
522 3567 738 3635 ἡλικίας
767 3569 988 3638 ἀπάσης
1013 3571 1109 3624 καὶ
1133 3564 1242 3621 οἷον
1267 3572 1478 3639 ἀποκρυ
1488 3569 1646 3622 maii-

105 3670 191 3725 σης
236 3657 329 3728 τήν
356 3659 529 3725 αὐγὴν
567 3658 664 3727 τῆς
702 3659 963 3728 αίθερίας¹
990 3659 1082 3714 τοῦ
1129 3661 1278 3729 ήλίου
1329 3663 1642 3730 λαμπάδοςς

63 3781 66 3786 ι
109 3748 165 3799 Ὢ
189 3749 294 3812 πῶς
316 3752 343 3803 ό
372 3750 600 3813 πολλοὺς
633 3753 696 3803 ἐκ
725 3752 832 3803 τῶν
862 3750 1148 3822 βλεφάρων
1166 3753 1645 3820 ἀποκρουσάμενος

107 3838 285 3904 ὕπνους
315 3843 454 3910 ὺπέρ
483 3841 592 3894 τῶν
625 3843 891 3911 ὑπηκόων
913 3841 1008 3895 νῦν
1041 3833 1104 3895 ’ἐν
1129 3845 1281 3913 τάφῳ
1310 3844 1398 3895 τὸν
1434 3844 1645 3912 μακρὸν

105 3922 252 3984 ὕπνον
282 3933 534 3986 καθεύδει
560 3951 578 4004 ί
609 3934 674 3986 Ὠ
713 3933 828 3996 πῶς
878 3933 970 3987 τὸν
999 3934 1196 3987 λίθινον
1238 3933 1396 3999 αυτὸς
1443 3935 1642 3996 ὑποδὺς

103 4027 287 4093 χιτῶνα
317 4028 375 4078 ἐν
411 4026 607 4096 βραχεῖ
643 4028 922 4097 δυστυχῶν
950 4029 1094 4097 ἡμᾶς
1127 4027 1495 4080 ἀποδύσασθαι
1525 4027 1639 4096 (48)

105 4123 398 4190 πέπραχενς
433 4119 500 4170 Ὦ
543 4121 656 4182 πῶς
686 4122 949 4191 πρότερον
981 4123 1082 4188 μὲν
1123 4123 1193 4173 τὰ
1231 4122 1338 4173 τῶν
1372 4120 1644 4190 πολεμίων

105 4210 299 4263 κόπτων
327 4211 424 4264 καὶ
477 4212 833 4268 καταϐάλλων
865 4214 1092 4281 σώματα
1131 4211 1227 4264 νῦν
1257 4214 1322 4264 ἐκ
1353 4213 1521 4279 τάφου
1546 4212 1643 4272 τὰς

106 4303 197 4354 τῶν
228 4305 482 4374 ὑπηκόων
515 4305 725 4370 τοξεύει
767 4306 945 4374 ψυχὰς
977 4305 1239 4373 ἀφειδῶς;
1270 4304 1340 4355 Σὺ
1378 4305 1424 4356 δ’
1453 4299 1498 4356 ὦ
1529 4304 1645 4355 θεία

108 4393 320 4462 βασιλὶς,
353 4395 456 4447 ποῦ
484 4397 546 4447 τὺ
577 4396 667 4446 σὺν
692 4395 1086 4456 καταλέλοιπας
1112 4395 1296 4459 κλέοςς
1326 4395 1447 4460 uiis;
1481 4395 1646 4448 καθά-

1746 3303 1837 3370 qui
1885 3310 2110 3368 propter
2163 3297 2414 3352 subditos
2462 3311 2589 3349 suos
2637 3311 2888 3349 somnum
2938 3296 3112 3350 oeulis
3165 3312 3310 3365 saepe

1747 3387 1980 3461 negavit,
2015 3405 2162 3447 nunc
2211 3389 2266 3442 in
2321 3386 2574 3456 sepulcro
2620 3385 2839 3454 longum
2875 3385 3027 3438 illum
3056 3402 3307 3440 somnum

1744 3483 1983 3538 dormit?
2015 3482 2146 3542 llen,
2191 3479 2466 3549 quomodo
2510 3478 2621 3541 ille,
2659 3491 2820 3531 saxea
2871 3479 3050 3531 tunica
3096 3477 3307 3543 indutu,

1745 3577 1894 3631 brevi
1927 3575 2132 3636 cﬂ'ecit,
2164 3583 2222 3626 ut
2252 3588 2352 3626 nos
2379 3573 2576 3624 misere
2607 3568 2973 3624 exueremur?
3008 3569 3146 3633 lien,
3175 3585 3309 3638 quo-

1745 3667 1905 3721 modo
1944 3665 2039 3733 qui
2072 3675 2228 3719 antea
2265 3664 2503 3715 hostium
2528 3673 2760 3729 corpora
2791 3659 3046 3713 eiedebat
3079 3667 3135 3711 et
3162 3670 3306 3712 sier-

1745 3757 1926 3818 nebat,
1966 3769 2111 3807 nuuc
2141 3768 2170 3806 e
2213 3752 2466 3820 sepulcro
2499 3742 2842 3805 subditorum
2874 3747 3084 3801 animos
3138 3749 3305 3815 sagit-

1744 3835 1815 3902 tis
1863 3848 2218 3915 pertinaciter
2256 3830 2508 3910 impetit?
2543 3841 2624 3894 Tu
2668 3855 2818 3904 vero,
2849 3854 2882 3892 ο
2921 3839 3103 3893 divina
3137 3840 3306 3906 impe-

1747 3939 1933 4001 ratrix,
1976 3936 2198 3990 ubinam
2230 3935 2400 3988 decus
2431 3942 2582 3986 tuum
2618 3931 2929 3999 reliquisti?
2978 3929 3098 3984 lleri
3133 3930 3305 3999 plena:

1744 4029 1885 4082 luna:
1914 4027 2086 4080 instar
2122 4039 2340 4093 egressa
2371 4023 2595 4092 palatio,
2629 4021 2789 4074 hodie
2817 4036 2926 4089 quo
2961 4031 3117 4088 pacto
3147 4021 3305 4072 dimi-

1744 4120 1892 4172 diata
1933 4114 2259 4171 reverteris?
2287 4113 2594 4180 Quomodo,
2642 4127 2766 4164 cum
2807 4112 2980 4165 instar
3018 4112 3306 4164 frondibus

1743 4212 1934 4265 obsita:
1979 4209 2195 4262 arboris
2239 4206 2481 4267 ﬂoreres,
2533 4205 2694 4257 hodie
2729 4211 2787 4256 ut
2818 4203 3024 4256 lienem
3061 4203 3175 4269 agri
3205 4205 3305 4254 de-

1743 4300 1978 4356 ﬂoruisti
2006 4309 2061 4353 et
2095 4314 2214 4351 rosa
2240 4297 2292 4350 in
2317 4296 2509 4365 prato?
2548 4296 2666 4360 Quo
2698 4287 2856 4362 paeto
2884 4293 3001 4346 heri
3040 4307 3106 4346 ex
3137 4295 3306 4361 impe-

1746 4394 1944 4447 ratoris
1995 4390 2248 4444 thalamis
2289 4389 2629 4458 splendentis
2672 4396 2727 4440 et
2758 4383 2984 4438 illustris
3019 4384 3302 4454 pleniluuii

107 4502 196 4556 περ
215 4487 471 4550 εὒκυκλος
502 4487 702 4557 σελήνη
743 4486 851 4540 τῶν
887 4485 1173 4556 βασιλείων
1203 4488 1324 4557 χθὲς
1355 4487 1641 4550 ἐξελθοῦσα

1748 4485 1918 4537 instar
1946 4489 2140 4535 exorta
2167 4495 2314 4534 nunc
2347 4481 2532 4534 multis
2559 4489 2614 4534 et
2638 4478 2823 4532 densis
2853 4477 3090 4530 nubibus
3119 4477 3305 4530 occul-

109 4552 322 4647 σήμερον
347 4552 646 4646 ἐπανῆλθες
689 4552 1034 4649 ήμίκυκλος;
1079 4552 1490 4649 Πῶς-*καθάπερ
1531 4579 1644 4630 δέν-

1749 4576 1917 4630 taris?
1947 4578 2069 4644 quis
2125 4585 2233 4628 tam
2279 4575 2430 4629 brevi
2471 4581 2749 4642 momento
2800 4581 2946 4625 tuam
3001 4571 3306 4640 pulchritu-

105 4670 212 4737 δρον
248 4673 634 4739 εὸσκιόφυλὶον
661 4673 895 4726 ἀνθοῦσα
927 4665 1166 4744 σήμερον
1195 4675 1450 4743 ἐξαίφνης
1476 4677 1648 4744 ἀπήν-

107 4756 266 4826 θηοας.
293 4759 366 4824 ὡς
425 4764 615 4832 χόρτος
654 4764 714 4814 ἐν
754 4763 907 4832 ἀγρῷ
940 4767 1031 4816 καὶ
1080 4762 1232 4834 ῥόδον
1280 4765 1338 4815 ὲν
1384 4762 1606 4832 λειμῶνι
1630 4779 1653 4834 ;_

111 4849 217 4913 Πῶς
262 4855 322 4904 ὲκ
357 4854 466 4905 τῶν
516 4854 808 4923 βασιλικῶν
834 4855 1095 4923 θαλάμων
1139 4853 1266 4923 χθὲς
1297 4847 1386 4906 οἷα
1422 4855 1651 4923 λαμπρὰ

108 4945 190 4994 καὶ
219 4946 524 5016 πλησιφαὴς
557 4946 890 5014 πανσέληνος
920 4946 1245 5000 ἀνατείλασα
1285 4946 1379 4999 νῦν
1426 4949 1484 4998 ἐν
1517 4947 1649 4998 πολ-

109 5033 204 5094 λοῖς
228 5037 319 5088 καὶ
348 5036 568 5105 βάθεσιν
597 5036 832 5104 ἐκρύᾶης
859 5037 967 5096 τοῖς
993 5041 1209 5104 νέφεσι;
1243 5036 1336 5098 Τίς
1366 5039 1424 5088 ἐν
1454 5037 1648 5106 βραχεῖ

108 5126 159 5177 τὸ
193 5127 280 5178 σδν
311 5128 689 5197 ἀπημαύρωσε
723 5129 954 5192 κάλλος;
1002 5125 1110 5179 [Ιλῦ
1145 5127 1245 5197 τὴν
1275 5131 1648 5197 συγκαταρεύ-

113 5233 267 5271 σασαν
293 5220 510 5288 ἀφῆκας
536 5221 734 5289 χλόην;
765 5221 859 5283 Τίς
889 5222 978 5273 τὸν
1016 5221 1102 5272 σὺν
1134 5219 1518 5272 εὐανθέστατον
1551 5220 1649 5288 κῆ·-

113 5322 198 5358 πον
227 5307 462 5378 ἐξώρυξε
487 5325 505 5375 ;
537 5309 619 5371 τίς
646 5309 904 5380 κλέπτης,
935 5310 1014 5373 τίς
1035 5309 1254 5378 λῃστὴς,
1282 5309 1364 5369 τίς
1393 5307 1644 5378 πρηστὴρ
1674 5372 1686 5383 _

110 5399 186 5451 ul
213 5401 476 5471 κεραυνδς
498 5398 809 5469 ἐξούρανοῦ
835 5418 853 5465 ;
888 5399 1009 5461 Πῶς
1040 5399 1164 5469 χθὲς
1201 5398 1275 5459 ὡς
1323 5399 1386 5450 ἐκ
1428 5397 1646 5467 λιμένος

108 5488 183 5543 τὸν
207 5491 442 5544 ἔκπλουν
474 5491 820 5560 ποιησαμένη
857 5490 1107 5561 λαμπρὸν
1154 5489 1393 5558 σήμερον
1436 5492 1645 5560 ἐπανῆ-

1743 4672 1925 4725 dinem
1956 4668 2304 4723 obscuravit?
2338 4667 2435 4723 Ubi
2471 4667 2665 4720 ﬂorem’
2694 4677 2845 4720 tuum
2892 4668 3185 4720 deciduum
3218 4682 3306 4717 reo

1741 4763 1992 4834 liquisti?
2035 4761 2158 4830 quis
2194 4769 2514 4814 vernantem
2569 4770 2719 4810 tuum
2773 4759 2995 4811 hortum
3035 4756 3304 4825 perfodit?

1743 4857 1833 4924 qui
1869 4855 1989 4907 l'ur?
2037 4854 2130 4921 qui
2176 4850 2353 4904 latro?
2405 4865 2526 4919 quae
2579 4850 2849 4919 fulgetra?
2893 4849 3039 4917 quod
3085 4847 3306 4899 cmlesie

1744 4943 1981 4997 fulmen?
2013 4942 2131 5007 Quo
2160 4951 2320 5010 pacto
2359 4956 2478 5009 quae
2513 4941 2634 4994 heri
2681 4940 2830 5005 velut
2854 4953 2884 4992 e
2915 4935 3098 5006 portu'
3126 4937 3307 5002 splen-

1745 5036 1870 5087 dide
1903 5035 2138 5096 solvisti,
2173 5033 2340 5087 hodie
2370 5042 2625 5100 tanquam
2669 5048 2698 5083 e
2729 5029 3014 5098 naufragio
3041 5035 3097 5081 ει
3138 5027 3306 5081 ﬂuent

1741 5141 1800 5181 es
1823 5141 2078 5190 -reversa,
2112 5125 2367 5179 omnibus
2405 5126 2470 5177 iis
2503 5140 2638 5191 quas
2680 5123 2942 5185 veheba‘s,
2978 5121 3308 5188 pretiosissi-

1743 5220 1845 5273 mis
1885 5205 2164 5272 mercibus
2193 5216 2458 5285 spoliata?
2485 5217 2618 5278 Quis
2649 5225 2796 5266 tuam
2839 5227 3060 5266 auream
3091 5227 3303 5266 comam

1741 5309 2028 5363 detondit?
2056 5307 2190 5373 Quis
2224 5307 2321 5358 tibi
2368 5319 2625 5373 purpurae
2677 5305 3024 5373 splendorem
3069 5301 3306 5356 adeum?

1741 5403 1867 5472 quis
1905 5411 2052 5453 tuam
2105 5401 2386 5452 lucernam
2434 5396 2714 5464 abripuit?
2757 5398 2881 5464 quis
2935 5407 3084 5446 tuum
3134 5399 3302 5445 solem

1750 5489 2043 5545 exstinxit?
2075 5488 2200 5556 quis
2245 5487 2344 5541 tibi
2375 5502 2573 5541 novam
2608 5489 2765 5540 istam
2800 5486 3026 5552 eclipsin
3064 5483 3306 5537 invexit?

1357 5592 1364 5599 ’
1428 5603 1766 5665 Variorum
1806 5612 1995 5666 notis.

123 5743 127 5746 -
164 5721 267 5792 (ιε)
303 5707 457 5793 [laud
503 5721 618 5778 seio
674 5738 742 5775 an
793 5721 934 5793 desit
984 5721 1186 5791 aliquid
1209 5765 1225 5788 ,
1254 5721 1321 5776 de
1349 5724 1639 5793 splendore

108 5791 339 5846 vestium.
376 5791 488 5846 Sed
519 5795 563 5848 si
608 5794 747 5846 nihil
774 5791 950 5859 deest,
995 5795 1347 5848 mutationem
1373 5791 1521 5851 certe
1547 5811 1640 5851 ve-

1750 5726 1913 5780 stitus
1945 5724 2217 5795 signiﬁcat
2248 5726 2309 5779 τὸ
2335 5725 2729 5791 ἀποδύσασθαι,
2761 5725 2916 5795 quasi
2948 5738 3086 5780 esset
3120 5741 3316 5795 μετενο

1747 5793 2031 5850 δύσεσθαι.
2054 5793 2332 5853 Ἣοιινιος.
2668 5828 2672 5832 ~
