3984 6338
689 389 795 452 847
973 384 1050 458 [Α.
1092 402 1146 439 ιι.
1183 383 1349 448 6850,
1391 398 1498 438 mn.
1557 381 1651 454 l0]
1903 382 2262 446 NICEPHOI

2359 381 2738 444 GREGORIE
3059 383 3194 462 Itur.
3229 400 3267 439 ι.
3309 400 3543 443 auos.
3589 383 3642 456 l]
3819 391 3899 454 διε

689 510 925 570 laturus.
986 519 1042 564 et
1087 526 1189 579 pro
1221 510 1365 563 virili
1397 507 1722 574 cffecturus,
1772 516 1829 562 ut
1889 506 2072 561 facilis
2119 513 2262 559 esset

2375 511 2771 579 στρατιωτικὴν
2816 509 3154 578 ἐπαγόμενος
3197 510 3258 563 οὐ
3306 511 3530 581 μικρὰν,
3577 511 3897 581 συνεργήσων

691 601 1007 672 imperatori
1049 603 1114 656 ad
1159 605 1351 658 urbem
1385 603 1828 660 Thessalonicam
1853 602 2136 657 transitus.

2363 621 2426 656 τε
2461 603 2580 666 καὶ,
2613 603 2671 654 τό
2701 619 2764 669 γε
2793 604 2870 662 εἰς
2919 601 3148 672 δύναμιν
3208 597 3364 676 ἧκον.
3450 602 3641 674 ῥᾳδίαν
3686 606 3896 673 ποιήσων

783 697 795 711 ν
2366 698 2649 762 ὁπὼσποτε
2669 695 2749 764 τῷ
2776 694 2983 763 βασιλεῖ
3137 695 3194 757 ἐς
3225 694 3624 766 Θεσσαλονίκην
3668 697 3895 765 πάροδον.

757 803 820 856 ν.
842 803 910 858 Et
931 804 1045 858 hme
1075 803 1296 873 quidem
1323 804 1397 858 ita
1415 819 1473 860 se
1497 804 1789 861 habebant.
1813 805 1915 872 Qui
1940 821 2070 862 vero
2099 805 2261 878 Didy-
2291 819 2330 875 Α

2321 822 2337 875 ι
2438 801 2513 857 E’.
2549 799 2764 852 Τούτων
2788 796 2832 847 δ’
2871 793 3041 868 οὕτως
3079 794 3312 864 ἑχόντων
3339 791 3474 863 (40),
3500 795 3549 846 οί
3592 793 3692 863 μὲν
3725 782 3894 847 ἐναπο-

687 897 912 952 motiehi
943 912 1070 949 cum
1105 896 1452 965 imperatrice
1500 897 1654 951 lrene
1695 906 1752 950 et
1781 897 1898 968 ejus
1947 896 2115 951 fratre
2158 897 2260 952 Ma-

2371 893 2680 962 λειφθέντες
2708 885 2848 959 ἦσαν
2872 889 2931 940 ἐν
2960 886 3320 956 Διδυμοτεὶχῳ
3351 886 3490 955 μετὰ
3515 886 3617 956 τῆς
3652 886 3892 956 βασιλίδος

687 991 850 1044 nucle
875 989 1050 1044 Asane
1077 989 1252 1042 relicti
1278 989 1520 1051 fuerant,
1543 998 1650 1042 tam
1683 988 1893 1056 pedites
1917 1004 2079 1057 quam
2103 990 2260 1058 equi-

2368 987 2600 1056 Είρὴνης
2632 982 2724 1034 καὶ
2765 974 3022 1049 τάδελξροῦ
3070 977 3325 1046 Μανουὴλ
3365 976 3455 1030 τοῦ
3493 977 3656 1031 ’Δσὰν
3709 977 3895 1030 ἔνοπλοι

684 1090 786 1141 tes,
825 1095 990 1146 supra
1036 1079 1366 1148 quingentos
1411 1087 1612 1134 erant:
1663 1078 1832 1133 duces
1889 1089 2073 1133 autem
2119 1081 2257 1135 duo;

2369 1077 2696 1148 στρατιῶται
2751 1075 2844 1128 καὶ
2874 1075 3058 1136 ίππεῖς
3093 1072 3254 1126 πλέον
3294 1071 3327 1142 ἢ
3379 1072 3724 1126 πεντακόσιοι
3762 1072 3889 1140 (ιυο

681 1167 895 1220 Ilanuel
921 1182 1116 1236 nempe
1141 1166 1556 1231 Tarchaniotes,
1577 1168 1668 1236 qui
1693 1169 2017 1238 cognatione
2035 1169 2254 1239 junctus

2368 1168 2665 1240 στρατηγοὶ
2692 1167 2748 1219 δὲ
2771 1165 2865 1219 δύο
2897 1165 3016 1234 μὲν,
3047 1163 3303 1233 Μανουήλ
3336 1181 3395 1217 τε
3423 1165 3452 1216 6
3481 1162 3891 1233 Ταρχανειώτητ,

681 1268 802 1310 erat
822 1257 1164 1325 imperatori,
1191 1267 1247 1311 et
1277 1256 1548 1326 Georgius
1578 1259 1874 1316 l’bacrases
1900 1279 1914 1325 ;
1940 1271 1994 1315 et
2026 1271 2145 1329 post
2167 1277 2254 1316 eos

2363 1260 2470 1312 τῶν
2504 1257 2783 1324 συγγενῶν
2829 1256 3088 1325 ὑπάρχων
3116 1271 3201 1315 τις
3237 1254 3313 1323 τῷ
3347 1254 3578 1322 βασιλεῖ,
3608 1258 3702 1306 καὶ
3739 1255 3777 1305 Γ
3778 1254 3891 1321 cuip-

678 1350 771 1402 alii
801 1349 932 1403 duo.
982 1350 1226 1415 Quorqu
1277 1351 1523 1404 omnium
1570 1352 1957 1430 c0nstautiam,
1997 1363 2158 1422 atque
2204 1355 2251 1408 in

2361 1367 2476 1416 γιος
2506 1350 2536 1400 6
2559 1348 2850 1419 Φακρασῆς
2874 1361 2888 1376 ⁸
2945 1347 3042 1398 καὶ
3093 1345 3211 1414 μετ’
3240 1346 3436 1408 αὐτοὺς
3471 1346 3646 1415 ἕτεροι
3685 1346 3792 1399 δύο.
3816 1339 3893 1395 Ὧν

678 1442 887 1510 ντεΙϋε
910 1442 1286 1497 fortitudinem
1313 1454 1370 1498 et
1389 1445 1805 1513 experientiam,
1835 1446 2046 1515 singula
2071 1463 2251 1500 rerum

2361 1445 2613 1499 ἁπάντων
2640 1442 2738 1512 τὴν
2769 1438 3090 1513 καρτερίαν,
3113 1439 3206 1490 καὶ
3231 1437 3331 1506 τὴν
3367 1435 3495 1506 περὶ
3527 1435 3626 1500 τὰς
3649 1434 3891 1496 ὲνοπλίοις

678 1541 949 1599 gestarum
983 1534 1318 1598 testimonia,
1362 1534 1693 1602 procedente
1733 1534 1837 1589 hac
1888 1536 2136 1604 historia,
2173 1539 2251 1592 lu-

2361 1541 2539 1610 μάχας
2577 1535 2799 1607 ἀνδρίαν
2843 1524 2946 1586 καί
2981 1531 3300 1602 ἐμπειρίαν,
3339 1531 3372 1599 ἠ
3419 1529 3530 1581 τῶν
3560 1528 3683 1582 καθ’
3713 1530 3888 1581 ἕκαστα

711 1624 924 1677 ulenter
947 1625 1259 1679 ostendent.
1284 1624 1434 1690 Quos
1456 1639 1587 1687 vero
1609 1640 1799 1681 secum
1827 1627 2064 1681 bebcbat
2082 1629 2257 1701 impe-

2359 1629 2610 1699 πράξεων
2644 1625 2918 1697 μαρτυρία
2961 1623 3246 1693 προϊόντος
3291 1621 3383 1674 τοῦ
3417 1622 3579 1689 λόγου
3614 1621 3773 1686 δείξει
3814 1636 3889 1671 σα-

677 1704 826 1769 rator
852 1716 1084 1769 comites
1117 1717 1400 1772 ulterioris
1425 1717 1816 1786 expeditionis,
1842 1720 1877 1773 ii
1909 1733 2084 1785 erant,
2119 1737 2250 1790 prae-

2355 1721 2614 1788 φέστατα.
2665 1716 2777 1778 Οὓς.
2801 1733 2864 1784 γε
2897 1714 3002 1785 μὴν
3048 1715 3076 1766 6
3134 1711 3384 1782 βασιλεὺς
3437 1713 3737 1780 ἑπομένους
3781 1704 3889 1777 εἶχε,

677 1817 762 1861 ter
790 1806 958 1876 623
979 1807 1100 1861 illos
1126 1806 1220 1875 qui
1247 1806 1486 1861 arcubus
1509 1816 1565 1862 et
1589 1808 1772 1863 fundis
1801 1825 1866 1866 ac
1901 1811 2100 1866 talibus
2132 1812 2250 1868 telis

2355 1811 2487 1879 πρὸς
2533 1811 2600 1880 ἢν
2653 1807 2986 1878 ἀφηγεῖσθαι
3033 1805 3298 1872 μέλλομεν
3350 1803 3641 1872 ὑπερόριον
3693 1803 3888 1870 ἐκστροο

675 1900 892 1951 οιιιίηιιε
933 1899 1260 1954 ferientibus
1307 1901 1639 1965 utebantur,
1702 1900 1969 1955 lectormn
2027 1902 2248 1971 quidem

2351 1904 2521 1967 τείαν,
2565 1898 2704 1972 ἦσαν
2747 1900 2886 1971 πλὴν
2914 1897 3022 1950 τῶν
3056 1898 3176 1950 ὅσοι
3203 1897 3377 1961 τόξοις
3423 1895 3542 1962 ἃμα
3571 1895 3668 1947 καὶ
3699 1893 3887 1960 σφενδι-

672 1988 922 2057 equitum
955 2004 1065 2042 non
1107 1990 1292 2044 minus
1323 2005 1484 2060 quam
1514 1990 1624 2044 duo
1655 1991 1861 2058 millia;
1898 1994 2116 2065 cognati
2147 2010 2245 2049 au-

2353 2012 2472 2063 ναις
2527 1995 2620 2047 καὶ
2663 1991 2926 2056 τοιούτοις
2959 1989 3238 2058 ἑκηϐόλοις
3285 1987 3523 2057 ἐχρῶντο
3573 1985 3770 2052 βέλεσι,
3799 1983 3887 2036 τῶν

674 2087 809 2141 tem,
844 2079 1048 2147 aliique
1078 2080 1311 2143 nobiles.
1339 2091 1396 2136 et
1427 2096 1588 2136 omne
1620 2083 1948 2137 famulitium
1977 2084 2242 2152 ipsorum,

2360 2083 2458 2153 μὲν
2485 2082 2724 2150 λογάδων
2757 2080 2967 2135 ἱππέων
2999 2079 3102 2131 οὐκ
3123 2078 3320 2148 ἥττους
3347 2077 3380 2146 ἢ
3409 2072 3658 2144 δισχίλιοι
3676 2092 3692 2107 ο
3723 2073 3817 2126 τῶν
3841 2073 3884 2125 δὲ

672 2170 1096 2238 quingentorum
1129 2172 1377 2238 proxime
1422 2188 1712 2226 numerum
1752 2173 2067 2242 explebant.
2105 2175 2245 2229 Inter

2309 2165 2323 2222 ί
2353 2176 2654 2245 συγγενῶν,
2692 2162 2785 2226 ιιαῆ
2808 2171 2917 2225 τῶν
2951 2171 3125 2233 ἄλλως
3157 2169 3396 2237 εὐγενῶν
3433 2168 3644 2238 ἀνδρῶν
3674 2167 3761 2220 καὶ
3789 2165 3882 2234 ἄμα

671 2276 812 2329 quos
839 2261 1074 2316 maxime
1101 2264 1420 2318 eminebant
1472 2265 1707 2334 primum
1758 2265 1868 2319 duo
1902 2267 2244 2336 imperatoris

2347 2271 2535 2322 δπέσοι
2565 2271 2662 2338 τῆς
2689 2267 2837 2336 σφῶν
2865 2267 3162 2337 θεραπείας
3187 2261 3349 2336 ἦσαν,
3383 2266 3440 2326 ὲς
3465 2264 3526 2316 τὸ
3555 2265 3777 2333 ἔγγιστα
3797 2261 3884 2314 τῶν

671 2351 787 2413 ﬁlii,
824 2352 1106 2407 blatthzeus
1136 2361 1194 2406 et
1237 2352 1493 2408 Manuel:
1537 2354 1739 2409 deinde
1778 2355 1963 2411 lrenes
1993 2356 2244 2425 Augusta:

2347 2361 2719 2415 πεντακοσίων
2743 2361 2942 2430 ἀνῆγον
2975 2360 3065 2412 τὸν
3094 2359 3345 2428 ἀριθμόν.
3384 2350 3486 2410 ⁷ον
3517 2357 3752 2426 ἔκκριτοι
3779 2354 3883 2407 πᾶν·

671 2443 842 2498 frater
894 2443 1135 2498 Joannes
1169 2447 1313 2501 Asan
1368 2455 1422 2499 et
1480 2446 1828 2515 imperatoris
1883 2449 2244 2503 consobrinus

2343 2472 2452 2507 των
2483 2453 2725 2523 ὑπῆρχον
2764 2454 2995 2522 μάλιστα
3025 2451 3082 2504 oi
3115 2467 3175 2504 τε
3201 2450 3292 2503 δύο
3329 2448 3424 2503 τοῦ
3464 2449 3720 2520 βασιλέως
3747 2449 3878 2508 uisis.

669 2534 906 2591 Joannes
929 2535 1193 2606 Angelus.
1233 2536 1478 2603 Quorum
1513 2537 1762 2590 omnium
1794 2538 2039 2591 animum
2071 2539 2124 2593 in
2154 2553 2242 2609 pe-

2345 2547 2623 2608 ΜατΘαῖος
2671 2547 2764 2599 καὶ
2801 2544 3064 2614 Μανουήλ
3089 2561 3102 2575 ο
3147 2545 3241 2598 καὶ
3277 2543 3394 2614 μετ’
3425 2544 3622 2605 αὐτοὺς
3652 2542 3679 2596 δ
3721 2560 3776 2595 τε
3800 2539 3880 2608 τῆς

671 2628 864 2683 rieulis
887 2643 1145 2700 maguum
1175 2637 1233 2684 et
1258 2629 1485 2693 fortem,
1524 2639 1578 2683 et
1614 2644 1702 2685 res
1747 2645 1910 2684 manu
1943 2631 2029 2685 vel
2060 2633 2242 2686 consi-

2350 2636 2618 2704 βασιλίδος
2653 2637 2888 2707 Είρήνης
2935 2621 3161 2703 ἁδελφὸς
3203 2637 3453 2707 Ἰωάννης
3476 2637 3505 2688 6
3540 2635 3699 2687 ’Δοὰν
3740 2631 3822 2685 καὶ
3858 2630 3880 2682 6

662 2719 746 2777 .lio
779 2721 1038 2790 pra'clare
1057 2731 1261 2792 gestas,
1288 2729 1344 2775 et
1376 2731 1574 2791 tropaea
1612 2722 1727 2792 ipsa
1773 2723 1995 2788 bellica.
2037 2739 2138 2779 suo
2163 2725 2235 2780 si-

2346 2728 2438 2782 τοῦ
2497 2729 2762 2798 βασιλέως
2825 2728 3270 2798 πρωτεξὰδιλφος
3332 2728 3585 2797 Ἰωάννης
3632 2708 3659 2778 6
3706 2727 3879 2790 ’Δγγιο

673 2812 899 2881 gillatim
933 2813 1054 2867 loco
1081 2813 1222 2867 infra
1244 2813 1666 2868 declarabimus.

2345 2820 2432 2882 λος
2461 2820 2593 2888 (ίῖ).
2629 2813 2727 2871 Ὧν
2750 2821 3004 2874 ἁπάντων
3027 2821 3126 2890 τὴν
3154 2821 3212 2872 ἐν
3245 2811 3360 2881 τοῖς
3380 2819 3573 2880 δεινοῖς
3599 2813 3877 2888 μεγαλοψδ.

669 2902 816 2976 χίιν,
849 2905 942 2958 καὶ
973 2905 1145 2958 ὁπόσα
1171 2906 1355 2975 χειρὸς
1386 2905 1477 2957 καὶ
1508 2905 1730 2974 γνώμης
1767 2904 2097 2972 ἐνεδείξαντο
2151 2909 2523 2979 μεγαλοφυοῦς
2594 2911 2728 2980 Ιἔργει
2759 2913 2853 2965 καὶ
2911 2910 3166 2978 τρόπαια,
3199 2912 3256 2962 ὲν
3295 2911 3406 2973 τοῖς
3457 2908 3748 2979 καθήκουσι
3804 2907 3872 2958 τό·

674 3014 796 3062 ποις
825 2998 1133 3069 προϐαίνων
1155 2999 1184 3052 6
1208 2998 1364 3067 λόγος
1391 2997 1624 3068 δηλώσει
1661 2996 1784 3070 καθ’
1810 2997 2059 3053 ἕκαστα..
3480 3010 3488 3014 ”

2017 3110 2342 3173 Variorum
2372 3121 2560 3174 notua.

742 3254 856 3329 (ιο)
889 3256 1186 3329 Qautacua.
1219 3258 1318 3314 lib.
1345 3275 1425 3329 ιιι.
1449 3272 1569 3327 cap.
1601 3257 1691 3329 ξιξ.
1723 3257 1952 3329 ουςιιιο.
2193 3328 2199 3329 γ

2344 3256 2597 3326 Ἰωάννης
2645 3255 2960 3329 addendum
2989 3295 3004 3322 ,
3045 3267 3105 3329 ut
3139 3257 3284 3329 apud
3341 3255 3637 3329 Cantacuz.
3669 3255 3769 3329 lib.
3800 3271 3866 3313 ιιι.

750 3325 1278 3396 (M)Cantacuaeno
1325 3328 1488 3396 χίλιοι
1518 3325 1679 3397 ἷπρδς
1737 3328 1852 3397 τοῖς
1907 3328 2234 3397 ἐπιγενομέο

2335 3341 2455 3395 cap.
2505 3325 2595 3383 59..
2651 3329 2744 3378 καὶ
2797 3328 2835 3397 ό,
2867 3327 3155 3392 Ἄγγελος.
3211 3326 3399 3397 Neque
3461 3328 3608 3397 enim
3659 3327 3869 3379 Joannes

671 3416 804 3460 νοις.
836 3395 982 3451 Idem
1033 3409 1294 3467 praeterea
1327 3395 1433 3448 ἐπὶ
1451 3397 1548 3464 τῆς
1569 3396 1676 3459 ἔξω
1695 3396 2079 3470 Διδυμοτείχου
2110 3413 2234 3448 συν-

671 3473 863 3517 οικίας.
903 3468 1006 3517 hoc
1027 3470 1188 3517 estin
1217 3468 1481 3517 aufmrbiia
1515 3467 1739 3517 relictos
1779 3467 1855 3517 ait
1883 3475 2007 3517 octo
2041 3468 2231 3517 duces.

2334 3397 2571 3464 Angelus
2598 3397 2772 3450 frater
2814 3395 2921 3450 fuit
2964 3397 3170 3450 lrenes.
3201 3395 3336 3450 Vide
3371 3411 3492 3477 qua
3536 3396 3602 3449 de
3632 3411 3694 3449 eo
3725 3410 3865 3517 supra

2330 3477 2673 3517 armotamus.
2708 3467 2942 3517 Ducam.
2973 3497 3037 3507 —
3061 3466 3244 3517 Codex
3276 3466 3568 3517 Vaticanus
3603 3467 3751 3517 plane
3819 3481 3864 3516 a-

669 3473 863 3528 οικίας,
903 3468 1006 3521 hoc
1027 3466 1110 3522 est
1134 3470 1188 3521 in
1217 3468 1481 3522 suburbiia
1515 3467 1739 3536 relictos
1779 3466 2025 3536 ai't_octo_
2038 3468 2231 3536 duces,
2330 3477 2673 3536 annotamus.
2708 3467 2942 3521 Ducauc.
2973 3497 3037 3507 —
3061 3466 3244 3520 Codex
3276 3466 3568 3520 Vaticanus
3602 3467 3751 3536 plane
3786 3466 3864 3517 ba-

669 3539 914 3607 singulos
949 3538 1245 3607 sagittariis
1285 3539 1432 3591 mille
1483 3535 1791 3606 pmlectos.
1838 3533 1982 3588 Ηίει.
2012 3533 2111 3588 lib.
2147 3550 2224 3601 ιιι,
2331 3535 2541 3607 bet.jut
2569 3536 2858 3607 legendum
2899 3550 3022 3591 esse
3067 3535 3474 3592 admonuimus.
3508 3533 3865 3607 lta'accepica

671 3604 790 3674 cap.
825 3604 1148 3679 33.nBoim.
1408 3677 1418 3679 _
1485 3604 1496 3606 ⁷
1535 3609 1544 3618 “
1785 3676 1795 3679 _
2050 3675 2061 3679 _

2325 3604 2552 3664 doctiss.
2573 3607 2632 3661 ν.
2653 3606 2790 3662 Lud.
2819 3605 3080 3679 Targnio.
3121 3607 3331 3663 Dama.
3677 3605 3682 3614 ’

743 3679 854 3747 (ιι)
906 3676 998 3732 Vel
1038 3679 1326 3748 legendum
1385 3677 1635 3750 Ἰωάννης
1674 3676 1926 3745 ’Λσάνης,
1979 3675 2065 3731 vel
2108 3686 2230 3746 post
