  <div class='ocr_page' id='page_1' title='image "/cluster/home/n/w/nwhite01/storage/ocr_20150623/148/pst.000005714674/440.png"; bbox 0 0 4002 6340; ppageno 0'>
   <div class='ocr_carea' id='block_1_1' title="bbox 1191 61 1216 102">
    <p class='ocr_par' dir='ltr' id='par_1_1' title="bbox 1191 61 1216 102">
     <span class='ocr_line' id='line_1_1' title="bbox 1191 61 1216 102; baseline 0 0"><span class='ocrx_word' id='word_1_1' title='bbox 1191 61 1216 102; x_wconf 52' lang='grc' dir='ltr'>ἱ</span> 
     </span>
    </p>
   </div>
   <div class='ocr_carea' id='block_1_2' title="bbox 138 382 902 460">
    <p class='ocr_par' dir='ltr' id='par_1_2' title="bbox 138 382 902 460">
     <span class='ocr_line' id='line_1_2' title="bbox 138 382 902 460; baseline -0.007 -14"><span class='ocrx_word' id='word_1_2' title='bbox 138 382 242 446; x_wconf 80' lang='lat'><strong>865</strong></span> <span class='ocrx_word' id='word_1_3' title='bbox 533 383 614 456; x_wconf 78' lang='grc' dir='ltr'><strong>[Δ.</strong></span> <span class='ocrx_word' id='word_1_4' title='bbox 651 400 704 442; x_wconf 82' lang='lat' dir='ltr'><strong>c.</strong></span> <span class='ocrx_word' id='word_1_5' title='bbox 745 386 902 460; x_wconf 65' lang='lat' dir='ltr'><strong>ista]</strong></span> 
     </span>
    </p>
   </div>
   <div class='ocr_carea' id='block_1_3' title="bbox 1083 394 1695 474">
    <p class='ocr_par' dir='ltr' id='par_1_3' title="bbox 1083 394 1695 458">
     <span class='ocr_line' id='line_1_3' title="bbox 1083 394 1695 458; baseline -0.002 0"><span class='ocrx_word' id='word_1_6' title='bbox 1083 447 1096 458; x_wconf 91' lang='lat'><strong>.</strong></span> <span class='ocrx_word' id='word_1_7' title='bbox 1111 394 1546 456; x_wconf 65' lang='lat' dir='ltr'><strong>BYZANTINIB</strong></span> <span class='ocrx_word' id='word_1_8' title='bbox 1581 396 1695 457; x_wconf 69' lang='lat' dir='ltr'><strong>HI:</strong></span> 
     </span>
    </p>
   </div>
   <div class='ocr_carea' id='block_1_4' title="bbox 1799 394 3337 474">
    <p class='ocr_par' dir='ltr' id='par_1_4' title="bbox 1799 397 3337 474">
     <span class='ocr_line' id='line_1_4' title="bbox 1799 397 3337 474; baseline 0.005 -22"><span class='ocrx_word' id='word_1_9' title='bbox 1799 397 1963 459; x_wconf 70' lang='lat' dir='ltr'><strong>iRLﬁ</strong></span> <span class='ocrx_word' id='word_1_10' title='bbox 2004 400 2153 464; x_wconf 73' lang='lat' dir='ltr'><strong>LIB,</strong></span> <span class='ocrx_word' id='word_1_11' title='bbox 2191 400 2364 462; x_wconf 75' lang='lat' dir='ltr'><strong>XIII,</strong></span> <span class='ocrx_word' id='word_1_12' title='bbox 2493 398 2630 472; x_wconf 62' lang='grc' dir='ltr'>[ιιι.</span> <span class='ocrx_word' id='word_1_13' title='bbox 2682 415 2724 456; x_wconf 79' lang='grc' dir='ltr'>ι.</span> <span class='ocrx_word' id='word_1_14' title='bbox 2763 415 2998 458; x_wconf 67' lang='lat' dir='ltr'><strong>nues.</strong></span> <span class='ocrx_word' id='word_1_15' title='bbox 3035 402 3094 474; x_wconf 74' lang='lat'><strong>2]</strong></span> <span class='ocrx_word' id='word_1_16' title='bbox 3232 405 3337 468; x_wconf 79' lang='lat'><strong>866</strong></span> 
     </span>
    </p>
   </div>
   <div class='ocr_carea' id='block_1_5' title="bbox 139 497 1695 586">
    <p class='ocr_par' dir='ltr' id='par_1_5' title="bbox 139 497 1690 586">
     <span class='ocr_line' id='line_1_5' title="bbox 139 497 1690 586; baseline 0.006 -37"><span class='ocrx_word' id='word_1_17' title='bbox 410 499 481 552; x_wconf 76' lang='grc' dir='ltr'><strong>δι’</strong></span> <span class='ocrx_word' id='word_1_18' title='bbox 509 500 762 573; x_wconf 69' lang='grc' dir='ltr'>εὐφήμου</span> <span class='ocrx_word' id='word_1_19' title='bbox 785 506 887 574; x_wconf 71' lang='grc' dir='ltr'>τῆς</span> <span class='ocrx_word' id='word_1_20' title='bbox 912 507 1132 575; x_wconf 82' lang='grc' dir='ltr'>μνήμης</span> <span class='ocrx_word' id='word_1_21' title='bbox 1159 507 1222 560; x_wconf 80' lang='grc' dir='ltr'><strong>τὺ</strong></span> <span class='ocrx_word' id='word_1_22' title='bbox 1245 509 1442 560; x_wconf 83' lang='grc' dir='ltr'>οἰκεῖον</span> <span class='ocrx_word' id='word_1_23' title='bbox 1461 507 1690 578; x_wconf 73' lang='grc' dir='ltr'>ἧλπιζεν</span> 
     </span>
    </p>
   </div>
   <div class='ocr_carea' id='block_1_6' title="bbox 1799 497 3333 586">
    <p class='ocr_par' dir='ltr' id='par_1_6' title="bbox 1799 503 3333 586">
     <span class='ocr_line' id='line_1_6' title="bbox 1799 503 3333 586; baseline 0.005 -23"><span class='ocrx_word' id='word_1_24' title='bbox 1799 509 1938 564; x_wconf 84' lang='lat' dir='ltr'><strong>conii</strong></span> <span class='ocrx_word' id='word_1_25' title='bbox 1960 513 2433 567; x_wconf 72' lang='lat' dir='ltr'><strong>commendatione</strong></span> <span class='ocrx_word' id='word_1_26' title='bbox 2483 514 2827 570; x_wconf 80' lang='lat' dir='ltr'><strong>circumferri</strong></span> <span class='ocrx_word' id='word_1_27' title='bbox 2853 503 3011 586; x_wconf 74' lang='lat' dir='ltr'><strong>posse</strong></span> <span class='ocrx_word' id='word_1_28' title='bbox 3059 515 3333 584; x_wconf 85' lang='lat' dir='ltr'><strong>sperabat,</strong></span> 
     </span>
    </p>
   </div>
   <div class='ocr_carea' id='block_1_7' title="bbox 137 585 1683 667">
    <p class='ocr_par' dir='ltr' id='par_1_7' title="bbox 137 585 1683 667">
     <span class='ocr_line' id='line_1_7' title="bbox 137 585 1683 667; baseline 0.008 -30"><span class='ocrx_word' id='word_1_29' title='bbox 137 585 307 656; x_wconf 85' lang='grc' dir='ltr'>δνομα</span> <span class='ocrx_word' id='word_1_30' title='bbox 350 588 609 646; x_wconf 74' lang='grc' dir='ltr'>δύνασθαι</span> <span class='ocrx_word' id='word_1_31' title='bbox 655 595 938 665; x_wconf 75' lang='grc' dir='ltr'>φέρεσθαι,</span> <span class='ocrx_word' id='word_1_32' title='bbox 978 598 1140 649; x_wconf 73' lang='grc' dir='ltr'>κάκεῖ</span> <span class='ocrx_word' id='word_1_33' title='bbox 1178 597 1540 667; x_wconf 71' lang='grc' dir='ltr'>προηγεῖσθαι</span> <span class='ocrx_word' id='word_1_34' title='bbox 1585 600 1683 665; x_wconf 79' lang='grc' dir='ltr'>τῆς</span> 
     </span>
    </p>
   </div>
   <div class='ocr_carea' id='block_1_8' title="bbox 139 675 1684 758">
    <p class='ocr_par' dir='ltr' id='par_1_8' title="bbox 139 675 1684 758">
     <span class='ocr_line' id='line_1_8' title="bbox 139 675 1684 758; baseline 0.015 -31"><span class='ocrx_word' id='word_1_35' title='bbox 139 675 408 745; x_wconf 74' lang='grc' dir='ltr'><strong>βασιλίδος</strong></span> <span class='ocrx_word' id='word_1_36' title='bbox 445 682 648 753; x_wconf 83' lang='grc' dir='ltr'>’Δννης</span> <span class='ocrx_word' id='word_1_37' title='bbox 682 684 920 755; x_wconf 73' lang='grc' dir='ltr'>τοῦνομα</span> <span class='ocrx_word' id='word_1_38' title='bbox 953 688 1050 740; x_wconf 78' lang='grc' dir='ltr'>καὶ</span> <span class='ocrx_word' id='word_1_39' title='bbox 1081 688 1214 758; x_wconf 85' lang='grc' dir='ltr'>πρός</span> <span class='ocrx_word' id='word_1_40' title='bbox 1263 705 1326 755; x_wconf 88' lang='grc' dir='ltr'><strong>γε</strong></span> <span class='ocrx_word' id='word_1_41' title='bbox 1357 688 1449 740; x_wconf 83' lang='grc' dir='ltr'>τοῦ</span> <span class='ocrx_word' id='word_1_42' title='bbox 1481 687 1684 754; x_wconf 77' lang='grc' dir='ltr'>ταύτης</span> 
     </span>
    </p>
   </div>
   <div class='ocr_carea' id='block_1_9' title="bbox 139 767 1687 848">
    <p class='ocr_par' dir='ltr' id='par_1_9' title="bbox 139 767 1687 848">
     <span class='ocr_line' id='line_1_9' title="bbox 139 767 1687 848; baseline 0.005 -26"><span class='ocrx_word' id='word_1_43' title='bbox 139 767 302 832; x_wconf 74' lang='grc' dir='ltr'>υῑέυς</span> <span class='ocrx_word' id='word_1_44' title='bbox 347 771 466 840; x_wconf 80' lang='grc' dir='ltr'>μεθ’</span> <span class='ocrx_word' id='word_1_45' title='bbox 495 774 716 846; x_wconf 81' lang='grc' dir='ltr'>ἀπάσης</span> <span class='ocrx_word' id='word_1_46' title='bbox 756 777 973 830; x_wconf 69' lang='grc' dir='ltr'>ἐκέλευε</span> <span class='ocrx_word' id='word_1_47' title='bbox 1016 777 1234 848; x_wconf 77' lang='grc' dir='ltr'><strong>γνώμης</strong></span> <span class='ocrx_word' id='word_1_48' title='bbox 1282 777 1378 831; x_wconf 74' lang='grc' dir='ltr'>καὶ</span> <span class='ocrx_word' id='word_1_49' title='bbox 1430 780 1687 848; x_wconf 83' lang='grc' dir='ltr'>προαιρέ-</span> 
     </span>
    </p>
   </div>
   <div class='ocr_carea' id='block_1_10' title="bbox 139 861 1686 937">
    <p class='ocr_par' dir='ltr' id='par_1_10' title="bbox 139 861 1686 937">
     <span class='ocr_line' id='line_1_10' title="bbox 139 861 1686 937; baseline 0.005 -23"><span class='ocrx_word' id='word_1_50' title='bbox 139 875 276 922; x_wconf 75' lang='grc' dir='ltr'>σεως</span> <span class='ocrx_word' id='word_1_51' title='bbox 299 861 531 933; x_wconf 44' lang='grc' dir='ltr'>(ὥσπερ</span> <span class='ocrx_word' id='word_1_52' title='bbox 557 865 666 936; x_wconf 75' lang='grc' dir='ltr'>ἄρα</span> <span class='ocrx_word' id='word_1_53' title='bbox 701 869 795 921; x_wconf 73' lang='grc' dir='ltr'><strong>καὶ</strong></span> <span class='ocrx_word' id='word_1_54' title='bbox 826 870 963 937; x_wconf 76' lang='grc' dir='ltr'>πρὸς</span> <span class='ocrx_word' id='word_1_55' title='bbox 985 869 1256 933; x_wconf 79' lang='grc' dir='ltr'>Δίτωλούς</span> <span class='ocrx_word' id='word_1_56' title='bbox 1279 887 1333 921; x_wconf 85' lang='grc' dir='ltr'><strong>τε</strong></span> <span class='ocrx_word' id='word_1_57' title='bbox 1368 871 1461 921; x_wconf 78' lang='grc' dir='ltr'>καὶ</span> <span class='ocrx_word' id='word_1_58' title='bbox 1486 872 1686 922; x_wconf 81' lang='grc' dir='ltr'>Θεττα-</span> 
     </span>
    </p>
   </div>
   <div class='ocr_carea' id='block_1_11' title="bbox 139 951 1690 1029">
    <p class='ocr_par' dir='ltr' id='par_1_11' title="bbox 139 951 1690 1029">
     <span class='ocr_line' id='line_1_11' title="bbox 139 951 1690 1029; baseline 0.008 -28"><span class='ocrx_word' id='word_1_59' title='bbox 139 951 261 1013; x_wconf 80' lang='grc' dir='ltr'>λούς</span> <span class='ocrx_word' id='word_1_60' title='bbox 281 968 342 1004; x_wconf 88' lang='grc' dir='ltr'><strong>τε</strong></span> <span class='ocrx_word' id='word_1_61' title='bbox 359 955 724 1024; x_wconf 67' lang='grc' dir='ltr'>υὺνἎγγελον</span> <span class='ocrx_word' id='word_1_62' title='bbox 743 961 1118 1014; x_wconf 71' lang='grc' dir='ltr'><strong>ἀποστέλλοντι</strong></span> <span class='ocrx_word' id='word_1_63' title='bbox 1135 961 1373 1029; x_wconf 79' lang='grc' dir='ltr'><strong>Ἰωάννη,</strong></span> <span class='ocrx_word' id='word_1_64' title='bbox 1393 960 1521 1013; x_wconf 84' lang='grc' dir='ltr'>ὥσθ’</span> <span class='ocrx_word' id='word_1_65' title='bbox 1539 961 1690 1013; x_wconf 76' lang='grc' dir='ltr'>ἑκόν-</span> 
     </span>
    </p>
   </div>
   <div class='ocr_carea' id='block_1_12' title="bbox 141 1046 1690 1122">
    <p class='ocr_par' dir='ltr' id='par_1_12' title="bbox 141 1046 1690 1122">
     <span class='ocr_line' id='line_1_12' title="bbox 141 1046 1690 1122; baseline 0.003 -23"><span class='ocrx_word' id='word_1_66' title='bbox 141 1060 247 1099; x_wconf 74' lang='grc' dir='ltr'><strong>των</strong></span> <span class='ocrx_word' id='word_1_67' title='bbox 273 1048 467 1118; x_wconf 73' lang='grc' dir='ltr'>ἄρχειν</span> <span class='ocrx_word' id='word_1_68' title='bbox 492 1049 697 1114; x_wconf 83' lang='grc' dir='ltr'>αὐτῶν,</span> <span class='ocrx_word' id='word_1_69' title='bbox 732 1052 806 1112; x_wconf 86' lang='grc' dir='ltr'>ὡς</span> <span class='ocrx_word' id='word_1_70' title='bbox 845 1055 1122 1122; x_wconf 83' lang='grc' dir='ltr'>προῖόντες</span> <span class='ocrx_word' id='word_1_71' title='bbox 1163 1051 1396 1121; x_wconf 75' lang='grc' dir='ltr'><strong>ἐροῦμεν</strong></span> <span class='ocrx_word' id='word_1_72' title='bbox 1422 1046 1690 1104; x_wconf 58' lang='grc' dir='ltr'>πλατύτεὲ</span> 
     </span>
    </p>
   </div>
   <div class='ocr_carea' id='block_1_13' title="bbox 141 1135 1691 1211">
    <p class='ocr_par' dir='ltr' id='par_1_13' title="bbox 141 1135 1691 1211">
     <span class='ocr_line' id='line_1_13' title="bbox 141 1135 1691 1211; baseline 0.003 -23"><span class='ocrx_word' id='word_1_73' title='bbox 141 1151 250 1203; x_wconf 84' lang='grc' dir='ltr'>ρον,</span> <span class='ocrx_word' id='word_1_74' title='bbox 284 1135 561 1208; x_wconf 67' lang='grc' dir='ltr'><strong>⁴προῦργου</strong></span> <span class='ocrx_word' id='word_1_75' title='bbox 590 1139 780 1206; x_wconf 84' lang='grc' dir='ltr'>γέγονε</span> <span class='ocrx_word' id='word_1_76' title='bbox 814 1141 1217 1196; x_wconf 84' lang='grc' dir='ltr'>διακελεύεσθαί</span> <span class='ocrx_word' id='word_1_77' title='bbox 1244 1159 1301 1192; x_wconf 91' lang='grc' dir='ltr'><strong>τε</strong></span> <span class='ocrx_word' id='word_1_78' title='bbox 1337 1143 1431 1193; x_wconf 80' lang='grc' dir='ltr'>καὶ</span> <span class='ocrx_word' id='word_1_79' title='bbox 1477 1159 1691 1211; x_wconf 89' lang='grc' dir='ltr'>παραγ-</span> 
     </span>
    </p>
   </div>
   <div class='ocr_carea' id='block_1_14' title="bbox 139 1225 1693 1303">
    <p class='ocr_par' dir='ltr' id='par_1_14' title="bbox 139 1225 1693 1303">
     <span class='ocr_line' id='line_1_14' title="bbox 139 1225 1693 1303; baseline 0.003 -23"><span class='ocrx_word' id='word_1_80' title='bbox 139 1225 564 1293; x_wconf 64' lang='grc' dir='ltr'>γέλλειντούτου</span> <span class='ocrx_word' id='word_1_81' title='bbox 605 1248 667 1297; x_wconf 86' lang='grc' dir='ltr'><strong>γε</strong></span> <span class='ocrx_word' id='word_1_82' title='bbox 705 1232 887 1284; x_wconf 82' lang='grc' dir='ltr'>εἵνεκα</span> <span class='ocrx_word' id='word_1_83' title='bbox 924 1233 1160 1303; x_wconf 84' lang='grc' dir='ltr'>μάλιστα</span> <span class='ocrx_word' id='word_1_84' title='bbox 1199 1235 1438 1297; x_wconf 86' lang='grc' dir='ltr'>πάντων,</span> <span class='ocrx_word' id='word_1_85' title='bbox 1495 1235 1586 1284; x_wconf 74' lang='grc' dir='ltr'>καὶ</span> <span class='ocrx_word' id='word_1_86' title='bbox 1617 1233 1693 1303; x_wconf 81' lang='grc' dir='ltr'>μὴ</span> 
     </span>
    </p>
   </div>
   <div class='ocr_carea' id='block_1_15' title="bbox 143 1319 1693 1395">
    <p class='ocr_par' dir='ltr' id='par_1_15' title="bbox 143 1319 1693 1395">
     <span class='ocr_line' id='line_1_15' title="bbox 143 1319 1693 1395; baseline 0.005 -26"><span class='ocrx_word' id='word_1_87' title='bbox 143 1319 412 1388; x_wconf 87' lang='grc' dir='ltr'>πρότερον</span> <span class='ocrx_word' id='word_1_88' title='bbox 470 1321 761 1390; x_wconf 83' lang='grc' dir='ltr'>μεθιέναι,</span> <span class='ocrx_word' id='word_1_89' title='bbox 814 1325 942 1393; x_wconf 78' lang='grc' dir='ltr'>πρὶν</span> <span class='ocrx_word' id='word_1_90' title='bbox 995 1325 1155 1377; x_wconf 78' lang='grc' dir='ltr'>αὐτὸν</span> <span class='ocrx_word' id='word_1_91' title='bbox 1215 1325 1568 1395; x_wconf 59' lang='grc' dir='ltr'>τελεσιοιρργά</span> <span class='ocrx_word' id='word_1_92' title='bbox 1626 1325 1693 1376; x_wconf 82' lang='grc' dir='ltr'>τὰ</span> 
     </span>
    </p>
   </div>
   <div class='ocr_carea' id='block_1_16' title="bbox 139 1411 1690 1487">
    <p class='ocr_par' dir='ltr' id='par_1_16' title="bbox 139 1411 1690 1487">
     <span class='ocr_line' id='line_1_16' title="bbox 139 1411 1690 1487; baseline 0.002 -25"><span class='ocrx_word' id='word_1_93' title='bbox 139 1411 318 1463; x_wconf 79' lang='grc' dir='ltr'>τοιάδε</span> <span class='ocrx_word' id='word_1_94' title='bbox 347 1413 456 1482; x_wconf 79' lang='grc' dir='ltr'><strong>πρὸ</strong></span> <span class='ocrx_word' id='word_1_95' title='bbox 487 1414 690 1477; x_wconf 74' lang='grc' dir='ltr'>παντὸς</span> <span class='ocrx_word' id='word_1_96' title='bbox 729 1415 1166 1484; x_wconf 73' lang='grc' dir='ltr'>ἐπαγγείλασθαι</span> <span class='ocrx_word' id='word_1_97' title='bbox 1198 1417 1330 1487; x_wconf 80' lang='grc' dir='ltr'>δρᾷν</span> <span class='ocrx_word' id='word_1_98' title='bbox 1372 1413 1690 1486; x_wconf 80' lang='grc' dir='ltr'>παραγγέλ-</span> 
     </span>
    </p>
   </div>
   <div class='ocr_carea' id='block_1_17' title="bbox 144 1503 1693 1577">
    <p class='ocr_par' dir='ltr' id='par_1_17' title="bbox 144 1503 1693 1577">
     <span class='ocr_line' id='line_1_17' title="bbox 144 1503 1693 1577; baseline 0.003 -23"><span class='ocrx_word' id='word_1_99' title='bbox 144 1519 316 1570; x_wconf 83' lang='grc' dir='ltr'>ματα.</span> <span class='ocrx_word' id='word_1_100' title='bbox 346 1503 574 1558; x_wconf 72' lang='grc' dir='ltr'>Ἰεἰῐσεται</span> <span class='ocrx_word' id='word_1_101' title='bbox 605 1506 662 1559; x_wconf 79' lang='grc' dir='ltr'>δὲ</span> <span class='ocrx_word' id='word_1_102' title='bbox 706 1507 921 1570; x_wconf 71' lang='grc' dir='ltr'>πάντως</span> <span class='ocrx_word' id='word_1_103' title='bbox 953 1511 1009 1572; x_wconf 81' lang='grc' dir='ltr'><strong>ές</strong></span> <span class='ocrx_word' id='word_1_104' title='bbox 1042 1511 1100 1562; x_wconf 68' lang='grc' dir='ltr'>τὸ</span> <span class='ocrx_word' id='word_1_105' title='bbox 1140 1507 1389 1577; x_wconf 74' lang='grc' dir='ltr'>ἀκριϐὲς,</span> <span class='ocrx_word' id='word_1_106' title='bbox 1417 1509 1475 1570; x_wconf 83' lang='grc' dir='ltr'><strong>δς</strong></span> <span class='ocrx_word' id='word_1_107' title='bbox 1508 1509 1572 1561; x_wconf 82' lang='grc' dir='ltr'>ἂν</span> <span class='ocrx_word' id='word_1_108' title='bbox 1609 1511 1693 1558; x_wconf 78' lang='grc' dir='ltr'><strong>ἐν-</strong></span> 
     </span>
    </p>
   </div>
   <div class='ocr_carea' id='block_1_18' title="bbox 139 1592 1691 1668">
    <p class='ocr_par' dir='ltr' id='par_1_18' title="bbox 139 1592 1691 1668">
     <span class='ocr_line' id='line_1_18' title="bbox 139 1592 1691 1668; baseline 0.004 -24"><span class='ocrx_word' id='word_1_109' title='bbox 139 1592 273 1664; x_wconf 76' lang='grc' dir='ltr'>τύχῃ</span> <span class='ocrx_word' id='word_1_110' title='bbox 306 1596 549 1667; x_wconf 79' lang='grc' dir='ltr'><strong>ζητήσας</strong></span> <span class='ocrx_word' id='word_1_111' title='bbox 570 1598 650 1668; x_wconf 86' lang='grc' dir='ltr'>τῷ</span> <span class='ocrx_word' id='word_1_112' title='bbox 676 1602 813 1668; x_wconf 69' lang='grc' dir='ltr'>πρὶς</span> <span class='ocrx_word' id='word_1_113' title='bbox 844 1601 1008 1652; x_wconf 81' lang='grc' dir='ltr'>αὑτὸν</span> <span class='ocrx_word' id='word_1_114' title='bbox 1033 1600 1399 1668; x_wconf 79' lang='grc' dir='ltr'>θεσπίσματι,</span> <span class='ocrx_word' id='word_1_115' title='bbox 1432 1599 1603 1652; x_wconf 77' lang='grc' dir='ltr'>ταῦτά</span> <span class='ocrx_word' id='word_1_116' title='bbox 1632 1616 1691 1651; x_wconf 89' lang='grc' dir='ltr'><strong>τε</strong></span> 
     </span>
    </p>
   </div>
   <div class='ocr_carea' id='block_1_19' title="bbox 1793 600 3385 675">
    <p class='ocr_par' dir='ltr' id='par_1_19' title="bbox 1793 600 3385 675">
     <span class='ocr_line' id='line_1_19' title="bbox 1793 600 3385 675; baseline 0.006 -22"><span class='ocrx_word' id='word_1_117' title='bbox 1793 600 1906 654; x_wconf 92' lang='lat' dir='ltr'><strong>illic</strong></span> <span class='ocrx_word' id='word_1_118' title='bbox 1931 601 2097 655; x_wconf 65' lang='lat' dir='ltr'><strong>Anum</strong></span> <span class='ocrx_word' id='word_1_119' title='bbox 2131 603 2464 671; x_wconf 90' lang='lat' dir='ltr'><strong>imperaticis</strong></span> <span class='ocrx_word' id='word_1_120' title='bbox 2508 613 2565 660; x_wconf 91' lang='lat' dir='ltr'><strong>et</strong></span> <span class='ocrx_word' id='word_1_121' title='bbox 2591 605 2684 658; x_wconf 84' lang='lat' dir='ltr'><strong>lilii</strong></span> <span class='ocrx_word' id='word_1_122' title='bbox 2737 607 2857 675; x_wconf 80' lang='lat' dir='ltr'><strong>ejus</strong></span> <span class='ocrx_word' id='word_1_123' title='bbox 2909 622 3105 661; x_wconf 80' lang='lat' dir='ltr'><strong>nomen</strong></span> <span class='ocrx_word' id='word_1_124' title='bbox 3141 609 3337 675; x_wconf 66' lang='lat' dir='ltr'><strong>praire</strong></span> <span class='ocrx_word' id='word_1_125' title='bbox 3384 624 3385 638; x_wconf 53' lang='grc' dir='ltr'><strong>π</strong></span> 
     </span>
    </p>
   </div>
   <div class='ocr_carea' id='block_1_20' title="bbox 1793 693 3340 770">
    <p class='ocr_par' dir='ltr' id='par_1_20' title="bbox 1793 693 3340 770">
     <span class='ocr_line' id='line_1_20' title="bbox 1793 693 3340 770; baseline 0.005 -27"><span class='ocrx_word' id='word_1_126' title='bbox 1793 693 1942 770; x_wconf 88' lang='lat' dir='ltr'><strong>omni</strong></span> <span class='ocrx_word' id='word_1_127' title='bbox 1975 693 2159 746; x_wconf 88' lang='lat' dir='ltr'><strong>studio</strong></span> <span class='ocrx_word' id='word_1_128' title='bbox 2186 708 2251 747; x_wconf 90' lang='lat' dir='ltr'><strong>ac</strong></span> <span class='ocrx_word' id='word_1_129' title='bbox 2303 694 2582 750; x_wconf 85' lang='lat' dir='ltr'><strong>voluntate</strong></span> <span class='ocrx_word' id='word_1_130' title='bbox 2613 695 2857 763; x_wconf 76' lang='lat' dir='ltr'><strong>iubebat.</strong></span> <span class='ocrx_word' id='word_1_131' title='bbox 2914 697 3006 750; x_wconf 89' lang='lat' dir='ltr'><strong>Sic</strong></span> <span class='ocrx_word' id='word_1_132' title='bbox 3042 698 3105 749; x_wconf 85' lang='lat' dir='ltr'><strong>ad</strong></span> <span class='ocrx_word' id='word_1_133' title='bbox 3132 695 3340 750; x_wconf 62' lang='lat' dir='ltr'><strong>Etulos</strong></span> 
     </span>
    </p>
   </div>
   <div class='ocr_carea' id='block_1_21' title="bbox 1796 781 3342 856">
    <p class='ocr_par' dir='ltr' id='par_1_21' title="bbox 1796 781 3342 856">
     <span class='ocr_line' id='line_1_21' title="bbox 1796 781 3342 856; baseline 0.004 -21"><span class='ocrx_word' id='word_1_134' title='bbox 1796 781 2190 852; x_wconf 83' lang='lat' dir='ltr'><strong>Thessalosque</strong></span> <span class='ocrx_word' id='word_1_135' title='bbox 2213 785 2473 840; x_wconf 82' lang='lat' dir='ltr'><strong>Joannem</strong></span> <span class='ocrx_word' id='word_1_136' title='bbox 2501 787 2764 856; x_wconf 80' lang='lat' dir='ltr'><strong>Angelum</strong></span> <span class='ocrx_word' id='word_1_137' title='bbox 2795 803 2917 842; x_wconf 89' lang='lat' dir='ltr'><strong>cum</strong></span> <span class='ocrx_word' id='word_1_138' title='bbox 2944 790 3202 852; x_wconf 81' lang='lat' dir='ltr'><strong>mitteret,</strong></span> <span class='ocrx_word' id='word_1_139' title='bbox 3234 789 3342 841; x_wconf 78' lang='lat' dir='ltr'><strong>illis</strong></span> 
     </span>
    </p>
   </div>
   <div class='ocr_carea' id='block_1_22' title="bbox 1792 871 3418 944">
    <p class='ocr_par' dir='ltr' id='par_1_22' title="bbox 1792 871 3418 944">
     <span class='ocr_line' id='line_1_22' title="bbox 1792 871 3418 944; baseline 0.001 -22"><span class='ocrx_word' id='word_1_140' title='bbox 1792 871 2105 927; x_wconf 87' lang='lat' dir='ltr'><strong>volentibus</strong></span> <span class='ocrx_word' id='word_1_141' title='bbox 2134 873 2523 941; x_wconf 74' lang='lat' dir='ltr'><strong>pmfuturum;</strong></span> <span class='ocrx_word' id='word_1_142' title='bbox 2579 875 3036 944; x_wconf 81' lang='lat' dir='ltr'><strong>quemadmodum</strong></span> <span class='ocrx_word' id='word_1_143' title='bbox 3087 875 3225 927; x_wconf 85' lang='lat' dir='ltr'><strong>infra</strong></span> <span class='ocrx_word' id='word_1_144' title='bbox 3259 873 3342 924; x_wconf 58' lang='lat' dir='ltr'><strong>di!I</strong></span> <span class='ocrx_word' id='word_1_145' title='bbox 3416 908 3418 910; x_wconf 90' lang='lat'><strong><em>-</em></strong></span> 
     </span>
    </p>
   </div>
   <div class='ocr_carea' id='block_1_23' title="bbox 1793 957 3342 1032">
    <p class='ocr_par' dir='ltr' id='par_1_23' title="bbox 1793 957 3342 1032">
     <span class='ocr_line' id='line_1_23' title="bbox 1793 957 3342 1032; baseline 0.001 -18"><span class='ocrx_word' id='word_1_146' title='bbox 1793 973 1980 1014; x_wconf 78' lang='lat' dir='ltr'><strong>contus</strong></span> <span class='ocrx_word' id='word_1_147' title='bbox 2012 962 2185 1016; x_wconf 82' lang='lat' dir='ltr'><strong>fusius</strong></span> <span class='ocrx_word' id='word_1_148' title='bbox 2212 980 2226 1026; x_wconf 93' lang='lat'>;</span> <span class='ocrx_word' id='word_1_149' title='bbox 2258 964 2333 1015; x_wconf 91' lang='lat' dir='ltr'><strong>nil</strong></span> <span class='ocrx_word' id='word_1_150' title='bbox 2366 965 2413 1017; x_wconf 89' lang='lat' dir='ltr'><strong>ei</strong></span> <span class='ocrx_word' id='word_1_151' title='bbox 2448 964 2550 1016; x_wconf 78' lang='lat' dir='ltr'><strong>fuit</strong></span> <span class='ocrx_word' id='word_1_152' title='bbox 2587 965 2790 1032; x_wconf 87' lang='lat' dir='ltr'><strong>potius,</strong></span> <span class='ocrx_word' id='word_1_153' title='bbox 2819 979 2979 1030; x_wconf 69' lang='lat' dir='ltr'><strong>quam</strong></span> <span class='ocrx_word' id='word_1_154' title='bbox 3019 957 3080 1015; x_wconf 76' lang='lat' dir='ltr'><strong>u&#39;t</strong></span> <span class='ocrx_word' id='word_1_155' title='bbox 3126 963 3342 1030; x_wconf 79' lang='lat' dir='ltr'><strong>juberet</strong></span> 
     </span>
    </p>
   </div>
   <div class='ocr_carea' id='block_1_24' title="bbox 1793 1053 3343 1132">
    <p class='ocr_par' dir='ltr' id='par_1_24' title="bbox 1793 1053 3343 1132">
     <span class='ocr_line' id='line_1_24' title="bbox 1793 1053 3343 1132; baseline -0.001 -27"><span class='ocrx_word' id='word_1_156' title='bbox 1793 1053 2222 1122; x_wconf 74' lang='lat' dir='ltr'><strong>praeciperetque</strong></span> <span class='ocrx_word' id='word_1_157' title='bbox 2255 1055 2386 1107; x_wconf 87' lang='lat' dir='ltr'><strong>illud</strong></span> <span class='ocrx_word' id='word_1_158' title='bbox 2421 1055 2654 1132; x_wconf 80' lang='lat' dir='ltr'><strong>maxime</strong></span> <span class='ocrx_word' id='word_1_159' title='bbox 2681 1072 2695 1108; x_wconf 87' lang='lat'><strong>:</strong></span> <span class='ocrx_word' id='word_1_160' title='bbox 2728 1069 2827 1107; x_wconf 90' lang='lat' dir='ltr'><strong>nec</strong></span> <span class='ocrx_word' id='word_1_161' title='bbox 2851 1055 3003 1123; x_wconf 86' lang='lat' dir='ltr'><strong>prius</strong></span> <span class='ocrx_word' id='word_1_162' title='bbox 3031 1067 3155 1106; x_wconf 87' lang='lat' dir='ltr'><strong>eum</strong></span> <span class='ocrx_word' id='word_1_163' title='bbox 3179 1053 3343 1105; x_wconf 89' lang='lat' dir='ltr'><strong>dimi-</strong></span> 
     </span>
    </p>
   </div>
   <div class='ocr_carea' id='block_1_25' title="bbox 1794 1144 3343 1214">
    <p class='ocr_par' dir='ltr' id='par_1_25' title="bbox 1794 1144 3343 1214">
     <span class='ocr_line' id='line_1_25' title="bbox 1794 1144 3343 1214; baseline -0.003 -17"><span class='ocrx_word' id='word_1_164' title='bbox 1794 1144 1886 1207; x_wconf 92' lang='lat' dir='ltr'><strong>sit,</strong></span> <span class='ocrx_word' id='word_1_165' title='bbox 1915 1158 2078 1211; x_wconf 88' lang='lat' dir='ltr'><strong>quam</strong></span> <span class='ocrx_word' id='word_1_166' title='bbox 2111 1145 2202 1197; x_wconf 93' lang='lat' dir='ltr'><strong>ille</strong></span> <span class='ocrx_word' id='word_1_167' title='bbox 2231 1145 2498 1214; x_wconf 81' lang='lat' dir='ltr'><strong>ejusmodi</strong></span> <span class='ocrx_word' id='word_1_168' title='bbox 2541 1144 2792 1197; x_wconf 89' lang='lat' dir='ltr'><strong>mandata</strong></span> <span class='ocrx_word' id='word_1_169' title='bbox 2822 1159 2879 1197; x_wconf 87' lang='lat' dir='ltr'><strong>re</strong></span> <span class='ocrx_word' id='word_1_170' title='bbox 2908 1144 3020 1210; x_wconf 91' lang='lat' dir='ltr'><strong>ipsa</strong></span> <span class='ocrx_word' id='word_1_171' title='bbox 3051 1150 3343 1196; x_wconf 82' lang='lat' dir='ltr'><strong>exsecutu-</strong></span> 
     </span>
    </p>
   </div>
   <div class='ocr_carea' id='block_1_26' title="bbox 1794 1234 3346 1303">
    <p class='ocr_par' dir='ltr' id='par_1_26' title="bbox 1794 1234 3346 1303">
     <span class='ocr_line' id='line_1_26' title="bbox 1794 1234 3346 1303; baseline 0 -17"><span class='ocrx_word' id='word_1_172' title='bbox 1794 1247 1914 1286; x_wconf 91' lang='lat' dir='ltr'><strong>rum</strong></span> <span class='ocrx_word' id='word_1_173' title='bbox 1942 1249 2000 1288; x_wconf 88' lang='lat' dir='ltr'><strong>se</strong></span> <span class='ocrx_word' id='word_1_174' title='bbox 2023 1245 2149 1294; x_wconf 84' lang='lat' dir='ltr'><strong>ante</strong></span> <span class='ocrx_word' id='word_1_175' title='bbox 2178 1237 2361 1290; x_wconf 80' lang='lat' dir='ltr'><strong>ninuia</strong></span> <span class='ocrx_word' id='word_1_176' title='bbox 2398 1236 2757 1303; x_wconf 82' lang='lat' dir='ltr'><strong>promisisset.</strong></span> <span class='ocrx_word' id='word_1_177' title='bbox 2795 1235 2968 1303; x_wconf 82' lang='lat' dir='ltr'><strong>Atque</strong></span> <span class='ocrx_word' id='word_1_178' title='bbox 3027 1234 3139 1286; x_wconf 71' lang='lat' dir='ltr'><strong>haec</strong></span> <span class='ocrx_word' id='word_1_179' title='bbox 3168 1234 3346 1302; x_wconf 88' lang='lat' dir='ltr'><strong>quivis</strong></span> 
     </span>
    </p>
   </div>
   <div class='ocr_carea' id='block_1_27' title="bbox 1796 1326 3342 1397">
    <p class='ocr_par' dir='ltr' id='par_1_27' title="bbox 1796 1326 3342 1397">
     <span class='ocr_line' id='line_1_27' title="bbox 1796 1326 3342 1397; baseline -0.004 -17"><span class='ocrx_word' id='word_1_180' title='bbox 1796 1326 2228 1397; x_wconf 81' lang='lat' dir='ltr'><strong>exploratissime</strong></span> <span class='ocrx_word' id='word_1_181' title='bbox 2257 1327 2539 1394; x_wconf 84' lang='lat' dir='ltr'><strong>percipiet,</strong></span> <span class='ocrx_word' id='word_1_182' title='bbox 2562 1327 2884 1393; x_wconf 84' lang='lat' dir='ltr'><strong>rescriptum</strong></span> <span class='ocrx_word' id='word_1_183' title='bbox 2918 1327 3092 1394; x_wconf 90' lang='lat' dir='ltr'><strong>ipsum</strong></span> <span class='ocrx_word' id='word_1_184' title='bbox 3120 1335 3342 1378; x_wconf 88' lang='lat' dir='ltr'><strong>nactus:</strong></span> 
     </span>
    </p>
   </div>
   <div class='ocr_carea' id='block_1_28' title="bbox 1796 1415 3332 1487">
    <p class='ocr_par' dir='ltr' id='par_1_28' title="bbox 1796 1415 3332 1487">
     <span class='ocr_line' id='line_1_28' title="bbox 1796 1415 3332 1487; baseline -0.003 -17"><span class='ocrx_word' id='word_1_185' title='bbox 1796 1432 1972 1487; x_wconf 88' lang='lat' dir='ltr'><strong>neque</strong></span> <span class='ocrx_word' id='word_1_186' title='bbox 2007 1417 2121 1471; x_wconf 66' lang='lat' dir='ltr'><strong>haec</strong></span> <span class='ocrx_word' id='word_1_187' title='bbox 2154 1419 2350 1477; x_wconf 82' lang='lat' dir='ltr'><strong>solum.</strong></span> <span class='ocrx_word' id='word_1_188' title='bbox 2385 1418 2477 1471; x_wconf 88' lang='lat' dir='ltr'><strong>sed</strong></span> <span class='ocrx_word' id='word_1_189' title='bbox 2507 1427 2562 1471; x_wconf 90' lang='lat' dir='ltr'><strong>et</strong></span> <span class='ocrx_word' id='word_1_190' title='bbox 2589 1431 2924 1485; x_wconf 70' lang='lat' dir='ltr'><strong>quazcunqne</strong></span> <span class='ocrx_word' id='word_1_191' title='bbox 2950 1415 3162 1486; x_wconf 79' lang='lat' dir='ltr'><strong>aliahis</strong></span> <span class='ocrx_word' id='word_1_192' title='bbox 3189 1415 3332 1467; x_wconf 82' lang='lat' dir='ltr'><strong>simi-</strong></span> 
     </span>
    </p>
   </div>
   <div class='ocr_carea' id='block_1_29' title="bbox 1798 1504 3348 1574">
    <p class='ocr_par' dir='ltr' id='par_1_29' title="bbox 1798 1504 3348 1574">
     <span class='ocr_line' id='line_1_29' title="bbox 1798 1504 3348 1574; baseline -0.002 -17"><span class='ocrx_word' id='word_1_193' title='bbox 1798 1506 1867 1558; x_wconf 91' lang='lat' dir='ltr'><strong>lia</strong></span> <span class='ocrx_word' id='word_1_194' title='bbox 1899 1505 2068 1568; x_wconf 84' lang='lat' dir='ltr'><strong>addit,</strong></span> <span class='ocrx_word' id='word_1_195' title='bbox 2088 1505 2282 1574; x_wconf 74' lang='lat' dir='ltr'><strong>iubens</strong></span> <span class='ocrx_word' id='word_1_196' title='bbox 2313 1520 2460 1569; x_wconf 89' lang='lat' dir='ltr'><strong>eum,</strong></span> <span class='ocrx_word' id='word_1_197' title='bbox 2489 1506 2732 1573; x_wconf 86' lang='lat' dir='ltr'><strong>quandiu</strong></span> <span class='ocrx_word' id='word_1_198' title='bbox 2767 1505 3010 1558; x_wconf 90' lang='lat' dir='ltr'><strong>victurus</strong></span> <span class='ocrx_word' id='word_1_199' title='bbox 3031 1504 3118 1564; x_wconf 88' lang='lat' dir='ltr'><strong>sit,</strong></span> <span class='ocrx_word' id='word_1_200' title='bbox 3155 1504 3348 1556; x_wconf 80' lang='lat' dir='ltr'><strong>Roma-</strong></span> 
     </span>
    </p>
   </div>
   <div class='ocr_carea' id='block_1_30' title="bbox 1799 1586 3342 1664">
    <p class='ocr_par' dir='ltr' id='par_1_30' title="bbox 1799 1586 3342 1664">
     <span class='ocr_line' id='line_1_30' title="bbox 1799 1586 3342 1664; baseline -0.002 -16"><span class='ocrx_word' id='word_1_201' title='bbox 1799 1611 1931 1649; x_wconf 90' lang='lat' dir='ltr'><strong>num</strong></span> <span class='ocrx_word' id='word_1_202' title='bbox 1967 1586 2252 1664; x_wconf 68' lang='lat' dir='ltr'><strong>imperium</strong></span> <span class='ocrx_word' id='word_1_203' title='bbox 2285 1596 2433 1648; x_wconf 90' lang='lat' dir='ltr'><strong>omni</strong></span> <span class='ocrx_word' id='word_1_204' title='bbox 2464 1596 2670 1649; x_wconf 88' lang='lat' dir='ltr'><strong>honore</strong></span> <span class='ocrx_word' id='word_1_205' title='bbox 2699 1605 2752 1648; x_wconf 89' lang='lat' dir='ltr'><strong>et</strong></span> <span class='ocrx_word' id='word_1_206' title='bbox 2779 1595 3094 1654; x_wconf 84' lang='lat' dir='ltr'><strong>reverentia</strong></span> <span class='ocrx_word' id='word_1_207' title='bbox 3141 1595 3342 1664; x_wconf 48' lang='lat' dir='ltr'><strong>colere.</strong></span> 
     </span>
    </p>
   </div>
   <div class='ocr_carea' id='block_1_31' title="bbox 141 1669 3348 1764">
    <p class='ocr_par' dir='ltr' id='par_1_31' title="bbox 141 1669 3348 1764">
     <span class='ocr_line' id='line_1_31' title="bbox 141 1669 3348 1764; baseline 0 -26"><span class='ocrx_word' id='word_1_208' title='bbox 141 1677 232 1740; x_wconf 69' lang='grc' dir='ltr'>καὶ</span> <span class='ocrx_word' id='word_1_209' title='bbox 281 1689 382 1762; x_wconf 77' lang='grc' dir='ltr'><strong>δσα</strong></span> <span class='ocrx_word' id='word_1_210' title='bbox 437 1689 644 1755; x_wconf 79' lang='grc' dir='ltr'><strong>τούτοις</strong></span> <span class='ocrx_word' id='word_1_211' title='bbox 698 1693 1055 1761; x_wconf 80' lang='grc' dir='ltr'>προστίθησιν</span> <span class='ocrx_word' id='word_1_212' title='bbox 1090 1693 1273 1760; x_wconf 84' lang='grc' dir='ltr'>ὃμοια,</span> <span class='ocrx_word' id='word_1_213' title='bbox 1333 1689 1398 1761; x_wconf 76' lang='grc' dir='ltr'>τῇ</span> <span class='ocrx_word' id='word_1_214' title='bbox 1442 1685 2025 1764; x_wconf 31' lang='grc' dir='ltr'>βασιλείᾳ-Ῥωμαίων</span> <span class='ocrx_word' id='word_1_215' title='bbox 2087 1669 2500 1752; x_wconf 56' lang='grc' dir='ltr'>πᾶσανένέμειν</span> <span class='ocrx_word' id='word_1_216' title='bbox 2534 1682 2672 1762; x_wconf 80' lang='grc' dir='ltr'>αίδῶ</span> <span class='ocrx_word' id='word_1_217' title='bbox 2760 1688 2855 1739; x_wconf 66' lang='grc' dir='ltr'><strong>καὶ</strong></span> <span class='ocrx_word' id='word_1_218' title='bbox 2912 1686 3199 1739; x_wconf 78' lang='grc' dir='ltr'>εὐλάύειαν</span> <span class='ocrx_word' id='word_1_219' title='bbox 3262 1687 3348 1738; x_wconf 70' lang='grc' dir='ltr'>διὰ</span> 
     </span>
    </p>
   </div>
   <div class='ocr_carea' id='block_1_32' title="bbox 140 1777 548 1846">
    <p class='ocr_par' dir='ltr' id='par_1_32' title="bbox 140 1777 548 1846">
     <span class='ocr_line' id='line_1_32' title="bbox 140 1777 548 1846; baseline 0.017 -17"><span class='ocrx_word' id='word_1_220' title='bbox 140 1777 256 1846; x_wconf 77' lang='grc' dir='ltr'>βίου</span> <span class='ocrx_word' id='word_1_221' title='bbox 286 1780 548 1836; x_wconf 84' lang='grc' dir='ltr'>κελεύων.</span> 
     </span>
    </p>
   </div>
   <div class='ocr_carea' id='block_1_33' title="bbox 205 1865 1695 1945">
    <p class='ocr_par' dir='ltr' id='par_1_33' title="bbox 205 1871 1695 1945">
     <span class='ocr_line' id='line_1_33' title="bbox 205 1871 1695 1945; baseline 0.003 -22"><span class='ocrx_word' id='word_1_222' title='bbox 205 1871 281 1924; x_wconf 82' lang='lat' dir='ltr'><strong>Z&#39;.</strong></span> <span class='ocrx_word' id='word_1_223' title='bbox 319 1871 482 1924; x_wconf 72' lang='grc' dir='ltr'>τοῦθ’</span> <span class='ocrx_word' id='word_1_224' title='bbox 509 1875 693 1928; x_wconf 76' lang='grc' dir='ltr'>ίκανδν</span> <span class='ocrx_word' id='word_1_225' title='bbox 738 1876 913 1944; x_wconf 77' lang='grc' dir='ltr'>ἔγωγε</span> <span class='ocrx_word' id='word_1_226' title='bbox 947 1875 1110 1945; x_wconf 90' lang='grc' dir='ltr'>μόνον</span> <span class='ocrx_word' id='word_1_227' title='bbox 1141 1876 1236 1928; x_wconf 76' lang='grc' dir='ltr'>καὶ</span> <span class='ocrx_word' id='word_1_228' title='bbox 1275 1875 1530 1944; x_wconf 78' lang='grc' dir='ltr'>ἀποχρῶν</span> <span class='ocrx_word' id='word_1_229' title='bbox 1555 1875 1695 1944; x_wconf 74' lang='grc' dir='ltr'>ἥγη-</span> 
     </span>
    </p>
   </div>
   <div class='ocr_carea' id='block_1_34' title="bbox 1799 1865 3348 1945">
    <p class='ocr_par' dir='ltr' id='par_1_34' title="bbox 1866 1865 3348 1935">
     <span class='ocr_line' id='line_1_34' title="bbox 1866 1865 3348 1935; baseline -0.002 -13"><span class='ocrx_word' id='word_1_230' title='bbox 1866 1867 1980 1923; x_wconf 83' lang='lat' dir='ltr'><strong>Vll.</strong></span> <span class='ocrx_word' id='word_1_231' title='bbox 2010 1865 2191 1921; x_wconf 88' lang='lat' dir='ltr'><strong>Unum</strong></span> <span class='ocrx_word' id='word_1_232' title='bbox 2215 1879 2316 1935; x_wconf 78' lang='lat' dir='ltr'><strong>ego</strong></span> <span class='ocrx_word' id='word_1_233' title='bbox 2347 1865 2478 1919; x_wconf 80' lang='lat' dir='ltr'><strong>illud</strong></span> <span class='ocrx_word' id='word_1_234' title='bbox 2510 1875 2640 1934; x_wconf 89' lang='lat' dir='ltr'><strong>puto</strong></span> <span class='ocrx_word' id='word_1_235' title='bbox 2664 1865 2910 1918; x_wconf 85' lang='lat' dir='ltr'><strong>suilicere</strong></span> <span class='ocrx_word' id='word_1_236' title='bbox 2940 1879 3004 1918; x_wconf 90' lang='lat' dir='ltr'><strong>ac</strong></span> <span class='ocrx_word' id='word_1_237' title='bbox 3057 1867 3190 1920; x_wconf 84' lang='lat' dir='ltr'><strong>satis</strong></span> <span class='ocrx_word' id='word_1_238' title='bbox 3228 1881 3348 1921; x_wconf 88' lang='lat' dir='ltr'><strong>esse</strong></span> 
     </span>
    </p>
   </div>
   <div class='ocr_carea' id='block_1_35' title="bbox 144 1966 1688 2039">
    <p class='ocr_par' dir='ltr' id='par_1_35' title="bbox 144 1966 1688 2039">
     <span class='ocr_line' id='line_1_35' title="bbox 144 1966 1688 2039; baseline 0.001 -23"><span class='ocrx_word' id='word_1_239' title='bbox 144 1980 259 2032; x_wconf 85' lang='grc' dir='ltr'>μαι,</span> <span class='ocrx_word' id='word_1_240' title='bbox 290 1966 402 2017; x_wconf 79' lang='grc' dir='ltr'><strong>τῶν</strong></span> <span class='ocrx_word' id='word_1_241' title='bbox 445 1966 621 2020; x_wconf 75' lang='grc' dir='ltr'>ἄλλων</span> <span class='ocrx_word' id='word_1_242' title='bbox 650 1971 820 2021; x_wconf 77' lang='grc' dir='ltr'>ὁπόσα</span> <span class='ocrx_word' id='word_1_243' title='bbox 855 1968 954 2039; x_wconf 77' lang='grc' dir='ltr'>τὴν</span> <span class='ocrx_word' id='word_1_244' title='bbox 985 1969 1177 2038; x_wconf 80' lang='grc' dir='ltr'>ὁμοίαν</span> <span class='ocrx_word' id='word_1_245' title='bbox 1217 1967 1309 2019; x_wconf 82' lang='grc' dir='ltr'>τοῦ</span> <span class='ocrx_word' id='word_1_246' title='bbox 1340 1967 1500 2038; x_wconf 72' lang='grc' dir='ltr'>ἧθους</span> <span class='ocrx_word' id='word_1_247' title='bbox 1536 1967 1688 2033; x_wconf 79' lang='grc' dir='ltr'>εὐγέ-</span> 
     </span>
    </p>
   </div>
   <div class='ocr_carea' id='block_1_36' title="bbox 141 2053 1687 2128">
    <p class='ocr_par' dir='ltr' id='par_1_36' title="bbox 141 2053 1687 2128">
     <span class='ocr_line' id='line_1_36' title="bbox 141 2053 1687 2128; baseline 0.001 -19"><span class='ocrx_word' id='word_1_248' title='bbox 141 2072 288 2109; x_wconf 73' lang='grc' dir='ltr'>νειαν</span> <span class='ocrx_word' id='word_1_249' title='bbox 321 2057 436 2126; x_wconf 75' lang='grc' dir='ltr'>εχει</span> <span class='ocrx_word' id='word_1_250' title='bbox 469 2059 894 2128; x_wconf 68' lang='grc' dir='ltr'><strong>Δσιωπωμένων,</strong></span> <span class='ocrx_word' id='word_1_251' title='bbox 910 2058 1154 2121; x_wconf 72' lang='grc' dir='ltr'>ἅπαντας</span> <span class='ocrx_word' id='word_1_252' title='bbox 1199 2058 1426 2117; x_wconf 83' lang='grc' dir='ltr'>πείθειν.</span> <span class='ocrx_word' id='word_1_253' title='bbox 1473 2053 1553 2120; x_wconf 75' lang='grc' dir='ltr'>οἷς</span> <span class='ocrx_word' id='word_1_254' title='bbox 1595 2057 1687 2117; x_wconf 78' lang='grc' dir='ltr'>νοῦ</span> 
     </span>
    </p>
   </div>
   <div class='ocr_carea' id='block_1_37' title="bbox 141 2145 1689 2218">
    <p class='ocr_par' dir='ltr' id='par_1_37' title="bbox 141 2145 1689 2218">
     <span class='ocr_line' id='line_1_37' title="bbox 141 2145 1689 2218; baseline 0.001 -20"><span class='ocrx_word' id='word_1_255' title='bbox 141 2145 235 2198; x_wconf 73' lang='grc' dir='ltr'>καὶ</span> <span class='ocrx_word' id='word_1_256' title='bbox 264 2148 583 2217; x_wconf 83' lang='grc' dir='ltr'>φρονήσεως</span> <span class='ocrx_word' id='word_1_257' title='bbox 620 2150 872 2217; x_wconf 77' lang='grc' dir='ltr'>μέτεστιν</span> <span class='ocrx_word' id='word_1_258' title='bbox 897 2148 1160 2211; x_wconf 80' lang='grc' dir='ltr'>ὁπωσοῦν,</span> <span class='ocrx_word' id='word_1_259' title='bbox 1196 2147 1442 2218; x_wconf 68' lang='grc' dir='ltr'>θειοτέρα</span> <span class='ocrx_word' id='word_1_260' title='bbox 1464 2148 1689 2217; x_wconf 78' lang='grc' dir='ltr'>προνοίᾳ</span> 
     </span>
    </p>
   </div>
   <div class='ocr_carea' id='block_1_38' title="bbox 139 2238 1690 2314">
    <p class='ocr_par' dir='ltr' id='par_1_38' title="bbox 139 2238 1690 2314">
     <span class='ocr_line' id='line_1_38' title="bbox 139 2238 1690 2314; baseline 0.001 -25"><span class='ocrx_word' id='word_1_261' title='bbox 139 2238 458 2293; x_wconf 67' lang='grc' dir='ltr'>διοικεῖσθαι</span> <span class='ocrx_word' id='word_1_262' title='bbox 484 2241 553 2293; x_wconf 82' lang='grc' dir='ltr'>τὰ</span> <span class='ocrx_word' id='word_1_263' title='bbox 580 2242 775 2308; x_wconf 82' lang='grc' dir='ltr'>πάντα,</span> <span class='ocrx_word' id='word_1_264' title='bbox 810 2244 906 2293; x_wconf 78' lang='grc' dir='ltr'>καὶ</span> <span class='ocrx_word' id='word_1_265' title='bbox 940 2242 1160 2311; x_wconf 82' lang='grc' dir='ltr'>μηδαμῆ</span> <span class='ocrx_word' id='word_1_266' title='bbox 1193 2240 1332 2294; x_wconf 82' lang='grc' dir='ltr'>κατὰ</span> <span class='ocrx_word' id='word_1_267' title='bbox 1363 2241 1429 2314; x_wconf 8' lang='grc' dir='ltr'>τὸ,</span> <span class='ocrx_word' id='word_1_268' title='bbox 1450 2239 1690 2306; x_wconf 87' lang='grc' dir='ltr'>αὐτόμα-</span> 
     </span>
    </p>
   </div>
   <div class='ocr_carea' id='block_1_39' title="bbox 141 2328 1689 2402">
    <p class='ocr_par' dir='ltr' id='par_1_39' title="bbox 141 2328 1689 2402">
     <span class='ocr_line' id='line_1_39' title="bbox 141 2328 1689 2402; baseline 0 -20"><span class='ocrx_word' id='word_1_269' title='bbox 141 2345 230 2382; x_wconf 83' lang='grc' dir='ltr'><strong>τον</strong></span> <span class='ocrx_word' id='word_1_270' title='bbox 271 2329 561 2399; x_wconf 81' lang='grc' dir='ltr'>φέρεσθαι,</span> <span class='ocrx_word' id='word_1_271' title='bbox 606 2331 729 2402; x_wconf 79' lang='grc' dir='ltr'>μηδ’</span> <span class='ocrx_word' id='word_1_272' title='bbox 762 2328 871 2385; x_wconf 78' lang='grc' dir='ltr'>ἀπὸ</span> <span class='ocrx_word' id='word_1_273' title='bbox 914 2335 1080 2402; x_wconf 83' lang='grc' dir='ltr'>τύχης</span> <span class='ocrx_word' id='word_1_274' title='bbox 1122 2332 1288 2397; x_wconf 83' lang='grc' dir='ltr'>τινὸς,</span> <span class='ocrx_word' id='word_1_275' title='bbox 1337 2332 1478 2402; x_wconf 82' lang='grc' dir='ltr'>μήτε</span> <span class='ocrx_word' id='word_1_276' title='bbox 1523 2331 1689 2400; x_wconf 78' lang='grc' dir='ltr'>μηδὲν</span> 
     </span>
    </p>
   </div>
   <div class='ocr_carea' id='block_1_40' title="bbox 141 2421 1691 2493">
    <p class='ocr_par' dir='ltr' id='par_1_40' title="bbox 141 2421 1691 2493">
     <span class='ocr_line' id='line_1_40' title="bbox 141 2421 1691 2493; baseline 0.003 -21"><span class='ocrx_word' id='word_1_277' title='bbox 141 2421 247 2493; x_wconf 78' lang='grc' dir='ltr'><strong>τῶν</strong></span> <span class='ocrx_word' id='word_1_278' title='bbox 278 2421 534 2475; x_wconf 74' lang='grc' dir='ltr'>ἁπάντων</span> <span class='ocrx_word' id='word_1_279' title='bbox 559 2422 766 2489; x_wconf 72' lang='grc' dir='ltr'>ἕτερον,</span> <span class='ocrx_word' id='word_1_280' title='bbox 803 2424 941 2493; x_wconf 84' lang='grc' dir='ltr'>μήτε</span> <span class='ocrx_word' id='word_1_281' title='bbox 969 2425 1067 2493; x_wconf 79' lang='grc' dir='ltr'>τὴν</span> <span class='ocrx_word' id='word_1_282' title='bbox 1097 2423 1285 2476; x_wconf 81' lang='grc' dir='ltr'>τούτου</span> <span class='ocrx_word' id='word_1_283' title='bbox 1315 2425 1450 2490; x_wconf 76' lang='grc' dir='ltr'>πρὸς</span> <span class='ocrx_word' id='word_1_284' title='bbox 1473 2423 1571 2492; x_wconf 82' lang='grc' dir='ltr'>τὴν</span> <span class='ocrx_word' id='word_1_285' title='bbox 1596 2422 1691 2491; x_wconf 85' lang='grc' dir='ltr'><strong>βα-</strong></span> 
     </span>
    </p>
   </div>
   <div class='ocr_carea' id='block_1_41' title="bbox 145 2489 1690 2586">
    <p class='ocr_par' dir='ltr' id='par_1_41' title="bbox 145 2489 1690 2586">
     <span class='ocr_line' id='line_1_41' title="bbox 145 2489 1690 2586; baseline 0.003 -22"><span class='ocrx_word' id='word_1_286' title='bbox 145 2489 465 2567; x_wconf 66' lang='grc' dir='ltr'>ἆιλεύουσαν</span> <span class='ocrx_word' id='word_1_287' title='bbox 500 2515 666 2568; x_wconf 88' lang='grc' dir='ltr'>πόλιν</span> <span class='ocrx_word' id='word_1_288' title='bbox 695 2517 1038 2586; x_wconf 76' lang='grc' dir='ltr'><strong>ἀναίμακτον</strong></span> <span class='ocrx_word' id='word_1_289' title='bbox 1079 2515 1284 2568; x_wconf 85' lang='grc' dir='ltr'>είαοδον</span> <span class='ocrx_word' id='word_1_290' title='bbox 1317 2515 1408 2567; x_wconf 78' lang='grc' dir='ltr'>καὶ</span> <span class='ocrx_word' id='word_1_291' title='bbox 1449 2515 1546 2584; x_wconf 81' lang='grc' dir='ltr'>τὴν</span> <span class='ocrx_word' id='word_1_292' title='bbox 1583 2515 1690 2568; x_wconf 81' lang='grc' dir='ltr'><strong>τῶν</strong></span> 
     </span>
    </p>
   </div>
   <div class='ocr_carea' id='block_1_42' title="bbox 145 2600 1691 2675">
    <p class='ocr_par' dir='ltr' id='par_1_42' title="bbox 145 2600 1691 2675">
     <span class='ocr_line' id='line_1_42' title="bbox 145 2600 1691 2675; baseline 0 -21"><span class='ocrx_word' id='word_1_293' title='bbox 145 2600 444 2670; x_wconf 73' lang='grc' dir='ltr'>βασιλικῶν</span> <span class='ocrx_word' id='word_1_294' title='bbox 467 2604 749 2674; x_wconf 77' lang='grc' dir='ltr'>ἀντίληψιν</span> <span class='ocrx_word' id='word_1_295' title='bbox 779 2607 1004 2675; x_wconf 77' lang='grc' dir='ltr'><strong>θρόνων,</strong></span> <span class='ocrx_word' id='word_1_296' title='bbox 1029 2606 1168 2659; x_wconf 81' lang='grc' dir='ltr'>οὕτω</span> <span class='ocrx_word' id='word_1_297' title='bbox 1199 2605 1439 2674; x_wconf 84' lang='grc' dir='ltr'>μακροὺς</span> <span class='ocrx_word' id='word_1_298' title='bbox 1469 2606 1563 2658; x_wconf 78' lang='grc' dir='ltr'>καὶ</span> <span class='ocrx_word' id='word_1_299' title='bbox 1595 2622 1691 2658; x_wconf 86' lang='grc' dir='ltr'>πο-</span> 
     </span>
    </p>
   </div>
   <div class='ocr_carea' id='block_1_43' title="bbox 144 2692 1691 2766">
    <p class='ocr_par' dir='ltr' id='par_1_43' title="bbox 144 2692 1691 2766">
     <span class='ocr_line' id='line_1_43' title="bbox 144 2692 1691 2766; baseline 0.003 -21"><span class='ocrx_word' id='word_1_300' title='bbox 144 2692 369 2756; x_wconf 79' lang='grc' dir='ltr'>λυειδεῖς</span> <span class='ocrx_word' id='word_1_301' title='bbox 427 2697 523 2749; x_wconf 83' lang='grc' dir='ltr'>καὶ</span> <span class='ocrx_word' id='word_1_302' title='bbox 575 2695 806 2750; x_wconf 85' lang='grc' dir='ltr'>θανάτου</span> <span class='ocrx_word' id='word_1_303' title='bbox 861 2696 1032 2764; x_wconf 85' lang='grc' dir='ltr'>φάναι</span> <span class='ocrx_word' id='word_1_304' title='bbox 1092 2697 1336 2763; x_wconf 77' lang='grc' dir='ltr'>γείτονας</span> <span class='ocrx_word' id='word_1_305' title='bbox 1383 2697 1691 2766; x_wconf 78' lang='grc' dir='ltr'>νενικηκότι</span> 
     </span>
    </p>
   </div>
   <div class='ocr_carea' id='block_1_44' title="bbox 151 2784 1691 2856">
    <p class='ocr_par' dir='ltr' id='par_1_44' title="bbox 151 2784 1691 2856">
     <span class='ocr_line' id='line_1_44' title="bbox 151 2784 1691 2856; baseline -0.001 -19"><span class='ocrx_word' id='word_1_306' title='bbox 151 2784 449 2847; x_wconf 70' lang='grc' dir='ltr'>κινδύνους*</span> <span class='ocrx_word' id='word_1_307' title='bbox 477 2787 594 2839; x_wconf 78' lang='grc' dir='ltr'>ἀλλ’</span> <span class='ocrx_word' id='word_1_308' title='bbox 617 2785 767 2856; x_wconf 86' lang='grc' dir='ltr'><strong>αύτῷ</strong></span> <span class='ocrx_word' id='word_1_309' title='bbox 792 2787 892 2854; x_wconf 81' lang='grc' dir='ltr'>μὲν</span> <span class='ocrx_word' id='word_1_310' title='bbox 921 2787 1152 2854; x_wconf 78' lang='grc' dir='ltr'>ἀμοιϐὴν</span> <span class='ocrx_word' id='word_1_311' title='bbox 1182 2786 1281 2854; x_wconf 85' lang='grc' dir='ltr'>τῆς</span> <span class='ocrx_word' id='word_1_312' title='bbox 1316 2787 1533 2854; x_wconf 82' lang='grc' dir='ltr'>μακρᾶς</span> <span class='ocrx_word' id='word_1_313' title='bbox 1554 2800 1691 2854; x_wconf 88' lang='grc' dir='ltr'>καρ-</span> 
     </span>
    </p>
   </div>
   <div class='ocr_carea' id='block_1_45' title="bbox 146 2872 1692 2949">
    <p class='ocr_par' dir='ltr' id='par_1_45' title="bbox 146 2872 1692 2949">
     <span class='ocr_line' id='line_1_45' title="bbox 146 2872 1692 2949; baseline -0.001 -19"><span class='ocrx_word' id='word_1_314' title='bbox 146 2879 352 2946; x_wconf 81' lang='grc' dir='ltr'>τερίας,</span> <span class='ocrx_word' id='word_1_315' title='bbox 386 2879 520 2932; x_wconf 77' lang='grc' dir='ltr'>πᾶσι</span> <span class='ocrx_word' id='word_1_316' title='bbox 543 2879 590 2932; x_wconf 78' lang='grc' dir='ltr'>δ’</span> <span class='ocrx_word' id='word_1_317' title='bbox 626 2877 693 2932; x_wconf 78' lang='grc' dir='ltr'>αὖ</span> <span class='ocrx_word' id='word_1_318' title='bbox 723 2879 954 2934; x_wconf 72' lang='grc' dir='ltr'>ἐλπίδων</span> <span class='ocrx_word' id='word_1_319' title='bbox 988 2878 1220 2949; x_wconf 74' lang='grc' dir='ltr'>ἔρεισμα</span> <span class='ocrx_word' id='word_1_320' title='bbox 1247 2876 1518 2948; x_wconf 82' lang='grc' dir='ltr'>χρηστῶν,</span> <span class='ocrx_word' id='word_1_321' title='bbox 1547 2872 1626 2937; x_wconf 74' lang='grc' dir='ltr'>οἷς</span> <span class='ocrx_word' id='word_1_322' title='bbox 1658 2877 1692 2946; x_wconf 75' lang='grc' dir='ltr'>ἡ</span> 
     </span>
    </p>
   </div>
   <div class='ocr_carea' id='block_1_46' title="bbox 150 2966 1692 3042">
    <p class='ocr_par' dir='ltr' id='par_1_46' title="bbox 150 2966 1692 3042">
     <span class='ocr_line' id='line_1_46' title="bbox 150 2966 1692 3042; baseline -0.001 -22"><span class='ocrx_word' id='word_1_323' title='bbox 150 2969 341 3038; x_wconf 83' lang='grc' dir='ltr'>γνώμη</span> <span class='ocrx_word' id='word_1_324' title='bbox 385 2969 485 3039; x_wconf 80' lang='grc' dir='ltr'><strong>τὴν</strong></span> <span class='ocrx_word' id='word_1_325' title='bbox 532 2968 643 3023; x_wconf 80' lang='grc' dir='ltr'><strong>τῶν</strong></span> <span class='ocrx_word' id='word_1_326' title='bbox 683 2970 872 3023; x_wconf 81' lang='grc' dir='ltr'>δεινῶν</span> <span class='ocrx_word' id='word_1_327' title='bbox 921 2972 1230 3042; x_wconf 47' lang='grc' dir='ltr'>καρτερίαν,</span> <span class='ocrx_word' id='word_1_328' title='bbox 1249 2968 1426 3038; x_wconf 85' lang='grc' dir='ltr'>πέρας</span> <span class='ocrx_word' id='word_1_329' title='bbox 1475 2966 1692 3034; x_wconf 78' lang='grc' dir='ltr'>εὐγενὲς</span> 
     </span>
    </p>
   </div>
   <div class='ocr_carea' id='block_1_47' title="bbox 149 3058 857 3130">
    <p class='ocr_par' dir='ltr' id='par_1_47' title="bbox 149 3058 857 3130">
     <span class='ocr_line' id='line_1_47' title="bbox 149 3058 857 3130; baseline 0.007 -21"><span class='ocrx_word' id='word_1_330' title='bbox 149 3058 465 3123; x_wconf 79' lang='grc' dir='ltr'>ὲκδέξεσθαι</span> <span class='ocrx_word' id='word_1_331' title='bbox 498 3059 857 3130; x_wconf 75' lang='grc' dir='ltr'>ὑπισχνεῖται.</span> 
     </span>
    </p>
   </div>
   <div class='ocr_carea' id='block_1_48' title="bbox 1797 1952 3346 2026">
    <p class='ocr_par' dir='ltr' id='par_1_48' title="bbox 1797 1952 3346 2026">
     <span class='ocr_line' id='line_1_48' title="bbox 1797 1952 3346 2026; baseline -0.004 -15"><span class='ocrx_word' id='word_1_332' title='bbox 1797 1955 2031 2026; x_wconf 68' lang='lat' dir='ltr'><strong>(caeteris</strong></span> <span class='ocrx_word' id='word_1_333' title='bbox 2070 1953 2306 2017; x_wconf 90' lang='lat' dir='ltr'><strong>omissis,</strong></span> <span class='ocrx_word' id='word_1_334' title='bbox 2335 1969 2455 2022; x_wconf 71' lang='lat' dir='ltr'><strong>qua:</strong></span> <span class='ocrx_word' id='word_1_335' title='bbox 2484 1962 2802 2023; x_wconf 80' lang='lat' dir='ltr'><strong>generosam</strong></span> <span class='ocrx_word' id='word_1_336' title='bbox 2847 1952 3084 2006; x_wconf 90' lang='lat' dir='ltr'><strong>indolem</strong></span> <span class='ocrx_word' id='word_1_337' title='bbox 3139 1957 3346 2022; x_wconf 82' lang='lat' dir='ltr'><strong>pariter</strong></span> 
     </span>
    </p>
   </div>
   <div class='ocr_carea' id='block_1_49' title="bbox 1795 2045 3348 2116">
    <p class='ocr_par' dir='ltr' id='par_1_49' title="bbox 1795 2045 3348 2116">
     <span class='ocr_line' id='line_1_49' title="bbox 1795 2045 3348 2116; baseline -0.001 -16"><span class='ocrx_word' id='word_1_338' title='bbox 1795 2046 2054 2116; x_wconf 82' lang='lat' dir='ltr'><strong>arguunt)</strong></span> <span class='ocrx_word' id='word_1_339' title='bbox 2098 2045 2164 2099; x_wconf 88' lang='lat' dir='ltr'><strong>ad</strong></span> <span class='ocrx_word' id='word_1_340' title='bbox 2195 2045 2636 2115; x_wconf 86' lang='lat' dir='ltr'><strong>persuadendum</strong></span> <span class='ocrx_word' id='word_1_341' title='bbox 2666 2047 2942 2108; x_wconf 83' lang='lat' dir='ltr'><strong>omnibus,</strong></span> <span class='ocrx_word' id='word_1_342' title='bbox 3001 2045 3093 2114; x_wconf 84' lang='lat' dir='ltr'><strong>qui</strong></span> <span class='ocrx_word' id='word_1_343' title='bbox 3150 2045 3348 2099; x_wconf 87' lang='lat' dir='ltr'><strong>mentis</strong></span> 
     </span>
    </p>
   </div>
   <div class='ocr_carea' id='block_1_50' title="bbox 1794 2135 3344 2206">
    <p class='ocr_par' dir='ltr' id='par_1_50' title="bbox 1794 2135 3344 2206">
     <span class='ocr_line' id='line_1_50' title="bbox 1794 2135 3344 2206; baseline -0.003 -12"><span class='ocrx_word' id='word_1_344' title='bbox 1794 2147 1851 2194; x_wconf 91' lang='lat' dir='ltr'><strong>et</strong></span> <span class='ocrx_word' id='word_1_345' title='bbox 1884 2138 2189 2206; x_wconf 79' lang='lat' dir='ltr'><strong>prudentiae</strong></span> <span class='ocrx_word' id='word_1_346' title='bbox 2222 2153 2332 2191; x_wconf 89' lang='lat' dir='ltr'><strong>non</strong></span> <span class='ocrx_word' id='word_1_347' title='bbox 2381 2137 2490 2191; x_wconf 87' lang='lat' dir='ltr'><strong>sint</strong></span> <span class='ocrx_word' id='word_1_348' title='bbox 2526 2138 2751 2191; x_wconf 86' lang='lat' dir='ltr'><strong>omnino</strong></span> <span class='ocrx_word' id='word_1_349' title='bbox 2780 2147 3050 2206; x_wconf 65' lang='lat' dir='ltr'><strong>expertes,</strong></span> <span class='ocrx_word' id='word_1_350' title='bbox 3080 2135 3344 2190; x_wconf 89' lang='lat' dir='ltr'><strong>diviniori</strong></span> 
     </span>
    </p>
   </div>
   <div class='ocr_carea' id='block_1_51' title="bbox 1795 2218 3509 2299">
    <p class='ocr_par' dir='ltr' id='par_1_51' title="bbox 1795 2218 3509 2299">
     <span class='ocr_line' id='line_1_51' title="bbox 1795 2218 3509 2299; baseline -0.001 -17"><span class='ocrx_word' id='word_1_351' title='bbox 1795 2224 2135 2298; x_wconf 81' lang='lat' dir='ltr'><strong>providentia</strong></span> <span class='ocrx_word' id='word_1_352' title='bbox 2162 2228 2344 2282; x_wconf 88' lang='lat' dir='ltr'><strong>omnia</strong></span> <span class='ocrx_word' id='word_1_353' title='bbox 2374 2227 2688 2296; x_wconf 81' lang='lat' dir='ltr'><strong>gubernari,</strong></span> <span class='ocrx_word' id='word_1_354' title='bbox 2727 2244 2833 2282; x_wconf 92' lang='lat' dir='ltr'><strong>non</strong></span> <span class='ocrx_word' id='word_1_355' title='bbox 2863 2218 3046 2281; x_wconf 89' lang='lat' dir='ltr'><strong>autem</strong></span> <span class='ocrx_word' id='word_1_356' title='bbox 3094 2227 3235 2283; x_wconf 86' lang='lat' dir='ltr'><strong>volvi</strong></span> <span class='ocrx_word' id='word_1_357' title='bbox 3268 2236 3348 2281; x_wconf 57' lang='lat' dir='ltr'><strong>ter</strong></span> <span class='ocrx_word' id='word_1_358' title='bbox 3432 2282 3436 2285; x_wconf 78' lang='grc'><strong>,</strong></span> <span class='ocrx_word' id='word_1_359' title='bbox 3502 2289 3509 2299; x_wconf 40' lang='grc'><strong>,</strong></span> 
     </span>
    </p>
   </div>
   <div class='ocr_carea' id='block_1_52' title="bbox 1795 2321 3348 2401">
    <p class='ocr_par' dir='ltr' id='par_1_52' title="bbox 1795 2321 3348 2401">
     <span class='ocr_line' id='line_1_52' title="bbox 1795 2321 3348 2401; baseline -0.001 -24"><span class='ocrx_word' id='word_1_360' title='bbox 1795 2339 1978 2387; x_wconf 88' lang='lat' dir='ltr'><strong>mere;</strong></span> <span class='ocrx_word' id='word_1_361' title='bbox 2033 2332 2196 2390; x_wconf 88' lang='lat' dir='ltr'><strong>atque</strong></span> <span class='ocrx_word' id='word_1_362' title='bbox 2262 2331 2323 2375; x_wconf 92' lang='lat' dir='ltr'><strong>ut</strong></span> <span class='ocrx_word' id='word_1_363' title='bbox 2369 2322 2508 2376; x_wconf 85' lang='lat' dir='ltr'><strong>nihil</strong></span> <span class='ocrx_word' id='word_1_364' title='bbox 2565 2322 2736 2401; x_wconf 68' lang='lat' dir='ltr'><strong>aliud,</strong></span> <span class='ocrx_word' id='word_1_365' title='bbox 2800 2323 2874 2376; x_wconf 90' lang='lat' dir='ltr'><strong>ita</strong></span> <span class='ocrx_word' id='word_1_366' title='bbox 2926 2336 3030 2387; x_wconf 79' lang='lat' dir='ltr'><strong>nec</strong></span> <span class='ocrx_word' id='word_1_367' title='bbox 3056 2321 3185 2375; x_wconf 92' lang='lat' dir='ltr'><strong>illud</strong></span> <span class='ocrx_word' id='word_1_368' title='bbox 3216 2335 3348 2375; x_wconf 86' lang='lat' dir='ltr'><strong>casu</strong></span> 
     </span>
    </p>
   </div>
   <div class='ocr_carea' id='block_1_53' title="bbox 1795 2414 3349 2484">
    <p class='ocr_par' dir='ltr' id='par_1_53' title="bbox 1795 2414 3349 2484">
     <span class='ocr_line' id='line_1_53' title="bbox 1795 2414 3349 2484; baseline -0.003 -14"><span class='ocrx_word' id='word_1_369' title='bbox 1795 2416 1995 2472; x_wconf 88' lang='lat' dir='ltr'><strong>factum</strong></span> <span class='ocrx_word' id='word_1_370' title='bbox 2024 2417 2214 2481; x_wconf 78' lang='lat' dir='ltr'><strong>fuisse,</strong></span> <span class='ocrx_word' id='word_1_371' title='bbox 2244 2425 2304 2467; x_wconf 94' lang='lat' dir='ltr'><strong>ut</strong></span> <span class='ocrx_word' id='word_1_372' title='bbox 2335 2415 2747 2469; x_wconf 85' lang='lat' dir='ltr'><strong>Cantaeuzenus</strong></span> <span class='ocrx_word' id='word_1_373' title='bbox 2767 2415 2884 2469; x_wconf 88' lang='lat' dir='ltr'><strong>sine</strong></span> <span class='ocrx_word' id='word_1_374' title='bbox 2919 2415 3180 2484; x_wconf 70' lang='lat' dir='ltr'><strong>sanguine</strong></span> <span class='ocrx_word' id='word_1_375' title='bbox 3203 2414 3349 2480; x_wconf 86' lang='lat' dir='ltr'><strong>prin-</strong></span> 
     </span>
    </p>
   </div>
   <div class='ocr_carea' id='block_1_54' title="bbox 1795 2505 3349 2575">
    <p class='ocr_par' dir='ltr' id='par_1_54' title="bbox 1795 2505 3349 2575">
     <span class='ocr_line' id='line_1_54' title="bbox 1795 2505 3349 2575; baseline -0.001 -15"><span class='ocrx_word' id='word_1_376' title='bbox 1795 2506 1968 2575; x_wconf 88' lang='lat' dir='ltr'><strong>cipem</strong></span> <span class='ocrx_word' id='word_1_377' title='bbox 2002 2506 2192 2560; x_wconf 84' lang='lat' dir='ltr'><strong>urbem</strong></span> <span class='ocrx_word' id='word_1_378' title='bbox 2242 2505 2474 2559; x_wconf 86' lang='lat' dir='ltr'><strong>intraret</strong></span> <span class='ocrx_word' id='word_1_379' title='bbox 2506 2515 2562 2559; x_wconf 93' lang='lat' dir='ltr'><strong>et</strong></span> <span class='ocrx_word' id='word_1_380' title='bbox 2592 2505 2730 2559; x_wconf 91' lang='lat' dir='ltr'><strong>solio</strong></span> <span class='ocrx_word' id='word_1_381' title='bbox 2765 2505 3115 2574; x_wconf 89' lang='lat' dir='ltr'><strong>imperatorio</strong></span> <span class='ocrx_word' id='word_1_382' title='bbox 3143 2505 3349 2573; x_wconf 86' lang='lat' dir='ltr'><strong>potire-</strong></span> 
     </span>
    </p>
   </div>
   <div class='ocr_carea' id='block_1_55' title="bbox 1797 2593 3406 2663">
    <p class='ocr_par' dir='ltr' id='par_1_55' title="bbox 1797 2593 3406 2663">
     <span class='ocr_line' id='line_1_55' title="bbox 1797 2593 3406 2663; baseline -0.002 -14"><span class='ocrx_word' id='word_1_383' title='bbox 1797 2603 1905 2660; x_wconf 91' lang='lat' dir='ltr'><strong>tur,</strong></span> <span class='ocrx_word' id='word_1_384' title='bbox 1939 2594 2200 2663; x_wconf 83' lang='lat' dir='ltr'><strong>periculis</strong></span> <span class='ocrx_word' id='word_1_385' title='bbox 2231 2594 2396 2648; x_wconf 88' lang='lat' dir='ltr'><strong>tantis</strong></span> <span class='ocrx_word' id='word_1_386' title='bbox 2417 2601 2474 2647; x_wconf 91' lang='lat' dir='ltr'><strong>et</strong></span> <span class='ocrx_word' id='word_1_387' title='bbox 2499 2602 2608 2648; x_wconf 90' lang='lat' dir='ltr'><strong>tam</strong></span> <span class='ocrx_word' id='word_1_388' title='bbox 2663 2593 3058 2663; x_wconf 87' lang='lat' dir='ltr'><strong>multiplicibus</strong></span> <span class='ocrx_word' id='word_1_389' title='bbox 3111 2595 3351 2647; x_wconf 82' lang='lat' dir='ltr'><strong>exantla—</strong></span> <span class='ocrx_word' id='word_1_390' title='bbox 3404 2619 3406 2621; x_wconf 92' lang='lat'><strong><em>-</em></strong></span> 
     </span>
    </p>
   </div>
   <div class='ocr_carea' id='block_1_56' title="bbox 1799 2679 3370 2754">
    <p class='ocr_par' dir='ltr' id='par_1_56' title="bbox 1799 2679 3370 2754">
     <span class='ocr_line' id='line_1_56' title="bbox 1799 2679 3370 2754; baseline -0.001 -16"><span class='ocrx_word' id='word_1_391' title='bbox 1799 2685 1886 2747; x_wconf 87' lang='lat' dir='ltr'><strong>tis,</strong></span> <span class='ocrx_word' id='word_1_392' title='bbox 1920 2679 2169 2754; x_wconf 85' lang='lat' dir='ltr'><strong>ipsoque,</strong></span> <span class='ocrx_word' id='word_1_393' title='bbox 2210 2694 2270 2739; x_wconf 88' lang='lat' dir='ltr'><strong>ut</strong></span> <span class='ocrx_word' id='word_1_394' title='bbox 2321 2685 2394 2738; x_wconf 90' lang='lat' dir='ltr'><strong>ita</strong></span> <span class='ocrx_word' id='word_1_395' title='bbox 2420 2683 2623 2747; x_wconf 89' lang='lat' dir='ltr'><strong>dicam,</strong></span> <span class='ocrx_word' id='word_1_396' title='bbox 2655 2685 2988 2753; x_wconf 88' lang='lat' dir='ltr'><strong>triumphato</strong></span> <span class='ocrx_word' id='word_1_397' title='bbox 3043 2684 3235 2738; x_wconf 86' lang='lat' dir='ltr'><strong>mortis</strong></span> <span class='ocrx_word' id='word_1_398' title='bbox 3281 2684 3370 2737; x_wconf 82' lang='lat' dir='ltr'><strong>li--</strong></span> 
     </span>
    </p>
   </div>
   <div class='ocr_carea' id='block_1_57' title="bbox 1797 2774 3351 2846">
    <p class='ocr_par' dir='ltr' id='par_1_57' title="bbox 1797 2774 3351 2846">
     <span class='ocr_line' id='line_1_57' title="bbox 1797 2774 3351 2846; baseline -0.001 -16"><span class='ocrx_word' id='word_1_399' title='bbox 1797 2777 1985 2831; x_wconf 88' lang='lat' dir='ltr'><strong>mine:</strong></span> <span class='ocrx_word' id='word_1_400' title='bbox 2015 2777 2111 2832; x_wconf 87' lang='lat' dir='ltr'><strong>sed</strong></span> <span class='ocrx_word' id='word_1_401' title='bbox 2143 2776 2314 2831; x_wconf 90' lang='lat' dir='ltr'><strong>fuisse</strong></span> <span class='ocrx_word' id='word_1_402' title='bbox 2364 2775 2497 2831; x_wconf 91' lang='lat' dir='ltr'><strong>illud</strong></span> <span class='ocrx_word' id='word_1_403' title='bbox 2553 2777 2655 2846; x_wconf 87' lang='lat' dir='ltr'><strong>ipsi</strong></span> <span class='ocrx_word' id='word_1_404' title='bbox 2705 2777 2926 2846; x_wconf 87' lang='lat' dir='ltr'><strong>quidem</strong></span> <span class='ocrx_word' id='word_1_405' title='bbox 2974 2774 3351 2829; x_wconf 83' lang='lat' dir='ltr'><strong>Cantacuzeno</strong></span> 
     </span>
    </p>
   </div>
   <div class='ocr_carea' id='block_1_58' title="bbox 1797 2846 3353 2934">
    <p class='ocr_par' dir='ltr' id='par_1_58' title="bbox 1797 2846 3353 2934">
     <span class='ocr_line' id='line_1_58' title="bbox 1797 2846 3353 2934; baseline -0.001 -14"><span class='ocrx_word' id='word_1_406' title='bbox 1797 2866 2073 2920; x_wconf 66' lang='lat' dir='ltr'><strong>diuturnae</strong></span> <span class='ocrx_word' id='word_1_407' title='bbox 2111 2864 2384 2934; x_wconf 80' lang='lat' dir='ltr'><strong>patientia:</strong></span> <span class='ocrx_word' id='word_1_408' title='bbox 2416 2864 2758 2929; x_wconf 87' lang='lat' dir='ltr'><strong>mercedem;</strong></span> <span class='ocrx_word' id='word_1_409' title='bbox 2788 2864 2908 2918; x_wconf 89' lang='lat' dir='ltr'><strong>aliis</strong></span> <span class='ocrx_word' id='word_1_410' title='bbox 2947 2879 3077 2917; x_wconf 88' lang='lat' dir='ltr'><strong>vero</strong></span> <span class='ocrx_word' id='word_1_411' title='bbox 3113 2846 3225 2933; x_wconf 81' lang='lat' dir='ltr'><strong>spei</strong></span> <span class='ocrx_word' id='word_1_412' title='bbox 3257 2863 3353 2918; x_wconf 92' lang='lat' dir='ltr'><strong>bo-</strong></span> 
     </span>
    </p>
   </div>
   <div class='ocr_carea' id='block_1_59' title="bbox 1797 2953 3349 3025">
    <p class='ocr_par' dir='ltr' id='par_1_59' title="bbox 1797 2953 3349 3025">
     <span class='ocr_line' id='line_1_59' title="bbox 1797 2953 3349 3025; baseline 0 -15"><span class='ocrx_word' id='word_1_413' title='bbox 1797 2972 1882 3010; x_wconf 57' lang='lat' dir='ltr'><strong>na;</strong></span> <span class='ocrx_word' id='word_1_414' title='bbox 1940 2956 2452 3020; x_wconf 75' lang='lat' dir='ltr'><strong>conﬁrmationem;</strong></span> <span class='ocrx_word' id='word_1_415' title='bbox 2494 2953 2656 3025; x_wconf 66' lang='grc'><strong>645</strong></span> <span class='ocrx_word' id='word_1_416' title='bbox 2687 2956 2753 3008; x_wconf 91' lang='lat' dir='ltr'><strong>iis</strong></span> <span class='ocrx_word' id='word_1_417' title='bbox 2807 2954 3084 3019; x_wconf 81' lang='lat' dir='ltr'><strong>videlicet,</strong></span> <span class='ocrx_word' id='word_1_418' title='bbox 3145 2955 3349 3024; x_wconf 88' lang='lat' dir='ltr'><strong>quibus</strong></span> 
     </span>
    </p>
   </div>
   <div class='ocr_carea' id='block_1_60' title="bbox 1801 3035 3352 3116">
    <p class='ocr_par' dir='ltr' id='par_1_60' title="bbox 1801 3035 3352 3116">
     <span class='ocr_line' id='line_1_60' title="bbox 1801 3035 3352 3116; baseline 0 -15"><span class='ocrx_word' id='word_1_419' title='bbox 1801 3048 1942 3102; x_wconf 91' lang='lat' dir='ltr'><strong>mala</strong></span> <span class='ocrx_word' id='word_1_420' title='bbox 1979 3046 2196 3101; x_wconf 84' lang='lat' dir='ltr'><strong>fortiter</strong></span> <span class='ocrx_word' id='word_1_421' title='bbox 2231 3046 2593 3102; x_wconf 81' lang='lat' dir='ltr'><strong>tolerantibus</strong></span> <span class='ocrx_word' id='word_1_422' title='bbox 2644 3035 2861 3101; x_wconf 85' lang='lat' dir='ltr'><strong>animus</strong></span> <span class='ocrx_word' id='word_1_423' title='bbox 2890 3061 3022 3101; x_wconf 86' lang='lat' dir='ltr'><strong>suus</strong></span> <span class='ocrx_word' id='word_1_424' title='bbox 3056 3046 3352 3116; x_wconf 78' lang='lat' dir='ltr'><strong>gloriosum</strong></span> 
     </span>
    </p>
   </div>
   <div class='ocr_carea' id='block_1_61' title="bbox 1801 3138 2940 3206">
    <p class='ocr_par' dir='ltr' id='par_1_61' title="bbox 1801 3138 2940 3206">
     <span class='ocr_line' id='line_1_61' title="bbox 1801 3138 2940 3206; baseline -0.004 -12"><span class='ocrx_word' id='word_1_425' title='bbox 1801 3139 2010 3194; x_wconf 76' lang='lat' dir='ltr'><strong>exitum</strong></span> <span class='ocrx_word' id='word_1_426' title='bbox 2036 3138 2286 3206; x_wconf 85' lang='lat' dir='ltr'><strong>spondet.</strong></span> <span class='ocrx_word' id='word_1_427' title='bbox 2936 3157 2940 3160; x_wconf 53' lang='lat'><strong><em>~</em></strong></span> 
     </span>
    </p>
   </div>
   <div class='ocr_carea' id='block_1_62' title="bbox 215 3219 1695 3307">
    <p class='ocr_par' dir='ltr' id='par_1_62' title="bbox 215 3232 1695 3307">
     <span class='ocr_line' id='line_1_62' title="bbox 215 3232 1695 3307; baseline -0.007 -12"><span class='ocrx_word' id='word_1_428' title='bbox 215 3240 299 3294; x_wconf 68' lang='grc' dir='ltr'><strong>Β.</strong></span> <span class='ocrx_word' id='word_1_429' title='bbox 329 3238 392 3292; x_wconf 76' lang='grc' dir='ltr'><strong>Εἰ</strong></span> <span class='ocrx_word' id='word_1_430' title='bbox 428 3238 535 3307; x_wconf 74' lang='grc' dir='ltr'>γὰρ</span> <span class='ocrx_word' id='word_1_431' title='bbox 556 3238 734 3292; x_wconf 82' lang='grc' dir='ltr'>πάντα</span> <span class='ocrx_word' id='word_1_432' title='bbox 762 3237 881 3291; x_wconf 84' lang='grc' dir='ltr'>καθ’</span> <span class='ocrx_word' id='word_1_433' title='bbox 911 3239 1112 3289; x_wconf 73' lang='grc' dir='ltr'>ἕκαστα</span> <span class='ocrx_word' id='word_1_434' title='bbox 1139 3232 1529 3305; x_wconf 82' lang='grc' dir='ltr'>βουληθείημεν</span> <span class='ocrx_word' id='word_1_435' title='bbox 1554 3232 1695 3301; x_wconf 85' lang='grc' dir='ltr'>άφη-</span> 
     </span>
    </p>
   </div>
   <div class='ocr_carea' id='block_1_63' title="bbox 1799 3219 3349 3307">
    <p class='ocr_par' dir='ltr' id='par_1_63' title="bbox 1857 3219 3349 3306">
     <span class='ocr_line' id='line_1_63' title="bbox 1857 3219 3349 3306; baseline -0.002 -20"><span class='ocrx_word' id='word_1_436' title='bbox 1857 3230 2009 3287; x_wconf 75' lang='grc' dir='ltr'><strong>’ἫΙΙ.</strong></span> <span class='ocrx_word' id='word_1_437' title='bbox 2049 3229 2204 3306; x_wconf 84' lang='lat' dir='ltr'><strong>Quod</strong></span> <span class='ocrx_word' id='word_1_438' title='bbox 2259 3229 2302 3283; x_wconf 90' lang='lat' dir='ltr'><strong>si</strong></span> <span class='ocrx_word' id='word_1_439' title='bbox 2356 3229 2534 3283; x_wconf 87' lang='lat' dir='ltr'><strong>omnia</strong></span> <span class='ocrx_word' id='word_1_440' title='bbox 2587 3227 2860 3298; x_wconf 80' lang='lat' dir='ltr'><strong>sigillatim</strong></span> <span class='ocrx_word' id='word_1_441' title='bbox 2913 3219 3349 3300; x_wconf 83' lang='lat' dir='ltr'><strong>percenseamus,</strong></span> 
     </span>
    </p>
   </div>
   <div class='ocr_carea' id='block_1_64' title="bbox 149 3321 1695 3400">
    <p class='ocr_par' dir='ltr' id='par_1_64' title="bbox 149 3321 1695 3400">
     <span class='ocr_line' id='line_1_64' title="bbox 149 3321 1695 3400; baseline -0.006 -16"><span class='ocrx_word' id='word_1_442' title='bbox 149 3334 383 3400; x_wconf 80' lang='grc' dir='ltr'>γεῖσθαι,</span> <span class='ocrx_word' id='word_1_443' title='bbox 413 3331 586 3386; x_wconf 75' lang='grc' dir='ltr'>ὁπόσα</span> <span class='ocrx_word' id='word_1_444' title='bbox 614 3331 928 3398; x_wconf 81' lang='grc' dir='ltr'>πέπρακται</span> <span class='ocrx_word' id='word_1_445' title='bbox 966 3329 1062 3399; x_wconf 77' lang='grc' dir='ltr'>μὲν</span> <span class='ocrx_word' id='word_1_446' title='bbox 1092 3327 1352 3381; x_wconf 74' lang='grc' dir='ltr'>έπίὸουλα</span> <span class='ocrx_word' id='word_1_447' title='bbox 1385 3325 1504 3377; x_wconf 83' lang='grc' dir='ltr'>κατ’</span> <span class='ocrx_word' id='word_1_448' title='bbox 1530 3321 1695 3377; x_wconf 83' lang='grc' dir='ltr'>αὐτοῦ</span> 
     </span>
    </p>
   </div>
   <div class='ocr_carea' id='block_1_65' title="bbox 149 3414 1698 3494">
    <p class='ocr_par' dir='ltr' id='par_1_65' title="bbox 149 3414 1698 3494">
     <span class='ocr_line' id='line_1_65' title="bbox 149 3414 1698 3494; baseline -0.007 -17"><span class='ocrx_word' id='word_1_449' title='bbox 149 3425 257 3487; x_wconf 73' lang='grc' dir='ltr'>τοῖς</span> <span class='ocrx_word' id='word_1_450' title='bbox 278 3423 519 3494; x_wconf 67' lang='grc' dir='ltr'>ἐχθροῖς,</span> <span class='ocrx_word' id='word_1_451' title='bbox 548 3424 643 3476; x_wconf 77' lang='grc' dir='ltr'>καὶ</span> <span class='ocrx_word' id='word_1_452' title='bbox 683 3421 870 3475; x_wconf 82' lang='grc' dir='ltr'>ὀπόσοι</span> <span class='ocrx_word' id='word_1_453' title='bbox 918 3421 1097 3491; x_wconf 79' lang='grc' dir='ltr'>φιλίας</span> <span class='ocrx_word' id='word_1_454' title='bbox 1128 3416 1440 3487; x_wconf 78' lang='grc' dir='ltr'>ὑποκριταὶ,</span> <span class='ocrx_word' id='word_1_455' title='bbox 1477 3414 1698 3483; x_wconf 77' lang='grc' dir='ltr'>πάντων</span> 
     </span>
    </p>
   </div>
   <div class='ocr_carea' id='block_1_66' title="bbox 148 3504 1696 3585">
    <p class='ocr_par' dir='ltr' id='par_1_66' title="bbox 148 3504 1696 3585">
     <span class='ocr_line' id='line_1_66' title="bbox 148 3504 1696 3585; baseline -0.005 -19"><span class='ocrx_word' id='word_1_456' title='bbox 148 3515 193 3565; x_wconf 73' lang='grc' dir='ltr'>δ’</span> <span class='ocrx_word' id='word_1_457' title='bbox 214 3515 513 3585; x_wconf 71' lang='grc' dir='ltr'>ὑπέρτερος</span> <span class='ocrx_word' id='word_1_458' title='bbox 537 3515 673 3584; x_wconf 68' lang='grc' dir='ltr'>πρὸς</span> <span class='ocrx_word' id='word_1_459' title='bbox 692 3514 789 3583; x_wconf 81' lang='grc' dir='ltr'>τῆς</span> <span class='ocrx_word' id='word_1_460' title='bbox 813 3513 1020 3565; x_wconf 78' lang='grc' dir='ltr'>ἄνωθεν</span> <span class='ocrx_word' id='word_1_461' title='bbox 1045 3507 1112 3581; x_wconf 80' lang='grc' dir='ltr'>ἦν</span> <span class='ocrx_word' id='word_1_462' title='bbox 1136 3507 1468 3580; x_wconf 82' lang='grc' dir='ltr'>τηρούμενος</span> <span class='ocrx_word' id='word_1_463' title='bbox 1492 3504 1696 3573; x_wconf 82' lang='grc' dir='ltr'>δεξιᾶς,</span> 
     </span>
    </p>
   </div>
   <div class='ocr_carea' id='block_1_67' title="bbox 149 3596 1700 3677">
    <p class='ocr_par' dir='ltr' id='par_1_67' title="bbox 149 3596 1700 3677">
     <span class='ocr_line' id='line_1_67' title="bbox 149 3596 1700 3677; baseline -0.006 -18"><span class='ocrx_word' id='word_1_464' title='bbox 149 3605 296 3659; x_wconf 82' lang='grc' dir='ltr'>δέδια</span> <span class='ocrx_word' id='word_1_465' title='bbox 335 3607 413 3677; x_wconf 81' lang='grc' dir='ltr'>μή</span> <span class='ocrx_word' id='word_1_466' title='bbox 468 3622 554 3667; x_wconf 82' lang='grc' dir='ltr'><strong>τις</strong></span> <span class='ocrx_word' id='word_1_467' title='bbox 586 3605 767 3674; x_wconf 88' lang='grc' dir='ltr'>φιλίας</span> <span class='ocrx_word' id='word_1_468' title='bbox 804 3621 872 3674; x_wconf 90' lang='grc' dir='ltr'><strong>με</strong></span> <span class='ocrx_word' id='word_1_469' title='bbox 919 3601 1194 3673; x_wconf 71' lang='grc' dir='ltr'>γράψηται</span> <span class='ocrx_word' id='word_1_470' title='bbox 1225 3599 1360 3669; x_wconf 79' lang='grc' dir='ltr'>πρὸς</span> <span class='ocrx_word' id='word_1_471' title='bbox 1414 3598 1506 3650; x_wconf 79' lang='grc' dir='ltr'>τὸν</span> <span class='ocrx_word' id='word_1_472' title='bbox 1533 3596 1700 3667; x_wconf 74' lang='grc' dir='ltr'>ἄνδρα</span> 
     </span>
    </p>
   </div>
   <div class='ocr_carea' id='block_1_68' title="bbox 153 3687 1701 3770">
    <p class='ocr_par' dir='ltr' id='par_1_68' title="bbox 153 3687 1701 3770">
     <span class='ocr_line' id='line_1_68' title="bbox 153 3687 1701 3770; baseline -0.008 -18"><span class='ocrx_word' id='word_1_473' title='bbox 153 3701 371 3770; x_wconf 82' lang='grc' dir='ltr'>μακρᾶς</span> <span class='ocrx_word' id='word_1_474' title='bbox 400 3698 508 3750; x_wconf 83' lang='grc' dir='ltr'><strong>τῶν</strong></span> <span class='ocrx_word' id='word_1_475' title='bbox 535 3697 651 3750; x_wconf 84' lang='grc' dir='ltr'>ὅσοι</span> <span class='ocrx_word' id='word_1_476' title='bbox 679 3695 974 3766; x_wconf 84' lang='grc' dir='ltr'>γυμνάσιον</span> <span class='ocrx_word' id='word_1_477' title='bbox 1002 3694 1085 3746; x_wconf 66' lang='lat' dir='ltr'><strong>Et:</strong></span> <span class='ocrx_word' id='word_1_478' title='bbox 1098 3710 1177 3762; x_wconf 83' lang='lat' dir='ltr'><strong>pet</strong></span> <span class='ocrx_word' id='word_1_479' title='bbox 1210 3691 1454 3760; x_wconf 79' lang='grc' dir='ltr'>γλώττης</span> <span class='ocrx_word' id='word_1_480' title='bbox 1482 3687 1701 3741; x_wconf 84' lang='grc' dir='ltr'>ποιοῦν-</span> 
     </span>
    </p>
   </div>
   <div class='ocr_carea' id='block_1_69' title="bbox 151 3785 1698 3862">
    <p class='ocr_par' dir='ltr' id='par_1_69' title="bbox 151 3785 1698 3862">
     <span class='ocr_line' id='line_1_69' title="bbox 151 3785 1698 3862; baseline -0.007 -18"><span class='ocrx_word' id='word_1_481' title='bbox 151 3809 238 3844; x_wconf 86' lang='grc' dir='ltr'><strong>ται</strong></span> <span class='ocrx_word' id='word_1_482' title='bbox 265 3792 365 3862; x_wconf 78' lang='grc' dir='ltr'>τὴν</span> <span class='ocrx_word' id='word_1_483' title='bbox 392 3792 499 3844; x_wconf 85' lang='grc' dir='ltr'>τῶν</span> <span class='ocrx_word' id='word_1_484' title='bbox 523 3789 583 3842; x_wconf 79' lang='grc' dir='ltr'>ἐν</span> <span class='ocrx_word' id='word_1_485' title='bbox 611 3807 675 3858; x_wconf 87' lang='grc' dir='ltr'><strong>γε</strong></span> <span class='ocrx_word' id='word_1_486' title='bbox 712 3789 789 3858; x_wconf 79' lang='grc' dir='ltr'>τῷ</span> <span class='ocrx_word' id='word_1_487' title='bbox 818 3788 1044 3859; x_wconf 79' lang='grc' dir='ltr'>παρόντι</span> <span class='ocrx_word' id='word_1_488' title='bbox 1076 3785 1369 3857; x_wconf 74' lang='grc' dir='ltr'>γινομένων</span> <span class='ocrx_word' id='word_1_489' title='bbox 1395 3798 1698 3850; x_wconf 85' lang='grc' dir='ltr'>συγγραφι-</span> 
     </span>
    </p>
   </div>
   <div class='ocr_carea' id='block_1_70' title="bbox 152 3870 1699 3950">
    <p class='ocr_par' dir='ltr' id='par_1_70' title="bbox 152 3870 1699 3950">
     <span class='ocr_line' id='line_1_70' title="bbox 152 3870 1699 3950; baseline -0.008 -16"><span class='ocrx_word' id='word_1_490' title='bbox 152 3884 252 3949; x_wconf 79' lang='grc' dir='ltr'>κὴν</span> <span class='ocrx_word' id='word_1_491' title='bbox 301 3883 582 3950; x_wconf 78' lang='grc' dir='ltr'>ἀφήγησιν</span> <span class='ocrx_word' id='word_1_492' title='bbox 635 3881 770 3949; x_wconf 75' lang='grc' dir='ltr'>ἡμῖν</span> <span class='ocrx_word' id='word_1_493' title='bbox 817 3894 878 3946; x_wconf 82' lang='grc' dir='ltr'><strong>γε</strong></span> <span class='ocrx_word' id='word_1_494' title='bbox 929 3874 1345 3945; x_wconf 86' lang='grc' dir='ltr'>παραπλησίως.</span> <span class='ocrx_word' id='word_1_495' title='bbox 1383 3871 1447 3923; x_wconf 77' lang='lat' dir='ltr'><strong>Et</strong></span> <span class='ocrx_word' id='word_1_496' title='bbox 1481 3870 1588 3938; x_wconf 86' lang='grc' dir='ltr'><strong>γάρ</strong></span> <span class='ocrx_word' id='word_1_497' title='bbox 1616 3886 1699 3932; x_wconf 86' lang='grc' dir='ltr'><strong>τις</strong></span> 
     </span>
    </p>
   </div>
   <div class='ocr_carea' id='block_1_71' title="bbox 151 3961 1699 4042">
    <p class='ocr_par' dir='ltr' id='par_1_71' title="bbox 151 3961 1699 4042">
     <span class='ocr_line' id='line_1_71' title="bbox 151 3961 1699 4042; baseline -0.009 -17"><span class='ocrx_word' id='word_1_498' title='bbox 151 3971 256 4042; x_wconf 78' lang='grc' dir='ltr'><strong>τῶν</strong></span> <span class='ocrx_word' id='word_1_499' title='bbox 282 3971 482 4041; x_wconf 72' lang='grc' dir='ltr'>ἔξωθεν</span> <span class='ocrx_word' id='word_1_500' title='bbox 513 3970 608 4024; x_wconf 81' lang='grc' dir='ltr'>τοῦ</span> <span class='ocrx_word' id='word_1_501' title='bbox 642 3970 712 4023; x_wconf 76' lang='grc' dir='ltr'><strong>τά</strong></span> <span class='ocrx_word' id='word_1_502' title='bbox 740 3967 917 4022; x_wconf 80' lang='grc' dir='ltr'>τοιάδε</span> <span class='ocrx_word' id='word_1_503' title='bbox 960 3966 1299 4039; x_wconf 77' lang='grc' dir='ltr'>συγγράφειν</span> <span class='ocrx_word' id='word_1_504' title='bbox 1350 3961 1520 4025; x_wconf 76' lang='grc' dir='ltr'>ἑστὼς</span> <span class='ocrx_word' id='word_1_505' title='bbox 1554 3977 1699 4029; x_wconf 87' lang='grc' dir='ltr'>γυμ-</span> 
     </span>
    </p>
   </div>
   <div class='ocr_carea' id='block_1_72' title="bbox 152 4053 1696 4133">
    <p class='ocr_par' dir='ltr' id='par_1_72' title="bbox 152 4053 1696 4133">
     <span class='ocr_line' id='line_1_72' title="bbox 152 4053 1696 4133; baseline -0.009 -15"><span class='ocrx_word' id='word_1_506' title='bbox 152 4065 360 4129; x_wconf 74' lang='grc' dir='ltr'>νασίου,</span> <span class='ocrx_word' id='word_1_507' title='bbox 387 4063 641 4133; x_wconf 79' lang='grc' dir='ltr'>καθάπερ</span> <span class='ocrx_word' id='word_1_508' title='bbox 668 4078 754 4124; x_wconf 90' lang='grc' dir='ltr'><strong>τις</strong></span> <span class='ocrx_word' id='word_1_509' title='bbox 785 4060 1162 4129; x_wconf 80' lang='grc' dir='ltr'>Ἑλλανοδίκης</span> <span class='ocrx_word' id='word_1_510' title='bbox 1186 4058 1278 4110; x_wconf 78' lang='grc' dir='ltr'>καὶ</span> <span class='ocrx_word' id='word_1_511' title='bbox 1303 4054 1512 4123; x_wconf 78' lang='grc' dir='ltr'>ἀπαθὴς</span> <span class='ocrx_word' id='word_1_512' title='bbox 1542 4053 1696 4106; x_wconf 86' lang='grc' dir='ltr'>ἀθλο-</span> 
     </span>
    </p>
   </div>
   <div class='ocr_carea' id='block_1_73' title="bbox 156 4143 1700 4226">
    <p class='ocr_par' dir='ltr' id='par_1_73' title="bbox 156 4143 1700 4226">
     <span class='ocr_line' id='line_1_73' title="bbox 156 4143 1700 4226; baseline -0.01 -16"><span class='ocrx_word' id='word_1_513' title='bbox 156 4157 341 4226; x_wconf 81' lang='grc' dir='ltr'>θέτης,</span> <span class='ocrx_word' id='word_1_514' title='bbox 373 4156 548 4209; x_wconf 76' lang='grc' dir='ltr'>ἐθέλει</span> <span class='ocrx_word' id='word_1_515' title='bbox 571 4154 814 4220; x_wconf 83' lang='grc' dir='ltr'>σκοπεῖν,</span> <span class='ocrx_word' id='word_1_516' title='bbox 843 4152 1033 4221; x_wconf 77' lang='grc' dir='ltr'>δψεται</span> <span class='ocrx_word' id='word_1_517' title='bbox 1065 4151 1163 4220; x_wconf 80' lang='grc' dir='ltr'>μὲν</span> <span class='ocrx_word' id='word_1_518' title='bbox 1187 4146 1312 4210; x_wconf 71' lang='grc' dir='ltr'>τοὺς</span> <span class='ocrx_word' id='word_1_519' title='bbox 1338 4144 1532 4207; x_wconf 83' lang='grc' dir='ltr'>ἄλλους</span> <span class='ocrx_word' id='word_1_520' title='bbox 1563 4143 1700 4212; x_wconf 78' lang='grc' dir='ltr'>ὀργῇ</span> 
     </span>
    </p>
   </div>
   <div class='ocr_carea' id='block_1_74' title="bbox 155 4230 1701 4316">
    <p class='ocr_par' dir='ltr' id='par_1_74' title="bbox 155 4230 1701 4316">
     <span class='ocr_line' id='line_1_74' title="bbox 155 4230 1701 4316; baseline -0.012 -16"><span class='ocrx_word' id='word_1_521' title='bbox 155 4248 246 4300; x_wconf 78' lang='grc' dir='ltr'>καὶ</span> <span class='ocrx_word' id='word_1_522' title='bbox 294 4244 453 4316; x_wconf 84' lang='grc' dir='ltr'>θυμῷ</span> <span class='ocrx_word' id='word_1_523' title='bbox 502 4241 1011 4314; x_wconf 79' lang='grc' dir='ltr'>στρατηγουμένους</span> <span class='ocrx_word' id='word_1_524' title='bbox 1069 4239 1160 4292; x_wconf 73' lang='grc' dir='ltr'>καὶ</span> <span class='ocrx_word' id='word_1_525' title='bbox 1195 4236 1503 4306; x_wconf 80' lang='grc' dir='ltr'>γράφοντας</span> <span class='ocrx_word' id='word_1_526' title='bbox 1552 4230 1701 4298; x_wconf 85' lang='grc' dir='ltr'>παρὰ</span> 
     </span>
    </p>
   </div>
   <div class='ocr_carea' id='block_1_75' title="bbox 154 4323 1703 4399">
    <p class='ocr_par' dir='ltr' id='par_1_75' title="bbox 154 4323 1703 4399">
     <span class='ocr_line' id='line_1_75' title="bbox 154 4323 1703 4399; baseline -0.011 -9"><span class='ocrx_word' id='word_1_527' title='bbox 154 4338 406 4390; x_wconf 84' lang='grc' dir='ltr'>τοσοῦτον</span> <span class='ocrx_word' id='word_1_528' title='bbox 439 4335 648 4398; x_wconf 81' lang='grc' dir='ltr'>πάθους</span> <span class='ocrx_word' id='word_1_529' title='bbox 690 4335 933 4394; x_wconf 74' lang='grc' dir='ltr'>ἐκείνους</span> <span class='ocrx_word' id='word_1_530' title='bbox 975 4330 1034 4383; x_wconf 81' lang='grc' dir='ltr'>οὒ</span> <span class='ocrx_word' id='word_1_531' title='bbox 1070 4329 1214 4399; x_wconf 88' lang='grc' dir='ltr'>μάλα</span> <span class='ocrx_word' id='word_1_532' title='bbox 1250 4325 1427 4390; x_wconf 73' lang='grc' dir='ltr'>ἐκτὸς,</span> <span class='ocrx_word' id='word_1_533' title='bbox 1465 4323 1703 4392; x_wconf 73' lang='grc' dir='ltr'>παρόσον</span> 
     </span>
    </p>
   </div>
   <div class='ocr_carea' id='block_1_76' title="bbox 154 4422 1132 4498">
    <p class='ocr_par' dir='ltr' id='par_1_76' title="bbox 154 4422 1132 4498">
     <span class='ocr_line' id='line_1_76' title="bbox 154 4422 1132 4498; baseline -0.005 -17"><span class='ocrx_word' id='word_1_534' title='bbox 154 4428 413 4498; x_wconf 80' lang='grc' dir='ltr'>ἀληθείας</span> <span class='ocrx_word' id='word_1_535' title='bbox 443 4427 553 4480; x_wconf 81' lang='grc' dir='ltr'>οὐδ’</span> <span class='ocrx_word' id='word_1_536' title='bbox 583 4427 719 4488; x_wconf 77' lang='grc' dir='ltr'>ὅλως</span> <span class='ocrx_word' id='word_1_537' title='bbox 747 4424 912 4492; x_wconf 74' lang='grc' dir='ltr'>ἔμεγε</span> <span class='ocrx_word' id='word_1_538' title='bbox 943 4422 1132 4481; x_wconf 77' lang='grc' dir='ltr'>ἐκτός.</span> 
     </span>
    </p>
   </div>
   <div class='ocr_carea' id='block_1_77' title="bbox 224 4504 1701 4588">
    <p class='ocr_par' dir='ltr' id='par_1_77' title="bbox 224 4504 1701 4588">
     <span class='ocr_line' id='line_1_77' title="bbox 224 4504 1701 4588; baseline -0.014 -13"><span class='ocrx_word' id='word_1_539' title='bbox 224 4519 302 4574; x_wconf 78' lang='lat'><strong>6’.</strong></span> <span class='ocrx_word' id='word_1_540' title='bbox 335 4521 411 4573; x_wconf 83' lang='grc' dir='ltr'><strong>Οὐ</strong></span> <span class='ocrx_word' id='word_1_541' title='bbox 458 4518 565 4588; x_wconf 82' lang='grc' dir='ltr'><strong>γὰρ</strong></span> <span class='ocrx_word' id='word_1_542' title='bbox 614 4515 914 4583; x_wconf 79' lang='grc' dir='ltr'>λελείψεταί</span> <span class='ocrx_word' id='word_1_543' title='bbox 961 4529 1049 4582; x_wconf 81' lang='grc' dir='ltr'><strong>μοι</strong></span> <span class='ocrx_word' id='word_1_544' title='bbox 1093 4510 1202 4564; x_wconf 86' lang='grc' dir='ltr'>τῶν</span> <span class='ocrx_word' id='word_1_545' title='bbox 1248 4509 1464 4559; x_wconf 85' lang='grc' dir='ltr'>πάντων</span> <span class='ocrx_word' id='word_1_546' title='bbox 1513 4504 1701 4571; x_wconf 83' lang='grc' dir='ltr'>ὥσπερ</span> 
     </span>
    </p>
   </div>
   <div class='ocr_carea' id='block_1_78' title="bbox 153 4596 1700 4677">
    <p class='ocr_par' dir='ltr' id='par_1_78' title="bbox 153 4596 1700 4677">
     <span class='ocr_line' id='line_1_78' title="bbox 153 4596 1700 4677; baseline -0.014 -10"><span class='ocrx_word' id='word_1_547' title='bbox 153 4614 300 4666; x_wconf 64' lang='grc' dir='ltr'>οὐδὲν</span> <span class='ocrx_word' id='word_1_548' title='bbox 329 4612 436 4664; x_wconf 82' lang='grc' dir='ltr'><strong>τῶν</strong></span> <span class='ocrx_word' id='word_1_549' title='bbox 460 4608 884 4677; x_wconf 72' lang='grc' dir='ltr'>ἐπαινουμένων,</span> <span class='ocrx_word' id='word_1_550' title='bbox 915 4605 1083 4664; x_wconf 77' lang='grc' dir='ltr'>οὕτως</span> <span class='ocrx_word' id='word_1_551' title='bbox 1113 4600 1232 4653; x_wconf 82' lang='grc' dir='ltr'>οὐδὲ</span> <span class='ocrx_word' id='word_1_552' title='bbox 1253 4599 1360 4651; x_wconf 85' lang='grc' dir='ltr'><strong>τῶν</strong></span> <span class='ocrx_word' id='word_1_553' title='bbox 1387 4596 1700 4665; x_wconf 83' lang='grc' dir='ltr'>ψεγομένων</span> 
     </span>
    </p>
   </div>
   <div class='ocr_carea' id='block_1_79' title="bbox 153 4687 1700 4773">
    <p class='ocr_par' dir='ltr' id='par_1_79' title="bbox 153 4687 1700 4773">
     <span class='ocr_line' id='line_1_79' title="bbox 153 4687 1700 4773; baseline -0.016 -13"><span class='ocrx_word' id='word_1_554' title='bbox 153 4706 328 4773; x_wconf 72' lang='grc' dir='ltr'>οὐδὲν,</span> <span class='ocrx_word' id='word_1_555' title='bbox 356 4702 411 4756; x_wconf 82' lang='grc' dir='ltr'><strong>εί</strong></span> <span class='ocrx_word' id='word_1_556' title='bbox 434 4721 487 4756; x_wconf 89' lang='grc' dir='ltr'><strong>τι</strong></span> <span class='ocrx_word' id='word_1_557' title='bbox 519 4702 616 4756; x_wconf 75' lang='grc' dir='ltr'>καὶ</span> <span class='ocrx_word' id='word_1_558' title='bbox 657 4698 831 4767; x_wconf 86' lang='grc' dir='ltr'>τούτῳ</span> <span class='ocrx_word' id='word_1_559' title='bbox 869 4695 1050 4764; x_wconf 68' lang='grc' dir='ltr'>σαφῶς</span> <span class='ocrx_word' id='word_1_560' title='bbox 1085 4691 1357 4761; x_wconf 82' lang='grc' dir='ltr'>ἀνθρώπῳ</span> <span class='ocrx_word' id='word_1_561' title='bbox 1391 4703 1453 4754; x_wconf 91' lang='grc' dir='ltr'><strong>γε</strong></span> <span class='ocrx_word' id='word_1_562' title='bbox 1497 4687 1606 4739; x_wconf 72' lang='grc' dir='ltr'>ὄντι</span> <span class='ocrx_word' id='word_1_563' title='bbox 1638 4687 1700 4754; x_wconf 76' lang='grc' dir='ltr'><strong>ἡ·</strong></span> 
     </span>
    </p>
   </div>
   <div class='ocr_carea' id='block_1_80' title="bbox 157 4777 1700 4870">
    <p class='ocr_par' dir='ltr' id='par_1_80' title="bbox 157 4777 1700 4870">
     <span class='ocr_line' id='line_1_80' title="bbox 157 4777 1700 4870; baseline -0.016 -16"><span class='ocrx_word' id='word_1_564' title='bbox 157 4801 454 4870; x_wconf 83' lang='grc' dir='ltr'>μάρτηται,</span> <span class='ocrx_word' id='word_1_565' title='bbox 484 4796 596 4849; x_wconf 76' lang='grc' dir='ltr'>εἴτε</span> <span class='ocrx_word' id='word_1_566' title='bbox 619 4793 757 4847; x_wconf 82' lang='grc' dir='ltr'>κατὰ</span> <span class='ocrx_word' id='word_1_567' title='bbox 785 4787 1004 4860; x_wconf 71' lang='grc' dir='ltr'>γνώμην</span> <span class='ocrx_word' id='word_1_568' title='bbox 1033 4788 1125 4839; x_wconf 77' lang='grc' dir='ltr'>καὶ</span> <span class='ocrx_word' id='word_1_569' title='bbox 1149 4784 1422 4856; x_wconf 79' lang='grc' dir='ltr'>βούλησιν,</span> <span class='ocrx_word' id='word_1_570' title='bbox 1449 4780 1556 4832; x_wconf 77' lang='grc' dir='ltr'>εἴτε</span> <span class='ocrx_word' id='word_1_571' title='bbox 1584 4777 1700 4832; x_wconf 82' lang='grc' dir='ltr'>κατ’</span> 
     </span>
    </p>
   </div>
   <div class='ocr_carea' id='block_1_81' title="bbox 155 4873 1703 4958">
    <p class='ocr_par' dir='ltr' id='par_1_81' title="bbox 155 4873 1703 4958">
     <span class='ocr_line' id='line_1_81' title="bbox 155 4873 1703 4958; baseline -0.015 -13"><span class='ocrx_word' id='word_1_572' title='bbox 155 4893 397 4958; x_wconf 81' lang='grc' dir='ltr'>ἄγνοιαν,</span> <span class='ocrx_word' id='word_1_573' title='bbox 432 4890 540 4942; x_wconf 74' lang='lat' dir='ltr'><strong>she</strong></span> <span class='ocrx_word' id='word_1_574' title='bbox 581 4888 675 4940; x_wconf 75' lang='grc' dir='ltr'>καὶ</span> <span class='ocrx_word' id='word_1_575' title='bbox 701 4885 799 4954; x_wconf 83' lang='grc' dir='ltr'>τῆς</span> <span class='ocrx_word' id='word_1_576' title='bbox 829 4879 922 4936; x_wconf 71' lang='grc' dir='ltr'>τοῦ</span> <span class='ocrx_word' id='word_1_577' title='bbox 955 4883 1142 4952; x_wconf 84' lang='grc' dir='ltr'>χρόνου</span> <span class='ocrx_word' id='word_1_578' title='bbox 1181 4895 1236 4931; x_wconf 87' lang='grc' dir='ltr'><strong>τε</strong></span> <span class='ocrx_word' id='word_1_579' title='bbox 1282 4875 1374 4928; x_wconf 79' lang='grc' dir='ltr'>καὶ</span> <span class='ocrx_word' id='word_1_580' title='bbox 1405 4873 1509 4926; x_wconf 83' lang='grc' dir='ltr'>τῶν</span> <span class='ocrx_word' id='word_1_581' title='bbox 1539 4874 1703 4938; x_wconf 82' lang='grc' dir='ltr'>ἀναγ-</span> 
     </span>
    </p>
   </div>
   <div class='ocr_carea' id='block_1_82' title="bbox 1796 3320 3351 3408">
    <p class='ocr_par' dir='ltr' id='par_1_82' title="bbox 1796 3320 3351 3408">
     <span class='ocr_line' id='line_1_82' title="bbox 1796 3320 3351 3408; baseline -0.001 -32"><span class='ocrx_word' id='word_1_582' title='bbox 1796 3339 1917 3394; x_wconf 70' lang='lat' dir='ltr'><strong>qua:</strong></span> <span class='ocrx_word' id='word_1_583' title='bbox 1958 3331 2014 3377; x_wconf 91' lang='lat' dir='ltr'><strong>et</strong></span> <span class='ocrx_word' id='word_1_584' title='bbox 2047 3320 2358 3408; x_wconf 51' lang='lat' dir='ltr'><strong>inimici/ct</strong></span> <span class='ocrx_word' id='word_1_585' title='bbox 2401 3321 2656 3375; x_wconf 72' lang='lat' dir='ltr'><strong>amicitiae</strong></span> <span class='ocrx_word' id='word_1_586' title='bbox 2703 3322 3052 3375; x_wconf 80' lang='lat' dir='ltr'><strong>simulatores</strong></span> <span class='ocrx_word' id='word_1_587' title='bbox 3090 3321 3351 3376; x_wconf 88' lang='lat' dir='ltr'><strong>insidiose</strong></span> 
     </span>
    </p>
   </div>
   <div class='ocr_carea' id='block_1_83' title="bbox 1797 3412 3348 3480">
    <p class='ocr_par' dir='ltr' id='par_1_83' title="bbox 1797 3412 3348 3480">
     <span class='ocr_line' id='line_1_83' title="bbox 1797 3412 3348 3480; baseline -0.002 -12"><span class='ocrx_word' id='word_1_588' title='bbox 1797 3415 2060 3470; x_wconf 89' lang='lat' dir='ltr'><strong>adversus</strong></span> <span class='ocrx_word' id='word_1_589' title='bbox 2096 3429 2217 3468; x_wconf 87' lang='lat' dir='ltr'><strong>eum</strong></span> <span class='ocrx_word' id='word_1_590' title='bbox 2260 3412 2554 3468; x_wconf 87' lang='lat' dir='ltr'><strong>machinati</strong></span> <span class='ocrx_word' id='word_1_591' title='bbox 2590 3421 2750 3472; x_wconf 83' lang='lat' dir='ltr'><strong>sunt;</strong></span> <span class='ocrx_word' id='word_1_592' title='bbox 2780 3414 2980 3480; x_wconf 89' lang='lat' dir='ltr'><strong>quibus</strong></span> <span class='ocrx_word' id='word_1_593' title='bbox 3011 3422 3188 3465; x_wconf 89' lang='lat' dir='ltr'><strong>tamen</strong></span> <span class='ocrx_word' id='word_1_594' title='bbox 3230 3427 3348 3465; x_wconf 90' lang='lat' dir='ltr'><strong>om-</strong></span> 
     </span>
    </p>
   </div>
   <div class='ocr_carea' id='block_1_84' title="bbox 1798 3505 3351 3575">
    <p class='ocr_par' dir='ltr' id='par_1_84' title="bbox 1798 3505 3351 3575">
     <span class='ocr_line' id='line_1_84' title="bbox 1798 3505 3351 3575; baseline -0.001 -15"><span class='ocrx_word' id='word_1_595' title='bbox 1798 3506 1962 3561; x_wconf 91' lang='lat' dir='ltr'><strong>nibus</strong></span> <span class='ocrx_word' id='word_1_596' title='bbox 1994 3506 2246 3561; x_wconf 82' lang='lat' dir='ltr'><strong>altiorem</strong></span> <span class='ocrx_word' id='word_1_597' title='bbox 2297 3514 2421 3561; x_wconf 80' lang='lat' dir='ltr'><strong>eum</strong></span> <span class='ocrx_word' id='word_1_598' title='bbox 2469 3507 2722 3575; x_wconf 70' lang='lat' dir='ltr'><strong>praestitit</strong></span> <span class='ocrx_word' id='word_1_599' title='bbox 2752 3506 2934 3559; x_wconf 89' lang='lat' dir='ltr'><strong>divina</strong></span> <span class='ocrx_word' id='word_1_600' title='bbox 2968 3505 3083 3573; x_wconf 89' lang='lat' dir='ltr'><strong>ipsa</strong></span> <span class='ocrx_word' id='word_1_601' title='bbox 3131 3509 3351 3568; x_wconf 80' lang='lat' dir='ltr'><strong>dextra;</strong></span> 
     </span>
    </p>
   </div>
   <div class='ocr_carea' id='block_1_85' title="bbox 1799 3595 3352 3669">
    <p class='ocr_par' dir='ltr' id='par_1_85' title="bbox 1799 3595 3352 3669">
     <span class='ocr_line' id='line_1_85' title="bbox 1799 3595 3352 3669; baseline -0.003 -15"><span class='ocrx_word' id='word_1_602' title='bbox 1799 3616 2009 3667; x_wconf 85' lang='lat' dir='ltr'><strong>verear,</strong></span> <span class='ocrx_word' id='word_1_603' title='bbox 2039 3615 2108 3654; x_wconf 91' lang='lat' dir='ltr'><strong>ne</strong></span> <span class='ocrx_word' id='word_1_604' title='bbox 2141 3615 2224 3654; x_wconf 91' lang='lat' dir='ltr'><strong>me</strong></span> <span class='ocrx_word' id='word_1_605' title='bbox 2266 3595 2435 3661; x_wconf 83' lang='lat' dir='ltr'><strong>studii</strong></span> <span class='ocrx_word' id='word_1_606' title='bbox 2464 3614 2591 3669; x_wconf 80' lang='lat' dir='ltr'><strong>erga</strong></span> <span class='ocrx_word' id='word_1_607' title='bbox 2639 3598 2788 3652; x_wconf 91' lang='lat' dir='ltr'><strong>illum</strong></span> <span class='ocrx_word' id='word_1_608' title='bbox 2826 3598 2976 3651; x_wconf 91' lang='lat' dir='ltr'><strong>nimii</strong></span> <span class='ocrx_word' id='word_1_609' title='bbox 3012 3608 3227 3652; x_wconf 88' lang='lat' dir='ltr'><strong>accuset</strong></span> <span class='ocrx_word' id='word_1_610' title='bbox 3252 3598 3352 3651; x_wconf 87' lang='lat' dir='ltr'><strong>ali-</strong></span> 
     </span>
    </p>
   </div>
   <div class='ocr_carea' id='block_1_86' title="bbox 1799 3688 3355 3760">
    <p class='ocr_par' dir='ltr' id='par_1_86' title="bbox 1799 3688 3355 3760">
     <span class='ocr_line' id='line_1_86' title="bbox 1799 3688 3355 3760; baseline -0.004 -15"><span class='ocrx_word' id='word_1_611' title='bbox 1799 3691 1924 3760; x_wconf 90' lang='lat' dir='ltr'><strong>quis</strong></span> <span class='ocrx_word' id='word_1_612' title='bbox 1949 3707 2016 3745; x_wconf 80' lang='lat' dir='ltr'><strong>ex</strong></span> <span class='ocrx_word' id='word_1_613' title='bbox 2054 3691 2123 3743; x_wconf 89' lang='lat' dir='ltr'><strong>iis</strong></span> <span class='ocrx_word' id='word_1_614' title='bbox 2148 3691 2239 3759; x_wconf 89' lang='lat' dir='ltr'><strong>qui</strong></span> <span class='ocrx_word' id='word_1_615' title='bbox 2277 3691 2540 3758; x_wconf 83' lang='lat' dir='ltr'><strong>linguam,</strong></span> <span class='ocrx_word' id='word_1_616' title='bbox 2575 3689 2650 3742; x_wconf 90' lang='lat' dir='ltr'><strong>uti</strong></span> <span class='ocrx_word' id='word_1_617' title='bbox 2683 3704 2801 3753; x_wconf 85' lang='lat' dir='ltr'><strong>nos,</strong></span> <span class='ocrx_word' id='word_1_618' title='bbox 2838 3697 3095 3743; x_wconf 78' lang='lat' dir='ltr'><strong>exercent</strong></span> <span class='ocrx_word' id='word_1_619' title='bbox 3135 3688 3188 3741; x_wconf 92' lang='lat' dir='ltr'><strong>in</strong></span> <span class='ocrx_word' id='word_1_620' title='bbox 3226 3701 3355 3740; x_wconf 82' lang='lat' dir='ltr'><strong>con-</strong></span> 
     </span>
    </p>
   </div>
   <div class='ocr_carea' id='block_1_87' title="bbox 1799 3775 3355 3848">
    <p class='ocr_par' dir='ltr' id='par_1_87' title="bbox 1799 3775 3355 3848">
     <span class='ocr_line' id='line_1_87' title="bbox 1799 3775 3355 3848; baseline -0.006 -12"><span class='ocrx_word' id='word_1_621' title='bbox 1799 3782 2086 3843; x_wconf 80' lang='lat' dir='ltr'><strong>scribenda</strong></span> <span class='ocrx_word' id='word_1_622' title='bbox 2119 3792 2423 3848; x_wconf 88' lang='lat' dir='ltr'><strong>temporum</strong></span> <span class='ocrx_word' id='word_1_623' title='bbox 2450 3782 2761 3833; x_wconf 79' lang='lat' dir='ltr'><strong>uestrorum</strong></span> <span class='ocrx_word' id='word_1_624' title='bbox 2790 3778 3035 3832; x_wconf 81' lang='lat' dir='ltr'><strong>historia.</strong></span> <span class='ocrx_word' id='word_1_625' title='bbox 3065 3775 3355 3830; x_wconf 81' lang='lat' dir='ltr'><strong>Enimvero</strong></span> 
     </span>
    </p>
   </div>
   <div class='ocr_carea' id='block_1_88' title="bbox 1801 3869 3425 3942">
    <p class='ocr_par' dir='ltr' id='par_1_88' title="bbox 1801 3869 3425 3942">
     <span class='ocr_line' id='line_1_88' title="bbox 1801 3869 3425 3942; baseline -0.005 -15"><span class='ocrx_word' id='word_1_626' title='bbox 1801 3873 1847 3927; x_wconf 88' lang='lat' dir='ltr'><strong>si</strong></span> <span class='ocrx_word' id='word_1_627' title='bbox 1889 3873 2011 3942; x_wconf 92' lang='lat' dir='ltr'><strong>quis</strong></span> <span class='ocrx_word' id='word_1_628' title='bbox 2037 3884 2187 3927; x_wconf 78' lang='lat' dir='ltr'><strong>extra</strong></span> <span class='ocrx_word' id='word_1_629' title='bbox 2215 3872 2358 3925; x_wconf 88' lang='lat' dir='ltr'><strong>illam</strong></span> <span class='ocrx_word' id='word_1_630' title='bbox 2395 3869 2779 3926; x_wconf 82' lang='lat' dir='ltr'><strong>historicorum</strong></span> <span class='ocrx_word' id='word_1_631' title='bbox 2816 3870 3119 3939; x_wconf 72' lang='lat' dir='ltr'><strong>palzestram</strong></span> <span class='ocrx_word' id='word_1_632' title='bbox 3148 3870 3356 3930; x_wconf 86' lang='lat' dir='ltr'><strong>consti-</strong></span> <span class='ocrx_word' id='word_1_633' title='bbox 3421 3907 3425 3912; x_wconf 76' lang='grc'>.</span> 
     </span>
    </p>
   </div>
   <div class='ocr_carea' id='block_1_89' title="bbox 1787 3958 3354 4034">
    <p class='ocr_par' dir='ltr' id='par_1_89' title="bbox 1787 3958 3354 4034">
     <span class='ocr_line' id='line_1_89' title="bbox 1787 3958 3354 4034; baseline -0.004 -16"><span class='ocrx_word' id='word_1_634' title='bbox 1787 3973 1974 4028; x_wconf 84' lang='lat' dir='ltr'><strong>tutus,</strong></span> <span class='ocrx_word' id='word_1_635' title='bbox 2004 3975 2260 4034; x_wconf 82' lang='lat' dir='ltr'><strong>tanquam</strong></span> <span class='ocrx_word' id='word_1_636' title='bbox 2291 3965 2618 4034; x_wconf 77' lang='lat' dir='ltr'><strong>agonotlieta</strong></span> <span class='ocrx_word' id='word_1_637' title='bbox 2657 3963 2854 4032; x_wconf 83' lang='lat' dir='ltr'><strong>aliquis</strong></span> <span class='ocrx_word' id='word_1_638' title='bbox 2886 3977 2949 4016; x_wconf 85' lang='lat' dir='ltr'><strong>ac</strong></span> <span class='ocrx_word' id='word_1_639' title='bbox 2989 3976 3179 4032; x_wconf 79' lang='lat' dir='ltr'><strong>pugna:</strong></span> <span class='ocrx_word' id='word_1_640' title='bbox 3208 3958 3354 4012; x_wconf 82' lang='lat' dir='ltr'><strong>arbi-</strong></span> 
     </span>
    </p>
   </div>
   <div class='ocr_carea' id='block_1_90' title="bbox 1806 4049 3357 4125">
    <p class='ocr_par' dir='ltr' id='par_1_90' title="bbox 1806 4049 3357 4125">
     <span class='ocr_line' id='line_1_90' title="bbox 1806 4049 3357 4125; baseline -0.006 -14"><span class='ocrx_word' id='word_1_641' title='bbox 1806 4067 1886 4112; x_wconf 89' lang='lat' dir='ltr'><strong>tcr</strong></span> <span class='ocrx_word' id='word_1_642' title='bbox 1926 4057 2292 4125; x_wconf 84' lang='lat' dir='ltr'><strong>inenrruptus,</strong></span> <span class='ocrx_word' id='word_1_643' title='bbox 2327 4066 2576 4125; x_wconf 87' lang='lat' dir='ltr'><strong>spectare</strong></span> <span class='ocrx_word' id='word_1_644' title='bbox 2613 4055 2766 4118; x_wconf 79' lang='lat' dir='ltr'><strong>velit,</strong></span> <span class='ocrx_word' id='word_1_645' title='bbox 2802 4053 3180 4122; x_wconf 35' lang='lat' dir='ltr'><strong>videbitocerte</strong></span> <span class='ocrx_word' id='word_1_646' title='bbox 3223 4049 3357 4102; x_wconf 83' lang='lat' dir='ltr'><strong>alios</strong></span> 
     </span>
    </p>
   </div>
   <div class='ocr_carea' id='block_1_91' title="bbox 1804 4139 3356 4218">
    <p class='ocr_par' dir='ltr' id='par_1_91' title="bbox 1804 4139 3356 4218">
     <span class='ocr_line' id='line_1_91' title="bbox 1804 4139 3356 4218; baseline -0.008 -14"><span class='ocrx_word' id='word_1_647' title='bbox 1804 4149 1898 4204; x_wconf 73' lang='lat' dir='ltr'><strong>im</strong></span> <span class='ocrx_word' id='word_1_648' title='bbox 1941 4150 2234 4218; x_wconf 80' lang='lat' dir='ltr'><strong>animoque</strong></span> <span class='ocrx_word' id='word_1_649' title='bbox 2288 4147 2516 4216; x_wconf 87' lang='lat' dir='ltr'><strong>obsequi</strong></span> <span class='ocrx_word' id='word_1_650' title='bbox 2565 4155 2819 4214; x_wconf 88' lang='lat' dir='ltr'><strong>tanquam</strong></span> <span class='ocrx_word' id='word_1_651' title='bbox 2868 4143 3017 4207; x_wconf 87' lang='lat' dir='ltr'><strong>duci,</strong></span> <span class='ocrx_word' id='word_1_652' title='bbox 3064 4152 3227 4210; x_wconf 90' lang='lat' dir='ltr'><strong>atque</strong></span> <span class='ocrx_word' id='word_1_653' title='bbox 3283 4139 3356 4192; x_wconf 91' lang='lat' dir='ltr'><strong>ita</strong></span> 
     </span>
    </p>
   </div>
   <div class='ocr_carea' id='block_1_92' title="bbox 1802 4230 3355 4307">
    <p class='ocr_par' dir='ltr' id='par_1_92' title="bbox 1802 4230 3355 4307">
     <span class='ocr_line' id='line_1_92' title="bbox 1802 4230 3355 4307; baseline -0.008 -13"><span class='ocrx_word' id='word_1_654' title='bbox 1802 4240 2063 4304; x_wconf 87' lang='lat' dir='ltr'><strong>scribere,</strong></span> <span class='ocrx_word' id='word_1_655' title='bbox 2095 4251 2152 4293; x_wconf 90' lang='lat' dir='ltr'><strong>ut</strong></span> <span class='ocrx_word' id='word_1_656' title='bbox 2175 4237 2631 4307; x_wconf 84' lang='lat' dir='ltr'><strong>quemadmodum</strong></span> <span class='ocrx_word' id='word_1_657' title='bbox 2655 4251 2756 4305; x_wconf 78' lang='lat' dir='ltr'><strong>ego</strong></span> <span class='ocrx_word' id='word_1_658' title='bbox 2783 4251 2888 4289; x_wconf 87' lang='lat' dir='ltr'><strong>nou</strong></span> <span class='ocrx_word' id='word_1_659' title='bbox 2920 4232 3141 4288; x_wconf 90' lang='lat' dir='ltr'><strong>omnino</strong></span> <span class='ocrx_word' id='word_1_660' title='bbox 3166 4230 3355 4283; x_wconf 89' lang='lat' dir='ltr'><strong>absum</strong></span> 
     </span>
    </p>
   </div>
   <div class='ocr_carea' id='block_1_93' title="bbox 1803 4324 3358 4435">
    <p class='ocr_par' dir='ltr' id='par_1_93' title="bbox 1803 4324 3358 4435">
     <span class='ocr_line' id='line_1_93' title="bbox 1803 4324 3358 4435; baseline -0.009 -46"><span class='ocrx_word' id='word_1_661' title='bbox 1803 4351 1833 4389; x_wconf 89' lang='lat' dir='ltr'><strong>a</strong></span> <span class='ocrx_word' id='word_1_662' title='bbox 1867 4334 2114 4435; x_wconf 51' lang='lat' dir='ltr'><strong>veritjite,</strong></span> <span class='ocrx_word' id='word_1_663' title='bbox 2152 4332 2230 4386; x_wconf 92' lang='lat' dir='ltr'><strong>sic</strong></span> <span class='ocrx_word' id='word_1_664' title='bbox 2257 4341 2312 4385; x_wconf 90' lang='lat' dir='ltr'><strong>et</strong></span> <span class='ocrx_word' id='word_1_665' title='bbox 2339 4330 2440 4398; x_wconf 87' lang='lat' dir='ltr'><strong>ipsi</strong></span> <span class='ocrx_word' id='word_1_666' title='bbox 2477 4330 2545 4384; x_wconf 93' lang='lat' dir='ltr'><strong>ab</strong></span> <span class='ocrx_word' id='word_1_667' title='bbox 2589 4329 2737 4382; x_wconf 90' lang='lat' dir='ltr'><strong>omni</strong></span> <span class='ocrx_word' id='word_1_668' title='bbox 2768 4339 2989 4395; x_wconf 80' lang='lat' dir='ltr'><strong>prorsus</strong></span> <span class='ocrx_word' id='word_1_669' title='bbox 3019 4324 3216 4377; x_wconf 81' lang='lat' dir='ltr'><strong>atl&#39;ectu</strong></span> <span class='ocrx_word' id='word_1_670' title='bbox 3248 4337 3358 4376; x_wconf 89' lang='lat' dir='ltr'><strong>non</strong></span> 
     </span>
    </p>
   </div>
   <div class='ocr_carea' id='block_1_94' title="bbox 1803 4425 2126 4481">
    <p class='ocr_par' dir='ltr' id='par_1_94' title="bbox 1803 4425 2126 4481">
     <span class='ocr_line' id='line_1_94' title="bbox 1803 4425 2126 4481; baseline -0.015 -1"><span class='ocrx_word' id='word_1_671' title='bbox 1803 4427 1911 4481; x_wconf 86' lang='lat' dir='ltr'><strong>sint</strong></span> <span class='ocrx_word' id='word_1_672' title='bbox 1943 4425 2126 4479; x_wconf 85' lang='lat' dir='ltr'><strong>alieni.</strong></span> 
     </span>
    </p>
   </div>
   <div class='ocr_carea' id='block_1_95' title="bbox 1875 4507 3353 4594">
    <p class='ocr_par' dir='ltr' id='par_1_95' title="bbox 1875 4507 3353 4594">
     <span class='ocr_line' id='line_1_95' title="bbox 1875 4507 3353 4594; baseline -0.009 -23"><span class='ocrx_word' id='word_1_673' title='bbox 1875 4515 1965 4594; x_wconf 36' lang='lat' dir='ltr'><strong>lIX.</strong></span> <span class='ocrx_word' id='word_1_674' title='bbox 2005 4515 2134 4569; x_wconf 76' lang='lat' dir='ltr'><strong>Mitti</strong></span> <span class='ocrx_word' id='word_1_675' title='bbox 2164 4512 2309 4567; x_wconf 88' lang='lat' dir='ltr'><strong>enim</strong></span> <span class='ocrx_word' id='word_1_676' title='bbox 2345 4521 2402 4566; x_wconf 93' lang='lat' dir='ltr'><strong>ut</strong></span> <span class='ocrx_word' id='word_1_677' title='bbox 2458 4512 2592 4566; x_wconf 81' lang='lat' dir='ltr'><strong>nihil</strong></span> <span class='ocrx_word' id='word_1_678' title='bbox 2643 4526 2834 4569; x_wconf 87' lang='lat' dir='ltr'><strong>eorum</strong></span> <span class='ocrx_word' id='word_1_679' title='bbox 2872 4523 2991 4579; x_wconf 62' lang='lat' dir='ltr'><strong>qua!</strong></span> <span class='ocrx_word' id='word_1_680' title='bbox 3037 4507 3353 4572; x_wconf 86' lang='lat' dir='ltr'><strong>laudantur,</strong></span> 
     </span>
    </p>
   </div>
   <div class='ocr_carea' id='block_1_96' title="bbox 1805 4599 3358 4675">
    <p class='ocr_par' dir='ltr' id='par_1_96' title="bbox 1805 4599 3358 4675">
     <span class='ocr_line' id='line_1_96' title="bbox 1805 4599 3358 4675; baseline -0.009 -13"><span class='ocrx_word' id='word_1_681' title='bbox 1805 4609 1880 4662; x_wconf 90' lang='lat' dir='ltr'><strong>ita</strong></span> <span class='ocrx_word' id='word_1_682' title='bbox 1917 4621 2020 4662; x_wconf 88' lang='lat' dir='ltr'><strong>nec</strong></span> <span class='ocrx_word' id='word_1_683' title='bbox 2045 4622 2233 4661; x_wconf 86' lang='lat' dir='ltr'><strong>eorum</strong></span> <span class='ocrx_word' id='word_1_684' title='bbox 2265 4621 2384 4675; x_wconf 70' lang='lat' dir='ltr'><strong>quae</strong></span> <span class='ocrx_word' id='word_1_685' title='bbox 2408 4608 2789 4675; x_wconf 87' lang='lat' dir='ltr'><strong>vituperantur</strong></span> <span class='ocrx_word' id='word_1_686' title='bbox 2817 4601 3113 4671; x_wconf 87' lang='lat' dir='ltr'><strong>quidquam</strong></span> <span class='ocrx_word' id='word_1_687' title='bbox 3147 4599 3358 4652; x_wconf 78' lang='lat' dir='ltr'><strong>omitte-</strong></span> 
     </span>
    </p>
   </div>
   <div class='ocr_carea' id='block_1_97' title="bbox 1802 4678 3357 4764">
    <p class='ocr_par' dir='ltr' id='par_1_97' title="bbox 1802 4678 3357 4764">
     <span class='ocr_line' id='line_1_97' title="bbox 1802 4678 3357 4764; baseline -0.009 -15"><span class='ocrx_word' id='word_1_688' title='bbox 1802 4705 1913 4759; x_wconf 87' lang='lat' dir='ltr'><strong>tur,</strong></span> <span class='ocrx_word' id='word_1_689' title='bbox 1955 4678 1999 4750; x_wconf 73' lang='lat' dir='ltr'><strong>Si</strong></span> <span class='ocrx_word' id='word_1_690' title='bbox 2039 4694 2168 4764; x_wconf 90' lang='lat' dir='ltr'><strong>quid</strong></span> <span class='ocrx_word' id='word_1_691' title='bbox 2199 4695 2266 4747; x_wconf 88' lang='lat' dir='ltr'><strong>ab</strong></span> <span class='ocrx_word' id='word_1_692' title='bbox 2291 4696 2393 4747; x_wconf 88' lang='lat' dir='ltr'><strong>isto</strong></span> <span class='ocrx_word' id='word_1_693' title='bbox 2434 4702 2619 4761; x_wconf 86' lang='lat' dir='ltr'><strong>utpote</strong></span> <span class='ocrx_word' id='word_1_694' title='bbox 2658 4691 2876 4745; x_wconf 90' lang='lat' dir='ltr'><strong>bomine</strong></span> <span class='ocrx_word' id='word_1_695' title='bbox 2909 4696 3190 4758; x_wconf 87' lang='lat' dir='ltr'><strong>peccatum</strong></span> <span class='ocrx_word' id='word_1_696' title='bbox 3225 4701 3357 4739; x_wconf 80' lang='lat' dir='ltr'><strong>con-</strong></span> 
     </span>
    </p>
   </div>
   <div class='ocr_carea' id='block_1_98' title="bbox 1803 4778 3359 4850">
    <p class='ocr_par' dir='ltr' id='par_1_98' title="bbox 1803 4778 3359 4850">
     <span class='ocr_line' id='line_1_98' title="bbox 1803 4778 3359 4850; baseline -0.011 -9"><span class='ocrx_word' id='word_1_697' title='bbox 1803 4795 1928 4850; x_wconf 90' lang='lat' dir='ltr'><strong>stet,</strong></span> <span class='ocrx_word' id='word_1_698' title='bbox 1957 4787 2069 4840; x_wconf 88' lang='lat' dir='ltr'><strong>sive</strong></span> <span class='ocrx_word' id='word_1_699' title='bbox 2096 4785 2325 4838; x_wconf 87' lang='lat' dir='ltr'><strong>consilio</strong></span> <span class='ocrx_word' id='word_1_700' title='bbox 2370 4800 2432 4836; x_wconf 87' lang='lat' dir='ltr'><strong>ac</strong></span> <span class='ocrx_word' id='word_1_701' title='bbox 2478 4783 2777 4842; x_wconf 79' lang='lat' dir='ltr'><strong>voluntate,</strong></span> <span class='ocrx_word' id='word_1_702' title='bbox 2813 4781 2928 4833; x_wconf 83' lang='lat' dir='ltr'><strong>sive</strong></span> <span class='ocrx_word' id='word_1_703' title='bbox 2976 4794 3070 4846; x_wconf 89' lang='lat' dir='ltr'><strong>per</strong></span> <span class='ocrx_word' id='word_1_704' title='bbox 3108 4778 3359 4846; x_wconf 84' lang='lat' dir='ltr'><strong>ignoran-</strong></span> 
     </span>
    </p>
   </div>
   <div class='ocr_carea' id='block_1_99' title="bbox 1806 4870 3354 4944">
    <p class='ocr_par' dir='ltr' id='par_1_99' title="bbox 1806 4870 3354 4944">
     <span class='ocr_line' id='line_1_99' title="bbox 1806 4870 3354 4944; baseline -0.01 -10"><span class='ocrx_word' id='word_1_705' title='bbox 1806 4883 1954 4941; x_wconf 83' lang='lat' dir='ltr'><strong>tiam,</strong></span> <span class='ocrx_word' id='word_1_706' title='bbox 1998 4878 2110 4932; x_wconf 85' lang='lat' dir='ltr'><strong>sive</strong></span> <span class='ocrx_word' id='word_1_707' title='bbox 2163 4887 2468 4944; x_wconf 83' lang='lat' dir='ltr'><strong>temporum</strong></span> <span class='ocrx_word' id='word_1_708' title='bbox 2522 4890 2584 4929; x_wconf 83' lang='lat' dir='ltr'><strong>ac</strong></span> <span class='ocrx_word' id='word_1_709' title='bbox 2637 4872 2975 4927; x_wconf 84' lang='lat' dir='ltr'><strong>necessitatis</strong></span> <span class='ocrx_word' id='word_1_710' title='bbox 3012 4870 3058 4921; x_wconf 77' lang='lat' dir='ltr'><strong>\i</strong></span> <span class='ocrx_word' id='word_1_711' title='bbox 3107 4876 3354 4935; x_wconf 65' lang='lat' dir='ltr'><strong>cogente.</strong></span> 
     </span>
    </p>
   </div>
   <div class='ocr_carea' id='block_1_100' title="bbox 154 4959 1695 5049">
    <p class='ocr_par' dir='ltr' id='par_1_100' title="bbox 154 4960 1695 5049">
     <span class='ocr_line' id='line_1_100' title="bbox 154 4960 1695 5049; baseline -0.01 -17"><span class='ocrx_word' id='word_1_712' title='bbox 154 4979 327 5035; x_wconf 74' lang='grc' dir='ltr'>καίων</span> <span class='ocrx_word' id='word_1_713' title='bbox 361 4980 690 5049; x_wconf 75' lang='grc' dir='ltr'>βιαζομένης</span> <span class='ocrx_word' id='word_1_714' title='bbox 706 4960 1042 5047; x_wconf 85' lang='grc' dir='ltr'>πραγμάτων</span> <span class='ocrx_word' id='word_1_715' title='bbox 1065 4974 1258 5041; x_wconf 78' lang='grc' dir='ltr'>φορᾶς.</span> <span class='ocrx_word' id='word_1_716' title='bbox 1293 4968 1376 5040; x_wconf 78' lang='grc' dir='ltr'><strong>[Ρ.</strong></span> <span class='ocrx_word' id='word_1_717' title='bbox 1398 4965 1524 5038; x_wconf 68' lang='grc' dir='ltr'><strong>Δοέ]</strong></span> <span class='ocrx_word' id='word_1_718' title='bbox 1559 4966 1695 5018; x_wconf 82' lang='grc' dir='ltr'>Πάν-</span> 
     </span>
    </p>
   </div>
   <div class='ocr_carea' id='block_1_101' title="bbox 1799 4959 3357 5049">
    <p class='ocr_par' dir='ltr' id='par_1_101' title="bbox 1799 4959 3357 5038">
     <span class='ocr_line' id='line_1_101' title="bbox 1799 4959 3357 5038; baseline -0.01 -13"><span class='ocrx_word' id='word_1_719' title='bbox 1799 4972 1883 5034; x_wconf 70' lang='lat' dir='ltr'><strong>Ex</strong></span> <span class='ocrx_word' id='word_1_720' title='bbox 1919 4971 2001 5023; x_wconf 88' lang='lat' dir='ltr'><strong>bis</strong></span> <span class='ocrx_word' id='word_1_721' title='bbox 2030 4969 2228 5038; x_wconf 85' lang='lat' dir='ltr'><strong>quippe</strong></span> <span class='ocrx_word' id='word_1_722' title='bbox 2266 4968 2520 5021; x_wconf 82' lang='lat' dir='ltr'><strong>omnibus</strong></span> <span class='ocrx_word' id='word_1_723' title='bbox 2556 4981 2618 5019; x_wconf 86' lang='lat' dir='ltr'><strong>ea</strong></span> <span class='ocrx_word' id='word_1_724' title='bbox 2664 4965 2777 5016; x_wconf 83' lang='lat' dir='ltr'><strong>sola</strong></span> <span class='ocrx_word' id='word_1_725' title='bbox 2824 4963 3056 5015; x_wconf 64' lang='lat' dir='ltr'><strong>maxime.</strong></span> <span class='ocrx_word' id='word_1_726' title='bbox 3089 4959 3357 5014; x_wconf 78' lang='lat' dir='ltr'><strong>laudanda</strong></span> 
     </span>
    </p>
   </div>
   <div class='ocr_carea' id='block_1_102' title="bbox 154 5058 1703 5141">
    <p class='ocr_par' dir='ltr' id='par_1_102' title="bbox 154 5058 1703 5141">
     <span class='ocr_line' id='line_1_102' title="bbox 154 5058 1703 5141; baseline -0.008 -18"><span class='ocrx_word' id='word_1_727' title='bbox 154 5089 259 5125; x_wconf 83' lang='grc' dir='ltr'><strong>των</strong></span> <span class='ocrx_word' id='word_1_728' title='bbox 287 5070 399 5141; x_wconf 78' lang='grc' dir='ltr'><strong>γάρ</strong></span> <span class='ocrx_word' id='word_1_729' title='bbox 418 5069 621 5123; x_wconf 81' lang='grc' dir='ltr'>τούτων</span> <span class='ocrx_word' id='word_1_730' title='bbox 654 5068 790 5135; x_wconf 85' lang='grc' dir='ltr'>μόνα</span> <span class='ocrx_word' id='word_1_731' title='bbox 817 5067 884 5118; x_wconf 82' lang='grc' dir='ltr'>τὰ</span> <span class='ocrx_word' id='word_1_732' title='bbox 915 5065 1050 5119; x_wconf 85' lang='grc' dir='ltr'>κατὰ</span> <span class='ocrx_word' id='word_1_733' title='bbox 1077 5064 1300 5130; x_wconf 83' lang='grc' dir='ltr'>γνώμην</span> <span class='ocrx_word' id='word_1_734' title='bbox 1321 5060 1416 5111; x_wconf 84' lang='grc' dir='ltr'>καὶ</span> <span class='ocrx_word' id='word_1_735' title='bbox 1453 5058 1703 5128; x_wconf 67' lang='grc' dir='ltr'>βούλησιν</span> 
     </span>
    </p>
   </div>
   <div class='ocr_carea' id='block_1_103' title="bbox 157 5148 1702 5233">
    <p class='ocr_par' dir='ltr' id='par_1_103' title="bbox 157 5148 1702 5233">
     <span class='ocr_line' id='line_1_103' title="bbox 157 5148 1702 5233; baseline -0.01 -17"><span class='ocrx_word' id='word_1_736' title='bbox 157 5165 265 5233; x_wconf 74' lang='grc' dir='ltr'>ἔχει</span> <span class='ocrx_word' id='word_1_737' title='bbox 291 5165 355 5214; x_wconf 81' lang='grc' dir='ltr'>τὸ</span> <span class='ocrx_word' id='word_1_738' title='bbox 372 5163 569 5229; x_wconf 76' lang='grc' dir='ltr'>κράτος</span> <span class='ocrx_word' id='word_1_739' title='bbox 601 5158 708 5212; x_wconf 83' lang='grc' dir='ltr'><strong>τῶν</strong></span> <span class='ocrx_word' id='word_1_740' title='bbox 742 5157 923 5226; x_wconf 83' lang='grc' dir='ltr'>ψόγων</span> <span class='ocrx_word' id='word_1_741' title='bbox 946 5155 1037 5207; x_wconf 71' lang='grc' dir='ltr'>καὶ</span> <span class='ocrx_word' id='word_1_742' title='bbox 1069 5153 1174 5205; x_wconf 81' lang='grc' dir='ltr'><strong>τῶν</strong></span> <span class='ocrx_word' id='word_1_743' title='bbox 1203 5151 1458 5201; x_wconf 69' lang='grc' dir='ltr'>ἐπαίνων.</span> <span class='ocrx_word' id='word_1_744' title='bbox 1490 5149 1629 5201; x_wconf 81' lang='grc' dir='ltr'>ὐσα</span> <span class='ocrx_word' id='word_1_745' title='bbox 1645 5148 1702 5200; x_wconf 82' lang='grc' dir='ltr'>δὲ</span> 
     </span>
    </p>
   </div>
   <div class='ocr_carea' id='block_1_104' title="bbox 159 5241 1703 5328">
    <p class='ocr_par' dir='ltr' id='par_1_104' title="bbox 159 5241 1703 5328">
     <span class='ocr_line' id='line_1_104' title="bbox 159 5241 1703 5328; baseline -0.014 -18"><span class='ocrx_word' id='word_1_746' title='bbox 159 5256 380 5328; x_wconf 76' lang='grc' dir='ltr'>ῥεούσης</span> <span class='ocrx_word' id='word_1_747' title='bbox 395 5255 457 5306; x_wconf 80' lang='grc' dir='ltr'><strong>τό</strong></span> <span class='ocrx_word' id='word_1_748' title='bbox 480 5270 544 5322; x_wconf 86' lang='grc' dir='ltr'><strong>γε</strong></span> <span class='ocrx_word' id='word_1_749' title='bbox 565 5252 740 5306; x_wconf 83' lang='grc' dir='ltr'>δοκεῖν</span> <span class='ocrx_word' id='word_1_750' title='bbox 755 5249 1070 5319; x_wconf 76' lang='grc' dir='ltr'>αὐτομάτως</span> <span class='ocrx_word' id='word_1_751' title='bbox 1086 5244 1178 5296; x_wconf 80' lang='grc' dir='ltr'>καὶ</span> <span class='ocrx_word' id='word_1_752' title='bbox 1193 5243 1362 5309; x_wconf 85' lang='grc' dir='ltr'>λόγων</span> <span class='ocrx_word' id='word_1_753' title='bbox 1372 5241 1476 5292; x_wconf 83' lang='grc' dir='ltr'>τῶν</span> <span class='ocrx_word' id='word_1_754' title='bbox 1496 5255 1703 5307; x_wconf 80' lang='grc' dir='ltr'>προση-</span> 
     </span>
    </p>
   </div>
   <div class='ocr_carea' id='block_1_105' title="bbox 157 5330 1701 5415">
    <p class='ocr_par' dir='ltr' id='par_1_105' title="bbox 157 5330 1701 5415">
     <span class='ocr_line' id='line_1_105' title="bbox 157 5330 1701 5415; baseline -0.014 -13"><span class='ocrx_word' id='word_1_755' title='bbox 157 5349 358 5402; x_wconf 77' lang='grc' dir='ltr'>κόντων</span> <span class='ocrx_word' id='word_1_756' title='bbox 401 5344 504 5415; x_wconf 80' lang='grc' dir='ltr'>τῆς</span> <span class='ocrx_word' id='word_1_757' title='bbox 544 5344 715 5413; x_wconf 73' lang='grc' dir='ltr'>τύχης</span> <span class='ocrx_word' id='word_1_758' title='bbox 746 5342 922 5406; x_wconf 71' lang='grc' dir='ltr'>έκτδς,</span> <span class='ocrx_word' id='word_1_759' title='bbox 971 5338 1061 5392; x_wconf 80' lang='grc' dir='ltr'>καὶ</span> <span class='ocrx_word' id='word_1_760' title='bbox 1099 5335 1192 5388; x_wconf 88' lang='grc' dir='ltr'>νῦν</span> <span class='ocrx_word' id='word_1_761' title='bbox 1221 5334 1320 5403; x_wconf 67' lang='grc' dir='ltr'>μὲν</span> <span class='ocrx_word' id='word_1_762' title='bbox 1349 5334 1409 5384; x_wconf 74' lang='grc' dir='ltr'><strong>τὸ</strong></span> <span class='ocrx_word' id='word_1_763' title='bbox 1449 5330 1701 5399; x_wconf 78' lang='grc' dir='ltr'>εὔδαιμον</span> 
     </span>
    </p>
   </div>
   <div class='ocr_carea' id='block_1_106' title="bbox 157 5421 1702 5517">
    <p class='ocr_par' dir='ltr' id='par_1_106' title="bbox 157 5421 1702 5517">
     <span class='ocr_line' id='line_1_106' title="bbox 157 5421 1702 5517; baseline -0.016 -22"><span class='ocrx_word' id='word_1_764' title='bbox 157 5442 495 5514; x_wconf 68' lang='grc' dir='ltr'>χορηγούσης</span> <span class='ocrx_word' id='word_1_765' title='bbox 535 5435 647 5497; x_wconf 83' lang='grc' dir='ltr'>τοῖς</span> <span class='ocrx_word' id='word_1_766' title='bbox 675 5434 926 5501; x_wconf 79' lang='grc' dir='ltr'>γινομένο</span> <span class='ocrx_word' id='word_1_767' title='bbox 950 5449 978 5496; x_wconf 90' lang='grc' dir='ltr'><strong>ς</strong></span> <span class='ocrx_word' id='word_1_768' title='bbox 1027 5428 1123 5500; x_wconf 79' lang='grc' dir='ltr'><strong>ὅλῃ</strong></span> <span class='ocrx_word' id='word_1_769' title='bbox 1165 5425 1310 5517; x_wconf 75' lang='grc' dir='ltr'>δεξιᾷ</span> <span class='ocrx_word' id='word_1_770' title='bbox 1351 5421 1444 5517; x_wconf 51' lang='grc' dir='ltr'><strong>καί</strong></span> <span class='ocrx_word' id='word_1_771' title='bbox 1485 5421 1702 5517; x_wconf 67' lang='grc' dir='ltr'>δρόμος</span> 
     </span>
    </p>
   </div>
   <div class='ocr_carea' id='block_1_107' title="bbox 157 5513 1702 5604">
    <p class='ocr_par' dir='ltr' id='par_1_107' title="bbox 157 5513 1702 5604">
     <span class='ocr_line' id='line_1_107' title="bbox 157 5513 1702 5604; baseline -0.013 -19"><span class='ocrx_word' id='word_1_772' title='bbox 157 5513 426 5604; x_wconf 50' lang='grc' dir='ltr'>ἀσχέτως,</span> <span class='ocrx_word' id='word_1_773' title='bbox 452 5527 545 5582; x_wconf 81' lang='grc' dir='ltr'>νῦν</span> <span class='ocrx_word' id='word_1_774' title='bbox 566 5526 623 5580; x_wconf 69' lang='grc' dir='ltr'>δὲ</span> <span class='ocrx_word' id='word_1_775' title='bbox 642 5525 742 5594; x_wconf 77' lang='grc' dir='ltr'>τῆς</span> <span class='ocrx_word' id='word_1_776' title='bbox 770 5524 982 5586; x_wconf 75' lang='grc' dir='ltr'>εὐθείας</span> <span class='ocrx_word' id='word_1_777' title='bbox 1008 5513 1429 5586; x_wconf 71' lang='grc' dir='ltr'>ἀποπλανώσης,</span> <span class='ocrx_word' id='word_1_778' title='bbox 1457 5514 1548 5567; x_wconf 83' lang='grc' dir='ltr'>καὶ</span> <span class='ocrx_word' id='word_1_779' title='bbox 1571 5513 1702 5584; x_wconf 74' lang='grc' dir='ltr'>πρὸς</span> 
     </span>
    </p>
   </div>
   <div class='ocr_carea' id='block_1_108' title="bbox 115 5609 1703 5695">
    <p class='ocr_par' dir='ltr' id='par_1_108' title="bbox 115 5609 1703 5695">
     <span class='ocr_line' id='line_1_108' title="bbox 115 5609 1703 5695; baseline -0.013 -15"><span class='ocrx_word' id='word_1_780' title='bbox 115 5626 120 5629; x_wconf 72' lang='grc'><strong>’</strong></span> <span class='ocrx_word' id='word_1_781' title='bbox 158 5626 439 5695; x_wconf 72' lang='grc' dir='ltr'>ιρημνοῦς</span> <span class='ocrx_word' id='word_1_782' title='bbox 465 5618 831 5692; x_wconf 75' lang='grc' dir='ltr'>όδηγουμένης</span> <span class='ocrx_word' id='word_1_783' title='bbox 860 5614 996 5686; x_wconf 84' lang='grc' dir='ltr'>όμοῦ</span> <span class='ocrx_word' id='word_1_784' title='bbox 1044 5615 1139 5669; x_wconf 79' lang='grc' dir='ltr'>καὶ</span> <span class='ocrx_word' id='word_1_785' title='bbox 1172 5609 1464 5672; x_wconf 86' lang='grc' dir='ltr'>σκοπέλους</span> <span class='ocrx_word' id='word_1_786' title='bbox 1497 5609 1703 5678; x_wconf 85' lang='grc' dir='ltr'>άτοπη-</span> 
     </span>
    </p>
   </div>
   <div class='ocr_carea' id='block_1_109' title="bbox 163 5696 1704 5784">
    <p class='ocr_par' dir='ltr' id='par_1_109' title="bbox 163 5696 1704 5784">
     <span class='ocr_line' id='line_1_109' title="bbox 163 5696 1704 5784; baseline -0.014 -13"><span class='ocrx_word' id='word_1_787' title='bbox 163 5715 370 5783; x_wconf 59' lang='grc' dir='ltr'>μάτων,</span> <span class='ocrx_word' id='word_1_788' title='bbox 398 5717 496 5768; x_wconf 76' lang='grc' dir='ltr'>καὶ</span> <span class='ocrx_word' id='word_1_789' title='bbox 527 5712 826 5784; x_wconf 79' lang='grc' dir='ltr'>πράγματα</span> <span class='ocrx_word' id='word_1_790' title='bbox 856 5706 1069 5776; x_wconf 81' lang='grc' dir='ltr'>θρήνων</span> <span class='ocrx_word' id='word_1_791' title='bbox 1108 5705 1278 5777; x_wconf 70' lang='grc' dir='ltr'>μεστά</span> <span class='ocrx_word' id='word_1_792' title='bbox 1332 5696 1434 5754; x_wconf 67' lang='grc' dir='ltr'>καῖ</span> <span class='ocrx_word' id='word_1_793' title='bbox 1453 5699 1704 5770; x_wconf 78' lang='grc' dir='ltr'>δακρύων</span> 
     </span>
    </p>
   </div>
   <div class='ocr_carea' id='block_1_110' title="bbox 164 5791 1705 5875">
    <p class='ocr_par' dir='ltr' id='par_1_110' title="bbox 164 5791 1705 5875">
     <span class='ocr_line' id='line_1_110' title="bbox 164 5791 1705 5875; baseline -0.01 -18"><span class='ocrx_word' id='word_1_794' title='bbox 164 5803 389 5875; x_wconf 79' lang='grc' dir='ltr'>μακρῦν</span> <span class='ocrx_word' id='word_1_795' title='bbox 435 5804 820 5875; x_wconf 77' lang='grc' dir='ltr'>προξενούσης,</span> <span class='ocrx_word' id='word_1_796' title='bbox 869 5793 948 5861; x_wconf 80' lang='grc' dir='ltr'>οἷς</span> <span class='ocrx_word' id='word_1_797' title='bbox 1004 5797 1365 5866; x_wconf 68' lang='grc' dir='ltr'>κακοπραγείν</span> <span class='ocrx_word' id='word_1_798' title='bbox 1415 5791 1548 5862; x_wconf 77' lang='grc' dir='ltr'>πρὸς</span> <span class='ocrx_word' id='word_1_799' title='bbox 1606 5793 1705 5860; x_wconf 78' lang='grc' dir='ltr'>τῆς</span> 
     </span>
    </p>
   </div>
   <div class='ocr_carea' id='block_1_111' title="bbox 1804 5051 3360 5128">
    <p class='ocr_par' dir='ltr' id='par_1_111' title="bbox 1804 5051 3360 5128">
     <span class='ocr_line' id='line_1_111' title="bbox 1804 5051 3360 5128; baseline -0.01 -12"><span class='ocrx_word' id='word_1_800' title='bbox 1804 5072 1897 5116; x_wconf 86' lang='lat' dir='ltr'><strong>aut</strong></span> <span class='ocrx_word' id='word_1_801' title='bbox 1943 5059 2297 5128; x_wconf 87' lang='lat' dir='ltr'><strong>vituperanda</strong></span> <span class='ocrx_word' id='word_1_802' title='bbox 2349 5066 2496 5117; x_wconf 81' lang='lat' dir='ltr'><strong>sunt,</strong></span> <span class='ocrx_word' id='word_1_803' title='bbox 2546 5073 2665 5124; x_wconf 74' lang='lat' dir='ltr'><strong>qua:</strong></span> <span class='ocrx_word' id='word_1_804' title='bbox 2713 5070 2815 5107; x_wconf 89' lang='lat' dir='ltr'><strong>non</strong></span> <span class='ocrx_word' id='word_1_805' title='bbox 2871 5054 2990 5107; x_wconf 86' lang='lat' dir='ltr'><strong>sine</strong></span> <span class='ocrx_word' id='word_1_806' title='bbox 3036 5051 3262 5107; x_wconf 81' lang='lat' dir='ltr'><strong>consilio</strong></span> <span class='ocrx_word' id='word_1_807' title='bbox 3297 5064 3360 5101; x_wconf 86' lang='lat' dir='ltr'><strong>ac</strong></span> 
     </span>
    </p>
   </div>
   <div class='ocr_carea' id='block_1_112' title="bbox 1805 5144 3357 5211">
    <p class='ocr_par' dir='ltr' id='par_1_112' title="bbox 1805 5144 3357 5211">
     <span class='ocr_line' id='line_1_112' title="bbox 1805 5144 3357 5211; baseline -0.011 -6"><span class='ocrx_word' id='word_1_808' title='bbox 1805 5152 2078 5204; x_wconf 78' lang='lat' dir='ltr'><strong>voluntate</strong></span> <span class='ocrx_word' id='word_1_809' title='bbox 2109 5149 2263 5200; x_wconf 81' lang='lat' dir='ltr'><strong>ﬁunt.</strong></span> <span class='ocrx_word' id='word_1_810' title='bbox 2299 5147 2428 5211; x_wconf 65' lang='lat' dir='ltr'><strong>Qua.-</strong></span> <span class='ocrx_word' id='word_1_811' title='bbox 2475 5160 2601 5198; x_wconf 88' lang='lat' dir='ltr'><strong>vero</strong></span> <span class='ocrx_word' id='word_1_812' title='bbox 2648 5144 2899 5198; x_wconf 83' lang='lat' dir='ltr'><strong>accidunt</strong></span> <span class='ocrx_word' id='word_1_813' title='bbox 2934 5144 3152 5203; x_wconf 76' lang='lat' dir='ltr'><strong>nllcnlt&#39;,</strong></span> <span class='ocrx_word' id='word_1_814' title='bbox 3182 5153 3357 5207; x_wconf 88' lang='lat' dir='ltr'><strong>quan-</strong></span> 
     </span>
    </p>
   </div>
   <div class='ocr_carea' id='block_1_113' title="bbox 1807 5234 3355 5309">
    <p class='ocr_par' dir='ltr' id='par_1_113' title="bbox 1807 5234 3355 5309">
     <span class='ocr_line' id='line_1_113' title="bbox 1807 5234 3355 5309; baseline -0.01 -15"><span class='ocrx_word' id='word_1_815' title='bbox 1807 5255 1918 5295; x_wconf 90' lang='lat' dir='ltr'><strong>tum</strong></span> <span class='ocrx_word' id='word_1_816' title='bbox 1947 5240 2165 5309; x_wconf 86' lang='lat' dir='ltr'><strong>quidem</strong></span> <span class='ocrx_word' id='word_1_817' title='bbox 2193 5238 2429 5302; x_wconf 83' lang='lat' dir='ltr'><strong>videtur,</strong></span> <span class='ocrx_word' id='word_1_818' title='bbox 2461 5247 2666 5290; x_wconf 88' lang='lat' dir='ltr'><strong>tcmcrc</strong></span> <span class='ocrx_word' id='word_1_819' title='bbox 2698 5247 2751 5289; x_wconf 89' lang='lat' dir='ltr'><strong>et</strong></span> <span class='ocrx_word' id='word_1_820' title='bbox 2786 5235 2919 5289; x_wconf 76' lang='lat' dir='ltr'><strong>citra</strong></span> <span class='ocrx_word' id='word_1_821' title='bbox 2955 5234 3123 5300; x_wconf 77' lang='lat' dir='ltr'><strong>legem</strong></span> <span class='ocrx_word' id='word_1_822' title='bbox 3153 5238 3355 5282; x_wconf 56' lang='lat' dir='ltr'><strong>certam</strong></span> 
     </span>
    </p>
   </div>
   <div class='ocr_carea' id='block_1_114' title="bbox 1804 5327 3358 5400">
    <p class='ocr_par' dir='ltr' id='par_1_114' title="bbox 1804 5327 3358 5400">
     <span class='ocr_line' id='line_1_114' title="bbox 1804 5327 3358 5400; baseline -0.012 -12"><span class='ocrx_word' id='word_1_823' title='bbox 1804 5335 2020 5388; x_wconf 83' lang='lat' dir='ltr'><strong>fortuna</strong></span> <span class='ocrx_word' id='word_1_824' title='bbox 2059 5336 2278 5400; x_wconf 76' lang='lat' dir='ltr'><strong>(nempe</strong></span> <span class='ocrx_word' id='word_1_825' title='bbox 2311 5329 2424 5382; x_wconf 66' lang='lat' dir='ltr'><strong>haec</strong></span> <span class='ocrx_word' id='word_1_826' title='bbox 2463 5328 2623 5382; x_wconf 87' lang='lat' dir='ltr'><strong>modo</strong></span> <span class='ocrx_word' id='word_1_827' title='bbox 2658 5327 2968 5379; x_wconf 79' lang='lat' dir='ltr'><strong>tclicitatem</strong></span> <span class='ocrx_word' id='word_1_828' title='bbox 3004 5327 3145 5388; x_wconf 71' lang='lat' dir='ltr'><strong>larga</strong></span> <span class='ocrx_word' id='word_1_829' title='bbox 3196 5333 3358 5371; x_wconf 80' lang='lat' dir='ltr'><strong>iuanu</strong></span> 
     </span>
    </p>
   </div>
   <div class='ocr_carea' id='block_1_115' title="bbox 1804 5411 3359 5494">
    <p class='ocr_par' dir='ltr' id='par_1_115' title="bbox 1804 5411 3359 5494">
     <span class='ocr_line' id='line_1_115' title="bbox 1804 5411 3359 5494; baseline -0.014 -13"><span class='ocrx_word' id='word_1_830' title='bbox 1804 5437 1861 5481; x_wconf 86' lang='lat' dir='ltr'><strong>et</strong></span> <span class='ocrx_word' id='word_1_831' title='bbox 1893 5423 2109 5494; x_wconf 73' lang='lat' dir='ltr'><strong>profuse</strong></span> <span class='ocrx_word' id='word_1_832' title='bbox 2143 5422 2485 5489; x_wconf 72' lang='lat' dir='ltr'><strong>imperti-tur;</strong></span> <span class='ocrx_word' id='word_1_833' title='bbox 2521 5420 2731 5471; x_wconf 74' lang='lat' dir='ltr'><strong>modos</strong></span> <span class='ocrx_word' id='word_1_834' title='bbox 2756 5424 2902 5468; x_wconf 85' lang='lat' dir='ltr'><strong>recta</strong></span> <span class='ocrx_word' id='word_1_835' title='bbox 2934 5411 3015 5466; x_wconf 79' lang='lat' dir='ltr'><strong>via</strong></span> <span class='ocrx_word' id='word_1_836' title='bbox 3043 5412 3359 5464; x_wconf 73' lang='lat' dir='ltr'><strong>aberrantes</strong></span> 
     </span>
    </p>
   </div>
   <div class='ocr_carea' id='block_1_116' title="bbox 1807 5499 3358 5585">
    <p class='ocr_par' dir='ltr' id='par_1_116' title="bbox 1807 5499 3358 5585">
     <span class='ocr_line' id='line_1_116' title="bbox 1807 5499 3358 5585; baseline -0.014 -15"><span class='ocrx_word' id='word_1_837' title='bbox 1807 5517 1860 5570; x_wconf 90' lang='lat' dir='ltr'><strong>in</strong></span> <span class='ocrx_word' id='word_1_838' title='bbox 1911 5529 2148 5585; x_wconf 62' lang='lat' dir='ltr'><strong>praeceps</strong></span> <span class='ocrx_word' id='word_1_839' title='bbox 2204 5513 2316 5580; x_wconf 82' lang='lat' dir='ltr'><strong>agit</strong></span> <span class='ocrx_word' id='word_1_840' title='bbox 2379 5519 2540 5578; x_wconf 88' lang='lat' dir='ltr'><strong>atque</strong></span> <span class='ocrx_word' id='word_1_841' title='bbox 2601 5507 2655 5560; x_wconf 93' lang='lat' dir='ltr'><strong>in</strong></span> <span class='ocrx_word' id='word_1_842' title='bbox 2717 5505 2972 5575; x_wconf 83' lang='lat' dir='ltr'><strong>scopulos</strong></span> <span class='ocrx_word' id='word_1_843' title='bbox 3014 5499 3358 5572; x_wconf 74' lang='lat' dir='ltr'><strong>temeritatis,</strong></span> 
     </span>
    </p>
   </div>
   <div class='ocr_carea' id='block_1_117' title="bbox 1806 5594 3358 5673">
    <p class='ocr_par' dir='ltr' id='par_1_117' title="bbox 1806 5594 3358 5673">
     <span class='ocr_line' id='line_1_117' title="bbox 1806 5594 3358 5673; baseline -0.013 -10"><span class='ocrx_word' id='word_1_844' title='bbox 1806 5601 2159 5673; x_wconf 80' lang='lat' dir='ltr'><strong>lacessitque</strong></span> <span class='ocrx_word' id='word_1_845' title='bbox 2205 5603 2274 5656; x_wconf 86' lang='lat' dir='ltr'><strong>iis</strong></span> <span class='ocrx_word' id='word_1_846' title='bbox 2338 5601 2552 5672; x_wconf 74' lang='lat' dir='ltr'><strong>negotia</strong></span> <span class='ocrx_word' id='word_1_847' title='bbox 2621 5598 2802 5651; x_wconf 80' lang='lat' dir='ltr'><strong>luctus</strong></span> <span class='ocrx_word' id='word_1_848' title='bbox 2867 5611 2930 5649; x_wconf 88' lang='lat' dir='ltr'><strong>ac</strong></span> <span class='ocrx_word' id='word_1_849' title='bbox 2996 5594 3358 5661; x_wconf 72' lang='lat' dir='ltr'><strong>laerymurum</strong></span> 
     </span>
    </p>
   </div>
   <div class='ocr_carea' id='block_1_118' title="bbox 1804 5685 3334 5770">
    <p class='ocr_par' dir='ltr' id='par_1_118' title="bbox 1804 5685 3334 5770">
     <span class='ocr_line' id='line_1_118' title="bbox 1804 5685 3334 5770; baseline -0.009 -20"><span class='ocrx_word' id='word_1_850' title='bbox 1804 5697 1968 5770; x_wconf 56' lang='grc' dir='ltr'><strong>διε</strong></span> <span class='ocrx_word' id='word_1_851' title='bbox 1998 5696 2173 5764; x_wconf 85' lang='lat' dir='ltr'><strong>plena,</strong></span> <span class='ocrx_word' id='word_1_852' title='bbox 2213 5709 2350 5763; x_wconf 87' lang='lat' dir='ltr'><strong>quos</strong></span> <span class='ocrx_word' id='word_1_853' title='bbox 2382 5707 2502 5746; x_wconf 84' lang='lat' dir='ltr'><strong>esse</strong></span> <span class='ocrx_word' id='word_1_854' title='bbox 2537 5691 2781 5744; x_wconf 72' lang='lat' dir='ltr'><strong>infelices</strong></span> <span class='ocrx_word' id='word_1_855' title='bbox 2822 5686 2984 5758; x_wconf 58' lang='lat' dir='ltr'><strong>jussit</strong></span> <span class='ocrx_word' id='word_1_856' title='bbox 3017 5685 3334 5752; x_wconf 85' lang='lat' dir='ltr'><strong>omniputcn</strong></span> 
     </span>
    </p>
   </div>
   <div class='ocr_carea' id='block_1_119' title="bbox 1809 5774 3364 5859">
    <p class='ocr_par' dir='ltr' id='par_1_119' title="bbox 1809 5774 3364 5859">
     <span class='ocr_line' id='line_1_119' title="bbox 1809 5774 3364 5859; baseline -0.012 -14"><span class='ocrx_word' id='word_1_857' title='bbox 1809 5793 1877 5845; x_wconf 90' lang='lat' dir='ltr'><strong>tis</strong></span> <span class='ocrx_word' id='word_1_858' title='bbox 1905 5783 2257 5859; x_wconf 80' lang='lat' dir='ltr'><strong>providentia:</strong></span> <span class='ocrx_word' id='word_1_859' title='bbox 2283 5782 2607 5850; x_wconf 88' lang='lat' dir='ltr'><strong>decretum),</strong></span> <span class='ocrx_word' id='word_1_860' title='bbox 2633 5795 2772 5851; x_wconf 60' lang='lat' dir='ltr'><strong>quin,</strong></span> <span class='ocrx_word' id='word_1_861' title='bbox 2806 5777 3049 5845; x_wconf 84' lang='lat' dir='ltr'><strong>inquam.</strong></span> <span class='ocrx_word' id='word_1_862' title='bbox 3081 5789 3110 5826; x_wconf 87' lang='lat' dir='ltr'><strong>a</strong></span> <span class='ocrx_word' id='word_1_863' title='bbox 3138 5774 3364 5827; x_wconf 74' lang='lat' dir='ltr'><strong>fortuna</strong></span> 
     </span>
    </p>
   </div>
  </div>
