4002 6340
473 324 546 398 [Α.
586 343 653 395 c._
684 322 838 392 IBlSl,

136 332 227 396 873

1092 317 1531 382 BYZANTINAE
1571 287 1948 373 llIs‘TOllLE
1991 316 2131 375 LIB.
2174 316 2333 374 xm.

2503 308 2632 379 [ιτιιιι.
2678 325 2716 362 ι.
2763 317 2994 363 r.tL.£ot..
3036 308 3092 379 2]

3236 313 3339 376 874

135 448 243 517 φῶς
290 447 399 499 τῶν
426 445 812 503 ἀτοπωτάτων,
837 444 906 505 ,ἐν
953 437 1208 506 ἀλλοτρίᾳ
1254 435 1347 486 καὶ
1399 428 1677 500 ὑπερορίῳ

1794 431 2007 484 surdum
2035 445 2158 484 esse
2191 429 2468 489 dictitans,
2505 428 2634 481 dum
2665 429 2875 482 amicus
2905 429 3165 483 alieno‘in
3199 430 3339 496 solo,

135 540 193 607 γῇ
223 535 550 606 σκληρότητι
611 533 838 602 πλείστῃ
890 527 1318 598 προστετηκότος
1357 521 1449 575 τοῦ
1500 521 1680 587 φίλου,

134 629 334 696 διάγειν
362 629 418 679 ὲν
442 624 761 686 εὐπαθείαις
787 622 972 675 αὐτόν.
1004 621 1111 672 Καὶ
1139 621 1186 670 εἰ
1216 617 1313 686 μὲν
1332 615 1461 684 ἐνῆν
1483 613 1681 682 αἵμασι

133 721 301 790 ψυχῆς
332 719 576 788 βάψαντα
606 715 814 785 σκηνὴν
859 717 916 765 ὲν
960 713 1130 782 ταύτῃ
1188 727 1253 779 με
1305 706 1679 777 σκηνοδατείν,
1729 743 1744 761 ,

134 810 191 893 ip!
207 811 274 867 ἄν
307 828 400 881 μοι
450 809 608 860 τοῦτο
650 805 1002 875 παραμύθιον
1049 800 1266 870 εὐγενὲς
1299 799 1432 868 πρὸς
1456 795 1682 858 ἔνδειξιν

135 887 220 972 si};
245 904 304 954 ὲν
337 901 531 971 καρδία
561 900 753 968 φλογὸς
787 900 881 950 καὶ
906 896 1000 948 τοῦ
1030 898 1166 963 πρὸς
1197 892 1286 943 τὸν
1312 890 1464 958 φίλον
1482 887 1684 950 ζῶντος

138 994 318 1046 πόθου.
363 991 518 1043 Ἐπεὶ
539 991 584 1043 δ’
610 990 901 1058 ἀσώματος
926 989 959 1057 ἡ
977 985 1119 1056 ψυχὴ
1149 985 1412 1052 γενομένη
1471 980 1684 1050 κηλῖσιν

139 1087 374 1154 αἱμάτων
401 1083 500 1135 οὐκ
531 1083 932 1149 ἀναπέφυρται,
957 1079 1056 1146 οὐχ
1088 1077 1196 1146 ὁρῶ
1220 1077 1304 1137 τίς
1324 1072 1539 1144 μηχανὴ
1567 1067 1685 1140 βελ-

134 1175 252 1231 τίων
284 1174 482 1240 γένοιτ’
507 1175 572 1227 ἄν
600 1174 726 1243 ἐμοὶ
750 1173 858 1224 τῶν
874 1167 1251 1242 περισχουσῷν
1283 1183 1350 1237 με
1371 1165 1465 1218 νῦν
1482 1160 1694 1250 ὀδυνῶν

137 1267 467 1322 ἀπαλλάττου
475 1282 564 1318 σα.

201 1449 289 1514 ς’.
337 1445 559 1500 Ἑλύπει
616 1444 724 1514 γὰρ
777 1445 872 1496 καὶ
923 1428 1120 1512 κομιδῇ
1197 1441 1560 1508 συνετάραττε
1613 1435 1688 1506 μὴ

143 1538 290 1605 μόνον
319 1536 379 1588 τὸ
407 1535 499 1588 τοῦ
535 1535 802 1604 βασιλέως
829 1534 999 1596 πάθος
1032 1533 1218 1594 αὐτὸν,
1243 1530 1358 1585 ἀλλ’
1406 1532 1505 1598 οὐχ
1526 1524 1690 1600 ἦττον

141 1629 222 1679 κα)⁸
249 1629 314 1679 τὰ
348 1626 449 1694 τῆς
485 1625 755 1696 βασιλίδος
798 1625 1029 1693 δάκρυα,
1090 1624 1231 1675 κατὰ
1288 1622 1383 1683 τὰς
1420 1621 1690 1674 πολυπεν-

141 1719 243 1780 θεῖς
289 1718 559 1788 τρυγόνας
621 1715 926 1786 θρηνούσης
957 1731 1017 1768 τε
1083 1715 1175 1768 καὶ
1205 1712 1512 1782 ἀνιωμένης
1543 1711 1686 1779 μάλα

1784 522 1974 589 patriis
2006 523 2206 577 ﬁnibus
2236 521 2449 591 procul,
2489 519 2710 574 fortuna
2745 521 3035 574 durissima
3066 522 3345 576 conﬂicta-

1783 623 1961 676 retur,
2008 615 2192 668 vivere
2234 629 2292 666 se
2333 612 2539 668 in'terea
2586 612 2948 666 molliuscule.
2991 631 3008 662 ι
3048 613 3114 665 At
3146 614 3337 667 saltem

1785 703 2114 772 (inquiebat)
2149 705 2195 756 si
2243 705 2434 758 liceret
2472 704 2665 756 anima:
2697 704 2960 769 sanguine
2991 703 3197 770 tingere
3229 714 3346 758 tcu-

1784 795 2007 858 torium,
2053 804 2216 864 atque
2269 797 2320 847 in
2367 810 2435 850 eo
2483 810 2568 847 me
2617 797 3344 861 spectandum,proponere,

1785 886 1994 939 illustre
2035 886 2138 940 hoc
2185 886 2317 938 mihi
2366 886 2619 940 solatium
2676 895 2842 950 esset,
2891 901 2998 954 quo
3051 885 3378 950 ﬂauuuam,‘

1784 992 1907 1045 quae
1941 977 2094 1031 ardet
2129 979 2182 1030 in
2231 978 2417 1041 corde,
2451 979 2747 1046 vivumque
2798 980 2958 1033 amici
3012 979 3344 1035 desiderium

1788 1065 1960 1132 palam
1993 1069 2362 1124 ostenderem.
2393 1070 2662 1135 Quoniam
2712 1081 2892 1123 autem
2941 1073 3144 1134 anima,
3173 1072 3352 1126 incor—

1788 1173 1952 1229 porea
2000 1152 2123 1212 cuin
2156 1161 2248 1224 sit,
2281 1161 2430 1213 nulla
2477 1161 2758 1231 sanguinis
2793 1162 2911 1214 labe
2963 1144 3209 1232 respersa
3247 1174 3350 1222 est.

1790 1265 1911 1302 non.
1928 1250 2086 1302 video
2113 1259 2347 1318 quanam
2389 1261 2651 1318 prteterea
2685 1252 2895 1304 meliori
2929 1262 3043 1303 arte
3074 1269 3170 1306 eos
3199 1247 3349 1307 (Ιόίο-

1792 1357 1900 1401 res.
1935 1341 2134 1410 quibus
2167 1357 2312 1395 nunc
2347 1344 2649 1409 opprimor,
2683 1345 2883 1410 possint
2920 1344 3121 1398 levare.
3171 1367 3189 1397 ι

1863 1431 1950 1499 Yl.
1994 1432 2275 1504 Angebant
2309 1434 2454 1486 enim
2487 1450 2612 1487 eum
2654 1448 2716 1486 ac
2747 1435 3099 1490 vehementer
3125 1450 3352 1494 contur-

1790 1525 2014 1589 babant,
2043 1541 2151 1578 non
2181 1526 2526 1594 imperatoris
2557 1525 2822 1590 duntaxat
2851 1527 3147 1591 calamitas,
3176 1532 3268 1584 sed
3297 1544 3351 1584 et

1791 1618 2037 1686 lacrymze
2068 1616 2428 1685 imperatricis
2453 1632 2560 1670 non
2597 1617 2802 1672 minus.
2834 1619 3041 1689 Nempe
3081 1622 3191 1677 ha'c
3223 1642 3351 1691 qm:-

1791 1708 2030 1762 rularum
2067 1719 2339 1762 turturum
2369 1724 2521 1764 more
2551 1709 2952 1768 lamentabatur
2982 1722 3036 1765 et
3067 1717 3353 1770 acerbissi-

141 1775 343 1878 mx-pdi;
365 1775 496 1878 περὶ
528 1775 620 1860 τοῦ
657 1775 895 1875 συζύγου
911 1775 1011 1858 καὶ
1037 1804 1325 1873 βασιλέως,
1347 1775 1449 1856 ’καὶ
1469 1775 1679 1871 ’σφόδρα

1794 1815 1874 1854 me
1897 1800 2161 1856 maerebat
2184 1801 2252 1854 ob
2279 1803 2583 1855 absentiam
2609 1803 2856 1872 conjugis
2893 1803 3258 1872 imperatoris.
3286 1811 3351 1860 de

140 1901 527 1972 ἀδημονούσης,
573 1901 664 1952 καὶ
697 1899 813 1968 ἅμα
839 1897 1174 1968 πανταχόθεν
1203 1897 1260 1960 ὲς
1291 1897 1483 1966 βύθους
1507 1895 1683 1948 ὠθου-

144 1997 300 2059 μένης
337 1993 598 2060 μακροὺς,
631 1990 724 2043 τοῦ
755 1989 1008 2054 καθάπαξ
1057 1996 1150 2042 καὶ
1203 1989 1333 2040 αὑτό
1369 2004 1432 2055 γε
1478 1989 1538 2040 τὸ
1585 1987 1684 2056 ζῇν

141 2083 462 2151 ἀπογνῶναι.
498 2083 568 2134 Οἵ
590 2099 647 2135 τε
687 2081 794 2150 γὰρ
823 2084 888 2134 ὲκ
929 2080 1221 2152 Βυζαντίου
1262 2079 1537 2147 πολέμιοι,
1586 2078 1682 2146 μέ-

141 2193 224 2244 χρι
281 2173 588 2242 προαυλίων
643 2172 1022 2242 Διδυμοτείχου
1074 2170 1420 2242 συχνὰς-τὰς
1467 2169 1686 2237 ἐφόδους

145 2265 466 2334 ποιούμενοι,
499 2264 694 2336 μικροῦ
722 2265 817 2317 καὶ
849 2267 1123 2333 τειχήρεις
1160 2263 1436 2326 ὲδιάζοντο
1469 2261 1686 2323 τούτους

143 2357 401 2426 καθῆσθαι
421 2375 439 2394 ο
471 2358 499 2409 ὅ
523 2375 576 2408 τε
609 2358 760 2425 λιμὸς
803 2348 950 2423 μετὰ
970 2357 1076 2408 τῶν
1109 2355 1344 2423 συνεχῶν
1396 2355 1486 2405 καὶ
1524 2353 1684 2404 πολυ-

143 2451 346 2502 πλόκων
394 2449 692 2501 ἐπιϐουλῶν
741 2448 1118 2518 χαλεπώτερος
1176 2445 1353 2515 πολλῷ
1415 2445 1522 2496 τῶν
1561 2445 1690 2507 ἔξω·

143 2541 224 2592 θεν
253 2542 508 2610 πολέμιος
543 2537 631 2611 ἦν,
666 2542 759 2594 ἅτε
788 2542 1056 2604 συνέστιος
1083 2542 1173 2593 καὶ
1204 2539 1492 2609 όμόστεγος
1515 2539 1688 2606 ὑπάρ-

144 2651 244 2701 χων
266 2635 466 2695 αὐτός·
505 2634 558 2684 οἵ
603 2651 662 2686 τε
731 2637 956 2704 φρουροὶ
1005 2635 1101 2686 καὶ
1165 2632 1534 2702 ἡμεροσκόποι
1580 2631 1686 2682 τῶν

147 2724 460 2790 Βυζαντίων,
491 2728 558 2779 τὰ
601 2726 788 2794 ἐνεδρά
817 2744 874 2780 τε
917 2727 1100 2780 πάντα
1149 2726 1243 2777 καὶ
1280 2726 1377 2787 τὰς
1427 2725 1690 2793 παρόδους

143 2817 502 2884 διαλαχόντες,
537 2817 786 2884 ἐμποδὼν
837 2819 1113 2886 ἐγίγνοντο
1149 2817 1293 2886 μάλα
1333 2832 1395 2877 γε
1435 2815 1692 2883 ἐθελούσῃ

144 2909 204 2960 δι’
253 2909 592 2979 ότωνδήποτε
656 2909 830 2980 λάθρα
867 2911 1157 2980 μανθάνειν
1225 2909 1352 2976 περὶ
1411 2905 1504 2958 τοῦ
1539 2904 1693 2974 βασι-

144 2999 288 3061 λέπος.

206 3091 287 3164 [Ρ.
315 3091 438 3164 δῦθι
468 3095 543 3147 Ζ⁹.
577 3095 948 3163 Παρεμυθεῖτο
1002 3085 1180 3147 τοίνυν
1227 3092 1476 3162 τοιαύτης
1523 3093 1690 3162 τύχης
1723 3132 1764 3188 C

143 3184 462 3253 τραγῳδίαις
499 3185 761 3237 συνοῦσαν
817 3185 1003 3254 αὐτὴν,
1035 3185 1132 3238 καὶ
1187 3187 1493 3256 ὑπισχνεῖτο
1545 3187 1694 3255 πάσῃ

142 3272 310 3341 ψυχῆς
361 3272 636 3344 προθυμίᾳ
660 3274 730 3326 τὰ
768 3275 906 3327 κατὰ
943 3275 1166 3345 γνώμην
1192 3263 1387 3329 ἃῖιανθ⁹
1406 3278 1694 3347 ὑπηρετεῖ-

146 3360 285 3425 σθαι,
305 3361 407 3413 κᾶν
425 3362 519 3433 δέῃ
539 3363 634 3414 καὶ
659 3361 887 3415 Θάνατον
919 3363 1205 3430 ὑπομένειν
1227 3363 1406 3416 αὐτόν.
1426 3362 1576 3438 Ἐπεὶ
1598 3363 1639 3414 δ’
1661 3363 1695 3431 ή

144 3454 278 3520 φορὰ
302 3453 396 3504 τοῦ
428 3455 689 3522 χειμῶνος
715 3453 925 3523 ἐκείνου
959 3453 1173 3521 νύκτωρ
1207 3455 1300 3506 καὶ
1336 3453 1454 3522 μεθ’
1485 3454 1696 3524 ἡμέραν

146 3542 230 3594 ἀεὶ
267 3543 403 3612 πρὸς
448 3544 510 3595 τὸ
554 3545 914 3612 ἀκμαιότερον
960 3543 1290 3612 προύκοπτε,
1334 3544 1429 3596 καὶ
1483 3543 1699 3596 ἀνέλπι-

146 3647 263 3682 στον
294 3633 428 3694 τέως
450 3631 614 3684 ἐτίθει
647 3634 706 3685 τὸ
748 3633 843 3684 τοῦ
889 3632 1051 3701 ἀέρος
1095 3632 1372 3700 μειδίαμα,
1427 3633 1523 3683 καὶ
1579 3631 1695 3698 ἅμα

145 3719 310 3790 πολλὴ
340 3722 435 3773 καὶ
460 3721 690 3791 συνεχής
715 3739 798 3779 τις
827 3721 1124 3790 ἐπενέμετο
1156 3719 1332 3790 φθορὰ
1373 3719 1462 3773 τὸν
1494 3721 1696 3790 Περσι-

147 3812 236 3863 κὸν
272 3811 522 3880 στρατὸν,
548 3812 615 3882 ἢν
652 3814 684 3881 ή
734 3811 826 3865 τοῦ
859 3812 1124 3882 χειμῶνος
1163 3812 1372 3864 ἔτικτεν
1409 3812 1562 3880 ἀκμὴ
1602 3811 1695 3863 καὶ

147 3902 275 3969 πρός
306 3919 370 3970 γε
396 3902 507 3954 τῶν
537 3903 852 3967 ἀναγκαίων
896 3904 927 3970 ἡ
978 3903 1202 3971 ἀπορία,
1234 3901 1328 3953 καὶ
1358 3901 1482 3970 μήθ’
1519 3900 1696 3970 ἑαυτῷ

149 3994 281 4061 ιιήτε
313 3995 425 4054 τοῖς
447 3994 623 4060 φίλοις
657 3995 716 4047 ἐν
770 4013 832 4060 γε
885 3995 964 4063 τῷ
1019 3995 1244 4064 παρόντι
1280 3991 1513 4062 ’βοηθεῖν
1551 3993 1697 4062 αὑτῷ

149 4086 324 4153 ῥᾴδιον
352 4081 442 4155 ἦν,
475 4085 728 4153 ἐμποδὼν
757 4087 1046 4154 ἱσταμένου
1101 4085 1321 4154 τρόποις
1365 4087 1699 4156 ἀπορρήτοις

147 4182 234 4232 τοῦ
269 4180 416 4233 θείου
457 4179 818 4250 βουλήματος,
842 4180 1027 4234 οἴκαδε
1055 4179 1145 4233 τὸν
1187 4177 1571 4246 Ἑλλήσποντον
1586 4180 1699 4232 δια-

149 4274 242 4332 C-‘z;
279 4272 527 4342 ἐπανῄει,

217 4364 299 4415 ll'.
323 4362 432 4429 Τῆς
491 4360 555 4430 δὴ
617 4376 871 4427 τοιαύτης
925 4359 1017 4411 τοῦ
1067 4360 1273 4428 Πέρσου
1325 4362 1556 4427 σπουδῆς
1619 4365 1698 4422 εἰς

1784 1907 1893 1962 quo
1922 1902 2042 1947 erat
2082 1891 2236 1945 valde
2278 1893 2458 1946 anxia.
2494 1893 2632 1946 Tum
2667 1896 2856 1946 eadem
2891 1895 3053 1948 simul
3091 1897 3140 1948 in
3179 1900 3349 1950 maxi-

1787 1985 1891 2038 mis
1939 1984 2194 2052 periculis
2239 1983 2584 2047 versabatur,
2631 2001 2752 2046 qua:
2794 2001 2911 2038 eam
2965 1987 3043 2039 sic
3093 2005 3157 2041 ex
3200 1990 3349 2042 omni

1787 2087 1942 2147 parte
1971 2076 2423 2138 circumstabant,
2473 2087 2534 2129 ut
2583 2078 2758 2159 ipsius
2791 2093 3008 2148 quoque
3038 2077 3162 2131 vita:
3199 2097 3347 2146 spem

1788 2183 2012 2240 prorsus
2043 2168 2326 2238 abjiccret.
2357 2168 2491 2221 Nam
2523 2178 2578 2222 et
2626 2169 2810 2224 hostes
2843 2170 2908 2223 ad
2963 2171 3139 2239 ipsum
3176 2188 3348 2239 usque

1791 2259 2158 2329 Didymotichi
2204 2257 2373 2312 limen
2411 2258 2666 2329 Byzantio
2712 2260 2943 2315 subinde
2994 2268 3350 2316 excurrentes

1789 2351 2062 2404 moenibus
2100 2366 2237 2419 pene
2271 2350 2485 2404 clausos
2520 2351 2711 2406 sedere
2751 2353 2882 2406 istos
2933 2353 3199 2418 cogebant
3240 2371 3252 2405 :
3295 2364 3352 2405 et

1790 2442 1981 2506 fames,
2009 2459 2130 2496 cum
2161 2443 2375 2495 insidiis
2398 2444 2676 2498 continuis
2705 2454 2760 2497 et
2792 2445 3190 2513 multiplicibus
3216 2461 3350 2498 con-

1786 2537 1999 2603 juncta,
2024 2543 2248 2587 externo
2273 2533 2427 2587 hoste
2449 2535 2605 2604 longe
2631 2544 2750 2589 erat
2779 2536 3162 2605 importunior,
3193 2541 3350 2607 quip-

1793 2641 1856 2694 pe
1895 2626 2193 2678 domeStica
2227 2634 2279 2678 et
2317 2626 2744 2682 contubernalis.
2783 2628 3052 2683 Custodes
3093 2642 3349 2698 prmterra

1793 2731 1857 2770 ac
1907 2718 2280 2785 Speculatores
2327 2716 2628 2787 Byzantini,
2679 2734 2870 2772 omnes
2918 2727 2974 2774 et
3022 2720 3258 2776 latebras
3299 2739 3354 2777 et

1791 2811 2002 2864 viarum
2036 2811 2179 2863 inter
2223 2825 2281 2863 se
2325 2808 2510 2880 partiti
2557 2810 2760 2875 aditus,
2813 2812 3105 2866 obstabant
3152 2815 3351 2878 eidem,

1792 2917 1900 2968 quo
1936 2903 2115 2955 minus
2165 2902 2300 2955 clam
2349 2917 2446 2968 per
2499 2917 2858 2970 quoscunque
2910 2904 2977 2956 de
3031 2904 3356 2974 imperatore

1792 2994 2201 3052 sciscitaretur;
2237 2994 2287 3045 id
2320 2994 2466 3060 quod
2502 3009 2682 3048 tamen
2721 2995 2875 3049 valde
2910 2997 3184 3064 cupiebat.

1877 3084 1986 3137 νη.
2052 3083 2335 3136 Solabatur
2395 3084 2576 3152 itaque
2639 3086 2780 3138 illam
2828 3086 3088 3141 Amurius
3128 3090 3178 3141 in
3234 3091 3356 3143 talis

1798 3175 2026 3229 fcrtunce
2059 3175 2220 3245 652
2259 3176 2557 3244 tragwdiis,
2608 3179 3087 3247 promitti-batque,
3130 3196 3355 3234 exsecu-

1799 3278 1980 3322 turum
2026 3284 2081 3320 se
2117 3268 2263 3320 omni
2297 3268 2475 3320 studio
2524 3269 2788 3335 quidquid
2841 3269 2914 3321 illi
2968 3273 3142 3323 visum
3195 3274 3354 3332 foret.

1797 3360 1898 3414 etsi
1932 3375 2076 3412 mors
2107 3350 2252 3412 esset
2284 3361 2395 3426 ipsa
2423 3359 2727 3411 subeunda.
2764 3359 2963 3411 Verum
2998 3361 3121 3426 quia
3159 3361 3357 3416 hiemis

1798 3452 1943 3504 illius
1977 3453 2054 3503 vis
2080 3451 2172 3502 diu
2211 3460 2484 3518 noctuque
2518 3450 2899 3505 vehementius
2927 3467 3144 3521 semper
3176 3455 3356 3523 ingra-

1796 3542 2049 3596 vescebat
2083 3559 2144 3594 ac
2178 3557 2326 3610 spem
2363 3544 2575 3596 interim
2612 3545 2907 3598 serenioris
2947 3547 3068 3600 (ιωίὶ
3101 3547 3362 3603 interclu-

1797 3633 1977 3696 debat,
2010 3634 2278 3700 simulque
2327 3635 2628 3688 exercitum
2670 3637 2953 3688 Persicum
3003 3638 3260 3706 frequens
3304 3653 3373 3697 et.

1796 3727 2054 3781 continua
2084 3725 2329 3793 quaedam
2361 3726 2480 3779 lues
2509 3725 2929 3794 depascebatur,
2957 3745 3118 3797 quam
3166 3742 3221 3784 et
3263 3747 3348 3786 se

1799 3820 2080 3872 vissimum
2107 3817 2275 3884 frigus
2305 3817 2572 3885 pariebat.
2603 3829 2658 3872 et
2686 3819 2797 3888 ipsa
2831 3837 3049 3891 quoque
3081 3840 3263 3876 rerum
3291 3826 3353 3880 ad

1799 3910 2003 3963 victum
2033 3910 2462 3963 necessariarum
2503 3913 2766 3978 penuria;
2798 3929 2860 3965 ac
2892 3931 3067 3982 neque
3116 3916 3216 3969 sibi
3269 3935 3332 3969 ne

1800 4016 1906 4069 que
1938 4000 2132 4054 amicis
2171 4000 2329 4052 facile
2357 4000 2444 4053 ille
2477 4011 2687 4069 poterat
2713 4002 2764 4054 in
2798 4005 3050 4071 praesenti
3081 4006 3351 4073 epitulari,

1800 4093 2053 4145 obstante
2098 4090 2278 4143 divina
2315 4091 2617 4154 voluntate,
2666 4093 2882 4145 arcanis
2929 4093 3114 4146 nescio
3162 4095 3358 4162 quibus

1800 4183 2126 4248 rationibus,
2159 4181 2381 4234 domum
2425 4182 2648 4249 traiecto
2685 4182 3038 4250 Hellesponto
3083 4201 3356 4253 regres>u~

1799 4287 1901 4331 csl.
2959 4329 2966 4336 .

1873 4367 2005 4420 Vlll.
2034 4369 2166 4419 Cum
2201 4365 2245 4416 is
2271 4363 2459 4416 fuisset
2488 4363 2672 4415 exitus
2704 4362 2930 4417 l‘ersicm
2967 4365 3111 4419 illius
3145 4368 3362 4434 expedi-

145 4451 299 4504 τιιῦτο
331 4452 537 4512 -τέλους
601 4449 940 4518 ἐληλυθυίας,
980 4450 1223 4520 δεύτερος
1285 4453 1311 4502 ό
1354 4452 1421 4536 τά
1460 4453 1695 4520 πολέμια

1805 4459 2004 4520 tionis;
2037 4458 2317 4525 proximus
2342 4454 2721 4509 Cantaeuzeno
2752 4456 2826 4508 rei
2859 4457 3064 4508 bellica}
3098 4458 3265 4525 gloria
3294 4476 3360 4510 es

151 4546 457 4612 κράτιστος,
508 4543 604 4596 καὶ
650 4543 757 4598 τῶν
795 4545 851 4594 ὲν
912 4543 1274 4610 Διδυμοτείχῳ
1327 4546 1695 4614 καταλειφθέν.

1808 4551 2042 4605 ducibus
2071 4549 2426 4617 Didymotichi
2459 4547 2662 4600 relictis
2697 4563 2835 4599 unus
2861 4548 2942 4602 (ut
2971 4547 3230 4615 diximus)
3257 4550 3364 4602 Ma-

150 4653 251 4685 των
281 4634 602 4706 στρατηγῶν
653 4635 748 4704 (ὡς
798 4632 1138 4704 εἰρήκειμεν)
1203 4630 1309 4698 εἷς,
1380 4635 1631 4708 Μανουὴλ
1679 4644 1707 4693 ό

152 4725 720 4795 Ἰάρχανειιίιτηςζη),
752 4725 809 4787 ὃς
855 4713 922 4793 δή
971 4725 1090 4778 καθ’
1130 4721 1268 4795 αἷμα
1316 4730 1603 4796 προσήκων
1632 4729 1707 4799 τῷ

155 4817 367 4884 βασιλεῖ
389 4818 484 4870 καὶ
513 4819 746 4887 ήρωῖκός
781 4815 948 4887 τιςῆν
985 4819 1014 4869 ό
1060 4819 1220 4888 ἀνὴρ,
1273 4820 1362 4871 καὶ
1412 4821 1476 4873 τὰ
1528 4821 1706 4876 πάντα

153 4911 414 4975 γενναῖος,
439 4911 534 4961 καὶ
563 4911 719 4978 χεῖρα
741 4900 840 4972 ’καὶ
889 4909 1112 4977 γνώμην
1143 4909 1236 4960 καὶ
1289 4910 1552 4978 σώματος
1575 4915 1705 4965 ἀνα-

151 5001 375 5069 ερομὴν,
403 5002 498 5053 καὶ
526 5002 742 5063 πολλαῖς
766 5003 866 5071 ’μὲν
892 5004 1187 5071 ἐναθλήσας
1242 5002 1441 5070 μάχαις
1477 5003 1700 5072 πολεμι-

153 5093 296 5151 καῖς,
331 5091 550 5152 πολλαῖς
577 5091 622 5144 δ’
653 5093 1061 5162 ἐγκαρτερήσας
1110 5092 1366 5160 πληγαῖς,
1414 5092 1698 5159 κράτιστος

153 5183 339 5248 γέγονε
363 5183 431 5232 τὰ
461 5182 520 5243 ὲς
545 5184 736 5252 πεῖραν
765 5186 1068 5254 πολεμικήν
1097 5201 1112 5213 θ
1139 5185 1206 5236 δι’
1242 5183 1276 5236 ἂ
1307 5184 1368 5252 δὴ
1403 5186 1492 5236 καὶ
1534 5202 1700 5254 στρα-

151 5274 315 5341 τηγὸς
351 5271 456 5323 τῶν
488 5273 546 5329 ὲν
593 5273 954 5344 Διδυμοτείχῳ
991 5277 1270 5343 δυνάμεων
1316 5277 1446 5344 πρὸς
1479 5275 1572 5327 τοῦ
1603 5283 1701 5344 βα-

155 5364 342 5426 σιλέως
362 5361 738 5430 καταλειφθεὶς
789 5366 933 5434 ψυχή
991 5385 1072 5428 τις
1132 5361 1198 5434 ἧν
1237 5361 1511 5427 τοῖς“ὲκεί
1553 5383 1702 5436 τηνι-

156 5455 331 5509 καῦτα
365 5457 458 5508 καὶ
483 5454 734 5524 χρηστῶν
763 5456 993 5508 ἐλπίδων
1030 5458 1297 5526 θησαυρός
1331 5473 1343 5485 °
1400 5452 1552 5520 οὗτος
1610 5459 1700 5510 οὖν

1811 4642 1937 4696 nuel
1957 4640 2375 4696 Tarchauiotes.
2401 4637 2747 4702 imperatoris
2776 4648 3057 4706 cognatus,
3087 4641 3167 4692 vir
3192 4643 3362 4692 heroi.

1809 4733 1909 4785 bus
1942 4730 2138 4784 similis
2166 4743 2229 4781 ac
2273 4742 2366 4795 per
2397 4725 2577 4777 omnia
2614 4734 2912 4791 strenuus;
2952 4744 3137 4792 ntanu,
3177 4733 3360 4782 consi-

1807 4825 1881 4878 lio
1911 4834 1963 4875 et
2009 4818 2255 4887 corporis
2305 4816 2628 4883 proceritate
2678 4829 2975 4885 praestans;
3018 4819 3109 4886 qui
3149 4820 3360 4872 bellicis

1804 4909 2078 4964 laboribus
2105 4906 2451 4970 exercitatus,
2481 4917 2536 4959 et
2567 4906 2733 4958 multa
2771 4907 2997 4957 vulnera
3033 4910 3360 4962 constantis-

1802 5003 1938 5055 sime
1973 5012 2284 5068 perpessus,
2321 5011 2587 5049 summam
2633 4997 2684 5046 in
2721 5010 2774 5047 re
2819 4995 3040 5046 militari
3073 5012 3356 5066 compara-

1804 5099 1954 5144 verat
1981 5086 2394 5156 experientiam,
2438 5084 2669 5149 ideoque
2704 5083 2771 5135 ab
2807 5084 3136 5150 imperatore
3171 5087 3362 5152 pnel‘e—

1804 5192 1924 5235 etus
1953 5181 2018 5234 iis
2048 5178 2235 5246 cepiis,
2269 5189 2388 5242 qua:
2418 5172 2782 5242 Didymotichi
2818 5187 2993 5236 erant,
3027 5176 3222 5227 anima:
3263 5193 3357 5225 eu-

1799 5273 2010 5343 jusdam
2041 5269 2208 5321 instar
2235 5280 2294 5317 ac
2315 5263 2462 5316 velut
2494 5263 2647 5316 bona:
2674 5265 2784 5332 spei
2823 5267 3113 5318 thesaurus
3144 5266 3208 5316 iis
3239 5279 3358 5316 esse

1811 5361 2094 5416 videbatur
2130 5374 2141 5408 :
2175 5357 2241 5413 is,
2276 5354 2522 5422 inquam.
2571 5356 2718 5408 solus
2753 5365 2865 5407 tum
2899 5357 3083 5407 animo
3124 5355 3363 5406 conﬁsus

1812 5452 2092 5522 quaesitum
2133 5446 2298 5499 exivit
2337 5446 2745 5514 imperatorem,
2785 5445 3161 5513 llidymoticho
3193 5445 3363 5497 cmis-

1492 5596 1816 5657 Vai'iorum
1859 5593 2041 5650 ῐιοιω·

224 5735 738 5810 (74)(Ζυεηοιηεηῑο
785 5741 1103 5810 Κουρτὶκης.
1164 5742 1458 5799 Cantaeuz.
1489 5747 1581 5802 lih.
1623 5763 1695 5809 ιιι,

1794 5760 1838 5813 ιρ
1888 5738 1970 5798 l0,
2006 5732 2093 5793 '59,
2117 5730 2203 5781 ΤΟ.
2243 5729 2468 5782 [ὶυωιιο.

471 5830 736 5889 Pauor“
777 5831 891 5891 Gn.
938 5831 1230 5891 CXLVI“
