  <div class='ocr_page' id='page_1' title='image "/cluster/home/n/w/nwhite01/storage/ocr_20150623/148/pst.000005714674/483.png"; bbox 0 0 4020 6334; ppageno 0'>
   <div class='ocr_carea' id='block_1_1' title="bbox 679 399 779 464">
    <p class='ocr_par' dir='ltr' id='par_1_1' title="bbox 679 399 779 464">
     <span class='ocr_line' id='line_1_1' title="bbox 679 399 779 464; baseline -0.03 0"><span class='ocrx_word' id='word_1_1' title='bbox 679 399 779 464; x_wconf 74' lang='lat'><strong>95-1</strong></span> 
     </span>
    </p>
   </div>
   <div class='ocr_carea' id='block_1_2' title="bbox 926 398 1567 476">
    <p class='ocr_par' dir='ltr' id='par_1_2' title="bbox 926 398 1567 476">
     <span class='ocr_line' id='line_1_2' title="bbox 926 398 1567 476; baseline 0.016 -26"><span class='ocrx_word' id='word_1_2' title='bbox 926 398 1000 469; x_wconf 64' lang='grc' dir='ltr'><strong>[Α.</strong></span> <span class='ocrx_word' id='word_1_3' title='bbox 1043 415 1100 453; x_wconf 73' lang='grc' dir='ltr'>ιι.</span> <span class='ocrx_word' id='word_1_4' title='bbox 1143 400 1430 463; x_wconf 58' lang='lat' dir='ltr'><strong>ossam.</strong></span> <span class='ocrx_word' id='word_1_5' title='bbox 1477 403 1567 476; x_wconf 75' lang='grc' dir='ltr'>ιε]</span> 
     </span>
    </p>
   </div>
   <div class='ocr_carea' id='block_1_3' title="bbox 1819 411 2711 483">
    <p class='ocr_par' dir='ltr' id='par_1_3' title="bbox 1819 411 2711 483">
     <span class='ocr_line' id='line_1_3' title="bbox 1819 411 2711 483; baseline 0.016 -13"><span class='ocrx_word' id='word_1_6' title='bbox 1819 463 1828 470; x_wconf 88' lang='grc'><strong>.</strong></span> <span class='ocrx_word' id='word_1_7' title='bbox 1865 411 2288 474; x_wconf 78' lang='grc' dir='ltr'><strong>ΝῘΟΕΡΗΟΒῘ</strong></span> <span class='ocrx_word' id='word_1_8' title='bbox 2326 417 2711 483; x_wconf 75' lang='grc' dir='ltr'>ϐΒΕϐΟΒιΕ</span> 
     </span>
    </p>
   </div>
   <div class='ocr_carea' id='block_1_4' title="bbox 3045 389 3882 500">
    <p class='ocr_par' dir='ltr' id='par_1_4' title="bbox 3045 389 3882 500">
     <span class='ocr_line' id='line_1_4' title="bbox 3045 389 3882 500; baseline 0.006 -22"><span class='ocrx_word' id='word_1_9' title='bbox 3045 389 3179 494; x_wconf 61' lang='lat' dir='ltr'><strong>[tam</strong></span> <span class='ocrx_word' id='word_1_10' title='bbox 3221 440 3268 482; x_wconf 81' lang='grc' dir='ltr'>ι.</span> <span class='ocrx_word' id='word_1_11' title='bbox 3306 409 3550 490; x_wconf 58' lang='lat' dir='ltr'><strong>rauci...</strong></span> <span class='ocrx_word' id='word_1_12' title='bbox 3588 425 3645 500; x_wconf 73' lang='grc' dir='ltr'>ι]</span> <span class='ocrx_word' id='word_1_13' title='bbox 3795 432 3882 496; x_wconf 69' lang='lat'><strong>951</strong></span> 
     </span>
    </p>
   </div>
   <div class='ocr_carea' id='block_1_5' title="bbox 687 521 2238 617">
    <p class='ocr_par' dir='ltr' id='par_1_5' title="bbox 687 521 2238 591">
     <span class='ocr_line' id='line_1_5' title="bbox 687 521 2238 591; baseline 0.009 -23"><span class='ocrx_word' id='word_1_14' title='bbox 687 526 858 571; x_wconf 85' lang='lat' dir='ltr'><strong>tutem</strong></span> <span class='ocrx_word' id='word_1_15' title='bbox 894 529 1074 572; x_wconf 87' lang='lat' dir='ltr'><strong>autem</strong></span> <span class='ocrx_word' id='word_1_16' title='bbox 1104 535 1320 574; x_wconf 89' lang='lat' dir='ltr'><strong>omnem</strong></span> <span class='ocrx_word' id='word_1_17' title='bbox 1345 521 1600 586; x_wconf 75' lang='lat' dir='ltr'><strong>adsciscit</strong></span> <span class='ocrx_word' id='word_1_18' title='bbox 1635 530 1691 576; x_wconf 87' lang='lat' dir='ltr'><strong>et</strong></span> <span class='ocrx_word' id='word_1_19' title='bbox 1719 524 1785 577; x_wconf 90' lang='lat' dir='ltr'><strong>ad</strong></span> <span class='ocrx_word' id='word_1_20' title='bbox 1817 539 1876 578; x_wconf 87' lang='lat' dir='ltr'><strong>se</strong></span> <span class='ocrx_word' id='word_1_21' title='bbox 1905 528 2238 591; x_wconf 88' lang='lat' dir='ltr'><strong>intromittit,</strong></span> 
     </span>
    </p>
   </div>
   <div class='ocr_carea' id='block_1_6' title="bbox 2335 521 3875 617">
    <p class='ocr_par' dir='ltr' id='par_1_6' title="bbox 2342 534 3875 617">
     <span class='ocr_line' id='line_1_6' title="bbox 2342 534 3875 617; baseline 0.01 -32"><span class='ocrx_word' id='word_1_22' title='bbox 2342 534 2574 588; x_wconf 82' lang='grc' dir='ltr'>είσποιεῐ</span> <span class='ocrx_word' id='word_1_23' title='bbox 2605 538 2697 590; x_wconf 82' lang='grc' dir='ltr'>καὶ</span> <span class='ocrx_word' id='word_1_24' title='bbox 2730 539 3072 605; x_wconf 75' lang='grc' dir='ltr'>είσοικίζεται</span> <span class='ocrx_word' id='word_1_25' title='bbox 3101 546 3304 614; x_wconf 72' lang='grc' dir='ltr'>ἀρετήν</span> <span class='ocrx_word' id='word_1_26' title='bbox 3328 561 3342 578; x_wconf 88' lang='grc'><strong>·</strong></span> <span class='ocrx_word' id='word_1_27' title='bbox 3379 563 3531 617; x_wconf 72' lang='grc' dir='ltr'>παρα</span> <span class='ocrx_word' id='word_1_28' title='bbox 3559 547 3803 602; x_wconf 76' lang='grc' dir='ltr'>τοσοῦτόν</span> <span class='ocrx_word' id='word_1_29' title='bbox 3831 567 3875 601; x_wconf 86' lang='grc' dir='ltr'><strong>τι</strong></span> 
     </span>
    </p>
   </div>
   <div class='ocr_carea' id='block_1_7' title="bbox 686 611 2238 682">
    <p class='ocr_par' dir='ltr' id='par_1_7' title="bbox 686 611 2238 682">
     <span class='ocr_line' id='line_1_7' title="bbox 686 611 2238 682; baseline 0.006 -22"><span class='ocrx_word' id='word_1_30' title='bbox 686 618 906 674; x_wconf 83' lang='lat' dir='ltr'><strong>tamque</strong></span> <span class='ocrx_word' id='word_1_31' title='bbox 964 616 1047 661; x_wconf 87' lang='lat' dir='ltr'><strong>est</strong></span> <span class='ocrx_word' id='word_1_32' title='bbox 1091 623 1285 662; x_wconf 85' lang='lat' dir='ltr'><strong>amans</strong></span> <span class='ocrx_word' id='word_1_33' title='bbox 1331 611 1481 674; x_wconf 89' lang='lat' dir='ltr'><strong>recti,</strong></span> <span class='ocrx_word' id='word_1_34' title='bbox 1535 626 1694 679; x_wconf 89' lang='lat' dir='ltr'><strong>quam</strong></span> <span class='ocrx_word' id='word_1_35' title='bbox 1752 615 1906 682; x_wconf 83' lang='lat' dir='ltr'><strong>pravi</strong></span> <span class='ocrx_word' id='word_1_36' title='bbox 1964 616 2238 670; x_wconf 87' lang='lat' dir='ltr'><strong>inimicus.</strong></span> 
     </span>
    </p>
   </div>
   <div class='ocr_carea' id='block_1_8' title="bbox 687 694 2242 766">
    <p class='ocr_par' dir='ltr' id='par_1_8' title="bbox 687 694 2242 766">
     <span class='ocr_line' id='line_1_8' title="bbox 687 694 2242 766; baseline 0.007 -18"><span class='ocrx_word' id='word_1_37' title='bbox 687 694 852 763; x_wconf 84' lang='lat' dir='ltr'><strong>quue</strong></span> <span class='ocrx_word' id='word_1_38' title='bbox 881 695 1023 750; x_wconf 87' lang='lat' dir='ltr'><strong>idem</strong></span> <span class='ocrx_word' id='word_1_39' title='bbox 1076 697 1164 751; x_wconf 86' lang='lat' dir='ltr'><strong>ille</strong></span> <span class='ocrx_word' id='word_1_40' title='bbox 1206 714 1362 752; x_wconf 88' lang='lat' dir='ltr'><strong>mons</strong></span> <span class='ocrx_word' id='word_1_41' title='bbox 1398 698 1606 766; x_wconf 86' lang='lat' dir='ltr'><strong>pridem</strong></span> <span class='ocrx_word' id='word_1_42' title='bbox 1654 713 1811 756; x_wconf 97' lang='lat' dir='ltr'><strong>antea</strong></span> <span class='ocrx_word' id='word_1_43' title='bbox 1847 704 2137 758; x_wconf 88' lang='lat' dir='ltr'><strong>declaravit</strong></span> <span class='ocrx_word' id='word_1_44' title='bbox 2179 722 2242 759; x_wconf 86' lang='lat' dir='ltr'><strong>ac</strong></span> 
     </span>
    </p>
   </div>
   <div class='ocr_carea' id='block_1_9' title="bbox 685 788 2239 865">
    <p class='ocr_par' dir='ltr' id='par_1_9' title="bbox 685 788 2239 865">
     <span class='ocr_line' id='line_1_9' title="bbox 685 788 2239 865; baseline 0.008 -30"><span class='ocrx_word' id='word_1_45' title='bbox 685 788 1086 855; x_wconf 67' lang='lat' dir='ltr'><strong>pra-nuntiavit,</strong></span> <span class='ocrx_word' id='word_1_46' title='bbox 1123 805 1228 842; x_wconf 83' lang='lat' dir='ltr'><strong>non</strong></span> <span class='ocrx_word' id='word_1_47' title='bbox 1262 790 1425 843; x_wconf 81' lang='lat' dir='ltr'><strong>labris</strong></span> <span class='ocrx_word' id='word_1_48' title='bbox 1453 803 1546 844; x_wconf 91' lang='lat' dir='ltr'><strong>aut</strong></span> <span class='ocrx_word' id='word_1_49' title='bbox 1576 792 1683 846; x_wconf 93' lang='lat' dir='ltr'><strong>ullo</strong></span> <span class='ocrx_word' id='word_1_50' title='bbox 1715 794 1819 847; x_wconf 90' lang='lat' dir='ltr'><strong>alio</strong></span> <span class='ocrx_word' id='word_1_51' title='bbox 1843 796 1989 849; x_wconf 82' lang='lat' dir='ltr'><strong>vocis</strong></span> <span class='ocrx_word' id='word_1_52' title='bbox 2015 811 2239 865; x_wconf 79' lang='lat' dir='ltr'><strong>organo,</strong></span> 
     </span>
    </p>
   </div>
   <div class='ocr_carea' id='block_1_10' title="bbox 687 879 2240 956">
    <p class='ocr_par' dir='ltr' id='par_1_10' title="bbox 687 879 2240 956">
     <span class='ocr_line' id='line_1_10' title="bbox 687 879 2240 956; baseline 0.008 -26"><span class='ocrx_word' id='word_1_53' title='bbox 687 879 777 930; x_wconf 72' lang='lat' dir='ltr'><strong>sed</strong></span> <span class='ocrx_word' id='word_1_54' title='bbox 810 879 1068 956; x_wconf 81' lang='lat' dir='ltr'><strong>operibus</strong></span> <span class='ocrx_word' id='word_1_55' title='bbox 1102 879 1254 947; x_wconf 89' lang='lat' dir='ltr'><strong>quasi</strong></span> <span class='ocrx_word' id='word_1_56' title='bbox 1291 881 1565 945; x_wconf 87' lang='lat' dir='ltr'><strong>animatis,</strong></span> <span class='ocrx_word' id='word_1_57' title='bbox 1598 899 1718 951; x_wconf 59' lang='lat' dir='ltr'><strong>quae</strong></span> <span class='ocrx_word' id='word_1_58' title='bbox 1744 900 1840 953; x_wconf 86' lang='lat' dir='ltr'><strong>per</strong></span> <span class='ocrx_word' id='word_1_59' title='bbox 1869 899 2086 940; x_wconf 88' lang='lat' dir='ltr'><strong>omnem</strong></span> <span class='ocrx_word' id='word_1_60' title='bbox 2118 902 2240 954; x_wconf 82' lang='lat' dir='ltr'><strong>pos-</strong></span> 
     </span>
    </p>
   </div>
   <div class='ocr_carea' id='block_1_11' title="bbox 687 973 2240 1048">
    <p class='ocr_par' dir='ltr' id='par_1_11' title="bbox 687 973 2240 1048">
     <span class='ocr_line' id='line_1_11' title="bbox 687 973 2240 1048; baseline 0.008 -28"><span class='ocrx_word' id='word_1_61' title='bbox 687 977 808 1022; x_wconf 83' lang='lat' dir='ltr'><strong>seut</strong></span> <span class='ocrx_word' id='word_1_62' title='bbox 841 977 998 1022; x_wconf 44' lang='lat' dir='ltr'><strong>terr-te</strong></span> <span class='ocrx_word' id='word_1_63' title='bbox 1035 979 1087 1023; x_wconf 92' lang='lat' dir='ltr'><strong>et</strong></span> <span class='ocrx_word' id='word_1_64' title='bbox 1131 973 1295 1026; x_wconf 90' lang='lat' dir='ltr'><strong>maris</strong></span> <span class='ocrx_word' id='word_1_65' title='bbox 1326 973 1511 1026; x_wconf 90' lang='lat' dir='ltr'><strong>orbem</strong></span> <span class='ocrx_word' id='word_1_66' title='bbox 1560 974 1767 1043; x_wconf 83' lang='lat' dir='ltr'><strong>pulchri</strong></span> <span class='ocrx_word' id='word_1_67' title='bbox 1817 977 2058 1045; x_wconf 87' lang='lat' dir='ltr'><strong>rectique</strong></span> <span class='ocrx_word' id='word_1_68' title='bbox 2107 995 2240 1048; x_wconf 79' lang='lat' dir='ltr'><strong>pra:-</strong></span> 
     </span>
    </p>
   </div>
   <div class='ocr_carea' id='block_1_12' title="bbox 686 1059 2240 1128">
    <p class='ocr_par' dir='ltr' id='par_1_12' title="bbox 686 1059 2240 1128">
     <span class='ocr_line' id='line_1_12' title="bbox 686 1059 2240 1128; baseline 0.008 -19"><span class='ocrx_word' id='word_1_69' title='bbox 686 1059 904 1111; x_wconf 80' lang='lat' dir='ltr'><strong>coniutn</strong></span> <span class='ocrx_word' id='word_1_70' title='bbox 968 1059 1273 1115; x_wconf 72' lang='lat' dir='ltr'><strong>diffundere</strong></span> <span class='ocrx_word' id='word_1_71' title='bbox 1338 1077 1401 1115; x_wconf 84' lang='lat' dir='ltr'><strong>at:</strong></span> <span class='ocrx_word' id='word_1_72' title='bbox 1458 1064 1768 1128; x_wconf 67' lang='lat' dir='ltr'><strong>prtedicare.</strong></span> <span class='ocrx_word' id='word_1_73' title='bbox 1838 1065 2028 1122; x_wconf 59' lang='lat' dir='ltr'><strong>Xerxe</strong></span> <span class='ocrx_word' id='word_1_74' title='bbox 2095 1069 2240 1122; x_wconf 88' lang='lat' dir='ltr'><strong>enim</strong></span> 
     </span>
    </p>
   </div>
   <div class='ocr_carea' id='block_1_13' title="bbox 686 1149 2242 1225">
    <p class='ocr_par' dir='ltr' id='par_1_13' title="bbox 686 1149 2242 1225">
     <span class='ocr_line' id='line_1_13' title="bbox 686 1149 2242 1225; baseline 0.008 -26"><span class='ocrx_word' id='word_1_75' title='bbox 686 1149 832 1202; x_wconf 71' lang='lat' dir='ltr'><strong>illius</strong></span> <span class='ocrx_word' id='word_1_76' title='bbox 862 1150 1058 1203; x_wconf 79' lang='lat' dir='ltr'><strong>veteris</strong></span> <span class='ocrx_word' id='word_1_77' title='bbox 1087 1151 1381 1204; x_wconf 82' lang='lat' dir='ltr'><strong>Barbarum</strong></span> <span class='ocrx_word' id='word_1_78' title='bbox 1407 1161 1460 1204; x_wconf 88' lang='lat' dir='ltr'><strong>et</strong></span> <span class='ocrx_word' id='word_1_79' title='bbox 1492 1153 1723 1207; x_wconf 86' lang='lat' dir='ltr'><strong>ferocem</strong></span> <span class='ocrx_word' id='word_1_80' title='bbox 1755 1157 2018 1220; x_wconf 85' lang='lat' dir='ltr'><strong>animum,</strong></span> <span class='ocrx_word' id='word_1_81' title='bbox 2050 1156 2142 1225; x_wconf 88' lang='lat' dir='ltr'><strong>qui</strong></span> <span class='ocrx_word' id='word_1_82' title='bbox 2186 1159 2242 1211; x_wconf 85' lang='lat' dir='ltr'><strong>in</strong></span> 
     </span>
    </p>
   </div>
   <div class='ocr_carea' id='block_1_14' title="bbox 684 1239 2240 1306">
    <p class='ocr_par' dir='ltr' id='par_1_14' title="bbox 684 1239 2240 1306">
     <span class='ocr_line' id='line_1_14' title="bbox 684 1239 2240 1306; baseline 0.008 -15"><span class='ocrx_word' id='word_1_83' title='bbox 684 1239 855 1306; x_wconf 82' lang='lat' dir='ltr'><strong>ipsam</strong></span> <span class='ocrx_word' id='word_1_84' title='bbox 885 1251 1340 1296; x_wconf 88' lang='lat' dir='ltr'><strong>rerum-naturam</strong></span> <span class='ocrx_word' id='word_1_85' title='bbox 1373 1243 1656 1298; x_wconf 91' lang='lat' dir='ltr'><strong>libidinem</strong></span> <span class='ocrx_word' id='word_1_86' title='bbox 1697 1254 1751 1298; x_wconf 90' lang='lat' dir='ltr'><strong>ct</strong></span> <span class='ocrx_word' id='word_1_87' title='bbox 1785 1245 2059 1300; x_wconf 79' lang='lat' dir='ltr'><strong>lasciviam</strong></span> <span class='ocrx_word' id='word_1_88' title='bbox 2088 1261 2240 1302; x_wconf 89' lang='lat' dir='ltr'><strong>suam</strong></span> 
     </span>
    </p>
   </div>
   <div class='ocr_carea' id='block_1_15' title="bbox 683 1331 2241 1401">
    <p class='ocr_par' dir='ltr' id='par_1_15' title="bbox 683 1331 2241 1401">
     <span class='ocr_line' id='line_1_15' title="bbox 683 1331 2241 1401; baseline 0.006 -18"><span class='ocrx_word' id='word_1_89' title='bbox 683 1332 991 1393; x_wconf 80' lang='lat' dir='ltr'><strong>exercebat,</strong></span> <span class='ocrx_word' id='word_1_90' title='bbox 1019 1341 1180 1399; x_wconf 88' lang='lat' dir='ltr'><strong>atque</strong></span> <span class='ocrx_word' id='word_1_91' title='bbox 1206 1331 1258 1384; x_wconf 91' lang='lat' dir='ltr'><strong>in</strong></span> <span class='ocrx_word' id='word_1_92' title='bbox 1291 1342 1500 1386; x_wconf 89' lang='lat' dir='ltr'><strong>tantum</strong></span> <span class='ocrx_word' id='word_1_93' title='bbox 1529 1335 1702 1388; x_wconf 85' lang='lat' dir='ltr'><strong>elatus</strong></span> <span class='ocrx_word' id='word_1_94' title='bbox 1722 1345 1857 1401; x_wconf 88' lang='lat' dir='ltr'><strong>erat,</strong></span> <span class='ocrx_word' id='word_1_95' title='bbox 1886 1349 1945 1388; x_wconf 89' lang='lat' dir='ltr'><strong>nt</strong></span> <span class='ocrx_word' id='word_1_96' title='bbox 1974 1338 2241 1392; x_wconf 89' lang='lat' dir='ltr'><strong>elementa</strong></span> 
     </span>
    </p>
   </div>
   <div class='ocr_carea' id='block_1_16' title="bbox 683 1421 2243 1495">
    <p class='ocr_par' dir='ltr' id='par_1_16' title="bbox 683 1421 2243 1495">
     <span class='ocr_line' id='line_1_16' title="bbox 683 1421 2243 1495; baseline 0.008 -26"><span class='ocrx_word' id='word_1_97' title='bbox 683 1421 863 1471; x_wconf 85' lang='lat' dir='ltr'><strong>omnia</strong></span> <span class='ocrx_word' id='word_1_98' title='bbox 909 1422 1162 1479; x_wconf 77' lang='lat' dir='ltr'><strong>novando</strong></span> <span class='ocrx_word' id='word_1_99' title='bbox 1214 1433 1470 1482; x_wconf 85' lang='lat' dir='ltr'><strong>mutaret,</strong></span> <span class='ocrx_word' id='word_1_100' title='bbox 1518 1440 1639 1477; x_wconf 88' lang='lat' dir='ltr'><strong>cum</strong></span> <span class='ocrx_word' id='word_1_101' title='bbox 1679 1426 1794 1494; x_wconf 86' lang='lat' dir='ltr'><strong>ejus</strong></span> <span class='ocrx_word' id='word_1_102' title='bbox 1845 1427 2016 1495; x_wconf 83' lang='lat' dir='ltr'><strong>ipsius</strong></span> <span class='ocrx_word' id='word_1_103' title='bbox 2044 1432 2243 1482; x_wconf 78' lang='lat' dir='ltr'><strong>montis</strong></span> 
     </span>
    </p>
   </div>
   <div class='ocr_carea' id='block_1_17' title="bbox 686 1508 2246 1580">
    <p class='ocr_par' dir='ltr' id='par_1_17' title="bbox 686 1508 2246 1580">
     <span class='ocr_line' id='line_1_17' title="bbox 686 1508 2246 1580; baseline 0.005 -19"><span class='ocrx_word' id='word_1_104' title='bbox 686 1508 890 1561; x_wconf 82' lang='lat' dir='ltr'><strong>isthmo</strong></span> <span class='ocrx_word' id='word_1_105' title='bbox 932 1510 1175 1577; x_wconf 83' lang='lat' dir='ltr'><strong>perfosso</strong></span> <span class='ocrx_word' id='word_1_106' title='bbox 1222 1520 1416 1564; x_wconf 90' lang='lat' dir='ltr'><strong>terram</strong></span> <span class='ocrx_word' id='word_1_107' title='bbox 1448 1514 1501 1564; x_wconf 92' lang='lat' dir='ltr'><strong>in</strong></span> <span class='ocrx_word' id='word_1_108' title='bbox 1555 1529 1700 1566; x_wconf 89' lang='lat' dir='ltr'><strong>mare</strong></span> <span class='ocrx_word' id='word_1_109' title='bbox 1741 1516 2116 1580; x_wconf 80' lang='lat' dir='ltr'><strong>convertisset,</strong></span> <span class='ocrx_word' id='word_1_110' title='bbox 2164 1517 2246 1569; x_wconf 88' lang='lat' dir='ltr'><strong>lo-</strong></span> 
     </span>
    </p>
   </div>
   <div class='ocr_carea' id='block_1_18' title="bbox 596 1598 2240 1672">
    <p class='ocr_par' dir='ltr' id='par_1_18' title="bbox 596 1598 2240 1672">
     <span class='ocr_line' id='line_1_18' title="bbox 596 1598 2240 1672; baseline 0.007 -24"><span class='ocrx_word' id='word_1_111' title='bbox 596 1613 597 1620; x_wconf 57' lang='lat'>‘</span> <span class='ocrx_word' id='word_1_112' title='bbox 685 1611 920 1664; x_wconf 78' lang='lat' dir='ltr'><strong>cumque</strong></span> <span class='ocrx_word' id='word_1_113' title='bbox 963 1598 1014 1650; x_wconf 91' lang='lat' dir='ltr'><strong>in</strong></span> <span class='ocrx_word' id='word_1_114' title='bbox 1047 1599 1236 1652; x_wconf 69' lang='lat' dir='ltr'><strong>insula:</strong></span> <span class='ocrx_word' id='word_1_115' title='bbox 1266 1600 1490 1653; x_wconf 83' lang='lat' dir='ltr'><strong>formam</strong></span> <span class='ocrx_word' id='word_1_116' title='bbox 1528 1603 1862 1672; x_wconf 82' lang='lat' dir='ltr'><strong>redegisset;</strong></span> <span class='ocrx_word' id='word_1_117' title='bbox 1916 1621 2038 1659; x_wconf 87' lang='lat' dir='ltr'><strong>cum</strong></span> <span class='ocrx_word' id='word_1_118' title='bbox 2071 1615 2240 1660; x_wconf 88' lang='lat' dir='ltr'><strong>terre-</strong></span> 
     </span>
    </p>
   </div>
   <div class='ocr_carea' id='block_1_19' title="bbox 684 1690 2236 1765">
    <p class='ocr_par' dir='ltr' id='par_1_19' title="bbox 684 1690 2236 1765">
     <span class='ocr_line' id='line_1_19' title="bbox 684 1690 2236 1765; baseline 0.007 -26"><span class='ocrx_word' id='word_1_119' title='bbox 684 1698 824 1740; x_wconf 86' lang='lat' dir='ltr'><strong>stres</strong></span> <span class='ocrx_word' id='word_1_120' title='bbox 853 1690 1035 1756; x_wconf 81' lang='lat' dir='ltr'><strong>capias</strong></span> <span class='ocrx_word' id='word_1_121' title='bbox 1069 1705 1165 1757; x_wconf 89' lang='lat' dir='ltr'><strong>per</strong></span> <span class='ocrx_word' id='word_1_122' title='bbox 1188 1706 1335 1744; x_wconf 85' lang='lat' dir='ltr'><strong>mare</strong></span> <span class='ocrx_word' id='word_1_123' title='bbox 1385 1696 1788 1758; x_wconf 88' lang='lat' dir='ltr'><strong>transmisisset,</strong></span> <span class='ocrx_word' id='word_1_124' title='bbox 1838 1696 2236 1765; x_wconf 80' lang='lat' dir='ltr'><strong>eﬂ‘ccissetque,</strong></span> 
     </span>
    </p>
   </div>
   <div class='ocr_carea' id='block_1_20' title="bbox 685 1780 2235 1854">
    <p class='ocr_par' dir='ltr' id='par_1_20' title="bbox 685 1780 2235 1854">
     <span class='ocr_line' id='line_1_20' title="bbox 685 1780 2235 1854; baseline 0.006 -23"><span class='ocrx_word' id='word_1_125' title='bbox 685 1788 745 1831; x_wconf 88' lang='lat' dir='ltr'><strong>ut</strong></span> <span class='ocrx_word' id='word_1_126' title='bbox 775 1780 978 1834; x_wconf 82' lang='lat' dir='ltr'><strong>navalis</strong></span> <span class='ocrx_word' id='word_1_127' title='bbox 1008 1781 1282 1835; x_wconf 74' lang='lat' dir='ltr'><strong>videretur</strong></span> <span class='ocrx_word' id='word_1_128' title='bbox 1323 1783 1367 1837; x_wconf 90' lang='lat' dir='ltr'><strong>is</strong></span> <span class='ocrx_word' id='word_1_129' title='bbox 1405 1786 1698 1845; x_wconf 81' lang='lat' dir='ltr'><strong>exercitus,</strong></span> <span class='ocrx_word' id='word_1_130' title='bbox 1745 1786 1837 1854; x_wconf 85' lang='lat' dir='ltr'><strong>qui</strong></span> <span class='ocrx_word' id='word_1_131' title='bbox 1881 1795 2000 1839; x_wconf 90' lang='lat' dir='ltr'><strong>erat</strong></span> <span class='ocrx_word' id='word_1_132' title='bbox 2061 1795 2235 1840; x_wconf 85' lang='lat' dir='ltr'><strong>terre-</strong></span> 
     </span>
    </p>
   </div>
   <div class='ocr_carea' id='block_1_21' title="bbox 684 1849 2310 1943">
    <p class='ocr_par' dir='ltr' id='par_1_21' title="bbox 684 1849 2310 1943">
     <span class='ocr_line' id='line_1_21' title="bbox 684 1849 2310 1943; baseline 0.006 -21"><span class='ocrx_word' id='word_1_133' title='bbox 684 1871 833 1935; x_wconf 76' lang='lat' dir='ltr'><strong>stris,</strong></span> <span class='ocrx_word' id='word_1_134' title='bbox 888 1870 1056 1936; x_wconf 89' lang='lat' dir='ltr'><strong>illius,</strong></span> <span class='ocrx_word' id='word_1_135' title='bbox 1091 1869 1331 1939; x_wconf 86' lang='lat' dir='ltr'><strong>inquam,</strong></span> <span class='ocrx_word' id='word_1_136' title='bbox 1367 1873 1558 1927; x_wconf 73' lang='lat' dir='ltr'><strong>Xerva</strong></span> <span class='ocrx_word' id='word_1_137' title='bbox 1605 1849 1911 1943; x_wconf 75' lang='lat' dir='ltr'><strong>superbiam</strong></span> <span class='ocrx_word' id='word_1_138' title='bbox 1962 1877 2015 1928; x_wconf 94' lang='lat' dir='ltr'><strong>in</strong></span> <span class='ocrx_word' id='word_1_139' title='bbox 2072 1878 2237 1931; x_wconf 89' lang='lat' dir='ltr'><strong>totius</strong></span> <span class='ocrx_word' id='word_1_140' title='bbox 2270 1849 2310 1902; x_wconf 71' lang='grc' dir='ltr'><strong>Β</strong></span> 
     </span>
    </p>
   </div>
   <div class='ocr_carea' id='block_1_22' title="bbox 683 1959 2236 2034">
    <p class='ocr_par' dir='ltr' id='par_1_22' title="bbox 683 1959 2236 2034">
     <span class='ocr_line' id='line_1_22' title="bbox 683 1959 2236 2034; baseline 0.005 -24"><span class='ocrx_word' id='word_1_141' title='bbox 683 1959 833 2012; x_wconf 81' lang='lat' dir='ltr'><strong>orbis</strong></span> <span class='ocrx_word' id='word_1_142' title='bbox 857 1959 1296 2028; x_wconf 87' lang='lat' dir='ltr'><strong>frequentissimo</strong></span> <span class='ocrx_word' id='word_1_143' title='bbox 1335 1964 1544 2017; x_wconf 87' lang='lat' dir='ltr'><strong>theatro</strong></span> <span class='ocrx_word' id='word_1_144' title='bbox 1577 1963 2014 2032; x_wconf 83' lang='lat' dir='ltr'><strong>splendidissime</strong></span> <span class='ocrx_word' id='word_1_145' title='bbox 2034 1967 2236 2034; x_wconf 80' lang='lat' dir='ltr'><strong>arguit,</strong></span> 
     </span>
    </p>
   </div>
   <div class='ocr_carea' id='block_1_23' title="bbox 685 2049 2238 2121">
    <p class='ocr_par' dir='ltr' id='par_1_23' title="bbox 685 2049 2238 2121">
     <span class='ocr_line' id='line_1_23' title="bbox 685 2049 2238 2121; baseline 0.003 -18"><span class='ocrx_word' id='word_1_146' title='bbox 685 2055 739 2103; x_wconf 86' lang='lat' dir='ltr'><strong>et</strong></span> <span class='ocrx_word' id='word_1_147' title='bbox 772 2050 888 2116; x_wconf 90' lang='lat' dir='ltr'><strong>ejus</strong></span> <span class='ocrx_word' id='word_1_148' title='bbox 914 2049 1110 2110; x_wconf 84' lang='lat' dir='ltr'><strong>fastum</strong></span> <span class='ocrx_word' id='word_1_149' title='bbox 1143 2053 1374 2106; x_wconf 80' lang='lat' dir='ltr'><strong>maxima</strong></span> <span class='ocrx_word' id='word_1_150' title='bbox 1404 2069 1468 2106; x_wconf 78' lang='lat' dir='ltr'><strong>ex</strong></span> <span class='ocrx_word' id='word_1_151' title='bbox 1500 2063 1650 2121; x_wconf 89' lang='lat' dir='ltr'><strong>parte</strong></span> <span class='ocrx_word' id='word_1_152' title='bbox 1695 2053 1763 2106; x_wconf 92' lang='lat' dir='ltr'><strong>ad</strong></span> <span class='ocrx_word' id='word_1_153' title='bbox 1808 2070 2011 2108; x_wconf 90' lang='lat' dir='ltr'><strong>morem</strong></span> <span class='ocrx_word' id='word_1_154' title='bbox 2041 2055 2238 2108; x_wconf 81' lang='lat' dir='ltr'><strong>huma-</strong></span> 
     </span>
    </p>
   </div>
   <div class='ocr_carea' id='block_1_24' title="bbox 687 2140 2242 2214">
    <p class='ocr_par' dir='ltr' id='par_1_24' title="bbox 687 2140 2242 2214">
     <span class='ocr_line' id='line_1_24' title="bbox 687 2140 2242 2214; baseline 0.005 -22"><span class='ocrx_word' id='word_1_155' title='bbox 687 2140 892 2195; x_wconf 89' lang='lat' dir='ltr'><strong>niorem</strong></span> <span class='ocrx_word' id='word_1_156' title='bbox 947 2141 1182 2204; x_wconf 83' lang='lat' dir='ltr'><strong>reduxit,</strong></span> <span class='ocrx_word' id='word_1_157' title='bbox 1236 2156 1299 2195; x_wconf 91' lang='lat' dir='ltr'><strong>ac</strong></span> <span class='ocrx_word' id='word_1_158' title='bbox 1344 2159 1440 2211; x_wconf 87' lang='lat' dir='ltr'><strong>per</strong></span> <span class='ocrx_word' id='word_1_159' title='bbox 1479 2159 1604 2196; x_wconf 91' lang='lat' dir='ltr'><strong>eum</strong></span> <span class='ocrx_word' id='word_1_160' title='bbox 1667 2159 1855 2198; x_wconf 87' lang='lat' dir='ltr'><strong>omnes</strong></span> <span class='ocrx_word' id='word_1_161' title='bbox 1899 2153 1953 2198; x_wconf 89' lang='lat' dir='ltr'><strong>et</strong></span> <span class='ocrx_word' id='word_1_162' title='bbox 2004 2161 2156 2214; x_wconf 81' lang='lat' dir='ltr'><strong>rcges</strong></span> <span class='ocrx_word' id='word_1_163' title='bbox 2186 2154 2242 2198; x_wconf 91' lang='lat' dir='ltr'><strong>et</strong></span> 
     </span>
    </p>
   </div>
   <div class='ocr_carea' id='block_1_25' title="bbox 687 2230 2238 2300">
    <p class='ocr_par' dir='ltr' id='par_1_25' title="bbox 687 2230 2238 2300">
     <span class='ocr_line' id='line_1_25' title="bbox 687 2230 2238 2300; baseline 0.003 -18"><span class='ocrx_word' id='word_1_164' title='bbox 687 2230 854 2282; x_wconf 86' lang='lat' dir='ltr'><strong>duces</strong></span> <span class='ocrx_word' id='word_1_165' title='bbox 885 2237 940 2282; x_wconf 87' lang='lat' dir='ltr'><strong>et</strong></span> <span class='ocrx_word' id='word_1_166' title='bbox 977 2238 1222 2297; x_wconf 81' lang='lat' dir='ltr'><strong>satrapas</strong></span> <span class='ocrx_word' id='word_1_167' title='bbox 1254 2230 1604 2297; x_wconf 86' lang='lat' dir='ltr'><strong>supercilium</strong></span> <span class='ocrx_word' id='word_1_168' title='bbox 1659 2232 2095 2300; x_wconf 86' lang='lat' dir='ltr'><strong>intempestivum</strong></span> <span class='ocrx_word' id='word_1_169' title='bbox 2141 2234 2238 2287; x_wconf 83' lang='lat' dir='ltr'><strong>ab-</strong></span> 
     </span>
    </p>
   </div>
   <div class='ocr_carea' id='block_1_26' title="bbox 681 2318 2235 2385">
    <p class='ocr_par' dir='ltr' id='par_1_26' title="bbox 681 2318 2235 2385">
     <span class='ocr_line' id='line_1_26' title="bbox 681 2318 2235 2385; baseline 0.002 -14"><span class='ocrx_word' id='word_1_170' title='bbox 681 2320 853 2385; x_wconf 86' lang='lat' dir='ltr'><strong>jicere</strong></span> <span class='ocrx_word' id='word_1_171' title='bbox 901 2326 954 2371; x_wconf 90' lang='lat' dir='ltr'><strong>et</strong></span> <span class='ocrx_word' id='word_1_172' title='bbox 999 2318 1416 2373; x_wconf 81' lang='lat' dir='ltr'><strong>moderatiorem</strong></span> <span class='ocrx_word' id='word_1_173' title='bbox 1472 2319 1714 2372; x_wconf 88' lang='lat' dir='ltr'><strong>animum</strong></span> <span class='ocrx_word' id='word_1_174' title='bbox 1753 2320 1982 2374; x_wconf 88' lang='lat' dir='ltr'><strong>induere</strong></span> <span class='ocrx_word' id='word_1_175' title='bbox 2028 2320 2235 2374; x_wconf 86' lang='lat' dir='ltr'><strong>docuit.</strong></span> 
     </span>
    </p>
   </div>
   <div class='ocr_carea' id='block_1_27' title="bbox 651 2408 2236 2478">
    <p class='ocr_par' dir='ltr' id='par_1_27' title="bbox 651 2408 2236 2478">
     <span class='ocr_line' id='line_1_27' title="bbox 651 2408 2236 2478; baseline 0.004 -21"><span class='ocrx_word' id='word_1_176' title='bbox 651 2455 654 2457; x_wconf 16' lang='grc' dir='ltr'><strong>Α</strong></span> <span class='ocrx_word' id='word_1_177' title='bbox 682 2409 836 2462; x_wconf 79' lang='lat' dir='ltr'><strong>Adeo</strong></span> <span class='ocrx_word' id='word_1_178' title='bbox 864 2417 1100 2462; x_wconf 87' lang='lat' dir='ltr'><strong>montem</strong></span> <span class='ocrx_word' id='word_1_179' title='bbox 1135 2408 1286 2460; x_wconf 91' lang='lat' dir='ltr'><strong>illum</strong></span> <span class='ocrx_word' id='word_1_180' title='bbox 1321 2409 1388 2462; x_wconf 87' lang='lat' dir='ltr'><strong>ab</strong></span> <span class='ocrx_word' id='word_1_181' title='bbox 1416 2408 1574 2461; x_wconf 87' lang='lat' dir='ltr'><strong>initio</strong></span> <span class='ocrx_word' id='word_1_182' title='bbox 1602 2417 1790 2462; x_wconf 89' lang='lat' dir='ltr'><strong>natura</strong></span> <span class='ocrx_word' id='word_1_183' title='bbox 1822 2411 1930 2478; x_wconf 81' lang='lat' dir='ltr'><strong>ipsa</strong></span> <span class='ocrx_word' id='word_1_184' title='bbox 1970 2411 2236 2465; x_wconf 89' lang='lat' dir='ltr'><strong>ofliciuam</strong></span> 
     </span>
    </p>
   </div>
   <div class='ocr_carea' id='block_1_28' title="bbox 683 2499 2236 2572">
    <p class='ocr_par' dir='ltr' id='par_1_28' title="bbox 683 2499 2236 2572">
     <span class='ocr_line' id='line_1_28' title="bbox 683 2499 2236 2572; baseline 0.001 -19"><span class='ocrx_word' id='word_1_185' title='bbox 683 2499 904 2555; x_wconf 81' lang='lat' dir='ltr'><strong>virtutis</strong></span> <span class='ocrx_word' id='word_1_186' title='bbox 926 2515 1044 2554; x_wconf 89' lang='lat' dir='ltr'><strong>esse</strong></span> <span class='ocrx_word' id='word_1_187' title='bbox 1062 2501 1252 2565; x_wconf 80' lang='lat' dir='ltr'><strong>voluit,</strong></span> <span class='ocrx_word' id='word_1_188' title='bbox 1279 2509 1331 2554; x_wconf 92' lang='lat' dir='ltr'><strong>et</strong></span> <span class='ocrx_word' id='word_1_189' title='bbox 1355 2516 1545 2556; x_wconf 89' lang='lat' dir='ltr'><strong>omnes</strong></span> <span class='ocrx_word' id='word_1_190' title='bbox 1568 2503 1886 2572; x_wconf 83' lang='lat' dir='ltr'><strong>jampridem</strong></span> <span class='ocrx_word' id='word_1_191' title='bbox 1910 2502 1974 2554; x_wconf 86' lang='lat' dir='ltr'><strong>ad</strong></span> <span class='ocrx_word' id='word_1_192' title='bbox 1997 2517 2236 2555; x_wconf 84' lang='lat' dir='ltr'><strong>amorem</strong></span> 
     </span>
    </p>
   </div>
   <div class='ocr_carea' id='block_1_29' title="bbox 684 2591 2241 2661">
    <p class='ocr_par' dir='ltr' id='par_1_29' title="bbox 684 2591 2241 2661">
     <span class='ocr_line' id='line_1_29' title="bbox 684 2591 2241 2661; baseline -0.001 -15"><span class='ocrx_word' id='word_1_193' title='bbox 684 2594 802 2658; x_wconf 83' lang='lat' dir='ltr'><strong>ejus</strong></span> <span class='ocrx_word' id='word_1_194' title='bbox 833 2591 1037 2654; x_wconf 87' lang='lat' dir='ltr'><strong>allicit;</strong></span> <span class='ocrx_word' id='word_1_195' title='bbox 1077 2606 1183 2644; x_wconf 87' lang='lat' dir='ltr'><strong>non</strong></span> <span class='ocrx_word' id='word_1_196' title='bbox 1233 2606 1329 2645; x_wconf 90' lang='lat' dir='ltr'><strong>eos</strong></span> <span class='ocrx_word' id='word_1_197' title='bbox 1380 2592 1578 2654; x_wconf 85' lang='lat' dir='ltr'><strong>solum,</strong></span> <span class='ocrx_word' id='word_1_198' title='bbox 1630 2593 1826 2661; x_wconf 87' lang='lat' dir='ltr'><strong>quibus</strong></span> <span class='ocrx_word' id='word_1_199' title='bbox 1874 2592 2102 2660; x_wconf 82' lang='lat' dir='ltr'><strong>contigit</strong></span> <span class='ocrx_word' id='word_1_200' title='bbox 2132 2592 2241 2644; x_wconf 82' lang='lat' dir='ltr'><strong>vir-</strong></span> 
     </span>
    </p>
   </div>
   <div class='ocr_carea' id='block_1_30' title="bbox 687 2668 2236 2754">
    <p class='ocr_par' dir='ltr' id='par_1_30' title="bbox 687 2668 2236 2754">
     <span class='ocr_line' id='line_1_30' title="bbox 687 2668 2236 2754; baseline 0 -23"><span class='ocrx_word' id='word_1_201' title='bbox 687 2683 818 2734; x_wconf 87' lang='lat' dir='ltr'><strong>tutis</strong></span> <span class='ocrx_word' id='word_1_202' title='bbox 842 2691 894 2736; x_wconf 86' lang='lat' dir='ltr'><strong>et</strong></span> <span class='ocrx_word' id='word_1_203' title='bbox 926 2681 1334 2754; x_wconf 82' lang='lat' dir='ltr'><strong>tranquillitatis</strong></span> <span class='ocrx_word' id='word_1_204' title='bbox 1369 2680 1512 2734; x_wconf 91' lang='lat' dir='ltr'><strong>illius</strong></span> <span class='ocrx_word' id='word_1_205' title='bbox 1546 2668 1662 2734; x_wconf 81' lang='lat' dir='ltr'><strong>mel</strong></span> <span class='ocrx_word' id='word_1_206' title='bbox 1688 2689 1963 2748; x_wconf 78' lang='lat' dir='ltr'><strong>utcunque</strong></span> <span class='ocrx_word' id='word_1_207' title='bbox 1996 2687 2236 2747; x_wconf 85' lang='lat' dir='ltr'><strong>gustare,</strong></span> 
     </span>
    </p>
   </div>
   <div class='ocr_carea' id='block_1_31' title="bbox 682 2772 2239 2841">
    <p class='ocr_par' dir='ltr' id='par_1_31' title="bbox 682 2772 2239 2841">
     <span class='ocr_line' id='line_1_31' title="bbox 682 2772 2239 2841; baseline -0.001 -17"><span class='ocrx_word' id='word_1_208' title='bbox 682 2789 872 2828; x_wconf 82' lang='lat' dir='ltr'><strong>verum</strong></span> <span class='ocrx_word' id='word_1_209' title='bbox 899 2784 954 2827; x_wconf 89' lang='lat' dir='ltr'><strong>et</strong></span> <span class='ocrx_word' id='word_1_210' title='bbox 978 2789 1090 2834; x_wconf 86' lang='lat' dir='ltr'><strong>eos,</strong></span> <span class='ocrx_word' id='word_1_211' title='bbox 1123 2773 1217 2841; x_wconf 91' lang='lat' dir='ltr'><strong>qui</strong></span> <span class='ocrx_word' id='word_1_212' title='bbox 1249 2774 1390 2826; x_wconf 89' lang='lat' dir='ltr'><strong>fama</strong></span> <span class='ocrx_word' id='word_1_213' title='bbox 1431 2783 1483 2826; x_wconf 83' lang='lat' dir='ltr'><strong>et</strong></span> <span class='ocrx_word' id='word_1_214' title='bbox 1515 2773 1676 2840; x_wconf 78' lang='grc'><strong>718</strong></span> <span class='ocrx_word' id='word_1_215' title='bbox 1706 2772 1982 2824; x_wconf 81' lang='lat' dir='ltr'><strong>auditione</strong></span> <span class='ocrx_word' id='word_1_216' title='bbox 2014 2787 2239 2838; x_wconf 81' lang='lat' dir='ltr'><strong>accepe-</strong></span> 
     </span>
    </p>
   </div>
   <div class='ocr_carea' id='block_1_32' title="bbox 688 2849 2235 2932">
    <p class='ocr_par' dir='ltr' id='par_1_32' title="bbox 688 2849 2235 2932">
     <span class='ocr_line' id='line_1_32' title="bbox 688 2849 2235 2932; baseline -0.001 -16"><span class='ocrx_word' id='word_1_217' title='bbox 688 2875 814 2917; x_wconf 87' lang='lat' dir='ltr'><strong>runt</strong></span> <span class='ocrx_word' id='word_1_218' title='bbox 843 2849 970 2932; x_wconf 27' lang='lat' dir='ltr'><strong>eius.</strong></span> <span class='ocrx_word' id='word_1_219' title='bbox 1005 2864 1109 2917; x_wconf 90' lang='lat' dir='ltr'><strong>loci</strong></span> <span class='ocrx_word' id='word_1_220' title='bbox 1140 2864 1515 2917; x_wconf 77' lang='lat' dir='ltr'><strong>excellentiam</strong></span> <span class='ocrx_word' id='word_1_221' title='bbox 1546 2880 1559 2914; x_wconf 90' lang='lat'><strong>:</strong></span> <span class='ocrx_word' id='word_1_222' title='bbox 1591 2864 1744 2931; x_wconf 81' lang='lat' dir='ltr'><strong>cujus</strong></span> <span class='ocrx_word' id='word_1_223' title='bbox 1790 2879 1853 2916; x_wconf 88' lang='lat' dir='ltr'><strong>ea</strong></span> <span class='ocrx_word' id='word_1_224' title='bbox 1898 2872 1981 2916; x_wconf 88' lang='lat' dir='ltr'><strong>est</strong></span> <span class='ocrx_word' id='word_1_225' title='bbox 2023 2871 2235 2927; x_wconf 83' lang='lat' dir='ltr'><strong>natura,</strong></span> 
     </span>
    </p>
   </div>
   <div class='ocr_carea' id='block_1_33' title="bbox 686 2952 2240 3021">
    <p class='ocr_par' dir='ltr' id='par_1_33' title="bbox 686 2952 2240 3021">
     <span class='ocr_line' id='line_1_33' title="bbox 686 2952 2240 3021; baseline -0.002 -15"><span class='ocrx_word' id='word_1_226' title='bbox 686 2966 745 3008; x_wconf 87' lang='lat' dir='ltr'><strong>ut</strong></span> <span class='ocrx_word' id='word_1_227' title='bbox 786 2969 848 3007; x_wconf 81' lang='lat' dir='ltr'><strong>ex</strong></span> <span class='ocrx_word' id='word_1_228' title='bbox 892 2955 962 3007; x_wconf 84' lang='lat' dir='ltr'><strong>iis</strong></span> <span class='ocrx_word' id='word_1_229' title='bbox 1007 2955 1097 3021; x_wconf 93' lang='lat' dir='ltr'><strong>qui</strong></span> <span class='ocrx_word' id='word_1_230' title='bbox 1133 2953 1200 3007; x_wconf 90' lang='lat' dir='ltr'><strong>ad</strong></span> <span class='ocrx_word' id='word_1_231' title='bbox 1253 2954 1579 3008; x_wconf 88' lang='lat' dir='ltr'><strong>hodiernum</strong></span> <span class='ocrx_word' id='word_1_232' title='bbox 1612 2952 1754 3005; x_wconf 90' lang='lat' dir='ltr'><strong>diem</strong></span> <span class='ocrx_word' id='word_1_233' title='bbox 1790 2954 1862 3007; x_wconf 91' lang='lat' dir='ltr'><strong>ibi</strong></span> <span class='ocrx_word' id='word_1_234' title='bbox 1903 2953 2240 3019; x_wconf 69' lang='lat' dir='ltr'><strong>habitarunt,</strong></span> 
     </span>
    </p>
   </div>
   <div class='ocr_carea' id='block_1_34' title="bbox 684 3043 2238 3110">
    <p class='ocr_par' dir='ltr' id='par_1_34' title="bbox 684 3043 2238 3110">
     <span class='ocr_line' id='line_1_34' title="bbox 684 3043 2238 3110; baseline -0.001 -14"><span class='ocrx_word' id='word_1_235' title='bbox 684 3043 1146 3098; x_wconf 50' lang='lat' dir='ltr'><strong>(&#39;clebratissimos</strong></span> <span class='ocrx_word' id='word_1_236' title='bbox 1198 3044 1319 3097; x_wconf 88' lang='lat' dir='ltr'><strong>illos</strong></span> <span class='ocrx_word' id='word_1_237' title='bbox 1352 3045 1559 3106; x_wconf 85' lang='lat' dir='ltr'><strong>reddat,</strong></span> <span class='ocrx_word' id='word_1_238' title='bbox 1603 3044 1695 3110; x_wconf 81' lang='lat' dir='ltr'><strong>qui</strong></span> <span class='ocrx_word' id='word_1_239' title='bbox 1745 3043 2013 3097; x_wconf 88' lang='lat' dir='ltr'><strong>sinceram</strong></span> <span class='ocrx_word' id='word_1_240' title='bbox 2056 3051 2110 3096; x_wconf 89' lang='lat' dir='ltr'><strong>et</strong></span> <span class='ocrx_word' id='word_1_241' title='bbox 2154 3045 2238 3095; x_wconf 92' lang='lat' dir='ltr'><strong>in-</strong></span> 
     </span>
    </p>
   </div>
   <div class='ocr_carea' id='block_1_35' title="bbox 682 3117 2210 3203">
    <p class='ocr_par' dir='ltr' id='par_1_35' title="bbox 682 3117 2210 3203">
     <span class='ocr_line' id='line_1_35' title="bbox 682 3117 2210 3203; baseline -0.003 -14"><span class='ocrx_word' id='word_1_242' title='bbox 682 3142 1020 3202; x_wconf 85' lang='lat' dir='ltr'><strong>corruptam,</strong></span> <span class='ocrx_word' id='word_1_243' title='bbox 1064 3117 1286 3203; x_wconf 87' lang='lat' dir='ltr'><strong>loliique</strong></span> <span class='ocrx_word' id='word_1_244' title='bbox 1333 3147 1552 3201; x_wconf 83' lang='lat' dir='ltr'><strong>prorsus</strong></span> <span class='ocrx_word' id='word_1_245' title='bbox 1583 3149 1771 3202; x_wconf 89' lang='lat' dir='ltr'><strong>puram</strong></span> <span class='ocrx_word' id='word_1_246' title='bbox 1813 3143 1868 3187; x_wconf 91' lang='lat' dir='ltr'><strong>et</strong></span> <span class='ocrx_word' id='word_1_247' title='bbox 1920 3129 2210 3186; x_wconf 84' lang='lat' dir='ltr'><strong>imnutnem</strong></span> 
     </span>
    </p>
   </div>
   <div class='ocr_carea' id='block_1_36' title="bbox 683 3224 2235 3306">
    <p class='ocr_par' dir='ltr' id='par_1_36' title="bbox 683 3224 2235 3306">
     <span class='ocr_line' id='line_1_36' title="bbox 683 3224 2235 3306; baseline 0.001 -27"><span class='ocrx_word' id='word_1_248' title='bbox 683 3241 899 3279; x_wconf 74' lang='lat' dir='ltr'><strong>scrvare</strong></span> <span class='ocrx_word' id='word_1_249' title='bbox 937 3226 991 3284; x_wconf 78' lang='lat' dir='ltr'><strong>Id</strong></span> <span class='ocrx_word' id='word_1_250' title='bbox 1008 3235 1309 3278; x_wconf 74' lang='lat' dir='ltr'><strong>extremum</strong></span> <span class='ocrx_word' id='word_1_251' title='bbox 1338 3235 1572 3292; x_wconf 79' lang='lat' dir='ltr'><strong>segetem</strong></span> <span class='ocrx_word' id='word_1_252' title='bbox 1597 3224 1814 3278; x_wconf 84' lang='lat' dir='ltr'><strong>virtutis</strong></span> <span class='ocrx_word' id='word_1_253' title='bbox 1839 3226 2194 3306; x_wconf 79' lang='lat' dir='ltr'><strong>perstiterunt</strong></span> <span class='ocrx_word' id='word_1_254' title='bbox 2219 3240 2235 3280; x_wconf 88' lang='lat'><strong>:</strong></span> 
     </span>
    </p>
   </div>
   <div class='ocr_carea' id='block_1_37' title="bbox 684 3314 2240 3388">
    <p class='ocr_par' dir='ltr' id='par_1_37' title="bbox 684 3314 2240 3388">
     <span class='ocr_line' id='line_1_37' title="bbox 684 3314 2240 3388; baseline 0.001 -20"><span class='ocrx_word' id='word_1_255' title='bbox 684 3333 873 3368; x_wconf 82' lang='lat' dir='ltr'><strong>rursus</strong></span> <span class='ocrx_word' id='word_1_256' title='bbox 911 3332 1057 3388; x_wconf 72' lang='lat' dir='ltr'><strong>vero,</strong></span> <span class='ocrx_word' id='word_1_257' title='bbox 1090 3316 1336 3382; x_wconf 82' lang='lat' dir='ltr'><strong>exsulare</strong></span> <span class='ocrx_word' id='word_1_258' title='bbox 1370 3314 1495 3367; x_wconf 89' lang='lat' dir='ltr'><strong>inde</strong></span> <span class='ocrx_word' id='word_1_259' title='bbox 1538 3316 1744 3382; x_wconf 75' lang='lat' dir='ltr'><strong>iubeat,</strong></span> <span class='ocrx_word' id='word_1_260' title='bbox 1775 3314 2019 3384; x_wconf 83' lang='lat' dir='ltr'><strong>totisque</strong></span> <span class='ocrx_word' id='word_1_261' title='bbox 2057 3317 2240 3384; x_wconf 79' lang='lat' dir='ltr'><strong>exigat</strong></span> 
     </span>
    </p>
   </div>
   <div class='ocr_carea' id='block_1_38' title="bbox 684 3403 2238 3474">
    <p class='ocr_par' dir='ltr' id='par_1_38' title="bbox 684 3403 2238 3474">
     <span class='ocr_line' id='line_1_38' title="bbox 684 3403 2238 3474; baseline -0.002 -17"><span class='ocrx_word' id='word_1_262' title='bbox 684 3405 892 3458; x_wconf 78' lang='lat' dir='ltr'><strong>viribus</strong></span> <span class='ocrx_word' id='word_1_263' title='bbox 919 3415 1208 3472; x_wconf 81' lang='lat' dir='ltr'><strong>arceatque</strong></span> <span class='ocrx_word' id='word_1_264' title='bbox 1237 3403 1456 3470; x_wconf 84' lang='lat' dir='ltr'><strong>hospitii</strong></span> <span class='ocrx_word' id='word_1_265' title='bbox 1498 3404 1772 3458; x_wconf 89' lang='lat' dir='ltr'><strong>consortio</strong></span> <span class='ocrx_word' id='word_1_266' title='bbox 1819 3404 2124 3474; x_wconf 82' lang='lat' dir='ltr'><strong>hypocritas</strong></span> <span class='ocrx_word' id='word_1_267' title='bbox 2151 3413 2238 3456; x_wconf 83' lang='lat' dir='ltr'><strong>at-</strong></span> 
     </span>
    </p>
   </div>
   <div class='ocr_carea' id='block_1_39' title="bbox 685 3494 1038 3562">
    <p class='ocr_par' dir='ltr' id='par_1_39' title="bbox 685 3494 1038 3562">
     <span class='ocr_line' id='line_1_39' title="bbox 685 3494 1038 3562; baseline -0.003 -16"><span class='ocrx_word' id='word_1_268' title='bbox 685 3507 791 3562; x_wconf 88' lang='lat' dir='ltr'><strong>que</strong></span> <span class='ocrx_word' id='word_1_269' title='bbox 826 3494 1038 3560; x_wconf 82' lang='lat' dir='ltr'><strong>impios.</strong></span> 
     </span>
    </p>
   </div>
   <div class='ocr_carea' id='block_1_40' title="bbox 755 3581 2240 3651">
    <p class='ocr_par' dir='ltr' id='par_1_40' title="bbox 755 3581 2240 3651">
     <span class='ocr_line' id='line_1_40' title="bbox 755 3581 2240 3651; baseline -0.001 -14"><span class='ocrx_word' id='word_1_270' title='bbox 755 3584 821 3637; x_wconf 78' lang='lat' dir='ltr'><strong>V.</strong></span> <span class='ocrx_word' id='word_1_271' title='bbox 858 3585 924 3637; x_wconf 87' lang='lat' dir='ltr'><strong>Et</strong></span> <span class='ocrx_word' id='word_1_272' title='bbox 955 3600 1016 3636; x_wconf 88' lang='lat' dir='ltr'><strong>ea</strong></span> <span class='ocrx_word' id='word_1_273' title='bbox 1048 3583 1287 3651; x_wconf 71' lang='lat' dir='ltr'><strong>quidem,</strong></span> <span class='ocrx_word' id='word_1_274' title='bbox 1333 3597 1451 3650; x_wconf 67' lang='lat' dir='ltr'><strong>qum</strong></span> <span class='ocrx_word' id='word_1_275' title='bbox 1487 3583 1793 3650; x_wconf 87' lang='lat' dir='ltr'><strong>antiquiora</strong></span> <span class='ocrx_word' id='word_1_276' title='bbox 1827 3581 1974 3646; x_wconf 85' lang='lat' dir='ltr'><strong>sutit,</strong></span> <span class='ocrx_word' id='word_1_277' title='bbox 2025 3582 2240 3636; x_wconf 85' lang='lat' dir='ltr'><strong>abunde</strong></span> 
     </span>
    </p>
   </div>
   <div class='ocr_carea' id='block_1_41' title="bbox 687 3672 2236 3741">
    <p class='ocr_par' dir='ltr' id='par_1_41' title="bbox 687 3672 2236 3741">
     <span class='ocr_line' id='line_1_41' title="bbox 687 3672 2236 3741; baseline -0.001 -15"><span class='ocrx_word' id='word_1_278' title='bbox 687 3675 755 3729; x_wconf 83' lang='lat' dir='ltr'><strong>ab</strong></span> <span class='ocrx_word' id='word_1_279' title='bbox 800 3675 924 3729; x_wconf 90' lang='lat' dir='ltr'><strong>aliis</strong></span> <span class='ocrx_word' id='word_1_280' title='bbox 975 3685 1192 3727; x_wconf 87' lang='lat' dir='ltr'><strong>narrata</strong></span> <span class='ocrx_word' id='word_1_281' title='bbox 1240 3672 1428 3727; x_wconf 90' lang='lat' dir='ltr'><strong>audire</strong></span> <span class='ocrx_word' id='word_1_282' title='bbox 1474 3683 1573 3726; x_wconf 89' lang='lat' dir='ltr'><strong>est.</strong></span> <span class='ocrx_word' id='word_1_283' title='bbox 1613 3674 1721 3741; x_wconf 83' lang='lat' dir='ltr'><strong>Ego</strong></span> <span class='ocrx_word' id='word_1_284' title='bbox 1751 3688 1880 3726; x_wconf 83' lang='lat' dir='ltr'><strong>vero</strong></span> <span class='ocrx_word' id='word_1_285' title='bbox 1917 3687 1978 3725; x_wconf 87' lang='lat' dir='ltr'><strong>ea</strong></span> <span class='ocrx_word' id='word_1_286' title='bbox 2029 3681 2236 3727; x_wconf 87' lang='lat' dir='ltr'><strong>tantum</strong></span> 
     </span>
    </p>
   </div>
   <div class='ocr_carea' id='block_1_42' title="bbox 685 3762 2237 3831">
    <p class='ocr_par' dir='ltr' id='par_1_42' title="bbox 685 3762 2237 3831">
     <span class='ocr_line' id='line_1_42' title="bbox 685 3762 2237 3831; baseline -0.001 -13"><span class='ocrx_word' id='word_1_287' title='bbox 685 3763 1142 3827; x_wconf 84' lang='lat' dir='ltr'><strong>commemorabo,</strong></span> <span class='ocrx_word' id='word_1_288' title='bbox 1188 3778 1307 3831; x_wconf 75' lang='lat' dir='ltr'><strong>quae</strong></span> <span class='ocrx_word' id='word_1_289' title='bbox 1357 3763 1657 3816; x_wconf 86' lang='lat' dir='ltr'><strong>recentiora</strong></span> <span class='ocrx_word' id='word_1_290' title='bbox 1702 3772 1860 3825; x_wconf 88' lang='lat' dir='ltr'><strong>sunt;</strong></span> <span class='ocrx_word' id='word_1_291' title='bbox 1912 3762 1999 3814; x_wconf 92' lang='lat' dir='ltr'><strong>illa</strong></span> <span class='ocrx_word' id='word_1_292' title='bbox 2043 3776 2237 3830; x_wconf 86' lang='lat' dir='ltr'><strong>nempe</strong></span> 
     </span>
    </p>
   </div>
   <div class='ocr_carea' id='block_1_43' title="bbox 686 3851 2239 3922">
    <p class='ocr_par' dir='ltr' id='par_1_43' title="bbox 686 3851 2239 3922">
     <span class='ocr_line' id='line_1_43' title="bbox 686 3851 2239 3922; baseline 0 -17"><span class='ocrx_word' id='word_1_293' title='bbox 686 3859 751 3908; x_wconf 77' lang='lat' dir='ltr'><strong>de</strong></span> <span class='ocrx_word' id='word_1_294' title='bbox 788 3854 1026 3922; x_wconf 81' lang='lat' dir='ltr'><strong>Josepho</strong></span> <span class='ocrx_word' id='word_1_295' title='bbox 1055 3854 1322 3917; x_wconf 85' lang='lat' dir='ltr'><strong>Cretensi,</strong></span> <span class='ocrx_word' id='word_1_296' title='bbox 1375 3852 1748 3918; x_wconf 68' lang='lat' dir='ltr'><strong>Larisszeoque</strong></span> <span class='ocrx_word' id='word_1_297' title='bbox 1775 3851 2031 3920; x_wconf 77' lang='lat' dir='ltr'><strong>Georgio,</strong></span> <span class='ocrx_word' id='word_1_298' title='bbox 2079 3861 2239 3905; x_wconf 65' lang='lat' dir='ltr'><strong>caete-</strong></span> 
     </span>
    </p>
   </div>
   <div class='ocr_carea' id='block_1_44' title="bbox 689 3939 2237 4012">
    <p class='ocr_par' dir='ltr' id='par_1_44' title="bbox 689 3939 2237 4012">
     <span class='ocr_line' id='line_1_44' title="bbox 689 3939 2237 4012; baseline -0.001 -18"><span class='ocrx_word' id='word_1_299' title='bbox 689 3945 871 4012; x_wconf 83' lang='lat' dir='ltr'><strong>risque</strong></span> <span class='ocrx_word' id='word_1_300' title='bbox 904 3944 1176 4007; x_wconf 88' lang='lat' dir='ltr'><strong>omnibus,</strong></span> <span class='ocrx_word' id='word_1_301' title='bbox 1203 3942 1299 4009; x_wconf 91' lang='lat' dir='ltr'><strong>qui</strong></span> <span class='ocrx_word' id='word_1_302' title='bbox 1331 3941 1648 3994; x_wconf 89' lang='lat' dir='ltr'><strong>eorumdem</strong></span> <span class='ocrx_word' id='word_1_303' title='bbox 1683 3939 1992 3994; x_wconf 71' lang='lat' dir='ltr'><strong>fcedissimza</strong></span> <span class='ocrx_word' id='word_1_304' title='bbox 2037 3955 2237 3993; x_wconf 71' lang='lat' dir='ltr'><strong>mensat</strong></span> 
     </span>
    </p>
   </div>
   <div class='ocr_carea' id='block_1_45' title="bbox 690 4028 2236 4099">
    <p class='ocr_par' dir='ltr' id='par_1_45' title="bbox 690 4028 2236 4099">
     <span class='ocr_line' id='line_1_45' title="bbox 690 4028 2236 4099; baseline 0 -13"><span class='ocrx_word' id='word_1_305' title='bbox 690 4033 1062 4088; x_wconf 82' lang='lat' dir='ltr'><strong>aecumbcndo</strong></span> <span class='ocrx_word' id='word_1_306' title='bbox 1118 4033 1363 4087; x_wconf 88' lang='lat' dir='ltr'><strong>bacchati</strong></span> <span class='ocrx_word' id='word_1_307' title='bbox 1422 4034 1670 4096; x_wconf 81' lang='lat' dir='ltr'><strong>fuerant,</strong></span> <span class='ocrx_word' id='word_1_308' title='bbox 1736 4028 1922 4099; x_wconf 78' lang='lat' dir='ltr'><strong>utpote</strong></span> <span class='ocrx_word' id='word_1_309' title='bbox 1985 4031 2236 4099; x_wconf 86' lang='lat' dir='ltr'><strong>discipuli</strong></span> 
     </span>
    </p>
   </div>
   <div class='ocr_carea' id='block_1_46' title="bbox 689 4120 2236 4188">
    <p class='ocr_par' dir='ltr' id='par_1_46' title="bbox 689 4120 2236 4188">
     <span class='ocr_line' id='line_1_46' title="bbox 689 4120 2236 4188; baseline 0.001 -16"><span class='ocrx_word' id='word_1_310' title='bbox 689 4121 1069 4174; x_wconf 78' lang='lat' dir='ltr'><strong>abominandis</strong></span> <span class='ocrx_word' id='word_1_311' title='bbox 1101 4121 1366 4188; x_wconf 82' lang='lat' dir='ltr'><strong>institutis</strong></span> <span class='ocrx_word' id='word_1_312' title='bbox 1396 4120 1775 4188; x_wconf 86' lang='lat' dir='ltr'><strong>mysteriisque</strong></span> <span class='ocrx_word' id='word_1_313' title='bbox 1810 4120 2008 4173; x_wconf 87' lang='lat' dir='ltr'><strong>initiati</strong></span> <span class='ocrx_word' id='word_1_314' title='bbox 2043 4135 2072 4172; x_wconf 94' lang='lat' dir='ltr'><strong>a</strong></span> <span class='ocrx_word' id='word_1_315' title='bbox 2101 4135 2236 4187; x_wconf 70' lang='lat' dir='ltr'><strong>prae—</strong></span> 
     </span>
    </p>
   </div>
   <div class='ocr_carea' id='block_1_47' title="bbox 688 4201 2239 4278">
    <p class='ocr_par' dir='ltr' id='par_1_47' title="bbox 688 4201 2239 4278">
     <span class='ocr_line' id='line_1_47' title="bbox 688 4201 2239 4278; baseline 0 -16"><span class='ocrx_word' id='word_1_316' title='bbox 688 4212 1001 4278; x_wconf 74' lang='lat' dir='ltr'><strong>ceptoribus</strong></span> <span class='ocrx_word' id='word_1_317' title='bbox 1033 4227 1044 4258; x_wconf 91' lang='lat'><strong>:</strong></span> <span class='ocrx_word' id='word_1_318' title='bbox 1082 4219 1193 4262; x_wconf 92' lang='lat' dir='ltr'><strong>tum</strong></span> <span class='ocrx_word' id='word_1_319' title='bbox 1226 4201 1312 4263; x_wconf 72' lang='lat' dir='ltr'><strong>illa</strong></span> <span class='ocrx_word' id='word_1_320' title='bbox 1342 4218 1600 4278; x_wconf 63' lang='lat' dir='ltr'><strong>praeterea</strong></span> <span class='ocrx_word' id='word_1_321' title='bbox 1636 4209 1701 4260; x_wconf 89' lang='lat' dir='ltr'><strong>de</strong></span> <span class='ocrx_word' id='word_1_322' title='bbox 1738 4209 1944 4277; x_wconf 87' lang='lat' dir='ltr'><strong>pictore</strong></span> <span class='ocrx_word' id='word_1_323' title='bbox 1966 4207 2135 4277; x_wconf 12' lang='lat' dir='ltr'><strong>‘Mose,</strong></span> <span class='ocrx_word' id='word_1_324' title='bbox 2170 4209 2239 4262; x_wconf 84' lang='lat' dir='ltr'><strong>de</strong></span> 
     </span>
    </p>
   </div>
   <div class='ocr_carea' id='block_1_48' title="bbox 688 4298 2237 4368">
    <p class='ocr_par' dir='ltr' id='par_1_48' title="bbox 688 4298 2237 4368">
     <span class='ocr_line' id='line_1_48' title="bbox 688 4298 2237 4368; baseline -0.003 -13"><span class='ocrx_word' id='word_1_325' title='bbox 688 4301 890 4363; x_wconf 78' lang='lat' dir='ltr'><strong>lsaaco,</strong></span> <span class='ocrx_word' id='word_1_326' title='bbox 951 4301 1170 4362; x_wconf 69' lang='lat' dir='ltr'><strong>Dat‘ide,</strong></span> <span class='ocrx_word' id='word_1_327' title='bbox 1221 4300 1370 4364; x_wconf 88' lang='lat' dir='ltr'><strong>lobo,</strong></span> <span class='ocrx_word' id='word_1_328' title='bbox 1423 4309 1479 4352; x_wconf 88' lang='lat' dir='ltr'><strong>et</strong></span> <span class='ocrx_word' id='word_1_329' title='bbox 1530 4300 1841 4367; x_wconf 88' lang='lat' dir='ltr'><strong>quicunque</strong></span> <span class='ocrx_word' id='word_1_330' title='bbox 1890 4300 1979 4352; x_wconf 87' lang='lat' dir='ltr'><strong>alii</strong></span> <span class='ocrx_word' id='word_1_331' title='bbox 2036 4298 2237 4368; x_wconf 80' lang='lat' dir='ltr'><strong>lingua,</strong></span> 
     </span>
    </p>
   </div>
   <div class='ocr_carea' id='block_1_49' title="bbox 691 4375 2234 4457">
    <p class='ocr_par' dir='ltr' id='par_1_49' title="bbox 691 4375 2234 4457">
     <span class='ocr_line' id='line_1_49' title="bbox 691 4375 2234 4457; baseline -0.001 -15"><span class='ocrx_word' id='word_1_332' title='bbox 691 4377 977 4451; x_wconf 78' lang='lat' dir='ltr'><strong>sententia,</strong></span> <span class='ocrx_word' id='word_1_333' title='bbox 1012 4401 1065 4442; x_wconf 91' lang='lat' dir='ltr'><strong>et</strong></span> <span class='ocrx_word' id='word_1_334' title='bbox 1088 4405 1250 4442; x_wconf 90' lang='lat' dir='ltr'><strong>tnanu</strong></span> <span class='ocrx_word' id='word_1_335' title='bbox 1288 4391 1494 4457; x_wconf 81' lang='lat' dir='ltr'><strong>profani</strong></span> <span class='ocrx_word' id='word_1_336' title='bbox 1530 4406 1651 4444; x_wconf 90' lang='lat' dir='ltr'><strong>cum</strong></span> <span class='ocrx_word' id='word_1_337' title='bbox 1682 4399 1883 4453; x_wconf 85' lang='lat' dir='ltr'><strong>essent,</strong></span> <span class='ocrx_word' id='word_1_338' title='bbox 1906 4375 2234 4457; x_wconf 84' lang='lat' dir='ltr'><strong>optimorum</strong></span> 
     </span>
    </p>
   </div>
   <div class='ocr_carea' id='block_1_50' title="bbox 2345 624 3878 706">
    <p class='ocr_par' dir='ltr' id='par_1_50' title="bbox 2345 624 3878 706">
     <span class='ocr_line' id='line_1_50' title="bbox 2345 624 3878 706; baseline 0.011 -31"><span class='ocrx_word' id='word_1_339' title='bbox 2345 624 2647 692; x_wconf 81' lang='grc' dir='ltr'><strong>φιλόκαλος,</strong></span> <span class='ocrx_word' id='word_1_340' title='bbox 2701 629 2939 700; x_wconf 88' lang='grc' dir='ltr'>παρόσον</span> <span class='ocrx_word' id='word_1_341' title='bbox 2994 635 3109 686; x_wconf 79' lang='grc' dir='ltr'>ἐστὶ</span> <span class='ocrx_word' id='word_1_342' title='bbox 3168 637 3555 706; x_wconf 77' lang='grc' dir='ltr'><strong>μισοπόνηρος.</strong></span> <span class='ocrx_word' id='word_1_343' title='bbox 3602 639 3710 691; x_wconf 74' lang='grc' dir='ltr'><strong>Καὶ</strong></span> <span class='ocrx_word' id='word_1_344' title='bbox 3745 639 3878 692; x_wconf 81' lang='grc' dir='ltr'>τοῦτο</span> 
     </span>
    </p>
   </div>
   <div class='ocr_carea' id='block_1_51' title="bbox 2350 716 3874 798">
    <p class='ocr_par' dir='ltr' id='par_1_51' title="bbox 2350 716 3874 798">
     <span class='ocr_line' id='line_1_51' title="bbox 2350 716 3874 798; baseline 0.008 -28"><span class='ocrx_word' id='word_1_345' title='bbox 2350 716 2516 770; x_wconf 86' lang='grc' dir='ltr'>πάλαι</span> <span class='ocrx_word' id='word_1_346' title='bbox 2549 721 2972 790; x_wconf 76' lang='grc' dir='ltr'>προανεφώνιησέ</span> <span class='ocrx_word' id='word_1_347' title='bbox 3017 741 3075 775; x_wconf 88' lang='grc' dir='ltr'>τε</span> <span class='ocrx_word' id='word_1_348' title='bbox 3105 725 3198 776; x_wconf 74' lang='grc' dir='ltr'>καὶ</span> <span class='ocrx_word' id='word_1_349' title='bbox 3243 727 3665 795; x_wconf 82' lang='grc' dir='ltr'><strong>προεθέσπισεν,</strong></span> <span class='ocrx_word' id='word_1_350' title='bbox 3695 729 3753 780; x_wconf 83' lang='grc' dir='ltr'>οὐ</span> <span class='ocrx_word' id='word_1_351' title='bbox 3785 730 3874 798; x_wconf 81' lang='grc' dir='ltr'>χεί-</span> 
     </span>
    </p>
   </div>
   <div class='ocr_carea' id='block_1_52' title="bbox 2346 806 3875 888">
    <p class='ocr_par' dir='ltr' id='par_1_52' title="bbox 2346 806 3875 888">
     <span class='ocr_line' id='line_1_52' title="bbox 2346 806 3875 888; baseline 0.009 -31"><span class='ocrx_word' id='word_1_352' title='bbox 2346 806 2461 858; x_wconf 89' lang='grc' dir='ltr'>λεσι</span> <span class='ocrx_word' id='word_1_353' title='bbox 2493 808 2587 860; x_wconf 85' lang='grc' dir='ltr'>καὶ</span> <span class='ocrx_word' id='word_1_354' title='bbox 2626 815 2951 880; x_wconf 73' lang='grc' dir='ltr'>φιυνητικοῖς</span> <span class='ocrx_word' id='word_1_355' title='bbox 2977 813 3227 884; x_wconf 74' lang='grc' dir='ltr'><strong>ὀργάνοις</strong></span> <span class='ocrx_word' id='word_1_356' title='bbox 3252 819 3414 878; x_wconf 73' lang='grc' dir='ltr'>τισὶν,</span> <span class='ocrx_word' id='word_1_357' title='bbox 3443 818 3560 871; x_wconf 79' lang='grc' dir='ltr'>ἀλλ’</span> <span class='ocrx_word' id='word_1_358' title='bbox 3587 819 3762 888; x_wconf 74' lang='grc' dir='ltr'>ἔργοις</span> <span class='ocrx_word' id='word_1_359' title='bbox 3787 815 3875 871; x_wconf 70' lang='grc' dir='ltr'>οἷον</span> 
     </span>
    </p>
   </div>
   <div class='ocr_carea' id='block_1_53' title="bbox 2343 898 3873 977">
    <p class='ocr_par' dir='ltr' id='par_1_53' title="bbox 2343 898 3873 977">
     <span class='ocr_line' id='line_1_53' title="bbox 2343 898 3873 977; baseline 0.009 -28"><span class='ocrx_word' id='word_1_360' title='bbox 2343 898 2606 968; x_wconf 73' lang='grc' dir='ltr'><strong>ἐμψύχοις</strong></span> <span class='ocrx_word' id='word_1_361' title='bbox 2633 904 2730 955; x_wconf 79' lang='grc' dir='ltr'>καὶ</span> <span class='ocrx_word' id='word_1_362' title='bbox 2759 903 2847 956; x_wconf 76' lang='grc' dir='ltr'><strong>διὰ</strong></span> <span class='ocrx_word' id='word_1_363' title='bbox 2895 906 3072 972; x_wconf 81' lang='grc' dir='ltr'>πάσης</span> <span class='ocrx_word' id='word_1_364' title='bbox 3103 909 3202 976; x_wconf 79' lang='grc' dir='ltr'>γῆς</span> <span class='ocrx_word' id='word_1_365' title='bbox 3255 910 3350 960; x_wconf 81' lang='grc' dir='ltr'>καὶ</span> <span class='ocrx_word' id='word_1_366' title='bbox 3391 909 3668 976; x_wconf 78' lang='grc' dir='ltr'>θαλάσσης</span> <span class='ocrx_word' id='word_1_367' title='bbox 3711 909 3767 960; x_wconf 72' lang='grc' dir='ltr'>τὸ</span> <span class='ocrx_word' id='word_1_368' title='bbox 3794 910 3873 977; x_wconf 80' lang='grc' dir='ltr'>κή-</span> 
     </span>
    </p>
   </div>
   <div class='ocr_carea' id='block_1_54' title="bbox 2345 989 3869 1066">
    <p class='ocr_par' dir='ltr' id='par_1_54' title="bbox 2345 989 3869 1066">
     <span class='ocr_line' id='line_1_54' title="bbox 2345 989 3869 1066; baseline 0.006 -28"><span class='ocrx_word' id='word_1_369' title='bbox 2345 1004 2530 1056; x_wconf 87' lang='grc' dir='ltr'>ρυγμα</span> <span class='ocrx_word' id='word_1_370' title='bbox 2574 989 2667 1042; x_wconf 75' lang='grc' dir='ltr'><strong>τοῦ</strong></span> <span class='ocrx_word' id='word_1_371' title='bbox 2706 991 2870 1044; x_wconf 84' lang='grc' dir='ltr'>καλοῦ</span> <span class='ocrx_word' id='word_1_372' title='bbox 2929 996 3321 1064; x_wconf 79' lang='grc' dir='ltr'>παραπέμπειν</span> <span class='ocrx_word' id='word_1_373' title='bbox 3359 1000 3454 1050; x_wconf 79' lang='grc' dir='ltr'>καὶ</span> <span class='ocrx_word' id='word_1_374' title='bbox 3498 998 3712 1066; x_wconf 82' lang='grc' dir='ltr'>ἐξηχεῖν</span> <span class='ocrx_word' id='word_1_375' title='bbox 3736 998 3869 1048; x_wconf 85' lang='grc' dir='ltr'>δυνα-</span> 
     </span>
    </p>
   </div>
   <div class='ocr_carea' id='block_1_55' title="bbox 2347 1079 3874 1158">
    <p class='ocr_par' dir='ltr' id='par_1_55' title="bbox 2347 1079 3874 1158">
     <span class='ocr_line' id='line_1_55' title="bbox 2347 1079 3874 1158; baseline 0.004 -26"><span class='ocrx_word' id='word_1_376' title='bbox 2347 1079 2546 1148; x_wconf 82' lang='grc' dir='ltr'>μένοις.</span> <span class='ocrx_word' id='word_1_377' title='bbox 2577 1081 2776 1152; x_wconf 81' lang='grc' dir='ltr'>Ξέρξου</span> <span class='ocrx_word' id='word_1_378' title='bbox 2802 1085 2911 1154; x_wconf 85' lang='grc' dir='ltr'>γὰρ</span> <span class='ocrx_word' id='word_1_379' title='bbox 2957 1085 3168 1139; x_wconf 85' lang='grc' dir='ltr'>ἐκείνου</span> <span class='ocrx_word' id='word_1_380' title='bbox 3197 1087 3290 1140; x_wconf 78' lang='grc' dir='ltr'><strong>τοῦ</strong></span> <span class='ocrx_word' id='word_1_381' title='bbox 3320 1089 3490 1141; x_wconf 87' lang='grc' dir='ltr'>πάλαι</span> <span class='ocrx_word' id='word_1_382' title='bbox 3526 1088 3586 1140; x_wconf 79' lang='grc' dir='ltr'>τὸ</span> <span class='ocrx_word' id='word_1_383' title='bbox 3633 1087 3874 1158; x_wconf 79' lang='grc' dir='ltr'>βάρϐαρον</span> 
     </span>
    </p>
   </div>
   <div class='ocr_carea' id='block_1_56' title="bbox 2343 1163 3874 1246">
    <p class='ocr_par' dir='ltr' id='par_1_56' title="bbox 2343 1163 3874 1246">
     <span class='ocr_line' id='line_1_56' title="bbox 2343 1163 3874 1246; baseline 0.005 -25"><span class='ocrx_word' id='word_1_384' title='bbox 2343 1171 2436 1222; x_wconf 78' lang='grc' dir='ltr'>καὶ</span> <span class='ocrx_word' id='word_1_385' title='bbox 2463 1171 2739 1242; x_wconf 80' lang='grc' dir='ltr'><strong>ἀγέρωχον</strong></span> <span class='ocrx_word' id='word_1_386' title='bbox 2767 1175 3042 1245; x_wconf 81' lang='grc' dir='ltr'>φρόνημα,</span> <span class='ocrx_word' id='word_1_387' title='bbox 3074 1163 3391 1244; x_wconf 75' lang='grc' dir='ltr'>ἀσελγαῖνον</span> <span class='ocrx_word' id='word_1_388' title='bbox 3419 1177 3536 1246; x_wconf 68' lang='grc' dir='ltr'>ἅμα</span> <span class='ocrx_word' id='word_1_389' title='bbox 3561 1178 3656 1229; x_wconf 81' lang='grc' dir='ltr'>καὶ</span> <span class='ocrx_word' id='word_1_390' title='bbox 3684 1176 3874 1246; x_wconf 75' lang='grc' dir='ltr'>τρυφῶν</span> 
     </span>
    </p>
   </div>
   <div class='ocr_carea' id='block_1_57' title="bbox 2343 1260 3872 1338">
    <p class='ocr_par' dir='ltr' id='par_1_57' title="bbox 2343 1260 3872 1338">
     <span class='ocr_line' id='line_1_57' title="bbox 2343 1260 3872 1338; baseline 0.002 -21"><span class='ocrx_word' id='word_1_391' title='bbox 2343 1260 2482 1338; x_wconf 75' lang='grc' dir='ltr'>κατὰ</span> <span class='ocrx_word' id='word_1_392' title='bbox 2514 1263 2610 1332; x_wconf 85' lang='grc' dir='ltr'>τῆς</span> <span class='ocrx_word' id='word_1_393' title='bbox 2656 1268 2762 1317; x_wconf 84' lang='grc' dir='ltr'>τῶν</span> <span class='ocrx_word' id='word_1_394' title='bbox 2788 1266 2922 1319; x_wconf 82' lang='grc' dir='ltr'>ὅλων</span> <span class='ocrx_word' id='word_1_395' title='bbox 2951 1266 3187 1335; x_wconf 76' lang='grc' dir='ltr'>φύσεως,</span> <span class='ocrx_word' id='word_1_396' title='bbox 3221 1267 3314 1321; x_wconf 78' lang='grc' dir='ltr'>καὶ</span> <span class='ocrx_word' id='word_1_397' title='bbox 3356 1269 3427 1322; x_wconf 82' lang='grc' dir='ltr'><strong>τά</strong></span> <span class='ocrx_word' id='word_1_398' title='bbox 3453 1265 3692 1336; x_wconf 63' lang='grc' dir='ltr'>στοιχεῖα</span> <span class='ocrx_word' id='word_1_399' title='bbox 3724 1268 3872 1320; x_wconf 83' lang='grc' dir='ltr'>πάντα</span> 
     </span>
    </p>
   </div>
   <div class='ocr_carea' id='block_1_58' title="bbox 2342 1357 3872 1428">
    <p class='ocr_par' dir='ltr' id='par_1_58' title="bbox 2342 1357 3872 1428">
     <span class='ocr_line' id='line_1_58' title="bbox 2342 1357 3872 1428; baseline 0.003 -24"><span class='ocrx_word' id='word_1_400' title='bbox 2342 1357 2682 1422; x_wconf 81' lang='grc' dir='ltr'><strong>καινοτομεῖν</strong></span> <span class='ocrx_word' id='word_1_401' title='bbox 2723 1357 3116 1426; x_wconf 83' lang='grc' dir='ltr'>ἐπαιρόμενον,</span> <span class='ocrx_word' id='word_1_402' title='bbox 3143 1359 3264 1411; x_wconf 79' lang='grc' dir='ltr'>ἐπεὶ</span> <span class='ocrx_word' id='word_1_403' title='bbox 3313 1361 3406 1412; x_wconf 79' lang='grc' dir='ltr'>καὶ</span> <span class='ocrx_word' id='word_1_404' title='bbox 3449 1359 3544 1412; x_wconf 82' lang='grc' dir='ltr'><strong>τοῦ</strong></span> <span class='ocrx_word' id='word_1_405' title='bbox 3585 1359 3743 1428; x_wconf 68' lang='grc' dir='ltr'>θρὶους</span> <span class='ocrx_word' id='word_1_406' title='bbox 3770 1375 3872 1410; x_wconf 85' lang='grc' dir='ltr'>του-</span> 
     </span>
    </p>
   </div>
   <div class='ocr_carea' id='block_1_59' title="bbox 2341 1440 3872 1517">
    <p class='ocr_par' dir='ltr' id='par_1_59' title="bbox 2341 1440 3872 1517">
     <span class='ocr_line' id='line_1_59' title="bbox 2341 1440 3872 1517; baseline 0.003 -25"><span class='ocrx_word' id='word_1_407' title='bbox 2341 1440 2458 1494; x_wconf 77' lang='grc' dir='ltr'>τουτ</span> <span class='ocrx_word' id='word_1_408' title='bbox 2505 1441 2595 1494; x_wconf 72' lang='grc' dir='ltr'><strong>τὸν</strong></span> <span class='ocrx_word' id='word_1_409' title='bbox 2624 1441 2898 1510; x_wconf 74' lang='grc' dir='ltr'>Ἱσθμικόν</span> <span class='ocrx_word' id='word_1_410' title='bbox 2947 1446 3150 1514; x_wconf 78' lang='grc' dir='ltr'><strong>αὐχένα</strong></span> <span class='ocrx_word' id='word_1_411' title='bbox 3193 1447 3445 1517; x_wconf 77' lang='grc' dir='ltr'>διορύξας</span> <span class='ocrx_word' id='word_1_412' title='bbox 3496 1449 3872 1516; x_wconf 78' lang='grc' dir='ltr'>μετεστοιχείου</span> 
     </span>
    </p>
   </div>
   <div class='ocr_carea' id='block_1_60' title="bbox 2341 1533 3873 1606">
    <p class='ocr_par' dir='ltr' id='par_1_60' title="bbox 2341 1533 3873 1606">
     <span class='ocr_line' id='line_1_60' title="bbox 2341 1533 3873 1606; baseline 0.003 -22"><span class='ocrx_word' id='word_1_413' title='bbox 2341 1533 2435 1584; x_wconf 75' lang='grc' dir='ltr'>καὶ</span> <span class='ocrx_word' id='word_1_414' title='bbox 2488 1534 2848 1601; x_wconf 75' lang='grc' dir='ltr'><strong>μετεσκεύαζε</strong></span> <span class='ocrx_word' id='word_1_415' title='bbox 2881 1533 2974 1586; x_wconf 78' lang='grc' dir='ltr'>τὸν</span> <span class='ocrx_word' id='word_1_416' title='bbox 3003 1535 3180 1606; x_wconf 82' lang='grc' dir='ltr'>χῶρον</span> <span class='ocrx_word' id='word_1_417' title='bbox 3233 1537 3369 1604; x_wconf 76' lang='grc' dir='ltr'>πρὸς</span> <span class='ocrx_word' id='word_1_418' title='bbox 3416 1538 3601 1604; x_wconf 83' lang='grc' dir='ltr'>νῆσον,</span> <span class='ocrx_word' id='word_1_419' title='bbox 3657 1539 3747 1591; x_wconf 77' lang='grc' dir='ltr'>καὶ</span> <span class='ocrx_word' id='word_1_420' title='bbox 3795 1538 3873 1598; x_wconf 76' lang='grc' dir='ltr'><strong>τάς</strong></span> 
     </span>
    </p>
   </div>
   <div class='ocr_carea' id='block_1_61' title="bbox 2340 1625 3874 1696">
    <p class='ocr_par' dir='ltr' id='par_1_61' title="bbox 2340 1625 3874 1696">
     <span class='ocr_line' id='line_1_61' title="bbox 2340 1625 3874 1696; baseline -0.008 -5"><span class='ocrx_word' id='word_1_421' title='bbox 2340 1625 2712 1694; x_wconf 78' lang='grc' dir='ltr'>ἠπειρωτικὰς</span> <span class='ocrx_word' id='word_1_422' title='bbox 2762 1628 2845 1694; x_wconf 74' lang='grc' dir='ltr'>ἐφ’</span> <span class='ocrx_word' id='word_1_423' title='bbox 2895 1627 3087 1696; x_wconf 76' lang='grc' dir='ltr'>ὑγραῖς</span> <span class='ocrx_word' id='word_1_424' title='bbox 3121 1628 3392 1691; x_wconf 76' lang='grc' dir='ltr'>διεϐίϐαζε</span> <span class='ocrx_word' id='word_1_425' title='bbox 3441 1629 3580 1692; x_wconf 82' lang='grc' dir='ltr'>τέως</span> <span class='ocrx_word' id='word_1_426' title='bbox 3632 1629 3874 1696; x_wconf 74' lang='grc' dir='ltr'><strong>θαλάττης</strong></span> 
     </span>
    </p>
   </div>
   <div class='ocr_carea' id='block_1_62' title="bbox 2341 1716 3875 1794">
    <p class='ocr_par' dir='ltr' id='par_1_62' title="bbox 2341 1716 3875 1794">
     <span class='ocr_line' id='line_1_62' title="bbox 2341 1716 3875 1794; baseline 0.002 -26"><span class='ocrx_word' id='word_1_427' title='bbox 2341 1716 2626 1780; x_wconf 85' lang='grc' dir='ltr'>ἀγκάλαις.</span> <span class='ocrx_word' id='word_1_428' title='bbox 2664 1718 2758 1769; x_wconf 80' lang='grc' dir='ltr'>καὶ</span> <span class='ocrx_word' id='word_1_429' title='bbox 2791 1719 2980 1794; x_wconf 78' lang='grc' dir='ltr'>νηΐτην</span> <span class='ocrx_word' id='word_1_430' title='bbox 3007 1720 3099 1771; x_wconf 80' lang='grc' dir='ltr'>τὸν</span> <span class='ocrx_word' id='word_1_431' title='bbox 3134 1722 3449 1789; x_wconf 74' lang='grc' dir='ltr'>ήπειρώτην</span> <span class='ocrx_word' id='word_1_432' title='bbox 3479 1721 3693 1774; x_wconf 76' lang='grc' dir='ltr'>ἐδείκνυ</span> <span class='ocrx_word' id='word_1_433' title='bbox 3735 1736 3875 1789; x_wconf 85' lang='grc' dir='ltr'>στρα-</span> 
     </span>
    </p>
   </div>
   <div class='ocr_carea' id='block_1_63' title="bbox 2340 1806 3870 1879">
    <p class='ocr_par' dir='ltr' id='par_1_63' title="bbox 2340 1806 3870 1879">
     <span class='ocr_line' id='line_1_63' title="bbox 2340 1806 3870 1879; baseline 0.001 -21"><span class='ocrx_word' id='word_1_434' title='bbox 2340 1806 2450 1869; x_wconf 85' lang='grc' dir='ltr'>τδν,</span> <span class='ocrx_word' id='word_1_435' title='bbox 2480 1808 2573 1858; x_wconf 76' lang='grc' dir='ltr'>ἐπὶ</span> <span class='ocrx_word' id='word_1_436' title='bbox 2601 1807 2694 1859; x_wconf 82' lang='grc' dir='ltr'>τοῦ</span> <span class='ocrx_word' id='word_1_437' title='bbox 2728 1809 3002 1878; x_wconf 82' lang='grc' dir='ltr'>πανδήμου</span> <span class='ocrx_word' id='word_1_438' title='bbox 3033 1810 3260 1878; x_wconf 75' lang='grc' dir='ltr'>θεάτρου</span> <span class='ocrx_word' id='word_1_439' title='bbox 3302 1813 3402 1879; x_wconf 81' lang='grc' dir='ltr'>τῆς</span> <span class='ocrx_word' id='word_1_440' title='bbox 3427 1812 3750 1879; x_wconf 78' lang='grc' dir='ltr'>οἰκουμένης</span> <span class='ocrx_word' id='word_1_441' title='bbox 3793 1827 3870 1861; x_wconf 82' lang='grc' dir='ltr'><strong>πε-</strong></span> 
     </span>
    </p>
   </div>
   <div class='ocr_carea' id='block_1_64' title="bbox 2316 1896 3870 1968">
    <p class='ocr_par' dir='ltr' id='par_1_64' title="bbox 2316 1896 3870 1968">
     <span class='ocr_line' id='line_1_64' title="bbox 2316 1896 3870 1968; baseline 0 -20"><span class='ocrx_word' id='word_1_442' title='bbox 2316 1897 2576 1968; x_wconf 72' lang='grc' dir='ltr'>φιφανῶς</span> <span class='ocrx_word' id='word_1_443' title='bbox 2600 1898 2873 1967; x_wconf 78' lang='grc' dir='ltr'>ἐξήλεγξε,</span> <span class='ocrx_word' id='word_1_444' title='bbox 2904 1901 2996 1952; x_wconf 73' lang='grc' dir='ltr'>καὶ</span> <span class='ocrx_word' id='word_1_445' title='bbox 3030 1900 3166 1968; x_wconf 67' lang='grc' dir='ltr'>προς</span> <span class='ocrx_word' id='word_1_446' title='bbox 3194 1899 3255 1952; x_wconf 75' lang='grc' dir='ltr'><strong>τὸ</strong></span> <span class='ocrx_word' id='word_1_447' title='bbox 3281 1900 3768 1967; x_wconf 77' lang='grc' dir='ltr'>ἀνθρωπικώτερον</span> <span class='ocrx_word' id='word_1_448' title='bbox 3793 1896 3870 1949; x_wconf 80' lang='grc' dir='ltr'>τοῦ</span> 
     </span>
    </p>
   </div>
   <div class='ocr_carea' id='block_1_65' title="bbox 2337 1988 3874 2062">
    <p class='ocr_par' dir='ltr' id='par_1_65' title="bbox 2337 1988 3874 2062">
     <span class='ocr_line' id='line_1_65' title="bbox 2337 1988 3874 2062; baseline 0 -23"><span class='ocrx_word' id='word_1_449' title='bbox 2337 1988 2507 2054; x_wconf 82' lang='grc' dir='ltr'>τύφου</span> <span class='ocrx_word' id='word_1_450' title='bbox 2540 1990 2600 2041; x_wconf 78' lang='grc' dir='ltr'>τὸ</span> <span class='ocrx_word' id='word_1_451' title='bbox 2633 1990 2880 2044; x_wconf 81' lang='grc' dir='ltr'>πλεῖστον</span> <span class='ocrx_word' id='word_1_452' title='bbox 2912 1992 3211 2062; x_wconf 80' lang='grc' dir='ltr'>ἀπήλλαξε,</span> <span class='ocrx_word' id='word_1_453' title='bbox 3238 1995 3332 2045; x_wconf 74' lang='grc' dir='ltr'>καὶ</span> <span class='ocrx_word' id='word_1_454' title='bbox 3356 1992 3425 2044; x_wconf 81' lang='grc' dir='ltr'>δι’</span> <span class='ocrx_word' id='word_1_455' title='bbox 3454 1992 3668 2043; x_wconf 80' lang='grc' dir='ltr'>ἐκείνου</span> <span class='ocrx_word' id='word_1_456' title='bbox 3694 1991 3874 2049; x_wconf 74' lang='grc' dir='ltr'>πάντας</span> 
     </span>
    </p>
   </div>
   <div class='ocr_carea' id='block_1_66' title="bbox 2338 2077 3871 2156">
    <p class='ocr_par' dir='ltr' id='par_1_66' title="bbox 2338 2077 3871 2156">
     <span class='ocr_line' id='line_1_66' title="bbox 2338 2077 3871 2156; baseline 0.006 -28"><span class='ocrx_word' id='word_1_457' title='bbox 2338 2077 2542 2141; x_wconf 75' lang='grc' dir='ltr'>ἐδίδαξε</span> <span class='ocrx_word' id='word_1_458' title='bbox 2575 2077 2846 2146; x_wconf 77' lang='grc' dir='ltr'>βασιλέας,</span> <span class='ocrx_word' id='word_1_459' title='bbox 2895 2084 2988 2133; x_wconf 77' lang='grc' dir='ltr'>καὶ</span> <span class='ocrx_word' id='word_1_460' title='bbox 3027 2086 3387 2152; x_wconf 76' lang='grc' dir='ltr'>στρατηγοὺς,</span> <span class='ocrx_word' id='word_1_461' title='bbox 3440 2083 3536 2134; x_wconf 76' lang='grc' dir='ltr'>καὶ</span> <span class='ocrx_word' id='word_1_462' title='bbox 3594 2082 3871 2156; x_wconf 66' lang='grc' dir='ltr'>σατράπαςι</span> 
     </span>
    </p>
   </div>
   <div class='ocr_carea' id='block_1_67' title="bbox 2337 2169 3871 2242">
    <p class='ocr_par' dir='ltr' id='par_1_67' title="bbox 2337 2169 3871 2242">
     <span class='ocr_line' id='line_1_67' title="bbox 2337 2169 3871 2242; baseline 0.001 -22"><span class='ocrx_word' id='word_1_463' title='bbox 2337 2169 2515 2234; x_wconf 84' lang='grc' dir='ltr'>τὸτῆς</span> <span class='ocrx_word' id='word_1_464' title='bbox 2547 2169 2748 2239; x_wconf 83' lang='grc' dir='ltr'>ὀφρύος</span> <span class='ocrx_word' id='word_1_465' title='bbox 2787 2170 3010 2237; x_wconf 81' lang='grc' dir='ltr'>ἄκαιρον</span> <span class='ocrx_word' id='word_1_466' title='bbox 3058 2174 3499 2242; x_wconf 80' lang='grc' dir='ltr'>άπορρἱτοντας</span> <span class='ocrx_word' id='word_1_467' title='bbox 3553 2171 3871 2241; x_wconf 76' lang='grc' dir='ltr'>μετριώτερα</span> 
     </span>
    </p>
   </div>
   <div class='ocr_carea' id='block_1_68' title="bbox 2339 2256 3873 2330">
    <p class='ocr_par' dir='ltr' id='par_1_68' title="bbox 2339 2256 3873 2330">
     <span class='ocr_line' id='line_1_68' title="bbox 2339 2256 3873 2330; baseline 0.008 -24"><span class='ocrx_word' id='word_1_468' title='bbox 2339 2257 2508 2323; x_wconf 61' lang='grc' dir='ltr'>δήίττου</span> <span class='ocrx_word' id='word_1_469' title='bbox 2541 2261 2776 2326; x_wconf 83' lang='grc' dir='ltr'>φρονεῖν.</span> <span class='ocrx_word' id='word_1_470' title='bbox 2807 2256 2893 2327; x_wconf 81' lang='grc' dir='ltr'><strong>[Ρ.</strong></span> <span class='ocrx_word' id='word_1_471' title='bbox 2928 2258 3056 2329; x_wconf 75' lang='grc'><strong>450]</strong></span> <span class='ocrx_word' id='word_1_472' title='bbox 3101 2261 3288 2322; x_wconf 77' lang='grc' dir='ltr'>Οὕτως</span> <span class='ocrx_word' id='word_1_473' title='bbox 3335 2260 3394 2324; x_wconf 81' lang='grc' dir='ltr'>ἐξ</span> <span class='ocrx_word' id='word_1_474' title='bbox 3448 2261 3626 2330; x_wconf 80' lang='grc' dir='ltr'>ἀρχῆς</span> <span class='ocrx_word' id='word_1_475' title='bbox 3655 2262 3688 2328; x_wconf 82' lang='grc' dir='ltr'><strong>ὴ</strong></span> <span class='ocrx_word' id='word_1_476' title='bbox 3740 2259 3873 2329; x_wconf 72' lang='grc' dir='ltr'>φύσις</span> 
     </span>
    </p>
   </div>
   <div class='ocr_carea' id='block_1_69' title="bbox 2338 2344 3874 2416">
    <p class='ocr_par' dir='ltr' id='par_1_69' title="bbox 2338 2344 3874 2416">
     <span class='ocr_line' id='line_1_69' title="bbox 2338 2344 3874 2416; baseline 0.003 -24"><span class='ocrx_word' id='word_1_477' title='bbox 2338 2344 2693 2414; x_wconf 74' lang='grc' dir='ltr'>ἐργαστήριον</span> <span class='ocrx_word' id='word_1_478' title='bbox 2732 2346 2862 2398; x_wconf 78' lang='grc' dir='ltr'>αὐτὸ</span> <span class='ocrx_word' id='word_1_479' title='bbox 2903 2347 3313 2400; x_wconf 87' lang='grc' dir='ltr'>κατεσκεύακεν</span> <span class='ocrx_word' id='word_1_480' title='bbox 3373 2350 3592 2416; x_wconf 82' lang='grc' dir='ltr'>ἀρετῆς,</span> <span class='ocrx_word' id='word_1_481' title='bbox 3633 2350 3722 2401; x_wconf 69' lang='grc' dir='ltr'>καὶ</span> <span class='ocrx_word' id='word_1_482' title='bbox 3763 2350 3874 2399; x_wconf 75' lang='grc' dir='ltr'>πάν-</span> 
     </span>
    </p>
   </div>
   <div class='ocr_carea' id='block_1_70' title="bbox 2337 2434 3873 2509">
    <p class='ocr_par' dir='ltr' id='par_1_70' title="bbox 2337 2434 3873 2509">
     <span class='ocr_line' id='line_1_70' title="bbox 2337 2434 3873 2509; baseline 0.001 -23"><span class='ocrx_word' id='word_1_483' title='bbox 2337 2451 2436 2495; x_wconf 84' lang='grc' dir='ltr'><strong>τας</strong></span> <span class='ocrx_word' id='word_1_484' title='bbox 2481 2434 2626 2487; x_wconf 73' lang='grc' dir='ltr'>ἕλκει</span> <span class='ocrx_word' id='word_1_485' title='bbox 2677 2437 2812 2504; x_wconf 76' lang='grc' dir='ltr'>πρὸς</span> <span class='ocrx_word' id='word_1_486' title='bbox 2855 2437 3060 2504; x_wconf 77' lang='grc' dir='ltr'>ἔρωτας</span> <span class='ocrx_word' id='word_1_487' title='bbox 3090 2439 3297 2492; x_wconf 79' lang='grc' dir='ltr'>ἄνωθεν</span> <span class='ocrx_word' id='word_1_488' title='bbox 3353 2441 3573 2505; x_wconf 78' lang='grc' dir='ltr'>ἑαυτοῦ,</span> <span class='ocrx_word' id='word_1_489' title='bbox 3631 2442 3700 2509; x_wconf 79' lang='grc' dir='ltr'>μὴ</span> <span class='ocrx_word' id='word_1_490' title='bbox 3737 2439 3873 2506; x_wconf 84' lang='grc' dir='ltr'>μόνον</span> 
     </span>
    </p>
   </div>
   <div class='ocr_carea' id='block_1_71' title="bbox 2337 2525 3875 2603">
    <p class='ocr_par' dir='ltr' id='par_1_71' title="bbox 2337 2525 3875 2603">
     <span class='ocr_line' id='line_1_71' title="bbox 2337 2525 3875 2603; baseline 0.003 -26"><span class='ocrx_word' id='word_1_491' title='bbox 2337 2527 2478 2587; x_wconf 83' lang='grc' dir='ltr'>ὅσοις</span> <span class='ocrx_word' id='word_1_492' title='bbox 2503 2525 2595 2579; x_wconf 86' lang='grc' dir='ltr'>τοῦ</span> <span class='ocrx_word' id='word_1_493' title='bbox 2633 2527 2728 2596; x_wconf 81' lang='grc' dir='ltr'>τῆς</span> <span class='ocrx_word' id='word_1_494' title='bbox 2761 2528 2958 2597; x_wconf 77' lang='grc' dir='ltr'>ἀρετῆς</span> <span class='ocrx_word' id='word_1_495' title='bbox 2987 2530 3076 2603; x_wconf 61' lang='grc' dir='ltr'>καξι</span> <span class='ocrx_word' id='word_1_496' title='bbox 3104 2529 3200 2598; x_wconf 83' lang='grc' dir='ltr'>τῆς</span> <span class='ocrx_word' id='word_1_497' title='bbox 3219 2531 3448 2597; x_wconf 77' lang='grc' dir='ltr'>ἡσυχίας</span> <span class='ocrx_word' id='word_1_498' title='bbox 3476 2531 3688 2598; x_wconf 80' lang='grc' dir='ltr'>ἐκείνης</span> <span class='ocrx_word' id='word_1_499' title='bbox 3714 2530 3875 2582; x_wconf 65' lang='lat' dir='ltr'><strong>dmin-</strong></span> 
     </span>
    </p>
   </div>
   <div class='ocr_carea' id='block_1_72' title="bbox 2341 2617 3874 2685">
    <p class='ocr_par' dir='ltr' id='par_1_72' title="bbox 2341 2617 3874 2685">
     <span class='ocr_line' id='line_1_72' title="bbox 2341 2617 3874 2685; baseline 0.001 -18"><span class='ocrx_word' id='word_1_500' title='bbox 2341 2632 2469 2667; x_wconf 87' lang='grc' dir='ltr'>ποτε</span> <span class='ocrx_word' id='word_1_501' title='bbox 2509 2617 2804 2682; x_wconf 86' lang='grc' dir='ltr'>γεύσασθαι</span> <span class='ocrx_word' id='word_1_502' title='bbox 2857 2619 3067 2680; x_wconf 78' lang='grc' dir='ltr'>μέλιτος</span> <span class='ocrx_word' id='word_1_503' title='bbox 3126 2619 3421 2685; x_wconf 77' lang='grc' dir='ltr'>ἐξεγένετο,</span> <span class='ocrx_word' id='word_1_504' title='bbox 3456 2622 3593 2672; x_wconf 81' lang='grc' dir='ltr'>ἀλλὰ</span> <span class='ocrx_word' id='word_1_505' title='bbox 3622 2623 3710 2672; x_wconf 72' lang='grc' dir='ltr'>καὶ</span> <span class='ocrx_word' id='word_1_506' title='bbox 3750 2621 3874 2678; x_wconf 79' lang='grc' dir='ltr'>ὅσοις</span> 
     </span>
    </p>
   </div>
   <div class='ocr_carea' id='block_1_73' title="bbox 2340 2704 3874 2776">
    <p class='ocr_par' dir='ltr' id='par_1_73' title="bbox 2340 2704 3874 2776">
     <span class='ocr_line' id='line_1_73' title="bbox 2340 2704 3874 2776; baseline -0.001 -18"><span class='ocrx_word' id='word_1_507' title='bbox 2340 2706 2405 2758; x_wconf 83' lang='grc' dir='ltr'><strong>δι’</strong></span> <span class='ocrx_word' id='word_1_508' title='bbox 2433 2707 2595 2774; x_wconf 81' lang='grc' dir='ltr'>ἀκοῆς</span> <span class='ocrx_word' id='word_1_509' title='bbox 2629 2707 2693 2758; x_wconf 77' lang='grc' dir='ltr'><strong>τά</strong></span> <span class='ocrx_word' id='word_1_510' title='bbox 2733 2710 2846 2757; x_wconf 84' lang='grc' dir='ltr'>ἐκεῖ</span> <span class='ocrx_word' id='word_1_511' title='bbox 2873 2708 3063 2776; x_wconf 85' lang='grc' dir='ltr'>μαθεῖν</span> <span class='ocrx_word' id='word_1_512' title='bbox 3096 2709 3292 2775; x_wconf 82' lang='grc' dir='ltr'>συνέϐη</span> <span class='ocrx_word' id='word_1_513' title='bbox 3337 2708 3584 2776; x_wconf 75' lang='grc' dir='ltr'>χρηστάο</span> <span class='ocrx_word' id='word_1_514' title='bbox 3635 2709 3765 2760; x_wconf 84' lang='grc' dir='ltr'>ὥστε</span> <span class='ocrx_word' id='word_1_515' title='bbox 3793 2704 3874 2771; x_wconf 74' lang='grc' dir='ltr'>καὶ</span> 
     </span>
    </p>
   </div>
   <div class='ocr_carea' id='block_1_74' title="bbox 2341 2796 3872 2868">
    <p class='ocr_par' dir='ltr' id='par_1_74' title="bbox 2341 2796 3872 2868">
     <span class='ocr_line' id='line_1_74' title="bbox 2341 2796 3872 2868; baseline -0.003 -19"><span class='ocrx_word' id='word_1_516' title='bbox 2341 2797 2450 2849; x_wconf 84' lang='grc' dir='ltr'><strong>τῶν</strong></span> <span class='ocrx_word' id='word_1_517' title='bbox 2486 2799 2571 2850; x_wconf 70' lang='grc' dir='ltr'><strong>ἀεὶ</strong></span> <span class='ocrx_word' id='word_1_518' title='bbox 2610 2802 2703 2850; x_wconf 78' lang='grc' dir='ltr'>καὶ</span> <span class='ocrx_word' id='word_1_519' title='bbox 2745 2799 2902 2868; x_wconf 82' lang='grc' dir='ltr'>μέχρι</span> <span class='ocrx_word' id='word_1_520' title='bbox 2938 2798 3030 2850; x_wconf 76' lang='grc' dir='ltr'>νῦν</span> <span class='ocrx_word' id='word_1_521' title='bbox 3078 2799 3335 2864; x_wconf 79' lang='grc' dir='ltr'>διηνεκῶς</span> <span class='ocrx_word' id='word_1_522' title='bbox 3375 2799 3717 2866; x_wconf 75' lang='grc' dir='ltr'>οἰκησάντων</span> <span class='ocrx_word' id='word_1_523' title='bbox 3758 2796 3872 2848; x_wconf 69' lang='grc' dir='ltr'>αὐτὸ</span> 
     </span>
    </p>
   </div>
   <div class='ocr_carea' id='block_1_75' title="bbox 2341 2887 3873 2957">
    <p class='ocr_par' dir='ltr' id='par_1_75' title="bbox 2341 2887 3873 2957">
     <span class='ocr_line' id='line_1_75' title="bbox 2341 2887 3873 2957; baseline 0.003 -21"><span class='ocrx_word' id='word_1_524' title='bbox 2341 2887 2700 2956; x_wconf 84' lang='grc' dir='ltr'>περιϐοήτους</span> <span class='ocrx_word' id='word_1_525' title='bbox 2741 2889 2836 2957; x_wconf 80' lang='grc' dir='ltr'>μὲν</span> <span class='ocrx_word' id='word_1_526' title='bbox 2884 2887 3224 2956; x_wconf 73' lang='grc' dir='ltr'>καθίστησιν,</span> <span class='ocrx_word' id='word_1_527' title='bbox 3261 2890 3375 2941; x_wconf 82' lang='grc' dir='ltr'>ὅσοι</span> <span class='ocrx_word' id='word_1_528' title='bbox 3433 2889 3668 2957; x_wconf 76' lang='grc' dir='ltr'>καθαρόν</span> <span class='ocrx_word' id='word_1_529' title='bbox 3701 2904 3756 2939; x_wconf 79' lang='grc' dir='ltr'>τε</span> <span class='ocrx_word' id='word_1_530' title='bbox 3793 2887 3873 2935; x_wconf 70' lang='grc' dir='ltr'>καὶ</span> 
     </span>
    </p>
   </div>
   <div class='ocr_carea' id='block_1_76' title="bbox 2342 2971 3872 3045">
    <p class='ocr_par' dir='ltr' id='par_1_76' title="bbox 2342 2971 3872 3045">
     <span class='ocr_line' id='line_1_76' title="bbox 2342 2971 3872 3045; baseline -0.003 -17"><span class='ocrx_word' id='word_1_531' title='bbox 2342 2971 2743 3045; x_wconf 63' lang='grc' dir='ltr'>ἀκαπήιλευτονζ</span> <span class='ocrx_word' id='word_1_532' title='bbox 2775 2978 2864 3039; x_wconf 65' lang='grc' dir='ltr'>καὶ</span> <span class='ocrx_word' id='word_1_533' title='bbox 2898 2977 3136 3040; x_wconf 80' lang='grc' dir='ltr'>ζιζανίου</span> <span class='ocrx_word' id='word_1_534' title='bbox 3170 2980 3370 3041; x_wconf 78' lang='grc' dir='ltr'>παντὸς</span> <span class='ocrx_word' id='word_1_535' title='bbox 3403 2978 3602 3045; x_wconf 77' lang='grc' dir='ltr'>ἀμιγὲς</span> <span class='ocrx_word' id='word_1_536' title='bbox 3630 2979 3719 3028; x_wconf 72' lang='grc' dir='ltr'>καὶ</span> <span class='ocrx_word' id='word_1_537' title='bbox 3742 2973 3872 3026; x_wconf 78' lang='grc' dir='ltr'>ἐλεύ-</span> 
     </span>
    </p>
   </div>
   <div class='ocr_carea' id='block_1_77' title="bbox 2342 3067 3871 3138">
    <p class='ocr_par' dir='ltr' id='par_1_77' title="bbox 2342 3067 3871 3138">
     <span class='ocr_line' id='line_1_77' title="bbox 2342 3067 3871 3138; baseline -0.002 -19"><span class='ocrx_word' id='word_1_538' title='bbox 2342 3068 2520 3136; x_wconf 87' lang='grc' dir='ltr'>θερον,</span> <span class='ocrx_word' id='word_1_539' title='bbox 2557 3070 2635 3129; x_wconf 89' lang='grc' dir='ltr'><strong>εἰς</strong></span> <span class='ocrx_word' id='word_1_540' title='bbox 2680 3067 2830 3130; x_wconf 86' lang='grc' dir='ltr'>τέλος</span> <span class='ocrx_word' id='word_1_541' title='bbox 2869 3069 2926 3122; x_wconf 82' lang='grc' dir='ltr'>τὸ</span> <span class='ocrx_word' id='word_1_542' title='bbox 2971 3069 3069 3134; x_wconf 80' lang='grc' dir='ltr'>τῆς</span> <span class='ocrx_word' id='word_1_543' title='bbox 3101 3069 3303 3138; x_wconf 82' lang='grc' dir='ltr'>ἀρετῆς</span> <span class='ocrx_word' id='word_1_544' title='bbox 3349 3069 3655 3121; x_wconf 78' lang='grc' dir='ltr'>δῐετέλεσαν</span> <span class='ocrx_word' id='word_1_545' title='bbox 3696 3082 3871 3128; x_wconf 82' lang='grc' dir='ltr'>συντη-</span> 
     </span>
    </p>
   </div>
   <div class='ocr_carea' id='block_1_78' title="bbox 2221 3154 3872 3229">
    <p class='ocr_par' dir='ltr' id='par_1_78' title="bbox 2221 3154 3872 3229">
     <span class='ocr_line' id='line_1_78' title="bbox 2221 3154 3872 3229; baseline -0.003 -20"><span class='ocrx_word' id='word_1_546' title='bbox 2221 3175 2236 3198; x_wconf 65' lang='lat'><strong>9</strong></span> <span class='ocrx_word' id='word_1_547' title='bbox 2267 3174 2311 3229; x_wconf 75' lang='grc' dir='ltr'>ο</span> <span class='ocrx_word' id='word_1_548' title='bbox 2346 3160 2561 3228; x_wconf 80' lang='grc' dir='ltr'>ροῦντες</span> <span class='ocrx_word' id='word_1_549' title='bbox 2614 3158 2912 3226; x_wconf 57' lang='grc' dir='ltr'>γεώργιον</span> <span class='ocrx_word' id='word_1_550' title='bbox 2953 3160 3326 3229; x_wconf 78' lang='grc' dir='ltr'>ἐξοστρακξζει</span> <span class='ocrx_word' id='word_1_551' title='bbox 3360 3159 3405 3211; x_wconf 86' lang='grc' dir='ltr'>δ’</span> <span class='ocrx_word' id='word_1_552' title='bbox 3451 3157 3520 3211; x_wconf 79' lang='grc' dir='ltr'>αὖ</span> <span class='ocrx_word' id='word_1_553' title='bbox 3552 3160 3751 3211; x_wconf 79' lang='grc' dir='ltr'>ἐκεῖθεν</span> <span class='ocrx_word' id='word_1_554' title='bbox 3792 3154 3872 3206; x_wconf 77' lang='grc' dir='ltr'>καὶ</span> 
     </span>
    </p>
   </div>
   <div class='ocr_carea' id='block_1_79' title="bbox 2340 3248 3857 3319">
    <p class='ocr_par' dir='ltr' id='par_1_79' title="bbox 2340 3248 3857 3319">
     <span class='ocr_line' id='line_1_79' title="bbox 2340 3248 3857 3319; baseline -0.003 -18"><span class='ocrx_word' id='word_1_555' title='bbox 2340 3252 2487 3313; x_wconf 84' lang='grc' dir='ltr'>ὅλαις</span> <span class='ocrx_word' id='word_1_556' title='bbox 2516 3253 2702 3319; x_wconf 66' lang='grc' dir='ltr'>χερσὶν</span> <span class='ocrx_word' id='word_1_557' title='bbox 2734 3251 3007 3314; x_wconf 80' lang='grc' dir='ltr'>ἐξελαύνει</span> <span class='ocrx_word' id='word_1_558' title='bbox 3039 3254 3133 3304; x_wconf 72' lang='grc' dir='ltr'>καὶ</span> <span class='ocrx_word' id='word_1_559' title='bbox 3161 3251 3461 3304; x_wconf 73' lang='grc' dir='ltr'>ἀπωθεῖται</span> <span class='ocrx_word' id='word_1_560' title='bbox 3487 3253 3598 3318; x_wconf 76' lang='grc' dir='ltr'>τὴν</span> <span class='ocrx_word' id='word_1_561' title='bbox 3620 3249 3724 3301; x_wconf 80' lang='grc' dir='ltr'>τῶν</span> <span class='ocrx_word' id='word_1_562' title='bbox 3753 3248 3857 3299; x_wconf 76' lang='grc' dir='ltr'>ὕπο-</span> 
     </span>
    </p>
   </div>
   <div class='ocr_carea' id='block_1_80' title="bbox 2338 3340 3304 3410">
    <p class='ocr_par' dir='ltr' id='par_1_80' title="bbox 2338 3340 3304 3410">
     <span class='ocr_line' id='line_1_80' title="bbox 2338 3340 3304 3410; baseline 0.001 -17"><span class='ocrx_word' id='word_1_563' title='bbox 2338 3340 2539 3409; x_wconf 84' lang='grc' dir='ltr'>κριτῶν</span> <span class='ocrx_word' id='word_1_564' title='bbox 2573 3341 2666 3392; x_wconf 66' lang='grc' dir='ltr'>καὶ</span> <span class='ocrx_word' id='word_1_565' title='bbox 2693 3340 2935 3408; x_wconf 88' lang='grc' dir='ltr'>βεϐήλων</span> <span class='ocrx_word' id='word_1_566' title='bbox 2975 3340 3304 3410; x_wconf 78' lang='grc' dir='ltr'>συνοίκησιν.</span> 
     </span>
    </p>
   </div>
   <div class='ocr_carea' id='block_1_81' title="bbox 2407 3601 3870 3674">
    <p class='ocr_par' dir='ltr' id='par_1_81' title="bbox 2407 3601 3870 3674">
     <span class='ocr_line' id='line_1_81' title="bbox 2407 3601 3870 3674; baseline -0.005 -20"><span class='ocrx_word' id='word_1_567' title='bbox 2407 3601 2481 3654; x_wconf 85' lang='lat' dir='ltr'><strong>E&#39;.</strong></span> <span class='ocrx_word' id='word_1_568' title='bbox 2525 3601 2634 3653; x_wconf 72' lang='grc' dir='ltr'><strong>Καὶ</strong></span> <span class='ocrx_word' id='word_1_569' title='bbox 2685 3602 2754 3652; x_wconf 73' lang='grc' dir='ltr'><strong>τὰ</strong></span> <span class='ocrx_word' id='word_1_570' title='bbox 2797 3601 2895 3670; x_wconf 80' lang='grc' dir='ltr'>μὲν</span> <span class='ocrx_word' id='word_1_571' title='bbox 2953 3601 3281 3672; x_wconf 85' lang='grc' dir='ltr'>ἀρχαιότερα</span> <span class='ocrx_word' id='word_1_572' title='bbox 3327 3604 3696 3674; x_wconf 77' lang='grc' dir='ltr'>διηγουμένων</span> <span class='ocrx_word' id='word_1_573' title='bbox 3739 3602 3870 3654; x_wconf 76' lang='grc' dir='ltr'>ἐστὶν</span> 
     </span>
    </p>
   </div>
   <div class='ocr_carea' id='block_1_82' title="bbox 2291 3690 3868 3761">
    <p class='ocr_par' dir='ltr' id='par_1_82' title="bbox 2291 3690 3868 3761">
     <span class='ocr_line' id='line_1_82' title="bbox 2291 3690 3868 3761; baseline -0.002 -16"><span class='ocrx_word' id='word_1_574' title='bbox 2291 3729 2297 3734; x_wconf 92' lang='grc'><strong>-</strong></span> <span class='ocrx_word' id='word_1_575' title='bbox 2338 3691 2536 3760; x_wconf 76' lang='grc' dir='ltr'>ἐτέρων</span> <span class='ocrx_word' id='word_1_576' title='bbox 2568 3690 2782 3743; x_wconf 84' lang='grc' dir='ltr'>ἀκούειν</span> <span class='ocrx_word' id='word_1_577' title='bbox 2811 3691 3117 3760; x_wconf 84' lang='grc' dir='ltr'>αὐτάρκως.</span> <span class='ocrx_word' id='word_1_578' title='bbox 3166 3694 3305 3761; x_wconf 81' lang='grc' dir='ltr'><strong>Ἐγὼ</strong></span> <span class='ocrx_word' id='word_1_579' title='bbox 3325 3693 3381 3745; x_wconf 81' lang='grc' dir='ltr'><strong>δέ</strong></span> <span class='ocrx_word' id='word_1_580' title='bbox 3403 3695 3473 3745; x_wconf 78' lang='grc' dir='ltr'>τὰ</span> <span class='ocrx_word' id='word_1_581' title='bbox 3494 3694 3682 3746; x_wconf 77' lang='grc' dir='ltr'>νεωστὶ</span> <span class='ocrx_word' id='word_1_582' title='bbox 3702 3690 3868 3759; x_wconf 81' lang='grc' dir='ltr'>διηγή-</span> 
     </span>
    </p>
   </div>
   <div class='ocr_carea' id='block_1_83' title="bbox 2338 3781 3861 3853">
    <p class='ocr_par' dir='ltr' id='par_1_83' title="bbox 2338 3781 3861 3853">
     <span class='ocr_line' id='line_1_83' title="bbox 2338 3781 3861 3853; baseline -0.001 -21"><span class='ocrx_word' id='word_1_583' title='bbox 2338 3798 2526 3849; x_wconf 85' lang='grc' dir='ltr'>σομαι,</span> <span class='ocrx_word' id='word_1_584' title='bbox 2561 3782 2626 3833; x_wconf 87' lang='grc' dir='ltr'><strong>τά</strong></span> <span class='ocrx_word' id='word_1_585' title='bbox 2661 3782 2788 3850; x_wconf 76' lang='grc' dir='ltr'>περὶ</span> <span class='ocrx_word' id='word_1_586' title='bbox 2837 3781 2929 3833; x_wconf 73' lang='grc' dir='ltr'><strong>τὸν</strong></span> <span class='ocrx_word' id='word_1_587' title='bbox 2983 3781 3171 3852; x_wconf 75' lang='grc' dir='ltr'>Κρῆτά</span> <span class='ocrx_word' id='word_1_588' title='bbox 3220 3801 3362 3852; x_wconf 80' lang='grc' dir='ltr'>φημι</span> <span class='ocrx_word' id='word_1_589' title='bbox 3412 3785 3610 3853; x_wconf 74' lang='grc' dir='ltr'>Ἰωσὴφ</span> <span class='ocrx_word' id='word_1_590' title='bbox 3648 3785 3736 3834; x_wconf 73' lang='grc' dir='ltr'>καὶ</span> <span class='ocrx_word' id='word_1_591' title='bbox 3782 3782 3861 3832; x_wconf 73' lang='grc' dir='ltr'>τὸν</span> 
     </span>
    </p>
   </div>
   <div class='ocr_carea' id='block_1_84' title="bbox 2337 3853 3867 3944">
    <p class='ocr_par' dir='ltr' id='par_1_84' title="bbox 2337 3853 3867 3944">
     <span class='ocr_line' id='line_1_84' title="bbox 2337 3853 3867 3944; baseline -0.001 -20"><span class='ocrx_word' id='word_1_592' title='bbox 2337 3873 2614 3941; x_wconf 68' lang='grc' dir='ltr'>Λαρισσέα</span> <span class='ocrx_word' id='word_1_593' title='bbox 2647 3853 2938 3940; x_wconf 81' lang='grc' dir='ltr'>Γεώργιον,</span> <span class='ocrx_word' id='word_1_594' title='bbox 2971 3876 3063 3926; x_wconf 73' lang='grc' dir='ltr'>καὶ</span> <span class='ocrx_word' id='word_1_595' title='bbox 3088 3875 3201 3926; x_wconf 84' lang='grc' dir='ltr'>ὅσοι</span> <span class='ocrx_word' id='word_1_596' title='bbox 3226 3877 3351 3944; x_wconf 76' lang='grc' dir='ltr'>περὶ</span> <span class='ocrx_word' id='word_1_597' title='bbox 3373 3878 3470 3943; x_wconf 80' lang='grc' dir='ltr'>τὴν</span> <span class='ocrx_word' id='word_1_598' title='bbox 3503 3878 3651 3944; x_wconf 83' lang='grc' dir='ltr'>σφῶν</span> <span class='ocrx_word' id='word_1_599' title='bbox 3683 3875 3867 3942; x_wconf 68' lang='grc' dir='ltr'>μιαρὰν</span> 
     </span>
    </p>
   </div>
   <div class='ocr_carea' id='block_1_85' title="bbox 2338 3961 3866 4043">
    <p class='ocr_par' dir='ltr' id='par_1_85' title="bbox 2338 3961 3866 4043">
     <span class='ocr_line' id='line_1_85' title="bbox 2338 3961 3866 4043; baseline 0.006 -31"><span class='ocrx_word' id='word_1_600' title='bbox 2338 3962 2673 4030; x_wconf 83' lang='grc' dir='ltr'>ἐϐάκχευσαν</span> <span class='ocrx_word' id='word_1_601' title='bbox 2713 3961 3011 4031; x_wconf 79' lang='grc' dir='ltr'>τράπεζαν,</span> <span class='ocrx_word' id='word_1_602' title='bbox 3051 3962 3151 4016; x_wconf 82' lang='grc' dir='ltr'>ὅσα</span> <span class='ocrx_word' id='word_1_603' title='bbox 3188 3964 3250 4032; x_wconf 83' lang='grc' dir='ltr'><strong>δή</strong></span> <span class='ocrx_word' id='word_1_604' title='bbox 3303 3967 3396 4017; x_wconf 75' lang='grc' dir='ltr'><strong>καὶ</strong></span> <span class='ocrx_word' id='word_1_605' title='bbox 3426 3965 3697 4043; x_wconf 49' lang='grc' dir='ltr'>,φοιτηταὶ</span> <span class='ocrx_word' id='word_1_606' title='bbox 3748 3963 3866 4030; x_wconf 71' lang='grc' dir='ltr'>πρὸς</span> 
     </span>
    </p>
   </div>
   <div class='ocr_carea' id='block_1_86' title="bbox 2337 4051 3867 4123">
    <p class='ocr_par' dir='ltr' id='par_1_86' title="bbox 2337 4051 3867 4123">
     <span class='ocr_line' id='line_1_86' title="bbox 2337 4051 3867 4123; baseline -0.001 -20"><span class='ocrx_word' id='word_1_607' title='bbox 2337 4051 2671 4104; x_wconf 80' lang='grc' dir='ltr'>διδασκάλων</span> <span class='ocrx_word' id='word_1_608' title='bbox 2695 4053 2763 4103; x_wconf 86' lang='grc' dir='ltr'>τὰ</span> <span class='ocrx_word' id='word_1_609' title='bbox 2806 4055 3022 4120; x_wconf 73' lang='grc' dir='ltr'>μυσαρὰ</span> <span class='ocrx_word' id='word_1_610' title='bbox 3053 4055 3572 4123; x_wconf 88' lang='grc' dir='ltr'>μυσταγωγούμενοι</span> <span class='ocrx_word' id='word_1_611' title='bbox 3605 4055 3836 4121; x_wconf 76' lang='grc' dir='ltr'>δόγματα</span> <span class='ocrx_word' id='word_1_612' title='bbox 3855 4064 3867 4076; x_wconf 91' lang='grc'><strong>·</strong></span> 
     </span>
    </p>
   </div>
   <div class='ocr_carea' id='block_1_87' title="bbox 2337 4129 3868 4212">
    <p class='ocr_par' dir='ltr' id='par_1_87' title="bbox 2337 4129 3868 4212">
     <span class='ocr_line' id='line_1_87' title="bbox 2337 4129 3868 4212; baseline -0.001 -20"><span class='ocrx_word' id='word_1_613' title='bbox 2337 4140 2414 4193; x_wconf 78' lang='grc' dir='ltr'>ἔτι</span> <span class='ocrx_word' id='word_1_614' title='bbox 2445 4157 2502 4192; x_wconf 84' lang='grc' dir='ltr'>τε</span> <span class='ocrx_word' id='word_1_615' title='bbox 2533 4139 2600 4193; x_wconf 81' lang='grc' dir='ltr'>τὰ</span> <span class='ocrx_word' id='word_1_616' title='bbox 2624 4143 2749 4209; x_wconf 59' lang='grc' dir='ltr'>περὶ</span> <span class='ocrx_word' id='word_1_617' title='bbox 2780 4142 2982 4196; x_wconf 81' lang='grc' dir='ltr'>Μωσέα</span> <span class='ocrx_word' id='word_1_618' title='bbox 3011 4143 3100 4193; x_wconf 76' lang='grc' dir='ltr'>τὸν</span> <span class='ocrx_word' id='word_1_619' title='bbox 3135 4142 3423 4212; x_wconf 79' lang='grc' dir='ltr'>ζωγράφον</span> <span class='ocrx_word' id='word_1_620' title='bbox 3454 4147 3548 4197; x_wconf 75' lang='grc' dir='ltr'>καὶ</span> <span class='ocrx_word' id='word_1_621' title='bbox 3581 4144 3757 4199; x_wconf 70' lang='grc' dir='ltr'>Ἰσαάκ</span> <span class='ocrx_word' id='word_1_622' title='bbox 3787 4129 3868 4191; x_wconf 66' lang='grc' dir='ltr'><strong>καὶ</strong></span> 
     </span>
    </p>
   </div>
   <div class='ocr_carea' id='block_1_88' title="bbox 2335 4228 3869 4301">
    <p class='ocr_par' dir='ltr' id='par_1_88' title="bbox 2335 4228 3869 4301">
     <span class='ocr_line' id='line_1_88' title="bbox 2335 4228 3869 4301; baseline 0.003 -22"><span class='ocrx_word' id='word_1_623' title='bbox 2335 4229 2499 4289; x_wconf 56' lang='grc' dir='ltr'>Δαϐῗιδ</span> <span class='ocrx_word' id='word_1_624' title='bbox 2516 4229 2607 4282; x_wconf 73' lang='grc' dir='ltr'>καὶ</span> <span class='ocrx_word' id='word_1_625' title='bbox 2632 4228 2772 4292; x_wconf 81' lang='grc' dir='ltr'>Ἰὼϐ,</span> <span class='ocrx_word' id='word_1_626' title='bbox 2790 4232 2884 4282; x_wconf 73' lang='grc' dir='ltr'>καὶ</span> <span class='ocrx_word' id='word_1_627' title='bbox 2902 4231 3013 4283; x_wconf 84' lang='grc' dir='ltr'>ὅσοι</span> <span class='ocrx_word' id='word_1_628' title='bbox 3037 4230 3292 4299; x_wconf 76' lang='grc' dir='ltr'>βεϐήλους</span> <span class='ocrx_word' id='word_1_629' title='bbox 3306 4232 3520 4301; x_wconf 71' lang='grc' dir='ltr'>ἔχοντες</span> <span class='ocrx_word' id='word_1_630' title='bbox 3543 4235 3768 4301; x_wconf 77' lang='grc' dir='ltr'>πάμπαν</span> <span class='ocrx_word' id='word_1_631' title='bbox 3788 4228 3869 4280; x_wconf 72' lang='grc' dir='ltr'>καὶ</span> 
     </span>
    </p>
   </div>
   <div class='ocr_carea' id='block_1_89' title="bbox 2336 4307 3870 4400">
    <p class='ocr_par' dir='ltr' id='par_1_89' title="bbox 2336 4307 3870 4400">
     <span class='ocr_line' id='line_1_89' title="bbox 2336 4307 3870 4400; baseline -0.003 -29"><span class='ocrx_word' id='word_1_632' title='bbox 2336 4318 2576 4386; x_wconf 83' lang='grc' dir='ltr'>γλώττας</span> <span class='ocrx_word' id='word_1_633' title='bbox 2599 4319 2940 4400; x_wconf 57' lang='grc' dir='ltr'>κσὶπγνώμας</span> <span class='ocrx_word' id='word_1_634' title='bbox 2989 4323 3082 4372; x_wconf 68' lang='grc' dir='ltr'><strong>καὶ</strong></span> <span class='ocrx_word' id='word_1_635' title='bbox 3112 4307 3300 4389; x_wconf 67' lang='grc' dir='ltr'>χεῖρας</span> <span class='ocrx_word' id='word_1_636' title='bbox 3326 4321 3554 4389; x_wconf 84' lang='grc' dir='ltr'>ὀνόμασι</span> <span class='ocrx_word' id='word_1_637' title='bbox 3601 4321 3870 4389; x_wconf 82' lang='grc' dir='ltr'>βελτίστων</span> 
     </span>
    </p>
   </div>
   <div class='ocr_carea' id='block_1_90' title="bbox 2337 4408 3867 4482">
    <p class='ocr_par' dir='ltr' id='par_1_90' title="bbox 2337 4408 3867 4482">
     <span class='ocr_line' id='line_1_90' title="bbox 2337 4408 3867 4482; baseline -0.001 -22"><span class='ocrx_word' id='word_1_638' title='bbox 2337 4408 2562 4475; x_wconf 79' lang='grc' dir='ltr'>ἀνδρῶν,</span> <span class='ocrx_word' id='word_1_639' title='bbox 2608 4408 2703 4460; x_wconf 81' lang='grc' dir='ltr'>καὶ</span> <span class='ocrx_word' id='word_1_640' title='bbox 2731 4409 3074 4479; x_wconf 80' lang='grc' dir='ltr'>περιϐοήτων</span> <span class='ocrx_word' id='word_1_641' title='bbox 3115 4410 3225 4479; x_wconf 72' lang='grc' dir='ltr'>τὴν·</span> <span class='ocrx_word' id='word_1_642' title='bbox 3257 4412 3482 4480; x_wconf 80' lang='grc' dir='ltr'>ἀρετὴν,</span> <span class='ocrx_word' id='word_1_643' title='bbox 3516 4412 3867 4482; x_wconf 76' lang='grc' dir='ltr'>περιστέλλειν</span> 
     </span>
    </p>
   </div>
   <div class='ocr_carea' id='block_1_91' title="bbox 690 4477 2238 4569">
    <p class='ocr_par' dir='ltr' id='par_1_91' title="bbox 690 4477 2234 4548">
     <span class='ocr_line' id='line_1_91' title="bbox 690 4477 2234 4548; baseline 0.001 -17"><span class='ocrx_word' id='word_1_644' title='bbox 690 4489 745 4533; x_wconf 89' lang='lat' dir='ltr'><strong>ct</strong></span> <span class='ocrx_word' id='word_1_645' title='bbox 796 4479 1014 4531; x_wconf 79' lang='lat' dir='ltr'><strong>virtutis</strong></span> <span class='ocrx_word' id='word_1_646' title='bbox 1070 4477 1213 4531; x_wconf 84' lang='lat' dir='ltr'><strong>fama</strong></span> <span class='ocrx_word' id='word_1_647' title='bbox 1275 4480 1582 4548; x_wconf 48' lang='lat' dir='ltr'><strong>illustrium“</strong></span> <span class='ocrx_word' id='word_1_648' title='bbox 1616 4480 1856 4545; x_wconf 76' lang='lat' dir='ltr'><strong>virorum</strong></span> <span class='ocrx_word' id='word_1_649' title='bbox 1919 4480 2234 4533; x_wconf 81' lang='lat' dir='ltr'><strong>nominibus</strong></span> 
     </span>
    </p>
   </div>
   <div class='ocr_carea' id='block_1_92' title="bbox 2335 4477 3868 4569">
    <p class='ocr_par' dir='ltr' id='par_1_92' title="bbox 2339 4477 3868 4569">
     <span class='ocr_line' id='line_1_92' title="bbox 2339 4477 3868 4569; baseline 0.003 -23"><span class='ocrx_word' id='word_1_650' title='bbox 2339 4498 2768 4564; x_wconf 75' lang='grc' dir='ltr'>ἐπονηρεύσαιντο</span> <span class='ocrx_word' id='word_1_651' title='bbox 2808 4477 2924 4566; x_wconf 66' lang='grc' dir='ltr'>τὴν</span> <span class='ocrx_word' id='word_1_652' title='bbox 2974 4477 3261 4569; x_wconf 57' lang='grc' dir='ltr'>ἐνδόμυγον</span> <span class='ocrx_word' id='word_1_653' title='bbox 3301 4477 3718 4556; x_wconf 16' lang='grc' dir='ltr'>ήάπόνοιαννκαὶ</span> <span class='ocrx_word' id='word_1_654' title='bbox 3751 4501 3868 4552; x_wconf 85' lang='grc' dir='ltr'>άσέ-</span> 
     </span>
    </p>
   </div>
   <div class='ocr_carea' id='block_1_93' title="bbox 693 4568 2234 4637">
    <p class='ocr_par' dir='ltr' id='par_1_93' title="bbox 693 4568 2234 4637">
     <span class='ocr_line' id='line_1_93' title="bbox 693 4568 2234 4637; baseline 0.003 -19"><span class='ocrx_word' id='word_1_655' title='bbox 693 4571 941 4620; x_wconf 77' lang='lat' dir='ltr'><strong>iatentem</strong></span> <span class='ocrx_word' id='word_1_656' title='bbox 991 4568 1044 4618; x_wconf 91' lang='lat' dir='ltr'><strong>in</strong></span> <span class='ocrx_word' id='word_1_657' title='bbox 1091 4571 1272 4621; x_wconf 84' lang='lat' dir='ltr'><strong>animo</strong></span> <span class='ocrx_word' id='word_1_658' title='bbox 1321 4571 1646 4622; x_wconf 87' lang='lat' dir='ltr'><strong>dementiam</strong></span> <span class='ocrx_word' id='word_1_659' title='bbox 1691 4582 1851 4637; x_wconf 88' lang='lat' dir='ltr'><strong>atque</strong></span> <span class='ocrx_word' id='word_1_660' title='bbox 1904 4570 2234 4636; x_wconf 86' lang='lat' dir='ltr'><strong>impietatem</strong></span> 
     </span>
    </p>
   </div>
   <div class='ocr_carea' id='block_1_94' title="bbox 692 4657 2234 4726">
    <p class='ocr_par' dir='ltr' id='par_1_94' title="bbox 692 4657 2234 4726">
     <span class='ocr_line' id='line_1_94' title="bbox 692 4657 2234 4726; baseline 0.001 -16"><span class='ocrx_word' id='word_1_661' title='bbox 692 4660 829 4711; x_wconf 82' lang='lat' dir='ltr'><strong>male</strong></span> <span class='ocrx_word' id='word_1_662' title='bbox 850 4667 903 4710; x_wconf 89' lang='lat' dir='ltr'><strong>ct</strong></span> <span class='ocrx_word' id='word_1_663' title='bbox 931 4657 1306 4711; x_wconf 82' lang='lat' dir='ltr'><strong>fraudulenter</strong></span> <span class='ocrx_word' id='word_1_664' title='bbox 1332 4657 1616 4723; x_wconf 87' lang='lat' dir='ltr'><strong>velabanl;</strong></span> <span class='ocrx_word' id='word_1_665' title='bbox 1651 4659 2024 4726; x_wconf 84' lang='lat' dir='ltr'><strong>sepulcrorum</strong></span> <span class='ocrx_word' id='word_1_666' title='bbox 2046 4660 2234 4722; x_wconf 65' lang='lat' dir='ltr'><strong>instar,</strong></span> 
     </span>
    </p>
   </div>
   <div class='ocr_carea' id='block_1_95' title="bbox 692 4748 2240 4818">
    <p class='ocr_par' dir='ltr' id='par_1_95' title="bbox 692 4748 2240 4818">
     <span class='ocr_line' id='line_1_95' title="bbox 692 4748 2240 4818; baseline 0.001 -20"><span class='ocrx_word' id='word_1_667' title='bbox 692 4763 811 4814; x_wconf 59' lang='lat' dir='ltr'><strong>qua</strong></span> <span class='ocrx_word' id='word_1_668' title='bbox 840 4750 1171 4800; x_wconf 85' lang='lat' dir='ltr'><strong>teterrimum</strong></span> <span class='ocrx_word' id='word_1_669' title='bbox 1218 4749 1362 4800; x_wconf 90' lang='lat' dir='ltr'><strong>intus</strong></span> <span class='ocrx_word' id='word_1_670' title='bbox 1391 4748 1612 4802; x_wconf 83' lang='lat' dir='ltr'><strong>odorem</strong></span> <span class='ocrx_word' id='word_1_671' title='bbox 1653 4749 1914 4816; x_wconf 90' lang='lat' dir='ltr'><strong>spirantia</strong></span> <span class='ocrx_word' id='word_1_672' title='bbox 1944 4764 2110 4818; x_wconf 79' lang='lat' dir='ltr'><strong>gypso</strong></span> <span class='ocrx_word' id='word_1_673' title='bbox 2139 4764 2240 4800; x_wconf 87' lang='lat' dir='ltr'><strong>au-</strong></span> 
     </span>
    </p>
   </div>
   <div class='ocr_carea' id='block_1_96' title="bbox 694 4837 2234 4906">
    <p class='ocr_par' dir='ltr' id='par_1_96' title="bbox 694 4837 2234 4906">
     <span class='ocr_line' id='line_1_96' title="bbox 694 4837 2234 4906; baseline 0.003 -20"><span class='ocrx_word' id='word_1_674' title='bbox 694 4851 859 4904; x_wconf 82' lang='lat' dir='ltr'><strong>roque</strong></span> <span class='ocrx_word' id='word_1_675' title='bbox 906 4837 1245 4890; x_wconf 82' lang='lat' dir='ltr'><strong>extrinsecus</strong></span> <span class='ocrx_word' id='word_1_676' title='bbox 1297 4849 1580 4890; x_wconf 86' lang='lat' dir='ltr'><strong>ornantur.</strong></span> <span class='ocrx_word' id='word_1_677' title='bbox 1644 4839 1880 4892; x_wconf 79' lang='lat' dir='ltr'><strong>lnduunt</strong></span> <span class='ocrx_word' id='word_1_678' title='bbox 1929 4840 2070 4891; x_wconf 89' lang='lat' dir='ltr'><strong>enim</strong></span> <span class='ocrx_word' id='word_1_679' title='bbox 2135 4839 2234 4906; x_wconf 89' lang='lat' dir='ltr'><strong>ipsi</strong></span> 
     </span>
    </p>
   </div>
   <div class='ocr_carea' id='block_1_97' title="bbox 692 4926 2236 4992">
    <p class='ocr_par' dir='ltr' id='par_1_97' title="bbox 692 4926 2236 4992">
     <span class='ocr_line' id='line_1_97' title="bbox 692 4926 2236 4992; baseline 0.002 -14"><span class='ocrx_word' id='word_1_680' title='bbox 692 4939 913 4992; x_wconf 80' lang='lat' dir='ltr'><strong>quoque</strong></span> <span class='ocrx_word' id='word_1_681' title='bbox 951 4926 1185 4992; x_wconf 78' lang='lat' dir='ltr'><strong>speciem</strong></span> <span class='ocrx_word' id='word_1_682' title='bbox 1215 4937 1268 4980; x_wconf 92' lang='lat' dir='ltr'><strong>et</strong></span> <span class='ocrx_word' id='word_1_683' title='bbox 1305 4943 1502 4981; x_wconf 86' lang='lat' dir='ltr'><strong>nomen</strong></span> <span class='ocrx_word' id='word_1_684' title='bbox 1545 4929 2010 4983; x_wconf 88' lang='lat' dir='ltr'><strong>sanctissimorum</strong></span> <span class='ocrx_word' id='word_1_685' title='bbox 2060 4928 2236 4982; x_wconf 80' lang='lat' dir='ltr'><strong>homi-</strong></span> 
     </span>
    </p>
   </div>
   <div class='ocr_carea' id='block_1_98' title="bbox 693 5013 2236 5085">
    <p class='ocr_par' dir='ltr' id='par_1_98' title="bbox 693 5013 2236 5085">
     <span class='ocr_line' id='line_1_98' title="bbox 693 5013 2236 5085; baseline 0.005 -21"><span class='ocrx_word' id='word_1_686' title='bbox 693 5030 845 5076; x_wconf 92' lang='lat' dir='ltr'><strong>num,</strong></span> <span class='ocrx_word' id='word_1_687' title='bbox 890 5023 944 5068; x_wconf 92' lang='lat' dir='ltr'><strong>et</strong></span> <span class='ocrx_word' id='word_1_688' title='bbox 995 5013 1212 5068; x_wconf 76' lang='lat' dir='ltr'><strong>virtutis</strong></span> <span class='ocrx_word' id='word_1_689' title='bbox 1267 5016 1424 5069; x_wconf 89' lang='lat' dir='ltr'><strong>laude</strong></span> <span class='ocrx_word' id='word_1_690' title='bbox 1474 5018 1788 5085; x_wconf 83' lang='lat' dir='ltr'><strong>insignium,</strong></span> <span class='ocrx_word' id='word_1_691' title='bbox 1823 5028 1881 5071; x_wconf 86' lang='lat' dir='ltr'><strong>ut</strong></span> <span class='ocrx_word' id='word_1_692' title='bbox 1939 5018 2013 5070; x_wconf 91' lang='lat' dir='ltr'><strong>illi</strong></span> <span class='ocrx_word' id='word_1_693' title='bbox 2059 5019 2236 5071; x_wconf 88' lang='lat' dir='ltr'><strong>scenis</strong></span> 
     </span>
    </p>
   </div>
   <div class='ocr_carea' id='block_1_99' title="bbox 691 5103 2237 5178">
    <p class='ocr_par' dir='ltr' id='par_1_99' title="bbox 691 5103 2237 5178">
     <span class='ocr_line' id='line_1_99' title="bbox 691 5103 2237 5178; baseline 0.005 -24"><span class='ocrx_word' id='word_1_694' title='bbox 691 5104 874 5171; x_wconf 79' lang='lat' dir='ltr'><strong>agitati</strong></span> <span class='ocrx_word' id='word_1_695' title='bbox 907 5103 1108 5158; x_wconf 67' lang='lat' dir='ltr'><strong>Orestae</strong></span> <span class='ocrx_word' id='word_1_696' title='bbox 1137 5115 1191 5158; x_wconf 91' lang='lat' dir='ltr'><strong>et</strong></span> <span class='ocrx_word' id='word_1_697' title='bbox 1215 5104 1440 5175; x_wconf 72' lang='lat' dir='ltr'><strong>Pyladze,</strong></span> <span class='ocrx_word' id='word_1_698' title='bbox 1458 5117 1511 5160; x_wconf 89' lang='lat' dir='ltr'><strong>et</strong></span> <span class='ocrx_word' id='word_1_699' title='bbox 1535 5108 1752 5171; x_wconf 86' lang='lat' dir='ltr'><strong>Thesei,</strong></span> <span class='ocrx_word' id='word_1_700' title='bbox 1777 5119 1829 5161; x_wconf 90' lang='lat' dir='ltr'><strong>et</strong></span> <span class='ocrx_word' id='word_1_701' title='bbox 1857 5109 2101 5175; x_wconf 88' lang='lat' dir='ltr'><strong>Pelopcs,</strong></span> <span class='ocrx_word' id='word_1_702' title='bbox 2129 5124 2237 5178; x_wconf 85' lang='lat' dir='ltr'><strong>quo</strong></span> 
     </span>
    </p>
   </div>
   <div class='ocr_carea' id='block_1_100' title="bbox 692 5193 2236 5267">
    <p class='ocr_par' dir='ltr' id='par_1_100' title="bbox 692 5193 2236 5267">
     <span class='ocr_line' id='line_1_100' title="bbox 692 5193 2236 5267; baseline 0.006 -23"><span class='ocrx_word' id='word_1_703' title='bbox 692 5193 1036 5261; x_wconf 79' lang='lat' dir='ltr'><strong>malignitatis</strong></span> <span class='ocrx_word' id='word_1_704' title='bbox 1065 5211 1174 5249; x_wconf 76' lang='lat' dir='ltr'><strong>suae</strong></span> <span class='ocrx_word' id='word_1_705' title='bbox 1203 5197 1352 5251; x_wconf 86' lang='lat' dir='ltr'><strong>virus</strong></span> <span class='ocrx_word' id='word_1_706' title='bbox 1379 5198 1587 5251; x_wconf 79' lang='lat' dir='ltr'><strong>occulte</strong></span> <span class='ocrx_word' id='word_1_707' title='bbox 1609 5200 1906 5253; x_wconf 80' lang='lat' dir='ltr'><strong>evomendo</strong></span> <span class='ocrx_word' id='word_1_708' title='bbox 1923 5200 2236 5267; x_wconf 89' lang='lat' dir='ltr'><strong>purioribus</strong></span> 
     </span>
    </p>
   </div>
   <div class='ocr_carea' id='block_1_101' title="bbox 601 5285 1331 5358">
    <p class='ocr_par' dir='ltr' id='par_1_101' title="bbox 601 5285 1331 5358">
     <span class='ocr_line' id='line_1_101' title="bbox 601 5285 1331 5358; baseline 0.012 -24"><span class='ocrx_word' id='word_1_709' title='bbox 601 5339 603 5341; x_wconf 96' lang='lat'><em>_</em></span> <span class='ocrx_word' id='word_1_710' title='bbox 693 5285 998 5355; x_wconf 83' lang='lat' dir='ltr'><strong>quibusque</strong></span> <span class='ocrx_word' id='word_1_711' title='bbox 1027 5299 1331 5358; x_wconf 78' lang='lat' dir='ltr'><strong>aspergant.</strong></span> 
     </span>
    </p>
   </div>
   <div class='ocr_carea' id='block_1_102' title="bbox 763 5373 2236 5448">
    <p class='ocr_par' dir='ltr' id='par_1_102' title="bbox 763 5373 2236 5448">
     <span class='ocr_line' id='line_1_102' title="bbox 763 5373 2236 5448; baseline 0.005 -19"><span class='ocrx_word' id='word_1_712' title='bbox 763 5373 848 5429; x_wconf 80' lang='lat' dir='ltr'><strong>Vl.</strong></span> <span class='ocrx_word' id='word_1_713' title='bbox 894 5374 1108 5427; x_wconf 90' lang='lat' dir='ltr'><strong>Illorum</strong></span> <span class='ocrx_word' id='word_1_714' title='bbox 1135 5394 1265 5433; x_wconf 88' lang='lat' dir='ltr'><strong>sane</strong></span> <span class='ocrx_word' id='word_1_715' title='bbox 1294 5379 1649 5432; x_wconf 79' lang='lat' dir='ltr'><strong>abominanda</strong></span> <span class='ocrx_word' id='word_1_716' title='bbox 1676 5395 1738 5433; x_wconf 88' lang='lat' dir='ltr'><strong>ac</strong></span> <span class='ocrx_word' id='word_1_717' title='bbox 1762 5394 1971 5448; x_wconf 76' lang='lat' dir='ltr'><strong>impura</strong></span> <span class='ocrx_word' id='word_1_718' title='bbox 2009 5391 2236 5436; x_wconf 86' lang='lat' dir='ltr'><strong>testatur</strong></span> 
     </span>
    </p>
   </div>
   <div class='ocr_carea' id='block_1_103' title="bbox 691 5465 2236 5549">
    <p class='ocr_par' dir='ltr' id='par_1_103' title="bbox 691 5465 2236 5549">
     <span class='ocr_line' id='line_1_103' title="bbox 691 5465 2236 5549; baseline 0.005 -30"><span class='ocrx_word' id='word_1_719' title='bbox 691 5480 811 5522; x_wconf 83' lang='lat' dir='ltr'><strong>esse</strong></span> <span class='ocrx_word' id='word_1_720' title='bbox 840 5465 1088 5535; x_wconf 73' lang='lat' dir='ltr'><strong>dogmata</strong></span> <span class='ocrx_word' id='word_1_721' title='bbox 1123 5468 1325 5522; x_wconf 89' lang='lat' dir='ltr'><strong>Tomus</strong></span> <span class='ocrx_word' id='word_1_722' title='bbox 1355 5470 1445 5523; x_wconf 90' lang='lat' dir='ltr'><strong>ille</strong></span> <span class='ocrx_word' id='word_1_723' title='bbox 1472 5470 1537 5549; x_wconf 79' lang='lat' dir='ltr'><strong>de</strong></span> <span class='ocrx_word' id='word_1_724' title='bbox 1559 5485 1746 5525; x_wconf 91' lang='lat' dir='ltr'><strong>eorum</strong></span> <span class='ocrx_word' id='word_1_725' title='bbox 1790 5472 2061 5539; x_wconf 87' lang='lat' dir='ltr'><strong>impietate</strong></span> <span class='ocrx_word' id='word_1_726' title='bbox 2101 5476 2236 5527; x_wconf 83' lang='lat' dir='ltr'><strong>scri-</strong></span> 
     </span>
    </p>
   </div>
   <div class='ocr_carea' id='block_1_104' title="bbox 693 5557 2236 5635">
    <p class='ocr_par' dir='ltr' id='par_1_104' title="bbox 693 5557 2236 5635">
     <span class='ocr_line' id='line_1_104' title="bbox 693 5557 2236 5635; baseline 0.008 -28"><span class='ocrx_word' id='word_1_727' title='bbox 693 5564 837 5625; x_wconf 86' lang='lat' dir='ltr'><strong>ptus,</strong></span> <span class='ocrx_word' id='word_1_728' title='bbox 888 5567 943 5610; x_wconf 91' lang='lat' dir='ltr'><strong>et</strong></span> <span class='ocrx_word' id='word_1_729' title='bbox 990 5557 1056 5611; x_wconf 92' lang='lat' dir='ltr'><strong>ad</strong></span> <span class='ocrx_word' id='word_1_730' title='bbox 1115 5574 1324 5612; x_wconf 91' lang='lat' dir='ltr'><strong>sacram</strong></span> <span class='ocrx_word' id='word_1_731' title='bbox 1375 5563 1637 5628; x_wconf 83' lang='lat' dir='ltr'><strong>synodum</strong></span> <span class='ocrx_word' id='word_1_732' title='bbox 1683 5563 2028 5631; x_wconf 76' lang='lat' dir='ltr'><strong>Byzantinam</strong></span> <span class='ocrx_word' id='word_1_733' title='bbox 2077 5564 2236 5635; x_wconf 78' lang='lat'><strong>719</strong></span> 
     </span>
    </p>
   </div>
   <div class='ocr_carea' id='block_1_105' title="bbox 693 5644 2233 5708">
    <p class='ocr_par' dir='ltr' id='par_1_105' title="bbox 693 5644 2233 5708">
     <span class='ocr_line' id='line_1_105' title="bbox 693 5644 2233 5708; baseline 0.005 -11"><span class='ocrx_word' id='word_1_734' title='bbox 693 5644 888 5697; x_wconf 81' lang='lat' dir='ltr'><strong>allatus</strong></span> <span class='ocrx_word' id='word_1_735' title='bbox 937 5658 966 5697; x_wconf 86' lang='lat' dir='ltr'><strong>a</strong></span> <span class='ocrx_word' id='word_1_736' title='bbox 999 5647 1368 5701; x_wconf 85' lang='lat' dir='ltr'><strong>sanctissimis</strong></span> <span class='ocrx_word' id='word_1_737' title='bbox 1414 5649 1569 5708; x_wconf 86' lang='lat' dir='ltr'><strong>viris.</strong></span> <span class='ocrx_word' id='word_1_738' title='bbox 1620 5661 1854 5702; x_wconf 89' lang='lat' dir='ltr'><strong>montem</strong></span> <span class='ocrx_word' id='word_1_739' title='bbox 1903 5650 2050 5701; x_wconf 88' lang='lat' dir='ltr'><strong>illum</strong></span> <span class='ocrx_word' id='word_1_740' title='bbox 2085 5651 2233 5703; x_wconf 82' lang='lat' dir='ltr'><strong>inco-</strong></span> 
     </span>
    </p>
   </div>
   <div class='ocr_carea' id='block_1_106' title="bbox 691 5733 2234 5812">
    <p class='ocr_par' dir='ltr' id='par_1_106' title="bbox 691 5733 2234 5812">
     <span class='ocr_line' id='line_1_106' title="bbox 691 5733 2234 5812; baseline 0.002 -20"><span class='ocrx_word' id='word_1_741' title='bbox 691 5733 958 5799; x_wconf 80' lang='lat' dir='ltr'><strong>leutibus;</strong></span> <span class='ocrx_word' id='word_1_742' title='bbox 995 5745 1114 5789; x_wconf 85' lang='lat' dir='ltr'><strong>tum’</strong></span> <span class='ocrx_word' id='word_1_743' title='bbox 1141 5739 1210 5792; x_wconf 92' lang='lat' dir='ltr'><strong>ob</strong></span> <span class='ocrx_word' id='word_1_744' title='bbox 1239 5739 1364 5803; x_wconf 88' lang='lat' dir='ltr'><strong>alia,</strong></span> <span class='ocrx_word' id='word_1_745' title='bbox 1401 5753 1517 5807; x_wconf 79' lang='lat' dir='ltr'><strong>quae</strong></span> <span class='ocrx_word' id='word_1_746' title='bbox 1550 5753 1614 5791; x_wconf 88' lang='lat' dir='ltr'><strong>ne</strong></span> <span class='ocrx_word' id='word_1_747' title='bbox 1659 5739 1884 5792; x_wconf 75' lang='lat' dir='ltr'><strong>auribus</strong></span> <span class='ocrx_word' id='word_1_748' title='bbox 1911 5739 2128 5812; x_wconf 86' lang='lat' dir='ltr'><strong>quidem</strong></span> <span class='ocrx_word' id='word_1_749' title='bbox 2158 5744 2234 5795; x_wconf 83' lang='lat' dir='ltr'><strong>fa-</strong></span> 
     </span>
    </p>
   </div>
   <div class='ocr_carea' id='block_1_107' title="bbox 2339 4587 3868 4659">
    <p class='ocr_par' dir='ltr' id='par_1_107' title="bbox 2339 4587 3868 4659">
     <span class='ocr_line' id='line_1_107' title="bbox 2339 4587 3868 4659; baseline 0.001 -21"><span class='ocrx_word' id='word_1_750' title='bbox 2339 4588 2490 4641; x_wconf 85' lang='grc' dir='ltr'>ϐειαν</span> <span class='ocrx_word' id='word_1_751' title='bbox 2525 4589 2622 4655; x_wconf 78' lang='grc' dir='ltr'>τῆς</span> <span class='ocrx_word' id='word_1_752' title='bbox 2655 4587 2856 4657; x_wconf 81' lang='grc' dir='ltr'>ψυχῆς,</span> <span class='ocrx_word' id='word_1_753' title='bbox 2907 4591 3306 4659; x_wconf 78' lang='grc' dir='ltr'>παραπλησίως</span> <span class='ocrx_word' id='word_1_754' title='bbox 3337 4594 3448 4653; x_wconf 81' lang='grc' dir='ltr'>τοῖς</span> <span class='ocrx_word' id='word_1_755' title='bbox 3495 4594 3703 4659; x_wconf 79' lang='grc' dir='ltr'>τάφοις,</span> <span class='ocrx_word' id='word_1_756' title='bbox 3735 4591 3788 4642; x_wconf 70' lang='lat' dir='ltr'><strong>of</strong></span> <span class='ocrx_word' id='word_1_757' title='bbox 3811 4588 3868 4639; x_wconf 75' lang='grc' dir='ltr'><strong>τὰ</strong></span> 
     </span>
    </p>
   </div>
   <div class='ocr_carea' id='block_1_108' title="bbox 2336 4675 3868 4751">
    <p class='ocr_par' dir='ltr' id='par_1_108' title="bbox 2336 4675 3868 4751">
     <span class='ocr_line' id='line_1_108' title="bbox 2336 4675 3868 4751; baseline 0.003 -26"><span class='ocrx_word' id='word_1_758' title='bbox 2336 4675 2480 4727; x_wconf 80' lang='grc' dir='ltr'>ἔνδον</span> <span class='ocrx_word' id='word_1_759' title='bbox 2504 4679 2720 4745; x_wconf 80' lang='grc' dir='ltr'>μακρᾶς</span> <span class='ocrx_word' id='word_1_760' title='bbox 2749 4678 3036 4741; x_wconf 77' lang='grc' dir='ltr'>άπόζοντες</span> <span class='ocrx_word' id='word_1_761' title='bbox 3067 4680 3327 4742; x_wconf 81' lang='grc' dir='ltr'>δυσωδίας</span> <span class='ocrx_word' id='word_1_762' title='bbox 3356 4684 3557 4751; x_wconf 85' lang='grc' dir='ltr'>τιτάνῳ</span> <span class='ocrx_word' id='word_1_763' title='bbox 3589 4685 3677 4734; x_wconf 78' lang='grc' dir='ltr'>καὶ</span> <span class='ocrx_word' id='word_1_764' title='bbox 3701 4681 3868 4750; x_wconf 62' lang='grc' dir='ltr'>χρυσῷ</span> 
     </span>
    </p>
   </div>
   <div class='ocr_carea' id='block_1_109' title="bbox 2335 4765 3867 4840">
    <p class='ocr_par' dir='ltr' id='par_1_109' title="bbox 2335 4765 3867 4840">
     <span class='ocr_line' id='line_1_109' title="bbox 2335 4765 3867 4840; baseline 0.003 -26"><span class='ocrx_word' id='word_1_765' title='bbox 2335 4765 2403 4816; x_wconf 86' lang='grc' dir='ltr'>τὰ</span> <span class='ocrx_word' id='word_1_766' title='bbox 2433 4765 2537 4827; x_wconf 74' lang='grc' dir='ltr'><strong>ἔξω</strong></span> <span class='ocrx_word' id='word_1_767' title='bbox 2566 4766 2914 4834; x_wconf 83' lang='grc' dir='ltr'>κοσμοῦνται.</span> <span class='ocrx_word' id='word_1_768' title='bbox 2957 4769 3306 4822; x_wconf 77' lang='grc' dir='ltr'>’Υποδύονται</span> <span class='ocrx_word' id='word_1_769' title='bbox 3332 4773 3440 4840; x_wconf 86' lang='grc' dir='ltr'>γὰρ</span> <span class='ocrx_word' id='word_1_770' title='bbox 3469 4774 3566 4823; x_wconf 77' lang='grc' dir='ltr'><strong>καὶ</strong></span> <span class='ocrx_word' id='word_1_771' title='bbox 3608 4772 3753 4823; x_wconf 78' lang='grc' dir='ltr'>αὐτοὶ</span> <span class='ocrx_word' id='word_1_772' title='bbox 3784 4769 3867 4821; x_wconf 77' lang='grc' dir='ltr'>καὶ</span> 
     </span>
    </p>
   </div>
   <div class='ocr_carea' id='block_1_110' title="bbox 2339 4851 3868 4927">
    <p class='ocr_par' dir='ltr' id='par_1_110' title="bbox 2339 4851 3868 4927">
     <span class='ocr_line' id='line_1_110' title="bbox 2339 4851 3868 4927; baseline 0.01 -26"><span class='ocrx_word' id='word_1_773' title='bbox 2339 4851 2523 4920; x_wconf 83' lang='grc' dir='ltr'>σχῆμα</span> <span class='ocrx_word' id='word_1_774' title='bbox 2558 4855 2652 4905; x_wconf 77' lang='grc' dir='ltr'><strong>καὶ</strong></span> <span class='ocrx_word' id='word_1_775' title='bbox 2675 4854 2842 4921; x_wconf 75' lang='grc' dir='ltr'>ὄνομα</span> <span class='ocrx_word' id='word_1_776' title='bbox 2866 4855 3154 4924; x_wconf 85' lang='grc' dir='ltr'>βελτίστων</span> <span class='ocrx_word' id='word_1_777' title='bbox 3184 4859 3413 4927; x_wconf 79' lang='grc' dir='ltr'>ἀνδρῶν,</span> <span class='ocrx_word' id='word_1_778' title='bbox 3443 4861 3540 4912; x_wconf 77' lang='grc' dir='ltr'>καὶ</span> <span class='ocrx_word' id='word_1_779' title='bbox 3569 4861 3665 4926; x_wconf 78' lang='grc' dir='ltr'>τὴν</span> <span class='ocrx_word' id='word_1_780' title='bbox 3684 4858 3868 4926; x_wconf 75' lang='grc' dir='ltr'>ἀρετὴν</span> 
     </span>
    </p>
   </div>
   <div class='ocr_carea' id='block_1_111' title="bbox 2336 4940 3866 5016">
    <p class='ocr_par' dir='ltr' id='par_1_111' title="bbox 2336 4940 3866 5016">
     <span class='ocr_line' id='line_1_111' title="bbox 2336 4940 3866 5016; baseline 0.003 -26"><span class='ocrx_word' id='word_1_781' title='bbox 2336 4940 2645 5009; x_wconf 83' lang='grc' dir='ltr'>ἐπισήμων,</span> <span class='ocrx_word' id='word_1_782' title='bbox 2676 4944 2924 5013; x_wconf 85' lang='grc' dir='ltr'>καθάπερ</span> <span class='ocrx_word' id='word_1_783' title='bbox 2967 4946 3017 4996; x_wconf 72' lang='lat' dir='ltr'><strong>oi</strong></span> <span class='ocrx_word' id='word_1_784' title='bbox 3063 4947 3120 5003; x_wconf 77' lang='grc' dir='ltr'><strong>ἐν</strong></span> <span class='ocrx_word' id='word_1_785' title='bbox 3157 4950 3267 5004; x_wconf 81' lang='grc' dir='ltr'>τοῖς</span> <span class='ocrx_word' id='word_1_786' title='bbox 3319 4948 3588 5016; x_wconf 85' lang='grc' dir='ltr'>δράμασιν</span> <span class='ocrx_word' id='word_1_787' title='bbox 3631 4948 3866 5016; x_wconf 79' lang='grc' dir='ltr'>Ὀρέσται</span> 
     </span>
    </p>
   </div>
   <div class='ocr_carea' id='block_1_112' title="bbox 2336 5030 3867 5103">
    <p class='ocr_par' dir='ltr' id='par_1_112' title="bbox 2336 5030 3867 5103">
     <span class='ocr_line' id='line_1_112' title="bbox 2336 5030 3867 5103; baseline 0.004 -23"><span class='ocrx_word' id='word_1_788' title='bbox 2336 5030 2429 5081; x_wconf 78' lang='grc' dir='ltr'>καὶ</span> <span class='ocrx_word' id='word_1_789' title='bbox 2474 5032 2712 5086; x_wconf 80' lang='grc' dir='ltr'>Πυλάδαι</span> <span class='ocrx_word' id='word_1_790' title='bbox 2761 5035 2854 5086; x_wconf 72' lang='grc' dir='ltr'><strong>καὶ</strong></span> <span class='ocrx_word' id='word_1_791' title='bbox 2886 5035 3078 5103; x_wconf 68' lang='grc' dir='ltr'>Θησεϊέ</span> <span class='ocrx_word' id='word_1_792' title='bbox 3117 5037 3208 5087; x_wconf 65' lang='grc' dir='ltr'><strong>καὶ⁵</strong></span> <span class='ocrx_word' id='word_1_793' title='bbox 3247 5037 3501 5100; x_wconf 84' lang='grc' dir='ltr'>Πέλοπες,</span> <span class='ocrx_word' id='word_1_794' title='bbox 3551 5038 3638 5092; x_wconf 83' lang='grc' dir='ltr'><strong>ίνα</strong></span> <span class='ocrx_word' id='word_1_795' title='bbox 3667 5039 3774 5088; x_wconf 77' lang='grc' dir='ltr'>ιτδν</span> <span class='ocrx_word' id='word_1_796' title='bbox 3801 5035 3867 5087; x_wconf 69' lang='lat' dir='ltr'><strong>PN</strong></span> 
     </span>
    </p>
   </div>
   <div class='ocr_carea' id='block_1_113' title="bbox 2338 5114 3863 5196">
    <p class='ocr_par' dir='ltr' id='par_1_113' title="bbox 2338 5114 3863 5196">
     <span class='ocr_line' id='line_1_113' title="bbox 2338 5114 3863 5196; baseline 0.005 -25"><span class='ocrx_word' id='word_1_797' title='bbox 2338 5122 2612 5196; x_wconf 16' lang='grc' dir='ltr'>κατάντῶν</span> <span class='ocrx_word' id='word_1_798' title='bbox 2651 5125 3048 5193; x_wconf 79' lang='grc' dir='ltr'>ἁκεραιοτέρων</span> <span class='ocrx_word' id='word_1_799' title='bbox 3095 5127 3194 5194; x_wconf 86' lang='grc' dir='ltr'>τῆς</span> <span class='ocrx_word' id='word_1_800' title='bbox 3229 5126 3378 5195; x_wconf 83' lang='grc' dir='ltr'>σφῶν</span> <span class='ocrx_word' id='word_1_801' title='bbox 3409 5117 3585 5180; x_wconf 79' lang='grc' dir='ltr'>αὖτῶν</span> <span class='ocrx_word' id='word_1_802' title='bbox 3626 5114 3863 5196; x_wconf 66' lang='grc' dir='ltr'><strong>ἐξεμοῦν·</strong></span> 
     </span>
    </p>
   </div>
   <div class='ocr_carea' id='block_1_114' title="bbox 2337 5195 3292 5274">
    <p class='ocr_par' dir='ltr' id='par_1_114' title="bbox 2337 5203 3292 5274">
     <span class='ocr_line' id='line_1_114' title="bbox 2337 5203 3292 5274; baseline 0.01 -15"><span class='ocrx_word' id='word_1_803' title='bbox 2337 5226 2425 5270; x_wconf 87' lang='grc' dir='ltr'><strong>τες</strong></span> <span class='ocrx_word' id='word_1_804' title='bbox 2456 5212 2654 5274; x_wconf 88' lang='grc' dir='ltr'>κακίας</span> <span class='ocrx_word' id='word_1_805' title='bbox 2679 5213 3033 5266; x_wconf 87' lang='grc' dir='ltr'>λανθάνωσιν.</span> <span class='ocrx_word' id='word_1_806' title='bbox 3285 5203 3292 5205; x_wconf 17' lang='lat' dir='ltr'><strong>ﬂ</strong></span> 
     </span>
    </p>
   </div>
   <div class='ocr_carea' id='block_1_115' title="bbox 2410 5381 3864 5460">
    <p class='ocr_par' dir='ltr' id='par_1_115' title="bbox 2410 5381 3864 5460">
     <span class='ocr_line' id='line_1_115' title="bbox 2410 5381 3864 5460; baseline 0.003 -24"><span class='ocrx_word' id='word_1_807' title='bbox 2410 5386 2499 5449; x_wconf 72' lang='grc' dir='ltr'><strong>εἶ’.</strong></span> <span class='ocrx_word' id='word_1_808' title='bbox 2543 5381 2692 5436; x_wconf 68' lang='lat' dir='ltr'><strong>Elui</strong></span> <span class='ocrx_word' id='word_1_809' title='bbox 2727 5402 2790 5451; x_wconf 88' lang='grc' dir='ltr'><strong>γε</strong></span> <span class='ocrx_word' id='word_1_810' title='bbox 2832 5387 2937 5456; x_wconf 80' lang='grc' dir='ltr'>μὴν</span> <span class='ocrx_word' id='word_1_811' title='bbox 2984 5388 3050 5439; x_wconf 77' lang='grc' dir='ltr'>τὰ</span> <span class='ocrx_word' id='word_1_812' title='bbox 3095 5389 3317 5442; x_wconf 73' lang='grc' dir='ltr'>ἐκείνων</span> <span class='ocrx_word' id='word_1_813' title='bbox 3360 5381 3580 5460; x_wconf 69' lang='grc' dir='ltr'>μυσαρὰ</span> <span class='ocrx_word' id='word_1_814' title='bbox 3615 5398 3701 5443; x_wconf 74' lang='grc' dir='ltr'>καὶ</span> <span class='ocrx_word' id='word_1_815' title='bbox 3743 5387 3864 5442; x_wconf 76' lang='grc' dir='ltr'>ἀκά-</span> 
     </span>
    </p>
   </div>
   <div class='ocr_carea' id='block_1_116' title="bbox 2338 5464 3865 5547">
    <p class='ocr_par' dir='ltr' id='par_1_116' title="bbox 2338 5464 3865 5547">
     <span class='ocr_line' id='line_1_116' title="bbox 2338 5464 3865 5547; baseline 0.001 -21"><span class='ocrx_word' id='word_1_816' title='bbox 2338 5473 2508 5544; x_wconf 83' lang='grc' dir='ltr'>θαρτα</span> <span class='ocrx_word' id='word_1_817' title='bbox 2536 5475 2800 5543; x_wconf 80' lang='grc' dir='ltr'>δόγματα,</span> <span class='ocrx_word' id='word_1_818' title='bbox 2825 5477 2987 5543; x_wconf 69' lang='grc' dir='ltr'>φησιν</span> <span class='ocrx_word' id='word_1_819' title='bbox 3015 5479 3041 5528; x_wconf 86' lang='grc' dir='ltr'>ὁ</span> <span class='ocrx_word' id='word_1_820' title='bbox 3075 5481 3153 5540; x_wconf 80' lang='grc' dir='ltr'>εἰς</span> <span class='ocrx_word' id='word_1_821' title='bbox 3181 5481 3240 5531; x_wconf 86' lang='grc' dir='ltr'><strong>τδ</strong></span> <span class='ocrx_word' id='word_1_822' title='bbox 3267 5482 3376 5533; x_wconf 86' lang='grc' dir='ltr'><strong>τῶν</strong></span> <span class='ocrx_word' id='word_1_823' title='bbox 3407 5482 3710 5545; x_wconf 80' lang='grc' dir='ltr'>Βυζαντίων</span> <span class='ocrx_word' id='word_1_824' title='bbox 3727 5464 3865 5547; x_wconf 46' lang='grc' dir='ltr'>’ίερῖν</span> 
     </span>
    </p>
   </div>
   <div class='ocr_carea' id='block_1_117' title="bbox 2335 5564 3866 5640">
    <p class='ocr_par' dir='ltr' id='par_1_117' title="bbox 2335 5564 3866 5640">
     <span class='ocr_line' id='line_1_117' title="bbox 2335 5564 3866 5640; baseline 0.005 -28"><span class='ocrx_word' id='word_1_825' title='bbox 2335 5564 2612 5630; x_wconf 74' lang='grc' dir='ltr'>κομισθεὶς</span> <span class='ocrx_word' id='word_1_826' title='bbox 2662 5566 2932 5634; x_wconf 79' lang='grc' dir='ltr'>συνέδριον</span> <span class='ocrx_word' id='word_1_827' title='bbox 2968 5568 3238 5636; x_wconf 48' lang='lat' dir='ltr'><strong>hymno;</strong></span> <span class='ocrx_word' id='word_1_828' title='bbox 3273 5574 3371 5640; x_wconf 77' lang='grc' dir='ltr'>τῆς</span> <span class='ocrx_word' id='word_1_829' title='bbox 3410 5570 3591 5623; x_wconf 82' lang='grc' dir='ltr'>αὐτῶν</span> <span class='ocrx_word' id='word_1_830' title='bbox 3632 5571 3866 5628; x_wconf 78' lang='grc' dir='ltr'>ἀσεϐείας</span> 
     </span>
    </p>
   </div>
   <div class='ocr_carea' id='block_1_118' title="bbox 2337 5653 3862 5734">
    <p class='ocr_par' dir='ltr' id='par_1_118' title="bbox 2337 5653 3862 5734">
     <span class='ocr_line' id='line_1_118' title="bbox 2337 5653 3862 5734; baseline 0.001 -21"><span class='ocrx_word' id='word_1_831' title='bbox 2337 5653 2513 5720; x_wconf 76' lang='grc' dir='ltr'>Τόμος</span> <span class='ocrx_word' id='word_1_832' title='bbox 2544 5655 2676 5722; x_wconf 71' lang='grc' dir='ltr'>πρὸς</span> <span class='ocrx_word' id='word_1_833' title='bbox 2715 5656 2819 5706; x_wconf 85' lang='grc' dir='ltr'>τῶν</span> <span class='ocrx_word' id='word_1_834' title='bbox 2851 5655 3122 5729; x_wconf 61' lang='grc' dir='ltr'>θεοφΰρων</span> <span class='ocrx_word' id='word_1_835' title='bbox 3160 5659 3250 5712; x_wconf 84' lang='grc' dir='ltr'>τοῦ</span> <span class='ocrx_word' id='word_1_836' title='bbox 3279 5661 3438 5730; x_wconf 82' lang='grc' dir='ltr'>ὅρους</span> <span class='ocrx_word' id='word_1_837' title='bbox 3465 5661 3694 5734; x_wconf 80' lang='grc' dir='ltr'>ἀνδρῶν.</span> <span class='ocrx_word' id='word_1_838' title='bbox 3723 5661 3788 5713; x_wconf 87' lang='grc' dir='ltr'><strong>τά</strong></span> <span class='ocrx_word' id='word_1_839' title='bbox 3816 5674 3862 5708; x_wconf 80' lang='grc' dir='ltr'><strong>τε</strong></span> 
     </span>
    </p>
   </div>
   <div class='ocr_carea' id='block_1_119' title="bbox 2335 5743 3863 5822">
    <p class='ocr_par' dir='ltr' id='par_1_119' title="bbox 2335 5743 3863 5822">
     <span class='ocr_line' id='line_1_119' title="bbox 2335 5743 3863 5822; baseline 0.007 -28"><span class='ocrx_word' id='word_1_840' title='bbox 2335 5743 2490 5805; x_wconf 78' lang='grc' dir='ltr'>ἄλλα,</span> <span class='ocrx_word' id='word_1_841' title='bbox 2525 5746 2620 5797; x_wconf 79' lang='grc' dir='ltr'>ὅσα</span> <span class='ocrx_word' id='word_1_842' title='bbox 2655 5745 2774 5814; x_wconf 73' lang='grc' dir='ltr'>μηδ’</span> <span class='ocrx_word' id='word_1_843' title='bbox 2814 5749 2948 5816; x_wconf 80' lang='grc' dir='ltr'>ἀκοῇ</span> <span class='ocrx_word' id='word_1_844' title='bbox 2999 5754 3291 5818; x_wconf 67' lang='grc' dir='ltr'>σωφρονεῖν</span> <span class='ocrx_word' id='word_1_845' title='bbox 3322 5753 3660 5822; x_wconf 76' lang='grc' dir='ltr'>αἱρουμένων</span> <span class='ocrx_word' id='word_1_846' title='bbox 3694 5752 3863 5821; x_wconf 75' lang='grc' dir='ltr'>φέρειν</span> 
     </span>
    </p>
   </div>
  </div>
