4020 6334
701 331 798 394 971
950 324 1026 395 [Α.
1069 338 1127 378 tt.
1166 270 1450 388 C855,ISD.
1496 322 1587 394 l5]

1870 327 2281 392 NICEPHORI
2314 327 2694 394 GREGORH!

3777 327 3865 394 97!

3027 329 3162 403 [ειν.
3202 343 3245 386 ι.
3283 343 3510 386 ramos.
3553 329 3611 403 41

681 447 922 501 remedio
949 452 1232 500 uterentur
1258 444 1521 498 adversus
1550 453 1852 513 temporum
1881 445 2156 498 fortunam
2180 453 2236 497 et

2342 446 2439 515 μὲν
2483 449 2516 517 ή
2549 449 2758 502 ἐκείνου
2811 451 2999 520 γέγονε
3042 451 3268 520 τελευτὴ
3315 454 3427 514 τοῖς
3476 468 3535 502 τε
3582 449 3672 504 διὰ
3696 454 3866 506 sterili:

681 537 1055 600 calamitates,
1090 550 1245 603 aeque
1292 544 1350 587 ut
1395 544 1551 588 antea
1599 535 1937 600 subeuntes;
1993 536 2119 589 item
2167 536 2235 589 iis

680 627 775 696 qui
816 625 1088 679 vindicata
1149 624 1297 678 illius
1347 623 1632 678 malefacta
1676 624 1864 678 videre
1913 624 2232 693 cupiebant,

680 726 969 784 antequam
999 714 1380 782 desperatione
1415 721 1639 768 auctore
1685 714 1839 768 nefas
1870 713 1973 781 ipsi
2013 713 2232 782 aliquod

682 809 1025 877 susciperent
1051 824 1064 859 :
1091 806 1476 860 documentum
1509 820 1640 858 vero
1662 806 1891 867 exstitit,
1932 818 2042 874 quo
2070 804 2235 857 auda-

682 899 878 962 ciores,
908 908 962 952 et
996 898 1030 951 ii
1079 897 1174 964 qui
1207 896 1359 950 nullo
1394 905 1539 949 metu
1589 894 1837 949 deterriti
1890 910 1954 949 ea
2001 904 2234 960 tentant,‘

680 1005 799 1058 qua:
834 991 1096 1042 intentata
1141 1001 1262 1040 esse
1307 993 1546 1052 oportet,
1575 985 1641 1036 ad
1672 985 1945 1037 saniorem
1996 993 2232 1038 mentem

678 1087 1084 1130 revocarentur.
1110 1074 1269 1145 73!;
1292 1073 1358 1128 Et
1381 1073 1495 1127 hmc
1521 1071 1740 1142 quidem
1763 1073 1817 1126 in
1845 1073 1992 1128 hunc
2013 1072 2232 1126 modum

677 1179 826 1234 gesta
856 1175 1001 1218 sunt.

745 1255 884 1309 VIII.
932 1253 1201 1308 Cmterum
1256 1262 1546 1320 antequam
1596 1247 1730 1305 foris
1778 1252 2066 1320 quisquam
2123 1259 2235 1304 tra-

678 1346 910 1412 gmdiam
965 1343 1114 1396 illam
1185 1341 1582 1412 persensisset,
1630 1341 1809 1409 ruptis
1871 1339 2128 1394 omnibus
2178 1347 2236 1393 et

673 1436 908 1488 \inculis
962 1444 1016 1486 et
1067 1433 1313 1497 catenis,
1365 1431 1600 1484 maxima
1667 1443 1791 1483 cum
1840 1430 2117 1498 voluptate
2166 1428 2232 1482 ad

674 1524 955 1578 cadaveris
988 1523 1358 1592 spectaculum
1399 1533 1689 1574 accurrere
1719 1519 1754 1572 ii
1784 1518 1878 1586 qui
1919 1518 1974 1572 in
2013 1531 2236 1571 carcere

674 1623 852 1677 erant,
891 1613 1034 1666 haud
1094 1611 1276 1666 minus
1301 1610 1575 1665 ducentis.
1621 1608 1702 1662 Ex
1737 1607 1940 1676 quibus
1980 1620 2118 1660 unus
2156 1605 2236 1659 fa-

674 1704 800 1757 brili
827 1705 970 1758 ascia
998 1703 1222 1774 (etenim
1257 1701 1407 1756 ensis
1430 1699 1617 1753 nullus
1647 1709 1845 1769 praesto
1873 1697 2013 1765 erat)
2044 1703 2227 1765 caput,

2330 538 2429 590 οὑκ
2493 539 2709 607 ἔχουσιν
2760 542 2868 611 ὅτῳ
2915 542 3207 616 χρήσονται
3268 543 3544 611 φαρμάκῳ
3599 543 3737 611 πρὸς
3783 543 3863 602 τάς

2331 632 2589 694 ἐπιούσας
2613 631 2812 700 δμοίως
2831 629 2924 683 τοῦ
2943 631 3137 700 χρόνου
3157 630 3324 700 τύχας
3343 631 3435 682 καὶ
3460 629 3544 702 [Ρ.
3565 630 3689 702 Mil]
3712 631 3865 702 κῆρας

2331 720 2427 773 καὶ
2453 715 2532 782 οἷς
2562 721 2748 788 ἔφεσις
2793 718 2901 772 τῶν
2937 720 3122 782 κακῶς
3178 719 3272 772 ὑπ’
3297 719 3462 773 αὑτοῦ
3494 720 3864 788 πραττομένων

2330 809 2605 878 ἐκδίκησιν
2661 808 2959 862 θεάσασθαι
3028 804 3120 879 ἦν,
3177 809 3310 880 πρὶν
3382 809 3692 878 ἀπογνώσει
3749 811 3865 877 σφᾶς

2329 898 2624 960 δεδωκότας
2646 898 2708 950 ἓν
2735 915 2789 951 τι
2816 898 3141 952 πεπονθέναι
3167 899 3274 952 τῶν
3297 901 3573 969 ἀθεμίτων
3597 915 3615 934 ³
3649 899 3742 952 καὶ
3767 900 3865 968 ἅμα

2330 986 2732 1056 παιδευτήριον,
2761 987 2818 1049 ἐς
2848 985 2908 1040 τὸ
2944 987 3159 1059 σῶςορον
3212 989 3338 1052 τοὺς
3383 990 3751 1059 θρασυτέρους
3789 989 3866 1041 άν-

2331 1076 2536 1140 θέλκον,
2565 1077 2659 1129 καὶ
2686 1072 2768 1139 οἷς
2796 1077 2865 1130 τά
2892 1077 3173 1148 άτόλμητα
3202 1079 3296 1145 ξὺν
3323 1080 3502 1133 οὐδενὶ
3543 1080 3653 1133 δέει
3682 1079 3864 1149 τολμᾶ-

2328 1183 2441 1220 ται.
2474 1167 2583 1220 Καὶ
2609 1166 2779 1220 ταῦτα
2805 1169 2905 1237 μὲν
2934 1168 3120 1222 τοῦτον
3144 1170 3270 1241 ἔσχε
3299 1171 3390 1225 τὸν
3421 1172 3643 1240 τρόπον.

2403 1251 2486 1308 H'.
2518 1255 2655 1321 Πρίν
2702 1271 2766 1322 γε
2802 1254 2909 1324 μὴν
2936 1256 3189 1324 αἴσθησιν
3217 1256 3312 1310 τοὺ
3355 1258 3634 1326 δράματος
3662 1257 3866 1326 ἐγγενέο

2334 1344 2457 1397 σθαι
2480 1347 2593 1407 τοῖς
2617 1345 2746 1428 έξω,
2763 1345 2940 1415 δεσμά
2963 1348 3140 1400 πάντα
3166 1347 3260 1400 καὶ
3292 1349 3509 1412 κλοιοὺς
3530 1350 3582 1402 oi
3612 1348 3866 1418 δεσμῶται

2334 1430 2593 1499 ῥήξαντες
2621 1433 2700 1494 είς
2733 1433 2831 1504 τήν
2878 1433 2972 1486 τοῦ
3017 1433 3305 1504 πτώματος
3349 1434 3480 1490 θέαν
3523 1437 3663 1506 μετὰ
3706 1438 3866 1505 πάσης

2331 1519 2615 1587 ἐπεξέθεον
2644 1523 2858 1592 ἡδονῆς,
2889 1523 2950 1575 οὑ
2999 1526 3151 1594 μεῖον
3189 1524 3480 1579 διακοσίων
3510 1527 3832 1596 ὑπάρχοντες
3851 1540 3863 1555 ·

2331 1607 2404 1670 ὧν
2432 1607 2512 1675 εἷς
2553 1629 2637 1676 τις
2679 1615 2975 1684 σκεπάρνῳ
3003 1615 3298 1685 τεκτονικῷ
3329 1616 3507 1686 (ξίφος
3538 1618 3648 1686 γὰρ
3681 1619 3862 1686 ἥκιστα

2335 1703 2546 1772 παρῆν)
2599 1701 2692 1756 τοῦ
2737 1703 2925 1758 λοιποῦ
2952 1705 3052 1772 τὴν
3076 1705 3316 1777 κεφαλήν
3345 1705 3678 1776 ἀφελόμενος
3704 1705 3868 1774 σώμ-

675 1796 742 1849 ab
768 1796 999 1864 reliquis
1026 1795 1289 1848 membris
1313 1792 1637 1855 abscissum,
1670 1805 1834 1856 super
1861 1787 2090 1855 fastigiis
2112 1764 2237 1838 intu-

2342 1764 2432 1856 τος
2615 1794 2713 1862 τῆς
2758 1764 3031 1858 ἐπάλξεως
3078 1764 3328 1864 ἔστησεν,
3379 1764 3535 1848 ῶστί
3577 1764 3865 1864 καταφανὲς

676 1900 859 1938 rorum
884 1884 1097 1948 statuit,
1154 1899 1262 1952 quo
1299 1881 1641 1935 manifestum
1687 1879 1840 1932 ﬁeret
1862 1878 1994 1931 illud
2023 1877 2236 1930 facinus

676 1977 945 2029 universa:
992 1974 1350 2037 multitudini,
1397 1987 1518 2041 qua:
1565 1971 1917 2025 extrinsecus
1956 1969 2068 2037 jam
2109 1981 2237 2035 pro-

675 2072 794 2131 pter
837 2077 1024 2116 muros
1070 2061 1338 2115 torrentis
1388 2061 1557 2113 instar
1592 2057 1940 2120 confluebat;
1984 2064 2041 2108 et
2088 2064 2148 2108 ut
2197 2053 2233 2107 ii

674 2153 894 2220 quidem
939 2167 1149 2215 omnes,
1206 2155 1297 2219 qui
1350 2150 1502 2204 illum
1574 2161 1776 2216 genere
1829 2144 2232 2212 contingebant,

674 2253 772 2297 aut
831 2243 1009 2312 aliqua
1060 2241 1322 2296 societate
1368 2255 1492 2292 cum
1539 2254 1605 2292 eo
1669 2235 1949 2306 conjuncti
1995 2235 2234 2298 fuerant,

674 2336 862 2388 labore
903 2334 1061 2386 irrito
1097 2326 1844 2399 su.persederent,_exstincta
1868 2339 2097 2395 prorsus
2127 2323 2237 2376 sal-

677 2440 798 2477 vum
844 2424 997 2476 illum
1029 2419 1261 2475 habendi
1293 2434 1427 2487 spe:
1474 2431 1834 2487 quoscunque
1861 2431 1992 2469 vero
2033 2415 2123 2469 ille
2154 2417 2237 2468 in-

678 2519 861 2566 fensos
895 2513 1181 2574 habuerat,
1231 2509 1267 2562 ii
1310 2510 1496 2562 animo
1546 2507 2030 2569 confirmarentur,
2075 2506 2236 2559 ades-

675 2613 906 2673 sentque
939 2604 1281 2659 extrinsecus
1334 2601 1454 2655 sine
1494 2601 1605 2654 ullo
1654 2608 1802 2653 metu
1861 2599 1963 2665 iis,
1993 2597 2087 2666 qui
2137 2610 2236 2666 pro

676 2694 959 2747 communi
1015 2694 1268 2747 libertate
1301 2691 1685 2746 t-ertavisscnt.
1718 2688 1920 2743 Deinde
1953 2672 2030 2745 se.
2058 2689 2110 2742 in
2145 2703 2238 2740 or-

679 2788 832 2841 dines
877 2795 932 2841 et
979 2784 1292 2853 manipulos
1358 2781 1798 2843 distribuerunt,
1849 2787 2239 2849 portarumque

680 2883 734 2925 et
766 2874 1301 2942 propugnaculorum
1336 2869 1641 2923 custodiam
1670 2867 1848 2921 sortiti
1876 2874 2024 2920 sunt.

747 2959 842 3011 IX.
878 2960 946 3011 At
995 2973 1190 3026 magno
1238 2957 1368 3026 ipsis
1401 2955 1790 3024 impedimento
1820 2961 1963 3018 erat,
1995 2967 2105 3022 quo
2137 2952 2239 3007 mi-

2335 1882 2589 1950 γενέσθαι
2622 1883 2684 1936 τδ
2710 1883 2890 1952 δρᾶμα
2915 1882 3008 1935 καὶ
3041 1885 3177 1936 πᾶσι
3205 1887 3333 1948 τοῖς,
3370 1883 3572 1948 ἔξωθεν
3599 1886 3699 1956 ἤδη
3735 1882 3867 1952 παρὰ

2335 1972 2402 2024 τὰ
2449 1972 2603 2042 τείχη
2653 1974 2962 2042 ποταμηδὸν
3005 1973 3277 2042 είσρέουσι
3331 1974 3564 2045 δήμοις·
3598 1975 3723 2028 ὥσθ’
3771 1976 3868 2027 ὅσοι

2339 2062 2436 2134 μὲν
2464 2063 2614 2134 αὑτῷ
2647 2079 2791 2118 κατα
2836 2062 2992 2130 γένος
3025 2064 3060 2133 ἢ
3095 2065 3221 2117 καθ’
3273 2067 3548 2136 ἑταιρείαν
3577 2062 3688 2119 εῐεν
3719 2080 3868 2134 προσ-

2334 2157 2559 2224 ήκοντες
2587 2156 2785 2224 μηκέτι
2815 2158 2998 2209 πονεῖν
3027 2157 3289 2225 ἀνήνυτα,
3321 2160 3508 2228 πάσης
3541 2157 3737 2220 τελέως
3763 2156 3870 2209 σύε-

2338 2246 2556 2314 σθείσης
2608 2245 2704 2297 τοῦ
2737 2245 2836 2315 ζῇν
2869 2246 3077 2300 ἐκεῖνον
3107 2247 3324 2310 ἐλπίδος
3345 2264 3361 2280 ο
3398 2250 3515 2301 ὅσοι
3547 2250 3595 2302 δ’
3639 2248 3868 2316 ἀπεχθῶς

2336 2331 2480 2404 εἶχον
2529 2336 2600 2390 αὖ
2639 2336 2778 2403 πρὸς
2818 2338 3044 2401 ἐκεϊννσν,
3081 2336 3307 2401 τούτους
3366 2341 3415 2392 δ’
3471 2339 3747 2410 ἐρρῶσθαι
3782 2337 3870 2398 τὰς

2335 2427 2596 2490 διανοίας,
2636 2428 2732 2479 καὶ
2775 2430 3083 2497 συμμαχεῖν
3112 2429 3308 2492 ἔξωθεν
3337 2429 3512 2492 ἀδεῶς
3539 2432 3652 2493 τοῖς
3682 2429 3870 2482 ἔνδοθεν

2336 2517 2476 2586 ὑπὲρ
2507 2517 2605 2586 τῆς
2638 2515 2826 2585 κοινῆς
2856 2518 3163 2588 ἐλευθερίας
3208 2521 3628 2590 ἠγωνισμένοις.
3661 2521 3870 2574 Ἔπειτα

2335 2609 2600 2669 διελόντες
2654 2609 2876 2670 ἑαυτοὺς
2913 2608 2994 2670 είς
3041 2609 3223 2672 τάξεις
3269 2611 3362 2661 καὶ
3415 2609 3614 2679 μοίρας
3659 2605 3870 2678 τὴντῶν

2337 2698 2518 2751 πυλῶν
2547 2697 2680 2768 ὁμοῦ
2707 2698 2801 2750 καὶ
2831 2697 3104 2762 ἐπάλξεων
3137 2699 3379 2767 διέλαχον
3410 2700 3681 2770 φυλακήν.

2409 2965 2489 3023 Θ’.
2527 2967 2799 3034 Μέγιστον
2853 2967 2899 3021 δ’
2946 2968 3093 3036 ὅμως
3142 2968 3357 3039 ὑπῆρχὲ
3405 2986 3588 3039 σφισιν
3643 2951 3872 3040 ἐμπόδιον

680 3067 783 3104 nus
816 3052 964 3103 illius
998 3049 1284 3117 insperata:
1325 3046 1520 3100 salutis
1568 3045 1953 3099 conservanda:
2003 3044 2237 3096 faculta-

2342 3061 2418 3119 είς
2443 3057 2542 3125 τὴν
2569 3058 2668 3126 τῆς
2696 3057 3001 3127 παραδόξου
3032 3062 3268 3129 ταυτησὶ
3318 3063 3590 3129 σωτηρίας
3627 3080 3874 3132 συντηρη-

683 3152 788 3191 tem
840 3138 1125 3201 haberent,
1161 3151 1350 3190 eorum
1385 3148 1504 3203 qua:
1556 3131 1621 3185 ad
1662 3131 1872 3185 victum
1930 3128 2238 3183 necessaria

2342 3149 2496 3216 τικὴν
2527 3149 2738 3200 ἑαυτῶν
2781 3148 3014 3217 δύναμιν
3042 3151 3076 3219 ἦ
3106 3168 3165 3202 τε
3195 3128 3304 3204 τῶν
3332 3155 3464 3224 πρὸς
3497 3154 3558 3206 τὸ
3602 3154 3700 3226 ζῇν
3727 3128 3876 3221 aliq-

681 3240 808 3281 snnt
860 3228 1061 3297 inopia,
1113 3238 1500 3292 armorumque
1553 3233 1604 3277 et
1665 3222 1898 3274 telorum
1943 3218 2144 3285 quibus
2181 3232 2240 3272 se

683 3319 1039 3372 defenderent
1100 3315 1348 3384 penuria.
1386 3313 1505 3366 Non
1556 3310 1699 3363 enim
1750 3309 2047 3369 habebant,
2094 3306 2242 3360 unde

685 3413 839 3466 lucile
869 3420 923 3464 et
952 3425 981 3463 e
1015 3407 1244 3475 vestigio
1275 3420 1337 3459 ea
1366 3418 1485 3472 quae
1514 3402 1634 3455 usui
1669 3410 1852 3454 essent
1882 3398 2237 3461 deveherent;

684 3523 806 3559 tum
831 3505 946 3573 ipsa
984 3501 1199 3556 occasio
1243 3499 1295 3552 id
1325 3497 1468 3567 quod
1503 3505 1872 3565 perpetratum
1903 3499 2048 3555 erat,
2080 3490 2241 3544 mini-

692 3615 774 3651 me
831 3593 1286 3665 praemeditatum,
1336 3602 1402 3642 ex
1456 3597 1698 3654 tempore
1746 3583 2121 3652 sttggcssisset.
2163 3581 2240 3634 Ea

690 3704 870 3744 tamen
925 3701 1041 3755 quae
1088 3691 1274 3738 secuta
1332 3687 1414 3734 est
1472 3687 1651 3740 nocte,
1681 3691 1801 3728 cum
1845 3674 1918 3725 illi
1969 3686 2157 3726 omnes
2179 3670 2241 3723 in

693 3781 921 3833 maxima
948 3773 1354 3845 perturbatione
1398 3781 1764 3834 curarumque
1795 3774 1926 3818 aestu
1964 3777 2244 3817 versare-

692 3885 796 3934 tur,
838 3868 986 3922 venit
1042 3866 1108 3919 de
1145 3860 1462 3916 triremibus
1511 3856 1761 3912 Galataeis
1793 3871 1919 3917 una,
1945 3855 2090 3908 circa
2133 3867 2245 3907 me-

690 3964 830 4015 diani
865 3961 1032 4012 ferme
1077 3962 1315 4014 noctem,
1365 3949 1432 4003 ab
1470 3946 1740 4000 maritimo
1783 3959 1938 3998 muro
1968 3956 2161 4012 panem
2190 3947 2246 3994 et

697 4055 876 4104 vinum
907 4055 1220 4116 apportans,
1243 4050 1297 4096 et
1328 4038 1487 4110 735
1525 4037 1787 4106 quidquid
1833 4035 2076 4088 ciborum
2102 4032 2247 4085 illius

697 4137 1032 4206 tempestatis
1068 4131 1328 4200 iniquitas
1367 4125 1708 4180 concedebat
1737 4141 1748 4176 :
1784 4125 1910 4176 item
1937 4118 2248 4189 promissio-

697 4244 795 4283 nes
828 4237 880 4282 et
930 4226 1160 4292 benigna
1214 4221 1400 4282 verba,
1427 4215 1744 4270 utrumlibet
1793 4212 1871 4265 illi
1906 4211 2082 4264 facere
2120 4207 2250 4261 mal-

696 4325 824 4372 lent.
860 4317 916 4371 Si
947 4315 1092 4368 enim
1122 4326 1338 4365 manere
1392 4309 1464 4360 ibi
1512 4306 1680 4359 satius
1719 4303 2001 4365 ducerent,
2027 4298 2247 4351 allatum

2340 3240 2509 3292 καίων
2536 3239 2750 3301 σπάνιςρ
2767 3242 2860 3292 καὶ
2890 3241 2922 3310 ἡ
2952 3241 3059 3293 τῶν
3089 3242 3273 3312 δπλων.
3291 3260 3351 3296 τε
3381 3247 3474 3296 καὶ
3506 3245 3615 3298 τῶν
3640 3249 3870 3315 ἀμυντη-

2343 3330 2472 3399 ρίων
2529 3328 2703 3398 βελῶν
2765 3329 2962 3383 ἔνδεια.
2998 3331 3073 3382 Oti
3135 3333 3242 3400 γὰρ
3303 3328 3451 3401 εἶχον
3506 3335 3628 3389 ὅθεν
3675 3339 3740 3389 ἐκ
3793 3335 3875 3387 τοῦ

2341 3421 2683 3487 παραχρῆμα
2756 3421 2930 3490 ῥᾷστα
3004 3423 3321 3490 κομίσονται
3376 3425 3444 3477 τὰ
3503 3425 3604 3494 τῆς
3661 3426 3875 3498 χρείας,

2341 3506 2744 3576 ἀπροσδόκητον
2823 3509 3181 3579 σχεδιασάσης
3245 3513 3344 3581 τῆς
3412 3515 3781 3582 περιστάσεως
3825 3515 3877 3566 τὸ

2343 3597 2602 3666 πραχθέν.
2637 3598 2826 3666 Ὅμως
2867 3597 2968 3666 τῆς
3012 3601 3204 3664 νυκτδς
3239 3602 3497 3673 ἐπιούσης
3527 3605 3763 3676 ἐκείνης,
3798 3605 3878 3658 καὶ

2343 3686 2557 3738 πάντων
2612 3687 2833 3739 ἐκείνων
2876 3687 2934 3737 ἐν
2985 3687 3121 3763 ζάλῃ
3172 3693 3268 3742 καὶ
3310 3696 3576 3765 τρικυμία
3619 3694 3880 3766 λογισμῶν

2343 3774 2694 3845 ὑπαρχόντων
2726 3776 2980 3847 μεγίστη,
3012 3772 3117 3849 ἧκε
3161 3784 3390 3854 τριήρης
3423 3785 3487 3836 ἐκ
3515 3785 3625 3838 τῶν
3655 3787 3880 3840 Γαλάτου

2343 3866 2472 3934 περὶ
2505 3867 2673 3935 μέσας
2721 3882 2824 3920 που
2872 3869 3092 3938 νύκτας,
3125 3874 3189 3926 ἐκ
3236 3873 3332 3927 τοῦ
3386 3877 3655 3944 παραλίου
3684 3880 3881 3948 τείχους

2344 3957 2638 4026 κομίζουσα
2681 3958 2892 4020 τούτοις
2921 3962 3087 4032 ἄρτον
3119 3964 3213 4018 καὶ
3257 3959 3420 4033 οἶνον,
3452 3969 3548 4025 καὶ
3580 3971 3677 4023 ὅσα
3705 3970 3768 4024 τὸ
3793 3971 3881 4037 τῆς

2346 4047 2493 4117 ῶρας
2544 4049 2838 4121 συνεχώρει
2891 4052 3076 4105 στενὸν
3121 4055 3383 4124 ἐδώδιμα,
3423 4060 3519 4130 καὶ
3564 4061 3677 4130 ἅμα
3721 4063 3876 4127 ἐπατ-

2345 4137 2530 4202 γελίας
2588 4143 2682 4195 καὶ
2731 4140 3150 4211 φιλανθρώπους
3195 4145 3406 4214 λόγους,
3454 4150 3584 4202 καθ’
3641 4153 3881 4221 ὁπότερον

2349 4227 2620 4295 βούλοιντο
2647 4229 2813 4299 δρᾷν’
2861 4232 2970 4284 εἴτε
3017 4235 3200 4299 μένειν
3251 4238 3599 4305 αἱρουμένοις
3649 4241 3882 4310 κομίζειν

2350 4316 2407 4376 ἐς
2461 4315 2558 4383 τὴν
2609 4316 2897 4388 ὑστεραίαν
2948 4321 3088 4374 ὅπλα
3138 4321 3229 4374 καὶ
3282 4325 3411 4396 βέλη
3461 4329 3734 4397 πολέμια·
3797 4328 3882 4381 εἶτ’

701 4413 759 4463 Iri
791 4407 1050 4477 postridie
1095 4417 1243 4457 arma
1278 4400 1408 4468 ipsis
1465 4407 1518 4450 ct
1563 4398 1666 4450 tela
1702 4394 1916 4448 hostilia
1950 4409 1963 4446 :
1998 4393 2081 4446 sin
2121 4390 2242 4444 inde

2352 4407 2557 4459 ἐκεῖθεν
2584 4409 3018 4482 ἀπαλλάττεσθαι
3040 4413 3126 4468 διὰ
3159 4390 3298 4481 δέοςς
3327 4390 3883 4490 δέξασθαι-προθύμως

698 4503 766 4553 ob
791 4507 990 4551 metunt
1022 4494 1254 4562 migrare
1297 4490 1661 4562 destinarent,
1693 4500 1785 4538 eos
1816 4499 1873 4537 se
1903 4483 2155 4536 alacriter
2192 4479 2246 4532 in

700 4589 1009 4655 praesidium
1050 4599 1206 4640 suum
1244 4581 1534 4637 Galaticum
1575 4583 1910 4643 recepturos,
1937 4581 1991 4627 et
2031 4587 2246 4624 omnem

702 4681 832 4749 ipsis
866 4677 1210 4732 securitatem
1246 4671 1602 4742 praestituros.
1633 4666 1756 4719 Haec
1803 4679 1925 4717 cum
1961 4662 2245 4724 dixissent,

702 4778 920 4826 domum
988 4768 1287 4827 redierunt,
1337 4766 1476 4816 bona
1527 4775 1623 4828 spe
1670 4759 1736 4811 iis
1777 4757 1964 4810 relicta
1987 4754 2078 4823 qui
2112 4754 2250 4806 intra

703 4876 916 4916 murum
963 4857 1344 4918 versabantur,
1389 4853 1483 4905 scd
1542 4865 1661 4918 quae
1715 4849 1780 4901 ad
1815 4847 2017 4899 bonum
2063 4844 2252 4897 :xitum

705 4968 808 5005 non
845 4950 1110 5018 pervenit.
1158 4943 1436 5012 Siquidem
1478 4937 1796 5021 imperatrix
1847 4935 2026 4998 Anna,
2075 4935 2258 4990 missis

705 5041 1016 5096 hominibus
1039 5041 1160 5104 (nec
1189 5037 1334 5088 enim
1370 5045 1487 5084 eam
1514 5027 1567 5081 id
1603 5025 1748 5095 quod
1775 5024 2041 5078 acciderat
2076 5023 2255 5090 latuit)

706 5131 1075 5201 praeclusoque
1125 5125 1298 5184 aditu,
1349 5121 1641 5174 adventum
1675 5114 1913 5169 inhibuit
1944 5114 2257 5182 appulsum-

706 5239 810 5290 que
858 5222 1001 5274 illius
1052 5217 1368 5271 Latinorum
1399 5226 1610 5274 manus,
1645 5224 1764 5278 qua:
1790 5207 2093 5262 clanculum
2125 5206 2259 5260 affu-

712 5329 828 5366 tura
863 5321 978 5364 erat
1004 5308 1294 5379 postridie.

782 5403 845 5455 Χ.
900 5401 971 5454 Ea
1000 5415 1086 5452 res
1116 5402 1368 5453 obsessos
1398 5395 1520 5448 illos
1548 5391 1612 5445 ad
1654 5390 2085 5458 desperationem
2112 5403 2262 5443 com-

710 5499 861 5566 pulit.
893 5494 1099 5561 Quippc
1125 5507 1226 5543 nec
1255 5503 1404 5542 arma
1451 5489 1516 5539 iis
1543 5493 1719 5548 erant,
1765 5483 1964 5551 quibus
2016 5491 2262 5549 protege-

712 5599 921 5650 rentur,
959 5601 1057 5639 ncc
1088 5583 1327 5652 clypeus,
1361 5593 1460 5631 nec
1491 5591 1672 5638 arcus,
1715 5588 1813 5626 nec
1857 5574 2023 5625 ullum
2056 5573 2121 5624 ad
2152 5575 2260 5624 vim

712 5679 1131 5749 propulsandam
1167 5674 1353 5729 telum.
1387 5673 1462 5723 Ac
1504 5680 1763 5737 praeterea
1825 5666 2103 5734 neglectus
2149 5664 2264 5732 pri-

2351 4497 2406 4556 ἐς
2448 4497 2508 4547 τὸ
2550 4497 2607 4547 ἐν
2657 4501 2767 4561 τοῖς
2796 4499 3038 4555 Γαλάτου
3087 4506 3236 4572 σφῶν
3281 4507 3458 4559 αὐτῶν
3504 4508 3780 4578 φρούριον,
3803 4512 3886 4560 καὶ

2352 4587 2530 4639 πᾶσαν
2596 4591 3055 4660 περιποιήσασθαι
3119 4610 3301 4661 σοισιν
3365 4596 3683 4666 ἀσφάλειαν.
3737 4595 3883 4653 Ταῦτ’

2353 4676 2596 4739 εἰπόντες
2654 4679 2962 4749 ἐπανῄεσαν
2988 4682 3190 4746 οἴκαδε,
3238 4688 3482 4756 χρηστὰς
3525 4688 3744 4750 ἐλπίδας
3802 4688 3886 4756 μὲν

2353 4769 2464 4828 τοῖς
2496 4767 2642 4830 ἐντὸς
2669 4769 2880 4838 τείχους
2910 4772 3324 4837 καταλιπόντες,
3351 4779 3452 4830 οὐκ
3479 4781 3561 4842 είς
3597 4780 3821 4850 χρηστὸν
3845 4777 3883 4830 δ’

2355 4855 2446 4911 οὑν
2504 4861 2676 4928 πέρας
2725 4862 3066 4931 ἐληλυθυίας.
3123 4866 3394 4936 Πέμψασα
3441 4871 3550 4940 γὰρ
3599 4875 3630 4942 ή
3691 4873 3886 4941 βασιλὶς

2361 4952 2528 5004 Ἀννα
2574 4952 2655 5018 (οὑ
2691 4951 2796 5019 γὰρ
2830 4951 3073 5022 ἐλελήθει
3125 4954 3186 5009 τὸ
3242 4961 3483 5027 γεγονὸς)
3535 4963 3810 5032 ἀπέφραξέ
3838 4977 3886 5011 τε

2359 5040 2453 5092 καὶ
2487 5042 2795 5110 ἀνεχαίτισε
2838 5043 2935 5112 τὴν
2981 5045 3165 5112 ἕφοδόν
3191 5064 3248 5099 τε
3287 5050 3379 5100 καὶ
3417 5052 3505 5103 τὸν
3535 5054 3783 5106 εἴσπλουν
3807 5053 3888 5119 τῆς

2360 5131 2544 5199 κρύφα
2594 5131 2891 5200 μελλούσης
2932 5134 3142 5189 ἐπιέναι
3188 5138 3480 5208 Λατινικῆς
3510 5141 3570 5206 ἐς
3604 5144 3705 5212 τὴν
3751 5141 3888 5194 ὑστεο

2363 5221 2520 5289 ραίαν
2556 5221 2856 5288 δυνάμεως.
3759 5221 3762 5224 ’

2434 5398 2519 5468 [Ρ.
2542 5398 2668 5468 εδει
2699 5399 2755 5453 1'.
2778 5399 2946 5452 Τοῦτο
2960 5400 3095 5469 πρὸς
3114 5401 3423 5469 ἀπόγνωσιν
3454 5407 3631 5474 ῆγαγε
3656 5409 3780 5471 τοὺς
3800 5424 3892 5459 τει-

2363 5491 2552 5559 χήρεις
2575 5491 2832 5553 ἐκείνους.
2855 5489 2989 5542 Οὔτε
3012 5490 3120 5561 γὰρ
3141 5493 3301 5547 ὅπλον
3331 5490 3398 5565 ἦν
3429 5514 3614 5565 σφισιν
3635 5501 3786 5554 οὐδὲν
3809 5515 3893 5566 ςυο

2368 5580 2677 5646 λακτήριον,
2710 5578 2820 5631 οὔτ’
2846 5580 3032 5642 ἀσπὶς,
3057 5579 3183 5633 οὔτε
3217 5584 3387 5649 τόξον,
3421 5586 3544 5640 οὔτε
3575 5589 3726 5656 βέλος
3759 5589 3892 5642 οὐδὲν

2365 5670 2736 5748 ’ἀμυντήριον’
2775 5671 2866 5721 καὶ
2917 5669 3051 5736 πρός
3094 5688 3155 5738 γε
3201 5672 3260 5722 τὺ
3313 5677 3484 5742 τεῖχος
3535 5677 3800 5748 ἀμεληθὲν
3844 5677 3893 5727 ἑκ
