4020 6334
166 341 274 406 913
545 285 621 404 [Α.
658 344 712 386 c.
755 325 916 398 1345]

1171 326 1604 390 ΒῩΖΑΝΤ.Ν,·Ε
1643 325 2014 386 HISTORIA!
2054 325 2191 388 LIB.
2239 326 2386 396 XIV.

2495 322 2628 387 [ινιι.
2676 337 2717 374 t.
2759 334 2994 374 PAL£0L
3039 322 3096 391 ιι

3230 323 3337 386 97S

171 450 364 506 πολλοῦ
392 448 683 520 διερῥωτδς
716 442 786 518 ἦν
813 445 883 499 τά
908 445 1132 498 πλεῖστα
1164 446 1307 515 μέρη
1334 446 1428 498 τοῦ
1461 463 1515 498 τε
1544 462 1669 515 περι

1807 446 1919 500 dem
1960 451 2146 501 muriae
2191 448 2375 502 hiabat
2413 445 2679 515 plerisque
2730 446 2782 499 in
2816 445 3058 515 partibus
3108 445 3338 516 circum-

169 543 341 597 πάτου
367 541 460 593 καὶ
489 539 600 591 τῶν
617 535 916 600 ἐπάλξεων.
941 536 1054 606 Τὴν
1081 535 1182 604 μὲν
1216 534 1310 588 οὖν
1331 534 1499 588 νύκτα
1527 536 1706 587 πᾶσαν

167 633 386 699 ἐκείνην
428 627 601 690 οὕτως
630 625 720 680 ἐπ’
755 624 968 678 ἐλπίσιν
1012 624 1513 695 ἀμφισϐητησίμοις
1555 623 1706 684 ἐντὸς

165 723 378 792 τείχους
395 719 708 789 ηὐλίσαντο,
738 718 838 781 τάς
858 733 917 770 τε
945 715 1114 779 πύλας
1134 716 1489 785 φυλᾶττοντες
1513 715 1609 767 καὶ
1638 713 1706 766 τά

164 813 320 883 τείχη
359 809 685 881 περιιόντες.
718 807 922 861 Ἕωθεν
959 807 1004 860 δ’
1041 809 1116 870 ὡς
1148 804 1287 862 εἶδον
1325 807 1579 890 σύρφακα
1611 807 1706 859 καὶ

164 902 381 971 χυδαῖον
420 899 595 969 δχλον,
625 896 778 969 παρά
823 895 914 950 τὸν
962 896 1180 963 γείτονα
1229 898 1506 960 συνιόντας
1547 897 1708 948 ίππόο

162 994 362 1062 δρομον
405 992 516 1062 (89)
569 991 703 1053 θέας
750 989 955 1053 εἵνεκα,
991 989 1086 1042 καὶ
1135 988 1338 1058 ἥκιστα
1396 985 1707 1056 συμμαχίας

164 1083 501 1153 ἡστινοσοῦν,
539 1080 602 1144 ἐξ
627 1073 703 1134 ὦν
751 1096 816 1147 γε
848 1078 1144 1148 ἡλπίκασιν
1204 1076 1406 1148 (ᾤοντο
1428 1078 1555 1144 γὰρ,
1584 1075 1706 1127 ἐπεὶ

166 1171 394 1240 μισητδς
431 1170 641 1239 ὑπῆρχε
668 1170 782 1230 τοῖς
805 1167 950 1230 ὅλοις
996 1166 1180 1236 σχεδὸν
1206 1165 1514 1229 Βυζαντίοις
1551 1165 1709 1217 Ἀπό-

161 1258 660 1321 καυκοςιάπαντας
712 1256 862 1326 ήξειν
903 1256 1084 1319 εὐθὺς,
1126 1255 1524 1315 στασιάσαντας
1565 1252 1707 1304 κατά

157 1349 273 1402 τῶν
311 1347 585 1418 ἀρχόντων
631 1345 725 1400 καὶ
763 1345 1043 1416 βασιλέων,
1077 1343 1476 1408 ἀπαλλάξαντος
1529 1341 1591 1394 δν
1630 1340 1703 1403 ὡς

157 1437 424 1507 τύραννον
476 1435 801 1507 “tollamur
857 1433 950 1496 ὡς·
983 1432 1076 1486 οῦν
1121 1431 1286 1502 {rapa
1334 1427 1452 1484 ἀνθ’
1503 1429 1704 1498 ἐτέρων

158 1503 350 1596 ἐώρων
395 1525 490 1579 καί
522 1525 586 1578 ού
625 1503 765 1578 κατά
812 1522 1056 1593 γνώμηνι
1076 1521 1272 1592 ἐχώρει
1315 1519 1382 1574 τά
1432 1519 1702 1590 δρώμενα,

157 1614 294 1682 περὶ
322 1611 622 1680 διαλλαγῶν
642 1611 882 1682 ὡμίλουν
902 1613 1014 1680 τοῖς
1040 1609 1236 1676 ἔξωθεν
1283 1607 1418 1677 πρὸς
1467 1607 1564 1675 τῆς
1605 1606 1703 1676 βα-

160 1704 363 1766 σιλίδος
413 1702 587 1756 ίοῦσιν
640 1702 862 1770 ’Λννης.
918 1701 1030 1753 Καὶ
1075 1699 1192 1769 τάχ’
1243 1699 1312 1751 ἂν
1364 1696 1609 1764 ἐγίγνετό
1649 1711 1702 1747 τι

158 1793 398 1863 χρηστὸν
428 1790 682 1856 ἐκείνοις,
705 1792 756 1843 εί
804 1790 880 1859 μή
927 1804 1072 1851 τινος
1122 1787 1400 1856 δαιμονίου
1431 1785 1705 1840 κεκώλυκε

160 1883 458 1955 βασκανία.
500 1881 642 1935 Ἀλλ’
689 1881 878 1954 ἐχρῆν,
924 1882 1002 1943 ὡς
1052 1881 1248 1943 ἔοικεν,
1309 1880 1370 1931 ἐν
1421 1876 1707 1947 θεομηνίας

159 1975 376 2045 καιροῖς
419 1971 585 2043 μηδὲν
628 1972 933 2042 ἀτόλμητον
983 1968 1325 2040 παροφθῆναι
1380 1965 1490 2022 τῶν
1521 1964 1712 2036 ἀθεμί-

159 2081 296 2120 των.
330 2063 492 2134 Ἔσχε
523 2063 582 2117 δι
615 2061 810 2127 οὕτως.

233 2241 344 2296 1Δ’.
387 2243 453 2295 Ἦ
477 2242 573 2295 τοῦ
614 2240 956 2295 ’Δποκαύιιου
985 2240 1144 2313 γυνή,
1171 2242 1231 2294 τὸ
1270 2239 1547 2311 ἐνδόσιμον
1574 2245 1710 2312 πρὸς

160 2335 264 2401 τῆς
311 2332 574 2402 βασιλίδος
613 2332 814 2402 ’Δννης
861 2331 1118 2396 λαϐοῦσα,
1172 2331 1561 2402 προσκαλεῖται
1603 2333 1710 2385 πᾶν

163 2426 225 2478 τὸ
262 2424 634 2494 Γασμουλικὸν
664 2423 796 2493 (90),
825 2423 920 2474 καὶ
965 2423 1262 2492 χρημάτων
1290 2421 1522 2494 χορηγίᾳ
1550 2420 1710 2490 δαψι-

163 2513 396 2584 λιστέρα
422 2511 617 2576 πείθει,
651 2513 748 2573 ce,-
790 2511 1036 2581 τριήρεις
1066 2510 1377 2580 αὐθημερὸν
1403 2511 1711 2581 ἀφεμένους

165 2603 436 2666 ἅπαντας,
463 2599 604 2654 ὅπλα
657 2599 706 2652 δ’
760 2598 970 2651 ἐκεῖθεν
1025 2597 1384 2668 ἀνειληφότας
1441 2599 1534 2650 καὶ
1582 2597 1711 2668 βέλη

169 2693 372 2755 πάντα,
405 2687 846 2759 περιελήλυθέναι
881 2687 1307 2758 πολιορκοῦντας
1329 2688 1391 2741 τὸ
1417 2687 1510 2741 τοῦ
1536 2689 1723 2770 παλαοί

164 2781 281 2832 τίου
325 2779 535 2832 ἐκείνου
579 2778 858 2849 φρούριον,
887 2778 993 2841 ἕως
1034 2779 1465 2848 είσπηδήσαντας
1511 2778 1716 2849 ἡϐηδὸν

164 2869 294 2931 τοὺς
325 2869 474 2932 ἐντὸς
512 2868 740 2932 ἀνελεῖν,
772 2867 896 2932 τοὺς
939 2868 1038 2936 μὲν
1065 2867 1141 2932 ὡς
1171 2868 1547 2940 ἀνδροφόνους,
1585 2869 1712 2930 τοὺς

163 2959 206 3012 δ’
229 2960 311 3023 ὥς
343 2960 687 3030 ἀνδροφόνοις
713 2958 982 3028 δήπουθεν
1007 2959 1315 3029 ὁμόφρονας
1329 2961 1448 3013 ικαὶ.
1478 2960 1709 3030 δμοστέ-

1803 533 1980 588 ductae
2023 534 2398 590 ambulationis
2433 544 2489 590 et
2533 539 2860 589 summorum
2913 537 3340 604 propugnaculo-

1803 637 1944 675 rum.
1975 622 2161 677 Totam
2197 624 2376 692 itaque
2408 623 2554 678 illam
2591 632 2802 678 noctem
2852 629 3017 677 unnia
3065 640 3160 695 spe
3200 627 3342 681 intra

1803 727 2016 765 murum
2082 727 2344 777 mansere,
2420 721 2603 782 portas
2647 715 3009 770 custodientes
3027 725 3084 770 et
3144 717 3339 771 muenia

1803 811 2217 856 cnrcnmeuntes.
2268 801 2419 856 Mane
2440 811 2639 865 autem,
2696 805 2786 856 ubi
2844 805 3109 871 plebeiam
3156 806 3340 860 faecem

1803 902 1964 960 atque
1985 892 2268 948 colluviem
2297 894 2592 961 conspicati
2633 903 2778 956 sunt,
2815 896 2881 949 ad
2918 897 3154 950 vicinum
3210 897 3341 962 Hip-
3393 910 3399 916 ‘

1803 982 2124 1050 podromum
2161 982 2369 1036 visendi
2395 983 2594 1047 studio,
2621 1000 2685 1039 ac
2707 1000 2813 1038 non
2861 987 2945 1056 (ut
2974 989 3342 1058 speraverant)

1803 1068 2011 1123 ferendi
2049 1069 2209 1125 ullius
2258 1072 2441 1126 auxilii
2493 1087 2655 1129 causa
2698 1076 3053 1133 conﬂuentem
3122 1079 3343 1149 (etenim

1803 1157 2224 1223 arbitrabantur,
2279 1177 2346 1216 eo
2387 1163 2532 1230 quod
2588 1165 2836 1220 omnibus
2880 1167 2991 1223 fere
3039 1171 3346 1240 Byzantinis

1803 1247 1930 1301 odio
1969 1248 2162 1304 fuisset
2222 1252 2560 1319 Apocaucus,
2597 1267 2852 1310 venturos
2905 1260 3085 1326 statim
3133 1277 3343 1329 omnes,
3439 1282 3442 1284 ·

1803 1335 2068 1391 seditione
2089 1335 2347 1394 adversus
2397 1354 2674 1411 magnates
2702 1352 2758 1397 et
2798 1347 3149 1415 imperatores
3199 1359 3344 1407 mota

1802 1439 1888 1490 eo,
1916 1441 2076 1495 quem
2112 1434 2170 1479 ut
2229 1437 2510 1497 tyranuum
2567 1443 2896 1504 metuerant,
2940 1441 3198 1512 sublato),
3251 1443 3344 1500 ubi

1802 1514 2151 1596 itaque_aliud
2182 1517 2343 1589 736
2363 1534 2464 1588 pro
2501 1522 2607 1577 alio
2630 1523 2884 1580 viderunt
2925 1530 3203 1596 accidisse,
3248 1548 3344 1588 ne-

1801 1618 1910 1670 que
1937 1619 2004 1659 ex
2027 1607 2290 1661 sententia
2318 1609 2609 1665 succedere
2662 1627 2774 1675 res,
2834 1614 2901 1670 de
2948 1621 3341 1677 reconcilianda

1801 1695 1970 1764 gratia
2001 1710 2159 1766 egere
2191 1713 2313 1753 cum
2346 1701 2414 1754 iis
2445 1701 2536 1770 qui
2574 1702 3017 1773 abjmperatriee
3049 1711 3202 1766 Anna
3250 1714 3345 1767 ad-

1807 1799 2067 1843 venerant
2105 1803 2123 1841 :
2163 1795 2218 1842 et
2242 1789 2346 1844 nisi
2409 1790 2710 1848 obstitisset
2758 1797 2898 1865 genii
2936 1780 3160 1869 alicujus
3214 1804 3340 1861 mali

1808 1878 2035 1945 invidia,
2061 1877 2292 1934 fortasse
2329 1879 2531 1950 aliquid
2559 1882 2687 1938 boni
2719 1885 2850 1955 ipsis
2879 1893 3192 1951 exstitisset.
3240 1897 3345 1954 Sed

1808 1969 2067 2027 nimirum
2088 1970 2344 2038 oportuit,
2366 1971 2422 2025 in
2459 1972 2565 2027 illis
2614 1972 2814 2031 furoris
2865 1979 3035 2036 divini
3085 1988 3343 2056 tempori-

1810 2060 1936 2126 bus,
1962 2057 2096 2112 nihil
2127 2058 2348 2114 sceleris
2405 2061 2732 2118 intentatum
2765 2067 2962 2132 omitti.
3016 2071 3119 2128 Res
3161 2088 3340 2132 autem

1809 2145 1884 2201 ita
1912 2161 1970 2200 se
1997 2144 2207 2201 habuit.

1879 2239 1972 2294 Xl.
2001 2238 2270 2310 Apocauci
2309 2255 2465 2304 uxor,
2502 2242 2569 2297 ab
2597 2243 2943 2314 imperatriee
2971 2249 3124 2306 Anna
3177 2253 3344 2311 lieen-

1811 2338 1938 2392 tiam
1961 2349 2086 2390 cum
2108 2334 2466 2402 impetrasset,
2498 2333 2860 2392 Gasmulicam
2889 2355 3104 2397 omnem
3134 2345 3344 2408 turbam

1807 2428 2052 2491 advocat,
2106 2435 2158 2481 et
2230 2424 2606 2494 pinguioribus
2648 2429 2910 2494 "pecuniae
2969 2434 3346 2506 largitionibus

1809 2520 2121 2590 persuadet,
2183 2528 2243 2573 ut
2291 2520 2467 2574 cuncti
2506 2518 2819 2579 triremibus
2862 2541 2924 2581 ea
2968 2528 3056 2583 dic
3122 2533 3344 2602 relictis,

1807 2612 2142 2681 sumptisque
2160 2611 2286 2666 inde
2316 2614 2478 2668 armis
2508 2625 2562 2669 et
2583 2615 2703 2669 telis
2730 2631 3062 2689 quacunque
3084 2621 3345 2690 inessent,

1809 2703 1990 2771 palatii
2017 2703 2162 2758 illius
2185 2717 2363 2758 arcem
2393 2704 2676 2761 obsidione
2691 2706 2930 2774 cingant,
2981 2715 3158 2782 quoad
3205 2717 3345 2772 iacta

1811 2792 2112 2861 irru‘ptione
2169 2805 2267 2846 eos
2324 2793 2615 2857 trucident,
2674 2796 2768 2864 qui
2841 2797 2988 2852 intus
3036 2812 3344 2867 versentur,

1808 2883 1944 2936 nulli
1976 2881 2118 2936 aetati
2148 2881 2455 2952 parcendo;
2484 2882 2604 2949 hos,
2631 2893 2690 2938 ut
2720 2885 3054 2951 homicidas;
3110 2891 3248 2956 illos,
3285 2905 3344 2949 nt

1809 2974 2202 3028 homicidarum
2251 2974 2488 3028 fautores
2556 2986 2718 3044 atque
2783 2979 3218 3035 contubernales.
3263 2986 3341 3038 Ad

164 3065 315 3115 γους.
370 3049 514 3119 Πρὸς
563 3048 630 3119 δὴ
689 3048 964 3110 τοιούτους
1032 3049 1232 3116 φόνους
1283 3050 1556 3120 ἀγοραίων
1616 3052 1707 3103 καὶ

1808 3065 2073 3135 ejusmodi
2100 3062 2296 3118 aedem
2322 3079 2445 3118 cum
2474 3063 2562 3117 illa
2583 3065 2863 3120 hominum
2888 3068 3368 3128 circumforaneo-1

168 3139 444 3193 ἀσυνέτων
472 3138 679 3208 ἀνδρῶν
703 3138 973 3192 ὁπλίσασα
995 3131 1172 3204 δεξιὰς
1202 3140 1382 3207 ἐκείνη
1415 3141 1711 3211 χρημάτων

165 3229 364 3300 ἀδραίς
415 3227 510 3299 (ὥς
542 3229 877 3299 είρήκειμεν)
921 3228 1206 3295 δεξιώσεσι
1250 3233 1343 3283 καὶ
1390 3229 1533 3284 οίνου
1577 3249 1712 3301 κρα-

162 3322 346 3387 τήρων
393 3318 604 3372 πολλῶν
650 3319 1005 3388 ἐμφορεῖσθαι
1065 3319 1281 3373 δίδωσιν
1325 3321 1590 3390 ἀφθόνως,
1647 3322 1713 3376 ἶν’

163 3408 362 3459 οὑτωσὶ
405 3407 500 3460 τοῦ
538 3407 869 3483 καθήκοντος
917 3411 1208 3472 ἐκστάντες
1240 3411 1496 3479 λογισμοῦ
1528 3429 1713 3480 μαινο-

166 3499 344 3565 μένων
371 3496 526 3566 δίκην
551 3497 768 3566 χωρῶσι
805 3498 938 3566 πρὸς
972 3499 1074 3561 τὰς
1114 3500 1221 3553 τῶν
1250 3499 1550 3570 ἀνθρώπων
1576 3518 1712 3570 σφα-

162 3589 284 3653 γὰς.
324 3587 477 3640 Ἐπεὶ
497 3585 542 3640 δ’
563 3585 706 3640 οὕτω
731 3587 882 3640 ταῦτ’
909 3583 1020 3657 εἶχε
1049 3589 1140 3641 καὶ
1171 3588 1200 3641 δ
1221 3589 1315 3642 τοῦ
1346 3589 1493 3659 ήλίου
1515 3589 1712 3660 δρόμος

164 3680 266 3747 ήδη
306 3677 379 3731 τά
412 3678 758 3748 μεσημϐρινά
791 3679 1130 3747 παρήλλαττε
1161 3678 1449 3749 ὑψώματα,
1480 3680 1712 3751 δραμόν-

160 3785 251 3830 τες
283 3769 485 3822 ἐκεῖνοι
521 3767 704 3838 κύκλῳ
751 3769 811 3822 τὺ
849 3769 1108 3840 φρούριον
1152 3772 1515 3839 περιέστησαν
1541 3770 1706 3833 ἅπαν,

163 3857 355 3910 ἀσπίσι
390 3859 485 3911 καὶ
513 3859 699 3919 ὅπλοις
746 3857 918 3911 ἀκασι
972 3860 1368 3927 πεφραγμένοι,
1416 3860 1510 3911 καὶ
1565 3859 1710 3911 ἅπαν

167 3947 322 4016 βέλος
374 3947 636 4017 manu.
688 3947 744 3999 ἐν
791 3947 973 4016 χεροῖν
1032 3948 1437 4017 περιφέροντες,
1475 3951 1569 4002 καὶ
1608 3953 1708 4004 ὅσα

163 4037 333 4107 θύρας
361 4036 813 4106 ἀναμοχλεύουσιν
839 4037 1046 4106 ὄργανα
1072 4039 1163 4091 καὶ
1189 4041 1529 4093 κατασείουσι
1557 4041 1708 4113 τείχη

161 4129 255 4181 καὶ
314 4127 600 4194 ἀποσπῶσι
654 4127 834 4190 λίθους
877 4128 942 4182 ἐκ
991 4128 1287 4198 θεμελίωνο
1317 4122 1391 4183 ὧν
1434 4131 1483 4182 oi
1516 4131 1613 4200 μὲν
1643 4133 1708 4185 τά

161 4221 289 4288 βέλη
350 4220 660 4288 πέμποντες
720 4217 920 4282 ἔξωθεν
966 4221 1107 4271 κατὰ
1162 4219 1362 4289 πλῆθος
1406 4221 1502 4272 καὶ
1550 4221 1708 4290 δίκην

159 4311 372 4378 βαθέωδ
417 4309 597 4378 νεφῶν
645 4309 854 4371 πάντας
903 4309 1030 4370 τοὺς
1078 4307 1228 4362 ἔνδον
1273 4309 1381 4364 τῶν
1433 4310 1708 4374 ἐπάλξεων

157 4401 446 4468 ἀπήλασαν
473 4403 536 4453 ἐκ
579 4398 673 4451 τοῦ
719 4398 1082 4468 παραχρῆμα,
1116 4399 1280 4468 μηδὲν
1302 4399 1520 4453 ὁθενοῦν
1559 4401 1708 4472 ἔχον-

154 4509 252 4554 τας
278 4492 366 4543 ὄπ’
385 4507 464 4554 ον,
490 4490 522 4558 ἢ
545 4488 932 4557 φυλακτήριον,
962 4488 1081 4557 nec
1110 4485 1184 4542 ὧν
1201 4491 1488 4559 ἀμυνεῖται
1509 4509 1588 4554 τις
1617 4493 1708 4546 τὸν

156 4581 379 4633 ἐπιόντα
405 4579 684 4649 πολέμιον.
739 4577 826 4649 [Ρ.
853 4578 981 4648 465]
1013 4581 1072 4631 Ol
1096 4579 1151 4631 δὲ
1180 4579 1248 4633 τά
1273 4581 1706 4651 ἐκμοχλευτήρια

159 4673 416 4739 φέροντες
465 4670 696 4740 ὄργανα,
744 4670 1061 4740 προσιόντες
1111 4670 1308 4734 ἔξωθεν
1337 4671 1405 4724 τά
1446 4689 1505 4724 τε
1552 4673 1704 4742 τείχη

163 4758 492 4827 πολλαχόθεν
520 4756 816 4831 διώρυττον
843 4760 939 4813 καὶ
966 4759 1066 4823 τὰς
1115 4760 1287 4823 πύλας
1316 4761 1669 4829 ἀνεμόχλευον
1690 4779 1703 4794 ο

154 4852 230 4912 ὡς
259 4853 327 4916 ,ἐν
360 4852 496 4905 πάνυ
527 4849 754 4922 βραχείᾳ
785 4852 976 4922 καιροῦ
1011 4854 1172 4922 ῥοπῇ,
1213 4852 1421 4906 πολλῶν
1450 4852 1705 4924 πολλαχό-

157 4939 245 4991 θεν
277 4940 390 4991 τῶν
417 4941 636 4995 εἰσόδων
659 4942 1028 5011 ἀνοιχθεισῶν,
1051 4943 1253 5003 πάντας
1281 4942 1450 5011 ἄρδην
1480 4943 1701 5012 εἰσρυῆ-

157 5047 241 5083 ναι
281 5028 407 5090 τοὺς
437 5031 745 5100 πολεμίους.
806 5017 808 5020 ’
1465 5051 1473 5056 ’

223 5119 328 5173 IB'.
349 5114 456 5171 Ἦν
478 5121 597 5172 τότε
626 5122 753 5174 ίδιίν
777 5122 898 5186 τοὺς
921 5123 1020 5192 μὲν
1045 5121 1256 5184 ἀθλίους
1289 5123 1525 5178 ἐκείνους
1554 5125 1708 5192 ἀφει-

155 5215 256 5278 δῶς
286 5213 708 5284 ἀναιρουμένους
743 5219 836 5268 καὶ
861 5218 995 5287 πρὸς
1025 5217 1157 5288 ᾅδην
1183 5219 1245 5270 ἐκ
1276 5219 1382 5270 τῶν
1407 5218 1532 5287 χθὲς
1564 5236 1705 5287 πεμ-

157 5310 427 5377 πομένους
451 5307 700 5375 δεσμῶνο
728 5309 853 5370 τοὺς
903 5311 960 5363 δέ
1014 5312 1172 5378 φόνου
1208 5313 1462 5372 πνέοντας
1507 5311 1703 5379 ἄνδρας

1812 3171 1928 3209 rum
1963 3164 2019 3210 et
2053 3153 2370 3208 stolidarum
2398 3152 2614 3208 dextras
2656 3157 2971 3214 armavisset
3010 3161 3238 3225 liberali,
3287 3175 3347 3218 ut

1810 3246 2065 3310 diximus,
2100 3243 2343 3314 pecunia
2383 3245 2730 3314 erOgatione;
2780 3247 2965 3300 multis
3013 3249 3178 3304 etiam
3233 3254 3342 3308 vini

1811 3327 2024 3405 poculis
2051 3333 2270 3402 profuse
2301 3347 2395 3386 eos
2415 3331 2730 3402 ingurgitat,
2761 3343 2816 3388 ut
2848 3335 2902 3389 in
2953 3336 3095 3392 hunc
3127 3341 3343 3396 modum

1811 3434 1957 3478 recta
1983 3423 2190 3476 ratione
2214 3422 2429 3477 excussi
2457 3421 2752 3476 furentium
2789 3425 2960 3498 inqtar
2987 3427 3052 3480 ad
3098 3427 3344 3485 homines

1803 3511 2125 3586 jugulandos
2155 3516 2395 3564 ruerent.
2429 3510 2563 3563 Cum
2628 3511 2680 3563 in
2722 3525 2788 3564 eo
2849 3527 2935 3566 res
2972 3525 3173 3579 essent,
3221 3519 3351 3572 solis

1809 3617 1971 3658 cursu
2039 3599 2396 3655 meridianum
2455 3598 2564 3664 jam
2636 3598 2890 3654 verticem
2961 3611 3346 3672 praetereunte.

1810 3708 1970 3752 ruere
2001 3693 2077 3746 illi
2105 3699 2160 3745 et
2201 3699 2366 3744 totam
2411 3689 2647 3758 undique
2696 3705 2874 3746 arcem
2924 3695 3347 3765 circumsistere,

1807 3783 2011 3855 clypeis
2043 3780 2316 3848 armisque
2345 3777 2597 3834 omnibus
2630 3779 2899 3848 instructi,
2928 3792 2982 3837 et
3018 3799 3179 3840 omne
3219 3789 3350 3844 mis-

1808 3875 1990 3931 silium
2022 3873 2246 3928 telorum
2274 3884 2442 3940 genus
2470 3869 2720 3924 manibus
2750 3870 3213 3940 circumferentes,
3246 3891 3350 3931 ea-

1809 3979 1914 4034 que
1948 3961 2128 4016 omnia
2153 3958 2530 4020 instrumenta,
2559 3971 2679 4025 qua:
2700 3957 2882 4010 autad
2940 3969 3216 4027 portarum
3266 3979 3348 4018 re-

1811 4053 1999 4124 pagula
2029 4045 2403 4109 convellenda,
2433 4057 2528 4098 aut
2561 4046 2627 4098 ad
2651 4060 2838 4099 muros
2865 4049 3208 4115 quatiendos.
3253 4061 3349 4107 aut

1808 4145 1873 4199 ad
1894 4140 2099 4211 lapides
2126 4152 2157 4192 e
2188 4135 2552 4190 fundamentis
2579 4135 2907 4191 emovendos
2933 4138 3138 4194 valent.
3166 4141 3241 4195 Ex
3263 4143 3348 4198 his

1807 4229 2137 4301 aliiquidem
2166 4225 2297 4280 foris
2328 4238 2589 4293 magnam,
2625 4224 2857 4279 telorum
2893 4226 3000 4280 vim
3033 4243 3096 4281 ac
3125 4230 3347 4286 densam

1809 4320 1972 4377 veluti
2000 4317 2198 4374 nubem
2225 4315 2382 4387 737
2400 4314 2661 4385 iacientes
2722 4316 2966 4383 repuls‘re
3016 4316 3132 4371 illos
3158 4333 3347 4375 omnes

1810 4415 2123 4483 derepente,
2152 4405 2246 4478 qui
2280 4406 2504 4460 summis
2543 4406 2596 4460 iu
2638 4407 3054 4473 propugnaculis
3108 4409 3341 4469 stabant.

1804 4504 1971 4560 armis
2003 4501 2362 4566 undecunque
2392 4494 2703 4557 destitutos,
2734 4503 2840 4548 tam
2867 4497 2934 4549 iis
2961 4499 3160 4566 quibus
3217 4515 3342 4554 c0r-

1804 4609 1904 4663 pus
1930 4590 2248 4661 protegitur,
2272 4601 2431 4655 quam
2469 4584 2576 4639 illis
2605 4585 2805 4654 quibus
2866 4586 3122 4657 ingruens
3174 4589 3345 4645 hostis

1807 4683 2169 4754 propulsetur.
2201 4678 2306 4732 Alii
2340 4692 2466 4732 vero
2499 4685 2764 4731 tormenta
2816 4679 3039 4733 muralia
3089 4680 3343 4733 admove-

1806 4778 1956 4836 bant.
1989 4772 2315 4844 propiusque
2340 4768 2657 4827 accedentes
2682 4770 2881 4839 passim
2928 4780 2983 4824 et
3010 4785 3192 4824 muros
3223 4787 3346 4841 per-

1811 4865 2104 4926 fodiebant,
2127 4870 2182 4916 et
2209 4872 2394 4931 portas
2439 4860 2686 4913 vectibus
2712 4858 3152 4923 labefactabant;
3186 4859 3254 4913 ita
3288 4870 3347 4914 ut

1813 4964 2085 5006 momento
2128 4949 2383 5017 temporis
2426 4946 2690 5015 patefacto
2722 4946 2826 4999 sibi
2876 4946 3059 5002 multis
3107 4949 3163 5002 in
3217 4949 3352 5006 locis

1811 5043 1975 5103 aditu,
2023 5040 2255 5094 universi
2276 5053 2496 5106 prorsus
2519 5038 2698 5091 hostes
2722 5039 2829 5090 irru
2841 5039 3038 5106 perint.

1881 5130 1994 5184 ΧΠ.
2028 5131 2142 5184 Jam
2177 5128 2358 5181 videre
2388 5127 2908 5192 erat,infortunatos
2956 5130 3174 5200 quidem
3229 5132 3350 5185 illos

1811 5221 1978 5275 ell'use
1999 5217 2256 5281 interimi,
2278 5226 2333 5271 et
2358 5216 2424 5270 ab
2455 5218 2723 5273 hesternis
2740 5219 2971 5274 vinculis
2991 5218 3056 5274 ad
3085 5220 3350 5277 tumulum

1814 5310 2092 5366 transferri
2115 5309 2276 5364 :istos
2301 5317 2479 5364 autem
2503 5309 2876 5378 sanguinarios
2897 5310 3046 5365 viros
3065 5311 3132 5366 ad
3157 5313 3354 5366 multas

1485 5426 1819 5486 Variorum
1849 5434 2031 5487 note).

225 5523 343 5594 (89)
368 5522 538 5588 Quem
565 5523 897 5594 Ξυλόκερκον
929 5533 1121 5576 vocant
1157 5525 1467 5593 scriptores,
1509 5527 1575 5579 de
1599 5541 1694 5582 cu-

153 5591 245 5663 jus
271 5592 382 5663 situ
415 5595 625 5663 agimus
677 5595 729 5648 in
765 5591 1219 5661 Constantinopoli
1263 5591 1453 5648 Christ.
1504 5597 1596 5648 lib.
1637 5611 1694 5656 ll,

171 5673 303 5718 seet.
339 5662 392 5725 1,
423 5661 481 5716 nl
535 5661 620 5727 16,
661 5671 716 5718 et
739 5663 837 5717 lib.
889 5677 958 5728 tv,
984 5673 1114 5717 sect.
1149 5663 1234 5727 15,
1269 5680 1321 5718 ιι.
1349 5664 1437 5718 25.
1472 5665 1693 5718 Druse.

1876 5524 1985 5593 (90)
2015 5528 2272 5596 Pachyni.
2311 5528 2402 5581 lib.
2437 5543 2512 5592 tv,
2540 5539 2662 5595 cap.
2691 5526 2780 5582 26.
2810 5525 2942 5584 Vide
2973 5528 3154 5584 Gloss.
3206 5528 3348 5583 med.

1801 5597 2013 5653 Graecit.
2048 5597 2274 5652 Decum.
