4020 6334
701 355 816 419 995
997 349 1074 418 fi.
1113 363 1166 404 it.
1205 345 1364 408 6854.
1401 364 1513 404 tsn.
1557 346 1648 419 ll]

1806 392 1808 394 τ
1892 350 2304 414 NICEPIIORI
2339 351 2718 415 GREGORzE

3032 352 3165 423 [nm
3205 365 3251 409 ι.
3285 367 3520 409 mmet.
3559 354 3619 425 5]
3794 357 3878 420 ωδ

706 463 1010 532 paenitebit,
1042 464 1245 546 pudore
1273 463 1547 528 allectum,
1584 474 1638 518 et
1672 463 1727 517 in
1759 464 2006 517 maximis
2031 464 2243 533 pericli-

2347 483 2436 518 ται
2460 481 2476 495 ⁸
2510 468 2592 518 σοὶ
2624 467 2670 518 δ’
2707 467 2860 517 ἔσται
2888 466 3194 535 μετάμελος
3229 468 3879 537 ἀνόνητος,αίσχυνομινῳ

705 563 930 613 tantem.
975 569 1099 606 cum
1147 553 1214 607 iis
1242 554 1333 622 qui
1365 553 1553 608 eadem
1587 562 1763 608 tecum
1815 555 2106 608 senserint.
2139 552 2252 622 Ego

704 658 835 716 vero
884 653 1285 697 sacrosanctam
1336 644 1642 712 almamque
1687 641 2034 704 Trinitatem.
2081 634 2251 696 Deum

703 733 943 796 unicum,
971 733 1116 801 juro,
1152 748 1237 786 me
1266 746 1365 786 nec
1396 733 1520 786 vivo
1545 732 1682 786 divae
1712 732 1985 787 memoriae
2018 732 2253 801 impera-

708 833 843 886 tore,
877 838 977 877 nec
1001 824 1190 876 eodem
1225 834 1461 888 mortuo,
1495 823 1811 877 meditatum
1847 838 1967 878 esse
1995 833 2086 877 aut
2117 838 2250 877 con-

705 913 950 966 stituisse
985 914 1278 982 quidquam
1311 913 1514 977 facere,
1547 915 1690 983 quod
1721 930 1825 968 non
1859 915 1934 968 illi
1965 916 2250 984 probatum

705 1003 918 1067 luisset,
957 1015 1218 1071 quantum
1267 1005 1475 1059 scilicet
1523 1008 1589 1058 ad
1643 1005 1988 1074 imperatoria
2038 1005 2249 1073 negotia

701 1093 1005 1155 attinuerit,
1038 1109 1144 1146 non
1192 1094 1412 1162 quidem
1450 1095 1708 1149 adversus
1753 1095 1899 1150 illius
1945 1097 2247 1164 coniugem,

704 1198 882 1251 neque
926 1185 1087 1237 etiam
1123 1185 1382 1241 adversus
1408 1186 1680 1254 iuniorem
1722 1185 2129 1254 imperatorem,
2157 1200 2250 1238 eo—

705 1289 818 1325 rum
850 1273 1055 1336 lilium;
1086 1289 1261 1342 neque
1292 1275 1551 1329 honorem
1577 1275 1749 1336 illum,
1774 1290 1932 1344 quem
1965 1275 2095 1328 milii
2128 1285 2252 1343 post

703 1361 1046 1428 imperatoris
1069 1373 1296 1418 mortem
1325 1365 1561 1433 propriis
1579 1365 1736 1433 equis
1764 1365 2076 1418 desilientes
2101 1365 2248 1419 obvii

699 1449 902 1518 quique
929 1451 1254 1516 tribuebant,
1281 1451 1347 1506 de
1381 1453 1647 1506 sententia
1679 1468 1796 1507 mea
1824 1452 1956 1506 mibi
1985 1468 2246 1521 unquam,

701 1539 794 1590 sed
835 1540 1053 1605 proprio
1095 1540 1330 1608 quodam
1362 1533 1578 1594 illorum
1610 1542 1769 1611 757
1800 1550 1971 1606 motu,
2009 1541 2247 1596 delatum

700 1627 888 1679 fuisse.
921 1626 1208 1681 Enimvero
1247 1630 1382 1683 nihil
1431 1646 1540 1684 non
1588 1633 1687 1690 feci
1737 1632 1932 1700 quovis
1982 1639 2246 1700 tempore,

702 1717 837 1769 meis
861 1718 1022 1770 etiam
1051 1719 1333 1787 impensis,
1361 1737 1470 1790 quo
1493 1719 1805 1776 conservari
1832 1736 2020 1776 eorum
2053 1722 2163 1775 vita
2191 1731 2247 1777 et

2352 559 2446 610 καὶ
2467 556 2828 610 κινδυνεύοντι
2859 557 2986 626 περὶ
3014 559 3083 610 τά
3138 559 3392 626 μέγιστα,
3441 558 3540 610 σύν
3578 574 3642 626 γε
3673 559 3741 628 δὴ
3787 561 3880 618 τοις

2347 646 2522 698 ταυτά
2567 661 2649 696 σοι
2707 643 3254 713 συμϐουλευομένοις.
3292 644 3535 718 Ὄμνυμι
3582 642 3640 695 δέ
3685 658 3776 694 σοι
3800 643 3880 709 τὴν

2349 737 2510 802 άγίαν
2558 738 2650 789 καὶ
2704 737 3014 804 ζωαρχικὴν
3048 737 3272 806 Τρνάδα,
3318 724 3408 788 τὸν
3469 735 3565 787 ἕνα
3613 735 3775 794 Θεὸν,
3818 733 3879 794 ὡς

2347 823 2470 877 οὔτε
2505 824 2705 889 ζῶντος
2733 824 2824 876 τοῦ
2859 825 3165 891 μακαρίτου
3221 823 3507 892 βασιλὲωῃ
3540 821 3660 874 οὔτε
3707 821 3882 873 θανόν-

2347 932 2462 979 τος,
2499 915 2849 984 μεμελέτηκα
2873 913 2995 966 οὔτε
3024 913 3379 982 βεϐούλευμαι
3409 915 3543 981 δρᾷν
3587 913 3692 964 τῶν
3712 911 3879 965 ἀεάν·

2349 1023 2455 1059 των
2483 1005 2655 1071 οὐδὲν,
2681 1005 2710 1057 ὃ
2741 1006 2816 1074 μὴ
2837 1005 2976 1057 κατά
3006 1005 3233 1073 γνώμην
3260 999 3327 1074 ἦν
3357 1004 3569 1070 ἐκείνῳ,
3601 1000 3703 1053 τῶν
3735 1000 3878 1070 βασι-

2351 1096 2510 1149 λείων
2531 1097 2695 1150 ἓνεκα
2721 1095 3060 1165 πραγμάτων
3094 1089 3316 1164 δηλαδὴ,
3345 1093 3468 1146 οὔτε
3499 1094 3606 1163 μὴν
3629 1092 3774 1145 κατὰ
3795 1089 3880 1158 τῆς

2349 1186 2559 1240 ἐκείνου
2586 1185 2844 1253 συζύγου,
2896 1169 3008 1239 οὔτ’
3039 1184 3108 1238 αὖ
3152 1187 3295 1238 κατὰ
3321 1183 3417 1236 τοῦ
3475 1184 3598 1236 νέου
3630 1182 3878 1250 βασιλέως

2349 1273 2615 1330 κάκείνων
2655 1277 2834 1338 υιέος·
2866 1275 2980 1328 οὗθ’
3029 1277 3096 1346 ἢν
3145 1275 3428 1329 άπεδξδουν
3481 1274 3620 1344 μετὰ
3675 1273 3768 1324 τον
3795 1269 3874 1322 τοῦ

2352 1367 2615 1438 βασιλέως
2638 1367 2865 1420 θάνατον
2895 1366 3182 1437 βασιλικὴν
3205 1366 3393 1434 ἔμοιγε
3419 1365 3608 1434 τιμὴν.
3667 1365 3728 1416 ὲν
3774 1363 3876 1423 ταῖς

2348 1457 2683 1524 ὑπαντήσεσι
2730 1455 2840 1509 τῶν
2874 1437 3105 1510 ἶοίκεεων
3179 1455 3481 1518 ἀποϐάντες
3537 1454 3742 1518 ἵππων,
3792 1451 3876 1519 τῆς

2347 1548 2491 1618 ιμῆς
2523 1547 2786 1624 ἐτύγχανε
2811 1545 3059 1615 γνώμης,
3090 1544 3226 1600 ἀλλά
3251 1561 3334 1607 τις
3359 1544 3650 1613 ίδιότροπος
3672 1541 3876 1595 ικείνων

2347 1639 2515 1709 ὁρμή.
2556 1636 2700 1705 Ἐγὼ
2732 1636 2788 1689 δι
2823 1637 2978 1690 πάντ’
3005 1636 3175 1708 ἔδρων
3204 1636 3293 1690 ἀεὶ
3353 1633 3493 1706 μετὰ
3526 1634 3628 1700 τῆς
3683 1631 3876 1686 ofan

2347 1730 2611 1800 δαπάνης,
2668 1729 2769 1780 ὅσα
2801 1728 3131 1798 συντήρησιν
3163 1723 3276 1798 εἶχε
3328 1727 3430 1794 τῆς
3487 1725 3691 1778 τούτων
3726 1721 3877 1788 ζωῆς,

701 1807 891 1861 salutis
923 1808 1236 1876 praesidium
1280 1811 1347 1864 iis
1389 1811 1589 1865 muniri
1626 1819 1823 1880 posset.
1869 1811 1987 1865 Non
2031 1825 2243 1880 semper

2348 1822 2444 1875 καὶ
2471 1818 2775 1888 ἀσφαλείας
2827 1821 3013 1886 σφίσιν
3064 1819 3310 1888 ὑπῆρχεν
3337 1815 3655 1888 ἀκρόπολις.
3676 1813 3750 1866 θύ
3779 1811 3876 1864 τοί-

704 1898 903 1964 itaque,
929 1900 1143 1965 opinor,
1174 1901 1356 1953 divina
1390 1902 1589 1956 tacebit
1628 1902 1861 1968 jusuitia,
1905 1915 2028 1956 cum
2066 1910 2244 1955 vestra

707 1987 758 2038 in
793 2002 876 2039 me
899 1995 953 2040 et
978 2003 1127 2041 meos
1148 1988 1404 2057 iniquitas
1426 2006 1493 2044 eo
1522 1992 1863 2061 proruperit;
1887 2004 2010 2046 cum
2032 1990 2247 2060 sangui-

702 2078 787 2130 nis
819 2087 1025 2130 tantum
1067 2080 1298 2135 eﬂ'usum
1331 2082 1433 2145 sit;
1469 2099 1591 2136 cum
1629 2093 1708 2136 tot
1739 2084 1891 2138 facta:
1921 2083 2053 2145 sint,
2082 2091 2246 2150 atque

701 2167 994 2221 itiamnum
1040 2172 1170 2224 liant
1208 2173 1364 2240 culpa
1412 2186 1606 2239 vestra,
1654 2174 1944 2228 barbarica:
1977 2173 2247 2226 incursio—

701 2274 833 2319 nes;
872 2277 993 2312 cum
1026 2263 1256 2329 denique
1289 2274 1365 2315 tot
1397 2265 1595 2332 captivi
1633 2274 1793 2320 noctu
1837 2263 2038 2332 pariter
2063 2271 2117 2316 et
2159 2262 2244 2315 in-

701 2351 878 2404 terdiu
913 2352 1270 2407 abducantur.
1316 2354 1420 2408 Sed
1470 2355 1673 2410 celeres
1714 2370 1746 2409 a
1791 2356 1944 2409 vobis
1992 2363 2046 2409 et
2086 2368 2244 2422 pares

703 2441 908 2493 meritis
938 2457 1123 2510 ptenas
1150 2455 1529 2514 persequetur,
1556 2445 1636 2499 uti
1669 2445 1921 2498 nimirum
1953 2460 1982 2496 a
2010 2444 2240 2506 ueteris,

700 2543 838 2593 quos
869 2539 1080 2584 tacente
1108 2548 1212 2596 me,
1244 2533 1344 2586 sub
1372 2535 1541 2588 oculis
1570 2535 1787 2598 vestris,
1822 2543 1881 2587 ut
1921 2548 2016 2587 vos
2057 2532 2244 2586 alienis

698 2619 944 2673 cladibus
964 2623 1336 2690 erudiremini,
1362 2626 1604 2679 divinum
1631 2641 1829 2678 numen
1863 2623 2007 2678 ferro
2031 2626 2248 2678 absum-

700 2712 825 2778 psit.
856 2713 1009 2778 Quod
1052 2715 1096 2768 si
1146 2717 1251 2770 mci
1299 2732 1461 2771 causa
1515 2726 1714 2771 tantam
1760 2718 1942 2771 animo
1983 2717 2244 2771 adversus

695 2816 887 2856 omnes
914 2802 1255 2860 Christianos
1300 2807 1444 2860 alitis
1492 2808 1904 2872 immanitatem,
1952 2816 2005 2860 et
2052 2810 2242 2876 quovis

698 2895 840 2945 t‘crro
887 2894 1142 2963 rigidiora
1170 2896 1331 2948 corda
1363 2899 1572 2965 geritis,
1610 2899 1789 2951 omnis
1827 2905 2007 2952 autem
2039 2909 2096 2951 et
2129 2913 2245 2952 mo-

698 2982 908 3034 iteratio
935 2995 991 3037 et
1024 2984 1399 3038 misericordia
1429 2985 1595 3038 semel
1630 2985 1852 3038 omnino
1883 2999 1914 3038 e
1942 2985 2243 3039 visceribus

2347 1932 2445 1968 νυν
2469 1913 2769 1984 σιωπήσειν
2804 1914 2883 1975 εἰς
2913 1912 3069 1975 τέλος
3121 1912 3222 1982 τὴν
3269 1911 3422 1964 θείαν
3472 1910 3652 1977 οῐομαι
3713 1904 3876 1973 δίκην,

2343 2003 2615 2074 τοσαύτης
2647 2005 2745 2074 μὲν
2806 2001 3066 2071 ῥαγείσης
3129 2003 3251 2057 κατ’
3310 1999 3444 2069 ἐμοῦ
3498 1999 3593 2052 καὶ
3640 1995 3748 2050 τῶν
3793 1995 3879 2047 σὺν

2345 2095 2474 2163 ἐμοὶ
2517 2095 2616 2163 τῆς
2659 2093 2872 2155 ἀδικίας
2901 2093 2962 2157 ἐξ
2992 2093 3168 2162 ὑμῶν,
3219 2091 3487 2145 τοσούτων
3513 2089 3570 2141 δὲ
3626 2085 3880 2158 χυθέντων

2345 2181 2615 2251 αἱμάτων,
2670 2181 2938 2235 τοσούτων
2993 2182 3050 2234 δὲ
3095 2181 3405 2251 γενομένων
3457 2178 3551 2231 καὶ
3600 2174 3879 2244 γινομένων

2344 2273 2431 2325 διά
2461 2274 2557 2342 τὴν
2585 2273 2855 2342 ὑμετέραν
2894 2273 3093 2326 κακίαν
3137 2271 3340 2340 ἐφόδων
3375 2266 3745 2339 βαρϐαρικῶν,
3774 2278 3879 2315 τοσ-

2344 2365 2518 2418 ούτων
2539 2365 2586 2418 δ’
2612 2365 2972 2433 αἰχμαλώτων
3001 2363 3218 2432 νύκτωρ
3258 2363 3355 2415 καὶ
3377 2361 3494 2430 μεθ’
3524 2359 3735 2428 ἡμέραν
3756 2357 3879 2407 άπα-

2345 2456 2624 2524 γομένων·
2655 2455 2792 2514 ἀλλὰ
2827 2457 3049 2524 ταχεῖαν
3103 2456 3198 2507 καὶ
3231 2451 3563 2522 ἀποχρῶσαν
3625 2449 3718 2501 καὶ
3769 2444 3877 2499 καθ’

2345 2546 2498 2615 ὑμῶν
2523 2545 2762 2598 ἐποίσειν
2797 2544 2895 2615 τὴν
2925 2545 3228 2613 ἐκδίκησιν,
3255 2544 3446 2612 ὥσπερ
3470 2543 3608 2612 δῆτα
3635 2540 3728 2593 καὶ
3753 2537 3878 2590 κατὰ

2342 2637 2450 2688 τῶν
2500 2636 2696 2701 ἄλλων,
2756 2635 2849 2696 οὓς
2900 2634 3060 2706 ἔργον
3108 2635 3317 2702 ξίφους,
3362 2632 3496 2701 ἐμοῦ
3559 2630 3874 2690 σιωπιῖιντος.

2342 2724 2642 2793 ἐπεπράχει
2679 2723 2740 2775 τὺ
2779 2713 2923 2776 θεῖον
2981 2724 3088 2793 πρὸ
3108 2721 3403 2790 ὀφθαλμῶν
3432 2721 3605 2790 ὑμῶν.
3644 2720 3710 2772 ἶν’
3736 2720 3876 2787 ὑμεῖς

2341 2815 2458 2876 τοῖς
2511 2814 2618 2866 τῶν
2673 2813 2850 2867 ἄλλων
2897 2817 3088 2875 κακοῖς
3129 2813 3529 2880 παιδευθείητε.
3578 2813 3640 2865 El
3704 2813 3874 2878 μέντοι

2341 2905 2605 2974 τοσαύτην
2640 2903 2905 2973 ἐθρέψατε
2963 2903 3033 2956 δι’
3071 2905 3171 2973 ἐμὲ
3207 2904 3308 2974 τὴν
3371 2903 3663 2972 θηριωδίαν
3713 2903 3772 2953 ἐν
3817 2903 3875 2969 τῇ

2341 2994 2484 3063 ψυχῇ
2513 2992 2654 3046 κατά
2678 2995 2892 3047 πάντων
2921 2994 3105 3057 ἁπλῶς
3129 2992 3485 3062 Χριστιανῶν,
3538 2993 3631 3043 καὶ
3666 2992 3874 3058 σιδήρου

698 3072 924 3136 «illuxit,
953 3074 1109 3128 testis
1135 3083 1253 3128 esto
1284 3074 1516 3144 primum
1547 3076 1762 3144 quidem
1792 3075 1903 3140 ille,
1931 3090 1962 3130 a
1992 3091 2102 3144 quo
2128 3091 2240 3130 om-

2347 3087 2450 3154 μὲν
2483 3085 2683 3147 παντὸς
2717 3083 3084 3153 σκληροτέραν
3139 3080 3442 3152 ἐκτήσασθε
3492 3083 3592 3149 τὴν
3641 3081 3875 3150 καρδίαν,

698 3164 786 3215 nia
818 3163 1243 3231 perspiciuntur,
1280 3165 1502 3232 pervigil
1531 3165 1625 3219 Dei
1659 3165 1850 3219 oculus
1881 3181 1900 3219 :
1927 3164 2125 3218 deinde
2154 3165 2239 3217 fax

697 3267 811 3319 ipsa
845 3252 997 3316 solis,
1035 3250 1370 3308 terrestrium
1408 3256 1652 3309 omnium
1698 3256 1897 3320 altrix;
1941 3269 2048 3318 me,
2095 3254 2240 3322 quod

691 3343 756 3393 ad
792 3356 874 3395 me
912 3342 1201 3404 attinebat,
1232 3345 1603 3399 defensionem
1651 3360 1826 3398 meam
1866 3345 2084 3398 abunde
2111 3359 2239 3413 pro-

697 3433 929 3494 bavisse.
969 3447 1071 3486 nec
1120 3434 1427 3488 rationibus
1474 3436 1606 3487 mibi
1643 3435 1891 3502 pluribus
1926 3451 2065 3503 opus
2097 3449 2240 3487 esse.

693 3523 848 3574 ()mni
884 3523 1048 3590 igitur
1083 3524 1248 3576 animi
1289 3524 1568 3578 voluntate
1596 3538 1767 3593 genua
1806 3535 1892 3576 tua
1923 3525 2240 3590 amplector,

694 3620 748 3663 c-t
775 3625 871 3678 per
897 3612 1140 3664 omnium
1190 3628 1371 3668 rerum
1412 3614 1750 3668 conditorem
1791 3614 2020 3668 obsecro
2055 3620 2126 3676 te,
2175 3628 2241 3666 ne

697 3700 1016 3769 negligentia
1043 3711 1130 3754 tua
1159 3703 1390 3770 accidat,
1424 3713 1484 3758 ut
1513 3705 1628 3757 haec
1647 3715 1831 3758 nostra
1855 3698 2083 3772 epistola
2105 3703 2242 3757 obli-

692 3792 850 3844 vione
876 3800 970 3844 aut
995 3793 1105 3844 alto
1130 3792 1346 3846 silentio
1375 3809 1550 3847 mersa
1577 3795 1872 3858 obruatur;
1905 3793 1998 3848 sed
2033 3801 2094 3846 ut
2115 3809 2238 3848 cum

693 3881 897 3935 intimis
924 3896 989 3935 ac
1021 3881 1344 3935 necessariis
1372 3881 1505 3944 tuis,
1540 3898 1663 3935 eum
1713 3883 1846 3935 viris
1893 3883 2241 3949 intelligenti-

698 3973 800 4024 hus
835 3988 953 4025 eam
990 3973 1384 4027 communices.
1409 3972 1487 4025 Ita
1519 3973 1719 4041 quippe
1743 3973 1976 4025 duorum
2007 3973 2237 4026 alterum

693 4062 936 4115 futurum
964 4075 1065 4128 est,
1094 4076 1150 4120 ut
1175 4076 1276 4119 aut
1297 4063 1539 4119 melioris
1562 4065 1774 4119 consilii
1803 4073 2075 4127 auctores,
2103 4077 2241 4131 quos

690 4168 941 4222 sequare,
994 4156 1228 4223 habeas;
1275 4156 1439 4226 758
1492 4165 1590 4210 aut
1636 4157 1825 4210 saltem
1853 4169 2086 4219 'eorum,
2119 4168 2241 4223 qua:

692 4253 957 4314 geruntur
985 4259 1214 4314 quaeque
1252 4250 1526 4312 accidunt,
1564 4247 1665 4318 ipsi
1700 4254 1864 4302 testes
1891 4246 2175 4306 exsistant.
2213 4261 2234 4296 ι

759 4514 820 4566 V.
855 4514 1055 4568 Rubris
1087 4514 1175 4567 ille
1208 4514 1404 4567 litteris
1433 4523 1487 4566 et
1523 4512 1741 4582 prepria
1773 4527 1932 4567 manu
1968 4529 2089 4566 cum
2123 4514 2236 4580 epi-

688 4606 877 4659 stolam
923 4607 1133 4672 longius
1165 4608 1525 4676 produxisset,
1556 4616 1610 4659 et
1671 4605 1892 4656 multam
1932 4606 1984 4657 in
2026 4605 2235 4673 suppli-

689 4694 870 4748 rando’
912 4694 1088 4761 pusilli
1151 4698 1314 4747 animi
1379 4694 1822 4765 signiﬁcationem
1865 4693 2120 4753 dedisset.
2175 4702 2234 4745 ut

689 4787 866 4840 medio
901 4795 1202 4839 extremum
1239 4787 1610 4853 responderet,
1635 4785 1932 4839 orationem
1966 4784 2036 4837 ibi
2065 4783 2234 4837 ferme

686 4876 976 4929 rtithlttsil.
1034 4875 1143 4929 Nos
1192 4889 1322 4926 vero
1377 4890 1495 4941 qua:
1552 4876 1616 4927 ad
1652 4860 1886 4942 praisens
1931 4875 2236 4929 institutum

689 4967 919 5017 maxime
976 4966 1344 5034 pertinebant,
1374 4965 1498 5018 inde
1541 4967 1934 5032 excerpsimus,
1956 4975 2014 5020 et
2047 4980 2236 5020 eorum

686 5055 1079 5122 expositionem
1139 5057 1242 5110 hoc
1299 5056 1439 5121 loco,
1505 5055 1576 5109 ita
1631 5064 1689 5108 ut
1735 5056 2064 5110 conveniens
2095 5067 2234 5120 erat,

685 5146 978 5199 edidimus.

2344 3175 2509 3242 φειδὼ
2537 3175 2595 3228 δὲ
2636 3178 2787 3228 πᾶσα
2838 3178 2931 3227 καὶ
2990 3171 3168 3237 οἶκτος
3221 3175 3368 3236 ἅπας
3415 3173 3664 3237 καθάπαξ
3719 3173 3876 3242 Epp-in

2342 3265 2451 3316 τῶν
2482 3264 2822 3332 σπλάγχνων,
2882 3264 3091 3333 μάρτυς
3147 3263 3283 3316 ἔστω
3317 3264 3536 3332 πρῶτον
3594 3263 3691 3329 μὲν
3746 3265 3773 3314 6
3818 3259 3880 3313 τά

2342 3354 2522 3406 πάντα
2585 3342 2812 3421 βλέπων
2877 3353 3173 3421 ἀκοίμητος
3225 3352 3501 3420 ὀφθαλμὸς
3558 3351 3654 3404 τοῦ
3707 3351 3876 3403 Θεοῦ·

2342 3442 2592 3512 δεύτερον
2626 3439 2694 3503 δ’,
2721 3443 2754 3508 ὴ
2802 3441 2870 3493 τά
2897 3442 3077 3494 πάντα
3107 3440 3376 3509 βόσκουσα
3420 3443 3518 3494 τάν
3569 3443 3641 3510 γῇ
3667 3439 3879 3510 λαμπὰς

2342 3534 2514 3601 ἡλίου,
2546 3533 2621 3596 ὡς
2652 3533 2713 3584 τό
2734 3532 2785 3600 γ’
2818 3533 2950 3599 ἐμὸν
2981 3533 3290 3585 παντάπασι
3347 3532 3512 3601 μέρος
3564 3532 3880 3600 ἀπολελόγη·

2344 3623 2588 3692 μαι,καὶ
2618 3621 2881 3673 πλειόνων
2907 3622 2967 3672 οὐ
3014 3623 3204 3690 δέομαι
3253 3621 3445 3688 λόγων.
3510 3621 3785 3690 Ἀπτομαι
3839 3620 3878 3671 δ’

2340 3711 2433 3763 οὖν
2463 3711 2558 3763 καὶ
2585 3711 2694 3762 τῶν
2721 3711 2830 3762 σῶν
2858 3710 3100 3778 γονάτων
3158 3711 3342 3780 ἁπάσῃ
3395 3709 3652 3780 προθέσει
3687 3709 3878 3777 ψυχῆς,

2341 3803 2597 3873 καὶπρὸς
2624 3804 2713 3856 τὸν
2741 3804 2995 3856 ἁπάντων
3017 3803 3220 3872 ὁρκίζω
3257 3819 3315 3854 σε
3360 3801 3614 3869 ποιητὴν,
3667 3801 3744 3868 μὴ
3784 3816 3879 3850 κα-

2343 3894 2672 3961 τοκνήσαντι
2705 3891 2916 3958 γένοιτό
2957 3910 3037 3943 σοι
3065 3891 3164 3959 τὴν
3185 3890 3462 3961 ἡμετέραν
3510 3889 3715 3958 ταύτην
3757 3904 3882 3957 γρα-

2341 3981 2449 4048 φὴν
2480 3981 2653 4050 λήθης
2687 3981 2935 4032 ἐκδοῦναι
2973 3980 3169 4049 ῥοθίοις
3200 3981 3295 4031 καὶ
3354 3979 3618 4046 άφανείας
3650 3978 3880 4046 πυθμὲσι

2343 4071 2602 4141 καλύψαιο
2637 4071 2771 4125 ἀλλὰ
2816 4073 3066 4122 κοινῶσαι
3105 4071 3277 4138 φίλοις
3309 4073 3406 4124 καὶ
3433 4071 3743 4138 συγγενέσι,
3775 4086 3881 4121 κοι-

2339 4163 2508 4216 νῶσαι
2543 4165 2780 4225 συνετοῑς
2835 4163 3122 4230 ἀνδράσιν·
3160 4163 3245 4213 ίνα
3267 4161 3413 4215 δυοῖν
3458 4161 3704 4233 θάτερον,
3759 4163 3793 4231 ἢ
3823 4162 3882 4210 τὰ

2343 4253 2657 4305 συνοίσοντα
2688 4251 3119 4321 συμϐουλεύσασι
3151 4252 3432 4306 πείθεσθαι
3461 4253 3548 4324 [Ρ.
3579 4251 3705 4322 475]
3740 4253 3880 4321 ιχῃς.

2340 4344 2374 4414 ἢ
2403 4344 2678 4414 μάρτυρες
2707 4341 2837 4412 γοῦν
2881 4343 2987 4396 τῶν
3019 4344 3317 4412 γινομένων
3355 4359 3413 4395 τε
3448 4345 3540 4395 καὶ
3571 4341 3881 4412 ἀποὸαινόν-

2267 4423 2316 4479 θ
2342 4450 2449 4485 των
2493 4426 2603 4484 εἷεν
2636 4432 2809 4485 αὐτοί.
2840 4449 2858 4483 ι

2412 4524 2482 4575 E'.
2529 4523 2765 4584 Ἐκεῖνος
2798 4521 2896 4590 μὲν
2915 4521 3007 4574 οὖν
3031 4523 3281 4594 ιρυθροίς
3301 4540 3358 4575 τε
3391 4524 3484 4576 καὶ
3515 4523 3883 4594 οίκειοχείροις

2343 4613 2422 4672 εἰς
2451 4613 2623 4681 μῆκος
2657 4613 2902 4672 ἐκτείνας
2952 4614 3242 4681 γράμμασι
3294 4615 3391 4682 τὴν
3438 4614 3726 4682 επιστολὴν
3756 4613 3882 4684 (l3).

2345 4704 2438 4753 καὶ
2467 4701 2633 4769 πολλῇ
2659 4703 2723 4768 τῇ
2763 4701 2890 4768 περὶ
2932 4701 3031 4767 τὴν
3077 4689 3270 4770 δέησιν
3314 4702 3756 4771 σμικροπρεπείᾳ
3798 4699 3883 4752 τοῦ

2346 4792 2511 4860 ἤθους
2549 4790 2913 4860 χρησάμενος,
2969 4791 3053 4842 ἵνα
3085 4791 3161 4860 τῷ
3192 4791 3344 4860 ἄκρῳ
3395 4791 3488 4844 τοῦ
3526 4791 3694 4860 μέσου
3733 4789 3883 4858 τύχη,

2338 4883 2430 4934 τὸν
2476 4881 2630 4949 λόγον
2689 4879 2922 4934 ἐνταῦθά
2975 4897 3075 4933 που
3143 4882 3506 4933 κατέπαυσεν.
3570 4880 3765 4948 Ἡμεῖς
3811 4880 3882 4940 δὲ,

2338 4971 2780 5040 τάναγκαιότερα
2828 4971 2925 5039 τῆς
2973 4972 3280 5040 προθέσεως
3343 4969 3556 5022 ἐκεῖθεν
3639 4968 3884 5039 ἐρανισά-

2340 5079 2511 5129 μενοι,
2569 5062 2672 5132 τὴν
2730 5061 3112 5130 προσήκουσαν
3165 5057 3458 5127 ὲξεθέμεθα
3529 5058 3765 5130 δήλωσιν
3808 5061 3888 5111 ὲν·

2336 5152 2548 5206 ταυθοῖ.

2105 5257 2328 5315 CAPUT
2372 5263 2456 5316 IV.

688 5356 998 5434 I'u‘triarrha
1037 5355 1230 5406 minore
1249 5356 1464 5434 tandem
1507 5358 1644 5434 fastu
1697 5356 1988 5434 respondet.
2043 5352 2163 5434 Sese
2194 5362 2240 5405 et
2293 5354 2923 5434 Cantacuaenumpartim
2949 5373 3190 5434 excusat,
3231 5365 3422 5434 partim
3455 5367 3692 5418 damnat.
3727 5360 3883 5434 litbus

753 5429 911 5493 lapsis
941 5427 1348 5476 succurrendum
1380 5442 1568 5479 censet.
1604 5427 1794 5479 Pacem
1831 5426 2096 5479 suadendo
2125 5426 2333 5476 Annam
2358 5428 2588 5492 offendit.
2623 5426 2792 5499 Hujus
2827 5433 2877 5482 in
2923 5426 3347 5488 Cuntacuzcnum
3394 5446 3439 5487 et
3471 5436 3658 5488 Ircnen
3692 5431 3880 5490 odium,

2000 5549 2333 5608 Variorum
2375 5557 2557 5610 notae.

753 5648 861 5712 (ιῦ)
897 5645 1040 5721 More
1076 5649 1459 5716 imperatorum
1484 5645 2227 5721 Constantinopolitanorum,
2267 5647 2332 5700 de
2355 5661 2462 5714 quo
2497 5648 2731 5704 diximus
2793 5646 2857 5700 ad
2910 5648 3219 5705 Alexiadem
3284 5651 3561 5713 Anna‘am,
3611 5661 3738 5716 pag.
3787 5644 3883 5700 353

680 5715 960 5770 Natarum.
986 5715 1216 5772 Uncus.
