3994 6334
139 383 249 448 997
550 381 630 452 [Α.
670 397 720 436 ο.
763 380 924 454 1546]

1082 414 1091 429 ι
1136 381 1572 447 ΒῩΖᾹΝΤΙΝΛΞ.
1609 383 1988 443 HISTORIA!
2033 381 2180 444 LIB.
2221 379 2322 440 XV

3259 370 3366 437 θοι

2491 374 2629 446 [intra
2683 388 2731 428 ι.
2772 385 3019 429 κηποι..
3061 372 3122 443 5]

211 511 282 548 ex
336 496 594 564 ulotypia
649 506 866 562 natam;
916 497 1033 565 [om
1069 497 1329 549 malarum
1364 497 1619 549 omnium.
1677 495 2012 548 l’atriarchae
2064 503 2238 546 tamen
2285 500 2334 544 et
2378 493 2538 545 totius
2588 491 2750 544 curia
2802 489 3108 559 Byzantina
3157 500 3370 557 greater

211 581 380 632 quin
413 566 580 618 Anna
611 565 788 634 culpa.

213 677 305 730 A'.
331 679 424 747 τῷ
447 696 512 746 γε
541 681 647 749 μὴν
671 681 986 751 πατριάρχῃ
1041 680 1215 735 ταῦτα
1271 681 1553 750 ἀκηκοότι,
1617 680 1711 749 οὐχ

1882 680 1924 736 l.
1952 678 2048 734 His
2097 675 2402 748 patriarcha
2456 674 2677 738 auditis,
2712 688 2820 727 non
2853 673 3049 727 eodem
3095 671 3237 724 [astu
3268 669 3370 721 has

141 764 266 821 οἷαν
297 770 439 824 κατά
496 771 606 823 τῶν
645 775 776 841 πρὶν
821 773 1213 844 πεμπομένων,
1274 771 1529 842 τοιαύτην
1578 772 1704 825 κάν-

146 859 329 912 ταῦθα
353 863 452 930 τὴν
478 862 653 934 ὀφρὺν
684 865 995 929 ἀπεδείξατο
1018 880 1035 895 ·
1065 866 1179 917 ἀλλ’
1239 868 1297 927 ις
1319 865 1379 919 τὸ
1432 867 1708 934 σωςρονὲ-

149 967 344 1020 στερον
376 951 475 1021 την
511 952 751 1008 διάθεσιν
772 955 872 1024 τῆς
897 955 1078 1025 ψυχῆς
1117 956 1222 1008 ὑπὸ
1252 955 1358 1007 τῶν
1382 954 1476 1008 τοῦ
1515 956 1708 1026 χρόνου

151 1041 414 1108 κυμάτων
468 1044 830 1113 πεπεισμινος
888 1047 1110 1115 τρίπειν
1174 1044 1353 1100 τοιάδε
1405 1044 1528 1098 τινὰ
1573 1046 1709 1097 ἀπε-

145 1129 423 1195 φἰἐγξατο
442 1146 460 1162 ο

218 1214 298 1271 B’.
335 1237 356 1269 ε
403 1220 764 1291 Ἀμφοτεροις
792 1221 1001 1292 (φησὶν)
1029 1223 1252 1286 είκότως
1284 1224 1352 1278 ἀν
1404 1238 1498 1286 τις
1535 1223 1709 1274 ῑπιτιο

150 1311 376 1374 μήσειε,
422 1310 861 1382 Καντακουζηνῷ
891 1330 953 1366 τε
985 1315 1174 1383 κάμοὶ,
1209 1311 1567 1384 ἀνθρωπίνως
1597 1310 1710 1363 δια-

150 1397 361 1450 τεθεῐσι
395 1399 532 1468 πρὸς
586 1401 686 1472 τὴν
739 1403 1026 1473 παροῦσαν
1078 1405 1336 1474 σπουδὴν,
1383 1403 1477 1456 καὶ
1542 1401 1709 1471 μηδὲν

149 1484 485 1557 ὑψηὶὸτερον
518 1491 725 1544 ἰννοείν
750 1493 1114 1564 βουληθεῖσιν,
1143 1497 1217 1558 ὡς
1260 1497 1308 1548 εί
1367 1495 1444 1564 μὴ
1477 1494 1581 1547 κᾶν
1641 1493 1709 1546 τὰ

145 1574 248 1642 τῆς
273 1575 487 1630 ἀνωθεν
521 1571 990 1651 συνεπιλαμϐάνοι
1016 1587 1292 1655 προνοίας,
1325 1586 1550 1654 μάταιος
1566 1587 1710 1637 πᾶσα

148 1667 413 1732 καθάπαξ
459 1670 635 1723 εἰπεῖν
656 1672 765 1725 τῶν
809 1674 1113 1743 ἀνθρώπων
1139 1674 1368 1744 σπουδή.
1398 1673 1562 1726 Ὅθεν
1585 1673 1706 1740 ιιι,

150 1757 292 1822 μετά
320 1758 541 1825 μακρὰν
580 1759 674 1810 καὶ
706 1759 1043 1828 δριμυτέραν
1075 1760 1173 1829 τὴν
1209 1763 1430 1829 πεῖραν.
1486 1759 1544 1811 τὸ
1588 1758 1707 1811 διον

156 1844 454 1908 μανθάνειν
483 1848 793 1918 ἀρχόμεθα,
848 1850 936 1902 ὅτε
965 1850 1235 1919 δυσχερὴς
1270 1851 1303 1917 ὴ
1333 1849 1440 1901 τῶν
1461 1849 1710 1916 σφαλμά-

151 1951 262 1987 των
288 1936 412 1988 ἐστὶ
467 1936 777 2007 διόρθωσις.
832 1937 890 1993 '0
927 1940 1026 2010 μὲν
1068 1940 1176 2010 γὰρ
1230 1942 1309 2000 είς
1353 1937 1444 1990 τὸν
1489 1937 1710 2008 βασιλέα

1808 772 2024 827 litteras
2053 769 2292 838 excepit,
2349 781 2460 835 quo
2489 765 2832 835 superiores;
2867 761 2961 816 sed
3011 760 3273 815 suadente
3307 757 3372 810 ilo

1805 859 1913 914 lius
1945 857 2210 927 temporis
2243 854 2672 925 perturbatione.
2712 853 2876 906 animi
2923 852 3007 905 sui
3039 847 3367 907 sententiam

1805 950 1873 1004 ad
1899 949 2176 1004 meliorem
2214 949 2426 1015 frugem
2473 944 2771 1008 revocavit,
2796 953 2854 998 et
2881 942 2960 997 sic
2995 942 3166 996 ferme
3212 939 3368 993 Iocu-

1809 1047 1896 1094 lllB
1917 1047 2001 1094 est
2029 1054 2045 1094 2

1878 1215 1947 1271 ll.
1980 1235 1998 1267 ε
2033 1214 2332 1279 Ambobus,
2369 1213 2570 1283 inquit,
2615 1211 2813 1267 merito
2832 1210 3102 1280 quispiam
3132 1223 3370 1263 succen-

1807 1315 1924 1363 seat
1953 1316 2009 1362 et
2034 1305 2415 1360 Cantacuzeno
2440 1316 2498 1360 et
2522 1304 2677 1371 mihi,
2704 1303 2799 1372 qui
2830 1317 2951 1368 nos,
2983 1309 3044 1356 ut
3071 1302 3368 1355 humanum

1808 1406 1944 1460 erat,
1965 1397 2018 1450 in
2066 1398 2316 1465 prasenti
2361 1397 2580 1466 negotio
2622 1395 2910 1462 gessimus,
2940 1407 3005 1446 ac
3036 1406 3145 1446 non
3172 1389 3368 1444 altiora

1808 1488 2056 1556 quadam
2083 1488 2324 1557 cogitare
2368 1487 2669 1550 voluimus;
2716 1485 2936 1537 inanem
2962 1481 3220 1536 videlicet
3245 1493 3368 1534 case

1810 1592 2026 1634 omnem
2052 1578 2277 1633 omnino
2323 1577 2608 1630 hominum
2648 1571 3132 1641 diligentiam.nisi
3164 1579 3220 1623 et
3251 1583 3368 1623 ece-

1810 1665 1967 1720 lestia
2012 1665 2154 1722 adsit
2196 1666 2568 1722 Providentia.
2620 1663 2776 1718 Unde
2831 1664 2912 1724 iit,
2971 1669 3032 1712 ut
3077 1674 3223 1719 sero.
3249 1665 3372 1726 post

1811 1753 2028 1822 longam
2077 1763 2133 1807 et
2186 1753 2455 1808 acerbam!
2498 1750 2912 1822 experientiam,
2937 1749 3069 1817 quid
3117 1747 3371 1816 expediat

1813 1845 1924 1890 tam
1951 1835 2256 1905 intelligere
2293 1836 2620 1904 incipiamus
2662 1849 2786 1889 cum
2814 1833 3033 1888 dillicile
3055 1839 3142 1885 est
3166 1830 3369 1885 nostris

1813 1927 2016 1981 mederi
2066 1927 2283 1983 erratis.
2317 1927 2530 1981 Etenim
2581 1927 2690 1991 hic,
2717 1941 2842 1980 cum
2881 1923 2948 1978 ad
2983 1923 3366 1991 imperatorem

151 2025 381 2097 Μιχαὴλ
414 2027 506 2081 τὸν
556 2029 918 2099 Παλαιολόγον
974 2030 1076 2099 τὴν
1140 2030 1359 2100 μνήμην
1401 2025 1706 2094 ἀνενεγκὼν

1816 2019 2130 2074 Micliaelem
2177 2019 2538 2087 Palreologum
2594 2018 2836 2072 animum
2889 2015 3189 2076 retulisset,
3217 2025 3365 2075 eum,

148 2114 446 2184 ἐμέμψατο
469 2117 570 2183 τὴν
594 2119 675 2181 είς
705 2119 798 2172 τὸν
842 2118 938 2172 τοῦ
973 2119 1394 2188 τελευτήσαντος
1449 2116 1706 2186 βασιλέως

149 2205 271 2256 υίδν
301 2205 519 2259 ἀδικίαν
543 2209 636 2259 καὶ
671 2209 774 2275 τὴν
829 2209 924 2260 τοῦ
992 2207 1263 2277 βασιλείου
1297 2207 1410 2277 (14)
1473 2208 1706 2274 κρᾴτους

148 2295 479 2365 τυραννικὴν
521 2297 838 2368 ἀντίληψινο
878 2299 974 2350 καὶ
1005 2298 1218 2365 βέλτιον
1259 2299 1292 2368 ἡ
1325 2297 1446 2350 κατ’
1501 2299 1708 2348 ἐκεῖνον

145 2387 235 2446 εἰς
273 2391 380 2457 τὴν
406 2388 664 2458 τοιαύτην
699 2391 792 2442 καὶ
819 2389 978 2450 αὐτὸς
1014 2389 1331 2460 ίληλυθέναι
1377 2388 1710 2457 βεϐουλημέ-

148 2492 239 2538 νος
261 2477 611 2547 ἐγχείρησιν,
633 2481 796 2542 αὐτὸς
845 2484 944 2547 μὲν
974 2479 1220 2540 ὑπούλως
1253 2479 1347 2532 καὶ
1383 2479 1516 2545 μετά
1544 2494 1708 2530 τινων

148 2565 453 2634 ἀπατηλῶν
485 2567 578 2619 καί
619 2569 1025 2638 σεσοφισμένων
1078 2568 1426 2636 προφάσεων,
1471 2567 1531 2620 τὺ
1563 2567 1710 2636 βασί-

146 2652 296 2707 λειον
329 2655 740 2725 περιζώσασθαι
770 2660 970 2728 κράτος
1003 2657 1354 2729 βεϐούλευται
1378 2675 1394 2691 ·
1422 2659 1514 2711 τὸν
1538 2659 1592 2710 δὲ
1615 2658 1708 2710 τοῦ

147 2745 606 2814 τετελευτηκότες
651 2751 765 2800 υίὸν
824 2749 1086 2818 βασιλέως
1141 2749 1417 2819 εἰληφέναι
1465 2749 1711 2818 γαμϐρὸν

155 2835 252 2885 ἐπὶ
285 2836 521 2906 θυγατρὶ
552 2840 688 2908 πρὸς
720 2839 970 2908 διαδοχὴν
1013 2841 1110 2910 τῆς
1145 2841 1448 2909 βασιλείας⁶
1483 2843 1712 2909 πρᾶγμα

152 2924 497 2995 δικαιότερον
529 2928 657 2989 ίσως
685 2934 780 2981 καί
815 2931 1044 2998 ἥμερον,
1093 2931 1186 2983 καὶ
1233 2931 1410 2996 πάσης
1454 2929 1712 2998 μέμψεως

152 3012 450 3082 ὑπερόριον
481 3013 600 3082 [xcv
642 3016 731 3069 τὸν
761 3018 919 3070 πόδα.
949 3011 1023 3069 Ob
1059 3021 1199 3071 κατά
1262 3019 1512 3089 βούλησιν
1559 3020 1711 3072 θείαν

151 3103 256 3153 οὐκ
289 3103 565 3192 ὄντος,.ὡς
589 3105 754 3170 εοικε,
789 3109 1194 3161 συνεπεπτώκει
1244 3110 1384 3180 κάμὲ
1423 3109 1561 3180 πρὸς
1595 3113 1713 3164 ἐπι-

153 3193 386 3258 σφαλεῖς
418 3194 654 3259 διανοίας
705 3198 795 3250 τὸν
848 3200 972 3251 νοῦν
1014 3201 1258 3267 ἀγαγεῖν,
1319 3203 1412 3254 καὶ
1461 3202 1712 3269 πολέμιον

1807 2109 1950 2178 quod
2001 2109 2346 2176 imperatoris
2399 2108 2639 2164 defuncti
2684 2106 2853 2160 lilium
2890 2105 3162 2159 affecisset
3223 2102 3369 2170 inju-

1809 2199 1911 2260 ria,
1946 2213 2008 2252 ac
2039 2199 2318 2268 tyrannice
2363 2198 2417 2252 in
2474 2211 2741 2252 summam
2770 2201 3094 2265 potestatem
3129 2193 3367 2247 invasis-

1808 2292 1911 2343 set.
1946 2280 2295 2349 improbavit;
2363 2289 2420 2334 et
2480 2279 2763 2333 honestius
2823 2293 2986 2347 quam
3037 2277 3126 2330 ille
3175 2275 3367 2331 eadem

1809 2371 2024 2440 aggredi
2057 2372 2265 2435 volens,
2300 2371 2404 2425 sibi
2434 2370 2656 2440 quidem
2682 2370 2935 2434 subdole,
2964 2368 3222 2437 captiosis
3242 2366 3369 2434 qui-

1811 2464 2037 2516 busdam
2085 2473 2142 2517 et
2189 2463 2581 2517 eommemitiis
2620 2462 2924 2516 rationibus
2965 2461 3229 2528 allegatis,
3271 2461 3371 2512 im-

1811 2554 2136 2621 peratoriam
2186 2556 2562 2605 auctoritatem
2614 2551 2781 2620 759
2835 2565 3112 2620 arrogare,
3167 2552 3368 2604 mortui

1811 2650 1987 2694 autem
2035 2640 2378 2708 imperatoris
2423 2640 2591 2692 ﬁlium
2625 2654 2882 2708 generum
2922 2647 2978 2692 et
3007 2640 3220 2707 imperii
3248 2653 3373 2693 auc-

1811 2748 2082 2788 cessoreiu
2118 2732 2405 2785 adsumere
2439 2731 2685 2786 decrevit
2714 2747 2729 2784 :
2759 2730 2814 2784 id
2862 2730 3003 2800 quod
3034 2731 3236 2799 iustius
3262 2730 3371 2784 lor-

1814 2834 1958 2880 tassc
2011 2825 2429 2894 benigniusque,
2469 2833 2522 2878 et
2552 2833 2706 2878 extra
2734 2838 2950 2877 omnem
2988 2821 3373 2890 reprehensio-

1814 2932 1937 2969 nem
1987 2919 2224 2986 positum
2274 2924 2408 2970 erat.
2445 2913 2551 2969 Sed
2587 2915 2714 2984 quia
2759 2915 2887 2977 alia,
2921 2925 2981 2966 ut
3010 2914 3369 2977 videtur,,Dei

1811 3007 2064 3061 voluntas
2113 3007 2233 3067 fuit,
2280 3021 2347 3061 eo
2394 3006 2592 3059 factum
2638 3014 2744 3066 est,
2778 3017 2838 3059 ut
2870 3015 2925 3059 et
2949 3006 3062 3074 ipse
3092 3006 3160 3058 ad
3188 3006 3374 3059 incau-

1815 3106 1893 3151 tas
1924 3096 2275 3164 cogitationes
2302 3095 2541 3148 animum
2573 3096 2928 3162 appellerem,
2969 3104 3024 3148 et
3054 3096 3199 3148 hisce
3225 3095 3373 3148 illius

1813 3187 2054 3241 consiliis
2103 3187 2314 3240 hosmm
2368 3201 2451 3238 me
2484 3187 2807 3238 acerrimum
2861 3200 3215 3254 opponerem,
3245 3200 3371 3240 cum

156 3284 384 3353 ίσχυρὸν
432 3288 542 3348 τοῖς
592 3290 800 3342 ἐκείνου
861 3291 1118 3354 τοιούτοις
1173 3293 1499 3362 βουλεύμασι
1549 3309 1713 3346 κατα-

1815 3279 2050 3341 Arsenii,
2095 3277 2186 3347 qui
2249 3276 2554 3346 patriarcha
2601 3276 2706 3331 illis
2751 3277 3089 3345 temporibus
3129 3276 3251 3338 fuit,
3286 3291 3372 3329 so-

155 3387 381 3440 στηναι,
415 3376 825 3446 ἀναμνησθέντα
853 3383 950 3449 τῆς
1002 3381 1094 3432 τοῦ
1123 3382 1419 3452 τηνικαῦτα
1451 3399 1713 3453 πατριαρ-

1817 3367 2056 3422 cordiam
2108 3365 2290 3418 animo
2351 3374 2710 3433 reputassem,
2736 3380 2834 3434 per
2886 3380 3048 3434 quam
3097 3364 3371 3426 eilectum,

153 3463 414 3530 χεύοντος
475 3467 748 3536 Ἀρσενίου
797 3471 1167 3542 νωθρότητοςο
1215 3474 1282 3526 δι’
1330 3475 1416 3543 ἢν.
1466 3474 1541 3536 ὡς
1584 3477 1714 3544 ἡμίν

151 3566 219 3617 γε
255 3552 593 3620 νενόμισται.
626 3557 898 3626 ἐπιορκίαι
939 3559 1190 3612 ποικίλαι
1215 3578 1273 3612 τε
1305 3565 1396 3613 καὶ
1427 3563 1715 3631 φρικώδεις

153 3639 506 3710 προῠὸησαν,
539 3641 625 3714 [Ρ.
646 3644 777 3714 476]
814 3647 907 3697 καὶ
943 3648 1009 3699 τὰ
1041 3649 1138 3716 τῆς
1168 3649 1274 3702 τοτ’
1304 3649 1516 3713 ἀδικίας
1541 3653 1632 3703 ἐπὶ
1659 3652 1717 3704 to

108 3732 112 3734 ’
157 3732 422 3800 μέγιστον
441 3735 877 3803 προκεχωρήκει·
900 3735 1202 3795 ὡςίκεῑθεν
1217 3740 1314 3808 τῆς
1331 3741 1422 3791 τοῦ
1439 3741 1570 3794 Θεοῦ
1589 3759 1717 3808 σφο-

155 3822 306 3891 δρῶς
324 3824 686 3894 ἑκκαυθείσης
719 3826 908 3896 ὀργῆς,
935 3829 1000 3880 τὰ
1019 3829 1250 3897 μέγιστα
1278 3832 1415 3884 κατά
1432 3834 1714 3903 Ῥωμαίων

157 3911 468 3981 βλαστῆσαι
489 3917 656 3981 κακὰ,
699 3916 790 3969 καὶ
832 3918 1074 3987 μακροὺς
1110 3921 1532 3991 κακοδαιμονίας
1561 3925 1718 3996 ἐγερ-

157 4001 325 4068 θῆναι
348 4003 488 4056 κατά
513 4004 618 4056 τῶν
648 4006 843 4058 κοινῶν
874 4008 1212 4076 πραγμάτων
1242 4012 1337 4064 καὶ
1361 4011 1567 4081 βιαίους
1593 4012 1721 4064 κλύ-

156 4090 338 4152 δωνας
369 4091 498 4161 ἄχρι
531 4094 625 4145 καὶ
659 4097 714 4157 ὲς
748 4095 845 4163 τὴν
876 4098 1134 4167 τήμερον.
1173 4099 1349 4169 ’ῼμην
1393 4103 1520 4169 γὰρ,
1559 4101 1631 4164 ὡς
1669 4103 1716 4154 εί

157 4179 351 4240 ζῶσαν
411 4179 550 4250 ιχων
615 4181 821 4245 ἐκεῖνος
878 4185 999 4237 τότε
1038 4186 1213 4256 ψυχὴν
1277 4188 1560 4241 ἀνθίστατο
1609 4192 1717 4252 τοῖς

157 4268 376 4321 ἐκείνου
407 4273 537 4340 περὶ
562 4272 660 4341 τῆς
695 4273 969 4342 βασιλείας
998 4275 1327 4345 βουλεύμασί
1355 4295 1410 4330 τε
1434 4279 1720 4348 καὶπρὰγ-

159 4375 362 4426 μασιν,
383 4359 566 4429 ἥκιστ’
602 4361 669 4414 ἂν
723 4361 894 4432 δήπου
940 4365 1181 4418 τοσαῦτα
1233 4367 1373 4420 κατὰ
1432 4367 1717 4435 Ῥωμαίων

157 4451 397 4517 ἐκέχυτο
422 4451 490 4501 τά
518 4451 688 4504 δεινὰ.
736 4452 900 4506 Ὅθεν
927 4455 1023 4522 τὴν
1050 4457 1172 4506 τότε
1202 4451 1580 4525 προσήκουσαν
1619 4457 1718 4525 μὲν

161 4538 494 4604 θεραπείαν,
522 4539 720 4606 ἥκιστα
754 4541 808 4591 δὲ
836 4544 1154 4612 γενομένην,
1180 4548 1235 4598 ὲν
1259 4549 1366 4607 τοῖς
1398 4545 1489 4598 νῦν
1509 4550 1717 4615 καιροῖς

1819 3473 1939 3511 meo
1970 3456 2187 3527 quidem
2215 3456 2444 3525 judicio,
2469 3465 2529 3510 ut
2579 3456 2631 3509 in
2666 3458 2814 3510 varia
2844 3456 3225 3524 horrendaque
3255 3471 3375 3525 per-

1812 3549 1955 3617 juria
1991 3550 2182 3614 iretur,
2206 3557 2260 3602 et
2291 3563 2356 3602 ea
2388 3564 2507 3616 quin
2547 3555 2658 3600 tum
2691 3548 2897 3600 exstitit
2931 3547 3127 3616 injuria
3159 3562 3376 3616 progre-

1818 3637 2040 3690 deretur
2092 3636 2442 3704 longissime;
2498 3627 2568 3689 ita
2625 3649 2704 3699 ut,
2735 3638 2959 3690 numine
2992 3636 3139 3704 gravi
3175 3636 3250 3689 ira
3285 3649 3375 3689 ac-

1817 3742 2004 3786 censo.
2031 3727 2260 3780 maxima
2290 3725 2415 3778 inde
2465 3725 2516 3778 in
2557 3725 2829 3778 Romanos
2865 3725 3178 3793 pullularint
3209 3725 3372 3788 mala,

1818 3831 2133 3886 magnaeque
2160 3816 2212 3868 in
2252 3815 2648 3884 rempublicam
2697 3816 3038 3870 calamitates
3068 3825 3122 3869 et
3157 3816 3374 3869 violenti

1818 3909 1882 3962 ad
1940 3908 2259 3961 hodiernam
2330 3917 2502 3976 usque
2560 3907 2702 3961 diem
2759 3904 2955 3962 ﬂuctus
3004 3906 3372 3976 proruperint.

1818 3994 2078 4049 Putabam
2108 3995 2275 4061 enim,
2314 3994 2360 4048 si
2407 3995 2476 4059 is,
2505 3994 2690 4048 animo
2725 3995 2836 4048 acri
2884 4005 2939 4049 et
2965 3993 3149 4048 vivido
3185 3993 3379 4063 praedi-

1822 4095 1927 4149 tus,
1959 4086 2106 4139 illius
2140 4093 2269 4140 tunc
2299 4086 2367 4138 de
2399 4085 2629 4154 imperio
2659 4086 2966 4140 invadendo
2995 4085 3236 4140 consiliis
3265 4099 3380 4138 mo-

1823 4177 2217 4248 litionibusqne
2268 4175 2589 4238 obstitisset,
2630 4175 2856 4229 minime
2901 4178 3087 4243 utique
3120 4184 3196 4228 tot
3237 4175 3375 4227 mala

1820 4266 2188 4320 redundatura
2219 4266 2272 4317 in
2303 4266 2574 4317 Romanos
2607 4263 2798 4317 fuisse.
2831 4262 3152 4317 Medicinam
3187 4263 3374 4332 igitur,

1819 4369 1938 4423 quae
1980 4363 2092 4408 tuin
2149 4363 2453 4422 Opportuna
2487 4353 2709 4422 quidem
2757 4362 2893 4416 erat,
2927 4353 3020 4406 sed
3061 4356 3374 4421 neutiquam

1818 4444 1958 4498 facta
1990 4453 2094 4507 est,
2132 4460 2256 4498 cum
2293 4446 2407 4513 ipse
2438 4443 2540 4498 hoc
2581 4456 2819 4513 tempore
2855 4454 3015 4522 atque
3063 4444 3163 4498 hoc
3196 4460 3375 4497 rerum

1821 4546 1962 4589 statu
1997 4535 2183 4589 vellem
2208 4536 2491 4600 adhibere,
2519 4544 2572 4590 et
2595 4535 2946 4604 cogitationes
2973 4537 3152 4591 animo
3175 4537 3378 4588 alcrcm

164 4629 264 4673 καὶ
293 4624 616 4691 πράγμασιν
645 4628 1049 4683 ἐπιδείκνυσθαι
1082 4633 1251 4685 θέλων
1278 4635 1460 4696 αὐτὸς,
1508 4636 1599 4686 καὶ
1627 4652 1713 4687 πο-

1825 4628 2012 4696 plenas
2056 4629 2226 4680 fastus
2268 4636 2323 4680 et
2362 4627 2709 4695 arrogantia‘,
2742 4628 2886 4678 omni
2944 4625 3123 4679 studio
3163 4627 3227 4678 ad
3254 4641 3379 4693 per-

164 4715 266 4768 λύν
301 4732 426 4769 τινα
455 4719 545 4770 τὸν
575 4717 740 4784 τῦφον
772 4723 865 4774 καὶ
910 4723 1007 4792 τὴν
1058 4725 1227 4795 ὀφρὶν
1295 4728 1720 4797 ἐπισυρομένους

165 4807 382 4877 θρέψας
407 4808 721 4877 λογισμοὺς,
771 4813 959 4883 ἁπάσῃ
1017 4816 1270 4883 προθέσει
1317 4816 1488 4885 ψυχῆς
1527 4818 1603 4878 είς
1632 4818 1720 4868 τὸν

165 4895 322 4945 κατά
344 4894 440 4947 τοῦ
475 4897 928 4966 Καντακουζηνοῦ
967 4901 1250 4971 διανέστην
1297 4904 1544 4971 πόλεμονἱ
1589 4905 1723 4972 λαμ--

167 4985 322 5052 arpi;
349 4999 494 5047 τινος
517 4985 677 5053 δῆθεν
707 4990 1031 5058 προφάσεως
1060 4992 1196 5059 ἔχων
1226 4993 1412 5058 ἐφόδια
1452 4994 1583 5057 πρὸς
1613 4992 1720 5042 διέο

166 5089 388 5139 γερσιν,
416 5075 483 5126 τά
510 5091 570 5126 τε
601 5075 735 5129 ἀλλα
796 5081 887 5131 καὶ
933 5082 1078 5142 ὅπως
1131 5084 1193 5133 ἐκ
1242 5082 1334 5132 τοῦ
1388 5082 1722 5150 παραχρῆμα

169 5153 316 5232 πρὸς
374 5163 674 5236 ὑπεροψίαν
707 5168 867 5237 ἤθους
927 5171 1118 5223 ἑαυτὸν
1185 5173 1573 5241 μετεσκεύασε,
1628 5173 1724 5224 καὶ

167 5257 289 5321 ομα
320 5254 423 5305 κάν
448 5259 565 5317 ταῖς
610 5255 718 5309 τῶν
746 5257 958 5308 οίκείων
1003 5259 1299 5309 ἐπιστολῶν
1333 5257 1723 5328 ἐπισημασίαις

163 5349 228 5394 το
280 5340 514 5412 σύνηθες
543 5346 729 5400 δοῦλον
781 5350 1069 5412 ἀπείπατο,
1121 5348 1520 5417 ἀφαιρούμενος
1575 5349 1723 5400 ἄντι-

165 5451 311 5502 κρυς
340 5436 534 5507 Ἀννης
563 5439 658 5506 τῆς
695 5439 958 5508 βασιλίδος
993 5440 1197 5493 καὶτοῦ
1240 5442 1440 5509 ταύτης
1480 5438 1597 5490 υίοῡ
1624 5440 1721 5507 τὴν

1828 4719 2164 4786 sequendum
2198 4717 2798 4770 belloCantacuzenuin
2828 4719 2972 4769 erexi
3008 4733 3132 4780 me;
3169 4716 3378 4783 specio-

1828 4823 1916 4860 sas
1969 4808 2220 4860 videlicet
2269 4808 2530 4874 quasdam
2585 4821 2817 4872 causas,
2869 4808 3067 4875 quibus
3123 4815 3377 4873 tanquam

1830 4900 2184 4952 irritamentis
2229 4905 2434 4960 uterer,
2463 4907 2575 4950 tnui
2611 4899 2745 4954 alias
2795 4899 3021 4961 habens,
3061 4906 3175 4949 tum
3210 4901 3377 4949 niaxi-

1829 5005 1933 5052 me,
1962 4988 2104 5057 quod
2163 4989 2438 5058 ingenium
2485 5006 2645 5043 suum
2701 4990 2790 5042 ille
2837 4989 2901 5040 ad
2953 4989 3262 5055 superbiant
3295 4991 3379 5041 rei

1829 5089 1990 5150 pente
2054 5079 2407 5144 traduxisset,
2462 5096 2523 5133 ac
2573 5079 2625 5131 in
2675 5078 2909 5147 propriis
2947 5077 3192 5145 epistolis
3237 5080 3380 5132 obsi-

1824 5171 2052 5241 gnandis
2084 5173 2339 5224 usitatum
2370 5169 2601 5224 subditis
2623 5184 2830 5222 morem
2861 5168 3022 5238 760
3053 5170 3376 5232 abdicasset,

1826 5273 1986 5331 atque
2031 5261 2166 5315 adeo
2218 5263 2284 5315 ab
2321 5260 2666 5329 imperatrice
2725 5260 2882 5313 Anna
2933 5269 2987 5314 et
3023 5261 3092 5314 ab
3125 5261 3242 5328 ejus
3269 5261 3378 5311 filio

1824 5366 2133 5420 supremam
2167 5361 2488 5421 potestatem
2515 5349 2688 5418 palam
2722 5351 2980 5404 auferret.
3018 5350 3290 5416 Quamobr
3326 5365 3375 5400 Ill

1827 5452 2052 5512 uterque
2085 5442 2220 5497 nihil
2258 5442 2403 5495 aliud
2432 5441 2685 5511 fecimus,
2710 5444 2816 5500 nisi
2851 5452 2992 5498 totas
3020 5443 3236 5513 penitus
3269 5442 3376 5494 llo—

1496 5588 1819 5649 Variorum
1855 5595 2039 5649 noun.

235 5709 356 5782 (ιι)
384 5709 518 5766 Vide
545 5724 708 5782 supra
731 5710 825 5766 lib.
865 5729 934 5778 ιν,
961 5727 1082 5781 cap.
1111 5714 1162 5766 4.
1199 5712 1405 5767 Botvns.
