4020 6334
192 439 320 504 1ου
568 434 640 502 ιλ.
685 450 736 490 c.
783 434 939 506 1547]

1080 488 1083 489 ν
1190 446 1627 507 BYZANTlN/E
1647 445 2025 512 HISTORLE
2050 455 2197 518 LIB.

2529 454 2663 526 [ων.
2700 474 2744 511 ι.
2774 472 3009 512 naxon.
3050 459 3111 530 6]

3261 460 3391 526 1042

183 548 505 646 προσίεσθαι
521 549 785 646 βούίἱιτο,
811 551 1097 621 ἔγγραφον
1112 554 1142 608 ό
1165 573 1595 629 πατριαρχευων
1608 561 1729 623 τέως

1843 570 2285 625 communionem
2312 572 2881 646 esset'admissurus;
2942 576 3073 634 ideo
3126 570 3416 641 Isidorus,

195 638 484 710 Ἰσίδωρος,
514 635 887 707 ἐπ’Ἰμῦωνος
916 641 1297 714 ἀναϐεϐηκὼς,
1326 646 1571 717 διεξῆλθε
1607 665 1736 715 συγ-

178 730 445 800 χώρησιν,
478 730 513 800 ἢ
543 733 637 785 καὶ
662 738 731 802 ην
753 732 862 784 τῶν
878 733 1136 788 ἀπάντων
1158 720 1338 801 οὐδεὶς
1370 733 1416 806 ᾧ
1452 738 1653 809 ἧρεσκέ
1674 759 1735 794 τε

181 822 281 875 καὶ
308 822 701 893 προσεδῶεκτο
720 839 736 853 '
766 823 882 877 ἀλλ’
919 825 1197 897 ὑπηνέμια
1244 830 1591 885 παντάπασιν
1624 835 1737 886 ὲὸόο

179 928 289 973 κει,
317 904 407 965 {at
453 912 796 983 ἀμυδρότερα
840 917 1021 986 πάσης
1055 920 1235 983 σκιᾶς,
1260 925 1353 977 καὶ
1393 922 1591 993 χλεύης
1640 926 1735 979 καὶ

180 1003 454 1091 μυκτῆρος
499 1003 623 1070 ἄξια
674 1007 911 1077 μακροῦ,
960 1011 1054 1063 καὶ
1091 1013 1288 1082 μικροῦ
1313 1014 1416 1068 δέω
1438 1016 1639 1086 λέγειν,
1666 1015 1736 1091 ἦν

163 1090 352 1181 ,οὐδεὶς
375 1085 421 1158 ᾧ
453 1093 527 1163 μὴ
560 1095 733 1161 γέλως
754 1101 822 1153 ra
841 1101 1111 1167 λεγόμενα
1128 1098 1220 1173 ἦν,
1245 1106 1338 1157 καὶ
1358 1105 1518 1174 ὅμοια
1544 1085 1735 1181 ὥσπερ

172 1179 239 1233 ἃν
258 1180 421 1245 εἴτις
444 1184 614 1251 ἄμφω
644 1188 741 1249 τὰς
764 1189 915 1257 δψεις
972 1192 1169 1257 τελέως
1218 1197 1577 1267 ἀφῃρημένος
1608 1179 1733 1266 τοὺς

170 1271 285 1326 τῶν
312 1274 599 1363 ὀφθαλμῶν
632 1277 721 1331 τὸν
772 1282 959 1352 ἕτερον
987 1288 1423 1357 πεπηρωμένους
1456 1286 1732 1363 ἰατρεύειν

171 1363 501 1436 ὖπιτχνείτο.
528 1354 651 1433 Τοῖς
672 1388 735 1439 γε
763 1373 869 1445 μὴν
893 1354 1237 1448 σεμνοτέροις
1259 1354 1431 1437 ταῦτα
1455 1384 1520 1454 δὴ
1548 1354 1617 1441 τὰ
1638 1388 1732 1442 τοῦ

171 1456 503 1526 Εὐαγγελίου
552 1461 640 1517 διὰ
668 1466 916 1535 γλώττης
949 1464 1041 1537 ἦν,
1076 1487 1096 1521 ι
1158 1471 1349 1537 Ἐξελε
1382 1458 1728 1549 (φάσκουσι)

169 1550 407 1616 πρῶτον,
433 1552 724 1623 ύποκριτὰ.
762 1557 861 1624 τὴν
895 1557 1054 1612 δοκὸν
1084 1556 1148 1613 Ex
1172 1561 1266 1615 τοῦ
1296 1564 1579 1636 ὀφθαλμοῦ
1614 1585 1730 1633 σου,

168 1645 260 1693 καὶ
281 1642 405 1695 τότε
453 1644 515 1696 τὸ
539 1645 749 1714 κάρφος
782 1649 845 1702 τὸ
878 1650 939 1702 ὲν
966 1651 1045 1720 τῷ
1081 1653 1347 1726 ὀφθαλμῷ
1373 1657 1466 1711 τοῦ
1501 1662 1731 1731 ἀδελφοῦ

168 1746 301 1781 σου·
332 1749 349 1784 ι
391 1734 485 1785 καὶ
530 1734 601 1787 αὖ
652 1737 746 1789 ἐπὶ
795 1738 1007 1803 τούτοις
1036 1744 1211 1798 ὁπόσα
1258 1763 1322 1815 γε
1363 1749 1577 1814 τούτοις
1606 1754 1734 1823 ὁμόν-

166 1837 377 1916 στοιχα.
439 1842 458 1877 ι
492 1826 623 1880 Δέον
670 1828 779 1899 γὰρ
818 1832 980 1887 αὐτὸν
1039 1835 1339 1909 (ἔφασκον)
1398 1845 1729 1916 συγγνώμην

165 1912 347 1984 ἑαυτῷ
371 1916 468 1982 τὴν
500 1919 673 1985 μείζω
694 1920 879 1989 ζητεῖν
903 1926 995 1980 ἐπὶ
1023 1928 1231 1995 διπλοῖς
1279 1936 1372 1986 καὶ
1398 1912 1725 2004 πολλαπλοίς

162 2004 276 2096 τοῖς
299 2094 312 2096 _
333 2004 695 2096 ἔγκλημασιν,
731 2012 845 2065 όιδὲ
895 2017 1021 2079 τοὺς
1049 2018 1201 2073 οὐδὲν
1244 2022 1408 2077 αὑτοῦ
1442 2026 1733 2096 δεομένους

164 2092 398 2190 ἀναιδῶς
452 2097 655 2153 οὑτωσὶ
710 2101 1038 2173 θεραπεύειν
1059 2109 1275 2180 ηὴξίου,
1321 2116 1448 2180 τοὺς
1475 2092 1550 2190 μη
1592 2092 1731 2175 πάνυ

165 2184 642 2281 iunpo-ligendi),
694 2197 722 2247 ὁ
752 2197 895 2252 πάνυ
925 2200 1147 2269 λεπρὸς,
1207 2206 1301 2259 καὶ
1349 2184 1487 2272 τοὺς
1530 2184 1733 2281 μικρᾶς

165 2277 453 2373 δεομένους
506 2282 826 2363 καθάρσεως
878 2293 911 2343 ἀ
954 2292 1125 2361 ῥύπου
1173 2298 1270 2351 καὶ
1306 2299 1478 2369 πηλοῦ
1512 2277 1730 2373 μεστὸς,

168 2370 311 2459 κατά
335 2371 460 2434 τοὺς
487 2375 726 2443 χοίρους,
748 2378 797 2432 οἶ
831 2380 907 2451 τῷ
934 2382 1183 2459 βορϐόρῳ
1222 2370 1725 2459 ἐγκαλινδοῦντκι.»

167 2458 443 2525 Τοιούτοις
473 2464 573 2532 μὲν
602 2466 665 2536 δή
697 2470 791 2523 καὶ
828 2472 1040 2539 μείζοσι
1086 2477 1291 2532 τούτων
1328 2482 1385 2534 al
1412 2483 1606 2538 πολλαὶ
1637 2489 1732 2540 καὶ

166 2550 418 2621 διάφοροι
472 2555 719 2622 γλῶσσαι
783 2562 891 2614 τῶν
952 2568 1251 2634 τηνικαῦτα
1306 2575 1736 2642 παρόντωνὲκεί

168 2645 308 2752 πρὸς
333 2646 494 2700 αὐτὸν
525 2650 846 2716 ὲπετόξευον
883 2655 1184 2729 σκώμμασι
1212 2678 1229 2695 ο
1262 2668 1356 2717 καὶ
1410 2667 1604 2723 σύνδυο
1637 2674 1732 2727 καὶ

169 2742 420 2833 σύντρεις
476 2742 540 2794 ὲκ
596 2743 973 2816 διαστήματος
1029 2754 1409 2826 ἀθροιζόμενοι
1437 2762 1731 2833 διηπόρουν

168 2831 424 2900 ἀλλήλοις
446 2834 517 2887 τά
561 2852 624 2903 γε
674 2840 900 2894 τοιαῦτα
956 2846 1292 2917 κοινούμενοι
1325 2853 1419 2904 καὶ
1455 2854 1555 2921 τὴν
1584 2831 1732 2909 ἀναί-

167 2921 318 2975 δειαν
348 2924 711 2997 λοιδοροῦντες
736 2933 947 2987 ἐκείνου
979 2936 1152 3007 λάθρα
1191 2940 1285 2992 καὶ
1326 2943 1419 2994 ὑπ’
1446 2944 1653 3001 ὀδόντα.

243 3015 319 3070 B'.
356 3013 536 3071 ’Ἦσαν
563 3020 606 3073 δ’
628 3020 682 3073 οἳ
715 3024 808 3075 καὶ
838 3025 1335 3099 ὲκκεκαλυμμὲνως
1361 3036 1418 3097 ἐς
1454 3034 1729 3106 προῦπτον

170 3107 535 3200 ἐλοιδρροῦντο
561 3113 771 3200 τάνδρὶ,
803 3116 969 3183 μηδὲν
996 3120 1145 3188 ὑγιὲς
1180 3124 1316 3193 μήτε
1342 3126 1561 3194 δρῶντι,
1588 3132 1727 3200 μήτε

1822 660 1935 739 qui
1968 669 2080 714 tum
2109 665 2420 729 patriarcha
2440 675 2577 730 erat,
2610 668 2844 723 amboue
2894 684 3216 732 conscenso,
3251 668 3394 722 scri-

1829 742 1989 821 ptam
2023 755 2268 810 recitavit
2293 758 2726 826 absolutionem;
2765 776 2926 830 quam
2956 776 3116 815 nemo
3149 762 3393 815 omnium

1842 842 1944 897 fuit
1974 846 2068 913 qui
2100 846 2356 915 probaret
2392 858 2448 903 et
2473 850 2790 907 admitteret
2824 872 2839 907 :
2871 853 2967 906 sed
3000 853 3191 907 inania
3234 868 3393 921 pror-

1841 949 1934 988 sus
1961 951 2047 997 ea.
2073 947 2131 991 et
2158 939 2347 993 umbra
2378 942 2572 1009 quavis
2598 942 2857 1008 iutiliora,
2893 946 3115 1014 risuque
3141 956 3198 1000 et
3222 961 3392 999 sanna

1839 1024 2153 1094 dignissima
2184 1029 2533 1085 videbantur.
2585 1033 2729 1100 Quin
2782 1034 3096 1103 illud.pene
3133 1035 3388 1099 dixerim,

1840 1116 2111 1172 neminem
2137 1118 2329 1185 fuisse,
2358 1123 2446 1175 cui
2479 1139 2542 1177 ea
2577 1139 2699 1192 qua:
2728 1125 3054 1179 dicebantur
3084 1126 3253 1179 risum
3280 1142 3389 1178 non

1840 1210 2132 1272 moverint,
2163 1212 2498 1283 perindeque
2538 1216 2723 1270 habita
2748 1217 2960 1279 sint,ac
2988 1217 3033 1271 si
3071 1217 3210 1285 quis,
3242 1227 3390 1269 utro-

1838 1313 1944 1367 que
1979 1300 2135 1355 oculo
2194 1304 2414 1371 penitus
2463 1305 2708 1367 orbatus,
2758 1323 2851 1361 eos
2901 1311 2993 1378 qui
3038 1310 3211 1362 altero
3246 1308 3387 1373 capti

1838 1401 2020 1444 essent
2046 1406 2366 1447 sanaturum
2394 1410 2453 1451 se
2481 1398 2846 1465 promitteret.
2868 1396 3218 1452 Gravioribus
3242 1408 3388 1450 certe

1839 1481 1975 1535 viris
2001 1483 2085 1537 illa
2109 1483 2393 1554 Evangelii
2430 1487 2482 1539 in
2513 1502 2608 1541 ore
2631 1498 2793 1541 erant
2825 1506 2838 1541 :
2876 1506 2895 1539 ι
2932 1490 3080 1558 Ejice
3125 1489 3383 1558 primum,

1838 1568 2144 1640 hypocrita,
2181 1576 2387 1630 trabem
2412 1576 2481 1630 de
2508 1577 2668 1631 oculo
2700 1588 2793 1631 tuo
2823 1597 2835 1631 :
2872 1588 2927 1631 et
2950 1588 3077 1631 tunc
3098 1577 3387 1635 festucam.
3444 1566 3453 1573 ’

1840 1676 1962 1730 qua:
1993 1671 2075 1716 est
2128 1664 2182 1717 in
2209 1665 2371 1719 Oculo
2401 1665 2589 1721 fratris
2620 1668 2696 1721 tui
2723 1668 2738 1697 ⁸
2764 1685 2778 1721 :
2818 1686 2839 1720 ι
2880 1669 3094 1736 aliaque
3117 1669 3393 1721 addeban-

1839 1762 1928 1808 tur
1955 1754 2039 1808 his
2064 1753 2263 1830 aﬂinia.
2300 1776 2319 1808 ι
2354 1759 2460 1824 Qui
2493 1761 2639 1813 enim
2676 1758 2917 1830 (aiebant
2942 1761 3040 1827 illi)
3076 1760 3308 1829 duplicis
3335 1768 3390 1814 et

1840 1848 2154 1917 multiplicis
2186 1827 2431 1905 c'riminis
2479 1866 2609 1920 reus
2654 1827 2781 1922 eget
2814 1856 2928 1921 ipse
2958 1827 3206 1920 ampliori
3235 1854 3393 1905 abso-

1833 1939 2063 1998 lutione.
2099 1938 2146 1993 is
2174 1941 2247 1995 ita
2282 1941 2570 2011 impudens
2597 1954 2705 2007 est,
2747 1954 2804 1997 ut
2833 1958 2947 2006 eos,
2985 1943 3079 2011 qui
3112 1943 3246 1995 nihil
3270 1942 3389 2010 ipso

1834 2028 2099 2097 indigent,
2124 2022 2397 2086 curandus
2426 2035 2708 2104 suscipiat,
2734 2049 2839 2086 non
2862 2036 3085 2088 omnino
3117 2034 3386 2102 leprosos.

1833 2137 1893 2182 ut
1933 2127 2005 2189 ita
2043 2127 2238 2192 dicam,
2275 2129 2503 2181 omnino
2528 2130 2641 2198 ipse
2674 2129 2949 2197 leprOsus,
3005 2138 3059 2180 ct
3120 2142 3236 2189 eos,
3295 2126 3389 2195 qui

1834 2234 2001 2287 parvo
2024 2219 2208 2273 labore
2238 2219 2447 2286 possint
2470 2220 2712 2287 purgari,
2745 2219 3003 2272 sordibus
3038 2219 3153 2286 ipse
3182 2226 3236 2271 et
3268 2217 3385 2271 luto

1832 2320 2142 2383 coopertus,
2174 2324 2465 2379 porcorum
2494 2309 2687 2375 instar,
2715 2312 2807 2379 qui
2854 2312 2909 2363 in
2956 2325 3113 2364 ('(nuo
3140 2308 3386 2361 volutan-

1836 2409 1974 2452 tur.»
2013 2400 2234 2454 Talibus
2261 2416 2410 2463 eum,
2458 2400 2567 2455 imo
2595 2410 2649 2454 et
2700 2401 3095 2460 acerbiorihus,
3139 2399 3382 2453 dietcriis

1834 2489 2021 2543 multa;
2046 2496 2099 2543 et
2122 2490 2285 2543 varia:
2314 2503 2504 2543 eorum
2530 2487 2621 2557 qui
2659 2498 2771 2542 tum
2802 2488 3028 2542 aderant
3068 2488 3262 2557 linguw
3303 2490 3382 2541 in-

1809 2583 2115 2637 ‘cessehant
2140 2599 2155 2646 ;
2190 2582 2411 2650 binique
2436 2590 2493 2637 et
2521 2583 2661 2636 terni
2690 2598 2757 2636 ex
2782 2582 3070 2635 intervallo
3119 2591 3379 2634 eoeuutcs

1831 2674 1899 2728 de
1928 2674 2012 2727 his
2032 2675 2173 2727 inter
2191 2688 2249 2727 se
2278 2673 2627 2743 ambigebant
2643 2682 2698 2727 et
2722 2672 3192 2740 colloqucbantur,
3220 2672 3378 2725 istius
3438 2706 3439 2709 η

1834 2764 2219 2833 impudentiam
2248 2766 2557 2819 clanculum
2601 2773 2658 2820 et
2690 2764 2848 2836 793
2886 2766 3226 2820 uiussilando
3253 2779 3383 2819 con-

1831 2858 1985 2911 viciis
2012 2857 2365 2911 insectantes.

1901 3038 1963 3091 ll.
2001 3037 2347 3099 Erantetiam
2376 3037 2467 3106 qui
2501 3046 2686 3107 aperte
2734 3046 2791 3091 ct
2839 3040 3115 3105 propalam
3159 3036 3375 3091 homini

1831 3130 2073 3185 convicia
2127 3128 2404 3191 lacerent,
2465 3128 2597 3181 nihil
2632 3139 2727 3182 aut
2755 3120 2971 3182 facienti
3003 3138 3097 3182 aut
3146 3128 3373 3194 dicenti,

170 3194 440 3291 λαλοῦντι,
462 3197 586 3291 μήτ’
620 3201 678 3250 ἐν
704 3199 782 3270 τῷ
814 3203 932 3255 τότε
960 3209 1185 3273 παρόντι
1211 3211 1310 3281 τῆς
1328 3206 1497 3285 ὥρας,
1526 3194 1726 3287 μήτ’-ἐς

1833 3223 1973 3291 quod
2031 3223 2148 3276 sani
2202 3221 2439 3276 hominis
2485 3231 2650 3285 esset,
2709 3222 2821 3276 sive
2850 3231 2978 3276 tunc
3026 3224 3140 3278 sive
3168 3233 3373 3291 postea.

167 3287 392 3339 τούπιδν
419 3287 512 3341 τοῦ
539 3290 753 3357 χρόνου.
781 3294 935 3349 Μετὰ
961 3297 1069 3367 γὰρ
1113 3297 1318 3371 βραχύν
1365 3321 1486 3359 τινα
1510 3310 1725 3377 χρόνον,

168 3381 260 3433 διὰ
291 3381 478 3452 τὸτῆς
505 3383 671 3436 αὑτοῦ
716 3387 949 3456 ῥαγῆναι
1014 3395 1295 3456 κοινωνίας
1352 3400 1477 3463 τοὺς
1513 3404 1729 3468 πλείους

168 3472 281 3553 τῶν
310 3473 628 3526 ἐπισκόπων
667 3477 759 3528 καὶ
791 3480 1202 3551 πρεσϐυτέρων,
1236 3488 1440 3558 πλῆθος
1473 3495 1728 3563 ἀγοραῖον

168 3563 354 3633 ἐαυτῷ
413 3563 684 3631 θιασώτας
736 3570 996 3639 ἀθροίσας
1040 3571 1127 3644 [Ρ.
1167 3575 1294 3648 499]
1343 3581 1600 3636 τοιούτων
1629 3587 1728 3653 τὴν

169 3656 473 3727 ἐκκλησίαν
506 3661 627 3712 ἀντὶ
682 3661 791 3714 τῶν
823 3664 1101 3732 ῥαγέντων
1158 3669 1477 3740 ἐνέπλησεν,
1506 3676 1727 3730 ἐπισκόο

170 3764 312 3810 πούς
366 3747 652 3817 σχεδιάσας
686 3753 781 3803 καὶ
810 3754 1211 3823 πρεσϐυτέρους
1264 3759 1503 3830 ἐτέρους,
1537 3764 1727 3837 ὥσπερ

168 3839 217 3890 oi
282 3838 443 3909 μῦθοι
492 3841 661 3895 πάλαι
712 3846 841 3908 τοὺς
880 3849 1158 3918 σπαρτοὺς
1206 3853 1300 3904 καὶ
1323 3855 1728 3927 αύθημερινοὺς

170 3929 461 3996 γίγαντας,
516 3932 610 3984 καὶ
669 3933 815 3987 οὓτω
866 3939 1007 3992 κατά
1060 3941 1157 4010 τῆς
1188 3942 1466 4008 εὐσεϐείας
1501 3948 1727 4017 ἀμαθῶν

171 4022 370 4089 λογίων
396 4023 620 4086 ὁπλίσας
648 4026 877 4080 πλεῖστα
905 4030 1178 4100 συνέδρια.

241 4114 317 4167 τ’.
355 4113 583 4166 Ἔπειτα
614 4115 939 4185 θεραπεύειν
967 4120 1120 4191 ἠξίου
1142 4124 1476 4195 λυπούμενον
1494 4130 1593 4197 τῆς
1619 4132 1729 4185 τῶν

171 4206 589 4275 πατριαρχικῶν
623 4208 923 4279 ἀποτυχίας
951 4214 1156 4281 θρόνων
1195 4217 1286 4269 τὸν
1313 4218 1599 4289 Παλαμᾶν,
1647 4225 1729 4276 δι⁴

169 4298 439 4353 δάσκαλόν
463 4316 519 4352 τε
547 4301 675 4353 ὄντα
698 4302 794 4354 τοῦ
828 4303 1016 4357 θιάσου
1048 4308 1142 4360 καὶ
1178 4311 1274 4376 τῆς
1298 4316 1530 4381 φατρίας
1561 4315 1652 4368 καί
1678 4319 1727 4370 oi

170 4390 281 4442 τῶν
312 4390 639 4456 ἀξιωμάτων
664 4394 836 4446 αίτιον
862 4410 877 4425 ’
925 4398 1018 4448 καὶ
1070 4398 1257 4453 τοῦτον
1288 4402 1585 4457 ἐπίσκοπον
1618 4423 1728 4476 χει-

1833 3314 2036 3381 Nempe
2070 3314 2114 3368 is
2143 3312 2303 3381 paulo
2327 3323 2467 3382 post,
2520 3312 2646 3382 quia
2680 3313 2921 3381 plerique
2984 3314 3365 3381 episcoporum

1835 3406 1903 3458 ab
1933 3421 1998 3459 eo
2022 3402 2215 3456 divulsi
2236 3403 2565 3465 defecerant,
2597 3403 2860 3471 plebeiam
2882 3404 3169 3457 colluviem
3198 3403 3374 3455 thiaso

1833 3493 2336 3550 suoascribendam
2365 3494 2573 3564 coegit;
2644 3504 2698 3547 et
2753 3494 3057 3547 istiusmodi
3120 3494 3368 3549 homines

1836 3586 1890 3639 in
1922 3601 2132 3647 eorum,
2160 3585 2251 3653 qui
2281 3584 2610 3648 defecerant,
2646 3585 2824 3637 locum
2874 3584 3106 3639 suﬂeeit.
3171 3583 3247 3638 Ita
3275 3582 3377 3637 Bc-

1831 3676 2052 3731 clesiam
2088 3673 2244 3730 lactis
2278 3690 2343 3729 ex
2378 3684 2622 3742 tempore
2654 3674 2928 3743 episcopis
2965 3682 3020 3728 et
3074 3672 3375 3728 sacerdmi-

1835 3767 1935 3821 bus
2008 3766 2163 3820 novis
2242 3767 2516 3834 implevit;
2597 3767 2787 3833 quales
2842 3765 3152 3819 fabulantur
3208 3765 3375 3819 fuisse

1834 3867 1978 3912 satos
2030 3852 2150 3911 illos
2200 3866 2253 3912 et
2306 3857 2467 3910 unius
2511 3857 2617 3910 diei
2650 3855 2939 3925 Gigantas;
2979 3866 3035 3910 et
3087 3846 3372 3908 doctorum

1834 3949 2177 4005 indoctorum
2224 3960 2399 4002 cauus
2451 3949 2882 4018 quampluritnos
2943 3949 2998 4002 in
3051 3948 3369 4017 religionem

1832 4043 2079 4095 armavit.

1904 4130 1990 4185 ΙΙΙ.
2027 4130 2199 4184 Solari
2237 4130 2429 4183 deinde
2469 4130 2737 4183 Palamam
2784 4131 2991 4195 statuit,
3042 4143 3291 4186 mmstum
3323 4143 3375 4185 et

1834 4220 2177 4294 patriarchali
2225 4221 2354 4275 sede
2389 4222 2667 4276 exclusum
2698 4236 2756 4276 se
2811 4222 3124 4287 dolentem;
3188 4223 3372 4284 solari,

1834 4317 2072 4385 inquam,
2108 4313 2279 4368 voluit
2306 4314 2482 4383 gregis
2511 4323 2566 4369 et
2591 4314 2824 4368 sodalitii
2870 4316 3185 4383 magistrum
3237 4331 3375 4367 sme-

1833 4424 1938 4477 que
1969 4407 2245 4477 dignitatis
2269 4414 2573 4458 auctorem.
2622 4405 2760 4457 Eum
2809 4405 2988 4471 itaque
3022 4404 3375 4457 ΤΙιρδείιὶιιιιί-

173 4481 383 4547 ροτονεῖ
426 4478 870 4535 Θεσσαλονικέων
934 4486 1077 4555 (62)·
1131 4484 1189 4541 οἷ
1208 4491 1300 4544 καὶ
1329 4493 1561 4549 ἀπιόντα
1588 4499 1725 4566 μήτε

1833 4483 2047 4553 censem
2076 4498 2391 4564 episcopum
2414 4496 2591 4563 eligit;
2617 4497 2687 4548 At
2709 4494 2797 4547 hic
2822 4496 3094 4562 profectus
3123 4496 3248 4549 illuc
3278 4512 3378 4549 nec

174 4572 273 4622 rw"
289 4587 316 4633 ς
339 4573 695 4641 τετυχηκέναι
727 4572 905 4637 ξενίας
936 4578 1071 4646 πρὸς
1095 4579 1203 4632 τῶν
1228 4582 1343 4634 ἐκεῖ
1364 4582 1728 4652 ξυμπέπτωκε

1833 4590 2070 4658 hospitio
2094 4588 2315 4655 quidem
2345 4573 2418 4640 ab.
2469 4589 2587 4657 ejus
2639 4585 2793 4642 urbis
2820 4586 3032 4641 civibus
3065 4588 3372 4656 excipitur:

171 4661 429 4727 πολιτῶν,
448 4663 545 4716 καὶ
570 4663 687 4731 ἅμα
721 4663 819 4734 τὴν
852 4666 959 4718 ἀπὺ
1014 4667 1234 4723 Σκυθῶν
1281 4672 1563 4743 πόρῤωθεν
1584 4678 1728 4745 είληο

171 4752 313 4818 φότα
366 4752 546 4823 ῥῆσιν,
578 4754 777 4823 εἰπεῖν,
809 4757 1061 4830 καθάπερ
1091 4778 1143 4813 τι
1171 4762 1474 4817 Κυλώνειον
1509 4766 1640 4833 ἄγος
1669 4767 1727 4832 ἐξ

170 4841 355 4895 αὐτῶν
381 4844 541 4908 εὐθὺς
574 4846 856 4902 ἐπανιέναι
890 4850 1223 4921 ἐληλαμένον
1255 4854 1362 4907 τῶν
1390 4855 1489 4926 τῆς
1520 4858 1727 4922 πόλεως

172 4935 361 5002 ἀγρῶν
392 4940 487 4992 καὶ
506 4942 867 5015 προαστείων,
892 4944 1024 5014 πρὶν
1068 4945 1216 5009 ἐντὸς
1264 4948 1519 5015 γενέσθαι
1541 4951 1724 5006 πυλῶν

172 5030 268 5081 καὶ
301 5030 430 5098 πρὶν
450 5032 616 5097 ἔγγὺς
638 5035 953 5105 ἐληλυθέναι
975 5036 1208 5106 τείχους.

240 5116 319 5173 Δ⁹.
352 5120 513 5174 Ἀλλά
532 5127 691 5176 ταυτὶ
721 5128 821 5193 μὲν
850 5128 1061 5196 ἑτέροις
1084 5129 1539 5191 καταλελοιπότας
1560 5132 1724 5199 ἡμᾶς,

172 5213 223 5268 οἶ
252 5212 639 5283 πραγματείαν
666 5215 749 5278 είς
800 5219 979 5286 μῆκος
1035 5221 1170 5275 ίδίαν
1218 5223 1542 5290 πεποίηνται
1567 5224 1726 5277 πάνθ’

173 5307 349 5362 ὁπόσα
374 5306 486 5369 τοῖς
525 5307 1001 5375 ὲκκλησιαστικοῐς
1036 5313 1347 5381 συμϐέϐηκε
1376 5314 1497 5385 τότε
1522 5314 1726 5382 δόγμα-

176 5415 287 5461 σιν,
318 5395 513 5468 χρεὼν,
532 5395 571 5449 ἃ
594 5398 659 5466 τῇ
684 5395 897 5467 ἱστορίᾳ
919 5399 1307 5468 κεφαλαιωδῶς
1329 5419 1444 5465 πως
1475 5403 1725 5474 είρῆσθαι

248 5556 269 5589 ⁸
303 5555 495 5612 Matth.
524 5569 619 5617 vu,
648 5554 702 5608 ὅ.

1832 4683 1925 4735 sed
1954 4695 1985 4734 e
2022 4680 2315 4749 longinquo
2344 4677 2680 4749 Scythicum,
2717 4686 2776 4733 ut
2825 4679 2998 4737 aiunt.
3051 4692 3369 4744 responsum

1831 4773 2049 4841 accipit,
2079 4783 2133 4825 et
2184 4780 2437 4838 tanquam
2474 4771 2769 4840 (Iyloneum
2837 4766 3049 4836 aliquod
3100 4767 3370 4833 piaculum

1830 4863 1899 4917 ab
1928 4863 2061 4930 ipsis
2088 4862 2270 4914 statim
2290 4861 2529 4929 ejusdem
2556 4858 2706 4912 urbis
2762 4856 2907 4918 agris
2959 4854 3371 4923 suburbiisquc.

1831 4954 2071 5007 nondum
2095 4961 2275 5019 portas
2312 4951 2606 5017 ingressus.
2657 4955 2714 5001 et
2758 4956 3046 5016 antequam
3103 4946 3171 5001 ad
3224 4949 3371 5017 ipsos

1826 5059 2008 5097 muros
2032 5041 2253 5109 propius
2277 5040 2614 5103 accessisset,
2643 5040 2852 5109 eiectus
2885 5040 3046 5094 redit.

1893 5134 1979 5189 IV.
2014 5133 2213 5187 Verum
2242 5116 2354 5185 huic
2383 5146 2482 5187 nos
2513 5131 2634 5186 aliis
2664 5132 2971 5200 relinquere
3013 5141 3265 5202 oportet;
3302 5131 3369 5184 iis

1825 5225 2099 5285 videlicet,
2138 5223 2229 5292 qui
2276 5237 2340 5277 ea
2388 5224 2591 5289 omnia,
2636 5238 2753 5293 qua:
2796 5232 2909 5276 tum
2948 5222 3011 5275 ad
3064 5221 3365 5276 doctrinam

1825 5313 2252 5371 ecclesiasticam
2310 5314 2637 5383 pertinentia
2706 5314 3061 5378 acciderunt,
3116 5313 3365 5383 delegere

1824 5406 1927 5461 sibi
1958 5404 2131 5460 fusius
2160 5404 2459 5458 tractanda.
2506 5404 2636 5469 Quze
2663 5412 2841 5456 autem
2900 5404 3211 5458 summatim
3254 5404 3364 5458 dici

1503 5656 1838 5718 Variorum
1873 5664 2057 5719 notia.

245 5769 364 5842 (ϐῆ)
395 5771 688 5842 Cantacuz.
711 5738 810 5825 lib.
844 5787 918 5836 iv,
947 5788 1067 5842 cap.
1120 5772 1199 5827 l5.
1224 5772 1455 5829 Ducam.

246 5840 363 5911 (63)
401 5841 652 5899 Fortasse
674 5841 870 5912 Ephesi
898 5840 1369 5917 archiepiscopum
1425 5847 1510 5902 his
1542 5849 1722 5905 verbis

1828 5777 2064 5844 indicat;
2097 5778 2293 5848 dequo
2319 5779 2731 5848 Cyparissiotes,
2768 5782 3159 5838 Palnmirurum
3192 5797 3367 5841 trima-

1830 5850 2153 5918 grcssiouum
2176 5851 2274 5908 lib.
2296 5867 2333 5920 ι,
2360 5865 2528 5907 scrin.
2564 5869 2642 5923 ιν,
2668 5870 2784 5925 cap.
2820 5854 2959 5909 19in
2992 5856 3117 5912 line.
3156 5857 3362 5916 BOIHN.
