4020 6334
159 357 292 422 1063
500 353 577 427 [λι
614 370 664 409 ε·
715 350 874 427 1547]
1085 357 1519 431 ΒΥΖΑΝΤΙΝᾹΞ
1553 359 1932 424 ΗΙΞΤΟΒῐιΕ
1957 359 2098 420 LIB.
2145 358 2290 421 XVI.
2419 351 2554 424 ἴων·
2595 368 2638 407 ³·
2681 358 2972 416 CANTACUz.
3019 352 3069 424 t]
3221 354 3356 418 1066

147 474 308 541 μοσία
337 473 473 544 διῄει
498 475 654 527 πάντ’
681 474 788 527 ἀπὸ
843 474 1107 544 στόματος
1156 477 1453 546 ἀποτάδην,
1507 476 1695 547 ὥσπερ

1804 477 1886 528 nia
1932 474 2231 530 continenti
2269 474 2516 529 oratione
2550 472 2765 542 publice
2799 473 2881 526 sic
2930 470 3352 542 pronuntiabat,

145 565 250 617 ἀπὸ
280 565 506 633 βιϐλίου,
562 567 787 637 μηδαμῆ
834 584 965 620 ποτε
1016 568 1153 638 μήτε
1187 569 1429 640 γλώττης
1479 567 1694 638 ἐνιαχοῦ

1804 565 1956 633 quasi
1991 565 2058 618 de
2079 565 2320 634 scripto;
2352 573 2541 617 ut'ncc
2578 564 2760 632 lingua
2789 563 2921 617 vitio
2953 562 3226 615 memoria:
3261 577 3352 612 us-

145 657 230 709 διὲ
267 657 434 726 λήθην
470 657 845 726 ἀκροσφαλοῦς
889 663 1203 731 γινομένης.
1265 662 1406 731 μήτε
1442 663 1539 730 τῆς
1581 660 1700 713 δια-

1804 656 1944 724 piam
1983 655 2268 718 titubaret,
2319 661 2421 710 n’ec
2471 657 2524 709 in
2570 669 2859 725 progressu
2888 653 3153 707 orationis
3205 666 3357 706 mens

145 748 292 812 νοίας
327 749 708 819 ὑστεριζούσης
731 751 870 804 κατὰ
894 752 992 816 τὴν
1048 754 1157 805 τῶν
1212 752 1518 821 λεγομένων
1565 751 1699 822 πρό-

1804 735 2008 798 ta‘rdius
2038 754 2521 814 assequereturea.
2547 761 2665 814 qua:
2693 745 3035 809 dicebantur;
3065 743 3356 810 scd,-quasi

2419 351 2554 424 [ων.
2595 368 2638 407 ι.
2681 358 2972 416 omnem.
3019 352 3069 424 t]

144 841 282 893 οδον·
335 841 448 894 ἀλλ’
511 842 697 910 ὥσπερ
736 843 793 894 ἐν
822 841 1054 912 ἁρμονίᾳ
1099 842 1192 894 καὶ
1221 841 1378 910 λύρᾳ,
1408 840 1701 910 συνηχούνο

141 947 249 982 των
297 931 352 993 ἐς
388 932 448 983 τὸ
497 931 635 984 πάνυ
664 948 744 984 τοι
772 930 970 999 εὐφυὲς
1016 931 1111 984 καὶ
1156 930 1524 1001 ἀπεξεσμένον
1588 935 1699 1002 ἀμ-

143 1021 262 1084 φοῖν
271 1056 285 1070 .

209 1109 289 1162 B'.
315 1109 527 1162 Τούτων
559 1109 604 1162 δ’
628 1111 798 1174 οὕτως
823 1113 1074 1182 ἑχόντων,
1128 1114 1234 1186 ίδίᾳ
1265 1116 1617 1186 παρειληφὼς
1668 1119 1698 1171 ὀ

142 1199 390 1267 βασιλεὺς
413 1205 526 1254 ἐκεῖ
555 1203 643 1254 τὸν
671 1203 804 1268 υίὺν,
836 1204 1009 1271 λόγων
1051 1210 1116 1260 1"}
1147 1206 1324 1258 πειθοῖ
1355 1207 1449 1259 καὶ
1499 1224 1699 1278 πατρι-

140 1293 250 1343 κῶν
309 1293 562 1355 ἁϐύσσοις
606 1296 995 1363 παραινέσεων,
1049 1295 1318 1361 λογισμῶν
1375 1312 1434 1346 τε
1474 1295 1698 1349 ἐκείνων

140 1382 460 1450 ὑπέρτερον,
507 1384 695 1436 ὁπόσοι
745 1385 970 1454 πλήρεις
1029 1388 1134 1439 τῶν
1200 1386 1498 1453 μελλόντων
1559 1384 1699 1457 ἦσαν

141 1474 340 1540 φόϐων,
370 1473 604 1536 ἔπραττε
637 1479 726 1528 καὶ
770 1476 886 1544 ἅμα
929 1479 1025 1545 τῆς
1090 1475 1376 1544 Ῥωμαίων
1406 1476 1697 1546 ἡγεμονίας

139 1566 546 1633 ἀποτεμόμενος
586 1566 749 1633 μέρος
774 1566 885 1636 (8l)
909 1565 1160 1634 ἡγεῖσθαι
1222 1567 1310 1619 διὰ
1355 1566 1473 1635 βίου
1505 1569 1698 1634 παρεια-

140 1671 250 1723 χεν,
285 1658 445 1708 οίονεί
487 1675 608 1710 τινα
654 1659 998 1728 σατραπικὴν
1045 1659 1139 1712 καὶ
1179 1659 1470 1728 αὐτόνομον
1497 1660 1698 1727 ἡγεμο-

139 1747 280 1809 νίαν,
309 1747 443 1813 πρός
472 1764 531 1800 τε
552 1746 613 1799 τὸ
651 1748 903 1815 ἀσφαλῶς
931 1750 1023 1800 καὶ
1051 1747 1281 1816 βεϐαίως
1323 1749 1415 1800 καὶ
1445 1749 1560 1817 ἅμα
1588 1747 1697 1799 τῶν

139 1839 592 1904 ὑποπτευομένων
623 1838 804 1906 φόϐων
827 1839 903 1901 ὡς
937 1841 1272 1908 πορρωτάτω
1311 1839 1488 1903 ζῶντα
1517 1840 1694 1894 διατει

138 1929 268 1982 λείν.
294 1929 364 1980 Τὸ
392 1929 446 1981 δὲ
471 1925 558 1998 ἦν,
602 1930 775 1999 μῆκος
807 1930 926 1998 μὲν,
959 1930 1082 1982 ὅσον
1119 1931 1178 1983 τὸ
1203 1933 1265 1983 ἐκ
1313 1930 1695 2000 Διδυμοτείχου

139 2022 274 2089 πρὸς
318 2021 515 2088 ἄνεμον
541 2021 773 2090 ζέφυρον
806 2021 1113 2084 ἁποκλίνον,
1148 2021 1274 2090 ἄχρι
1308 2039 1410 2073 που
1457 2022 1565 2074 τῶν
1600 2024 1699 2092 τῆς

137 2113 591 2182 Χριστουπόλεως
632 2101 861 2180 ἔγγιστα
895 2113 1250 2181 προαστείων·
1276 2110 1433 2182 εὖρος
1480 2115 1546 2175 δ’,
1575 2116 1698 2167 ὅσον

136 2204 194 2255 τὸ
232 2205 298 2256 ἐκ
331 2203 598 2273 θαλάττης
622 2207 698 2266 είς
734 2203 993 2258 Ξάνθειαν
1025 2204 1171 2256 ἀνιὸν
1194 2204 1253 2254 τὺ
1280 2202 1571 2271 πολίχνιον,
1607 2206 1699 2256 καὶ

139 2295 239 2346 ὅσα
285 2293 478 2362 μικρὸν
539 2294 802 2345 ἐπέκεινα
867 2296 1044 2345 κεῖται
1118 2294 1314 2361 χωρία.
1349 2294 1698 2362 Παρασήμοις

137 2401 198 2452 γε
265 2387 370 2455 μὴν
415 2383 508 2435 τοῦ
565 2384 827 2450 μεγέθους
870 2383 1159 2452 συμϐόλοις
1229 2383 1527 2452 κεχρῆσθαι
1574 2385 1700 2434 ἑπέ-

135 2491 356 2542 τρεπεν,
411 2475 507 2525 ὅσα
541 2473 816 2541 βασιλείας
850 2474 946 2540 μέν
1002 2475 1137 2524 εἰσιν
1170 2474 1340 2543 ἥττω.
1372 2473 1700 2541 ἀξιωμάτων

135 2565 178 2616 δ’
213 2565 471 2616 ἁπάντων
499 2563 674 2617 ἄλλων
713 2565 989 2618 ὲπέκεινα’
1028 2565 1376 2635 παρήγγελλε
1417 2581 1497 2630 τε,
1528 2567 1700 2618 καθά-

142 2674 246 2723 περ
279 2655 460 2708 εἰκόνα
489 2657 582 2706 καὶ
620 2656 873 2742 ἀφορμήν
902 2673 1025 2708 τινα
1079 2657 1321 2725 μείζονος
1370 2650 1508 2707 εἶναι
1553 2657 1702 2722 νομί-

138 2747 249 2809 ζειν
286 2746 429 2798 τοῦτ’
455 2746 706 2810 ἐξουσίας
744 2765 791 2799 ι.

205 2838 291 2908 [Ρ.
322 2835 450 2909 513]
477 2836 549 2895 Γ.
579 2859 596 2890 ι
632 2839 721 2890 Σοὶ
753 2839 850 2907 μὲν
875 2838 983 2909 γὰρ
1011 2839 1243 2907 εὐφυῶς,
1274 2859 1292 2890 ι
1327 2841 1512 2907 φησὶν,
1550 2858 1569 2890 ι
1601 2839 1701 2909 ἄρ-

139 2949 308 2999 χοντι,
327 2932 417 2983 καὶ
438 2931 528 2994 ξύν
551 2948 612 2997 γε
640 2933 702 3000 τῇ
723 2933 1070 3002 προσηκούσῃ
1089 2932 1312 3001 προνοίᾳ⁴
1328 2929 1482 2983 ταυτὶ
1508 2932 1575 2984 τὰ
1604 2933 1700 2999 μέ-

136 3037 265 3089 τρια
295 3021 403 3073 τῶν
429 3022 682 3090 ὑπηκόων
712 3023 998 3075 διοικοῦντι
1029 3015 1343 3092 πράγματα,
1368 3025 1578 3088 ἐξέσται
1606 3023 1700 3092 δή·

137 3129 240 3164 που
267 3115 359 3164 καὶ
384 3114 624 3181 μείζονάς
641 3113 760 3165 ποθ’
779 3116 1066 3182 ἡγεμονίας
1084 3114 1466 3182 ὲπειλημμένῳ
1495 3115 1630 3183 πρὸς
1648 3113 1702 3164 τὸ

1807 3110 2097 3179 aliquando
2153 3109 2399 3178 ﬁimperii
2441 3109 2651 3176 potito,

139 3207 359 3272 ἄμεινον
409 3205 578 3273 ἄγειν·
651 3209 744 3259 καὶ
793 3208 908 3275 ἅμα
966 3201 1046 3268 οἷς
1106 3207 1312 3276 ἀφορᾷν
1368 3206 1706 3275 περιγίνεται

140 3296 278 3364 πρὸς
303 3299 384 3359 σὲ,
415 3298 647 3360 καὶτοῖς
681 3314 744 3365 γε
795 3301 906 3360 σοῖς
970 3296 1248 3350 δπώσποτε
1309 3298 1551 3366 φιλοῦσιν
1615 3298 1704 3364 ἐγ·

141 3387 580 3452 καλλωπίζεσθαι
617 3391 1018 3458 προτερήμασι,
1053 3391 1146 3441 καὶ
1179 3389 1387 3468 τούτοις
1415 3388 1458 3440 δ’
1491 3385 1556 3443 αὖ
1618 3388 1706 3457 βε-

143 3479 305 3540 ϐαίας
362 3478 668 3545 λελείψεται
746 3478 976 3530 κτᾶσθαι
1059 3478 1384 3546 προσδοκίας
1450 3478 1543 3530 ἐπὶ
1597 3478 1708 3561 σοὶ,

142 3573 266 3624 ὅσαι
309 3573 406 3639 τῆς
445 3571 656 3638 ἀγαθῆς
704 3569 898 3635 φλεϐὸς
961 3571 1333 3639 ἀπορρέουσαι
1411 3570 1526 3637 βίον
1581 3587 1712 3639 προ-

145 3663 388 3733 μνῶνταί
419 3680 601 3730 σφισιν
628 3661 934 3729 εὐδαίμονα.
967 3661 1204 3726 Οὐδεμία
1263 3665 1367 3730 γὰρ
1394 3662 1708 3730 ἐρρᾳθυμη-

103 3741 116 3750 ‘-
145 3758 279 3823 μένη
311 3757 405 3808 καὶ
446 3756 909 3819 ἀνανταγώνιστος
933 3753 1102 3822 ἀρετὴ
1139 3752 1401 3820 λαμπρῶν
1461 3752 1705 3816 ἀξιοῦται

143 3849 346 3916 γερῶν,
433 3847 603 3898 ὁπόσα
680 3848 996 3914 περιφανεῖς
1061 3846 1315 3914 βραϐεύει
1385 3848 1702 3912 στεφάνους.

153 3939 309 3991 Ἐπεὶ
341 3939 434 3990 καὶ
463 3937 679 3988 σύνεσιν
709 3937 897 4005 ἀνδρὸς
935 3935 1028 3989 καὶ
1078 3937 1303 4006 γνώμην
1371 3938 1706 4006 ἡγεμονικὴν

141 4031 251 4081 οὔτ’
281 4029 424 4098 ὄψις,
472 4027 591 4080 οὔτε
633 4028 882 4094 μαντικοί
935 4045 1076 4090 τινες
1127 4029 1399 4096 τρίποδες,
1462 4030 1514 4080 εί
1562 4046 1704 4091 τινες

143 4118 252 4174 εἷεν
280 4117 828 4190 χρηστηριαζόμενοι,
863 4120 974 4179 τοῖς
1003 4117 1214 4180 πολλοῖς
1253 4119 1449 4170 οὑτωσὶ
1502 4136 1704 4188 προση-

144 4215 361 4283 μαίνειν
401 4213 782 4273 δύνανται,ώς
833 4211 987 4280 ήὲπὶ
1041 4209 1137 4277 τῆς
1197 4211 1385 4279 χρείας
1449 4212 1542 4263 καὶ
1596 4213 1704 4265 τῶν

145 4305 353 4376 καιρῶν
386 4303 781 4372 ἁναλάμπουσα
811 4303 973 4370 πεῖρα
1003 4300 1109 4352 τῶν
1143 4319 1202 4352 τε
1243 4301 1414 4368 λόγων
1445 4303 1536 4353 καὶ
1568 4302 1704 4370 πρά-

146 4397 307 4461 ξεων.
348 4395 567 4457 Πολλοῖς
596 4396 704 4462 γὰρ
733 4395 792 4456 ἐξ
820 4395 1097 4461 ἀπειρίας-
1129 4394 1165 4440 «3.
1196 4393 1553 4459 :pav'caattxb;
1579 4393 1700 4456 νοῦς

147 4487 391 4556 μεγάλας
416 4483 702 4552 ὑποτίθησι
734 4483 983 4536 πλάττων
1009 4484 1134 4535 εὐτυ
1141 4484 1352 4551 ,τὶν-,τε
1387 4484 1479 4535 καὶ
1525 4499 1700 4552 μακα-

145 4580 422 4652 ριότητας,
455 4576 704 4645 καθάπερ
734 4576 788 4626 ai
838 4575 1143 4645 ζωγράφων
1189 4577 1370 4644 χεῖρες
1425 4577 1548 4637 τοὺς
1606 4574 1707 4627 τύ-

142 4693 279 4736 πους
308 4673 422 4734 τοῖς
444 4668 722 4740 χρώμασι,
749 4666 1044 4729 παίζουσαι
1096 4666 1237 4718 κατὰ
1269 4667 1328 4716 τὸ
1384 4665 1704 4735 βουλόμενον

139 4768 237 4836 τῆς
274 4762 478 4833 ψυχῆς.
523 4761 587 4813 Ἦ
614 4758 657 4812 δ’
694 4759 758 4811 ὲκ
786 4758 896 4809 τῶν
952 4756 1292 4826 πραγμάτων
1345 4758 1531 4825 πεῖρα,
1594 4752 1704 4808 οἷον

143 4856 389 4925 ἔμψυχος
418 4853 735 4912 διδάσκαλος
781 4850 1174 4916 καθισταμένη,
1234 4848 1406 4915 μέγαν
1465 4847 1706 4916 ἐντίθησι

144 4947 292 5008 νοῦν,
335 4945 431 4995 καὶ
464 4943 904 5010 σωφρονέστερον
929 4942 1008 5002 εἰς
1033 4940 1300 5006 ἁρμονίαν
1355 4939 1700 5007 προδείκνυσι

147 5038 266 5106 βίου
295 5035 388 5087 τὸν
437 5033 742 5103 ἄνθρωπον.
799 5031 937 5099 Ἐγὼ
962 5032 1017 5084 δέ
1050 5047 1108 5082 σε
1143 5032 1235 5082 καὶ
1259 5029 1511 5096 φραγμὸν
1541 5030 1700 5080 οἱονεί

142 5146 266 5180 τινα
295 5127 485 5196 τίθημι
522 5126 618 5191 τῆς
665 5123 935 5191 ἡμετέρας
978 5112 1164 5192 -ἀρχῆς
1189 5123 1281 5174 καὶ
1337 5121 1708 5187 ἐπικρατείας,

143 5221 216 5284 ὡς
250 5218 454 5283 ἰξείναί
476 5202 588 5279 σοι,
614 5217 767 5284 δίκην
803 5215 1096 5282 προϐλῆτος
1126 5212 1575 5281 ἁναδεδειγμένῳ,
1610 5217 1708 5272 τὰς

145 5307 251 5366 οἷον
285 5309 343 5376 ἐξ
396 5307 623 5377 ἀχανοῦς
674 5306 942 5372 πελάγους
1012 5304 1116 5353 τῶν
1147 5303 1461 5371 Τριϐαλλῶν
1486 5369 1498 5379 .
1519 5319 1712 5369 τρικυ-

1803 837 1855 890 in
1879 838 2196 908 symphonia
2228 827 2321 890 aut
2353 839 2403 891 in
2432 839 2570 908 lyra,
2597 850 2719 908 apte
2747 853 2972 908 prorsus
3000 848 3054 892 et
3081 835 3360 906 aequabili-

1803 934 1883 982 ter
1907 929 2079 982 amba
2105 929 2476 983 concinerent.

1870 1103 1936 1160 tl.
1968 1105 2090 1161 llaec
2114 1122 2240 1162 cum
2277 1110 2348 1163 ita
2374 1122 2432 1163 se
2462 1109 2744 1176 haberent,
2778 1109 2947 1163 tilium
2985 1108 3093 1165 illic
3123 1111 3356 1178 impera-

1800 1199 2155 1266 torfprivatim
2183 1202 2436 1255 convenit
2463 1218 2477 1254 :
2509 1202 2781 1256 rationum
2813 1204 2865 1256 vi
2909 1214 2962 1255 et
2994 1203 3230 1270 paternis
3261 1203 3357 1254 ad-

1799 1289 2193 1346 monitionibus
2223 1293 2468 1347 altiorem
2503 1293 2631 1347 facit
2661 1294 2729 1348 iis
2769 1295 3197 1363 suspicionibus,
3237 1310 3360 1362 quae.

1801 1379 1970 1434 futuri
2003 1392 2150 1437 metu
2211 1384 2381 1452 plenae
2409 1401 2535 1440 eum
2566 1387 2839 1456 angebant
2879 1404 2891 1440 :
2927 1388 3087 1441 simul
3126 1388 3354 1442 Romani

1802 1470 2015 1538 imperii
2049 1481 2255 1540 partem
2294 1476 2547 1541 recisam,
2581 1478 2871 1546 regendam
2895 1477 2942 1532 ei
2985 1477 3224 1546 quandiu
3250 1479 3359 1532 vic-

1803 1561 2056 1614 turus'sit
2103 1565 2375 1633 assignat,
2407 1567 2559 1633 quasi
2611 1569 2942 1636 satrapicum
2977 1567 3264 1637 quemdam
3303 1579 3357 1620 et

1799 1652 2004 1705 nemini
2035 1653 2314 1708 subditum
2349 1657 2758 1724 principatum,
2824 1672 3021 1725 nempe
3077 1667 3134 1711 ut
3192 1659 3358 1710 tutior
3418 1671 3432 1690 κ

1799 1739 1908 1808 iam
1952 1752 2008 1797 et
2053 1743 2262 1797 firmior
2291 1745 2357 1799 ab
2406 1746 2473 1799 iis
2526 1764 2645 1816 qua:
2704 1747 3068 1809 formidabat,
3107 1749 3358 1816 periculis

1800 1847 1963 1900 quam
2023 1833 2334 1903 longissime
2375 1836 2635 1905 deinceps
2678 1839 2903 1893 viveret.
2941 1840 3166 1893 Patebat
3199 1855 3358 1908 porro

1800 1935 1861 1976 ea
1915 1923 2196 1990 provincia
2223 1965 2239 1989 ,
2275 1926 2327 1978 in
2382 1926 2602 1994 longum
2653 1927 2894 1996 quidem,
2921 1944 2949 1981 a
2982 1928 3357 1997 Didymoticho

1800 2014 2096 2084 zephyrum
2129 2031 2318 2071 versus
2357 2018 2422 2069 ad
2445 2017 2907 2086 Christopolitana
2948 2019 3191 2086 proxime
3229 2018 3359 2072 sub-

1799 2105 1988 2170 urbia;
2045 2106 2098 2160 in
2159 2106 2325 2160 latum
2377 2116 2603 2172 autem,
2643 2123 2672 2161 a
2709 2109 2845 2162 mari
2915 2109 2981 2161 ad
3038 2108 3356 2176 Oppidulum

1801 2195 2092 2250 Xanthiam
2119 2239 2133 2262 ,
2176 2209 2229 2250 et
2257 2199 2420 2266 paulo
2446 2199 2701 2252 ulterius.
2731 2197 2835 2253 Sed
2865 2210 2913 2252 et
2961 2199 3028 2254 iis
3061 2198 3361 2267 insignibus

1802 2289 2101 2357 “micsmlis
2142 2291 2218 2343 uti
2260 2292 2528 2359 permisit,
2565 2307 2684 2361 qua:
2715 2308 2971 2360 supremo
3016 2291 3233 2360 quidem
3263 2287 3360 2341 im-

1801 2381 1954 2447 perio
1983 2393 2168 2434 essent
2203 2383 2457 2436 inferiora
2479 2423 2494 2445 ,
2535 2385 2747 2439 ueteris
2781 2400 2911 2438 vero
2942 2386 3361 2454 quihuscunqne

1801 2473 1992 2526 altiora
2031 2473 2420 2542 dignitatibus;
2477 2476 2867 2545 prwcepitque,
2902 2487 2958 2530 ut
2989 2478 3115 2529 illud
3169 2478 3360 2546 imagi-

1803 2579 1925 2616 nem
1959 2565 2112 2631 quasi
2141 2572 2196 2616 et
2236 2565 2582 2618 occasionem
2615 2580 2735 2620 esse
2759 2566 2989 2620 duceret
3020 2566 3238 2634 majoris
3268 2581 3362 2634 po—

1805 2666 1940 2711 testa
1951 2658 2037 2710 tis.

1875 2837 1963 2891 lll.
2002 2853 2020 2886 ι
2059 2834 2181 2889 Tibi
2208 2835 2384 2894 enim.
2425 2834 2605 2904 inquit
2630 2873 2644 2895 .
2678 2836 2723 2890 si
2758 2835 2920 2906 815
2955 2837 3227 2903 sapienter
3256 2838 3356 2887 im-

1803 2944 1981 2999 peres,
2011 2939 2066 2982 et
2084 2943 2184 3000 ~ea,
2211 2928 2527 2998 quadecet,
2567 2929 2856 2996 prudentia
2909 2929 3172 2981 modicam
3222 2930 3362 2982 hanc

1805 3021 2143 3091 provinciam
2187 3019 2557 3082 administres,
2615 3019 2802 3071 licebit
2851 3018 3102 3081 fortasse,
3144 3019 3363 3084 majoris

2741 3117 2858 3160 tuas
2920 3124 3006 3161 res
3063 3109 3361 3174 provehere

1809 3204 1864 3256 in
1929 3200 2165 3264 melius,
2224 3200 2496 3268 simulque
2545 3200 2615 3253 iis
2665 3201 2757 3268 qui
2816 3199 3097 3252 intuentur
3147 3199 3196 3250 in
3269 3210 3358 3258 te.

1807 3304 1860 3348 et
1919 3293 2156 3347 honores
2225 3300 2347 3346 tuos
2401 3292 2580 3345 solent
2649 3301 2925 3358 utcunque
3005 3290 3106 3342 sibi
3179 3302 3363 3357 gratu-

1805 3386 1946 3450 lari,
2009 3399 2132 3454 spes
2193 3383 2248 3436 in
2307 3391 2357 3436 te
2405 3392 2613 3445 certas,
2647 3382 2788 3435 bono
2839 3382 3046 3435 scilicet
3096 3380 3238 3432 fonte
3269 3379 3364 3431 dc-

1808 3477 2031 3535 rivatas,
2058 3484 2113 3527 et
2139 3475 2351 3527 beatam
2376 3473 2540 3526 vitam
2573 3472 2926 3539 spondentes,
2956 3471 3223 3537 integrum
3257 3471 3363 3525 erit

1806 3567 2098 3621 collocare.
2143 3565 2272 3629 Quae
2303 3563 2450 3616 enim
2477 3563 2655 3617 virtus
2690 3561 2862 3615 otiosa
2899 3569 2978 3614 est
3008 3569 3060 3614 et
3087 3559 3221 3612 nihil
3269 3559 3361 3610 ha-

1808 3661 1894 3712 bet
1950 3674 2072 3711 cum
2129 3672 2238 3724 quo
2289 3655 2553 3720 luctetur,
2589 3669 2650 3709 ea
2705 3653 2942 3722 prmmiis
2980 3652 3276 3720 magnificis
3309 3664 3363 3704 ct

1807 3749 2112 3801 illustribus
2163 3747 2356 3814 palmis
2400 3761 2506 3798 non
2541 3746 2796 3798 donatur.
2829 3744 3094 3797 Nimirum
3130 3742 3361 3796 hominis

1807 3838 2242 3905 intelligentiam,
2276 3847 2330 3889 et
2377 3839 2616 3890 animum
2651 3836 2802 3888 illum
2833 3835 3061 3903 imperio
3113 3835 3358 3902 dignum.

1809 3947 1906 3986 nec
1937 3932 2073 3984 visio
2108 3931 2248 3995 ulla,
2282 3945 2382 3984 nec
2415 3929 2635 3983 vaticini
2685 3927 2946 3995 tripodes.
2985 3928 3026 3979 si
3074 3926 3362 3980 consulan-

1809 4034 1916 4088 tur,
1951 4028 2021 4077 ita
2055 4023 2271 4092 populis
2299 4008 2599 4084 declarant,
2633 4029 2692 4072 ut
2722 4035 2806 4082 ea,
2829 4034 2947 4086 qua:
2970 4019 3020 4069 in
3064 4033 3162 4069 usu
3194 4028 3248 4070 et
3272 4033 3361 4068 0c-

1805 4115 2118 4172 casionibus
2144 4115 2348 4177 elucet,
2373 4113 2642 4165 dictorum
2677 4111 3052 4176 factorumque
3079 4108 3362 4176 experien-

1805 4208 1903 4260 tia.
1954 4207 2032 4259 Ac
2081 4204 2270 4257 multis
2302 4202 2567 4271 quidem,
2624 4205 2752 4270 quia
2783 4209 2907 4254 sunt
2941 4215 3118 4252 rerum
3165 4200 3355 4260 rudes,

1804 4301 2020 4352 animus
2051 4297 2348 4367 imaginum
2381 4295 2578 4365 plenus
2600 4308 2820 4363 magnas
2841 4292 3046 4360 objicit.
3073 4290 3163 4344 sed
3190 4291 3372 4370 lii-tas,

1806 4391 2094 4444 felicitates
2145 4401 2199 4443 et
2230 4387 2633 4450 beatitudincs,
2669 4395 2728 4437 ut
2774 4384 3042 4452 pictorum
3078 4397 3265 4434 manus
3297 4382 3358 4433 ad

1806 4483 2020 4536 libitum
2073 4481 2340 4535 ludentes.
2373 4478 2642 4546 quidlibet
2695 4474 2972 4528 coloribus
3024 4475 3359 4542 exprinmnt.

1805 4571 1949 4629 Usus
1973 4581 2153 4624 autem
2180 4585 2384 4632 rerum,
2421 4568 2588 4621 veluti
2623 4568 2880 4636 magister
2925 4566 3102 4629 vivus,
3135 4561 3360 4618 multum

1808 4662 2177 4732 intelligentiae
2216 4659 2492 4722 infundit,
2515 4668 2570 4712 et
2604 4659 2851 4712 homines
2886 4657 2938 4708 in
2968 4657 3071 4708 vita
3094 4657 3366 4722 sapienti-r

1808 4753 2143 4808 instituenda
2171 4760 2442 4806 cautiores
2481 4760 2719 4818 pra-stat.
2757 4747 2864 4815 Ego
2890 4761 3018 4817 vero
3051 4746 3218 4798 nostri
3267 4747 3364 4796 im-

1809 4846 1944 4915 perii
1996 4857 2302 4913 ilOSU'iPQIIC
2355 4843 2578 4897 ditionis
2606 4854 2840 4915 murum
2883 4819 3037 4906 quasi
3077 4837 3363 4905 quemdam

1808 4913 2080 4996 statuote,
2119 4945 2178 4986 ut
2205 4934 2397 5000 possis,
2439 4913 2782 4998 rupisinstar
2816 4929 3149 4982 constitutus
3173 4927 3366 4980 adver-

1809 5039 1901 5076 sus
1936 5021 2132 5075 ﬂuctus
2179 5038 2244 5075 ex
2277 5021 2530 5072 Triballis
2575 5029 2829 5089 tanquam
2872 5037 2937 5074 ex
2995 5023 3213 5074 immani
3247 5034 3366 5086 pro-

1812 5114 1983 5167 fundo
2011 5113 2456 5172 effervescentes,
2494 5111 2589 5162 tibi
2631 5110 2850 5178 quidem
2883 5119 3207 5176 tropaeorum
3250 5106 3366 5158 illu-

1813 5206 2006 5258 strium
2047 5205 2387 5257 occasionem
2437 5213 2673 5270 paratam
2731 5199 2953 5262 habere,
2996 5197 3153 5250 nobis
3190 5207 3366 5248 autem

1815 5297 2164 5351 securitatem
2197 5304 2470 5364 pra'stare.
2504 5294 2638 5347 llinc
2666 5291 2754 5342 lict
2784 5291 2836 5342 in
2868 5290 3078 5358 primis,
3103 5297 3160 5341 ut
3180 5300 3367 5355 magna

149 5403 279 5472 μίας
311 5398 517 5468 σεαυτῴ
559 5400 655 5468 μὲν
709 5395 962 5466 ἀφορμὰς
1037 5394 1303 5462 λαμπρῶν
1357 5395 1557 5446 διδόναι
1595 5411 1702 5463 τρο-

1818 5389 1915 5442 tibi
1971 5387 2041 5441 ab
2073 5387 2218 5440 omni
2277 5386 2647 5439 Romanorum
2704 5395 2901 5451 genere
2955 5381 3173 5433 laudum
3215 5389 3358 5444 δυκερ

1480 5536 1816 5596 Variorum
1851 5540 2038 5594 notae.

214 5683 332 5755 (8|)
376 5678 496 5755 Τῶν
525 5673 668 5730 κατὰ
704 5675 1032 5746 Χαλκιδικὴν
1076 5673 1278 5727 πόλεων
1308 5669 1688 5741 praefecturam

1804 5677 1907 5724 tam
1944 5666 2195 5724 Mattltazo
2262 5667 2370 5723 filio
2432 5665 2635 5733 indicat
2693 5665 3104 5722 Cantacuzcnus
3141 5661 3238 5716 lib.
3293 5677 3366 5716 iw

145 5752 269 5825 cap.
296 5756 382 5808 lt).
414 5752 650 5804 Ducam.

396 5843 668 5904 Ριτιοι..
699 5840 815 5900 Gtt.
850 5838 1136 5901 CXLVlll

2879 5825 2950 5886 3h
