4020 6334
245 459 390 529 10⁸13
600 463 677 536 [Δ.
716 480 766 520 c.
813 464 970 539 1547]

1223 474 1668 540 ΒῩΖΑΝἹἹΝΔΞ
1700 479 2087 544 HISTORIA!
2123 484 2269 548 LlB.
2308 484 2462 548 XVI.

3301 477 3450 542 1074

2555 478 2689 550 [ιιιρ.
2729 495 2772 531 ι.
2815 494 3105 533 αικτιιῖυχ.
3154 478 3206 550 ί]

245 589 348 638 καὶ
375 585 530 638 τοῦτό
582 604 673 655 μοι
718 588 826 641 τῶν
870 589 1210 659 μοχθούντων
1243 592 1520 663 λογισμῶν
1554 595 1795 664 ἐγίγνετο

1903 613 2065 666 quam
2101 598 2387 654 contraria:
2420 598 2671 652 factionis
2720 597 3008 651 Telchines
3056 595 3455 663 improbisshne

245 673 539 742 κατάλυμα
577 674 826 744 τερπνὸν,
865 677 961 731 καὶ
1009 679 1304 748 φροντίδων
1347 681 1676 759 ὁλισθαίνειν
1719 687 1800 748 είς

241 762 557 830 ἀπόγνωσιν
615 764 1034 820 κινδυνευονσῶν
1089 769 1262 839 πρᾶός
1317 771 1402 833 τις
1453 774 1548 826 καὶ
1610 774 1802 843 γέμων

240 849 583 920 εὐφροσύνης
637 853 910 924 ζέφυροςο
964 858 1214 929 οίομένῳ,
1277 861 1528 933 καθάπερ
1581 864 1642 916 τὸ
1699 863 1800 936 Εαρ

240 943 564 1013 ἐλευθερίαν
619 946 730 999 τῶν
783 952 1077 1017 χειμερίων
1138 951 1315 1018 νεφῶν
1367 955 1488 1014 ταῖς
1548 954 1801 1023 ἡλιακαῖς

239 1032 430 1084 ἀκτῖσι
487 1033 820 1100 παρέχεται,
876 1034 1048 1099 οὕτως
1106 1039 1421 1109 ἐλευθερίαν
1474 1044 1576 1109 τῆς
1639 1060 1801 1096 κατε-

240 1118 447 1189 χούσης
486 1121 627 1192 ὑπὲρ
666 1123 777 1174 τῶν
821 1123 978 1178 θείων
1008 1127 1292 1197 δογμάτων
1323 1130 1501 1199 λύπης
1546 1134 1801 1202 εὑρήσειν

238 1205 410 1272 κάμέ.

317 1299 389 1352 Δ¹.
434 1299 584 1351 Ἐπεὶ
610 1298 656 1352 δ’
684 1301 760 1363 ὡς
786 1304 1126 1375 πορρωτάτω
1153 1307 1256 1378 τῆς
1297 1295 1439 1379 ἐμῆς
1469 1312 1568 1382 ήδη
1598 1315 1802 1384 ἀπόδη-

224 1405 349 1464 μον
402 1390 624 1459 γνώμης
683 1392 869 1462 ἑώρων
908 1397 1087 1462 αὑτὸν,
1139 1401 1233 1452 καὶ
1286 1399 1348 1471 τὸ
1400 1404 1510 1457 τῶν
1561 1406 1799 1473 εὐγενῶν

237 1477 468 1530 ἐκείνων
500 1478 730 1533 ἐλπίδων
776 1482 972 1536 ἀνθοῦν
1021 1484 1344 1557 ἐνδιαίτημα
1395 1493 1798 1561 μαραινόμενόν

234 1580 304 1616 τι
332 1564 424 1617 καὶ
468 1568 534 1636 τῇ
577 1567 678 1637 τῆς
708 1571 959 1634 ἐναντίας
986 1574 1183 1644 μοίρας
1219 1576 1387 1647 κακίᾳ
1430 1581 1798 1650 παραχωροῦν

234 1669 301 1706 τε
327 1655 420 1708 καὶ
450 1656 703 1722 καθάπαξ
740 1661 1076 1730 ἡττώμενον,
1113 1665 1387 1733 βέλτιστον
1417 1668 1629 1736 ἐνδοξεν
1657 1663 1797 1726 sive!

237 1761 357 1814 μοι,
389 1747 485 1811 τὰς
533 1749 641 1802 τῶν
691 1751 974 1823 ζητήσεων
1020 1755 1189 1820 ἀλλας
1239 1757 1420 1824 ἀλλοις
1471 1758 1798 1832 παρακεχω-

235 1837 431 1907 ρηκὸτι
485 1843 835 1911 περιφανῶς,
887 1847 1081 1902 ὁπόσαι
1143 1849 1246 1919 τὴν
1310 1847 1420 1905 τῶν
1484 1854 1795 1921 ἀναγκαίων

1908 686 2257 742 ventilabam.
2297 687 2539 756 Eratque
2589 687 2719 741 illud
2765 685 2894 740 mihi
2943 686 3239 739 laborantis
3286 686 3454 740 animi

1903 785 2115 846 gratum
2146 779 2299 848 quasi
2340 778 2723 840 diversorium,
2752 792 3115 844 curarumque
3147 777 3211 830 ad
3255 777 3454 845 despc-

1904 868 2170 922 rationem
2201 869 2536 938 vergentium
2570 869 2835 935 solamen,
2864 869 3097 937 zephyro
3142 868 3246 921 leni
3289 879 3340 922 et
3367 869 3455 936 ju-

1903 943 2271 1012 cundo‘ltaud
2317 959 2582 1012 absimilc.
2620 959 2880 1012 Putabam
2929 960 3157 1019 scilicet,
3190 960 3456 1025 quemad-

1903 1048 2122 1101 modum
2158 1064 2253 1103 ver
2304 1048 2544 1103 hibernis
2574 1049 2813 1101 nubibus
2856 1048 3048 1100 liberat
3078 1048 3210 1101 solis
3254 1050 3451 1105 radios.

1903 1138 1919 1192 i
1950 1154 1979 1192 a
2012 1147 2069 1192 et
2097 1155 2183 1192 me
2218 1139 2502 1192 liberatum
2533 1120 2597 1190 iri
2622 1154 2687 1190 eo
2713 1153 2965 1200 maerore,
2984 1154 3143 1206 quem
3168 1154 3263 1206 pro
3284 1140 3454 1191 sacris

1902 1229 2170 1298 dogmatis
2197 1229 2583 1296 suscepissem.

1971 1309 2389 1387 lVfPostquam
2421 1330 2600 1373 autem
2630 1321 2987 1374 animadverti
3018 1319 3450 1372 Cantacuzennm

1899 1409 2213 1478 longissime
2245 1410 2312 1462 ab
2342 1411 2608 1462 sententia
2639 1426 2754 1463 mea
2784 1411 3060 1471 recedere,
3086 1419 3140 1461 et
3168 1411 3453 1476 przeclaras

1901 1502 2020 1557 illas
2043 1518 2188 1572 spes,
2214 1517 2334 1571 quae
2373 1503 2500 1556 mihi
2539 1503 2729 1556 ﬂorum
2772 1505 2942 1556 instar
2971 1520 3088 1558 sese
3122 1504 3453 1558 obtulerant.

1901 1609 2259 1657 marcescere,
2295 1609 2356 1646 ac
2406 1593 2577 1662 partis
2629 1594 2870 1648 adversa:
2921 1596 3239 1663 malignitati
3287 1598 3453 1648 semel

1900 1683 2123 1738 omnino
2168 1685 2338 1738 victas
2377 1684 2601 1750 cedere;
2659 1686 2922 1753 optimum
2967 1700 3088 1738 esse
3142 1686 3267 1737 duxi
3324 1687 3456 1737 alias

1900 1772 2188 1844 petitiones
2232 1774 2353 1828 aliis
2398 1774 2558 1843 plane
2593 1775 2923 1844 relinquere,
2957 1791 3050 1830 cas
3097 1792 3290 1843 nempe
3334 1793 3453 1844 qua:

1871 1863 1964 1916 'ad
2021 1863 2443 1932 comparandam
2507 1879 2689 1918 rerum
2754 1868 3186 1919 necessariarum
3238 1868 3451 1933 copiam

233 1932 484 1998 πορίζειν
523 1933 738 2003 ἔχουσιν
782 1936 1011 2004 ἔνδειαν,
1053 1939 1145 1992 ἐπὶ
1199 1942 1259 1994 τὸ
1314 1919 1611 2014 προμηθὲς
1631 1947 1795 2015 ὁμόσε

1902 1953 2253 2020 pertinerent,
2287 1953 2339 2006 in
2371 1969 2490 2008 eam
2536 1965 2714 2009 autem
2757 1972 2942 2010 curam
2994 1957 3311 2010 incumbere
3343 1974 3447 2018 me,
3518 2001 3519 2004 η

235 2021 338 2088 τῆς
357 2023 450 2076 τοῦ
477 2025 630 2092 φίλου
653 2029 1026 2098 κεχωρηκέναι
1057 2031 1256 2102 ψυχῆς.
1295 2034 1636 2105 Στρατόπεδα
1665 2038 1793 2107 γὰρ,

233 2111 315 2174 ὡς
340 2115 532 2179 εἰπεῖν,
569 2116 844 2184 λογισμῶν
871 2122 1228 2174 παντοδαπῶν
1262 2125 1354 2177 καὶ
1382 2127 1663 2190 ποικίλων,
1700 2125 1793 2199 ὑφ’

235 2202 466 2268 ἡγεμόνι
495 2204 572 2273 τῷ
597 2205 746 2275 ζήλῳ
793 2207 888 2260 τοῦ
920 2209 1230 2280 κρείττονος
1261 2214 1323 2264 ὲν
1366 2217 1490 2283 ἐμοὶ
1517 2218 1796 2290 διηνεκῶς

235 2296 706 2363 συγκροτούμενα,
751 2297 980 2353 θανάτου
1026 2304 1305 2371 γέμουσαν
1353 2301 1499 2360 εῖναι
1554 2310 1651 2378 τὴν
1713 2315 1799 2362 ἐν·

231 2383 429 2437 ⁴ταυθοῖ
490 2387 703 2457 σιωπήν
757 2388 1109 2458 ὑπετίθεντο,
1176 2396 1427 2464 σώματος
1501 2402 1601 2468 μὲν
1666 2400 1796 2463 ίσως

231 2473 458 2543 ἥκιστα,
482 2475 658 2546 ψυχῆς
689 2495 753 2546 γε
787 2481 894 2550 μὴν
930 2484 1025 2535 καὶ
1055 2483 1200 2552 μάλα
1228 2486 1489 2552 μάλιστα.
1514 2490 1662 2558 Μηδὲ
1691 2495 1796 2559 γὰρ

233 2567 533 2634 ἀφεστάναι
559 2568 780 2637 δειλίας,
806 2573 1086 2642 αἰσχίστου
1133 2579 1463 2646 νοσήματος,
1489 2581 1550 2634 τὸ
1580 2583 1672 2634 τὸν
1701 2585 1794 2636 τοῦ

233 2655 402 2725 ζήλου
445 2657 718 2728 θησαυρὸν
772 2661 986 2733 ἀφωνία
1039 2667 1229 2736 μακρᾷ
1276 2665 1620 2738 θαλαμεύειν,
1671 2673 1796 2741 μηδ’

233 2742 303 2800 αῦ
333 2749 547 2816 ἀγνοεῖν
597 2751 767 2817 ἡμᾶς,
804 2750 888 2823 [Ρ.
922 2754 1052 2826 518]
1100 2758 1192 2809 τὸν
1219 2758 1290 2810 ,ὲν
1338 2762 1414 2828 τῷ
1464 2763 1563 2829 τῆς
1593 2763 1797 2829 δειλίας

237 2839 417 2908 σκότῳ
463 2842 837 2912 κρυπτόμενον
879 2846 1044 2900 πόθον
1070 2849 1179 2902 τῶν
1228 2851 1450 2918 ἀγαθῶν
1483 2855 1680 2924 ἥκιστα
1708 2858 1796 2909 δύο

233 2933 431 3016 νασθαι
463 2936 690 2989 συνιδεῖν
719 2937 820 3007 τὴν
851 2938 950 3008 τῆς
978 2940 1114 2994 Θεοῦ
1159 2935 1479 3014 ’παρρησίας
1514 2948 1793 3016 ἀλήθειαν.

233 3015 307 3091 ’ᾳ
357 3023 466 3092 γὰρ
515 3028 818 3092 προφάσεις
875 3030 1040 3098 δῆθεν
1089 3033 1346 3101 εὐλόγους
1407 3038 1548 3107 ὑπὲρ
1595 3015 1796 3106 δειλίας

233 3109 496 3194 πλάττειν
527 3111 610 3181 είη
647 3113 905 3180 ἐθέλοντι,
942 3117 1034 3170 τὸν
1071 3119 1372 3190 ἀκοίμητον
1401 3126 1633 3194 οίομένῳ
1672 3129 1795 3183 λαν-

234 3188 418 3248 θάνειν
443 3197 720 3266 ὀφθαλμὸν
751 3199 844 3253 τοῦ
876 3203 1033 3270 Θεοῦ,

235 3289 428 3341 ἑαυτὸν
485 3290 720 3353 suam;
771 3295 866 3346 καὶ
933 3298 1056 3349 καθ’
1111 3300 1305 3354 ἑαυτοῦ
1361 3305 1795 3372 στρατευόμενος

234 3382 517 3452 ἄντικρυς.
552 3384 816 3439 Τοσοῦτον
840 3379 948 3457 γ’ἆρ
977 3389 1251 3460 διαφέρειν
1285 3396 1342 3457 ἐς
1369 3397 1468 3463 τὴν
1498 3397 1590 3450 τοῦ
1618 3399 1796 3467 κρείτ-

231 3490 386 3536 τονος
439 3479 634 3544 μοῖραν
687 3479 868 3546 οῐομαι
909 3482 1008 3551 τὴν
1064 3487 1380 3554 παρρησίαν
1425 3489 1659 3542 ἐνταῦθα
1695 3483 1795 3558 τῆς

235 3565 466 3633 σκοπῆς,
503 3566 612 3636 ὅσῳ
644 3569 751 3620 τῶν
783 3571 846 3622 ὲκ
887 3572 990 3637 γῆς
1023 3577 1309 3640 φυομένων
1348 3579 1522 3630 ὁπόσα
1568 3581 1701 3650 πρὸς
1737 3585 1794 3635 τὸ

233 3655 479 3725 αἰθέριον
505 3661 823 3728 μετεωρίζει
857 3659 970 3729 φῶς
1001 3665 1128 3726 τοὺς
1169 3667 1418 3736 καρποὺς
1452 3669 1560 3722 τῶν
1593 3674 1650 3723 ἐν
1682 3675 1796 3735 τοῖς

235 3748 456 3809 κόλποις
507 3750 604 3818 τῆς
659 3753 864 3820 μητρὸς
913 3753 1014 3821 γῆς
1071 3758 1502 3826 ταμιευομένων.
1569 3762 1795 3817 Ἐκεῖνοι

238 3839 341 3905 μὲν
371 3839 477 3904 γὰρ
525 3841 616 3890 καὶ⁵
657 3842 763 3907 πρὸ
796 3842 1037 3907 γεύσεως
1070 3845 1341 3914 δσφρησίν
1375 3865 1435 3901 τε
1474 3851 1566 3903 καὶ
1597 3853 1797 3920 ὀφθαλ-

238 3929 342 3996 μὸν
374 3929 590 3981 ἑστιῶσι
622 3929 908 3998 λαμπρῶς,
936 3935 1040 3985 καὶ
1073 3937 1391 4003 χαρίζονται
1430 3956 1492 4006 γε
1525 3927 1666 4010 ἀφῇ,
1702 3948 1795 3998 καὶ

232 4017 478 4087 τέρψεως
510 4021 699 4089 σχεδὸν
728 4023 940 4092 ἀπάσης
973 4026 1214 4088 ἀπάσαις
1238 4030 1525 4099 αίσθήσεσι
1556 4035 1793 4098 γίνονται

235 4110 500 4178 ἄγαλμα·
552 4112 758 4166 τούτων
809 4115 864 4168 δὲ
918 4117 1017 4170 οὐκ
1069 4120 1390 4188 εὐπρόσοδον
1450 4127 1496 4176 οἱ
1555 4128 1795 4182 πλεῖστοι

233 4204 357 4262 ταῖς
388 4204 723 4273 αἰσθήσεσιν,
755 4207 864 4259 οὐδ’
897 4210 1086 4280 ἱλαράν
1129 4229 1188 4263 τε
1242 4215 1334 4265 καὶ
1378 4216 1580 4270 ἄλυπον
1617 4239 1793 4287 παρκ-

234 4296 425 4372 χρῆμα
474 4298 808 4366 προσάγουσι
846 4303 958 4362 τοῖς
994 4303 1254 4372 χρῄζουσι
1313 4307 1410 4373 τὴν
1457 4311 1667 4361 ἑαυτῶν
1704 4331 1795 4378 φο-

237 4389 361 4460 ρὰν,
395 4388 513 4443 ἀλλ’
552 4390 678 4459 ὃλην
731 4391 858 4458 ὅλης
911 4391 986 4454 ὡς
1033 4394 1097 4444 τὰ
1155 4396 1324 4448 πολλὰ
1372 4397 1701 4466 δριμύτητὸς
1735 4421 1790 4453 τε

235 4481 334 4532 καὶ
366 4478 626 4557 δυσωδίας
657 4481 859 4548 σφόδρα
894 4483 1224 4545 ἀπόζουσαν.
1264 4486 1470 4551 Ἄλλως
1498 4507 1554 4540 τε
1587 4497 1679 4542 καὶ
1710 4489 1787 4556 οἷς

1896 2059 2016 2111 quae
2050 2044 2213 2100 amici
2237 2045 2448 2099 Ianimae
2477 2037 2805 2104 consuleret.
2853 2047 3219 2118 Cogitationes
3251 2051 3451 2117 quippe

1898 2135 2226 2204 multiplices
2267 2125 2323 2190 et
2345 2136 2510 2191 variae
2544 2138 2596 2190 in
2638 2139 2820 2192 animo
2853 2155 2996 2204 meo,
3032 2141 3179 2194 velut
3210 2142 3451 2209 legiones

1896 2227 2163 2295 quzedam,
2191 2227 2567 2282 laudabilioris
2594 2229 2693 2283 zeli
2723 2230 2984 2299 auspiciis
3009 2232 3453 2301 glomerabantur

1897 2328 2183 2388 perpetuo,
2221 2330 2382 2388 atque
2418 2311 2522 2374 hoc
2551 2321 2670 2374 loco
2700 2321 2999 2387 silentium,
3028 2323 3071 2375 si
3104 2323 3282 2376 minus
3312 2324 3453 2377 forte

1897 2411 2394 2477 corpori,.‘animaa
2445 2422 2594 2465 certe
2658 2412 2994 2466 mortiferum
3049 2429 3273 2482 prorsus
3329 2430 3452 2469 esse

1897 2501 2297 2554 submonebant
2339 2517 2352 2553 :
2394 2514 2493 2554 nec
2535 2501 2679 2555 enim
2716 2501 2919 2556 distare
2966 2503 3033 2556 ab
3080 2504 3310 2572 ignavia,
3355 2506 3448 2574 qui

1898 2593 2124 2645 morbus
2152 2592 2498 2661 turpissimus
2523 2602 2628 2656 εει,
2663 2593 2770 2647 alto
2795 2594 3013 2648 silentio
3049 2583 3318 2663 sepultum
3347 2597 3450 2650 zeli

1899 2667 2244 2744 thesaurum;
2296 2696 2472 2749 neque
2520 2682 2682 2735 etiam
2727 2681 2890 2750 822
2935 2683 3143 2736 nescire
3193 2698 3311 2748 nos,
3346 2701 3455 2739 non

1898 2787 2059 2841 posse
2085 2787 2323 2826 amorem
2354 2772 2500 2836 boni,
2529 2774 2574 2826 si
2611 2774 2920 2828 timiditatis
2952 2774 3003 2826 in
3048 2775 3289 2828 tenebris
3315 2775 3453 2829 deli-

1899 2872 2152 2927 tesceret,
2180 2862 2407 2917 sincera:
2440 2863 2564 2917 ﬁdei
2597 2865 2878 2918 veritatem
2910 2879 3254 2933 cognoscere.
3279 2866 3454 2918 Nitni-

1897 2965 2018 3004 rum
2051 2953 2142 3021 qui
2182 2954 2497 3023 pervigilem
2528 2954 2624 3008 Dei
2652 2957 2867 3014 oculum
2902 2972 3124 3025 sperans
3156 2957 3264 3010 falli
3293 2970 3450 3023 posse

1896 3048 2205 3115 speciosum
2241 3049 2371 3101 velit
2406 3048 2682 3105 timiditati
2728 3065 2838 3103 suae
2886 3059 3206 3119 praztextum
3256 3049 3451 3102 obten-

1897 3137 2050 3199 dere,
2084 3139 2129 3192 is
2175 3138 2279 3193 sibi
2331 3139 2434 3208 ipsi
2485 3139 2804 3207 imprudens
2842 3141 3183 3193 manil‘estum
3224 3140 3451 3194 exitium

1074 3207 1266 3277 λέληθε
1307 3214 1598 3280 προφανῶς
1630 3217 1791 3279 αὐτὸς

1899 3229 2179 3293 moliatur,
2209 3239 2262 3284 et
2308 3229 2363 3283 in
2418 3245 2477 3285 se
2511 3230 2685 3300 ipsum
2723 3231 2901 3307 palam
2945 3245 3097 3283 arma
3149 3240 3449 3285 convertat.

1898 3321 2105 3390 Quippe
2147 3323 2199 3375 in
2248 3323 2514 3391 ejusmodi
2561 3325 2776 3377 casibus
2823 3331 2970 3377 tanto
3010 3324 3449 3379 excellentiorem

1896 3429 2016 3468 esse
2047 3413 2296 3467 existimo
2329 3431 2515 3468 vocem
2546 3415 2787 3478 silentio,
2822 3425 3025 3483 quanto
3055 3417 3226 3469 eLiis
3267 3417 3450 3477 rebus,

1897 3519 2017 3572 qua:
2057 3520 2088 3558 a
2117 3513 2261 3558 terra
2306 3505 2617 3573 gignuntur,
2655 3505 2777 3568 illae,
2810 3522 2930 3575 quzc
2974 3504 3184 3559 fructus
3216 3521 3345 3559 suos
3388 3507 3454 3559 ad

1897 3595 2019 3648 coeli
2073 3595 2255 3649 lumcu
2304 3596 2578 3658 attollunt.
2615 3599 3016 3663 prmstantiores
3055 3606 3182 3650 sunt
3215 3597 3299 3658 iis,
3334 3613 3453 3664 quae

1900 3677 2056 3737 terra!
2084 3685 2272 3738 matris
2301 3683 2354 3737 in
2390 3685 2511 3737 sinu
2543 3685 2933 3739 reconduntur.
2959 3687 3066 3739 lllre
3091 3687 3301 3740 scilicet
3326 3689 3454 3738 odo-

1899 3784 2077 3828 ratum
2125 3785 2510 3844 aspectumque
2541 3776 2822 3844 splendide
2869 3786 3094 3845 pascunt
3129 3777 3292 3829 etiam
3328 3787 3454 3829 ante

1898 3875 2194 3932 gustatum,
2219 3875 2272 3917 et
2304 3865 2470 3917 tactni
2502 3865 2878 3927 blandiuntur,
2911 3876 2962 3917 ct
2989 3867 3134 3920 omni
3165 3867 3331 3917 l'ertne
3359 3882 3453 3915 γυ-

1901 3955 2103 4027 luplale
2146 3970 2333 4009 omnes
2378 3971 2570 4010 sensus
2615 3956 2911 4010 oblectant.
2946 3956 3146 4009 llarntu
3181 3973 3307 4009 vero
3336 3957 3451 4024 pleo

1900 4057 2079 4111 neque
2115 4059 2216 4098 nec
2241 4043 2455 4115 facilem
2481 4045 2650 4106 aditu,
2687 4060 2786 4098 nec
2814 4045 3138 4114 jucundum,
3175 4061 3272 4098 nec
3302 4060 3450 4097 aina-

1901 4137 2159 4189 ritudiuis
2188 4147 2487 4203 expertem,
2518 4135 2751 4189 fructum
2779 4152 2936 4190 suam
2971 4139 3153 4189 statim
3189 4140 3455 4202 cupienti-

1901 4227 2001 4278 bus
2034 4227 2324 4288 exhibent;
2368 4227 2460 4278 sed
2504 4239 2672 4278 totum
2725 4237 2782 4278 ut
2833 4227 3123 4295 plurimum
3164 4243 3344 4278 aerem
3398 4240 3453 4276 τι

1899 4317 2320 4381 graveolentetn.
2373 4319 2448 4368 At:
2494 4319 2558 4371 iis
2613 4317 2855 4384 quidem,
2907 4333 3045 4385 quos
3091 4317 3181 4384 illa
3234 4320 3452 4370 ιίίιζυιιιίί

1901 4407 2148 4458 libertate
2184 4408 2256 4458 uti
2291 4409 2516 4474 tempori
2553 4409 2654 4476 ipsi
2681 4407 2860 4461 minus
2890 4421 3311 4472 consentaneum
3346 4422 3450 4463 est.

1902 4498 2233 4563 probabilem
2269 4499 2673 4552 excusationem
2708 4499 2961 4568 relinqui,
2999 4494 3062 4552 ad
3114 4516 3274 4569 quam
3319 4518 3449 4552 cnn-

238 4570 316 4641 μή
346 4567 485 4622 εἶναι
515 4572 826 4640 παρρησίαν
866 4573 1000 4642 ὁμοῦ
1045 4577 1154 4638 τοῖς
1183 4581 1392 4645 καιροῖς
1423 4580 1634 4645 ἕπεται,
1671 4587 1794 4636 τού-

1897 4590 2125 4658 fugiant,
2158 4592 2467 4660 paucissimi
2503 4603 2664 4646 erunt
2691 4594 2906 4661 opinor,
2951 4603 3043 4644 aut
3082 4567 3262 4660 potius
3295 4585 3448 4650 “ut”.

233 4679 349 4724 τοις
386 4661 556 4730 δήπου
596 4667 688 4714 καὶ
731 4663 1163 4733 εὐπροφάσιστὸν
1208 4685 1326 4721 τινα
1371 4670 1552 4740 χώραν
1604 4674 1796 4727 ἀπολο-

236 4755 364 4823 γίας
394 4755 470 4816 είς
495 4754 795 4824 ἀπόδρασιν
822 4758 1126 4819 λείπεσθαι,
1149 4760 1370 4829 βραχεῖς
1392 4781 1543 4826 τινας
1577 4767 1789 4829 πάντως

237 4849 271 4919 ἦ
306 4852 540 4919 μηδένας
570 4849 708 4904 εἶναι
736 4853 860 4914 τοὺς
899 4853 1258 4921 ἀντεροῦντας
1288 4850 1468 4930 οἶμαι.
1497 4859 1648 4927 Mitte
1688 4864 1793 4928 γὰρ

238 4940 569 5010 παρρησίαν,
588 4938 654 5002 ἧς
685 4942 929 5010 θεμέλιος
957 4946 1207 5008 ἄσεισιος
1247 4950 1612 5017 προειληφυῖα
1643 4952 1791 5018 γίνεέ

227 5043 326 5080 ,ται
371 5027 544 5096 φιλία,
576 5031 684 5081 τῶν
727 5036 1112 5102 προσηκόντων
1167 5036 1354 5105 πόρρω
1396 5041 1624 5107 καιρῶν,
1656 5042 1793 5110 μήτε

245 5122 466 5188 καιροὺς
513 5122 821 5190 παρρησίας
870 5124 1129 5192 τοιαύτης
1175 5128 1302 5178 ἄνευ
1348 5130 1558 5190 ἐντελές
1597 5148 1646 5183 τι
1700 5135 1791 5184 65‘-

244 5216 435 5266 νασθαι
463 5213 617 5282 δρᾷν.
643 5209 793 5266 Εἶναι
815 5213 920 5282 γὰρ
952 5215 1044 5266 καὶ
1071 5217 1382 5286 παρρησίαν
1411 5218 1591 5285 φιλίας
1626 5225 1794 5291 χωρὶς

241 5304 532 5372 ἀμαυρόν*
567 5306 659 5356 καὶ
710 5301 777 5359 αὖ
835 5308 1046 5376 καιρὸν,
1083 5310 1286 5375 ἀμφοῖν
1331 5310 1562 5363 ἐκείνοιν
1613 5313 1795 5367 λειπό-

243 5412 426 5465 μενον.
458 5397 734 5467 περαίνειν
769 5396 844 5466 μὴ
875 5397 1135 5466 δύνασθαι
1178 5399 1288 5452 τῶν
1329 5400 1558 5454 δ-ὁντ‹σ›ν
1604 5406 1790 5476 μηδέν.

223 5485 414 5555 ’Ἥμῖν
442 5485 508 5550 δ’,
538 5479 618 5547 οἷς
645 5487 707 5540 τὸ
756 5489 976 5558 θαρρεῖν
1021 5493 1086 5543 ὲκ
1119 5491 1412 5554 πολυετοῦς
1441 5494 1638 5563 ἐκείνῳ
1671 5515 1796 5550 συν-

242 5581 541 5652 τέθραπται
565 5579 747 5649 φιλίας
777 5584 872 5635 καὶ
897 5585 1134 5652 ὁμιλίας,
1172 5586 1374 5639 ἄτοπον
1407 5582 1550 5639 εἶναι
1595 5589 1789 5656 ἐδόκει,

246 5680 422 5747 σιωπῇ
480 5676 841 5745 καθυφεῖσθαι
887 5679 1014 5740 τοὺς
1049 5679 1172 5742 ,τῶν
1223 5680 1539 5749 ἀναγκαίων
1593 5683 1650 5746 ἐς
1695 5686 1794 5754 τὴν

246 5767 433 5836 χρείαν
467 5768 710 5840 καιρούς.

318 5859 391 5912 ἕλ’.
424 5861 587 5916 Ὀθεν
638 5859 852 5932 ὁμιλίας
877 5860 1030 5915 ἓνεκε
1059 5863 1153 5916 καὶ
1196 5862 1293 5917 νῦν
1343 5863 1510 5936 συχνὰ
1543 5865 1793 5921 καλοῦντι

1896 4683 1989 4748 qui
2042 4681 2360 4752 inlitieutur.
2408 4682 2516 4735 Nec
2549 4685 2695 4737 enim
2733 4683 2952 4737 dicendi
2999 4683 3246 4743 libertas,
3295 4688 3450 4754 cujus

1895 4780 1979 4823 cst
2021 4770 2431 4824 fundamentum
2471 4773 2848 4826 inconcussum
2895 4789 2958 4825 ea
3000 4789 3120 4841 qua:
3161 4788 3451 4830 antecessit

1894 4860 2153 4926 amicitia,
2188 4862 2396 4930 absque
2428 4873 2738 4932 opportuno
2788 4874 3056 4934 tempore,
3105 4883 3202 4918 nec
3239 4878 3450 4930 tempus

1894 4962 2261 5018 opportunum
2311 4954 2518 5022 absque
2561 4955 2649 5008 illa
2695 4957 2913 5010 dicendi
2966 4959 3214 5009 libertate
3270 4968 3446 5022 potest

1893 5040 2191 5109 quidquam
2224 5042 2448 5110 perfecti
2483 5043 2726 5101 eﬂiecre:
2761 5046 2804 5097 si
2839 5044 3056 5112 quidem
3087 5043 3197 5111 ipsa
3228 5045 3443 5096 dicendi

1893 5130 2137 5194 libertas,
2171 5134 2215 5187 si
2247 5133 2388 5187 absit
2421 5134 2681 5196 antiritia,
2713 5135 2829 5188 leve
2881 5136 3138 5202 quiddam
3189 5149 3244 5188 ιιι
3290 5139 3445 5187 t‘ntile

1892 5232 2004 5286 est;
2039 5227 2294 5291 temporis
2319 5232 2496 5275 autem
2523 5227 2920 5291 Opportunitas,
2948 5227 3150 5295 dupliti
3181 5230 3270 5281 illo
3300 5234 3446 5278 anxi-

1895 5313 1969 5367 lio
2001 5315 2281 5375 destituta,
2309 5312 2764 5382 nihilquidquam
2793 5331 2977 5369 eorum
3003 5334 3121 5389 qua:
3144 5332 3279 5384 opus
3299 5329 3447 5380 sunt,

1895 5415 2074 5477 potest
2122 5405 2404 5475 perlicere.
2441 5407 2604 5478 823
2649 5409 2817 5463 Nobis
2854 5427 3000 5472 vero,
3052 5411 3141 5477 qui
3187 5425 3308 5462 cum
3359 5413 3449 5462 illo

1896 5500 2128 5554 ﬁdenter
2155 5502 2311 5568 agerc
2343 5486 2782 5563 consuessentus,
2821 5518 2916 5568 pro
2956 5502 3153 5555 veteris
3194 5503 3453 5555 amiciti»;

1896 5581 2550 5662 familiarimtisquejurc,
2572 5591 2869 5645 absurdum
2901 5591 3202 5654 videbatur,
3231 5593 3447 5648 Sllcmin

1896 5694 2083 5736 nostro
2127 5683 2322 5753 negligi
2371 5683 2833 5752 opportunitatem
2883 5699 2945 5737 ea
3008 5684 3278 5747 faciendi,
3327 5703 3449 5754 qua:

1893 5784 2073 5830 essent
2105 5776 2429 5832 necessaria.

1959 5865 2023 5920 V.
2054 5866 2419 5933 Quamobrem
2455 5869 2801 5938 colloquendi
2833 5873 3006 5940 gratia
3041 5887 3165 5926 cum
3211 5873 3448 5930 subinde
