4020 6334
657 426 792 491 1079
963 424 1038 498 [Α.
1080 442 1136 480 ιι.
1178 425 1341 493 6836,
1386 441 1495 482 mn.
1539 428 1591 501 ι]
1849 429 2244 494 NICEPIIORT

2258 431 2264 489 ί
2301 429 2686 492 ϐηεδοωε
2964 421 3095 496 ζει).
3132 419 3578 488 ι.ἐλιιτλεοι.;⁴
3737 424 3845 490 1οΕ0

652 542 940 610 proposito
977 557 1078 596 suo
1121 553 1525 609 consentanea,
1579 553 1744 613 atque
1786 559 1847 598 ea
1892 543 2214 613 pnesertim,

2262 553 2289 606 Α
2319 546 2389 597 τά
2416 562 2474 599 τε
2506 544 2641 599 ἄλλα
2693 542 2894 613 δηλαδὴ
2929 542 3023 597 καὶ
3055 543 3202 604 ὅσοις
3247 540 3347 603 τὰς
3398 539 3849 608 παλαμναιοτάτας

653 647 775 699 quae
822 633 958 688 diris
1014 634 1342 690 criminibus
1405 635 1460 688 in
1536 650 1624 692 me
1664 635 1916 690 confictis
1965 648 2074 688 non
2120 647 2215 688 ca-

1965 648 2074 688 non
2120 647 2215 688 ca-
2322 638 2444 705 ἐμοὶ
2474 637 2808 705 προσάπτειν
2830 633 3010 697 αἰτίας
3045 635 3264 687 ἀπεῖναι
3289 632 3388 684 οὐκ
3421 627 3510 700 ἦν.

655 725 866 794 [εἰδείη.
2391 727 2468 782 Θ’.
2491 721 2564 797 ’ῼ
2592 729 2656 796 δὴ
2696 730 2790 781 καὶ
2813 727 2947 795 πώς
2967 728 3066 794 τὴν
3089 724 3260 795 ἀκοὴν
3284 723 3446 786 εὐθὺς
3461 723 3851 792 διαταραχθέντι

732 813 822 869 lx.
869 815 982 881 Ille,
1019 817 1200 871 statim
1233 827 1293 870 ut
1335 818 1450 872 brec
1483 817 1716 881 audivit,
1747 817 2121 886 perturbatus,
2153 815 2218 869 iis

2328 818 2498 888 μικρά
2527 835 2586 870 τε
2641 817 2894 872 τῶνιὸσα
2952 817 3002 870 οί
3053 816 3159 870 ἀνά
3207 817 3398 885 χεῖρας
3448 809 3518 885 ἦν
3584 814 3850 880 τηνικαῦτα

662 922 784 972 qua:
815 918 926 959 tum
961 907 1236 961 instabant
1262 909 1408 976 parvi
1441 908 1619 970 factis,
1661 922 1881 961 necesse
1912 922 2031 961 esse
2064 905 2220 959 duxit

2324 913 2705 982 πεφροντικότι
2720 911 2949 979 τάχιστα
2968 910 3023 970 ἐς
3049 907 3343 971 Βυζάντιον
3369 907 3540 959 ἐδόκει
3565 906 3674 957 τῶν
3702 906 3844 970 ἀναγ-

660 997 979 1067 Byzantium
1027 999 1219 1051 venire
1267 1013 1429 1066 quam
1474 999 1782 1059 celerrime,
1835 1012 1943 1050 non
1996 1005 2103 1050 tam
2149 993 2217 1049 ad

2327 1003 2497 1056 καίων
2540 1001 2892 1073 πορεύεσθαι,
2964 1000 3028 1053 οὐ
3074 997 3328 1052 τοσοῦτον
3365 998 3676 1057 συστάσεως
3721 995 3853 1047 ἕνεκα

661 1087 1063 1140 confirmandas
1089 1089 1375 1156 opiniones
1399 1103 1587 1150 novas,
1613 1103 1773 1155 quam
1803 1102 1870 1140 ne
1903 1085 2028 1140 inde
2051 1085 2222 1139 turbae

2325 1094 2433 1147 τῶν
2482 1094 2876 1160 καινοφωνιῶν,
2927 1092 3050 1144 ὅσον
3074 1089 3168 1143 τοῦ
3226 1090 3300 1160 μὴ
3337 1087 3600 1160 θορύϐους
3631 1087 3853 1140 ἐντεῦθεν

664 1177 716 1230 in
753 1179 986 1231 maxima
1030 1180 1240 1247 imperii
1277 1179 1410 1232 urbe
1446 1181 1798 1233 exsisterent.
1833 1178 1936 1232 Ubi
1975 1176 2217 1240 advenit,

2327 1183 2714 1253 ἐπιχωριάζειν
2772 1185 2837 1252 τῇ
2901 1182 3133 1252 μεγίστῃ
3187 1181 3342 1233 πόλει
3397 1179 3506 1232 τῶν
3553 1177 3853 1242 Βυζαντίων.

661 1267 794 1320 nihil
843 1269 890 1320 ei
943 1284 1003 1320 ex
1054 1269 1308 1322 omnibus
1339 1269 1489 1336 prius
1538 1268 1658 1332 fuit,
1691 1284 1854 1336 quam
1903 1275 1963 1320 ut
2007 1281 2219 1320 mecum

2340 1277 2652 1344 Ἀφιγμένῳ
2679 1275 2724 1326 δ’
2746 1274 2903 1344 ἔργον
2946 1269 3013 1344 ἦν
3047 1273 3196 1326 οὐδὲν
3225 1271 3437 1332 οὐδενὸς
3467 1269 3855 1340 προϊστάμενον,

662 1357 779 1424 ipse
822 1368 876 1409 et
908 1358 1216 1425 patriarcha
1258 1361 1514 1414 collocuti
1552 1368 1885 1414 conarentur
1934 1358 2066 1410 mihi
2103 1372 2226 1426 per-

2329 1365 2480 1435 ili-3v
2513 1383 2574 1432 γε
2607 1365 2683 1432 τῷ
2722 1365 3034 1435 πατριάρχῃ
3081 1363 3313 1429 διάλεξιν
3345 1362 3483 1431 πρός
3531 1377 3596 1429 με
3655 1375 3858 1423 πεποιηο

661 1447 894 1501 suadere
922 1449 1090 1500 altum
1122 1459 1182 1502 ut
1213 1450 1497 1504 silentium
1528 1465 1803 1512 voverem,
1832 1466 1895 1504 ac
1928 1464 1998 1502 ne
2023 1450 2226 1503 insana:

2332 1457 2508 1524 μένοις
2535 1455 2743 1507 πείθειν
2783 1454 3094 1522 πειρᾶσθαι,
3131 1453 3318 1521 μακρᾷ
3362 1468 3469 1503 τινι
3513 1449 3707 1501 θύοντα
3755 1464 3858 1498 σιω-

662 1538 905 1590 cohortis
926 1540 1213 1607 opiniones
1243 1541 1539 1596 identidem
1563 1542 1825 1595 vellicans
1845 1555 2040 1609 magno
2067 1538 2229 1610 adju-

2329 1549 2430 1614 πῇ,
2474 1545 2699 1614 μηδαμῆ
2740 1546 2861 1606 ταῖς
2907 1544 3006 1612 τῆς
3043 1543 3249 1595 ἀτόπου
3301 1541 3580 1610 φάλαγγος
3618 1553 3859 1604 καινοφω-

663 1638 849 1682 mento
879 1643 1054 1682 essent
1112 1630 1201 1693 iis,
1239 1631 1442 1699 quibus
1475 1633 1610 1685 istos
1641 1645 1880 1700 carpere,
1913 1629 2226 1699 linguisque

2329 1638 2470 1699 νίαις
2507 1637 2675 1705 συχνά
2705 1635 3201 1703 διαλοιδορούμενον
3249 1635 3467 1703 μακρὰν
3511 1628 3765 1698 παρέχειν
3792 1630 3859 1695 ῥο-

665 1721 953 1774 acerrimis
989 1722 1053 1773 “et
1080 1735 1174 1775 ore
1224 1722 1399 1775 libero
1445 1722 1725 1788 insectari,
1757 1734 1949 1789 magna
1974 1718 2225 1789 voluptas

2329 1731 2458 1800 πὴν,
2483 1725 2562 1790 οἷς
2583 1728 2778 1791 αὐτοὺς
2797 1727 3074 1794 διασύρειν
3096 1726 3190 1779 καὶ
3215 1726 3364 1786 ὅλαις
3397 1722 3684 1788 ταράττειν
3713 1717 3860 1787 γλὼτο

664 1819 830 1864 εδεθῐο
2329 1836 2452 1880 ταις
2497 1819 2591 1872 καὶ
2641 1817 2873 1887 χείλεσιν
2913 1814 3218 1882 ἐλευθέροις
3269 1813 3408 1882 ἔρως
3443 1811 3668 1881 μακρός.

734 1899 803 1955 Χ.
841 1901 1134 1970 Postquam
1181 1911 1383 1967 autem,
1410 1904 1598 1959 multis
1626 1905 1736 1960 illic
1765 1902 2233 1976 disputationibus
2262 1892 2304 1945 Β

2277 1892 2304 1945 Β
2406 1913 2464 1964 l'.
2513 1912 2603 1973 Ὠς
2631 1909 2689 1962 δὲ
2724 1907 2934 1960 πολλῶν
2976 1907 3090 1959 ἐκεῖ
3118 1904 3357 1974 ῥυέντων
3382 1896 3689 1956 ἀντιπάλων
3714 1899 3864 1963 λόγων

667 1993 890 2056 habitis,
926 2009 1063 2047 vana
1089 2004 1143 2048 et
1177 1995 1342 2063 impia
1375 1995 1560 2049 dicere
1590 1997 1955 2065 patriarcham
1986 1995 2232 2052 luculen-

2341 2002 2545 2070 μάταια
2589 2000 2762 2066 λέγων
2813 1998 2909 2051 καὶ
2957 1993 3295 2065 βλασφημῶν
3337 1994 3368 2046 ό
3409 1991 3746 2060 πατριάρχης
3789 1987 3862 2052 ὐφ’

668 2094 752 2138 ter
783 2085 1150 2146 ostendimus,
1182 2101 1290 2138 non
1329 2087 1505 2138 solum
1537 2088 1664 2154 quia
1705 2088 1795 2142 ille
1824 2087 2233 2143 multitudinem

2339 2093 2498 2164 ήμῶν
2554 2091 2815 2160 ἠλέγχετο
2859 2087 3174 2158 προφανῶς,
3231 2085 3293 2138 οὐ
3347 2084 3506 2153 μόνον
3559 2084 3641 2135 ὃτι
3689 2080 3863 2147 πλῆθος

669 2177 1015 2229 divinitatum
1079 2177 1288 2230 infinite
1347 2177 1610 2231 inltnities
1677 2178 1982 2233 substantia
2051 2177 2236 2230 divina

2339 2173 2611 2252 οεοτῆτων
2640 2179 2933 2250 ἀπειράκις
2982 2176 3224 2245 ἀπείρως
3264 2174 3574 2242 ὖφειμένων
3602 2171 3696 2238 τῆς
3739 2169 3865 2226 θείας

671 2266 994 2320 inferiorum
1020 2307 1035 2328 ,
1089 2269 1456 2322 increatarum
1511 2269 1772 2336 quidem,
1812 2277 1869 2321 at
1913 2269 2236 2333 visibilium,

2338 2275 2546 2337 οὐσίας,
2576 2275 2844 2327 ἀκτίστων
2880 2273 3000 2340 μὲν,
3031 2268 3239 2339 ὁρατῶν
3270 2269 3327 2320 δέ
3363 2267 3457 2319 καὶ
3486 2262 3769 2322 ἀνουσίων,
3795 2257 3867 2308 δο-

677 2366 735 2409 et
785 2358 1089 2409 substantia
1153 2358 1495 2421 carentium,
1546 2368 1790 2413 statuere
1839 2373 1966 2414 cum
2023 2359 2239 2415 Palatna

2340 2365 2524 2431 ξάζειν
2557 2364 2734 2416 ἐδόκει
2759 2361 2854 2428 ξύν
2885 2377 2949 2427 γε
2980 2360 3055 2429 τῷ
3099 2357 3356 2425 Παλαμᾷ,
3381 2353 3517 2408 ἀλλά
3554 2351 3658 2413 κάξ
3687 2345 3755 2403 ὢν
3781 2347 3868 2412 ἰδίᾳ

675 2448 980 2512 ιὶιιιξὺιιιυτ,
1014 2450 1107 2502 sed
1154 2449 1318 2502 etiam
1353 2451 1498 2518 quod
1553 2458 1868 2503 sanctorum
1902 2449 2136 2519 hymnos
2170 2448 2240 2502 de

2341 2457 2470 2515 τοὺς
2499 2453 2598 2523 μὲν
2629 2453 2888 2512 εἰωθότας
2919 2451 3006 2503 ἐπ’
3033 2447 3326 2516 ἐκκλησίας
3363 2443 3570 2498 ἀνωθεν
3593 2438 3871 2511 τριαδικοὺς

675 2535 968 2594 Trinitate.
995 2539 1104 2605 jam
1149 2538 1276 2591 inde
1325 2539 1632 2606 antiquitus
1662 2540 1873 2593 cantari
1923 2540 1976 2591 in
2008 2539 2240 2592 ecclesia

2340 2547 2451 2599 τῶν
2496 2544 2668 2610 ἁγίων
2719 2541 2940 2612 ᾄδεσθαι
2998 2538 3200 2606 ὓμνους
3248 2539 3305 2598 ἐς
3352 2531 3590 2600 τάφανές
3643 2526 3870 2600 ἐρρίφθαι

676 2628 889 2690 solitos,
923 2629 1135 2696 privata
1184 2628 1299 2696 ipse
1353 2629 1682 2682 auctoritate
1723 2629 1965 2683 tenebris
2014 2628 2245 2682 damna-

2343 2635 2722 2698 κατεδίκαζεν,
2779 2633 3030 2696 ἐξουσίαν
3088 2627 3432 2698 βουλομένοις
3485 2624 3620 2692 πυρὶ
3667 2620 3755 2671 καὶ
3794 2617 3871 2668 θα-

681 2728 852 2778 verat,
894 2719 1016 2772 data
1057 2721 1260 2774 volenti
1295 2723 1492 2790 cuique
1545 2721 1770 2782 licentia
1817 2737 1913 2776 eos
1956 2721 2013 2774 in
2066 2721 2241 2788 ignem

2343 2729 2518 2796 λάττῃ
2553 2723 2874 2794 χαρίζεσθαι
2927 2720 3323 2788 παρεχόμενοςο
3366 2713 3525 2775 αὐτὸς
3576 2711 3621 2762 δ’
3665 2708 3873 2762 οἰκείους

679 2819 773 2863 aut
805 2813 856 2862 in
900 2827 1047 2863 mare
1077 2813 1445 2891 projiciendi;
1479 2829 1608 2868 suos
1644 2829 1771 2868 vero
1800 2811 2074 2882 proprios,
2109 2826 2245 2877 quos

2347 2821 2490 2888 ἄρτι,
2533 2813 2871 2882 πεποιηκὼς,
2930 2810 3131 2863 ἀτόπου
3201 2810 3364 2874 φάναι
3418 2803 3652 2884 γαστρὸς
3699 2799 3873 2891 ἔκγονα

678 2915 855 2969 nuper
893 2887 1249 2968 vendidisset,
1300 2906 1515 2966 stolidi,
1572 2914 1629 2957 ut
1689 2905 1762 2957 ita
1811 2905 2008 2965 dicam,
2040 2903 2248 2958 ventris

2351 2887 2666 2980 βλάσφημα,
2724 2903 2946 2964 τούτους
2987 2901 3104 2954 ἀντ’
3155 2899 3377 2951 ἐκείνων
3422 2891 3746 2963 προσέταξεν
3771 2887 3874 2980 ᾆδε·

681 2993 825 3046 fetus
884 2994 1081 3060 impios
1111 3035 1124 3056 ,
1180 2996 1397 3050 illorum
1447 2997 1571 3049 loco
1625 2996 1832 3049 cantari
1878 2997 2152 3064 iusserat;
2192 2995 2246 3047 in

2351 2976 2471 3054 σθαι
2496 3014 2510 3028 ⁸
2543 3000 2600 3050 ἐν
2626 2993 2706 3059 οἷς
2736 2996 2805 3048 τά
2855 3011 2914 3046 τε
2949 2994 3084 3047 ἀλλα
3122 2992 3350 3060 γράφων
3381 2983 3450 3057 ἦν
3478 2985 3572 3037 καὶ⁵
3598 2983 3670 3045 ὡς
3707 2981 3766 3032 οὐ
3795 2976 3874 3043 τὴν

680 3085 881 3153 quibus
933 3086 1034 3141 hoc
1087 3087 1231 3140 inter
1283 3099 1479 3143 ca-tera
1528 3089 1696 3158 828
1754 3089 2020 3157 scriptum
2067 3085 2136 3139 ab
2181 3099 2249 3137 eo

2351 3097 2542 3149 οὐσίαν
2574 3090 2776 3161 χρεὼν,
2810 3088 2924 3140 ἀλλ’
2957 3085 3208 3140 άνούσιόν
3234 3099 3357 3133 τινα
3381 3077 3502 3132 καθ’
3530 3076 3694 3144 αὐτὴν
3721 3073 3876 3137 λέγειν

683 3184 825 3239 erat,
856 3191 964 3228 non
1018 3177 1406 3240 substantiam,
1439 3180 1534 3233 sed
1589 3177 1890 3243 quamdam
1934 3169 2251 3229 substantiae

2291 3206 2320 3259 Β
2354 3185 2629 3253 ἐνέργειαν
2665 3177 2804 3234 εἴναι
2845 3177 3047 3244 κυρίως
3078 3175 3208 3226 Θεόν
3236 3187 3249 3198 ·
3278 3172 3421 3222 θέσει
3456 3169 3513 3220 δέ
3553 3169 3646 3219 καὶ
3672 3165 3764 3254 τὴν
3785 3162 3878 3259 ,οὑ-

685 3277 963 3335 expertem
1013 3283 1109 3336 per
1167 3282 1225 3320 se
1283 3268 1558 3338 energiam
1633 3267 1800 3320 Deum
1867 3265 2089 3336 proprie
2143 3264 2250 3319 dici

2289 3250 2320 3259 _
2356 3250 2498 3338 σίαν,
2555 3267 2960 3340 συγχωροῦντος
3019 3266 3149 3326 ῐσως
3196 3260 3291 3314 τοῦ
3342 3257 3680 3327 ἀνθρωπίνου
3733 3250 3876 3303 πόθου

685 3359 918 3412 debere:
949 3359 1218 3426 positione
1245 3367 1453 3419 tamen,
1474 3358 1637 3411 etiam
1665 3358 1835 3427 ipsam
1862 3355 2251 3410 substantiam:

2357 3364 2500 3420 κατά
2532 3364 2591 3416 τὸ
2620 3360 2910 3425 ἀνάλογον,
2933 3354 3121 3422 ὥσπερ
3154 3353 3248 3404 καὶ⁵
3277 3350 3559 3418 ἅνθρωποι
3583 3342 3717 3397 κατά
3741 3344 3879 3409 χάριν

592 3461 596 3467 ·
689 3451 930 3504 liun'tano
981 3449 1210 3503 fortasse
1270 3449 1546 3504 desiderio
1613 3450 2010 3517 permittente;
2061 3461 2178 3500 nem

2355 3458 2459 3510 υἱοὶ
2496 3452 2784 3507 καλοῦνται
2820 3446 2955 3500 Θεοῦ
2993 3448 3086 3497 καὶ
3133 3441 3280 3495 θεοί·
3328 3439 3425 3492 καὶ
3454 3437 3514 3488 τὸ
3566 3435 3660 3486 τοῦ
3698 3444 3882 3497 συμπε-

689 3532 1000 3607 analogice,
1033 3539 1491 3605 quemadmodum
1541 3546 1596 3591 et
1641 3537 1892 3591 homines
1929 3536 2025 3588 filii
2066 3535 2159 3589 Dei
2205 3542 2258 3587 et

2360 3547 2634 3616 ράσματος
2672 3536 3108 3604 σκοπιμὼτατον,
3147 3534 3222 3601 μὴ
3255 3531 3353 3599 τὴν
3389 3528 3600 3588 οὐσίαν,
3648 3523 3773 3578 ἀλλὰ
3800 3520 3883 3616 την

689 3631 765 3682 dii
817 3645 914 3698 per
957 3630 1184 3697 gratiam
1231 3637 1541 3681 vocantur:
1591 3637 1667 3689 et,
1720 3642 1840 3694 qum
1886 3625 2258 3679 conclusionis

2355 3611 2673 3706 τῆςούσίας
2719 3631 2934 3700 ἐκείνην
2971 3625 3358 3697 ἀπερῤωγυῖαν
3392 3622 3669 3686 ἐνέργειαν
3708 3615 3783 3706 ,ἐκ
3802 3611 3883 3706 τῆς

691 3736 902 3776 summa
949 3730 1092 3782 erat,
1142 3737 1250 3774 non
1290 3720 1678 3782 substantiam,
1712 3719 1806 3771 sed
1863 3719 2005 3773 illam
2043 3733 2074 3774 α
2123 3716 2257 3772 sub-

2357 3700 2627 3795 παρθένου
2655 3724 2748 3777 καὶ⁵
2778 3716 3028 3774 θεοτόκου
3064 3709 3442 3782 σεσαρκῶσθαι
3479 3707 3697 3798 Μαρίας
3723 3700 3882 3798 ’⁸ἀμέῗ

693 3813 889 3868 stantia
923 3813 1221 3865 abscissam
1247 3812 1554 3878 cnergiam,
1594 3825 1816 3863 carnem
1850 3825 1880 3862 a
1909 3809 2126 3877 Virgine
2164 3807 2256 3863 Dei

2359 3819 2548 3871 θεκτον
2579 3814 2689 3881 γὰρ
2713 3808 2852 3864 εἶναι
2882 3809 2973 3860 καὶ
3003 3805 3394 3872 ἀνεπίστροφον
3415 3799 3612 3856 τελέως
3637 3795 3737 3846 τῶν
3763 3795 3884 3840 κατα

694 3904 952 3973 genitrice
995 3902 1162 3957 Maria
1218 3903 1536 3970 accepisse;
1579 3899 1848 3970 ejusmodi
1900 3900 2102 3967 quippe
2139 3912 2260 3952 esse

2359 3909 2466 3976 γῆν
2499 3909 2596 3976 τὴν
2629 3903 2816 3956 οὐσίαν
2875 3900 3110 3965 ἐκείνην,
3164 3897 3222 3946 ἐν
3253 3895 3366 3954 τοῖς
3416 3891 3526 3943 ἀνω
3559 3904 3665 3938 που
3720 3883 3885 3937 τόποις

697 3993 1057 4046 substantiam
1091 3993 1286 4060 ipsam,
1321 3979 1384 4045 ut
1435 3991 1752 4060 participari
1793 4005 1902 4044 non
1953 3996 2159 4058 posset,
2205 3997 2260 4042 et

2359 3974 2681 4069 όριζομένην
2711 4010 2724 4022 ·
2752 3990 2962 4044 πολλῶν
2992 3987 3083 4040 οὖν
3125 3988 3240 4037 ἐκεῖ
3275 3983 3534 4054 ῥυέντων,
3574 3978 3649 4038 ὡς
3676 3974 3885 4069 ettanta}.

699 4086 766 4138 ab
799 4099 982 4136 rerum
1039 4082 1384 4137 terrestrium
1423 4097 1557 4135 cura
1609 4097 1836 4151 prorsus
1882 4081 2060 4134 aliena
2092 4089 2258 4144 esset,

2361 4061 2456 4141 καὶ
2511 4061 2771 4138 ποικίλων
2803 4081 2862 4144 ἐξ
2893 4077 3185 4133 ἀντιπάλου
3229 4074 3424 4140 λόγων,
3443 4070 3559 4122 ’καὶ
3588 4064 3777 4138 μικρ-υῦ

699 4174 904 4228 alicubi
944 4174 1156 4227 scilicet
1181 4173 1234 4226 iu
1276 4174 1660 4242 superioribus
1688 4173 1827 4227 locis
1863 4173 2260 4228 constitutam:

2361 4179 2489 4243 ὅλης
2527 4177 2738 4241 ἐκείνης
2762 4167 3009 4222 ἐνταυθοῖ
3037 4161 3524 4229 καινοτομηθείσης
3551 4157 3758 4217 νυκτὸς,
3787 4148 3889 4203 ἐπεὶ

702 4265 886 4317 multis
925 4265 1110 4332 itaque
1144 4263 1277 4326 illic,
1310 4274 1370 4316 ut
1403 4263 1666 4325 diximus,
1697 4263 1969 4330 variisque
2014 4260 2264 4329 disputa-

2367 4265 2442 4332 μὴ
2471 4261 2539 4315 τά
2571 4263 2670 4328 τῆς
2713 4258 3018 4318 ὑποθέσεως
3045 4255 3218 4314 ἄλλως
3247 4253 3551 4320 ἠρεμήσειν
3597 4251 3623 4299 ὁ
3666 4243 3890 4314 βασιλεὺς

706 4356 949 4408 tionibus
989 4353 1217 4416 habitis,
1248 4364 1302 4406 et
1339 4361 1453 4406 tota
1499 4351 1672 4406 ferme
1705 4351 1790 4405 illa
1825 4359 1984 4404 nocte
2020 4351 2093 4404 ibi
2133 4365 2265 4403 con—

2367 4343 2628 4421 ξυνενόει,
2658 4348 2938 4418 ,Ἰσιδὼρου
2971 4346 3069 4414 μέν
3103 4345 3313 4414 ἐκείνου
3357 4342 3482 4400 τοὺς
3506 4340 3656 4398 νέους
3691 4334 3891 4388 κανόνας

703 4452 939 4512 sumpta,
994 4444 1313 4510 imperator,
1359 4443 1450 4495 ubi
1497 4443 1930 4513 controversiam
1974 4442 2118 4494 illam
2156 4455 2262 4492 non

2368 4445 2636 4512 ἀφανείας
2673 4429 2910 4508 ’δοθῆναι
2960 4435 3349 4505 προσετετάχει
3397 4430 3571 4500 πυρί·
3604 4424 3892 4513 παρρησιὰξ

704 4511 863 4589 aliter
917 4534 1127 4587 finitum
1179 4534 1244 4586 iri
1307 4511 1598 4597 intellexiit,
1644 4532 1838 4585 Isidori
1893 4532 2038 4585 illius
2091 4545 2262 4584 novos

2304 4527 2341 4586 D
2368 4511 2556 4602 ζεσθαι
2591 4535 2635 4588 δ’
2661 4530 2815 4594 αὖθις
2840 4532 2966 4592 τοὺς
2993 4529 3246 4586 εἰωθότας
3286 4529 3351 4578 ἐκ
3381 4523 3634 4576 παλαιοῦ.
3674 4521 3755 4592 [Ρ.
3786 4511 3891 4580 ὁῖἓ]

705 4641 942 4680 canones
970 4625 1092 4693 igne
1123 4623 1319 4686 deleri,
1350 4640 1411 4677 ac
1456 4623 1717 4691 loquendi
1766 4623 2074 4676 libertatem
2125 4619 2265 4674 reci-

2369 4629 2588 4680 Τούτων
2621 4625 2667 4678 δ’
2699 4624 2841 4676 οὕτω
2874 4618 3322 4683 συντεταγμένων
3361 4615 3456 4667 καὶ
3487 4607 3895 4680 συμπεφωνημέ-

709 4732 838 4786 pere
872 4730 964 4767 eos
988 4715 1079 4782 qui
1111 4724 1270 4767 antea
1309 4714 1634 4766 habuissent
1659 4710 1842 4778 jussit.
1877 4711 1968 4764 llis
2007 4713 2080 4763 ita
2117 4710 2266 4783 ordi-

2367 4737 2496 4781 νων,
2516 4716 2762 4785 τράπεζα
2782 4711 3076 4779 πολυτελὴς
3105 4709 3234 4777 ἡμῖν
3255 4706 3672 4776 παρεκομίζετο,
3694 4700 3894 4766 σημεῖον

709 4809 849 4861 natis
879 4812 934 4856 et
965 4804 1207 4855 omnium
1251 4817 1481 4868 assensu
1516 4801 1910 4869 comprobatis,
1945 4809 2265 4866 sumptuosa

2367 4806 2768 4877 ὁμοφροσύνης.
2801 4805 2910 4856 Καὶ
2949 4799 3426 4858 συνεστιασθέντες
3457 4795 3601 4846 οὕτω
3628 4795 3736 4852 τοῖς
3766 4791 3895 4858 βασι-

710 4895 868 4950 nobis
910 4907 1122 4953 mensa,
1154 4892 1370 4959 signum
1405 4892 1734 4952 concordiae,
1764 4890 2010 4959 apposita
2055 4897 2159 4942 est.
2190 4889 2268 4939 Ac

2369 4899 2555 4951 λεῦσιν
2593 4897 2920 4964 ἀνέστημεν,
2956 4891 3274 4951 ἐλπίσαντες
3299 4889 3356 4950 ἐς
3377 4887 3475 4957 τὴν
3510 4881 3794 4952 ὑστεραίαν
3820 4878 3895 4927 καὶ

711 4987 790 5041 sic
843 5000 950 5038 una
1003 4996 1128 5035 cum
1176 4982 1599 5049 imperatoribus
1641 4981 1844 5048 epulati
1897 4979 2268 5040 surreximus,

2373 4990 2668 5059 βασιλικοῖς
2718 4983 3153 5053 κυριωθήσεσθαι
3182 4979 3473 5049 γράμμασι
3511 4978 3578 5029 τὰ
3630 4987 3893 5042 συμφωνη-

714 5085 996 5142 sperantes
1020 5073 1286 5142 principis
1327 5071 1511 5125 edicto
1543 5069 1927 5123 confirmatum
1975 5069 2042 5121 iri
2071 5067 2272 5136 postri-

2371 5082 2552 5144 θέντα,
2575 5080 2648 5140 ὡς
2683 5077 2757 5147 μὴ
2786 5074 3061 5145 ἀμφίϐολα
3091 5073 3160 5124 τά
3181 5071 3476 5140 γιγνόμενα
3501 5071 3588 5134 εῐη
3607 5071 3723 5127 ταῖς
3750 5067 3897 5117 ἀπαν-

715 5165 806 5217 dic
834 5179 921 5222 ea,
946 5163 1012 5215 de
1055 5161 1259 5230 quibus
1290 5169 1622 5213 convenerat
1649 5179 1662 5224 ;
1698 5173 1766 5211 ne
1788 5159 1855 5210 ab
1880 5157 2126 5210 ccclesiis
2153 5154 2270 5218 Dei,

2372 5172 2512 5239 ταχῆ
2545 5169 2814 5234 θαλάττης
2845 5167 2942 5219 καὶ
2981 5165 3084 5233 γῆς
3112 5164 3250 5232 ὑπὲρ
3278 5164 3384 5216 τῶν
3433 5159 3674 5228 πατρίων
3703 5158 3796 5226 τῆς
3821 5155 3897 5205 εὑο

719 5254 922 5320 ubique
947 5251 1111 5304 maris
1131 5261 1185 5304 et
1217 5259 1485 5304 terrarum
1520 5249 1690 5317 patria
1715 5247 1995 5316 religionis
2023 5246 2273 5314 dogmata

2249 5258 2273 5295 ³
2377 5263 2591 5321 σεὸείας
2615 5259 2903 5326 δογμάτων
2925 5255 3314 5325 ἀντεχομέναις
3343 5252 3480 5306 Θεοῦ
3511 5250 3836 5318 ἐκκλησίαις.

721 5341 1164 5401 defendentibus.
1205 5349 1532 5394 vocarentur
1568 5338 1622 5392 in
1650 5337 1875 5392 dubium
1912 5353 1975 5391 ea
2004 5351 2127 5405 quae
2160 5345 2273 5388 tum

723 5436 946 5488 ﬁebant.

794 5522 885 5577 XI.
927 5527 997 5575 At
1042 5532 1258 5590 pactum
1300 5522 1433 5574 illud
1470 5536 1573 5576 nec
1619 5519 1752 5580 diu.
1783 5534 1882 5574 nec
1920 5521 1986 5574 iis
2024 5519 2281 5574 omnibus

2447 5518 2550 5574 Μ’.
2580 5519 2722 5571 Ἀλλ’
2749 5520 2849 5572 οὒκ
2874 5520 2955 5582 εἰς
2987 5516 3203 5588 μακρὰν
3220 5517 3288 5570 τά
3313 5518 3412 5587 τῆς
3445 5517 3760 5586 συμφωνίας
3783 5511 3899 5566 ἐκεί-

727 5616 820 5678 qui
851 5614 1137 5668 contrarie
1181 5613 1434 5666 factionis
1465 5622 1644 5676 erant,
1676 5621 1852 5665 ratum
1887 5627 2008 5665 esse
2052 5612 2278 5680 placuit.

2380 5612 2480 5678 νης¹
2527 5611 2646 5663 οὐδέ
2697 5613 2864 5664 πᾶσιν
2888 5607 3089 5681 ἤρεσκε
3139 5610 3254 5671 τοῖς
3299 5611 3362 5660 ἐκ
3396 5610 3494 5677 τῆς
3545 5608 3899 5674 ἀντικειμένης

732 5703 1020 5757 Enimvero
1073 5704 1455 5758 necessitatem
1493 5701 1809 5771 imperatori
1852 5701 2172 5760 adltibuere.
2204 5701 2284 5768 ip-

2384 5703 2616 5770 φατρίας
2651 5703 2845 5772 βέϐαια
2890 5706 3226 5770 παραμένειν
3251 5717 3264 5732 ⁶
3296 5701 3414 5754 ἀλλ’
3451 5703 3696 5770 ἀνάγκην
3722 5697 3897 5768 προσῆ-

733 5809 758 5852 s
783 5808 850 5846 :m
881 5808 978 5864 .lao
1000 5810 1085 5862 pte
1115 5796 1387 5849 Pal-sinam
1410 5792 1746 5857 arcessendi,
1771 5790 1838 5844 ad
1868 5792 2282 5847 consultandum

2388 5809 2480 5858 γον
2509 5793 2583 5862 τῷ
2615 5793 2845 5861 βασιλεῖ,
2890 5796 3278 5861 μετάπεμπτον
3314 5795 3404 5846 καὶ
3452 5794 3711 5856 Παλαμᾶν
3743 5795 3793 5851 ἐς
3825 5790 3898 5851 τὴν
