3994 6334
138 452 259 521 1081
468 449 547 524 ιι·
576 465 628 508 ε·
662 451 820 524 ¹⁵481

1035 460 1479 520 ΒΥΖΛΝΊῚΝΑΞ
1518 460 1905 522 HISTORIA!
1945 462 2088 525 LIB.
2127 463 2277 522 XVI.

2408 447 2542 530 [ειν.
2571 473 2616 513 .t.
2654 472 2946 513 canem.
2994 455 3054 529 2]

3203 459 3342 526 1082

132 571 233 621 τῶν
256 569 592 638 δεδογμένων
638 573 910 626 ποιεῖσθαι
944 574 1164 644 βουλὴν,
1203 577 1278 645 μὴ
1325 577 1576 648 θόρυϐον,
1607 576 1675 639 ὡς

1785 577 1852 630 de
1891 578 1957 632 iis
1984 577 2170 641 rebus,
2200 592 2321 647 quae
2349 577 2586 631 decreta:
2617 587 2803 631 essent
2829 593 2841 638 ;
2876 576 3043 646 829
3084 592 3152 631 ne
3183 578 3228 631 is
3259 589 3337 630 tu-

132 662 640 731 περιφρονούμενος,
677 664 846 716 ἐπιὼν
889 666 1191 736 άναφλέξη,
1228 669 1328 734 τὴν
1359 668 1454 722 τοῦ
1505 667 1676 737 μὸθου

131 749 217 802 τοῦ
260 751 509 804 Ἄττικοῦ
546 753 884 823 μιμούμενος
918 755 1076 824 Ἔριν
1120 757 1360 826 εκείνην,
1392 760 1459 826 ἢν
1490 757 1565 826 τῷ
1598 774 1686 809 τε-

133 840 350 908 ρατώδει
395 841 490 892 τοῦ
542 843 714 912 μήλου
775 845 1038 913 μεγίστην
1071 847 1241 899 πάλαι
1273 849 1438 914 φασὶν
1468 849 1681 916 ὑφάψαι

132 931 363 992 στάσεως
395 934 566 1000 φλόγα
605 937 696 987 καὶ
742 937 924 1005 μάχην
961 938 1042 1005 τῷ
1074 939 1181 990 τῶν
1227 939 1366 992 θεῶν
1399 941 1678 1011 συνεδρίῳ,

130 1020 203 1070 δτι
235 1019 309 1088 μὴ
353 1024 407 1080 ὲς
438 1023 537 1090 τὴν
581 1026 765 1094 κοινὴν
795 1025 1007 1094 ἐκείνην
1032 1027 1140 1078 τῶν
1186 1029 1286 1098 τῆς
1321 1030 1534 1091 Θέτιδος
1578 1031 1680 1098 γά-

133 1127 240 1177 μων
273 1112 556 1180 τράπεζαν
609 1100 876 1186 ὲσεκλῆοη
920 1119 1013 1169 καὶ
1048 1119 1209 1188 αὕτη.
1265 1121 1358 1172 Διὰ
1391 1101 1455 1191 δὴ
1510 1121 1684 1175 ταῦτα

135 1204 522 1272 μετάπεμπτος
555 1208 617 1258 ὲκ
650 1209 1028 1276 Διδυμοτείχου
1063 1209 1171 1265 καί
1200 1213 1453 1279 "alapa;
1489 1215 1541 1273 ές
1580 1213 1679 1263 Βυ-

130 1291 333 1354 ζάντιον
382 1296 613 1364 τάχιστα
666 1297 897 1363 γίνεται.
953 1301 1061 1352 Καὶ
1117 1303 1200 1353 ἱνα
1243 1304 1342 1354 τὸν
1404 1305 1551 1372 μέσῳ
1589 1303 1681 1355 τοῦ

131 1384 382 1450 φορτικοῦ
418 1387 579 1453 χάριν
609 1388 887 1454 παρέλθω.
923 1392 1058 1459 πρὸς
1100 1395 1223 1454 τοὺς
1264 1396 1385 1447 κατ’
1417 1396 1550 1461 ἐμοῦ
1585 1397 1681 1448 καὶ

129 1474 279 1534 αὐτὸς
335 1476 558 1542 ὁμοίως,
613 1480 815 1545 μᾶλλον
864 1482 907 1532 δ’
937 1486 1112 1534 εἰπεῖν
1173 1488 1498 1553 οίκειὸτερον
1539 1488 1680 1539 κατὰ

128 1564 228 1614 τῶν
252 1565 350 1632 τῆς
387 1567 718 1636 Ἐκκλησίας
741 1571 1048 1638 δογμάτων,
1081 1577 1347 1644 πολέμους
1378 1579 1677 1642 δπλίζεται.

128 1653 228 1704 Καὶ
256 1655 444 1720 ἐπειδὴ
484 1657 576 1708 τὸν
604 1659 790 1724 ἀγῶνα
829 1661 1002 1728 θυμοῦ
1043 1664 1137 1714 καὶ
1176 1666 1474 1730 κενοδοξίας
1507 1669 1680 1719 πνέων

129 1743 289 1811 εἰσῄει
325 1748 568 1812 μακρᾶς,
604 1749 739 1814 ὲμοῦ
774 1752 978 1819 μηδένα
1006 1755 1274 1822 πάρεδρον
1300 1757 1510 1825 ἔχοντος
1546 1757 1679 1824 σύμ-

131 1850 313 1903 μαχον,
349 1837 488 1903 πλὴν
521 1842 682 1908 μόνου
714 1841 874 1904 Θεοῦ,
907 1844 1159 1913 καθάπερ
1187 1846 1282 1898 καὶ
1323 1849 1528 1908 έςτοὺς
1557 1848 1680 1917 πρό·

125 1938 273 1989 τριτα
336 1925 639 1994 διαλόγους,
701 1931 861 1991 αὐτὸς
911 1933 1050 1999 πρός
1101 1950 1163 1998 γε
1198 1936 1310 1996 τοίς
1361 1936 1538 1996 ἄλλοις
1582 1938 1675 1986 καὶ

126 2013 274 2065 αὑτὸν
306 2013 556 2082 βασιλέα,
585 2017 643 2069 τὸ
667 2019 766 2087 τῆς
818 2020 999 2088 ἰσχύος
1032 2023 1345 2088 κεφάλαιον,
1386 2025 1674 2092 κράτιστον

126 2099 228 2172 εἶχε
285 2106 596 2176 σύμμαχον.
638 2111 705 2163 Ἀ
753 2111 853 2178 μὲν
885 2111 977 2164 οὖν
1013 2114 1136 2180 ἐμοί
1187 2131 1243 2167 τε
1291 2117 1564 2178 κάκείνοις
1616 2117 1674 2168 ἐν

127 2197 422 2265 προοιμίοις
477 2199 784 2268 λελάληται,
845 2204 1113 2272 μηδεμιᾶς
1150 2206 1207 2268 ές
1245 2207 1342 2276 τὴν
1391 2206 1672 2276 παροῦσαν

127 2287 393 2354 ἀφήγησιν
423 2288 616 2357 ἔχοντα
647 2292 834 2359 χρείας
858 2294 1128 2362 ἀνάγκην,
1166 2298 1345 2363 σιωπῇ
1393 2297 1670 2365 παρατρέ-

127 2390 233 2441 χειν
264 2378 602 2449 κεκρίκαμεν
626 2381 753 2434 δεῖν.
790 2384 869 2435 Τὰ
890 2384 934 2434 δ’
971 2384 1166 2452 ἐφεξῆς
1193 2383 1340 2456 εῖχεν
1368 2387 1531 2440 οὕτω.

129 2470 438 2523 necessario
505 2473 808 2540 pertinent.
861 2473 1080 2527 silentio
1123 2475 1588 2542 prtrterm'tltenda
1625 2473 1833 2544 judico.

125 2559 282 2612 modi.

192 2648 284 2708 ΠΥ.
317 2657 409 2727 Μὴ
437 2657 630 2726 χρείαν
655 2658 891 2726 ἔφασκον
923 2660 1096 2726 ἔγωγε
1130 2656 1270 2714 εἶναι
1295 2663 1564 2729 δευτέρων
1594 2661 1673 2714 έτι

126 2742 378 2809 διαλόγων
409 2748 503 2798 καὶ
534 2748 742 2817 κρότων
764 2750 871 2800 ἀπὸ
891 2749 1138 2818 γλώττης
1171 2752 1427 2820 μαχίμων
1451 2755 1594 2821 ιμοὶ,
1623 2755 1672 2804 εί

128 2831 322 2897 βέὸαιοι
359 2835 610 2921 μένουσιν
636 2839 690 2889 αἱ
717 2838 812 2902 τῆς
843 2840 1112 2907 προτέρας
1147 2843 1358 2909 ἐκείνης
1386 2844 1671 2908 διαλέξεως

126 2924 496 2984 καταστάσεις.
525 2924 586 2976 Ei
623 2924 666 2976 δ’
690 2927 872 2976 ἐκεῖνα
904 2930 1218 2981 παντάπασι
1248 2930 1461 2982 λέλυται
1493 2932 1586 2982 καὶ
1613 2931 1671 2991 ἐς

125 3013 239 3074 τοὺς
270 3013 440 3082 λήθης
493 3013 751 3083 ερρωτω
793 3016 1023 3086 ῥύακας,
1055 3019 1164 3070 οὐδ’
1209 3019 1350 3071 οὕτω
1388 3037 1477 3086 μοι
1507 3021 1671 3074 πάλιν

1787 669 2040 730 multum,
2067 669 2216 722 velut
2253 668 2562 737 despectus,
2598 669 2902 722 interventu
2935 684 3032 720 suo
3059 669 3340 730 excitaret,

1787 759 2164 812 illam~fahula
2197 759 2370 812 Attica
2411 759 2749 812 decantatam
2791 759 3125 811 Discordiam
3160 761 3343 812 imita-

1786 858 1979 910 turus,
2033 865 2152 916 qua:
2203 848 2348 916 pomi
2421 849 2668 918 prodigio
2726 851 3007 904 maximam
3059 849 3343 902 seditionis

1784 938 2052 991 flammam
2083 948 2138 992 et
2159 953 2402 1007 pugnam
2440 941 2492 992 in
2535 941 2767 992 concilio
2797 939 3020 992 deorum
3057 941 3178 991 idco
3206 941 3337 991 olim

1781 1029 2098 1083 accendisse
2150 1030 2375 1089 dicitur.
2431 1030 2558 1097 quia
2620 1029 2684 1081 ad
2752 1045 3040 1082 commune
3101 1029 3231 1081 illud
3287 1038 3341 1082 et

1781 1119 2025 1186 nuptiale
2056 1118 2309 1171 Thetidis
2339 1117 2649 1172 convivium
2685 1128 2874 1169 vocata
2921 1117 3063 1168 haud
3124 1117 3337 1168 fuisset.

1781 1210 2146 1274 Quamobrem
2230 1209 2608 1278 Didymoticbo
2667 1209 2964 1260 arcessitus
3023 1207 3337 1274 Byzantium

1780 1305 2015 1357 accurrit
2047 1314 2098 1356 et
2130 1304 2394 1357 Palamas.
2428 1305 2602 1371 Atque
2629 1311 2688 1354 ut
2718 1303 2920 1354 fastidii
2945 1301 3152 1354 vitandi
3178 1315 3337 1353 causa

1781 1411 1840 1447 ea
1880 1394 2150 1455 omittam,
2196 1408 2316 1460 quas
2371 1393 2658 1460 interjccto
2717 1403 2956 1459 tempore
3000 1392 3335 1452 acciderunt,

1781 1487 2014 1552 accingit
2041 1487 2203 1536 etiam
2239 1485 2328 1537 ille
2359 1499 2415 1536 se
2445 1484 2512 1536 ad
2548 1483 2746 1536 bellum
2779 1484 2932 1546 mihi,
2969 1483 3074 1533 imo
3107 1482 3188 1550 (ut
3213 1495 3339 1533 con-

1780 1575 2060 1642 grm-ntius
2108 1574 2316 1642 loquar)
2360 1574 2524 1627 sacris
2590 1573 2842 1626 Ecclesia:
2879 1572 3146 1640 dogmatis
3199 1571 3338 1623 infe-

1785 1667 2035 1718 ru-ndum.
2068 1665 2316 1734 Cumque
2339 1667 2390 1718 in
2422 1675 2698 1718 certamen
2731 1662 3122 1723 descendisset,
3153 1662 3339 1728 ingen-

1783 1764 1887 1808 tem
1917 1755 2171 1823 spiritum
2195 1764 2252 1808 et
2270 1769 2517 1820 magnam
2547 1753 3042 1819 arrogantiam'prze
3061 1765 3116 1803 se
3135 1749 3333 1812 ferens,

1779 1863 1876 1915 ego
1905 1847 2124 1914 quidem
2166 1845 2440 1898 neminem
2491 1843 2781 1905 habebam,
2813 1842 2906 1909 qui
2945 1842 3077 1894 mihi
3121 1841 3336 1892 adesset

1783 1953 1845 1991 ac
1879 1945 2249 1996 succurreret,
2303 1934 2412 1988 Deo
2442 1943 2692 2002 excepto,
2725 1933 2868 1986 sicut
2897 1947 2998 1986 nec
3031 1933 3081 1984 in
3127 1930 3216 1984 illa
3249 1929 3332 1981 di-

1779 2027 2116 2096 sputatione,
2154 2042 2275 2095 quae
2316 2024 2496 2077 habita
2555 2023 2759 2076 triduo
2790 2031 2915 2075 ante
2965 2021 3180 2082 fuerat;
3230 2018 3330 2070 iste

1779 2124 1982 2177 autem,
2001 2125 2194 2182 pra-ter
2212 2099 2458 2175 caeteros,
2480 2115 2652 2180 ipsum
2680 2124 2898 2177 quoque
2926 2109 3330 2177 imperatorem,

1779 2205 1834 2258 in
1866 2219 1975 2272 quo
2022 2217 2233 2256 summa
2287 2203 2501 2255 roboris
2551 2211 2689 2262 erat,
2740 2198 3064 2252 acerrimum
3095 2195 3330 2249 habebat

1779 2303 2273 2364 propugnatorem.
2329 2293 2459 2358 Qua:
2513 2293 2680 2361 igitur
2743 2306 2843 2362 ego
2900 2288 3071 2343 etilli
3119 2285 3326 2354 prasfati

1776 2400 1987 2458 sumus,
2031 2400 2118 2445 ea,
2147 2385 2274 2452 quia
2323 2384 2388 2437 ad
2439 2394 2754 2452 praesentem
2813 2381 3174 2434 narrationem
3222 2391 3328 2429 non

1924 2475 2054 2536 Qua:
2115 2490 2244 2530 vero
2319 2481 2502 2528 secula
2561 2483 2723 2535 sunt,
2769 2487 2832 2526 ea
2897 2471 3119 2526 fuerunt
3179 2471 3328 2540 ejus-

1850 2661 1963 2715 ΧΙΙ.
1997 2660 2264 2730 Negabam
2299 2658 2430 2712 tnihi
2456 2673 2594 2726 opus
2613 2671 2732 2711 esse
2763 2655 2934 2709 altera
2956 2655 3324 2723 disputatione

1775 2761 1829 2806 et
1864 2752 2124 2819 pugnacis
2149 2752 2345 2819 linguae
2379 2749 2631 2817 strepitu,
2693 2748 2737 2800 si
2783 2747 2998 2800 stabilia
3046 2756 3326 2799 manerent

1772 2857 1858 2904 ea,
1922 2857 2042 2910 quae
2100 2842 2266 2910 priori
2309 2840 2675 2908 disputatione
2725 2838 3020 2890 constituta
3071 2837 3319 2890 fuissent.

1773 2931 1865 2984 Sin
1925 2930 2016 2984 illa
2083 2933 2306 2984 omnino
2366 2930 2564 2982 abolita
2621 2937 2676 2980 et
2729 2927 3020 2981 oblivionis
3071 2926 3324 2982 ﬂuetibus

1774 3035 1951 3073 mersa
1983 3030 2188 3081 essent,
2239 3035 2308 3072 ne
2359 3019 2436 3072 sic
2469 3017 2686 3085 quidem
2719 3017 2848 3068 mihi
2883 3018 3040 3069 novis
3073 3017 3324 3082 quzestio-

125 3105 382 3174 δευτέρων
407 3105 490 3158 δεῖ
514 3107 863 3177 συζητήσεών
888 3126 946 3160 τε
972 3112 1065 3162 καὶ
1099 3111 1441 3177 ἀποδείξεων.
1474 3113 1536 3164 Et
1560 3113 1668 3181 γὰρ

1778 3111 1931 3163 nibus
1981 3106 2605 3177 argumentationibusve
2671 3119 2805 3172 opus
2857 3119 2995 3156 esse.
3054 3102 3109 3154 Si
3175 3103 3319 3154 enim

122 3197 155 3249 ἃ
193 3198 292 3266 πρὸ
323 3199 550 3267 βραχέος
591 3198 800 3266 βασιλεῖ
827 3217 886 3252 τε
925 3202 1018 3252 καὶ
1052 3203 1366 3272 πατριάρχῃ
1400 3204 1666 3268 δέδοκται,

1778 3217 1890 3269 quae
1923 3202 2085 3269 paulo
2119 3210 2240 3252 ante
2277 3195 2590 3266 imperatori
2655 3205 2709 3248 et
2753 3193 3073 3263 patriarcha:
3105 3193 3320 3261 placue-

124 3289 210 3339 νῦν
233 3261 506 3358 άραχνίων
556 3261 772 3344 λέλυται
799 3296 1020 3358 τρόπον,
1052 3261 1378 3356 πῶς-ἂν.
1421 3297 1514 3346 καὶ
1554 3261 1665 3347 Παἐ

1778 3303 1918 3357 rant,
1951 3310 2013 3347 ea
2045 3307 2191 3346 nunc
2217 3291 2362 3344 velut
2397 3290 2514 3343 tela:
2563 3302 2884 3341 aranearum
2934 3287 3107 3338 soluta
3169 3295 3316 3345 sunt,

125 3378 262 3450 λαμᾷ
291 3382 416 3448 περὶ
465 3382 573 3433 τῶν
629 3382 810 3434 αὐτῶν
862 3385 1219 3452 πεπράξεται,
1269 3386 1435 3437 πιστά
1463 3403 1522 3437 τε
1575 3389 1667 3438 καὶ

1778 3383 2044 3451 quomodo
2075 3397 2158 3438 ca.
2190 3397 2308 3448 qua:
2329 3373 2574 3432 Palattias
2604 3377 2792 3429 iisdem
2819 3375 2886 3428 de
2907 3376 3068 3428 rebus
3098 3382 3314 3430 statuet.

125 3471 608 3541 ἀναμφισϐητήτως
644 3457 774 3540 ἡμῖν
821 3473 1012 3540 ἔχοντα
1059 3471 1272 3544 φανείη,
1325 3477 1374 3524 εἰ
1428 3476 1534 3543 ἄρα
1574 3477 1665 3526 καὶ

1778 3474 1978 3526 sincera
2013 3488 2110 3526 nec
2135 3473 2411 3538 ambigua:
2440 3469 2602 3538 830
2629 3467 2750 3521 fidei
2810 3482 2928 3519 esse
2961 3465 3314 3526 videbuntur,

127 3561 275 3622 αὐτὸς
319 3579 409 3630 μοι
455 3563 765 3631 ξυμφωνεῖν
794 3564 1203 3631 ἐπαγγέλλοιτο,
1235 3567 1369 3634 πρὸς
1419 3567 1453 3620 ἃ
1481 3569 1544 3635 δὴ
1573 3568 1663 3618 καὶ

1778 3564 1806 3615 si
1833 3563 1971 3616 forte
2005 3576 2395 3614 concessurum
2434 3576 2490 3614 se
2551 3558 2693 3621 mibi,
2722 3557 2808 3610 illa
2859 3557 3194 3625 promiserit,
3247 3557 3316 3607 de

126 3653 460 3720 πειθομένοις
506 3657 635 3724 ὑμῖν
681 3655 955 3723 ἐχρώμην,
987 3654 1064 3724 τῷ
1116 3657 1336 3724 μεγέθει
1366 3657 1464 3724 τῆς
1510 3657 1664 3722 ἀξίας

1778 3652 1962 3719 :luibus
1992 3667 2085 3705 vos
2111 3662 2271 3704 antea
2330 3650 2459 3704 mihi
2488 3647 2819 3710 assenststis;
2849 3660 2969 3699 cum
3006 3645 3117 3712 ipse
3146 3645 3320 3711 digni~

124 3745 362 3797 πλεῖστον
391 3745 544 3814 ὑμῶν
575 3746 915 3814 λειπόμενος,
945 3747 1038 3797 καὶ
1067 3746 1182 3814 ἅμα
1209 3749 1277 3816 τῇ
1306 3749 1414 3799 τῶν
1444 3748 1661 3814 τρόπων

1778 3744 1891 3796 .atis
1924 3741 2282 3808 amplitudine
2321 3741 2475 3793 vobis
2510 3739 2736 3791 multum
2792 3736 3016 3788 inferior
3048 3736 3154 3798 sit;
3217 3737 3314 3787 ho-

124 3837 251 3887 αἰδοῖ
283 3837 376 3887 καί
411 3837 701 3903 σεμνότητι
729 3838 861 3889 πολὺ
895 3839 954 3888 τὸ
978 3838 1151 3901 ἐνδεές
1176 3856 1234 3891 τε
1255 3841 1352 3891 καὶ
1375 3839 1662 3908 ὑφειμένον

1778 3842 1974 3886 testate
2006 3842 2188 3885 autem
2217 3838 2272 3882 et
2313 3844 2524 3882 tnorum
2584 3827 2848 3897 gravitate
2898 3827 3057 3895 looge
3100 3826 3308 3887 abesse,

123 3925 180 3976 έκ
206 3925 412 3979 πολλῶν
449 3926 709 3991 πολλάκις
739 3928 1086 3998 ἐνδεδειχώςς
1669 3993 1673 3998 ,

1783 3935 1918 3989 onge
1949 3921 2196 3989 superari
2239 3934 2358 3972 sese
2382 3934 2412 3972 a
2453 3919 2629 3982 vobis,
2663 3931 2802 3984 sazpe
2829 3924 2884 3970 et
2913 3915 3097 3968 multis
3153 3930 3312 3983 argu-

1765 4012 1960 4063 mentis
1979 4009 2318 4063 ostenderit?

185 4093 266 4167 [P.
293 4095 420 4167 325]
452 4095 550 4150 Il'.
586 4098 726 4168 Πρὸς
765 4098 907 4167 ἅπερ
937 4101 963 4151 ὁ
993 4102 1277 4170 Παλαμᾶς,
1321 4119 1339 4152 ι
1368 4103 1490 4154 Οὐδ’
1515 4103 1657 4170 ἐμοὶ,

1835 4100 1973 4152 XIII.
2009 4099 2086 4152 Ad
2111 4100 2226 4151 bam
2249 4099 2496 4152 Palamas
2530 4115 2543 4153 :
2593 4115 2612 4147 ι
2646 4096 2755 4150 Nec
2779 4097 2931 4161 mihi,
2966 4097 3161 4164 inquit,
3193 4097 3312 4148 aliis

125 4189 266 4254 φησι,
291 4189 575 4254 διαλέξεων
599 4189 679 4241 δεῖ
699 4191 792 4241 καὶ
815 4193 1112 4260 κριτηρίων
1132 4192 1324 4254 ἄλλων,
1349 4193 1493 4256 ἅπαξ
1516 4195 1662 4262 εἰληα

1778 4189 2225 4258 lisputationibus
2256 4203 2392 4256 opus
2429 4197 2532 4250 est,
2590 4188 2780 4266 aliisve
2811 4188 3054 4253 judiciis,
3092 4201 3212 4238 cum
3238 4187 3304 4241 ad

124 4279 234 4344 φότι
266 4281 334 4331 τὰ
373 4281 507 4347 πρὸς
534 4281 814 4332 δικαίωσιν
841 4280 934 4332 καὶ
963 4282 1256 4347 ἀσφάλειαν
1278 4282 1527 4348 έγγραφα
1549 4282 1659 4334 τῶν

1778 4295 1951 4333 eorum
1991 4294 2110 4347 qua:
2143 4278 2524 4346 quoquomodo
2550 4277 2684 4339 dixi,
2743 4276 3118 4344 probationem
3176 4291 3305 4329 con-

126 4367 240 4430 ὲμοὶ
271 4366 604 4434 λαληθέντων
642 4366 926 4418 ὁπώσποτσ
974 4365 1108 4433 πρὸς
1147 4366 1392 4418 Ἰωάννου
1420 4362 1514 4418 τοῦ
1550 4384 1659 4419 πα-

1778 4369 2234 4436 irtnationemque
2288 4367 2488 4436 scripta
2555 4366 2956 4435 impetraverim
3009 4368 3223 4418 decreta
3273 4381 3302 4420 ιι

123 4457 366 4523 τριάρχου
417 4457 512 4506 καὶ
551 4455 659 4505 τῶν
699 4453 816 4504 τότε
866 4455 1294 4522 συνεδρευόντων
1349 4456 1657 4508 ἐπισκόπων

1778 4461 1964 4514 Ioaune
2003 4459 2307 4527 patriarcha
2335 4467 2390 4510 et
2418 4461 2482 4511 ab
2511 4459 2577 4511 iis
2603 4460 2694 4526 qui
2723 4472 2844 4510 cum
2871 4457 2962 4509 illo
2988 4466 3114 4510 tunc
3145 4457 3302 4510 sede-

124 4545 300 4632 ικείνω
329 4545 670 4613 ψηφίσματα.
718 4562 738 4594 ι
775 4544 911 4611 Πρὸς
947 4545 1092 4610 ᾰπερ
1140 4546 1264 4613 ἐμοὶ
1302 4546 1507 4598 τοιάνδε
1539 4564 1656 4598 ποι-

1778 4561 1906 4616 iant,
1937 4551 2265 4620 episcopis.»
2294 4550 2406 4618 Ego
2437 4564 2564 4602 vero
2589 4549 2702 4601 bare
2731 4548 2932 4618 sulijeci
2962 4532 2988 4602 ε’
3013 4548 3097 4599 «Si
3129 4562 3188 4600 ea
3208 4547 3302 4599 de-

123 4637 286 4688 είσθαι
320 4635 415 4705 τὴν
456 4635 736 4702 ὑποφοράν
783 4633 1126 4698 ξυνέπιπτεν.
1169 4653 1187 4686 ι
1231 4636 1291 4688 Et
1341 4637 1440 4705 μὲν
1468 4637 1532 4704 δὴ
1558 4638 1653 4688 καὶ

1778 4653 1900 4696 :reta
1935 4642 1980 4694 is
2013 4640 2105 4707 qni
2140 4640 2342 4692 fcccrat
2381 4641 2445 4692 ad
2494 4647 2791 4693 extremum
2843 4647 2956 4689 rata
2996 4633 3296 4695 habuisset,

125 4728 276 4795 μέχρι
304 4729 398 4779 καὶ
430 4728 485 4788 ές
537 4726 686 4788 τέλος
722 4725 826 4777 ὑπὸ
856 4724 949 4775 τοῦ
994 4726 1310 4793 δεδρακότος
1354 4729 1559 4778 ἐκείνου
1591 4727 1652 4777 τὸ

1779 4737 1792 4784 ἰ
1822 4747 1923 4784 non
1951 4731 2135 4784 eadem
2163 4730 2321 4795 paulo
2345 4738 2466 4797 post
2496 4727 2826 4779 firmioribus
2849 4727 2966 4779 aliis
2995 4727 3209 4793 scriptis
3236 4741 3299 4778 ac

122 4814 446 4887 κῦροςέἶχεν
470 4821 674 4881 ἐκεῖνα,
706 4819 801 4871 καὶ
839 4816 914 4886 μὴ
944 4819 1042 4867 οὐκ
1089 4817 1168 4878 είς
1206 4819 1422 4886 μακρὰν
1446 4819 1651 4884 ἑτέροις

1778 4819 1982 4872 ecretis
2011 4817 2328 4871 labefactata
2361 4826 2414 4868 ct
2442 4815 2685 4869 funditus
2744 4816 3001 4867 convulsa
3033 4815 3289 4875 fuissent,

122 4901 468 4958 διασέσεισταί
495 4923 554 4957 τε
588 4908 710 4959 κάκ·
740 4905 954 4975 βάθρων
992 4907 1461 4974 ἀναμεμόχλευται
1497 4913 1651 4972 στερ-

1778 4910 1847 4962 ibi
1883 4907 2384 4977 quidem-fortasse,
2413 4909 2514 4959 etsi
2549 4920 2652 4957 n0u
2682 4907 2923 4967 veritati,
2994 4905 3292 4979 probabilis

124 4994 348 5062 ροτέροις
380 4995 669 5062 γράμμασι
699 4997 790 5045 καὶ
813 4994 1145 5060 ψηφίσμασι,
1183 4997 1261 5044 σοὶ
1289 4995 1386 5058 μὲν
1415 4996 1563 5056 ἴσως,
1596 4996 1643 5045 εί

1783 5001 1892 5054 alio
1932 4998 2342 5065 sull'ragaretur.
2393 4995 2542 5061 Quod
2587 4995 2629 5049 si
2663 4996 2777 5064 ipse
2831 4995 2921 5065 qui
2957 4977 3178 5057 fecerat,
3235 4977 3293 5048 re

123 5088 206 5134 καὶ
237 5088 309 5154 μὴ
343 5091 407 5155 τῇ
437 5083 682 5155 ἀληθείᾳ,
711 5086 771 5136 τὸ
803 5086 1060 5150 παράπαν
1087 5079 1197 5152 εἶχε
1225 5085 1283 5134 τὸ
1316 5083 1552 5152 εἶλλογον.
1583 5090 1644 5139 Εἰ

1778 5105 1936 5142 :oram
1974 5089 2235 5161 epise0pis
2262 5087 2523 5155 pluribus,
2554 5103 2712 5156 quam
2743 5097 2874 5156 quot
2896 5098 3053 5142 antea
3099 5102 3295 5140 conve-

121 5173 159 5226 δ’
184 5175 324 5244 αὐτῷ
353 5193 415 5242 γε
461 5177 631 5245 δήπου
672 5175 750 5244 τῷ
790 5174 1089 5240 δεδρακότι.
1143 5174 1277 5239 μετά
1326 5174 1578 5226 πλειόνων
1613 5178 1645 5246 ἢ

1778 5189 1964 5241 ierant,
1997 5180 2175 5244 denuo
2201 5179 2526 5240 examinata,
2554 5187 2609 5233 et
2634 5179 2917 5246 multiplici
2945 5178 3287 5232 decretorum

123 5266 370 5336 πρότερον
400 5265 552 5330 αὖθις
581 5267 688 5319 τῶν
729 5267 1039 5318 ἐπισκόπων
1069 5264 1180 5336 (85)
1229 5266 1644 5338 συσκεψαμένῳ,

1778 5271 1964 5323 llorum
1997 5268 2130 5321 vitio
2154 5279 2457 5336 perspecto,
2481 5269 2824 5323 omnistudlo
2851 5269 2903 5321 in
2934 5268 2986 5321 id
3018 5266 3287 5329 incubuit,

1413 5393 1742 5454 Variorum
1775 5403 1956 5454 noue.

1745 5534 1882 5585 pene
1909 5519 2042 5572 orbe
2078 5519 2400 5586 patriareliis
2425 5527 2478 5572 et
2504 5515 2794 5586 episcopis,
2835 5517 3008 5570 octavi
3041 5525 3094 5569 et
3119 5517 3293 5572 ultimi

182 5518 296 5590 (83),
324 5519 511 5588 Itaque
549 5519 808 5590 adversus
838 5519 1110 5590 Palamam
1172 5516 1408 5586 synodus
1457 5528 1638 5590 coacta

1743 5587 1957 5639 eoticilii
1989 5603 2182 5640 nomen
2211 5589 2479 5640 habituro.
2523 5587 2578 5638 Τί

121 5587 201 5639 est
227 5607 254 5642 a
275 5589 476 5656 Joanne
509 5589 827 5656 patriarcha.
859 5591 1028 5655 Atque
1063 5587 1186 5639 illud
1223 5598 1303 5640 est
1328 5589 1634 5650 t'tmt'iliutn,

121 5654 583 5723 dtrtlttoGregtiras
616 5657 882 5715 (llistoriw
925 5654 1015 5709 lib.
1053 5671 1156 5715 xix,
1196 5674 1314 5722 cap.
1364 5659 1409 5715 l,
1442 5672 1496 5708 Il.
1527 5658 1632 5723 l8),
1739 5658 1904 5708 siotes
1959 5654 2352 5708 Palamicarum
2393 5655 2999 5723 Transgressiortuutlib.
3036 5670 3091 5716 I,
3123 5673 3288 5713 serui.

122 5722 338 5779 \euérem
363 5722 444 5778 ait
472 5726 665 5778 famam
693 5728 1082 5793 percrebuisse,
1111 5735 1358 5792 tanquam
1389 5722 1630 5777 heresim
1737 5725 1790 5784 4.
1811 5739 1930 5790 ευρ.
1953 5725 2008 5786 4,
2035 5724 2170 5778 duos
2199 5735 2402 5778 tantum
2429 5735 2482 5777 et
2505 5725 2690 5790 viginti
2721 5722 2998 5790 pontifices
3027 5728 3291 5777 athersus

127 5795 348 5851 omnium
380 5797 666 5850 titaxituam
697 5806 1025 5862 correctura,
1052 5795 1358 5866 coactisque
1388 5809 1454 5848 cx
1481 5796 1625 5846 omni
1731 5793 1998 5848 I’alamam
2023 5796 2510 5865 cuiviSse-testatur.
2532 5793 2606 5848 De
2637 5802 2873 5861 tempore
2901 5807 3006 5860 quo
3033 5809 3096 5848 ea
3113 5809 3262 5860 syno-

2569 5601 2722 5638 amcn
2761 5585 2994 5638 Joannes
3042 5587 3294 5654 Cyparis-
