  <div class='ocr_page' id='page_1' title='image "/cluster/home/n/w/nwhite01/storage/ocr_20150623/148/pst.000005714674/552.png"; bbox 0 0 4020 6334; ppageno 0'>
   <div class='ocr_carea' id='block_1_1' title="bbox 18 358 838 440">
    <p class='ocr_par' dir='ltr' id='par_1_1' title="bbox 18 358 838 440">
     <span class='ocr_line' id='line_1_1' title="bbox 18 358 838 440; baseline -0.004 -17"><span class='ocrx_word' id='word_1_1' title='bbox 18 358 179 438; x_wconf 73' lang='lat'><strong>&#39;1039</strong></span> <span class='ocrx_word' id='word_1_2' title='bbox 460 366 536 440; x_wconf 66' lang='lat' dir='ltr'><strong>IL.</strong></span> <span class='ocrx_word' id='word_1_3' title='bbox 576 365 838 439; x_wconf 65' lang='lat' dir='ltr'><strong>c.1348]</strong></span> 
     </span>
    </p>
   </div>
   <div class='ocr_carea' id='block_1_2' title="bbox 1020 355 2248 430">
    <p class='ocr_par' dir='ltr' id='par_1_2' title="bbox 1020 355 2248 430">
     <span class='ocr_line' id='line_1_2' title="bbox 1020 355 2248 430; baseline -0.012 0"><span class='ocrx_word' id='word_1_4' title='bbox 1020 364 1456 430; x_wconf 61' lang='grc' dir='ltr'><strong>ΒΥΖΑΝἸῚΝΞΕ</strong></span> <span class='ocrx_word' id='word_1_5' title='bbox 1496 359 1877 425; x_wconf 72' lang='lat' dir='ltr'><strong>HISTORUE</strong></span> <span class='ocrx_word' id='word_1_6' title='bbox 1917 360 2056 420; x_wconf 81' lang='lat' dir='ltr'><strong>LIB.</strong></span> <span class='ocrx_word' id='word_1_7' title='bbox 2097 355 2248 416; x_wconf 72' lang='lat' dir='ltr'><strong>XVI.</strong></span> 
     </span>
    </p>
   </div>
   <div class='ocr_carea' id='block_1_3' title="bbox 3114 347 3248 411">
    <p class='ocr_par' dir='ltr' id='par_1_3' title="bbox 3114 347 3248 411">
     <span class='ocr_line' id='line_1_3' title="bbox 3114 347 3248 411; baseline -0.007 -1"><span class='ocrx_word' id='word_1_8' title='bbox 3114 347 3248 411; x_wconf 77' lang='lat'><strong>1090</strong></span> 
     </span>
    </p>
   </div>
   <div class='ocr_carea' id='block_1_4' title="bbox 2329 342 2969 421">
    <p class='ocr_par' dir='ltr' id='par_1_4' title="bbox 2329 342 2969 421">
     <span class='ocr_line' id='line_1_4' title="bbox 2329 342 2969 421; baseline -0.006 -18"><span class='ocrx_word' id='word_1_9' title='bbox 2329 347 2462 421; x_wconf 54' lang='lat' dir='ltr'><strong>[una</strong></span> <span class='ocrx_word' id='word_1_10' title='bbox 2499 363 2544 403; x_wconf 78' lang='grc' dir='ltr'>ι.</span> <span class='ocrx_word' id='word_1_11' title='bbox 2582 359 2873 402; x_wconf 65' lang='lat' dir='ltr'><strong>cuncuz.</strong></span> <span class='ocrx_word' id='word_1_12' title='bbox 2910 342 2969 417; x_wconf 72' lang='lat'><strong>2]</strong></span> 
     </span>
    </p>
   </div>
   <div class='ocr_carea' id='block_1_5' title="bbox 100 466 1589 555">
    <p class='ocr_par' dir='ltr' id='par_1_5' title="bbox 100 474 1582 555">
     <span class='ocr_line' id='line_1_5' title="bbox 100 474 1582 555; baseline -0.007 -14"><span class='ocrx_word' id='word_1_13' title='bbox 100 487 172 541; x_wconf 75' lang='grc' dir='ltr'><strong>Γ.</strong></span> <span class='ocrx_word' id='word_1_14' title='bbox 205 485 406 540; x_wconf 73' lang='grc' dir='ltr'>Τούτου</span> <span class='ocrx_word' id='word_1_15' title='bbox 434 484 482 536; x_wconf 79' lang='grc' dir='ltr'>δ’</span> <span class='ocrx_word' id='word_1_16' title='bbox 503 483 645 537; x_wconf 81' lang='grc' dir='ltr'>οὕτω</span> <span class='ocrx_word' id='word_1_17' title='bbox 673 483 1079 555; x_wconf 83' lang='grc' dir='ltr'>κεχωρηκότος,</span> <span class='ocrx_word' id='word_1_18' title='bbox 1111 482 1169 534; x_wconf 85' lang='grc' dir='ltr'><strong>ἐν</strong></span> <span class='ocrx_word' id='word_1_19' title='bbox 1208 480 1408 542; x_wconf 76' lang='grc' dir='ltr'>λύπαις</span> <span class='ocrx_word' id='word_1_20' title='bbox 1441 474 1582 531; x_wconf 71' lang='grc' dir='ltr'>εἶναι</span> 
     </span>
    </p>
   </div>
   <div class='ocr_carea' id='block_1_6' title="bbox 1691 466 3248 555">
    <p class='ocr_par' dir='ltr' id='par_1_6' title="bbox 1756 466 3248 537">
     <span class='ocr_line' id='line_1_6' title="bbox 1756 466 3248 537; baseline -0.007 -9"><span class='ocrx_word' id='word_1_21' title='bbox 1756 474 1846 528; x_wconf 84' lang='lat' dir='ltr'><strong>Ill.</strong></span> <span class='ocrx_word' id='word_1_22' title='bbox 1890 472 1940 527; x_wconf 89' lang='lat' dir='ltr'><strong>ls</strong></span> <span class='ocrx_word' id='word_1_23' title='bbox 1970 487 2095 526; x_wconf 90' lang='lat' dir='ltr'><strong>cum</strong></span> <span class='ocrx_word' id='word_1_24' title='bbox 2126 471 2318 524; x_wconf 93' lang='lat' dir='ltr'><strong>fuisset</strong></span> <span class='ocrx_word' id='word_1_25' title='bbox 2348 468 2514 537; x_wconf 84' lang='lat' dir='ltr'><strong>hujus</strong></span> <span class='ocrx_word' id='word_1_26' title='bbox 2537 466 2665 521; x_wconf 91' lang='lat' dir='ltr'><strong>belli</strong></span> <span class='ocrx_word' id='word_1_27' title='bbox 2694 466 2892 527; x_wconf 76' lang='lat' dir='ltr'><strong>exitus,</strong></span> <span class='ocrx_word' id='word_1_28' title='bbox 2926 466 3117 519; x_wconf 80' lang='lat' dir='ltr'><strong>incidit</strong></span> <span class='ocrx_word' id='word_1_29' title='bbox 3145 471 3248 520; x_wconf 85' lang='lat' dir='ltr'><strong>itu-</strong></span> 
     </span>
    </p>
   </div>
   <div class='ocr_carea' id='block_1_7' title="bbox 34 570 1583 646">
    <p class='ocr_par' dir='ltr' id='par_1_7' title="bbox 34 570 1583 646">
     <span class='ocr_line' id='line_1_7' title="bbox 34 570 1583 646; baseline -0.007 -16"><span class='ocrx_word' id='word_1_30' title='bbox 34 578 106 645; x_wconf 80' lang='grc' dir='ltr'>τῷ</span> <span class='ocrx_word' id='word_1_31' title='bbox 132 577 337 646; x_wconf 75' lang='grc' dir='ltr'>βασιλεῖ</span> <span class='ocrx_word' id='word_1_32' title='bbox 360 575 655 641; x_wconf 80' lang='grc' dir='ltr'>ξυνέϐαινε,</span> <span class='ocrx_word' id='word_1_33' title='bbox 684 576 783 644; x_wconf 79' lang='grc' dir='ltr'>τῆς</span> <span class='ocrx_word' id='word_1_34' title='bbox 806 592 865 628; x_wconf 85' lang='grc' dir='ltr'><strong>τε</strong></span> <span class='ocrx_word' id='word_1_35' title='bbox 892 572 1343 644; x_wconf 76' lang='grc' dir='ltr'><strong>προσδοκωμένης</strong></span> <span class='ocrx_word' id='word_1_36' title='bbox 1376 570 1583 638; x_wconf 75' lang='grc' dir='ltr'>ἐκεῖθεν</span> 
     </span>
    </p>
   </div>
   <div class='ocr_carea' id='block_1_8' title="bbox 40 663 1584 738">
    <p class='ocr_par' dir='ltr' id='par_1_8' title="bbox 40 663 1584 738">
     <span class='ocr_line' id='line_1_8' title="bbox 40 663 1584 738; baseline -0.005 -19"><span class='ocrx_word' id='word_1_37' title='bbox 40 669 304 737; x_wconf 77' lang='grc' dir='ltr'><strong>Περσικῆς</strong></span> <span class='ocrx_word' id='word_1_38' title='bbox 331 666 671 738; x_wconf 75' lang='grc' dir='ltr'>λελειμμένῳ</span> <span class='ocrx_word' id='word_1_39' title='bbox 702 666 1014 736; x_wconf 79' lang='grc' dir='ltr'>συμμαχίας</span> <span class='ocrx_word' id='word_1_40' title='bbox 1042 665 1135 717; x_wconf 72' lang='grc' dir='ltr'>καὶ</span> <span class='ocrx_word' id='word_1_41' title='bbox 1158 663 1272 731; x_wconf 73' lang='grc' dir='ltr'>ἅμα</span> <span class='ocrx_word' id='word_1_42' title='bbox 1302 663 1456 730; x_wconf 80' lang='grc' dir='ltr'>φίλου</span> <span class='ocrx_word' id='word_1_43' title='bbox 1495 677 1584 728; x_wconf 84' lang='grc' dir='ltr'>με-</span> 
     </span>
    </p>
   </div>
   <div class='ocr_carea' id='block_1_9' title="bbox 36 755 1586 828">
    <p class='ocr_par' dir='ltr' id='par_1_9' title="bbox 36 755 1586 828">
     <span class='ocr_line' id='line_1_9' title="bbox 36 755 1586 828; baseline -0.002 -20"><span class='ocrx_word' id='word_1_44' title='bbox 36 757 221 825; x_wconf 74' lang='grc' dir='ltr'>γίστην</span> <span class='ocrx_word' id='word_1_45' title='bbox 253 757 397 826; x_wconf 72' lang='grc' dir='ltr'>αὐτῷ</span> <span class='ocrx_word' id='word_1_46' title='bbox 450 758 538 810; x_wconf 71' lang='grc' dir='ltr'><strong>διὰ</strong></span> <span class='ocrx_word' id='word_1_47' title='bbox 567 758 682 827; x_wconf 86' lang='grc' dir='ltr'>βίου</span> <span class='ocrx_word' id='word_1_48' title='bbox 712 761 1050 828; x_wconf 68' lang='grc' dir='ltr'>τηρήσαντος</span> <span class='ocrx_word' id='word_1_49' title='bbox 1097 755 1309 807; x_wconf 69' lang='grc' dir='ltr'>εὔνοιαν</span> <span class='ocrx_word' id='word_1_50' title='bbox 1359 756 1586 821; x_wconf 81' lang='grc' dir='ltr'>ἐστερη-</span> 
     </span>
    </p>
   </div>
   <div class='ocr_carea' id='block_1_10' title="bbox 40 832 1585 919">
    <p class='ocr_par' dir='ltr' id='par_1_10' title="bbox 40 832 1585 919">
     <span class='ocr_line' id='line_1_10' title="bbox 40 832 1585 919; baseline -0.004 -20"><span class='ocrx_word' id='word_1_51' title='bbox 40 850 302 917; x_wconf 83' lang='grc' dir='ltr'>μένῳ.Ἓν</span> <span class='ocrx_word' id='word_1_52' title='bbox 320 849 416 916; x_wconf 81' lang='grc' dir='ltr'>μὲν</span> <span class='ocrx_word' id='word_1_53' title='bbox 440 850 504 919; x_wconf 81' lang='grc' dir='ltr'>δὴ</span> <span class='ocrx_word' id='word_1_54' title='bbox 530 849 685 901; x_wconf 88' lang='grc' dir='ltr'>τοῦτο</span> <span class='ocrx_word' id='word_1_55' title='bbox 713 852 810 916; x_wconf 85' lang='grc' dir='ltr'>τῆς</span> <span class='ocrx_word' id='word_1_56' title='bbox 841 848 980 900; x_wconf 76' lang='grc' dir='ltr'>κατὰ</span> <span class='ocrx_word' id='word_1_57' title='bbox 1011 846 1323 915; x_wconf 82' lang='grc' dir='ltr'>Τριϐαλλῶν</span> <span class='ocrx_word' id='word_1_58' title='bbox 1354 832 1585 910; x_wconf 70' lang='grc' dir='ltr'>ἐκστρα-</span> 
     </span>
    </p>
   </div>
   <div class='ocr_carea' id='block_1_11' title="bbox 34 934 1587 1008">
    <p class='ocr_par' dir='ltr' id='par_1_11' title="bbox 34 934 1587 1008">
     <span class='ocr_line' id='line_1_11' title="bbox 34 934 1587 1008; baseline -0.003 -18"><span class='ocrx_word' id='word_1_59' title='bbox 34 941 175 1000; x_wconf 82' lang='grc' dir='ltr'><strong>τείας</strong></span> <span class='ocrx_word' id='word_1_60' title='bbox 200 938 450 1007; x_wconf 76' lang='grc' dir='ltr'>ἐμποδὼν</span> <span class='ocrx_word' id='word_1_61' title='bbox 491 941 731 1006; x_wconf 78' lang='grc' dir='ltr'>ἐγεγόνει</span> <span class='ocrx_word' id='word_1_62' title='bbox 756 938 832 1008; x_wconf 79' lang='grc' dir='ltr'>τῷ</span> <span class='ocrx_word' id='word_1_63' title='bbox 864 940 1090 1008; x_wconf 84' lang='grc' dir='ltr'>βασιλεῖ.</span> <span class='ocrx_word' id='word_1_64' title='bbox 1125 937 1385 1005; x_wconf 69' lang='grc' dir='ltr'>Δεύτερον</span> <span class='ocrx_word' id='word_1_65' title='bbox 1415 934 1493 996; x_wconf 81' lang='grc' dir='ltr'><strong>δὲ,</strong></span> <span class='ocrx_word' id='word_1_66' title='bbox 1527 934 1587 985; x_wconf 85' lang='grc' dir='ltr'><strong>τδ</strong></span> 
     </span>
    </p>
   </div>
   <div class='ocr_carea' id='block_1_12' title="bbox 38 1026 1586 1100">
    <p class='ocr_par' dir='ltr' id='par_1_12' title="bbox 38 1026 1586 1100">
     <span class='ocr_line' id='line_1_12' title="bbox 38 1026 1586 1100; baseline -0.001 -21"><span class='ocrx_word' id='word_1_67' title='bbox 38 1030 169 1082; x_wconf 72' lang='grc' dir='ltr'>κατὰ</span> <span class='ocrx_word' id='word_1_68' title='bbox 192 1029 301 1080; x_wconf 84' lang='grc' dir='ltr'><strong>τῶν</strong></span> <span class='ocrx_word' id='word_1_69' title='bbox 326 1030 537 1100; x_wconf 84' lang='grc' dir='ltr'>νεφρῶν</span> <span class='ocrx_word' id='word_1_70' title='bbox 580 1030 692 1100; x_wconf 85' lang='grc'>(86)</span> <span class='ocrx_word' id='word_1_71' title='bbox 716 1031 993 1098; x_wconf 77' lang='grc' dir='ltr'>ἐνσκῆψαν</span> <span class='ocrx_word' id='word_1_72' title='bbox 1016 1028 1174 1096; x_wconf 80' lang='grc' dir='ltr'><strong>αὺτῷ</strong></span> <span class='ocrx_word' id='word_1_73' title='bbox 1204 1030 1332 1095; x_wconf 77' lang='grc' dir='ltr'>περὶ</span> <span class='ocrx_word' id='word_1_74' title='bbox 1363 1028 1461 1088; x_wconf 69' lang='grc' dir='ltr'><strong>τὰς</strong></span> <span class='ocrx_word' id='word_1_75' title='bbox 1497 1026 1586 1077; x_wconf 81' lang='grc' dir='ltr'>θε-</span> 
     </span>
    </p>
   </div>
   <div class='ocr_carea' id='block_1_13' title="bbox 41 1106 1585 1191">
    <p class='ocr_par' dir='ltr' id='par_1_13' title="bbox 41 1106 1585 1191">
     <span class='ocr_line' id='line_1_13' title="bbox 41 1106 1585 1191; baseline 0.008 -23"><span class='ocrx_word' id='word_1_76' title='bbox 41 1121 183 1185; x_wconf 67' lang='grc' dir='ltr'>ρινὰς</span> <span class='ocrx_word' id='word_1_77' title='bbox 226 1106 320 1172; x_wconf 67' lang='grc' dir='ltr'><strong>τοῦ</strong></span> <span class='ocrx_word' id='word_1_78' title='bbox 350 1121 496 1191; x_wconf 75' lang='grc' dir='ltr'>ἡλίου</span> <span class='ocrx_word' id='word_1_79' title='bbox 526 1122 732 1190; x_wconf 68' lang='grc' dir='ltr'>τροπὰς</span> <span class='ocrx_word' id='word_1_80' title='bbox 775 1124 1011 1187; x_wconf 76' lang='grc' dir='ltr'>νόσημα,</span> <span class='ocrx_word' id='word_1_81' title='bbox 1041 1120 1137 1182; x_wconf 78' lang='grc' dir='ltr'><strong>τάς</strong></span> <span class='ocrx_word' id='word_1_82' title='bbox 1181 1137 1238 1172; x_wconf 88' lang='grc' dir='ltr'><strong>τε</strong></span> <span class='ocrx_word' id='word_1_83' title='bbox 1284 1119 1585 1188; x_wconf 61' lang='grc' dir='ltr'>ἀλγηδόνλς</span> 
     </span>
    </p>
   </div>
   <div class='ocr_carea' id='block_1_14' title="bbox 39 1208 1588 1282">
    <p class='ocr_par' dir='ltr' id='par_1_14' title="bbox 39 1208 1588 1282">
     <span class='ocr_line' id='line_1_14' title="bbox 39 1208 1588 1282; baseline 0.001 -24"><span class='ocrx_word' id='word_1_84' title='bbox 39 1209 280 1277; x_wconf 78' lang='grc' dir='ltr'><strong>δριμείας</strong></span> <span class='ocrx_word' id='word_1_85' title='bbox 306 1211 680 1281; x_wconf 79' lang='grc' dir='ltr'>ἐπάγοναὺτῷ</span> <span class='ocrx_word' id='word_1_86' title='bbox 710 1213 804 1264; x_wconf 77' lang='grc' dir='ltr'><strong>καὶ</strong></span> <span class='ocrx_word' id='word_1_87' title='bbox 830 1211 927 1282; x_wconf 82' lang='grc' dir='ltr'>τὴν</span> <span class='ocrx_word' id='word_1_88' title='bbox 966 1211 1060 1264; x_wconf 87' lang='grc' dir='ltr'><strong>τοῦ</strong></span> <span class='ocrx_word' id='word_1_89' title='bbox 1097 1211 1331 1278; x_wconf 76' lang='grc' dir='ltr'><strong>βαδίζειν</strong></span> <span class='ocrx_word' id='word_1_90' title='bbox 1362 1208 1588 1262; x_wconf 75' lang='grc' dir='ltr'>ὑποκλέ-</span> 
     </span>
    </p>
   </div>
   <div class='ocr_carea' id='block_1_15' title="bbox 37 1300 1587 1374">
    <p class='ocr_par' dir='ltr' id='par_1_15' title="bbox 37 1300 1587 1374">
     <span class='ocr_line' id='line_1_15' title="bbox 37 1300 1587 1374; baseline 0.001 -23"><span class='ocrx_word' id='word_1_91' title='bbox 37 1316 163 1351; x_wconf 82' lang='grc' dir='ltr'>πτον</span> <span class='ocrx_word' id='word_1_92' title='bbox 198 1302 508 1371; x_wconf 71' lang='grc' dir='ltr'><strong>ἐλευθερίαν</strong></span> <span class='ocrx_word' id='word_1_93' title='bbox 524 1305 702 1356; x_wconf 72' lang='grc' dir='ltr'>τεκαὶ</span> <span class='ocrx_word' id='word_1_94' title='bbox 733 1303 1034 1374; x_wconf 74' lang='grc' dir='ltr'><strong>ῥᾳστώνην,</strong></span> <span class='ocrx_word' id='word_1_95' title='bbox 1079 1304 1170 1355; x_wconf 81' lang='grc' dir='ltr'>καὶ</span> <span class='ocrx_word' id='word_1_96' title='bbox 1194 1302 1311 1370; x_wconf 74' lang='grc' dir='ltr'>ἅμα</span> <span class='ocrx_word' id='word_1_97' title='bbox 1345 1302 1442 1363; x_wconf 69' lang='grc' dir='ltr'>τὰς</span> <span class='ocrx_word' id='word_1_98' title='bbox 1478 1300 1587 1353; x_wconf 75' lang='grc' dir='ltr'><strong>τῶν</strong></span> 
     </span>
    </p>
   </div>
   <div class='ocr_carea' id='block_1_16' title="bbox 39 1391 1587 1465">
    <p class='ocr_par' dir='ltr' id='par_1_16' title="bbox 39 1391 1587 1465">
     <span class='ocr_line' id='line_1_16' title="bbox 39 1391 1587 1465; baseline 0.001 -24"><span class='ocrx_word' id='word_1_99' title='bbox 39 1392 233 1459; x_wconf 86' lang='grc' dir='ltr'>ίατρῶν</span> <span class='ocrx_word' id='word_1_100' title='bbox 268 1395 596 1461; x_wconf 85' lang='grc' dir='ltr'>ἐπαγγελίας</span> <span class='ocrx_word' id='word_1_101' title='bbox 624 1395 682 1448; x_wconf 76' lang='grc' dir='ltr'>οὗ</span> <span class='ocrx_word' id='word_1_102' title='bbox 719 1396 863 1465; x_wconf 72' lang='grc' dir='ltr'>μάλα</span> <span class='ocrx_word' id='word_1_103' title='bbox 889 1412 970 1448; x_wconf 84' lang='grc' dir='ltr'><strong>τοι</strong></span> <span class='ocrx_word' id='word_1_104' title='bbox 1010 1396 1145 1465; x_wconf 66' lang='grc' dir='ltr'>πρός</span> <span class='ocrx_word' id='word_1_105' title='bbox 1169 1395 1229 1445; x_wconf 77' lang='grc' dir='ltr'>τδ</span> <span class='ocrx_word' id='word_1_106' title='bbox 1251 1391 1441 1445; x_wconf 71' lang='grc' dir='ltr'>εὔελπι</span> <span class='ocrx_word' id='word_1_107' title='bbox 1485 1409 1587 1443; x_wconf 86' lang='grc' dir='ltr'>κα-</span> 
     </span>
    </p>
   </div>
   <div class='ocr_carea' id='block_1_17' title="bbox 38 1482 1590 1557">
    <p class='ocr_par' dir='ltr' id='par_1_17' title="bbox 38 1482 1590 1557">
     <span class='ocr_line' id='line_1_17' title="bbox 38 1482 1590 1557; baseline 0.001 -24"><span class='ocrx_word' id='word_1_108' title='bbox 38 1482 207 1547; x_wconf 78' lang='grc' dir='ltr'>Θαρῶς</span> <span class='ocrx_word' id='word_1_109' title='bbox 230 1484 579 1553; x_wconf 78' lang='grc' dir='ltr'>ἀθροίζεσθαι</span> <span class='ocrx_word' id='word_1_110' title='bbox 610 1487 926 1557; x_wconf 74' lang='grc' dir='ltr'><strong>συγχωροῦν</strong></span> <span class='ocrx_word' id='word_1_111' title='bbox 954 1489 1016 1538; x_wconf 79' lang='grc' dir='ltr'>ἐκ</span> <span class='ocrx_word' id='word_1_112' title='bbox 1039 1484 1131 1538; x_wconf 85' lang='grc' dir='ltr'><strong>τοῦ</strong></span> <span class='ocrx_word' id='word_1_113' title='bbox 1161 1484 1450 1550; x_wconf 83' lang='grc' dir='ltr'>σύνεγγυς.</span> <span class='ocrx_word' id='word_1_114' title='bbox 1481 1483 1590 1535; x_wconf 67' lang='grc' dir='ltr'><strong>Καὶ</strong></span> 
     </span>
    </p>
   </div>
   <div class='ocr_carea' id='block_1_18' title="bbox 36 1572 1589 1647">
    <p class='ocr_par' dir='ltr' id='par_1_18' title="bbox 36 1572 1589 1647">
     <span class='ocr_line' id='line_1_18' title="bbox 36 1572 1589 1647; baseline 0.004 -27"><span class='ocrx_word' id='word_1_115' title='bbox 36 1572 209 1638; x_wconf 86' lang='grc' dir='ltr'>τρίτον</span> <span class='ocrx_word' id='word_1_116' title='bbox 233 1575 325 1625; x_wconf 74' lang='grc' dir='ltr'>ἐπὶ</span> <span class='ocrx_word' id='word_1_117' title='bbox 352 1576 580 1639; x_wconf 82' lang='grc' dir='ltr'>τούτοις,</span> <span class='ocrx_word' id='word_1_118' title='bbox 623 1579 655 1647; x_wconf 80' lang='grc' dir='ltr'>ἡ</span> <span class='ocrx_word' id='word_1_119' title='bbox 685 1578 793 1631; x_wconf 70' lang='grc' dir='ltr'>τῶν</span> <span class='ocrx_word' id='word_1_120' title='bbox 821 1581 878 1630; x_wconf 85' lang='grc' dir='ltr'><strong>ἐν</strong></span> <span class='ocrx_word' id='word_1_121' title='bbox 910 1581 1021 1638; x_wconf 76' lang='grc' dir='ltr'>τοῖς</span> <span class='ocrx_word' id='word_1_122' title='bbox 1061 1577 1098 1628; x_wconf 89' lang='grc' dir='ltr'><strong><em>Γ</em></strong></span> <span class='ocrx_word' id='word_1_123' title='bbox 1103 1577 1302 1629; x_wconf 71' lang='grc' dir='ltr'>αλάτου</span> <span class='ocrx_word' id='word_1_124' title='bbox 1343 1573 1589 1629; x_wconf 83' lang='grc' dir='ltr'>Λατίνων</span> 
     </span>
    </p>
   </div>
   <div class='ocr_carea' id='block_1_19' title="bbox 38 1662 1586 1738">
    <p class='ocr_par' dir='ltr' id='par_1_19' title="bbox 38 1662 1586 1738">
     <span class='ocr_line' id='line_1_19' title="bbox 38 1662 1586 1738; baseline 0.004 -28"><span class='ocrx_word' id='word_1_125' title='bbox 38 1663 169 1713; x_wconf 76' lang='grc' dir='ltr'>κατὰ</span> <span class='ocrx_word' id='word_1_126' title='bbox 203 1662 510 1727; x_wconf 77' lang='grc' dir='ltr'>Βυζαντίων</span> <span class='ocrx_word' id='word_1_127' title='bbox 536 1668 594 1733; x_wconf 73' lang='grc' dir='ltr'>ἐξ</span> <span class='ocrx_word' id='word_1_128' title='bbox 636 1668 888 1735; x_wconf 77' lang='grc' dir='ltr'>οὐδεμιᾶς</span> <span class='ocrx_word' id='word_1_129' title='bbox 920 1671 1242 1738; x_wconf 72' lang='grc' dir='ltr'>προφάσεως</span> <span class='ocrx_word' id='word_1_130' title='bbox 1278 1666 1586 1718; x_wconf 77' lang='grc' dir='ltr'>ἐπαναστα-</span> 
     </span>
    </p>
   </div>
   <div class='ocr_carea' id='block_1_20' title="bbox 40 1753 1591 1830">
    <p class='ocr_par' dir='ltr' id='par_1_20' title="bbox 40 1753 1591 1830">
     <span class='ocr_line' id='line_1_20' title="bbox 40 1753 1591 1830; baseline 0.012 -29"><span class='ocrx_word' id='word_1_131' title='bbox 40 1768 115 1813; x_wconf 79' lang='grc' dir='ltr'><strong>σις</strong></span> <span class='ocrx_word' id='word_1_132' title='bbox 142 1753 281 1822; x_wconf 81' lang='grc'>(87),</span> <span class='ocrx_word' id='word_1_133' title='bbox 313 1756 347 1826; x_wconf 70' lang='grc' dir='ltr'>ἢ</span> <span class='ocrx_word' id='word_1_134' title='bbox 403 1758 537 1825; x_wconf 76' lang='grc' dir='ltr'>μετὰ</span> <span class='ocrx_word' id='word_1_135' title='bbox 570 1760 669 1821; x_wconf 77' lang='grc' dir='ltr'>τὰς</span> <span class='ocrx_word' id='word_1_136' title='bbox 706 1762 956 1830; x_wconf 87' lang='grc' dir='ltr'>Ὀρίωνος</span> <span class='ocrx_word' id='word_1_137' title='bbox 1002 1758 1253 1821; x_wconf 80' lang='grc' dir='ltr'>ἐπιτολὰς</span> <span class='ocrx_word' id='word_1_138' title='bbox 1302 1756 1591 1818; x_wconf 59' lang='grc' dir='ltr'><strong>εὺοὺξπε·</strong></span> 
     </span>
    </p>
   </div>
   <div class='ocr_carea' id='block_1_21' title="bbox 1688 555 3247 633">
    <p class='ocr_par' dir='ltr' id='par_1_21' title="bbox 1688 555 3247 633">
     <span class='ocr_line' id='line_1_21' title="bbox 1688 555 3247 633; baseline -0.005 -17"><span class='ocrx_word' id='word_1_139' title='bbox 1688 574 1906 633; x_wconf 88' lang='lat' dir='ltr'><strong>pcrator</strong></span> <span class='ocrx_word' id='word_1_140' title='bbox 1939 564 1993 615; x_wconf 89' lang='lat' dir='ltr'><strong>in</strong></span> <span class='ocrx_word' id='word_1_141' title='bbox 2031 562 2267 624; x_wconf 82' lang='lat' dir='ltr'><strong>luctum,</strong></span> <span class='ocrx_word' id='word_1_142' title='bbox 2301 568 2355 611; x_wconf 92' lang='lat' dir='ltr'><strong>ut</strong></span> <span class='ocrx_word' id='word_1_143' title='bbox 2402 558 2496 626; x_wconf 85' lang='lat' dir='ltr'><strong>qui</strong></span> <span class='ocrx_word' id='word_1_144' title='bbox 2539 556 2700 611; x_wconf 87' lang='lat' dir='ltr'><strong>simul</strong></span> <span class='ocrx_word' id='word_1_145' title='bbox 2741 564 2795 609; x_wconf 91' lang='lat' dir='ltr'><strong>et</strong></span> <span class='ocrx_word' id='word_1_146' title='bbox 2839 555 3094 613; x_wconf 80' lang='lat' dir='ltr'><strong>Persicis.</strong></span> <span class='ocrx_word' id='word_1_147' title='bbox 3129 571 3247 623; x_wconf 79' lang='lat' dir='ltr'><strong>qua:</strong></span> 
     </span>
    </p>
   </div>
   <div class='ocr_carea' id='block_1_22' title="bbox 1687 647 3246 722">
    <p class='ocr_par' dir='ltr' id='par_1_22' title="bbox 1687 647 3246 722">
     <span class='ocr_line' id='line_1_22' title="bbox 1687 647 3246 722; baseline -0.006 -13"><span class='ocrx_word' id='word_1_148' title='bbox 1687 656 1837 709; x_wconf 89' lang='lat' dir='ltr'><strong>illinc</strong></span> <span class='ocrx_word' id='word_1_149' title='bbox 1878 659 2215 722; x_wconf 81' lang='lat' dir='ltr'><strong>speraverat,</strong></span> <span class='ocrx_word' id='word_1_150' title='bbox 2248 649 2468 702; x_wconf 76' lang='lat' dir='ltr'><strong>auxiliis</strong></span> <span class='ocrx_word' id='word_1_151' title='bbox 2502 647 2913 706; x_wconf 89' lang='lat' dir='ltr'><strong>destitueretur,</strong></span> <span class='ocrx_word' id='word_1_152' title='bbox 2950 656 3001 700; x_wconf 90' lang='lat' dir='ltr'><strong>et</strong></span> <span class='ocrx_word' id='word_1_153' title='bbox 3029 663 3115 705; x_wconf 86' lang='lat' dir='ltr'><strong>eo.</strong></span> <span class='ocrx_word' id='word_1_154' title='bbox 3154 647 3246 713; x_wconf 88' lang='lat' dir='ltr'><strong>qui</strong></span> 
     </span>
    </p>
   </div>
   <div class='ocr_carea' id='block_1_23' title="bbox 1687 737 3335 813">
    <p class='ocr_par' dir='ltr' id='par_1_23' title="bbox 1687 737 3335 813">
     <span class='ocr_line' id='line_1_23' title="bbox 1687 737 3335 813; baseline -0.008 -14"><span class='ocrx_word' id='word_1_155' title='bbox 1687 744 2018 813; x_wconf 81' lang='lat' dir='ltr'><strong>singularem</strong></span> <span class='ocrx_word' id='word_1_156' title='bbox 2042 757 2169 811; x_wconf 76' lang='lat' dir='ltr'><strong>erga</strong></span> <span class='ocrx_word' id='word_1_157' title='bbox 2195 756 2253 795; x_wconf 84' lang='lat' dir='ltr'><strong>se</strong></span> <span class='ocrx_word' id='word_1_158' title='bbox 2282 740 2720 794; x_wconf 82' lang='lat' dir='ltr'><strong>benevolentiam</strong></span> <span class='ocrx_word' id='word_1_159' title='bbox 2754 747 2862 791; x_wconf 89' lang='lat' dir='ltr'><strong>tota</strong></span> <span class='ocrx_word' id='word_1_160' title='bbox 2888 737 2997 790; x_wconf 79' lang='lat' dir='ltr'><strong>vita</strong></span> <span class='ocrx_word' id='word_1_161' title='bbox 3029 752 3248 791; x_wconf 82' lang='lat' dir='ltr'><strong>conset-</strong></span> <span class='ocrx_word' id='word_1_162' title='bbox 3328 784 3335 785; x_wconf 61' lang='lat'><strong><em>,</em></strong></span> 
     </span>
    </p>
   </div>
   <div class='ocr_carea' id='block_1_24' title="bbox 1687 826 3248 895">
    <p class='ocr_par' dir='ltr' id='par_1_24' title="bbox 1687 826 3248 895">
     <span class='ocr_line' id='line_1_24' title="bbox 1687 826 3248 895; baseline -0.004 -8"><span class='ocrx_word' id='word_1_163' title='bbox 1687 842 1927 895; x_wconf 82' lang='lat' dir='ltr'><strong>vaverat,</strong></span> <span class='ocrx_word' id='word_1_164' title='bbox 1960 834 2133 886; x_wconf 90' lang='lat' dir='ltr'><strong>amico</strong></span> <span class='ocrx_word' id='word_1_165' title='bbox 2176 834 2486 885; x_wconf 75' lang='lat' dir='ltr'><strong>orbaretur.‘</strong></span> <span class='ocrx_word' id='word_1_166' title='bbox 2530 830 2710 884; x_wconf 89' lang='lat' dir='ltr'><strong>Prima</strong></span> <span class='ocrx_word' id='word_1_167' title='bbox 2742 844 2805 883; x_wconf 89' lang='lat' dir='ltr'><strong>ea</strong></span> <span class='ocrx_word' id='word_1_168' title='bbox 2857 843 2942 882; x_wconf 89' lang='lat' dir='ltr'><strong>res</strong></span> <span class='ocrx_word' id='word_1_169' title='bbox 2968 826 3098 890; x_wconf 86' lang='lat' dir='ltr'><strong>fuit,</strong></span> <span class='ocrx_word' id='word_1_170' title='bbox 3128 842 3248 894; x_wconf 70' lang='lat' dir='ltr'><strong>quae</strong></span> 
     </span>
    </p>
   </div>
   <div class='ocr_carea' id='block_1_25' title="bbox 1688 919 3247 995">
    <p class='ocr_par' dir='ltr' id='par_1_25' title="bbox 1688 919 3247 995">
     <span class='ocr_line' id='line_1_25' title="bbox 1688 919 3247 995; baseline -0.005 -16"><span class='ocrx_word' id='word_1_171' title='bbox 1688 925 2032 995; x_wconf 82' lang='lat' dir='ltr'><strong>imperatoris</strong></span> <span class='ocrx_word' id='word_1_172' title='bbox 2066 925 2118 977; x_wconf 90' lang='lat' dir='ltr'><strong>in</strong></span> <span class='ocrx_word' id='word_1_173' title='bbox 2152 924 2422 977; x_wconf 82' lang='lat' dir='ltr'><strong>Triballos</strong></span> <span class='ocrx_word' id='word_1_174' title='bbox 2451 920 2791 990; x_wconf 79' lang='lat' dir='ltr'><strong>expeditioni</strong></span> <span class='ocrx_word' id='word_1_175' title='bbox 2823 919 3116 973; x_wconf 85' lang='lat' dir='ltr'><strong>obstiterit.</strong></span> <span class='ocrx_word' id='word_1_176' title='bbox 3155 919 3247 971; x_wconf 85' lang='lat' dir='ltr'><strong>AI-</strong></span> 
     </span>
    </p>
   </div>
   <div class='ocr_carea' id='block_1_26' title="bbox 1689 1010 3247 1083">
    <p class='ocr_par' dir='ltr' id='par_1_26' title="bbox 1689 1010 3247 1083">
     <span class='ocr_line' id='line_1_26' title="bbox 1689 1010 3247 1083; baseline -0.007 -14"><span class='ocrx_word' id='word_1_177' title='bbox 1689 1028 1800 1070; x_wconf 90' lang='lat' dir='ltr'><strong>tera</strong></span> <span class='ocrx_word' id='word_1_178' title='bbox 1846 1016 2094 1077; x_wconf 88' lang='lat' dir='ltr'><strong>morbus,</strong></span> <span class='ocrx_word' id='word_1_179' title='bbox 2136 1014 2229 1083; x_wconf 84' lang='lat' dir='ltr'><strong>qui</strong></span> <span class='ocrx_word' id='word_1_180' title='bbox 2270 1014 2444 1067; x_wconf 91' lang='lat' dir='ltr'><strong>cidem</strong></span> <span class='ocrx_word' id='word_1_181' title='bbox 2484 1012 2630 1066; x_wconf 90' lang='lat' dir='ltr'><strong>circa</strong></span> <span class='ocrx_word' id='word_1_182' title='bbox 2664 1011 2960 1067; x_wconf 84' lang='lat' dir='ltr'><strong>solstitium</strong></span> <span class='ocrx_word' id='word_1_183' title='bbox 2999 1010 3247 1062; x_wconf 74' lang='lat' dir='ltr'><strong>teSLivunt</strong></span> 
     </span>
    </p>
   </div>
   <div class='ocr_carea' id='block_1_27' title="bbox 1690 1100 3246 1167">
    <p class='ocr_par' dir='ltr' id='par_1_27' title="bbox 1690 1100 3246 1167">
     <span class='ocr_line' id='line_1_27' title="bbox 1690 1100 3246 1167; baseline -0.006 -7"><span class='ocrx_word' id='word_1_184' title='bbox 1690 1109 1740 1160; x_wconf 88' lang='lat' dir='ltr'><strong>in</strong></span> <span class='ocrx_word' id='word_1_185' title='bbox 1770 1110 1928 1159; x_wconf 70' lang='lat' dir='ltr'><strong>renes</strong></span> <span class='ocrx_word' id='word_1_186' title='bbox 1956 1106 2174 1167; x_wconf 79' lang='lat' dir='ltr'><strong>invasit,</strong></span> <span class='ocrx_word' id='word_1_187' title='bbox 2208 1105 2426 1159; x_wconf 86' lang='lat' dir='ltr'><strong>dolores</strong></span> <span class='ocrx_word' id='word_1_188' title='bbox 2452 1119 2607 1157; x_wconf 82' lang='lat' dir='ltr'><strong>acres</strong></span> <span class='ocrx_word' id='word_1_189' title='bbox 2641 1102 2894 1163; x_wconf 83' lang='lat' dir='ltr'><strong>atlerens,</strong></span> <span class='ocrx_word' id='word_1_190' title='bbox 2933 1109 2986 1152; x_wconf 90' lang='lat' dir='ltr'><strong>et</strong></span> <span class='ocrx_word' id='word_1_191' title='bbox 3017 1100 3246 1152; x_wconf 85' lang='lat' dir='ltr'><strong>liberam</strong></span> 
     </span>
    </p>
   </div>
   <div class='ocr_carea' id='block_1_28' title="bbox 1690 1189 3250 1263">
    <p class='ocr_par' dir='ltr' id='par_1_28' title="bbox 1690 1189 3250 1263">
     <span class='ocr_line' id='line_1_28' title="bbox 1690 1189 3250 1263; baseline -0.006 -13"><span class='ocrx_word' id='word_1_192' title='bbox 1690 1196 1973 1251; x_wconf 85' lang='lat' dir='ltr'><strong>incedendi</strong></span> <span class='ocrx_word' id='word_1_193' title='bbox 2010 1196 2324 1249; x_wconf 74' lang='lat' dir='ltr'><strong>facultatem</strong></span> <span class='ocrx_word' id='word_1_194' title='bbox 2357 1196 2724 1263; x_wconf 85' lang='lat' dir='ltr'><strong>supprimens,</strong></span> <span class='ocrx_word' id='word_1_195' title='bbox 2763 1193 2836 1245; x_wconf 89' lang='lat' dir='ltr'><strong>ita</strong></span> <span class='ocrx_word' id='word_1_196' title='bbox 2872 1201 2931 1243; x_wconf 90' lang='lat' dir='ltr'><strong>ut</strong></span> <span class='ocrx_word' id='word_1_197' title='bbox 2967 1206 3032 1243; x_wconf 78' lang='lat' dir='ltr'><strong>ex</strong></span> <span class='ocrx_word' id='word_1_198' title='bbox 3073 1189 3250 1242; x_wconf 87' lang='lat' dir='ltr'><strong>medi-</strong></span> 
     </span>
    </p>
   </div>
   <div class='ocr_carea' id='block_1_29' title="bbox 1687 1283 3252 1356">
    <p class='ocr_par' dir='ltr' id='par_1_29' title="bbox 1687 1283 3252 1356">
     <span class='ocr_line' id='line_1_29' title="bbox 1687 1283 3252 1356; baseline -0.005 -13"><span class='ocrx_word' id='word_1_199' title='bbox 1687 1303 1877 1343; x_wconf 88' lang='lat' dir='ltr'><strong>corum</strong></span> <span class='ocrx_word' id='word_1_200' title='bbox 1908 1286 2191 1356; x_wconf 86' lang='lat' dir='ltr'><strong>promissis</strong></span> <span class='ocrx_word' id='word_1_201' title='bbox 2224 1300 2346 1353; x_wconf 83' lang='lat' dir='ltr'><strong>spes</strong></span> <span class='ocrx_word' id='word_1_202' title='bbox 2381 1301 2488 1339; x_wconf 89' lang='lat' dir='ltr'><strong>non</strong></span> <span class='ocrx_word' id='word_1_203' title='bbox 2521 1286 2810 1338; x_wconf 83' lang='lat' dir='ltr'><strong>admodum</strong></span> <span class='ocrx_word' id='word_1_204' title='bbox 2840 1283 2959 1337; x_wconf 64' lang='lat' dir='ltr'><strong>lana</strong></span> <span class='ocrx_word' id='word_1_205' title='bbox 2986 1292 3079 1335; x_wconf 89' lang='lat' dir='ltr'><strong>aut</strong></span> <span class='ocrx_word' id='word_1_206' title='bbox 3103 1292 3252 1335; x_wconf 88' lang='lat' dir='ltr'><strong>certa</strong></span> 
     </span>
    </p>
   </div>
   <div class='ocr_carea' id='block_1_30' title="bbox 1688 1382 3251 1452">
    <p class='ocr_par' dir='ltr' id='par_1_30' title="bbox 1688 1382 3251 1452">
     <span class='ocr_line' id='line_1_30' title="bbox 1688 1382 3251 1452; baseline -0.004 -12"><span class='ocrx_word' id='word_1_207' title='bbox 1688 1384 1951 1440; x_wconf 89' lang='lat' dir='ltr'><strong>continuo</strong></span> <span class='ocrx_word' id='word_1_208' title='bbox 1980 1384 2350 1452; x_wconf 80' lang='lat' dir='ltr'><strong>colligeretur.</strong></span> <span class='ocrx_word' id='word_1_209' title='bbox 2390 1382 2633 1436; x_wconf 90' lang='lat' dir='ltr'><strong>Tertium</strong></span> <span class='ocrx_word' id='word_1_210' title='bbox 2668 1383 3116 1450; x_wconf 77' lang='lat' dir='ltr'><strong>impedimentum</strong></span> <span class='ocrx_word' id='word_1_211' title='bbox 3160 1396 3251 1433; x_wconf 75' lang='lat' dir='ltr'><strong>ac-</strong></span> 
     </span>
    </p>
   </div>
   <div class='ocr_carea' id='block_1_31' title="bbox 1689 1475 3254 1546">
    <p class='ocr_par' dir='ltr' id='par_1_31' title="bbox 1689 1475 3254 1546">
     <span class='ocr_line' id='line_1_31' title="bbox 1689 1475 3254 1546; baseline -0.004 -13"><span class='ocrx_word' id='word_1_212' title='bbox 1689 1478 1876 1543; x_wconf 91' lang='lat' dir='ltr'><strong>cessit,</strong></span> <span class='ocrx_word' id='word_1_213' title='bbox 1904 1477 2132 1531; x_wconf 82' lang='lat' dir='ltr'><strong>rebellio</strong></span> <span class='ocrx_word' id='word_1_214' title='bbox 2160 1477 2227 1529; x_wconf 86' lang='lat' dir='ltr'><strong>ab</strong></span> <span class='ocrx_word' id='word_1_215' title='bbox 2258 1476 2461 1530; x_wconf 80' lang='lat' dir='ltr'><strong>Latinis</strong></span> <span class='ocrx_word' id='word_1_216' title='bbox 2486 1475 2740 1531; x_wconf 71' lang='lat' dir='ltr'><strong>Galataeis</strong></span> <span class='ocrx_word' id='word_1_217' title='bbox 2766 1476 3028 1530; x_wconf 86' lang='lat' dir='ltr'><strong>adversus</strong></span> <span class='ocrx_word' id='word_1_218' title='bbox 3051 1475 3254 1546; x_wconf 72' lang='lat' dir='ltr'><strong>Byzan-</strong></span> 
     </span>
    </p>
   </div>
   <div class='ocr_carea' id='block_1_32' title="bbox 1694 1567 3254 1636">
    <p class='ocr_par' dir='ltr' id='par_1_32' title="bbox 1694 1567 3254 1636">
     <span class='ocr_line' id='line_1_32' title="bbox 1694 1567 3254 1636; baseline -0.003 -14"><span class='ocrx_word' id='word_1_219' title='bbox 1694 1572 1798 1622; x_wconf 88' lang='lat' dir='ltr'><strong>tios</strong></span> <span class='ocrx_word' id='word_1_220' title='bbox 1841 1569 1992 1622; x_wconf 88' lang='lat' dir='ltr'><strong>nullo</strong></span> <span class='ocrx_word' id='word_1_221' title='bbox 2041 1578 2301 1636; x_wconf 76' lang='lat' dir='ltr'><strong>przetcxtu</strong></span> <span class='ocrx_word' id='word_1_222' title='bbox 2334 1576 2545 1636; x_wconf 76' lang='lat' dir='ltr'><strong>empta;</strong></span> <span class='ocrx_word' id='word_1_223' title='bbox 2586 1583 2706 1636; x_wconf 75' lang='lat' dir='ltr'><strong>qua:</strong></span> <span class='ocrx_word' id='word_1_224' title='bbox 2755 1568 2822 1621; x_wconf 89' lang='lat' dir='ltr'><strong>ab</strong></span> <span class='ocrx_word' id='word_1_225' title='bbox 2868 1567 3089 1621; x_wconf 82' lang='lat' dir='ltr'><strong>Orionis</strong></span> <span class='ocrx_word' id='word_1_226' title='bbox 3126 1576 3254 1619; x_wconf 86' lang='lat' dir='ltr'><strong>ortu</strong></span> 
     </span>
    </p>
   </div>
   <div class='ocr_carea' id='block_1_33' title="bbox 1691 1657 3251 1728">
    <p class='ocr_par' dir='ltr' id='par_1_33' title="bbox 1691 1657 3251 1728">
     <span class='ocr_line' id='line_1_33' title="bbox 1691 1657 3251 1728; baseline -0.003 -13"><span class='ocrx_word' id='word_1_227' title='bbox 1691 1662 1875 1716; x_wconf 86' lang='lat' dir='ltr'><strong>statim</strong></span> <span class='ocrx_word' id='word_1_228' title='bbox 1920 1660 2135 1727; x_wconf 87' lang='lat' dir='ltr'><strong>initium</strong></span> <span class='ocrx_word' id='word_1_229' title='bbox 2165 1660 2397 1727; x_wconf 70' lang='lat' dir='ltr'><strong>jhabuit.</strong></span> <span class='ocrx_word' id='word_1_230' title='bbox 2445 1660 2519 1713; x_wconf 85' lang='lat' dir='ltr'><strong>De</strong></span> <span class='ocrx_word' id='word_1_231' title='bbox 2565 1674 2650 1725; x_wconf 86' lang='lat' dir='ltr'><strong>ea,</strong></span> <span class='ocrx_word' id='word_1_232' title='bbox 2687 1661 2904 1727; x_wconf 81' lang='lat' dir='ltr'><strong>paulum</strong></span> <span class='ocrx_word' id='word_1_233' title='bbox 2954 1657 3251 1728; x_wconf 75' lang='lat' dir='ltr'><strong>progressi,</strong></span> 
     </span>
    </p>
   </div>
   <div class='ocr_carea' id='block_1_34' title="bbox 1691 1752 3147 1822">
    <p class='ocr_par' dir='ltr' id='par_1_34' title="bbox 1691 1752 3147 1822">
     <span class='ocr_line' id='line_1_34' title="bbox 1691 1752 3147 1822; baseline -0.001 -16"><span class='ocrx_word' id='word_1_234' title='bbox 1691 1769 1912 1822; x_wconf 83' lang='lat' dir='ltr'><strong>agemus</strong></span> <span class='ocrx_word' id='word_1_235' title='bbox 1936 1753 2077 1807; x_wconf 89' lang='lat' dir='ltr'><strong>infra</strong></span> <span class='ocrx_word' id='word_1_236' title='bbox 2104 1752 2302 1808; x_wconf 83' lang='lat' dir='ltr'><strong>fusius.</strong></span> <span class='ocrx_word' id='word_1_237' title='bbox 2341 1753 2495 1807; x_wconf 89' lang='lat' dir='ltr'><strong>Nuttc</strong></span> <span class='ocrx_word' id='word_1_238' title='bbox 2532 1769 2660 1808; x_wconf 81' lang='lat' dir='ltr'><strong>vero</strong></span> <span class='ocrx_word' id='word_1_239' title='bbox 2691 1754 2824 1808; x_wconf 90' lang='lat' dir='ltr'><strong>illud</strong></span> <span class='ocrx_word' id='word_1_240' title='bbox 2858 1766 3147 1807; x_wconf 85' lang='lat' dir='ltr'><strong>resumam.</strong></span> 
     </span>
    </p>
   </div>
   <div class='ocr_carea' id='block_1_35' title="bbox 38 1843 3249 1924">
    <p class='ocr_par' dir='ltr' id='par_1_35' title="bbox 38 1843 3249 1924">
     <span class='ocr_line' id='line_1_35' title="bbox 38 1843 3249 1924; baseline 0.001 -27"><span class='ocrx_word' id='word_1_241' title='bbox 38 1847 251 1912; x_wconf 77' lang='grc' dir='ltr'>ποίηται</span> <span class='ocrx_word' id='word_1_242' title='bbox 298 1851 395 1907; x_wconf 76' lang='grc' dir='ltr'>τὰς</span> <span class='ocrx_word' id='word_1_243' title='bbox 441 1852 651 1920; x_wconf 77' lang='grc' dir='ltr'>ἁρχὰς’</span> <span class='ocrx_word' id='word_1_244' title='bbox 700 1855 828 1924; x_wconf 76' lang='grc' dir='ltr'>περὶ</span> <span class='ocrx_word' id='word_1_245' title='bbox 872 1848 939 1924; x_wconf 79' lang='grc' dir='ltr'>ἧς</span> <span class='ocrx_word' id='word_1_246' title='bbox 1000 1851 1191 1921; x_wconf 68' lang='grc' dir='ltr'>μικρὸν</span> <span class='ocrx_word' id='word_1_247' title='bbox 1230 1849 1454 1918; x_wconf 80' lang='grc' dir='ltr'>ὕστερον</span> <span class='ocrx_word' id='word_1_248' title='bbox 1495 1843 1775 1916; x_wconf 86' lang='grc' dir='ltr'>προῖόντες</span> <span class='ocrx_word' id='word_1_249' title='bbox 1803 1845 2047 1915; x_wconf 69' lang='grc' dir='ltr'>ξέροῦμεν</span> <span class='ocrx_word' id='word_1_250' title='bbox 2097 1845 2414 1915; x_wconf 61' lang='grc' dir='ltr'><strong>πλατυτέρα⁸</strong></span> <span class='ocrx_word' id='word_1_251' title='bbox 2453 1848 2520 1916; x_wconf 78' lang='grc' dir='ltr'>τῇ</span> <span class='ocrx_word' id='word_1_252' title='bbox 2572 1846 2810 1920; x_wconf 75' lang='grc' dir='ltr'>γλώττῃ.</span> <span class='ocrx_word' id='word_1_253' title='bbox 2842 1847 2954 1900; x_wconf 80' lang='grc' dir='ltr'>Νῦν</span> <span class='ocrx_word' id='word_1_254' title='bbox 2988 1846 3033 1899; x_wconf 82' lang='grc' dir='ltr'>δ’</span> <span class='ocrx_word' id='word_1_255' title='bbox 3071 1848 3249 1900; x_wconf 80' lang='grc' dir='ltr'>ἐκεῖνο</span> 
     </span>
    </p>
   </div>
   <div class='ocr_carea' id='block_1_36' title="bbox 39 1940 477 2010">
    <p class='ocr_par' dir='ltr' id='par_1_36' title="bbox 39 1940 477 2010">
     <span class='ocr_line' id='line_1_36' title="bbox 39 1940 477 2010; baseline 0.016 -21"><span class='ocrx_word' id='word_1_256' title='bbox 39 1940 477 2010; x_wconf 71' lang='grc' dir='ltr'>ἐπαναλήψομαι.</span> 
     </span>
    </p>
   </div>
   <div class='ocr_carea' id='block_1_37' title="bbox 1450 2051 1830 2108">
    <p class='ocr_par' dir='ltr' id='par_1_37' title="bbox 1450 2051 1830 2108">
     <span class='ocr_line' id='line_1_37' title="bbox 1450 2051 1830 2108; baseline 0 -1"><span class='ocrx_word' id='word_1_257' title='bbox 1450 2052 1680 2108; x_wconf 82' lang='lat' dir='ltr'><strong>CAPUT</strong></span> <span class='ocrx_word' id='word_1_258' title='bbox 1718 2051 1830 2107; x_wconf 83' lang='grc' dir='ltr'>νιι.</span> 
     </span>
    </p>
   </div>
   <div class='ocr_carea' id='block_1_38' title="bbox 40 2143 3252 2215">
    <p class='ocr_par' dir='ltr' id='par_1_38' title="bbox 40 2143 3252 2215">
     <span class='ocr_line' id='line_1_38' title="bbox 40 2143 3252 2215; baseline 0.001 -17"><span class='ocrx_word' id='word_1_259' title='bbox 40 2145 206 2199; x_wconf 72' lang='lat' dir='ltr'><strong>Persa!</strong></span> <span class='ocrx_word' id='word_1_260' title='bbox 234 2150 503 2214; x_wconf 79' lang='lat' dir='ltr'><strong>prccdones</strong></span> <span class='ocrx_word' id='word_1_261' title='bbox 534 2148 588 2201; x_wconf 86' lang='lat' dir='ltr'><strong>in</strong></span> <span class='ocrx_word' id='word_1_262' title='bbox 620 2148 891 2203; x_wconf 83' lang='lat' dir='ltr'><strong>Thraciam</strong></span> <span class='ocrx_word' id='word_1_263' title='bbox 918 2164 980 2203; x_wconf 71' lang='lat' dir='ltr'><strong>ex</strong></span> <span class='ocrx_word' id='word_1_264' title='bbox 1006 2148 1129 2202; x_wconf 79' lang='lat' dir='ltr'><strong>Asia</strong></span> <span class='ocrx_word' id='word_1_265' title='bbox 1160 2146 1457 2215; x_wconf 84' lang='lat' dir='ltr'><strong>trajiciunt.</strong></span> <span class='ocrx_word' id='word_1_266' title='bbox 1514 2145 1726 2212; x_wconf 74' lang='lat' dir='ltr'><strong>Equites</strong></span> <span class='ocrx_word' id='word_1_267' title='bbox 1758 2143 2089 2213; x_wconf 83' lang='lat' dir='ltr'><strong>circumjecta</strong></span> <span class='ocrx_word' id='word_1_268' title='bbox 2138 2143 2348 2215; x_wconf 78' lang='lat' dir='ltr'><strong>Bizynaz</strong></span> <span class='ocrx_word' id='word_1_269' title='bbox 2393 2146 2512 2198; x_wconf 79' lang='lat' dir='ltr'><strong>urbi</strong></span> <span class='ocrx_word' id='word_1_270' title='bbox 2558 2146 2672 2199; x_wconf 86' lang='lat' dir='ltr'><strong>loca</strong></span> <span class='ocrx_word' id='word_1_271' title='bbox 2704 2146 2995 2202; x_wconf 77' lang='lat' dir='ltr'><strong>incursant.</strong></span> <span class='ocrx_word' id='word_1_272' title='bbox 3049 2146 3252 2203; x_wconf 70' lang='lat' dir='ltr'><strong>Pedites</strong></span> 
     </span>
    </p>
   </div>
   <div class='ocr_carea' id='block_1_39' title="bbox 101 2215 3252 2285">
    <p class='ocr_par' dir='ltr' id='par_1_39' title="bbox 101 2215 3252 2285">
     <span class='ocr_line' id='line_1_39' title="bbox 101 2215 3252 2285; baseline 0.001 -18"><span class='ocrx_word' id='word_1_273' title='bbox 101 2216 322 2268; x_wconf 78' lang='lat' dir='ltr'><strong>ulterius</strong></span> <span class='ocrx_word' id='word_1_274' title='bbox 354 2228 587 2285; x_wconf 80' lang='lat' dir='ltr'><strong>pergunt.</strong></span> <span class='ocrx_word' id='word_1_275' title='bbox 632 2218 907 2272; x_wconf 66' lang='lat' dir='ltr'><strong>Mattiacas</strong></span> <span class='ocrx_word' id='word_1_276' title='bbox 963 2218 1350 2273; x_wconf 79' lang='lat' dir='ltr'><strong>Cantacuzenus</strong></span> <span class='ocrx_word' id='word_1_277' title='bbox 1390 2232 1504 2266; x_wconf 83' lang='lat' dir='ltr'><strong>cum</strong></span> <span class='ocrx_word' id='word_1_278' title='bbox 1535 2231 1697 2285; x_wconf 67' lang='lat' dir='ltr'><strong>parua</strong></span> <span class='ocrx_word' id='word_1_279' title='bbox 1726 2230 1912 2285; x_wconf 71' lang='lat' dir='ltr'><strong>_matiu</strong></span> <span class='ocrx_word' id='word_1_280' title='bbox 1957 2215 2033 2266; x_wconf 80' lang='lat' dir='ltr'><strong>Itis</strong></span> <span class='ocrx_word' id='word_1_281' title='bbox 2087 2217 2330 2267; x_wconf 85' lang='lat' dir='ltr'><strong>occurrit.</strong></span> <span class='ocrx_word' id='word_1_282' title='bbox 2385 2215 2609 2268; x_wconf 74' lang='lat' dir='ltr'><strong>Barbari</strong></span> <span class='ocrx_word' id='word_1_283' title='bbox 2656 2216 2917 2271; x_wconf 81' lang='lat' dir='ltr'><strong>Romanos</strong></span> <span class='ocrx_word' id='word_1_284' title='bbox 2967 2221 3252 2285; x_wconf 77' lang='lat' dir='ltr'><strong>conspicati</strong></span> 
     </span>
    </p>
   </div>
   <div class='ocr_carea' id='block_1_40' title="bbox 100 2278 3250 2358">
    <p class='ocr_par' dir='ltr' id='par_1_40' title="bbox 100 2278 3250 2358">
     <span class='ocr_line' id='line_1_40' title="bbox 100 2278 3250 2358; baseline 0.002 -24"><span class='ocrx_word' id='word_1_285' title='bbox 100 2287 224 2358; x_wconf 79' lang='lat' dir='ltr'><strong>quid</strong></span> <span class='ocrx_word' id='word_1_286' title='bbox 248 2278 465 2358; x_wconf 55' lang='lat' dir='ltr'><strong>egerint:</strong></span> <span class='ocrx_word' id='word_1_287' title='bbox 501 2287 648 2358; x_wconf 72' lang='lat' dir='ltr'><strong>Acris</strong></span> <span class='ocrx_word' id='word_1_288' title='bbox 681 2305 875 2358; x_wconf 71' lang='lat' dir='ltr'><strong>pugna.</strong></span> <span class='ocrx_word' id='word_1_289' title='bbox 913 2287 1149 2341; x_wconf 78' lang='lat' dir='ltr'><strong>Matthwi</strong></span> <span class='ocrx_word' id='word_1_290' title='bbox 1206 2286 1511 2358; x_wconf 73' lang='lat' dir='ltr'><strong>strenuitas.</strong></span> <span class='ocrx_word' id='word_1_291' title='bbox 1535 2278 1852 2358; x_wconf 21' lang='grc' dir='ltr'><strong>’-Ελὶιείίειηᾲ</strong></span> <span class='ocrx_word' id='word_1_292' title='bbox 1881 2284 1935 2335; x_wconf 80' lang='lat' dir='ltr'><strong>in</strong></span> <span class='ocrx_word' id='word_1_293' title='bbox 1986 2285 2152 2336; x_wconf 77' lang='lat' dir='ltr'><strong>hostes</strong></span> <span class='ocrx_word' id='word_1_294' title='bbox 2193 2295 2385 2358; x_wconf 74' lang='lat' dir='ltr'><strong>temere</strong></span> <span class='ocrx_word' id='word_1_295' title='bbox 2432 2288 2617 2339; x_wconf 85' lang='lat' dir='ltr'><strong>invecti</strong></span> <span class='ocrx_word' id='word_1_296' title='bbox 2665 2286 2974 2358; x_wconf 77' lang='lat' dir='ltr'><strong>periculum.</strong></span> <span class='ocrx_word' id='word_1_297' title='bbox 3024 2278 3250 2341; x_wconf 75' lang='lat' dir='ltr'><strong>Barbari</strong></span> 
     </span>
    </p>
   </div>
   <div class='ocr_carea' id='block_1_41' title="bbox 104 2353 3251 2428">
    <p class='ocr_par' dir='ltr' id='par_1_41' title="bbox 104 2353 3251 2428">
     <span class='ocr_line' id='line_1_41' title="bbox 104 2353 3251 2428; baseline 0.002 -24"><span class='ocrx_word' id='word_1_298' title='bbox 104 2353 454 2428; x_wconf 75' lang='lat' dir='ltr'><strong>internecione</strong></span> <span class='ocrx_word' id='word_1_299' title='bbox 478 2355 651 2408; x_wconf 81' lang='lat' dir='ltr'><strong>deleti.</strong></span> <span class='ocrx_word' id='word_1_300' title='bbox 683 2353 967 2428; x_wconf 61' lang='lat' dir='ltr'><strong>i&#39;fazciara:</strong></span> <span class='ocrx_word' id='word_1_301' title='bbox 994 2372 1108 2424; x_wconf 80' lang='lat' dir='ltr'><strong>spes</strong></span> <span class='ocrx_word' id='word_1_302' title='bbox 1161 2370 1234 2428; x_wconf 64' lang='grc' dir='ltr'><strong>(νει)Δ</strong></span> <span class='ocrx_word' id='word_1_303' title='bbox 1275 2353 1466 2406; x_wconf 83' lang='lat' dir='ltr'><strong>illustri</strong></span> <span class='ocrx_word' id='word_1_304' title='bbox 1514 2354 1747 2428; x_wconf 75' lang='lat' dir='ltr'><strong>victoria.</strong></span> <span class='ocrx_word' id='word_1_305' title='bbox 1806 2353 2058 2421; x_wconf 81' lang='lat' dir='ltr'><strong>Equestre</strong></span> <span class='ocrx_word' id='word_1_306' title='bbox 2108 2356 2417 2423; x_wconf 73' lang='lat' dir='ltr'><strong>prazdonum</strong></span> <span class='ocrx_word' id='word_1_307' title='bbox 2471 2353 2752 2426; x_wconf 30' lang='lat' dir='ltr'><strong>agmen-ab</strong></span> <span class='ocrx_word' id='word_1_308' title='bbox 2797 2357 2908 2425; x_wconf 81' lang='lat' dir='ltr'><strong>ipso</strong></span> <span class='ocrx_word' id='word_1_309' title='bbox 2939 2360 3251 2428; x_wconf 76' lang='lat' dir='ltr'><strong>imperatore</strong></span> 
     </span>
    </p>
   </div>
   <div class='ocr_carea' id='block_1_42' title="bbox 104 2420 3287 2493">
    <p class='ocr_par' dir='ltr' id='par_1_42' title="bbox 104 2420 3287 2493">
     <span class='ocr_line' id='line_1_42' title="bbox 104 2420 3287 2493; baseline 0 -19"><span class='ocrx_word' id='word_1_310' title='bbox 104 2425 301 2491; x_wconf 83' lang='lat' dir='ltr'><strong>partim</strong></span> <span class='ocrx_word' id='word_1_311' title='bbox 328 2437 536 2487; x_wconf 75' lang='lat' dir='ltr'><strong>cwsum,</strong></span> <span class='ocrx_word' id='word_1_312' title='bbox 573 2426 765 2493; x_wconf 83' lang='lat' dir='ltr'><strong>partim</strong></span> <span class='ocrx_word' id='word_1_313' title='bbox 795 2432 977 2493; x_wconf 74' lang='lat' dir='ltr'><strong>prwda</strong></span> <span class='ocrx_word' id='word_1_314' title='bbox 1007 2420 1185 2492; x_wconf 74' lang='lat' dir='ltr'><strong>erepta</strong></span> <span class='ocrx_word' id='word_1_315' title='bbox 1208 2423 1382 2490; x_wconf 78' lang='lat' dir='ltr'><strong>{usum</strong></span> <span class='ocrx_word' id='word_1_316' title='bbox 1414 2431 1460 2473; x_wconf 83' lang='lat' dir='ltr'><strong>et</strong></span> <span class='ocrx_word' id='word_1_317' title='bbox 1496 2424 1805 2489; x_wconf 81' lang='lat' dir='ltr'><strong>dispersum.</strong></span> <span class='ocrx_word' id='word_1_318' title='bbox 1866 2420 1871 2421; x_wconf 50' lang='grc'><strong><em>⁷</em></strong></span> <span class='ocrx_word' id='word_1_319' title='bbox 2110 2420 2118 2423; x_wconf 60' lang='grc'>⁷</span> <span class='ocrx_word' id='word_1_320' title='bbox 2506 2420 2526 2426; x_wconf 67' lang='grc'>⁷</span> <span class='ocrx_word' id='word_1_321' title='bbox 2818 2420 2827 2425; x_wconf 70' lang='grc'>⁷</span> <span class='ocrx_word' id='word_1_322' title='bbox 3012 2420 3023 2428; x_wconf 85' lang='grc'><em>’</em></span> <span class='ocrx_word' id='word_1_323' title='bbox 3276 2420 3287 2437; x_wconf 87' lang='grc'><strong><em>⁸</em></strong></span> 
     </span>
    </p>
   </div>
   <div class='ocr_carea' id='block_1_43' title="bbox 108 2534 1589 2609">
    <p class='ocr_par' dir='ltr' id='par_1_43' title="bbox 108 2534 1589 2607">
     <span class='ocr_line' id='line_1_43' title="bbox 108 2534 1589 2607; baseline -0.001 -18"><span class='ocrx_word' id='word_1_324' title='bbox 108 2534 182 2590; x_wconf 81' lang='lat' dir='ltr'><strong>A&#39;.</strong></span> <span class='ocrx_word' id='word_1_325' title='bbox 216 2539 377 2606; x_wconf 80' lang='grc' dir='ltr'>’Δρτι</span> <span class='ocrx_word' id='word_1_326' title='bbox 410 2534 503 2589; x_wconf 89' lang='grc' dir='ltr'><strong>τοῦ</strong></span> <span class='ocrx_word' id='word_1_327' title='bbox 553 2536 703 2607; x_wconf 77' lang='grc' dir='ltr'>ἡλίου</span> <span class='ocrx_word' id='word_1_328' title='bbox 751 2538 849 2601; x_wconf 85' lang='grc' dir='ltr'><strong>τὰς</strong></span> <span class='ocrx_word' id='word_1_329' title='bbox 883 2538 1102 2607; x_wconf 85' lang='grc' dir='ltr'>θερινὰς</span> <span class='ocrx_word' id='word_1_330' title='bbox 1135 2537 1337 2606; x_wconf 80' lang='grc' dir='ltr'>τροπὰς</span> <span class='ocrx_word' id='word_1_331' title='bbox 1382 2539 1589 2606; x_wconf 85' lang='grc' dir='ltr'>παραλ-</span> 
     </span>
    </p>
   </div>
   <div class='ocr_carea' id='block_1_44' title="bbox 1691 2534 3252 2609">
    <p class='ocr_par' dir='ltr' id='par_1_44' title="bbox 1763 2536 3252 2609">
     <span class='ocr_line' id='line_1_44' title="bbox 1763 2536 3252 2609; baseline 0.007 -19"><span class='ocrx_word' id='word_1_332' title='bbox 1763 2536 1805 2593; x_wconf 90' lang='lat' dir='ltr'><strong>l.</strong></span> <span class='ocrx_word' id='word_1_333' title='bbox 1849 2537 2043 2592; x_wconf 88' lang='lat' dir='ltr'><strong>Statim</strong></span> <span class='ocrx_word' id='word_1_334' title='bbox 2074 2550 2196 2608; x_wconf 87' lang='lat' dir='ltr'><strong>post</strong></span> <span class='ocrx_word' id='word_1_335' title='bbox 2218 2543 2789 2609; x_wconf 2' lang='lat' dir='ltr'><strong>astivumpsolstitium</strong></span> <span class='ocrx_word' id='word_1_336' title='bbox 2823 2544 3109 2600; x_wconf 77' lang='lat' dir='ltr'><strong>Persarum</strong></span> <span class='ocrx_word' id='word_1_337' title='bbox 3140 2561 3252 2601; x_wconf 86' lang='lat' dir='ltr'><strong>ma-</strong></span> 
     </span>
    </p>
   </div>
   <div class='ocr_carea' id='block_1_45' title="bbox 41 2629 1590 2701">
    <p class='ocr_par' dir='ltr' id='par_1_45' title="bbox 41 2629 1590 2701">
     <span class='ocr_line' id='line_1_45' title="bbox 41 2629 1590 2701; baseline -0.001 -22"><span class='ocrx_word' id='word_1_338' title='bbox 41 2629 344 2692; x_wconf 81' lang='grc' dir='ltr'>λὰττοντος,</span> <span class='ocrx_word' id='word_1_339' title='bbox 377 2630 617 2701; x_wconf 78' lang='grc' dir='ltr'>Περσική</span> <span class='ocrx_word' id='word_1_340' title='bbox 650 2646 731 2692; x_wconf 85' lang='grc' dir='ltr'><strong>τις</strong></span> <span class='ocrx_word' id='word_1_341' title='bbox 775 2629 1002 2698; x_wconf 82' lang='grc' dir='ltr'>δύναμις</span> <span class='ocrx_word' id='word_1_342' title='bbox 1038 2629 1174 2699; x_wconf 85' lang='grc'>(88),</span> <span class='ocrx_word' id='word_1_343' title='bbox 1208 2629 1265 2695; x_wconf 80' lang='grc' dir='ltr'>ἐξ</span> <span class='ocrx_word' id='word_1_344' title='bbox 1292 2630 1590 2696; x_wconf 78' lang='grc' dir='ltr'>αὐτονόμου</span> 
     </span>
    </p>
   </div>
   <div class='ocr_carea' id='block_1_46' title="bbox 43 2716 1635 2793">
    <p class='ocr_par' dir='ltr' id='par_1_46' title="bbox 43 2716 1635 2793">
     <span class='ocr_line' id='line_1_46' title="bbox 43 2716 1635 2793; baseline -0.003 -21"><span class='ocrx_word' id='word_1_345' title='bbox 43 2722 128 2772; x_wconf 79' lang='grc' dir='ltr'>καὶ</span> <span class='ocrx_word' id='word_1_346' title='bbox 159 2720 459 2790; x_wconf 77' lang='grc' dir='ltr'>λῃστρικῆς</span> <span class='ocrx_word' id='word_1_347' title='bbox 492 2720 624 2789; x_wconf 81' lang='grc' dir='ltr'>ἄλλη</span> <span class='ocrx_word' id='word_1_348' title='bbox 652 2719 875 2774; x_wconf 72' lang='grc' dir='ltr'>ἄλλοθεν</span> <span class='ocrx_word' id='word_1_349' title='bbox 896 2720 1232 2790; x_wconf 80' lang='grc' dir='ltr'>ἠθροισμένη</span> <span class='ocrx_word' id='word_1_350' title='bbox 1263 2720 1470 2789; x_wconf 79' lang='grc' dir='ltr'>τροφῆς</span> <span class='ocrx_word' id='word_1_351' title='bbox 1499 2716 1593 2771; x_wconf 68' lang='grc' dir='ltr'>καὶ</span> <span class='ocrx_word' id='word_1_352' title='bbox 1622 2776 1635 2793; x_wconf 33' lang='grc' dir='ltr'><strong>ν</strong></span> 
     </span>
    </p>
   </div>
   <div class='ocr_carea' id='block_1_47' title="bbox 24 2810 1589 2883">
    <p class='ocr_par' dir='ltr' id='par_1_47' title="bbox 24 2810 1589 2883">
     <span class='ocr_line' id='line_1_47' title="bbox 24 2810 1589 2883; baseline -0.001 -20"><span class='ocrx_word' id='word_1_353' title='bbox 24 2813 263 2878; x_wconf 64' lang='grc' dir='ltr'>διαίτης,</span> <span class='ocrx_word' id='word_1_354' title='bbox 300 2812 358 2875; x_wconf 78' lang='grc' dir='ltr'><strong>ἐς</strong></span> <span class='ocrx_word' id='word_1_355' title='bbox 385 2812 604 2883; x_wconf 81' lang='grc' dir='ltr'><strong>Θρᾴκην</strong></span> <span class='ocrx_word' id='word_1_356' title='bbox 632 2810 693 2876; x_wconf 80' lang='grc' dir='ltr'>ἐξ</span> <span class='ocrx_word' id='word_1_357' title='bbox 731 2811 912 2874; x_wconf 82' lang='grc' dir='ltr'>Ἀσίας</span> <span class='ocrx_word' id='word_1_358' title='bbox 950 2811 1242 2879; x_wconf 86' lang='grc' dir='ltr'>πεποίηται</span> <span class='ocrx_word' id='word_1_359' title='bbox 1268 2814 1368 2879; x_wconf 85' lang='grc' dir='ltr'>τὴν</span> <span class='ocrx_word' id='word_1_360' title='bbox 1396 2810 1589 2863; x_wconf 76' lang='grc' dir='ltr'>διάϐαο</span> 
     </span>
    </p>
   </div>
   <div class='ocr_carea' id='block_1_48' title="bbox 43 2899 1593 2974">
    <p class='ocr_par' dir='ltr' id='par_1_48' title="bbox 43 2899 1593 2974">
     <span class='ocr_line' id='line_1_48' title="bbox 43 2899 1593 2974; baseline 0.003 -22"><span class='ocrx_word' id='word_1_361' title='bbox 43 2920 143 2957; x_wconf 87' lang='grc' dir='ltr'>σιν.</span> <span class='ocrx_word' id='word_1_362' title='bbox 177 2905 289 2956; x_wconf 72' lang='grc' dir='ltr'><strong>Καὶ</strong></span> <span class='ocrx_word' id='word_1_363' title='bbox 311 2904 603 2974; x_wconf 79' lang='grc' dir='ltr'>ἐπειδήπερ</span> <span class='ocrx_word' id='word_1_364' title='bbox 655 2902 827 2956; x_wconf 85' lang='grc' dir='ltr'>όπόσα</span> <span class='ocrx_word' id='word_1_365' title='bbox 878 2903 1145 2973; x_wconf 80' lang='grc' dir='ltr'>θαλάττης</span> <span class='ocrx_word' id='word_1_366' title='bbox 1177 2903 1342 2969; x_wconf 83' lang='grc' dir='ltr'>ἐγγὺς</span> <span class='ocrx_word' id='word_1_367' title='bbox 1378 2899 1593 2970; x_wconf 82' lang='grc' dir='ltr'>ὑπῆρχε</span> 
     </span>
    </p>
   </div>
   <div class='ocr_carea' id='block_1_49' title="bbox 42 2989 1595 3063">
    <p class='ocr_par' dir='ltr' id='par_1_49' title="bbox 42 2989 1595 3063">
     <span class='ocr_line' id='line_1_49' title="bbox 42 2989 1595 3063; baseline 0.002 -20"><span class='ocrx_word' id='word_1_368' title='bbox 42 2994 212 3061; x_wconf 81' lang='grc' dir='ltr'>χωρία</span> <span class='ocrx_word' id='word_1_369' title='bbox 241 2995 374 3047; x_wconf 81' lang='grc' dir='ltr'>πᾶσι</span> <span class='ocrx_word' id='word_1_370' title='bbox 407 2992 658 3059; x_wconf 80' lang='grc' dir='ltr'>καθάπαξ</span> <span class='ocrx_word' id='word_1_371' title='bbox 680 2996 931 3063; x_wconf 80' lang='grc' dir='ltr'>ἀοίκητον</span> <span class='ocrx_word' id='word_1_372' title='bbox 970 2989 1107 3048; x_wconf 77' lang='grc' dir='ltr'>εἶναι</span> <span class='ocrx_word' id='word_1_373' title='bbox 1132 2994 1447 3047; x_wconf 83' lang='grc' dir='ltr'>συνέϐαινεν</span> <span class='ocrx_word' id='word_1_374' title='bbox 1466 2995 1595 3062; x_wconf 88' lang='grc' dir='ltr'>ἐρη-</span> 
     </span>
    </p>
   </div>
   <div class='ocr_carea' id='block_1_50' title="bbox 44 3083 1592 3154">
    <p class='ocr_par' dir='ltr' id='par_1_50' title="bbox 44 3083 1592 3154">
     <span class='ocr_line' id='line_1_50' title="bbox 44 3083 1592 3154; baseline 0.001 -21"><span class='ocrx_word' id='word_1_375' title='bbox 44 3085 167 3148; x_wconf 84' lang='grc' dir='ltr'>μίαν</span> <span class='ocrx_word' id='word_1_376' title='bbox 187 3083 280 3135; x_wconf 79' lang='grc' dir='ltr'>διά</span> <span class='ocrx_word' id='word_1_377' title='bbox 320 3100 383 3150; x_wconf 90' lang='grc' dir='ltr'><strong>γε</strong></span> <span class='ocrx_word' id='word_1_378' title='bbox 412 3085 510 3146; x_wconf 76' lang='grc' dir='ltr'><strong>τὰς</strong></span> <span class='ocrx_word' id='word_1_379' title='bbox 558 3088 799 3154; x_wconf 80' lang='grc' dir='ltr'>συνεχεῖς</span> <span class='ocrx_word' id='word_1_380' title='bbox 842 3085 950 3138; x_wconf 85' lang='grc' dir='ltr'><strong>τῶν</strong></span> <span class='ocrx_word' id='word_1_381' title='bbox 1000 3085 1208 3154; x_wconf 80' lang='grc' dir='ltr'>ἐχθρῶν</span> <span class='ocrx_word' id='word_1_382' title='bbox 1235 3086 1480 3151; x_wconf 77' lang='grc' dir='ltr'>ἐφόδους,</span> <span class='ocrx_word' id='word_1_383' title='bbox 1513 3083 1592 3146; x_wconf 88' lang='grc' dir='ltr'><strong>είς</strong></span> 
     </span>
    </p>
   </div>
   <div class='ocr_carea' id='block_1_51' title="bbox 40 3173 1592 3245">
    <p class='ocr_par' dir='ltr' id='par_1_51' title="bbox 40 3173 1592 3245">
     <span class='ocr_line' id='line_1_51' title="bbox 40 3173 1592 3245; baseline 0.002 -20"><span class='ocrx_word' id='word_1_384' title='bbox 40 3173 141 3227; x_wconf 72' lang='grc' dir='ltr'>δύω</span> <span class='ocrx_word' id='word_1_385' title='bbox 164 3173 409 3244; x_wconf 78' lang='grc' dir='ltr'>σχίζεται</span> <span class='ocrx_word' id='word_1_386' title='bbox 445 3176 665 3245; x_wconf 80' lang='grc' dir='ltr'>μοίρας·</span> <span class='ocrx_word' id='word_1_387' title='bbox 702 3178 796 3228; x_wconf 80' lang='grc' dir='ltr'>καὶ</span> <span class='ocrx_word' id='word_1_388' title='bbox 812 3176 918 3228; x_wconf 84' lang='grc' dir='ltr'>τῶν</span> <span class='ocrx_word' id='word_1_389' title='bbox 945 3178 1045 3245; x_wconf 89' lang='grc' dir='ltr'><strong>μέν</strong></span> <span class='ocrx_word' id='word_1_390' title='bbox 1067 3177 1323 3244; x_wconf 84' lang='grc' dir='ltr'>ίππέωνή</span> <span class='ocrx_word' id='word_1_391' title='bbox 1358 3174 1592 3244; x_wconf 76' lang='grc' dir='ltr'>φάλαγξ,</span> 
     </span>
    </p>
   </div>
   <div class='ocr_carea' id='block_1_52' title="bbox 39 3265 1593 3338">
    <p class='ocr_par' dir='ltr' id='par_1_52' title="bbox 39 3265 1593 3338">
     <span class='ocr_line' id='line_1_52' title="bbox 39 3265 1593 3338; baseline 0.001 -22"><span class='ocrx_word' id='word_1_392' title='bbox 39 3270 110 3325; x_wconf 82' lang='grc' dir='ltr'><strong>είς</strong></span> <span class='ocrx_word' id='word_1_393' title='bbox 144 3267 452 3330; x_wconf 78' lang='grc' dir='ltr'>διακοσίους</span> <span class='ocrx_word' id='word_1_394' title='bbox 474 3265 557 3338; x_wconf 87' lang='grc' dir='ltr'><strong>[Ρ.</strong></span> <span class='ocrx_word' id='word_1_395' title='bbox 582 3266 705 3336; x_wconf 68' lang='grc' dir='ltr'>52η</span> <span class='ocrx_word' id='word_1_396' title='bbox 734 3268 825 3319; x_wconf 75' lang='grc' dir='ltr'>καὶ</span> <span class='ocrx_word' id='word_1_397' title='bbox 853 3267 1058 3334; x_wconf 82' lang='grc' dir='ltr'>χιλίους</span> <span class='ocrx_word' id='word_1_398' title='bbox 1087 3266 1177 3318; x_wconf 79' lang='grc' dir='ltr'><strong>τὸν</strong></span> <span class='ocrx_word' id='word_1_399' title='bbox 1203 3266 1439 3335; x_wconf 76' lang='grc' dir='ltr'>ἀριθμὸν</span> <span class='ocrx_word' id='word_1_400' title='bbox 1465 3267 1593 3318; x_wconf 85' lang='grc' dir='ltr'>ἀνοι-</span> 
     </span>
    </p>
   </div>
   <div class='ocr_carea' id='block_1_53' title="bbox 41 3348 1591 3422">
    <p class='ocr_par' dir='ltr' id='par_1_53' title="bbox 41 3348 1591 3422">
     <span class='ocr_line' id='line_1_53' title="bbox 41 3348 1591 3422; baseline 0.001 -19"><span class='ocrx_word' id='word_1_401' title='bbox 41 3353 299 3421; x_wconf 74' lang='grc' dir='ltr'>φέρουσα,</span> <span class='ocrx_word' id='word_1_402' title='bbox 336 3354 431 3405; x_wconf 74' lang='grc' dir='ltr'>ἐπὶ</span> <span class='ocrx_word' id='word_1_403' title='bbox 458 3354 525 3405; x_wconf 78' lang='grc' dir='ltr'>τὰ</span> <span class='ocrx_word' id='word_1_404' title='bbox 553 3348 655 3405; x_wconf 79' lang='grc' dir='ltr'>ὅσα</span> <span class='ocrx_word' id='word_1_405' title='bbox 691 3355 820 3422; x_wconf 81' lang='grc' dir='ltr'>περὶ</span> <span class='ocrx_word' id='word_1_406' title='bbox 851 3352 1082 3421; x_wconf 79' lang='grc' dir='ltr'>Βιζύνην</span> <span class='ocrx_word' id='word_1_407' title='bbox 1123 3353 1234 3404; x_wconf 73' lang='grc' dir='ltr'>είσὶ</span> <span class='ocrx_word' id='word_1_408' title='bbox 1261 3354 1440 3421; x_wconf 82' lang='grc' dir='ltr'>χωρία</span> <span class='ocrx_word' id='word_1_409' title='bbox 1467 3354 1591 3414; x_wconf 74' lang='grc' dir='ltr'>τοὺς</span> 
     </span>
    </p>
   </div>
   <div class='ocr_carea' id='block_1_54' title="bbox 38 3440 1592 3511">
    <p class='ocr_par' dir='ltr' id='par_1_54' title="bbox 38 3440 1592 3511">
     <span class='ocr_line' id='line_1_54' title="bbox 38 3440 1592 3511; baseline 0.001 -21"><span class='ocrx_word' id='word_1_410' title='bbox 38 3440 267 3509; x_wconf 80' lang='grc' dir='ltr'>δρόμους</span> <span class='ocrx_word' id='word_1_411' title='bbox 296 3441 446 3499; x_wconf 83' lang='grc' dir='ltr'>ὅλαις</span> <span class='ocrx_word' id='word_1_412' title='bbox 475 3441 672 3510; x_wconf 71' lang='grc' dir='ltr'>ἤλαυνε</span> <span class='ocrx_word' id='word_1_413' title='bbox 722 3443 839 3503; x_wconf 87' lang='grc' dir='ltr'>ταῖς</span> <span class='ocrx_word' id='word_1_414' title='bbox 875 3442 1078 3511; x_wconf 78' lang='grc' dir='ltr'>ἡνίαιςο</span> <span class='ocrx_word' id='word_1_415' title='bbox 1114 3443 1146 3510; x_wconf 82' lang='grc' dir='ltr'><strong>ὴ</strong></span> <span class='ocrx_word' id='word_1_416' title='bbox 1180 3441 1237 3494; x_wconf 79' lang='grc' dir='ltr'>δὲ</span> <span class='ocrx_word' id='word_1_417' title='bbox 1281 3442 1480 3510; x_wconf 81' lang='grc' dir='ltr'>πεζικὴ</span> <span class='ocrx_word' id='word_1_418' title='bbox 1502 3441 1592 3493; x_wconf 86' lang='grc' dir='ltr'><strong>δύ-</strong></span> 
     </span>
    </p>
   </div>
   <div class='ocr_carea' id='block_1_55' title="bbox 40 3531 1591 3600">
    <p class='ocr_par' dir='ltr' id='par_1_55' title="bbox 40 3531 1591 3600">
     <span class='ocr_line' id='line_1_55' title="bbox 40 3531 1591 3600; baseline 0 -17"><span class='ocrx_word' id='word_1_419' title='bbox 40 3549 219 3600; x_wconf 79' lang='grc' dir='ltr'>ναμις,</span> <span class='ocrx_word' id='word_1_420' title='bbox 251 3534 317 3585; x_wconf 87' lang='grc' dir='ltr'><strong>ἐκ</strong></span> <span class='ocrx_word' id='word_1_421' title='bbox 344 3533 425 3594; x_wconf 77' lang='grc' dir='ltr'>δὶς</span> <span class='ocrx_word' id='word_1_422' title='bbox 454 3531 793 3585; x_wconf 79' lang='grc' dir='ltr'>ἑπτακοσίων</span> <span class='ocrx_word' id='word_1_423' title='bbox 825 3531 1077 3595; x_wconf 75' lang='grc' dir='ltr'>εὐζώνων</span> <span class='ocrx_word' id='word_1_424' title='bbox 1124 3532 1332 3599; x_wconf 81' lang='grc' dir='ltr'>ἀνδρῶν</span> <span class='ocrx_word' id='word_1_425' title='bbox 1364 3548 1591 3599; x_wconf 73' lang='grc' dir='ltr'>συγκει-</span> 
     </span>
    </p>
   </div>
   <div class='ocr_carea' id='block_1_56' title="bbox 41 3622 1588 3693">
    <p class='ocr_par' dir='ltr' id='par_1_56' title="bbox 41 3622 1588 3693">
     <span class='ocr_line' id='line_1_56' title="bbox 41 3622 1588 3693; baseline -0.001 -18"><span class='ocrx_word' id='word_1_426' title='bbox 41 3624 170 3691; x_wconf 83' lang='grc' dir='ltr'>μένη</span> <span class='ocrx_word' id='word_1_427' title='bbox 218 3625 315 3675; x_wconf 76' lang='grc' dir='ltr'>καὶ</span> <span class='ocrx_word' id='word_1_428' title='bbox 352 3622 512 3693; x_wconf 84' lang='grc' dir='ltr'>αῦτη,</span> <span class='ocrx_word' id='word_1_429' title='bbox 539 3624 902 3693; x_wconf 82' lang='grc' dir='ltr'>δυτικωτέραν</span> <span class='ocrx_word' id='word_1_430' title='bbox 933 3623 1228 3691; x_wconf 86' lang='grc' dir='ltr'>πεποίηται</span> <span class='ocrx_word' id='word_1_431' title='bbox 1260 3624 1360 3691; x_wconf 81' lang='grc' dir='ltr'>τὴν</span> <span class='ocrx_word' id='word_1_432' title='bbox 1386 3622 1588 3691; x_wconf 85' lang='grc' dir='ltr'>ὁρμήν.</span> 
     </span>
    </p>
   </div>
   <div class='ocr_carea' id='block_1_57' title="bbox 38 3714 1588 3785">
    <p class='ocr_par' dir='ltr' id='par_1_57' title="bbox 38 3714 1588 3785">
     <span class='ocr_line' id='line_1_57' title="bbox 38 3714 1588 3785; baseline -0.001 -18"><span class='ocrx_word' id='word_1_433' title='bbox 38 3716 326 3768; x_wconf 82' lang='grc' dir='ltr'>Συνέϐαινε</span> <span class='ocrx_word' id='word_1_434' title='bbox 396 3715 504 3783; x_wconf 73' lang='grc' dir='ltr'>γὰρ</span> <span class='ocrx_word' id='word_1_435' title='bbox 564 3716 697 3785; x_wconf 80' lang='grc' dir='ltr'>αὐτῇ</span> <span class='ocrx_word' id='word_1_436' title='bbox 759 3717 857 3784; x_wconf 77' lang='grc' dir='ltr'>τήν</span> <span class='ocrx_word' id='word_1_437' title='bbox 904 3734 961 3769; x_wconf 87' lang='grc' dir='ltr'><strong>τε</strong></span> <span class='ocrx_word' id='word_1_438' title='bbox 1010 3715 1266 3783; x_wconf 82' lang='grc' dir='ltr'>Ῥοδόπην</span> <span class='ocrx_word' id='word_1_439' title='bbox 1333 3715 1395 3766; x_wconf 80' lang='grc' dir='ltr'>τὸ</span> <span class='ocrx_word' id='word_1_440' title='bbox 1444 3714 1588 3783; x_wconf 77' lang='grc' dir='ltr'>ὄρος,</span> 
     </span>
    </p>
   </div>
   <div class='ocr_carea' id='block_1_58' title="bbox 1693 2632 3248 2701">
    <p class='ocr_par' dir='ltr' id='par_1_58' title="bbox 1693 2632 3248 2701">
     <span class='ocr_line' id='line_1_58' title="bbox 1693 2632 3248 2701; baseline 0.004 -18"><span class='ocrx_word' id='word_1_441' title='bbox 1693 2646 1816 2694; x_wconf 91' lang='lat' dir='ltr'><strong>nus,</strong></span> <span class='ocrx_word' id='word_1_442' title='bbox 1849 2632 1942 2701; x_wconf 91' lang='lat' dir='ltr'><strong>qui</strong></span> <span class='ocrx_word' id='word_1_443' title='bbox 1985 2632 2077 2686; x_wconf 88' lang='lat' dir='ltr'><strong>alii</strong></span> <span class='ocrx_word' id='word_1_444' title='bbox 2121 2634 2343 2687; x_wconf 87' lang='lat' dir='ltr'><strong>aliunde</strong></span> <span class='ocrx_word' id='word_1_445' title='bbox 2386 2650 2453 2688; x_wconf 83' lang='lat' dir='ltr'><strong>ex</strong></span> <span class='ocrx_word' id='word_1_446' title='bbox 2499 2634 2722 2690; x_wconf 87' lang='lat' dir='ltr'><strong>licentia</strong></span> <span class='ocrx_word' id='word_1_447' title='bbox 2766 2648 2821 2691; x_wconf 92' lang='lat' dir='ltr'><strong>et</strong></span> <span class='ocrx_word' id='word_1_448' title='bbox 2864 2639 3153 2693; x_wconf 87' lang='lat' dir='ltr'><strong>latrocinio</strong></span> <span class='ocrx_word' id='word_1_449' title='bbox 3199 2643 3248 2691; x_wconf 89' lang='lat' dir='ltr'><strong>in</strong></span> 
     </span>
    </p>
   </div>
   <div class='ocr_carea' id='block_1_59' title="bbox 1694 2728 3249 2797">
    <p class='ocr_par' dir='ltr' id='par_1_59' title="bbox 1694 2728 3249 2797">
     <span class='ocr_line' id='line_1_59' title="bbox 1694 2728 3249 2797; baseline 0.006 -20"><span class='ocrx_word' id='word_1_450' title='bbox 1694 2739 1863 2777; x_wconf 88' lang='lat' dir='ltr'><strong>unum</strong></span> <span class='ocrx_word' id='word_1_451' title='bbox 1888 2740 2280 2791; x_wconf 86' lang='lat' dir='ltr'><strong>convenerant,</strong></span> <span class='ocrx_word' id='word_1_452' title='bbox 2308 2728 2586 2797; x_wconf 83' lang='lat' dir='ltr'><strong>trajiciunt</strong></span> <span class='ocrx_word' id='word_1_453' title='bbox 2612 2744 2677 2783; x_wconf 76' lang='lat' dir='ltr'><strong>ex</strong></span> <span class='ocrx_word' id='word_1_454' title='bbox 2703 2729 2829 2784; x_wconf 83' lang='lat' dir='ltr'><strong>Asia</strong></span> <span class='ocrx_word' id='word_1_455' title='bbox 2860 2731 2910 2784; x_wconf 93' lang='lat' dir='ltr'><strong>in</strong></span> <span class='ocrx_word' id='word_1_456' title='bbox 2939 2732 3249 2788; x_wconf 83' lang='lat' dir='ltr'><strong>Thraciam.</strong></span> 
     </span>
    </p>
   </div>
   <div class='ocr_carea' id='block_1_60' title="bbox 1691 2815 3252 2886">
    <p class='ocr_par' dir='ltr' id='par_1_60' title="bbox 1691 2815 3252 2886">
     <span class='ocr_line' id='line_1_60' title="bbox 1691 2815 3252 2886; baseline 0.004 -19"><span class='ocrx_word' id='word_1_457' title='bbox 1691 2815 1856 2884; x_wconf 79' lang='lat'><strong>836</strong></span> <span class='ocrx_word' id='word_1_458' title='bbox 1889 2815 2078 2878; x_wconf 88' lang='lat' dir='ltr'><strong>Iidem,</strong></span> <span class='ocrx_word' id='word_1_459' title='bbox 2105 2819 2231 2886; x_wconf 86' lang='lat' dir='ltr'><strong>quia</strong></span> <span class='ocrx_word' id='word_1_460' title='bbox 2263 2818 2380 2872; x_wconf 89' lang='lat' dir='ltr'><strong>loca</strong></span> <span class='ocrx_word' id='word_1_461' title='bbox 2411 2822 2594 2873; x_wconf 83' lang='lat' dir='ltr'><strong>omnia</strong></span> <span class='ocrx_word' id='word_1_462' title='bbox 2628 2822 2762 2875; x_wconf 85' lang='lat' dir='ltr'><strong>mari</strong></span> <span class='ocrx_word' id='word_1_463' title='bbox 2794 2822 2967 2877; x_wconf 82' lang='lat' dir='ltr'><strong>vicina</strong></span> <span class='ocrx_word' id='word_1_464' title='bbox 3010 2824 3080 2877; x_wconf 90' lang='lat' dir='ltr'><strong>oh</strong></span> <span class='ocrx_word' id='word_1_465' title='bbox 3122 2840 3252 2877; x_wconf 79' lang='lat' dir='ltr'><strong>cen-</strong></span> 
     </span>
    </p>
   </div>
   <div class='ocr_carea' id='block_1_61' title="bbox 1696 2904 3254 2976">
    <p class='ocr_par' dir='ltr' id='par_1_61' title="bbox 1696 2904 3254 2976">
     <span class='ocr_line' id='line_1_61' title="bbox 1696 2904 3254 2976; baseline 0.004 -19"><span class='ocrx_word' id='word_1_466' title='bbox 1696 2905 1872 2965; x_wconf 82' lang='lat' dir='ltr'><strong>tinnas</strong></span> <span class='ocrx_word' id='word_1_467' title='bbox 1913 2904 2149 2959; x_wconf 81' lang='lat' dir='ltr'><strong>liOStium</strong></span> <span class='ocrx_word' id='word_1_468' title='bbox 2189 2908 2530 2976; x_wconf 87' lang='lat' dir='ltr'><strong>irruptiones</strong></span> <span class='ocrx_word' id='word_1_469' title='bbox 2562 2920 2711 2963; x_wconf 84' lang='lat' dir='ltr'><strong>vasta</strong></span> <span class='ocrx_word' id='word_1_470' title='bbox 2752 2919 2808 2965; x_wconf 89' lang='lat' dir='ltr'><strong>et</strong></span> <span class='ocrx_word' id='word_1_471' title='bbox 2854 2912 3254 2966; x_wconf 65' lang='lat' dir='ltr'><strong>habitatoribus</strong></span> 
     </span>
    </p>
   </div>
   <div class='ocr_carea' id='block_1_62' title="bbox 1690 2998 3253 3067">
    <p class='ocr_par' dir='ltr' id='par_1_62' title="bbox 1690 2998 3253 3067">
     <span class='ocr_line' id='line_1_62' title="bbox 1690 2998 3253 3067; baseline 0.005 -19"><span class='ocrx_word' id='word_1_472' title='bbox 1690 3010 1862 3049; x_wconf 88' lang='lat' dir='ltr'><strong>vacua</strong></span> <span class='ocrx_word' id='word_1_473' title='bbox 1907 2998 2294 3061; x_wconf 88' lang='lat' dir='ltr'><strong>occurrebant,</strong></span> <span class='ocrx_word' id='word_1_474' title='bbox 2349 2998 2612 3067; x_wconf 84' lang='lat' dir='ltr'><strong>bipartito</strong></span> <span class='ocrx_word' id='word_1_475' title='bbox 2655 3014 2714 3053; x_wconf 87' lang='lat' dir='ltr'><strong>se</strong></span> <span class='ocrx_word' id='word_1_476' title='bbox 2766 3000 3150 3055; x_wconf 85' lang='lat' dir='ltr'><strong>distribuunt:</strong></span> <span class='ocrx_word' id='word_1_477' title='bbox 3196 3014 3253 3056; x_wconf 74' lang='lat' dir='ltr'><strong>cl:</strong></span> 
     </span>
    </p>
   </div>
   <div class='ocr_carea' id='block_1_63' title="bbox 1690 3086 3257 3157">
    <p class='ocr_par' dir='ltr' id='par_1_63' title="bbox 1690 3086 3257 3157">
     <span class='ocr_line' id='line_1_63' title="bbox 1690 3086 3257 3157; baseline 0.004 -19"><span class='ocrx_word' id='word_1_478' title='bbox 1690 3087 1961 3154; x_wconf 86' lang='lat' dir='ltr'><strong>equestris</strong></span> <span class='ocrx_word' id='word_1_479' title='bbox 1989 3086 2210 3156; x_wconf 89' lang='lat' dir='ltr'><strong>quidem</strong></span> <span class='ocrx_word' id='word_1_480' title='bbox 2240 3089 2461 3155; x_wconf 89' lang='lat' dir='ltr'><strong>cohors,</strong></span> <span class='ocrx_word' id='word_1_481' title='bbox 2488 3104 2606 3157; x_wconf 78' lang='lat' dir='ltr'><strong>qua:</strong></span> <span class='ocrx_word' id='word_1_482' title='bbox 2630 3090 2778 3144; x_wconf 88' lang='lat' dir='ltr'><strong>mille</strong></span> <span class='ocrx_word' id='word_1_483' title='bbox 2803 3098 2858 3144; x_wconf 90' lang='lat' dir='ltr'><strong>et</strong></span> <span class='ocrx_word' id='word_1_484' title='bbox 2888 3092 3257 3146; x_wconf 79' lang='lat' dir='ltr'><strong>ducentorum</strong></span> 
     </span>
    </p>
   </div>
   <div class='ocr_carea' id='block_1_64' title="bbox 1690 3175 3260 3251">
    <p class='ocr_par' dir='ltr' id='par_1_64' title="bbox 1690 3175 3260 3251">
     <span class='ocr_line' id='line_1_64' title="bbox 1690 3175 3260 3251; baseline 0.004 -22"><span class='ocrx_word' id='word_1_485' title='bbox 1690 3175 1933 3243; x_wconf 89' lang='lat' dir='ltr'><strong>equitum</strong></span> <span class='ocrx_word' id='word_1_486' title='bbox 1965 3186 2102 3241; x_wconf 85' lang='lat' dir='ltr'><strong>erat,</strong></span> <span class='ocrx_word' id='word_1_487' title='bbox 2155 3176 2212 3232; x_wconf 92' lang='lat' dir='ltr'><strong>in</strong></span> <span class='ocrx_word' id='word_1_488' title='bbox 2247 3192 2409 3247; x_wconf 80' lang='lat' dir='ltr'><strong>agros</strong></span> <span class='ocrx_word' id='word_1_489' title='bbox 2456 3178 2669 3248; x_wconf 67' lang='lat' dir='ltr'><strong>Bizynae</strong></span> <span class='ocrx_word' id='word_1_490' title='bbox 2710 3180 2829 3235; x_wconf 91' lang='lat' dir='ltr'><strong>urbi</strong></span> <span class='ocrx_word' id='word_1_491' title='bbox 2870 3181 3260 3251; x_wconf 87' lang='lat' dir='ltr'><strong>circumjcctos-</strong></span> 
     </span>
    </p>
   </div>
   <div class='ocr_carea' id='block_1_65' title="bbox 1690 3266 3257 3347">
    <p class='ocr_par' dir='ltr' id='par_1_65' title="bbox 1690 3266 3257 3347">
     <span class='ocr_line' id='line_1_65' title="bbox 1690 3266 3257 3347; baseline 0.004 -27"><span class='ocrx_word' id='word_1_492' title='bbox 1690 3266 1828 3320; x_wconf 84' lang='lat' dir='ltr'><strong>laxis</strong></span> <span class='ocrx_word' id='word_1_493' title='bbox 1862 3266 2090 3321; x_wconf 89' lang='lat' dir='ltr'><strong>habenis</strong></span> <span class='ocrx_word' id='word_1_494' title='bbox 2123 3269 2440 3334; x_wconf 80' lang='lat' dir='ltr'><strong>invehitur;</strong></span> <span class='ocrx_word' id='word_1_495' title='bbox 2477 3269 2751 3347; x_wconf 86' lang='lat' dir='ltr'><strong>pedestris</strong></span> <span class='ocrx_word' id='word_1_496' title='bbox 2794 3282 2999 3338; x_wconf 80' lang='lat' dir='ltr'><strong>autem,</strong></span> <span class='ocrx_word' id='word_1_497' title='bbox 3038 3290 3156 3343; x_wconf 69' lang='lat' dir='ltr'><strong>qua-</strong></span> <span class='ocrx_word' id='word_1_498' title='bbox 3187 3288 3257 3327; x_wconf 66' lang='lat' dir='ltr'><strong>ex</strong></span> 
     </span>
    </p>
   </div>
   <div class='ocr_carea' id='block_1_66' title="bbox 1693 3357 3260 3433">
    <p class='ocr_par' dir='ltr' id='par_1_66' title="bbox 1693 3357 3260 3433">
     <span class='ocr_line' id='line_1_66' title="bbox 1693 3357 3260 3433; baseline 0.004 -21"><span class='ocrx_word' id='word_1_499' title='bbox 1693 3357 1777 3412; x_wconf 89' lang='lat' dir='ltr'><strong>bis</strong></span> <span class='ocrx_word' id='word_1_500' title='bbox 1835 3360 2198 3428; x_wconf 67' lang='lat' dir='ltr'><strong>septingentis</strong></span> <span class='ocrx_word' id='word_1_501' title='bbox 2256 3361 2576 3417; x_wconf 89' lang='lat' dir='ltr'><strong>hominibus</strong></span> <span class='ocrx_word' id='word_1_502' title='bbox 2622 3364 2894 3433; x_wconf 69' lang='lat' dir='ltr'><strong>expeditis</strong></span> <span class='ocrx_word' id='word_1_503' title='bbox 2943 3368 3260 3433; x_wconf 58' lang='lat' dir='ltr'><strong>constabat,</strong></span> 
     </span>
    </p>
   </div>
   <div class='ocr_carea' id='block_1_67' title="bbox 1694 3448 3263 3521">
    <p class='ocr_par' dir='ltr' id='par_1_67' title="bbox 1694 3448 3263 3521">
     <span class='ocr_line' id='line_1_67' title="bbox 1694 3448 3263 3521; baseline 0.006 -23"><span class='ocrx_word' id='word_1_504' title='bbox 1694 3448 1861 3515; x_wconf 79' lang='lat' dir='ltr'><strong>magis</strong></span> <span class='ocrx_word' id='word_1_505' title='bbox 1898 3462 2150 3501; x_wconf 88' lang='lat' dir='ltr'><strong>occasum</strong></span> <span class='ocrx_word' id='word_1_506' title='bbox 2189 3463 2380 3505; x_wconf 87' lang='lat' dir='ltr'><strong>versus</strong></span> <span class='ocrx_word' id='word_1_507' title='bbox 2410 3451 2825 3520; x_wconf 88' lang='lat' dir='ltr'><strong>impressionem</strong></span> <span class='ocrx_word' id='word_1_508' title='bbox 2865 3454 3013 3509; x_wconf 83' lang='lat' dir='ltr'><strong>facit.</strong></span> <span class='ocrx_word' id='word_1_509' title='bbox 3045 3455 3263 3521; x_wconf 66' lang='lat' dir='ltr'><strong>Nemi-c-</strong></span> 
     </span>
    </p>
   </div>
   <div class='ocr_carea' id='block_1_68' title="bbox 1691 3540 3250 3620">
    <p class='ocr_par' dir='ltr' id='par_1_68' title="bbox 1691 3540 3250 3620">
     <span class='ocr_line' id='line_1_68' title="bbox 1691 3540 3250 3620; baseline 0.006 -27"><span class='ocrx_word' id='word_1_510' title='bbox 1691 3541 1769 3601; x_wconf 88' lang='lat' dir='ltr'><strong>hi,</strong></span> <span class='ocrx_word' id='word_1_511' title='bbox 1798 3540 2059 3608; x_wconf 82' lang='lat' dir='ltr'><strong>thodOpe</strong></span> <span class='ocrx_word' id='word_1_512' title='bbox 2092 3553 2277 3597; x_wconf 89' lang='lat' dir='ltr'><strong>monte</strong></span> <span class='ocrx_word' id='word_1_513' title='bbox 2303 3553 2360 3596; x_wconf 86' lang='lat' dir='ltr'><strong>et</strong></span> <span class='ocrx_word' id='word_1_514' title='bbox 2391 3544 2626 3612; x_wconf 85' lang='lat' dir='ltr'><strong>oppidis,</strong></span> <span class='ocrx_word' id='word_1_515' title='bbox 2655 3562 2775 3614; x_wconf 81' lang='lat' dir='ltr'><strong>quae</strong></span> <span class='ocrx_word' id='word_1_516' title='bbox 2814 3549 2957 3603; x_wconf 84' lang='lat' dir='ltr'><strong>circa</strong></span> <span class='ocrx_word' id='word_1_517' title='bbox 2997 3550 3250 3620; x_wconf 82' lang='lat' dir='ltr'><strong>Didymo-</strong></span> 
     </span>
    </p>
   </div>
   <div class='ocr_carea' id='block_1_69' title="bbox 1692 3630 3257 3700">
    <p class='ocr_par' dir='ltr' id='par_1_69' title="bbox 1692 3630 3257 3700">
     <span class='ocr_line' id='line_1_69' title="bbox 1692 3630 3257 3700; baseline 0.006 -15"><span class='ocrx_word' id='word_1_518' title='bbox 1692 3630 1895 3685; x_wconf 91' lang='lat' dir='ltr'><strong>tichum</strong></span> <span class='ocrx_word' id='word_1_519' title='bbox 1924 3633 2027 3685; x_wconf 82' lang='lat' dir='ltr'><strong>sita</strong></span> <span class='ocrx_word' id='word_1_520' title='bbox 2053 3642 2197 3697; x_wconf 85' lang='lat' dir='ltr'><strong>sunt,</strong></span> <span class='ocrx_word' id='word_1_521' title='bbox 2230 3633 2297 3687; x_wconf 88' lang='lat' dir='ltr'><strong>ad</strong></span> <span class='ocrx_word' id='word_1_522' title='bbox 2323 3633 2568 3688; x_wconf 84' lang='lat' dir='ltr'><strong>dextram</strong></span> <span class='ocrx_word' id='word_1_523' title='bbox 2596 3637 2820 3700; x_wconf 87' lang='lat' dir='ltr'><strong>relictis,</strong></span> <span class='ocrx_word' id='word_1_524' title='bbox 2852 3639 2904 3691; x_wconf 91' lang='lat' dir='ltr'><strong>in</strong></span> <span class='ocrx_word' id='word_1_525' title='bbox 2934 3639 3257 3695; x_wconf 38' lang='lat' dir='ltr'><strong>ulteriorem.</strong></span> 
     </span>
    </p>
   </div>
   <div class='ocr_carea' id='block_1_70' title="bbox 1692 3716 3255 3803">
    <p class='ocr_par' dir='ltr' id='par_1_70' title="bbox 1692 3716 3255 3803">
     <span class='ocr_line' id='line_1_70' title="bbox 1692 3716 3255 3803; baseline 0.007 -28"><span class='ocrx_word' id='word_1_526' title='bbox 1692 3722 1989 3792; x_wconf 80' lang='lat' dir='ltr'><strong>regionem,</strong></span> <span class='ocrx_word' id='word_1_527' title='bbox 2030 3722 2081 3777; x_wconf 91' lang='lat' dir='ltr'><strong>id</strong></span> <span class='ocrx_word' id='word_1_528' title='bbox 2126 3732 2210 3778; x_wconf 88' lang='lat' dir='ltr'><strong>est</strong></span> <span class='ocrx_word' id='word_1_529' title='bbox 2254 3716 2628 3791; x_wconf 86' lang='lat' dir='ltr'><strong>Chalcidicen,</strong></span> <span class='ocrx_word' id='word_1_530' title='bbox 2677 3728 3008 3797; x_wconf 88' lang='lat' dir='ltr'><strong>irrumpunt,</strong></span> <span class='ocrx_word' id='word_1_531' title='bbox 3042 3734 3255 3803; x_wconf 71' lang='lat' dir='ltr'><strong>cui_.nt</strong></span> 
     </span>
    </p>
   </div>
   <div class='ocr_carea' id='block_1_71' title="bbox 39 3807 1589 3915">
    <p class='ocr_par' dir='ltr' id='par_1_71' title="bbox 39 3807 1589 3877">
     <span class='ocr_line' id='line_1_71' title="bbox 39 3807 1589 3877; baseline -0.001 -18"><span class='ocrx_word' id='word_1_532' title='bbox 39 3809 126 3861; x_wconf 83' lang='grc' dir='ltr'>καὶ</span> <span class='ocrx_word' id='word_1_533' title='bbox 148 3809 273 3861; x_wconf 84' lang='grc' dir='ltr'>ὅσαι</span> <span class='ocrx_word' id='word_1_534' title='bbox 301 3809 433 3875; x_wconf 69' lang='grc' dir='ltr'>περὶ</span> <span class='ocrx_word' id='word_1_535' title='bbox 480 3808 853 3877; x_wconf 82' lang='grc' dir='ltr'>Διδυμότειχον</span> <span class='ocrx_word' id='word_1_536' title='bbox 913 3808 1066 3861; x_wconf 80' lang='grc' dir='ltr'>οὖσαι</span> <span class='ocrx_word' id='word_1_537' title='bbox 1112 3808 1432 3877; x_wconf 85' lang='grc' dir='ltr'>τυγχάνουσι</span> <span class='ocrx_word' id='word_1_538' title='bbox 1500 3807 1589 3858; x_wconf 85' lang='grc' dir='ltr'><strong><em>πό-</em></strong></span> 
     </span>
    </p>
   </div>
   <div class='ocr_carea' id='block_1_72' title="bbox 1691 3807 3261 3915">
    <p class='ocr_par' dir='ltr' id='par_1_72' title="bbox 1698 3816 3261 3891">
     <span class='ocr_line' id='line_1_72' title="bbox 1698 3816 3261 3891; baseline 0.007 -22"><span class='ocrx_word' id='word_1_539' title='bbox 1698 3830 1858 3884; x_wconf 89' lang='lat' dir='ltr'><strong>supra</strong></span> <span class='ocrx_word' id='word_1_540' title='bbox 1922 3816 2125 3869; x_wconf 89' lang='lat' dir='ltr'><strong>dictum</strong></span> <span class='ocrx_word' id='word_1_541' title='bbox 2182 3826 2286 3883; x_wconf 89' lang='lat' dir='ltr'><strong>est,</strong></span> <span class='ocrx_word' id='word_1_542' title='bbox 2348 3817 2635 3873; x_wconf 68' lang='lat' dir='ltr'><strong>Mattitasus</strong></span> <span class='ocrx_word' id='word_1_543' title='bbox 2696 3822 3040 3891; x_wconf 88' lang='lat' dir='ltr'><strong>imperatoris</strong></span> <span class='ocrx_word' id='word_1_544' title='bbox 3110 3826 3261 3880; x_wconf 84' lang='lat' dir='ltr'><strong>filius</strong></span> 
     </span>
    </p>
   </div>
   <div class='ocr_carea' id='block_1_73' title="bbox 36 3898 1586 3971">
    <p class='ocr_par' dir='ltr' id='par_1_73' title="bbox 36 3898 1586 3971">
     <span class='ocr_line' id='line_1_73' title="bbox 36 3898 1586 3971; baseline -0.001 -19"><span class='ocrx_word' id='word_1_545' title='bbox 36 3898 163 3962; x_wconf 74' lang='grc' dir='ltr'>λεις,</span> <span class='ocrx_word' id='word_1_546' title='bbox 193 3898 255 3963; x_wconf 80' lang='grc' dir='ltr'>ἐξ</span> <span class='ocrx_word' id='word_1_547' title='bbox 281 3900 613 3969; x_wconf 76' lang='grc' dir='ltr'>ὑπερδεξίων</span> <span class='ocrx_word' id='word_1_548' title='bbox 639 3901 884 3971; x_wconf 83' lang='grc' dir='ltr'>ἁφεμένῃ</span> <span class='ocrx_word' id='word_1_549' title='bbox 903 3901 999 3969; x_wconf 80' lang='grc' dir='ltr'>τὴν</span> <span class='ocrx_word' id='word_1_550' title='bbox 1034 3901 1217 3968; x_wconf 77' lang='grc' dir='ltr'>ἔφοδον</span> <span class='ocrx_word' id='word_1_551' title='bbox 1243 3900 1327 3968; x_wconf 76' lang='grc' dir='ltr'>ἐφ’</span> <span class='ocrx_word' id='word_1_552' title='bbox 1345 3901 1445 3952; x_wconf 84' lang='grc' dir='ltr'>ὅσα</span> <span class='ocrx_word' id='word_1_553' title='bbox 1464 3900 1586 3952; x_wconf 78' lang='grc' dir='ltr'><strong>ἐπέ-</strong></span> 
     </span>
    </p>
   </div>
   <div class='ocr_carea' id='block_1_74' title="bbox 40 3985 1590 4061">
    <p class='ocr_par' dir='ltr' id='par_1_74' title="bbox 40 3985 1590 4061">
     <span class='ocr_line' id='line_1_74' title="bbox 40 3985 1590 4061; baseline 0.001 -20"><span class='ocrx_word' id='word_1_554' title='bbox 40 4005 186 4041; x_wconf 83' lang='grc' dir='ltr'>κεινα</span> <span class='ocrx_word' id='word_1_555' title='bbox 226 3992 406 4042; x_wconf 81' lang='grc' dir='ltr'>κεῖται</span> <span class='ocrx_word' id='word_1_556' title='bbox 437 3990 609 4061; x_wconf 81' lang='grc' dir='ltr'>χωρία</span> <span class='ocrx_word' id='word_1_557' title='bbox 640 3992 948 4044; x_wconf 83' lang='grc' dir='ltr'>ποιεῖσθαι·</span> <span class='ocrx_word' id='word_1_558' title='bbox 988 3985 1062 4044; x_wconf 81' lang='grc' dir='ltr'>ὧν</span> <span class='ocrx_word' id='word_1_559' title='bbox 1089 3991 1354 4061; x_wconf 86' lang='grc' dir='ltr'>Ματθαίῳ</span> <span class='ocrx_word' id='word_1_560' title='bbox 1394 3991 1472 4059; x_wconf 84' lang='grc' dir='ltr'>τῷ</span> <span class='ocrx_word' id='word_1_561' title='bbox 1496 3989 1590 4043; x_wconf 87' lang='grc' dir='ltr'><strong>τοῦ</strong></span> 
     </span>
    </p>
   </div>
   <div class='ocr_carea' id='block_1_75' title="bbox 40 4080 1592 4152">
    <p class='ocr_par' dir='ltr' id='par_1_75' title="bbox 40 4080 1592 4152">
     <span class='ocr_line' id='line_1_75' title="bbox 40 4080 1592 4152; baseline 0.001 -21"><span class='ocrx_word' id='word_1_562' title='bbox 40 4080 307 4149; x_wconf 80' lang='grc' dir='ltr'>βασιλέως</span> <span class='ocrx_word' id='word_1_563' title='bbox 347 4080 445 4149; x_wconf 78' lang='grc' dir='ltr'><strong>υἱῷ</strong></span> <span class='ocrx_word' id='word_1_564' title='bbox 501 4083 602 4151; x_wconf 81' lang='grc' dir='ltr'>τὴν</span> <span class='ocrx_word' id='word_1_565' title='bbox 636 4082 964 4152; x_wconf 80' lang='grc' dir='ltr'>ἐπιτροπὴν,</span> <span class='ocrx_word' id='word_1_566' title='bbox 999 4082 1074 4145; x_wconf 82' lang='grc' dir='ltr'>ὡς</span> <span class='ocrx_word' id='word_1_567' title='bbox 1100 4083 1360 4152; x_wconf 69' lang='grc' dir='ltr'>ἀνωτέρω</span> <span class='ocrx_word' id='word_1_568' title='bbox 1393 4082 1592 4151; x_wconf 87' lang='grc' dir='ltr'>διείλη-</span> 
     </span>
    </p>
   </div>
   <div class='ocr_carea' id='block_1_76' title="bbox 40 4174 1591 4244">
    <p class='ocr_par' dir='ltr' id='par_1_76' title="bbox 40 4174 1591 4244">
     <span class='ocr_line' id='line_1_76' title="bbox 40 4174 1591 4244; baseline 0 -20"><span class='ocrx_word' id='word_1_569' title='bbox 40 4187 186 4232; x_wconf 83' lang='grc' dir='ltr'>πται.</span> <span class='ocrx_word' id='word_1_570' title='bbox 220 4174 542 4244; x_wconf 79' lang='grc' dir='ltr'>κεκτημένῳ</span> <span class='ocrx_word' id='word_1_571' title='bbox 571 4175 631 4227; x_wconf 83' lang='grc' dir='ltr'>οὐ</span> <span class='ocrx_word' id='word_1_572' title='bbox 665 4175 812 4243; x_wconf 85' lang='grc' dir='ltr'>μάλα</span> <span class='ocrx_word' id='word_1_573' title='bbox 834 4192 920 4228; x_wconf 86' lang='grc' dir='ltr'><strong>τοι</strong></span> <span class='ocrx_word' id='word_1_574' title='bbox 949 4174 1171 4228; x_wconf 77' lang='grc' dir='ltr'>ἀνεκτὸν</span> <span class='ocrx_word' id='word_1_575' title='bbox 1192 4174 1449 4243; x_wconf 77' lang='grc' dir='ltr'>ἐνομίσθη</span> <span class='ocrx_word' id='word_1_576' title='bbox 1471 4174 1591 4227; x_wconf 83' lang='grc' dir='ltr'>κατ’</span> 
     </span>
    </p>
   </div>
   <div class='ocr_carea' id='block_1_77' title="bbox 40 4264 1591 4335">
    <p class='ocr_par' dir='ltr' id='par_1_77' title="bbox 40 4264 1591 4335">
     <span class='ocr_line' id='line_1_77' title="bbox 40 4264 1591 4335; baseline 0.003 -22"><span class='ocrx_word' id='word_1_577' title='bbox 40 4264 284 4327; x_wconf 72' lang='grc' dir='ltr'>ἐξουσίαν</span> <span class='ocrx_word' id='word_1_578' title='bbox 321 4266 551 4333; x_wconf 76' lang='grc' dir='ltr'>ἀπονητὶ</span> <span class='ocrx_word' id='word_1_579' title='bbox 577 4266 909 4333; x_wconf 84' lang='grc' dir='ltr'>ποιήσασθαι</span> <span class='ocrx_word' id='word_1_580' title='bbox 946 4266 1045 4335; x_wconf 75' lang='grc' dir='ltr'>τὴν</span> <span class='ocrx_word' id='word_1_581' title='bbox 1068 4266 1165 4331; x_wconf 85' lang='grc' dir='ltr'>τῆς</span> <span class='ocrx_word' id='word_1_582' title='bbox 1198 4264 1347 4326; x_wconf 82' lang='grc' dir='ltr'>λείας</span> <span class='ocrx_word' id='word_1_583' title='bbox 1382 4265 1591 4318; x_wconf 82' lang='grc' dir='ltr'>ἐκεῖθεν</span> 
     </span>
    </p>
   </div>
   <div class='ocr_carea' id='block_1_78' title="bbox 40 4352 1592 4431">
    <p class='ocr_par' dir='ltr' id='par_1_78' title="bbox 40 4352 1592 4431">
     <span class='ocr_line' id='line_1_78' title="bbox 40 4352 1592 4431; baseline 0.001 -27"><span class='ocrx_word' id='word_1_584' title='bbox 40 4354 194 4405; x_wconf 77' lang='grc' dir='ltr'>ἐᾶσαι</span> <span class='ocrx_word' id='word_1_585' title='bbox 228 4352 356 4415; x_wconf 72' lang='grc' dir='ltr'>τοὺς</span> <span class='ocrx_word' id='word_1_586' title='bbox 384 4354 596 4421; x_wconf 83' lang='grc' dir='ltr'>Πέρσας</span> <span class='ocrx_word' id='word_1_587' title='bbox 647 4353 972 4431; x_wconf 79' lang='grc' dir='ltr'>ἀπαγωγήν.</span> <span class='ocrx_word' id='word_1_588' title='bbox 1019 4352 1227 4423; x_wconf 80' lang='grc' dir='ltr'>Ῥᾴδιον</span> <span class='ocrx_word' id='word_1_589' title='bbox 1251 4352 1514 4421; x_wconf 73' lang='grc' dir='ltr'>δ’ἧκιστα</span> <span class='ocrx_word' id='word_1_590' title='bbox 1533 4352 1592 4406; x_wconf 79' lang='grc' dir='ltr'>ὃν</span> 
     </span>
    </p>
   </div>
   <div class='ocr_carea' id='block_1_79' title="bbox 39 4435 1593 4513">
    <p class='ocr_par' dir='ltr' id='par_1_79' title="bbox 39 4435 1593 4513">
     <span class='ocr_line' id='line_1_79' title="bbox 39 4435 1593 4513; baseline 0.002 -21"><span class='ocrx_word' id='word_1_591' title='bbox 39 4444 95 4492; x_wconf 75' lang='grc' dir='ltr'>ὲκ</span> <span class='ocrx_word' id='word_1_592' title='bbox 130 4443 302 4509; x_wconf 84' lang='grc' dir='ltr'>μόνης</span> <span class='ocrx_word' id='word_1_593' title='bbox 349 4442 447 4508; x_wconf 83' lang='grc' dir='ltr'>τῆς</span> <span class='ocrx_word' id='word_1_594' title='bbox 499 4442 1026 4509; x_wconf 84' lang='grc' dir='ltr'>Γρατιανουπόλεως,</span> <span class='ocrx_word' id='word_1_595' title='bbox 1070 4443 1127 4493; x_wconf 88' lang='grc' dir='ltr'><strong>ἐν</strong></span> <span class='ocrx_word' id='word_1_596' title='bbox 1158 4435 1421 4513; x_wconf 79' lang='grc' dir='ltr'>ᾖτουτονὶ</span> <span class='ocrx_word' id='word_1_597' title='bbox 1446 4460 1593 4510; x_wconf 74' lang='grc' dir='ltr'>τηνιο</span> 
     </span>
    </p>
   </div>
   <div class='ocr_carea' id='block_1_80' title="bbox 39 4532 1591 4605">
    <p class='ocr_par' dir='ltr' id='par_1_80' title="bbox 39 4532 1591 4605">
     <span class='ocr_line' id='line_1_80' title="bbox 39 4532 1591 4605; baseline 0.001 -22"><span class='ocrx_word' id='word_1_598' title='bbox 39 4532 225 4584; x_wconf 33' lang='grc' dir='ltr'>κιῦταν</span> <span class='ocrx_word' id='word_1_599' title='bbox 259 4537 511 4602; x_wconf 77' lang='grc' dir='ltr'>παρεῖναι</span> <span class='ocrx_word' id='word_1_600' title='bbox 543 4532 845 4605; x_wconf 80' lang='grc' dir='ltr'>ξυνέϐαινε,</span> <span class='ocrx_word' id='word_1_601' title='bbox 882 4532 1108 4602; x_wconf 83' lang='grc' dir='ltr'>στρατὸν</span> <span class='ocrx_word' id='word_1_602' title='bbox 1139 4537 1250 4595; x_wconf 83' lang='grc' dir='ltr'>τοῖς</span> <span class='ocrx_word' id='word_1_603' title='bbox 1294 4534 1591 4603; x_wconf 84' lang='grc' dir='ltr'>βαρϐάροις</span> 
     </span>
    </p>
   </div>
   <div class='ocr_carea' id='block_1_81' title="bbox 38 4625 1590 4695">
    <p class='ocr_par' dir='ltr' id='par_1_81' title="bbox 38 4625 1590 4695">
     <span class='ocr_line' id='line_1_81' title="bbox 38 4625 1590 4695; baseline 0.003 -20"><span class='ocrx_word' id='word_1_604' title='bbox 38 4625 331 4677; x_wconf 75' lang='grc' dir='ltr'>ἀντίπαλον</span> <span class='ocrx_word' id='word_1_605' title='bbox 362 4626 705 4695; x_wconf 82' lang='grc' dir='ltr'>παραχρῆμα</span> <span class='ocrx_word' id='word_1_606' title='bbox 736 4629 1081 4694; x_wconf 83' lang='grc' dir='ltr'>συναγαγεῖν,</span> <span class='ocrx_word' id='word_1_607' title='bbox 1119 4629 1182 4678; x_wconf 84' lang='grc' dir='ltr'><strong>ἐκ</strong></span> <span class='ocrx_word' id='word_1_608' title='bbox 1227 4628 1336 4680; x_wconf 84' lang='grc' dir='ltr'>τῶν</span> <span class='ocrx_word' id='word_1_609' title='bbox 1364 4628 1590 4679; x_wconf 78' lang='grc' dir='ltr'>ἐνόντων</span> 
     </span>
    </p>
   </div>
   <div class='ocr_carea' id='block_1_82' title="bbox 27 4718 1589 4789">
    <p class='ocr_par' dir='ltr' id='par_1_82' title="bbox 27 4718 1589 4789">
     <span class='ocr_line' id='line_1_82' title="bbox 27 4718 1589 4789; baseline 0.004 -23"><span class='ocrx_word' id='word_1_610' title='bbox 27 4718 382 4784; x_wconf 76' lang='grc' dir='ltr'>,τριακοσίους</span> <span class='ocrx_word' id='word_1_611' title='bbox 440 4720 639 4781; x_wconf 87' lang='grc' dir='ltr'>ἱππέας</span> <span class='ocrx_word' id='word_1_612' title='bbox 684 4718 1028 4788; x_wconf 75' lang='grc' dir='ltr'>ἀνειληφὼς,</span> <span class='ocrx_word' id='word_1_613' title='bbox 1070 4720 1163 4771; x_wconf 78' lang='grc' dir='ltr'>καὶ</span> <span class='ocrx_word' id='word_1_614' title='bbox 1210 4719 1442 4789; x_wconf 84' lang='grc' dir='ltr'>πεζικήν</span> <span class='ocrx_word' id='word_1_615' title='bbox 1468 4737 1589 4772; x_wconf 87' lang='grc' dir='ltr'>τινα</span> 
     </span>
    </p>
   </div>
   <div class='ocr_carea' id='block_1_83' title="bbox 38 4808 1591 4879">
    <p class='ocr_par' dir='ltr' id='par_1_83' title="bbox 38 4808 1591 4879">
     <span class='ocr_line' id='line_1_83' title="bbox 38 4808 1591 4879; baseline 0.001 -20"><span class='ocrx_word' id='word_1_616' title='bbox 38 4808 315 4873; x_wconf 69' lang='grc' dir='ltr'>φάλαγγα.</span> <span class='ocrx_word' id='word_1_617' title='bbox 351 4809 590 4876; x_wconf 73' lang='grc' dir='ltr'>μεγάλην</span> <span class='ocrx_word' id='word_1_618' title='bbox 617 4809 914 4879; x_wconf 81' lang='grc' dir='ltr'>ἐϐράϐευσε</span> <span class='ocrx_word' id='word_1_619' title='bbox 939 4808 1005 4861; x_wconf 85' lang='grc' dir='ltr'>δι’</span> <span class='ocrx_word' id='word_1_620' title='bbox 1037 4808 1249 4861; x_wconf 83' lang='grc' dir='ltr'>ἀϐάτων</span> <span class='ocrx_word' id='word_1_621' title='bbox 1280 4811 1494 4879; x_wconf 81' lang='grc' dir='ltr'>χωρίων</span> <span class='ocrx_word' id='word_1_622' title='bbox 1514 4812 1591 4879; x_wconf 83' lang='grc' dir='ltr'>τῷ</span> 
     </span>
    </p>
   </div>
   <div class='ocr_carea' id='block_1_84' title="bbox 36 4897 1591 4972">
    <p class='ocr_par' dir='ltr' id='par_1_84' title="bbox 36 4897 1591 4972">
     <span class='ocr_line' id='line_1_84' title="bbox 36 4897 1591 4972; baseline 0.004 -23"><span class='ocrx_word' id='word_1_623' title='bbox 36 4897 219 4967; x_wconf 83' lang='grc' dir='ltr'>δρόμῳ</span> <span class='ocrx_word' id='word_1_624' title='bbox 255 4899 354 4967; x_wconf 73' lang='grc' dir='ltr'>τὴν</span> <span class='ocrx_word' id='word_1_625' title='bbox 381 4900 683 4968; x_wconf 75' lang='grc' dir='ltr'>ταχύτητα,</span> <span class='ocrx_word' id='word_1_626' title='bbox 740 4902 814 4970; x_wconf 85' lang='grc' dir='ltr'>μὴ</span> <span class='ocrx_word' id='word_1_627' title='bbox 872 4901 1011 4972; x_wconf 68' lang='grc' dir='ltr'>λάθῃ</span> <span class='ocrx_word' id='word_1_628' title='bbox 1052 4900 1299 4967; x_wconf 79' lang='grc' dir='ltr'>φυγοῦσα</span> <span class='ocrx_word' id='word_1_629' title='bbox 1332 4905 1469 4970; x_wconf 80' lang='grc' dir='ltr'>μετὰ</span> <span class='ocrx_word' id='word_1_630' title='bbox 1493 4906 1591 4971; x_wconf 82' lang='grc' dir='ltr'>τῆς</span> 
     </span>
    </p>
   </div>
   <div class='ocr_carea' id='block_1_85' title="bbox 36 4988 1591 5065">
    <p class='ocr_par' dir='ltr' id='par_1_85' title="bbox 36 4988 1591 5065">
     <span class='ocr_line' id='line_1_85' title="bbox 36 4988 1591 5065; baseline 0.003 -26"><span class='ocrx_word' id='word_1_631' title='bbox 36 4988 181 5049; x_wconf 86' lang='grc' dir='ltr'>λείας</span> <span class='ocrx_word' id='word_1_632' title='bbox 206 4992 241 5058; x_wconf 76' lang='grc' dir='ltr'><strong>ἡ</strong></span> <span class='ocrx_word' id='word_1_633' title='bbox 271 4989 537 5061; x_wconf 78' lang='grc' dir='ltr'>λῃστρικὴ</span> <span class='ocrx_word' id='word_1_634' title='bbox 562 4991 809 5059; x_wconf 81' lang='grc' dir='ltr'>δύναμις.</span> <span class='ocrx_word' id='word_1_635' title='bbox 836 4991 1014 5045; x_wconf 86' lang='grc' dir='ltr'>Τόπου</span> <span class='ocrx_word' id='word_1_636' title='bbox 1039 4992 1328 5061; x_wconf 76' lang='grc' dir='ltr'>τοιγαροῦν</span> <span class='ocrx_word' id='word_1_637' title='bbox 1354 4992 1591 5065; x_wconf 79' lang='grc' dir='ltr'>ἐντυχὼν</span> 
     </span>
    </p>
   </div>
   <div class='ocr_carea' id='block_1_86' title="bbox 37 5076 1589 5155">
    <p class='ocr_par' dir='ltr' id='par_1_86' title="bbox 37 5076 1589 5155">
     <span class='ocr_line' id='line_1_86' title="bbox 37 5076 1589 5155; baseline 0.004 -24"><span class='ocrx_word' id='word_1_638' title='bbox 37 5082 473 5150; x_wconf 72' lang='grc' dir='ltr'>ἐπιτηδειότητι..</span> <span class='ocrx_word' id='word_1_639' title='bbox 500 5082 569 5135; x_wconf 80' lang='grc' dir='ltr'>δι’</span> <span class='ocrx_word' id='word_1_640' title='bbox 615 5076 680 5136; x_wconf 74' lang='grc' dir='ltr'><strong>οὗ</strong></span> <span class='ocrx_word' id='word_1_641' title='bbox 710 5084 808 5150; x_wconf 80' lang='grc' dir='ltr'>τὴν</span> <span class='ocrx_word' id='word_1_642' title='bbox 861 5084 1205 5155; x_wconf 79' lang='grc' dir='ltr'>ἀναστροφὴν</span> <span class='ocrx_word' id='word_1_643' title='bbox 1244 5086 1293 5137; x_wconf 87' lang='lat' dir='ltr'><strong>oi</strong></span> <span class='ocrx_word' id='word_1_644' title='bbox 1324 5084 1589 5155; x_wconf 79' lang='grc' dir='ltr'>βάρϐαροι</span> 
     </span>
    </p>
   </div>
   <div class='ocr_carea' id='block_1_87' title="bbox 1702 3907 3259 3976">
    <p class='ocr_par' dir='ltr' id='par_1_87' title="bbox 1702 3907 3259 3976">
     <span class='ocr_line' id='line_1_87' title="bbox 1702 3907 3259 3976; baseline 0.008 -18"><span class='ocrx_word' id='word_1_645' title='bbox 1702 3918 1952 3976; x_wconf 67' lang='grc' dir='ltr'>ρταειςιίιι.</span> <span class='ocrx_word' id='word_1_646' title='bbox 1991 3907 2088 3962; x_wconf 91' lang='lat' dir='ltr'><strong>llic</strong></span> <span class='ocrx_word' id='word_1_647' title='bbox 2116 3907 2309 3963; x_wconf 86' lang='lat' dir='ltr'><strong>Persas</strong></span> <span class='ocrx_word' id='word_1_648' title='bbox 2349 3910 2499 3963; x_wconf 90' lang='lat' dir='ltr'><strong>omni</strong></span> <span class='ocrx_word' id='word_1_649' title='bbox 2536 3911 2756 3967; x_wconf 88' lang='lat' dir='ltr'><strong>licentia</strong></span> <span class='ocrx_word' id='word_1_650' title='bbox 2788 3922 2842 3968; x_wconf 86' lang='lat' dir='ltr'><strong>et</strong></span> <span class='ocrx_word' id='word_1_651' title='bbox 2874 3916 3024 3968; x_wconf 91' lang='lat' dir='ltr'><strong>nullo</strong></span> <span class='ocrx_word' id='word_1_652' title='bbox 3065 3917 3259 3971; x_wconf 75' lang='lat' dir='ltr'><strong>labore</strong></span> 
     </span>
    </p>
   </div>
   <div class='ocr_carea' id='block_1_88' title="bbox 1695 3997 3268 4068">
    <p class='ocr_par' dir='ltr' id='par_1_88' title="bbox 1695 3997 3268 4068">
     <span class='ocr_line' id='line_1_88' title="bbox 1695 3997 3268 4068; baseline 0.007 -18"><span class='ocrx_word' id='word_1_653' title='bbox 1695 3997 1931 4067; x_wconf 58' lang='lat' dir='ltr'><strong>praidam</strong></span> <span class='ocrx_word' id='word_1_654' title='bbox 1964 3998 2090 4052; x_wconf 90' lang='lat' dir='ltr'><strong>inde</strong></span> <span class='ocrx_word' id='word_1_655' title='bbox 2123 3998 2347 4068; x_wconf 88' lang='lat' dir='ltr'><strong>impune</strong></span> <span class='ocrx_word' id='word_1_656' title='bbox 2378 3998 2631 4056; x_wconf 78' lang='lat' dir='ltr'><strong>avertere</strong></span> <span class='ocrx_word' id='word_1_657' title='bbox 2658 4018 2766 4056; x_wconf 90' lang='lat' dir='ltr'><strong>non</strong></span> <span class='ocrx_word' id='word_1_658' title='bbox 2802 4007 3143 4061; x_wconf 88' lang='lat' dir='ltr'><strong>tolerandum</strong></span> <span class='ocrx_word' id='word_1_659' title='bbox 3173 4026 3268 4061; x_wconf 27' lang='lat' dir='ltr'><strong>ra—r</strong></span> 
     </span>
    </p>
   </div>
   <div class='ocr_carea' id='block_1_89' title="bbox 1694 4090 3265 4165">
    <p class='ocr_par' dir='ltr' id='par_1_89' title="bbox 1694 4090 3265 4165">
     <span class='ocr_line' id='line_1_89' title="bbox 1694 4090 3265 4165; baseline 0.001 -21"><span class='ocrx_word' id='word_1_660' title='bbox 1694 4100 1803 4152; x_wconf 91' lang='lat' dir='ltr'><strong>tus,</strong></span> <span class='ocrx_word' id='word_1_661' title='bbox 1837 4105 1961 4143; x_wconf 91' lang='lat' dir='ltr'><strong>cum</strong></span> <span class='ocrx_word' id='word_1_662' title='bbox 1995 4090 2152 4143; x_wconf 88' lang='lat' dir='ltr'><strong>facile</strong></span> <span class='ocrx_word' id='word_1_663' title='bbox 2202 4090 2349 4143; x_wconf 84' lang='lat' dir='ltr'><strong>haud</strong></span> <span class='ocrx_word' id='word_1_664' title='bbox 2400 4103 2546 4145; x_wconf 89' lang='lat' dir='ltr'><strong>esset</strong></span> <span class='ocrx_word' id='word_1_665' title='bbox 2590 4108 2655 4146; x_wconf 80' lang='lat' dir='ltr'><strong>ex</strong></span> <span class='ocrx_word' id='word_1_666' title='bbox 2703 4097 2819 4149; x_wconf 87' lang='lat' dir='ltr'><strong>sola</strong></span> <span class='ocrx_word' id='word_1_667' title='bbox 2862 4098 3265 4165; x_wconf 59' lang='lat' dir='ltr'><strong>Gratianopoii,</strong></span> 
     </span>
    </p>
   </div>
   <div class='ocr_carea' id='block_1_90' title="bbox 1697 4177 3245 4253">
    <p class='ocr_par' dir='ltr' id='par_1_90' title="bbox 1697 4177 3245 4253">
     <span class='ocr_line' id='line_1_90' title="bbox 1697 4177 3245 4253; baseline 0.005 -20"><span class='ocrx_word' id='word_1_668' title='bbox 1697 4180 1789 4233; x_wconf 89' lang='lat' dir='ltr'><strong>ubi</strong></span> <span class='ocrx_word' id='word_1_669' title='bbox 1828 4181 1940 4247; x_wconf 90' lang='lat' dir='ltr'><strong>ipse</strong></span> <span class='ocrx_word' id='word_1_670' title='bbox 1987 4187 2100 4231; x_wconf 92' lang='lat' dir='ltr'><strong>tum</strong></span> <span class='ocrx_word' id='word_1_671' title='bbox 2150 4177 2290 4232; x_wconf 77' lang='lat' dir='ltr'><strong>forte</strong></span> <span class='ocrx_word' id='word_1_672' title='bbox 2325 4181 2667 4246; x_wconf 85' lang='lat' dir='ltr'><strong>versabatur,</strong></span> <span class='ocrx_word' id='word_1_673' title='bbox 2720 4198 2913 4253; x_wconf 82' lang='lat' dir='ltr'><strong>cogere</strong></span> <span class='ocrx_word' id='word_1_674' title='bbox 2946 4199 3245 4240; x_wconf 75' lang='lat' dir='ltr'><strong>exercutnnt</strong></span> 
     </span>
    </p>
   </div>
   <div class='ocr_carea' id='block_1_91' title="bbox 1693 4268 3249 4342">
    <p class='ocr_par' dir='ltr' id='par_1_91' title="bbox 1693 4268 3249 4342">
     <span class='ocr_line' id='line_1_91' title="bbox 1693 4268 3249 4342; baseline 0.003 -17"><span class='ocrx_word' id='word_1_675' title='bbox 1693 4268 2031 4325; x_wconf 89' lang='lat' dir='ltr'><strong>debellandis</strong></span> <span class='ocrx_word' id='word_1_676' title='bbox 2054 4268 2307 4323; x_wconf 79' lang='lat' dir='ltr'><strong>Barbaris</strong></span> <span class='ocrx_word' id='word_1_677' title='bbox 2331 4286 2537 4338; x_wconf 89' lang='lat' dir='ltr'><strong>parem,</strong></span> <span class='ocrx_word' id='word_1_678' title='bbox 2568 4287 2635 4327; x_wconf 79' lang='lat' dir='ltr'><strong>ex</strong></span> <span class='ocrx_word' id='word_1_679' title='bbox 2665 4273 2732 4327; x_wconf 92' lang='lat' dir='ltr'><strong>iis</strong></span> <span class='ocrx_word' id='word_1_680' title='bbox 2765 4276 2859 4342; x_wconf 90' lang='lat' dir='ltr'><strong>qui</strong></span> <span class='ocrx_word' id='word_1_681' title='bbox 2886 4276 3111 4329; x_wconf 85' lang='lat' dir='ltr'><strong>aderant</strong></span> <span class='ocrx_word' id='word_1_682' title='bbox 3140 4288 3249 4329; x_wconf 71' lang='lat' dir='ltr'><strong>trr-</strong></span> 
     </span>
    </p>
   </div>
   <div class='ocr_carea' id='block_1_92' title="bbox 1694 4363 3249 4431">
    <p class='ocr_par' dir='ltr' id='par_1_92' title="bbox 1694 4363 3249 4431">
     <span class='ocr_line' id='line_1_92' title="bbox 1694 4363 3249 4431; baseline 0.005 -14"><span class='ocrx_word' id='word_1_683' title='bbox 1694 4373 1881 4417; x_wconf 84' lang='lat' dir='ltr'><strong>centos</strong></span> <span class='ocrx_word' id='word_1_684' title='bbox 1911 4363 2126 4430; x_wconf 87' lang='lat' dir='ltr'><strong>equites</strong></span> <span class='ocrx_word' id='word_1_685' title='bbox 2166 4372 2220 4416; x_wconf 92' lang='lat' dir='ltr'><strong>ct</strong></span> <span class='ocrx_word' id='word_1_686' title='bbox 2269 4363 2577 4431; x_wconf 89' lang='lat' dir='ltr'><strong>pedestrem</strong></span> <span class='ocrx_word' id='word_1_687' title='bbox 2622 4367 2906 4422; x_wconf 88' lang='lat' dir='ltr'><strong>cohortem</strong></span> <span class='ocrx_word' id='word_1_688' title='bbox 2954 4370 3163 4429; x_wconf 75' lang='lat' dir='ltr'><strong>sumit;</strong></span> <span class='ocrx_word' id='word_1_689' title='bbox 3189 4387 3249 4424; x_wconf 81' lang='lat' dir='ltr'><strong>ac</strong></span> 
     </span>
    </p>
   </div>
   <div class='ocr_carea' id='block_1_93' title="bbox 1693 4453 3251 4530">
    <p class='ocr_par' dir='ltr' id='par_1_93' title="bbox 1693 4453 3251 4530">
     <span class='ocr_line' id='line_1_93' title="bbox 1693 4453 3251 4530; baseline 0.004 -23"><span class='ocrx_word' id='word_1_690' title='bbox 1693 4468 1761 4507; x_wconf 91' lang='lat' dir='ltr'><strong>ne</strong></span> <span class='ocrx_word' id='word_1_691' title='bbox 1787 4453 2289 4523; x_wconf 64' lang='lat' dir='ltr'><strong>latronumsagmen</strong></span> <span class='ocrx_word' id='word_1_692' title='bbox 2318 4471 2440 4511; x_wconf 89' lang='lat' dir='ltr'><strong>sese</strong></span> <span class='ocrx_word' id='word_1_693' title='bbox 2468 4471 2593 4511; x_wconf 88' lang='lat' dir='ltr'><strong>cum</strong></span> <span class='ocrx_word' id='word_1_694' title='bbox 2627 4459 2807 4527; x_wconf 64' lang='lat' dir='ltr'><strong>prmda</strong></span> <span class='ocrx_word' id='word_1_695' title='bbox 2853 4461 3034 4514; x_wconf 90' lang='lat' dir='ltr'><strong>subito</strong></span> <span class='ocrx_word' id='word_1_696' title='bbox 3075 4464 3251 4530; x_wconf 51' lang='lat' dir='ltr'><strong>pruris</strong></span> 
     </span>
    </p>
   </div>
   <div class='ocr_carea' id='block_1_94' title="bbox 1693 4546 3248 4623">
    <p class='ocr_par' dir='ltr' id='par_1_94' title="bbox 1693 4546 3248 4623">
     <span class='ocr_line' id='line_1_94' title="bbox 1693 4546 3248 4623; baseline 0.003 -22"><span class='ocrx_word' id='word_1_697' title='bbox 1693 4548 1826 4619; x_wconf 87' lang='lat' dir='ltr'><strong>piat,</strong></span> <span class='ocrx_word' id='word_1_698' title='bbox 1872 4562 2067 4617; x_wconf 85' lang='lat' dir='ltr'><strong>magno</strong></span> <span class='ocrx_word' id='word_1_699' title='bbox 2097 4546 2313 4601; x_wconf 89' lang='lat' dir='ltr'><strong>itineris</strong></span> <span class='ocrx_word' id='word_1_700' title='bbox 2342 4549 2667 4616; x_wconf 87' lang='lat' dir='ltr'><strong>compendio</strong></span> <span class='ocrx_word' id='word_1_701' title='bbox 2707 4566 2928 4604; x_wconf 88' lang='lat' dir='ltr'><strong>cursum</strong></span> <span class='ocrx_word' id='word_1_702' title='bbox 2977 4568 3075 4623; x_wconf 68' lang='lat' dir='ltr'><strong>per</strong></span> <span class='ocrx_word' id='word_1_703' title='bbox 3105 4553 3248 4605; x_wconf 77' lang='lat' dir='ltr'><strong>int-ia</strong></span> 
     </span>
    </p>
   </div>
   <div class='ocr_carea' id='block_1_95' title="bbox 1692 4638 3247 4708">
    <p class='ocr_par' dir='ltr' id='par_1_95' title="bbox 1692 4638 3247 4708">
     <span class='ocr_line' id='line_1_95' title="bbox 1692 4638 3247 4708; baseline -0.001 -13"><span class='ocrx_word' id='word_1_704' title='bbox 1692 4641 1977 4695; x_wconf 87' lang='lat' dir='ltr'><strong>accelerat.</strong></span> <span class='ocrx_word' id='word_1_705' title='bbox 2030 4638 2233 4693; x_wconf 91' lang='lat' dir='ltr'><strong>Locum</strong></span> <span class='ocrx_word' id='word_1_706' title='bbox 2284 4655 2417 4693; x_wconf 88' lang='lat' dir='ltr'><strong>vero</strong></span> <span class='ocrx_word' id='word_1_707' title='bbox 2465 4651 2835 4707; x_wconf 87' lang='lat' dir='ltr'><strong>opportunum</strong></span> <span class='ocrx_word' id='word_1_708' title='bbox 2882 4653 3092 4705; x_wconf 88' lang='lat' dir='ltr'><strong>nactus,</strong></span> <span class='ocrx_word' id='word_1_709' title='bbox 3144 4657 3247 4708; x_wconf 87' lang='lat' dir='ltr'><strong>qua</strong></span> 
     </span>
    </p>
   </div>
   <div class='ocr_carea' id='block_1_96' title="bbox 1693 4730 3245 4798">
    <p class='ocr_par' dir='ltr' id='par_1_96' title="bbox 1693 4730 3245 4798">
     <span class='ocr_line' id='line_1_96' title="bbox 1693 4730 3245 4798; baseline -0.003 -12"><span class='ocrx_word' id='word_1_710' title='bbox 1693 4732 1920 4787; x_wconf 89' lang='lat' dir='ltr'><strong>redituri</strong></span> <span class='ocrx_word' id='word_1_711' title='bbox 1949 4731 2135 4783; x_wconf 88' lang='lat' dir='ltr'><strong>hostes</strong></span> <span class='ocrx_word' id='word_1_712' title='bbox 2164 4730 2517 4798; x_wconf 86' lang='lat' dir='ltr'><strong>putabantur,</strong></span> <span class='ocrx_word' id='word_1_713' title='bbox 2552 4744 2682 4782; x_wconf 81' lang='lat' dir='ltr'><strong>suos</strong></span> <span class='ocrx_word' id='word_1_714' title='bbox 2711 4730 2783 4783; x_wconf 87' lang='lat' dir='ltr'><strong>ibi</strong></span> <span class='ocrx_word' id='word_1_715' title='bbox 2826 4730 2878 4782; x_wconf 90' lang='lat' dir='ltr'><strong>in</strong></span> <span class='ocrx_word' id='word_1_716' title='bbox 2915 4731 3124 4784; x_wconf 86' lang='lat' dir='ltr'><strong>insidiis</strong></span> <span class='ocrx_word' id='word_1_717' title='bbox 3151 4750 3162 4795; x_wconf 77' lang='grc' dir='ltr'><strong>ι</strong></span> <span class='ocrx_word' id='word_1_718' title='bbox 3186 4748 3245 4781; x_wconf 88' lang='lat' dir='ltr'><strong>o-</strong></span> 
     </span>
    </p>
   </div>
   <div class='ocr_carea' id='block_1_97' title="bbox 1693 4816 3242 4887">
    <p class='ocr_par' dir='ltr' id='par_1_97' title="bbox 1693 4816 3242 4887">
     <span class='ocr_line' id='line_1_97' title="bbox 1693 4816 3242 4887; baseline -0.002 -10"><span class='ocrx_word' id='word_1_719' title='bbox 1693 4824 1774 4877; x_wconf 90' lang='lat' dir='ltr'><strong>nit</strong></span> <span class='ocrx_word' id='word_1_720' title='bbox 1798 4841 1811 4876; x_wconf 90' lang='lat'><strong>:</strong></span> <span class='ocrx_word' id='word_1_721' title='bbox 1842 4832 1953 4874; x_wconf 90' lang='lat' dir='ltr'><strong>tum</strong></span> <span class='ocrx_word' id='word_1_722' title='bbox 1981 4818 2241 4887; x_wconf 89' lang='lat' dir='ltr'><strong>quosdam</strong></span> <span class='ocrx_word' id='word_1_723' title='bbox 2265 4816 2551 4885; x_wconf 81' lang='lat' dir='ltr'><strong>expeditos</strong></span> <span class='ocrx_word' id='word_1_724' title='bbox 2580 4819 2915 4886; x_wconf 87' lang='lat' dir='ltr'><strong>speculatum</strong></span> <span class='ocrx_word' id='word_1_725' title='bbox 2946 4820 3242 4887; x_wconf 74' lang='lat' dir='ltr'><strong>przemiltit.</strong></span> 
     </span>
    </p>
   </div>
   <div class='ocr_carea' id='block_1_98' title="bbox 1694 4906 3248 4980">
    <p class='ocr_par' dir='ltr' id='par_1_98' title="bbox 1694 4906 3248 4980">
     <span class='ocr_line' id='line_1_98' title="bbox 1694 4906 3248 4980; baseline -0.003 -14"><span class='ocrx_word' id='word_1_726' title='bbox 1694 4915 1769 4967; x_wconf 81' lang='lat' dir='ltr'><strong>Ex</strong></span> <span class='ocrx_word' id='word_1_727' title='bbox 1794 4911 1993 4980; x_wconf 86' lang='lat' dir='ltr'><strong>quibus</strong></span> <span class='ocrx_word' id='word_1_728' title='bbox 2017 4922 2140 4961; x_wconf 89' lang='lat' dir='ltr'><strong>cum</strong></span> <span class='ocrx_word' id='word_1_729' title='bbox 2168 4906 2485 4971; x_wconf 79' lang='lat' dir='ltr'><strong>audivisset,</strong></span> <span class='ocrx_word' id='word_1_730' title='bbox 2517 4907 2572 4959; x_wconf 91' lang='lat' dir='ltr'><strong>in</strong></span> <span class='ocrx_word' id='word_1_731' title='bbox 2617 4906 2794 4975; x_wconf 60' lang='lat' dir='ltr'><strong>praeda</strong></span> <span class='ocrx_word' id='word_1_732' title='bbox 2820 4908 3028 4976; x_wconf 82' lang='lat' dir='ltr'><strong>agenda</strong></span> <span class='ocrx_word' id='word_1_733' title='bbox 3069 4909 3248 4961; x_wconf 83' lang='lat' dir='ltr'><strong>adhuc</strong></span> 
     </span>
    </p>
   </div>
   <div class='ocr_carea' id='block_1_99' title="bbox 1690 4996 3245 5068">
    <p class='ocr_par' dir='ltr' id='par_1_99' title="bbox 1690 4996 3245 5068">
     <span class='ocr_line' id='line_1_99' title="bbox 1690 4996 3245 5068; baseline -0.002 -14"><span class='ocrx_word' id='word_1_734' title='bbox 1690 5009 1983 5068; x_wconf 74' lang='lat' dir='ltr'><strong>occupatos</strong></span> <span class='ocrx_word' id='word_1_735' title='bbox 2007 5012 2130 5051; x_wconf 87' lang='lat' dir='ltr'><strong>esse</strong></span> <span class='ocrx_word' id='word_1_736' title='bbox 2160 4996 2429 5050; x_wconf 86' lang='lat' dir='ltr'><strong>Barbaros</strong></span> <span class='ocrx_word' id='word_1_737' title='bbox 2456 5006 2512 5050; x_wconf 91' lang='lat' dir='ltr'><strong>et</strong></span> <span class='ocrx_word' id='word_1_738' title='bbox 2544 5010 2575 5050; x_wconf 83' lang='lat' dir='ltr'><strong>a</strong></span> <span class='ocrx_word' id='word_1_739' title='bbox 2608 4998 2806 5067; x_wconf 83' lang='lat' dir='ltr'><strong>castris</strong></span> <span class='ocrx_word' id='word_1_740' title='bbox 2835 4997 2995 5067; x_wconf 77' lang='lat' dir='ltr'><strong>longe</strong></span> <span class='ocrx_word' id='word_1_741' title='bbox 3022 4999 3245 5061; x_wconf 76' lang='lat' dir='ltr'><strong>abesse;</strong></span> 
     </span>
    </p>
   </div>
   <div class='ocr_carea' id='block_1_100' title="bbox 1693 5088 3245 5157">
    <p class='ocr_par' dir='ltr' id='par_1_100' title="bbox 1693 5088 3245 5157">
     <span class='ocr_line' id='line_1_100' title="bbox 1693 5088 3245 5157; baseline -0.002 -12"><span class='ocrx_word' id='word_1_742' title='bbox 1693 5092 1892 5145; x_wconf 85' lang='lat' dir='ltr'><strong>milites</strong></span> <span class='ocrx_word' id='word_1_743' title='bbox 1923 5104 2050 5144; x_wconf 88' lang='lat' dir='ltr'><strong>suos</strong></span> <span class='ocrx_word' id='word_1_744' title='bbox 2086 5088 2298 5142; x_wconf 90' lang='lat' dir='ltr'><strong>modice</strong></span> <span class='ocrx_word' id='word_1_745' title='bbox 2323 5088 2477 5157; x_wconf 84' lang='lat' dir='ltr'><strong>jubet</strong></span> <span class='ocrx_word' id='word_1_746' title='bbox 2513 5088 2806 5157; x_wconf 89' lang='lat' dir='ltr'><strong>prandere.</strong></span> <span class='ocrx_word' id='word_1_747' title='bbox 2859 5089 2927 5144; x_wconf 84' lang='lat' dir='ltr'><strong>At</strong></span> <span class='ocrx_word' id='word_1_748' title='bbox 2977 5090 3077 5153; x_wconf 89' lang='lat' dir='ltr'><strong>illi,</strong></span> <span class='ocrx_word' id='word_1_749' title='bbox 3118 5106 3245 5157; x_wconf 77' lang='lat' dir='ltr'><strong>quia</strong></span> 
     </span>
    </p>
   </div>
   <div class='ocr_carea' id='block_1_101' title="bbox 36 5172 1589 5248">
    <p class='ocr_par' dir='ltr' id='par_1_101' title="bbox 36 5172 1587 5245">
     <span class='ocr_line' id='line_1_101' title="bbox 36 5172 1587 5245; baseline 0.001 -20"><span class='ocrx_word' id='word_1_750' title='bbox 36 5172 162 5241; x_wconf 71' lang='grc' dir='ltr'>δρᾷν</span> <span class='ocrx_word' id='word_1_751' title='bbox 194 5174 531 5240; x_wconf 72' lang='grc' dir='ltr'>ἐνομίζοντο,</span> <span class='ocrx_word' id='word_1_752' title='bbox 559 5175 662 5243; x_wconf 85' lang='grc' dir='ltr'>τήν</span> <span class='ocrx_word' id='word_1_753' title='bbox 702 5190 761 5226; x_wconf 89' lang='grc' dir='ltr'><strong>τε</strong></span> <span class='ocrx_word' id='word_1_754' title='bbox 791 5174 1069 5243; x_wconf 83' lang='grc' dir='ltr'>ἐφεδρείαν</span> <span class='ocrx_word' id='word_1_755' title='bbox 1099 5176 1329 5229; x_wconf 76' lang='grc' dir='ltr'>ἐνταῦθα</span> <span class='ocrx_word' id='word_1_756' title='bbox 1360 5178 1587 5245; x_wconf 81' lang='grc' dir='ltr'>πεποίη-</span> 
     </span>
    </p>
   </div>
   <div class='ocr_carea' id='block_1_102' title="bbox 1691 5172 3247 5248">
    <p class='ocr_par' dir='ltr' id='par_1_102' title="bbox 1693 5178 3247 5248">
     <span class='ocr_line' id='line_1_102' title="bbox 1693 5178 3247 5248; baseline -0.005 -9"><span class='ocrx_word' id='word_1_757' title='bbox 1693 5201 1797 5239; x_wconf 89' lang='lat' dir='ltr'><strong>non</strong></span> <span class='ocrx_word' id='word_1_758' title='bbox 1836 5183 2129 5243; x_wconf 82' lang='lat' dir='ltr'><strong>habebant,</strong></span> <span class='ocrx_word' id='word_1_759' title='bbox 2163 5178 2306 5233; x_wconf 89' lang='lat' dir='ltr'><strong>unde</strong></span> <span class='ocrx_word' id='word_1_760' title='bbox 2326 5193 2521 5248; x_wconf 85' lang='lat' dir='ltr'><strong>aquam</strong></span> <span class='ocrx_word' id='word_1_761' title='bbox 2556 5180 2839 5235; x_wconf 85' lang='lat' dir='ltr'><strong>haurirent</strong></span> <span class='ocrx_word' id='word_1_762' title='bbox 2872 5180 2937 5234; x_wconf 92' lang='lat' dir='ltr'><strong>ad</strong></span> <span class='ocrx_word' id='word_1_763' title='bbox 2970 5180 3131 5248; x_wconf 77' lang='lat'><strong>837</strong></span> <span class='ocrx_word' id='word_1_764' title='bbox 3162 5194 3247 5232; x_wconf 84' lang='lat' dir='ltr'><strong>rc-</strong></span> 
     </span>
    </p>
   </div>
   <div class='ocr_carea' id='block_1_103' title="bbox 37 5261 1584 5331">
    <p class='ocr_par' dir='ltr' id='par_1_103' title="bbox 37 5261 1584 5331">
     <span class='ocr_line' id='line_1_103' title="bbox 37 5261 1584 5331; baseline 0.006 -22"><span class='ocrx_word' id='word_1_765' title='bbox 37 5278 120 5313; x_wconf 84' lang='grc' dir='ltr'><strong>ται</strong></span> <span class='ocrx_word' id='word_1_766' title='bbox 148 5262 250 5316; x_wconf 80' lang='grc' dir='ltr'>καὶ</span> <span class='ocrx_word' id='word_1_767' title='bbox 269 5262 380 5313; x_wconf 80' lang='grc' dir='ltr'>τῶν</span> <span class='ocrx_word' id='word_1_768' title='bbox 404 5263 653 5325; x_wconf 78' lang='grc' dir='ltr'>εὐζώνων</span> <span class='ocrx_word' id='word_1_769' title='bbox 704 5263 877 5325; x_wconf 81' lang='grc' dir='ltr'>ἐνίους</span> <span class='ocrx_word' id='word_1_770' title='bbox 912 5261 1272 5331; x_wconf 73' lang='grc' dir='ltr'>προῦπεμπεν</span> <span class='ocrx_word' id='word_1_771' title='bbox 1304 5269 1384 5329; x_wconf 84' lang='grc' dir='ltr'><strong>εἰς</strong></span> <span class='ocrx_word' id='word_1_772' title='bbox 1416 5284 1584 5319; x_wconf 78' lang='grc' dir='ltr'>κατα-</span> 
     </span>
    </p>
   </div>
   <div class='ocr_carea' id='block_1_104' title="bbox 38 5348 1586 5427">
    <p class='ocr_par' dir='ltr' id='par_1_104' title="bbox 38 5348 1586 5427">
     <span class='ocr_line' id='line_1_104' title="bbox 38 5348 1586 5427; baseline 0.005 -24"><span class='ocrx_word' id='word_1_773' title='bbox 38 5355 279 5423; x_wconf 63' lang='grc' dir='ltr'>σκοπήν</span> <span class='ocrx_word' id='word_1_774' title='bbox 310 5356 402 5421; x_wconf 77' lang='grc' dir='ltr'><strong>ἀφ’</strong></span> <span class='ocrx_word' id='word_1_775' title='bbox 433 5348 507 5409; x_wconf 80' lang='grc' dir='ltr'>ὦν</span> <span class='ocrx_word' id='word_1_776' title='bbox 543 5356 671 5424; x_wconf 79' lang='grc' dir='ltr'>περὶ</span> <span class='ocrx_word' id='word_1_777' title='bbox 698 5354 794 5424; x_wconf 78' lang='grc' dir='ltr'>τὴν</span> <span class='ocrx_word' id='word_1_778' title='bbox 825 5355 972 5407; x_wconf 81' lang='grc' dir='ltr'>λείαν</span> <span class='ocrx_word' id='word_1_779' title='bbox 1002 5352 1343 5423; x_wconf 69' lang='grc' dir='ltr'>ἀσχολεῖσθαι</span> <span class='ocrx_word' id='word_1_780' title='bbox 1394 5358 1586 5427; x_wconf 66' lang='grc' dir='ltr'>πόρρω</span> 
     </span>
    </p>
   </div>
   <div class='ocr_carea' id='block_1_105' title="bbox 1696 5272 3246 5346">
    <p class='ocr_par' dir='ltr' id='par_1_105' title="bbox 1696 5272 3246 5346">
     <span class='ocr_line' id='line_1_105' title="bbox 1696 5272 3246 5346; baseline -0.004 -15"><span class='ocrx_word' id='word_1_781' title='bbox 1696 5276 2075 5346; x_wconf 75' lang='lat' dir='ltr'><strong>stinguendam</strong></span> <span class='ocrx_word' id='word_1_782' title='bbox 2106 5272 2280 5336; x_wconf 85' lang='lat' dir='ltr'><strong>sitim,</strong></span> <span class='ocrx_word' id='word_1_783' title='bbox 2303 5286 2465 5340; x_wconf 86' lang='lat' dir='ltr'><strong>quam</strong></span> <span class='ocrx_word' id='word_1_784' title='bbox 2498 5283 2554 5327; x_wconf 86' lang='lat' dir='ltr'><strong>et</strong></span> <span class='ocrx_word' id='word_1_785' title='bbox 2589 5286 2785 5328; x_wconf 84' lang='lat' dir='ltr'><strong>cursus</strong></span> <span class='ocrx_word' id='word_1_786' title='bbox 2818 5272 3153 5341; x_wconf 76' lang='lat' dir='ltr'><strong>defatigatio,</strong></span> <span class='ocrx_word' id='word_1_787' title='bbox 3189 5280 3246 5325; x_wconf 90' lang='lat' dir='ltr'><strong>ct</strong></span> 
     </span>
    </p>
   </div>
   <div class='ocr_carea' id='block_1_106' title="bbox 1696 5359 3246 5432">
    <p class='ocr_par' dir='ltr' id='par_1_106' title="bbox 1696 5359 3246 5432">
     <span class='ocr_line' id='line_1_106' title="bbox 1696 5359 3246 5432; baseline -0.001 -15"><span class='ocrx_word' id='word_1_788' title='bbox 1696 5363 1841 5417; x_wconf 87' lang='lat' dir='ltr'><strong>illius</strong></span> <span class='ocrx_word' id='word_1_789' title='bbox 1870 5360 2207 5429; x_wconf 85' lang='lat' dir='ltr'><strong>tempestatis</strong></span> <span class='ocrx_word' id='word_1_790' title='bbox 2246 5360 2425 5414; x_wconf 86' lang='lat' dir='ltr'><strong>ardor</strong></span> <span class='ocrx_word' id='word_1_791' title='bbox 2452 5359 2731 5425; x_wconf 77' lang='lat' dir='ltr'><strong>attulerat,</strong></span> <span class='ocrx_word' id='word_1_792' title='bbox 2760 5363 2925 5418; x_wconf 88' lang='lat' dir='ltr'><strong>armis</strong></span> <span class='ocrx_word' id='word_1_793' title='bbox 2952 5362 3246 5432; x_wconf 81' lang='lat' dir='ltr'><strong>expedien-</strong></span> 
     </span>
    </p>
   </div>
   <div class='ocr_carea' id='block_1_107' title="bbox 1357 5504 1917 5568">
    <p class='ocr_par' dir='ltr' id='par_1_107' title="bbox 1357 5504 1917 5568">
     <span class='ocr_line' id='line_1_107' title="bbox 1357 5504 1917 5568; baseline 0.002 -6"><span class='ocrx_word' id='word_1_794' title='bbox 1357 5504 1696 5568; x_wconf 82' lang='lat' dir='ltr'><strong>Variorum</strong></span> <span class='ocrx_word' id='word_1_795' title='bbox 1736 5511 1917 5565; x_wconf 65' lang='lat' dir='ltr'><strong>notas.</strong></span> 
     </span>
    </p>
   </div>
   <div class='ocr_carea' id='block_1_108' title="bbox 100 5604 1382 5693">
    <p class='ocr_par' dir='ltr' id='par_1_108' title="bbox 100 5604 1382 5693">
     <span class='ocr_line' id='line_1_108' title="bbox 100 5604 1382 5693; baseline 0 -14"><span class='ocrx_word' id='word_1_796' title='bbox 100 5626 215 5693; x_wconf 50' lang='lat' dir='ltr'><strong>iss)</strong></span> <span class='ocrx_word' id='word_1_797' title='bbox 247 5624 542 5681; x_wconf 78' lang='lat' dir='ltr'><strong>Cantacuz.</strong></span> <span class='ocrx_word' id='word_1_798' title='bbox 564 5624 663 5678; x_wconf 88' lang='lat' dir='ltr'><strong>lib.</strong></span> <span class='ocrx_word' id='word_1_799' title='bbox 700 5638 773 5682; x_wconf 83' lang='lat' dir='ltr'><strong>tv.</strong></span> <span class='ocrx_word' id='word_1_800' title='bbox 806 5639 923 5691; x_wconf 87' lang='lat' dir='ltr'><strong>cap.</strong></span> <span class='ocrx_word' id='word_1_801' title='bbox 960 5624 1045 5680; x_wconf 71' lang='lat'><strong>10.</strong></span> <span class='ocrx_word' id='word_1_802' title='bbox 1102 5624 1328 5679; x_wconf 55' lang='lat' dir='ltr'><strong>Ducam.</strong></span> <span class='ocrx_word' id='word_1_803' title='bbox 1370 5604 1382 5613; x_wconf 45' lang='grc'><strong><em>⁸</em></strong></span> 
     </span>
    </p>
   </div>
   <div class='ocr_carea' id='block_1_109' title="bbox 42 5695 1562 5820">
    <p class='ocr_par' dir='ltr' id='par_1_109' title="bbox 42 5695 1562 5820">
     <span class='ocr_line' id='line_1_109' title="bbox 102 5695 1562 5766; baseline 0.003 -19"><span class='ocrx_word' id='word_1_804' title='bbox 102 5698 211 5763; x_wconf 68' lang='grc' dir='ltr'><strong>(δῖ)</strong></span> <span class='ocrx_word' id='word_1_805' title='bbox 256 5695 453 5764; x_wconf 88' lang='lat' dir='ltr'><strong>Dequa</strong></span> <span class='ocrx_word' id='word_1_806' title='bbox 476 5695 695 5765; x_wconf 81' lang='lat' dir='ltr'><strong>cepiose</strong></span> <span class='ocrx_word' id='word_1_807' title='bbox 743 5695 1159 5762; x_wconf 75' lang='lat' dir='ltr'><strong>Cantaeuz,lib.</strong></span> <span class='ocrx_word' id='word_1_808' title='bbox 1192 5710 1264 5758; x_wconf 85' lang='lat' dir='ltr'><strong>tv,</strong></span> <span class='ocrx_word' id='word_1_809' title='bbox 1306 5709 1428 5766; x_wconf 87' lang='lat' dir='ltr'><strong>cap.</strong></span> <span class='ocrx_word' id='word_1_810' title='bbox 1474 5698 1562 5766; x_wconf 81' lang='lat' dir='ltr'><strong>lt,</strong></span> 
     </span>
     <span class='ocr_line' id='line_1_110' title="bbox 42 5764 420 5820; baseline 0.008 -2"><span class='ocrx_word' id='word_1_811' title='bbox 42 5764 118 5820; x_wconf 76' lang='grc'><strong>12.</strong></span> <span class='ocrx_word' id='word_1_812' title='bbox 184 5765 420 5820; x_wconf 58' lang='lat' dir='ltr'><strong>buccae.</strong></span> 
     </span>
    </p>
   </div>
   <div class='ocr_carea' id='block_1_110' title="bbox 1739 5618 3243 5695">
    <p class='ocr_par' dir='ltr' id='par_1_110' title="bbox 1739 5618 3243 5695">
     <span class='ocr_line' id='line_1_111' title="bbox 1739 5618 3243 5695; baseline -0.004 -14"><span class='ocrx_word' id='word_1_813' title='bbox 1739 5624 1851 5695; x_wconf 86' lang='lat'><strong>(88)</strong></span> <span class='ocrx_word' id='word_1_814' title='bbox 1869 5625 2018 5695; x_wconf 82' lang='lat' dir='ltr'><strong>_Rem</strong></span> <span class='ocrx_word' id='word_1_815' title='bbox 2053 5636 2242 5684; x_wconf 87' lang='lat' dir='ltr'><strong>narrat</strong></span> <span class='ocrx_word' id='word_1_816' title='bbox 2270 5618 2680 5691; x_wconf 79' lang='lat' dir='ltr'><strong>Cantacuzenus</strong></span> <span class='ocrx_word' id='word_1_817' title='bbox 2724 5625 2820 5681; x_wconf 72' lang='lat' dir='ltr'><strong>lib.</strong></span> <span class='ocrx_word' id='word_1_818' title='bbox 2884 5635 2963 5689; x_wconf 80' lang='lat' dir='ltr'><strong>tv,</strong></span> <span class='ocrx_word' id='word_1_819' title='bbox 3001 5631 3123 5689; x_wconf 80' lang='lat' dir='ltr'><strong>cap.</strong></span> <span class='ocrx_word' id='word_1_820' title='bbox 3182 5620 3243 5675; x_wconf 81' lang='grc' dir='ltr'><strong>ιο</strong></span> 
     </span>
    </p>
   </div>
   <div class='ocr_carea' id='block_1_111' title="bbox 1703 5692 2100 5757">
    <p class='ocr_par' dir='ltr' id='par_1_111' title="bbox 1703 5692 2100 5757">
     <span class='ocr_line' id='line_1_112' title="bbox 1703 5692 2100 5757; baseline 0 -6"><span class='ocrx_word' id='word_1_821' title='bbox 1703 5692 1841 5751; x_wconf 63' lang='lat' dir='ltr'><strong>citr.</strong></span> <span class='ocrx_word' id='word_1_822' title='bbox 1866 5692 2100 5757; x_wconf 65' lang='lat' dir='ltr'><strong>Dousa.</strong></span> 
     </span>
    </p>
   </div>
  </div>
