4008 6340
153 385 283 446 1257

501 383 576 455 [Α.
616 399 666 438 c.
713 383 866 453 I35I]

141 589 391 640 τεθέαται
439 586 581 650 οἶκος
629 590 760 655 πρὸς
809 591 1004 660 ἀρετὴν
1052 593 1390 666 διακείμενιει
1434 588 1515 654 εὖ,
1571 592 1684 644 ἀλλ’

141 677 231 728 οὖν
261 680 372 739 τοῖς
403 682 551 748 ὲμοῖς
580 680 909 742 τελευταίοις
942 682 1277 749 βαπτόμενος
1306 681 1544 750 ἀῖμασιν
1588 680 1685 747 ὀψὲ

140 767 273 834 γοῦν
308 770 439 835 μίαν
471 770 672 838 ταύτην
696 772 848 840 γνοίη
880 788 946 839 με
977 772 1306 840 κεκτημένον
1332 770 1532 839 ἀρετὴν
1555 770 1684 820 πολ-

140 858 231 910 )οὖ
267 874 410 920 τινος
454 859 630 926 ἀξίαν,
673 861 733 912 τὸ
770 861 843 931 μὴ
878 861 1074 913 πολλοῦ
1102 878 1244 923 τινος
1269 861 1418 923 ἀξιον
1442 859 1685 929 νομίζειν

137 947 197 1000 τὸ
220 947 343 1018 ζῇν.

205 1041 287 1092 Β’.
317 1041 408 1092 Διδ
435 1044 545 1104 τοῖς
576 1043 756 1103 ἄλλοις
807 1043 1051 1110 ἀνάγκην
1080 1042 1357 1110 προσῆγον
1385 1042 1458 1110 μὴ
1489 1040 1685 1111 βραδύ-

136 1146 269 1194 νειν,
303 1131 436 1183 ἀλλά
464 1135 575 1193 τοῖς
600 1133 751 1198 ὲμοῖς
780 1131 1104 1200 βοηθοῦντας
1138 1132 1434 1200 νοσήμασιν
1464 1132 1684 1183 ἀπιέναι

137 1220 452 1289 προθύμως,
481 1223 578 1274 οὐκ
619 1225 697 1283 είς
731 1223 983 1290 ἐλέγχους
1011 1223 1102 1272 καὶ
1136 1221 1398 1284 διαλέξεις
1429 1220 1684 1286 ἀληθείας

133 1304 508 1375 ζητουμένης·
542 1309 898 1378 ἀπειρηκέναι
937 1309 1044 1376 γάρ
1098 1310 1192 1360 καὶ
1241 1309 1409 1375 αὐτὴν
1459 1305 1559 1376 ἤδη
1593 1310 1684 1360 καὶ

133 1397 274 1464 πρὸς
325 1397 595 1465 αίθερίους
630 1401 938 1468 ἀποπτῆναι
987 1399 1284 1467 θαλάμους,
1318 1400 1550 1468 ἀφανείᾳ
1595 1414 1683 1450 κε-

132 1486 491 1557 καλυμμένην
521 1491 708 1558 μακρᾷ
732 1507 745 1520 ’
774 1490 888 1554 ἀλλ’
912 1492 989 1552 εἰς
1015 1491 1226 1558 σφαγὴν
1250 1489 1344 1541 καὶ
1369 1488 1682 1558 μαρτυρικὰ

131 1576 488 1644 παλαίσματα
522 1581 614 1634 καὶ
650 1582 874 1633 θανάτου
921 1581 1131 1649 μακροῦ
1166 1580 1440 1648 δεινότερα
1471 1581 1682 1648 δεσμω-

129 1668 318 1735 τήρια.
381 1670 645 1738 Τοιαύτην
675 1671 782 1739 γάρ
817 1672 936 1722 καθ’
976 1670 1131 1740 ἡμῶν
1185 1669 1525 1738 ἐξενηνέχθαι
1559 1669 1684 1737 χθὲς

130 1757 223 1810 καὶ
253 1759 541 1840 πρότριτα,
572 1760 786 1828 δεσμοῖς
819 1759 1193 1827 ἀδαμαντίνοις
1239 1761 1346 1810 τισὶ
1395 1762 1489 1810 καὶ
1517 1760 1685 1828 appr;-

129 1867 284 1913 κτοις
300 1821 728 1924 initum-psmn,
752 1821 937 1923 ψῆφον.
960 1853 1094 1922 πρὸς
1123 1845 1230 1904 τ’ῶν
1264 1821 1568 1905 ἀντιπάλων
1715 1821 1759 1878 Β

126 1943 228 2010 τῆς
268 1941 540 2005 ,ἐξουσίας
572 1945 868 2014 ἀρχόντων.
919 1943 1038 1995 Τῶν
1070 1943 1177 2012 γάρ
1224 1941 1619 2011 μετριωτέρων,
1647 1940 1683 1993 ἃ

129 2031 240 2091 τοῖς
270 2028 616 2099 ἐξωτερικοῖς
650 2030 733 2102 (ι)
769 2034 862 2082 καὶ
891 2029 950 2083 τὺ
984 2030 1227 2084 πλεῖστον
1258 2021 1564 2100 δημοτικοῖς
1589 2046 1684 2084 κα-

129 2119 486 2189 τεψήφισται,
516 2126 583 2173 τὰ
623 2123 724 2191 μὲν
755 2123 854 2192 ἤδη
889 2123 1220 2188 πέπρακται,
1250 2121 1316 2172 τά
1339 2120 1383 2172 δ’
1406 2119 1684 2194 ἐτι-πράτ-

129 2229 310 2273 τεται,
347 2213 415 2263 τά
465 2212 520 2264 δὲ
556 2213 651 2264 καὶ
685 2212 1076 2282 πραχθήσεται.
1130 2212 1238 2264 Καὶ
1287 2210 1492 2262 τούτων
1537 2209 1688 2260 οὐδὲν

127 2289 324 2354 οὐδένα
358 2303 572 2354 πάντων
601 2303 753 2371 ὑμῶν
774 2306 985 2369 ἀγνοεῖν
1007 2302 1208 2370 οἴομαι,
1235 2299 1448 2371 [P.620]
1467 2299 1691 2370 θορύϐου

129 2391 394 2454 τοσούτου
436 2394 534 2460 τὴν
567 2394 723 2446 πόλιν
758 2395 1191 2464 περιηχήσαντος
1223 2392 1459 2446 ἅπασαν.
1504 2387 1692 2458 Χρεὼν

127 2484 243 2549 οὖν,
275 2485 352 2553 μὴ
374 2483 818 2552 φιλοψυχοῦντας,
841 2484 953 2536 ἀλλ’
975 2483 1339 2553 ἐρρωμένους,
1363 2480 1526 2549 ὁμόσε
1548 2479 1685 2548 πρὸς

129 2572 258 2632 τοὺς
291 2570 566 2633 τοιούτους
598 2575 795 2641 χωρεῖν
827 2572 1065 2638 ἀγῶνας.
1095 2570 1300 2639 Θνητῆς
1332 2569 1685 2638 γάρλαχοῦσι

130 2661 354 2728 φύσεως
381 2661 447 2730 ἢν
477 2662 552 2730 μὴ
577 2661 670 2714 νῦν
701 2662 881 2715 θανεῖν
917 2661 1032 2728 ἐξῇ,
1058 2662 1144 2712 διὰ
1195 2661 1324 2727 γοῦν
1346 2659 1406 2711 τὸ
1443 2659 1538 2728 τῆς
1586 2658 1688 2728 φύ-

137 2769 281 2813 σεως
318 2752 538 2821 ὄφλημα
576 2753 923 2822 τεθνήξεσθαι
952 2755 1162 2813 πάντως
1198 2751 1385 2819 ἕψεται
1415 2750 1684 2819 προϊοῦσι·

132 2841 230 2894 καὶ
264 2842 346 2893 δεῖ
385 2845 460 2910 μὴ
495 2842 584 2895 τὸν
625 2843 799 2895 ἀκλεᾶ
833 2843 936 2913 πρὸ
963 2842 1056 2893 τοῦ
1089 2841 1206 2911 μετ’
1250 2840 1499 2902 εὐκλείας
1533 2855 1687 2906 περι-

134 2936 321 2998 μεῖναι
360 2933 604 2985 θάνατον.
780 2931 782 2933 ’

1110 387 1547 448 ΒΥΖΑΝΤΙΝΕ
1585 387 1964 446 Η15Το111.Ε
2001 387 2141 445 ΜΒ.
2185 387 2310 444 XX.

35 555 44 563 _
145 497 304 550 τοῦτο
335 499 526 571 παθεῖν
547 516 564 531 ·
611 500 678 553 ἶν’
720 501 766 552 εί
800 501 873 570 μή
905 518 954 553 τι
988 502 1073 552 τδν
1130 503 1342 555 ἅπαντα
1377 502 1488 571 βίον
1520 502 1578 553 οὐ
1612 502 1686 568 μὴ

1796 509 1956 553 totam
1987 501 2152 554 vitam
2183 502 2247 552 ad
2285 500 2537 552 virtutem
2568 505 2710 550 recte
2754 495 3063 549 institutum
3097 493 3336 555 vidisset,

3208 373 3337 439 1258

2431 379 2562 451 [ινιτ.
2605 395 2644 433 ι.
2687 393 2974 434 omnem.
3019 374 3074 446 5]

1786 591 1976 644 saltem
2007 606 2203 644 cruore
2235 605 2354 643 meo
2385 590 2453 642 ad
2490 580 2792 642 extremum
2828 587 3018 643 tincta.
3051 593 3343 652 quantm.-

1785 682 1868 734 vis
1895 697 2018 736 sero
2069 688 2386 750 agnosceret
2437 680 2764 732 instructum
2820 692 2882 729 ea
2934 677 3158 738 virtute,
3191 691 3336 741 ιιιιςιι,

1784 787 1908 826 cum
1939 775 2103 826 vitam
2147 770 2288 825 haud
2328 770 2508 839 magni
2553 769 2773 833 faceret,
2820 767 3002 836 magni
3050 767 3167 834 ipsa
3219 764 3335 818 ﬁeri

1784 863 2026 917 deberet.

1852 1038 1916 1092 II.
1954 1037 2313 1104 Quamobrem
2361 1042 2430 1093 ab
2468 1039 2591 1092 aliis
2633 1037 2991 1091 vehementer
3021 1037 3159 1104 cmpi
3201 1051 3332 1090 con-

1785 1130 2027 1191 tendere,
2057 1145 2125 1183 ne
2165 1139 2573 1191 cunctarentur,
2601 1127 2696 1182 sed
2747 1137 2806 1180 ut
2847 1127 2983 1180 mihi
3031 1142 3176 1195 οξετο
3208 1143 3334 1180 suco

1782 1231 2066 1274 currentes
2108 1221 2321 1274 abirent
2347 1221 2619 1282 alacriter,
2667 1234 2774 1272 non
2815 1217 2883 1271 ad
2917 1218 3205 1271 ‘veritatem
3241 1231 3338 1284 per

1784 1319 2101 1380 argumenta
2147 1320 2200 1364 et
2259 1301 2669 1378 disputationes
2710 1302 3176 1380 investigandam;
3222 1308 3330 1376 jam

1785 1401 1987 1468 quippe
2015 1409 2070 1454 et
2109 1400 2277 1467 ipsam
2313 1400 2560 1465 cessisse,
2595 1408 2650 1452 et
2690 1399 2857 1453 densa
2902 1398 3130 1464 caligine
3173 1397 3332 1448 invo-

1784 1489 1954 1544 lutam
1995 1492 2048 1544 in
2085 1491 2280 1544 coelum
2313 1490 2588 1552 avolasse;
2613 1488 2705 1542 sed
2738 1489 2804 1542 ad
2834 1489 3054 1551 cedem,
3089 1489 3154 1541 ad
3190 1503 3334 1541 mar-

1783 1580 1908 1648 tyrii
1945 1580 2258 1640 luctamina,
2308 1579 2371 1632 ad
2421 1579 2634 1632 vincula
2678 1579 2913 1648 denique
2961 1582 3109 1632 omni
3162 1591 3334 1632 inerte

1784 1671 2052 1738 graviora.
2085 1670 2290 1738 Nempe
2318 1685 2436 1722 eam
2471 1669 2523 1722 in
2567 1685 2667 1724 nos
2699 1670 2766 1723 ab
2795 1670 3144 1732 adversariis.
3188 1679 3241 1723 et
3271 1671 3338 1722 ab

1788 1760 1872 1819 iis.
1913 1773 2078 1828 penes
2116 1776 2252 1827 quos
2297 1769 2533 1827 potestas
2569 1768 2730 1821 esset,
2771 1760 2886 1813 beri
2925 1769 2979 1813 et
3029 1762 3340 1813 nudiuster-

1790 1851 1900 1903 tius
1947 1850 2109 1903 latam
2152 1865 2272 1904 esse
2321 1849 2667 1913 sententiam,
2705 1849 3068 1904 adamantinis
3114 1851 3343 1919 quibus-

1789 1941 1912 1994 dam
1973 1949 2028 1994 et
2078 1941 2304 2008 inruptis
2353 1941 2511 1994 nodis
2563 1941 2847 1995 munitam.
2899 1941 3034 1996 Nam
3101 1944 3343 1995 mitiores

1789 2029 1954 2099 986
1981 2044 2174 2098 poenas,
2203 2043 2321 2097 quae
2354 2030 2407 2082 in
2446 2030 2632 2091 Iaicos,
2664 2043 2866 2097 eosque
2897 2030 3181 2082 maximam
3215 2045 3344 2097 par-

1794 2131 1900 2174 tem
1938 2120 2198 2188 plebeios,
2231 2121 2461 2172 decretae
2498 2120 2737 2182 fuerunt,
2766 2135 2840 2173 eae
2879 2120 3074 2187 partim
3119 2120 3200 2172 vel
3228 2121 3337 2188 jam

1791 2218 2020 2278 sumpta
2070 2218 2218 2274 sunt,
2270 2210 2350 2263 vel
2409 2225 2553 2264 nunc
2615 2224 2832 2279 quoque
2887 2220 3197 2272 sumuntur.
3255 2210 3338 2263 vel

1793 2312 1978 2374 postea
2019 2304 2320 2372 exigentur.
2371 2303 2652 2356 Neminem
2687 2311 2866 2356 autem
2909 2317 2976 2356 ex
3023 2302 3176 2356 vobis
3211 2313 3343 2371 puto

1793 2394 2086 2462 quidquam
2125 2395 2313 2445 li'orum
2348 2396 2614 2460 ignorare,
2651 2402 2831 2448 tantus
2873 2395 3138 2447 tumultus
3177 2405 3341 2446 totam
3448 2392 3453 2396 “

1796 2483 1981 2537 urbem
2021 2482 2320 2551 personuit.
2353 2481 2575 2550 Oportet
2604 2481 2785 2550 itaque
2829 2497 2944 2543 vos.
2987 2497 3093 2534 non
3124 2495 3346 2534 conscr-

1794 2575 1979 2628 vanda:
2020 2575 2143 2626 vitze
2176 2574 2420 2641 cupidos,
2474 2574 2569 2628 sed
2622 2575 2804 2628 animo
2857 2575 2985 2628 forti
3025 2575 3341 2634 instructos.

1795 2668 1914 2721 istis
1943 2666 2330 2719 certaminibus
2357 2673 2562 2720 vosmet
2592 2664 2852 2735 objicere.
2879 2665 3156 2718 Mortalem
3190 2672 3348 2716 natu-

1799 2771 1911 2808 ram
1964 2755 2141 2807 sortiti
2189 2754 2341 2807 estis.
2391 2753 2627 2808 Proinde
2680 2755 2778 2809 etsi
2830 2754 2958 2808 licet
3005 2769 3151 2806 nunc
3189 2754 3344 2807 vobis

1797 2824 2034 2897 mortem,
2057 2844 2313 2911 effugere,
2346 2851 2523 2896 tamen
2551 2853 2755 2898 natura:
2797 2844 3040 2898 debitum
3073 2842 3342 2911 ejusmodi

1794 2945 1900 3000 est,
1940 2944 2000 2988 ut
2036 2944 2190 2988 atate
2237 2935 2448 3003 longius
2486 2935 2755 3002 provectis
2801 2934 3022 2990 omnino
3076 2936 3212 2987 mori
3250 2949 3344 2987 nc-

137 3043 296 3083 cesse
335 3028 579 3101 futurum
620 3031 712 3083 sit.
760 3027 869 3083 Nec
931 3040 1028 3082 vos
1069 3026 1246 3091 decet,
1311 3025 1545 3096 gloriosa
1595 3036 1769 3081 morte
1806 3027 2137 3094 posthabita,
2186 3042 2306 3081 eam
2352 3038 2684 3096 exspectare,
2732 3042 2854 3095 qua
2903 3026 3063 3082 laude
3112 3028 3349 3102 caritura

130 3131 236 3176 est.

204 3216 284 3270 ιν.
310 3219 429 3288 Μιᾷ
464 3216 510 3270 δ’
547 3218 924 3288 ἀπειρηκότων
958 3219 1130 3286 φωνῇ,
1159 3217 1235 3288 μὴ
1267 3216 1466 3270 ἐθέλειν
1503 3217 1693 3286 χωρεῖν

1868 3217 1958 3270 111.
1999 3217 2081 3270 IIIi
2114 3230 2241 3270 vero
2272 3230 2378 3268 una
2422 3229 2554 3270 voce
2587 3216 2929 3278 renuntiant,
2960 3215 3102 3270 nolle
3142 3231 3202 3270 se
3248 3216 3351 3271 im-

130 3308 189 3368 ὲς
228 3307 534 3374 βασιλείους
561 3307 885 3376 προκλήσεις
925 3307 1015 3358 καὶ
1060 3307 1201 3358 οὕτω
1249 3305 1558 3374 βαρϐαρικὰ
1608 3321 1699 3357 συ-

134 3399 326 3466 νέδρια
372 3398 514 3464 πλὴν
548 3399 706 3466 ἐμοῦ,
746 3397 926 3457 δείσας
958 3396 1066 3463 ἑγὼ
1112 3397 1186 3465 μὴ
1237 3398 1509 3464 πρόφασιν
1552 3394 1690 3447 τοῦτ’

133 3487 421 3557 είληφόοιν
449 3487 696 3551 ἐκείνοις,
727 3482 804 3549 οἷς
825 3489 1006 3549 ,πάντα
1040 3484 1186 3537 λίθον
1209 3486 1377 3536 κινεῖν
1401 3481 1524 3536 καθ’
1542 3484 1697 3552 ἡμῶν

133 3579 450 3646 περίεστιν,
480 3578 691 3647 ἐρήμην
733 3577 853 3630 καθ’
889 3575 1044 3645 ἡμῶν
1085 3576 1322 3644 εὐχερῶς
1346 3573 1698 3644 καταδιαιτᾷν

134 3671 482 3738 ὲπιγένηται,
507 3669 648 3737 μάλα
674 3669 822 3739 μόλις
849 3672 942 3736 τῆς
974 3669 1234 3738 καθέδρας
1259 3667 1552 3733 ἐξαναστὰς
1585 3665 1700 3734 ἅμα

134 3764 314 3814 πᾶσιν
345 3761 570 3821 ἐκείνοις
603 3762 798 3829 ἀπῄειν
829 3763 1001 3814 ικεῖσε
1025 3758 1478 3825 ἀποθανούμενος,
1506 3761 1600 3808 καὶ
1630 3757 1698 3824 τῇ

135 3849 258 3899 ικεί
303 3849 526 3916 τελευτῇ
573 3847 1068 3914 συμπαραπέμψων
1100 3846 1171 3896 τὰ
1203 3843 1437 3911 πολυετῆ
1478 3857 1581 3910 μου
1600 3836 1694 3910 τῆς

138 3940 387 4007 κεραλῆς
422 3940 720 4007 νοσήματα.

212 4032 292 4082 Δ¹,
325 4027 485 4096 ’Δρτι
514 4028 570 4079 δὲ
605 4028 733 4096 περί
787 4042 889 4077 που
943 4026 1012 4077 τὰ
1071 4037 1211 4093 μεσα
1265 4025 1573 4094 γενομένοις
1601 4026 1722 4095 τῆςκ

139 4119 421 4188 βισιλείου
480 4118 647 4186 αὐλῆς
710 4119 986 4187 ἀπήντησέ
1025 4133 1106 4178 τις
1138 4119 1268 4185 ἡμῖν
1310 4119 1417 4169 τῶν
1450 4119 1590 4170 πάνυ
1619 4117 1696 4185 τῷ

139 4211 360 4278 βαςιλεῖ
385 4209 910 4280 προσῳλιειωμένων,
933 4210 1022 4260 καὶ
1057 4208 1218 4275 μόνον
1246 4208 1501 4262 ἁπάντων
1532 4208 1698 4276 ἔμεγε

140 4300 466 4370 ἀπειληφὼς
513 4303 752 4369 προσῆγε
794 4302 870 4372 τῷ
919 4302 1150 4371 βασιλεῖ.
1195 4302 1697 4372 Κοινολογὴσασθαι

138 4396 256 4462 γὰρ
289 4393 442 4458 ἔλεγε
491 4392 772 4460 βούλεσθαί
827 4411 916 4460 μοι
966 4393 1073 4444 τῶν
1111 4393 1256 4461 αὺτῷ
1283 4410 1342 4459 γε
1371 4395 1697 4464 ἀπορρήτων

141 4485 301 4534 ἔστιν
332 4482 388 4535 ἃ.
422 4483 850 4552 Προσεληλυθότι
883 4497 971 4550 μοι
1008 4483 1136 4548 γοῦν
1189 4485 1370 4549 τυχεῖν
1401 4483 1700 4551 προσγεγέ-

1802 3308 2068 3377 peratoris
2095 3315 2289 3362 vocatu
2317 3315 2423 3361 tam
2456 3306 2686 3360 barbara
2720 3307 2950 3361 concilia
2979 3308 3098 3362 sine
3127 3325 3214 3364 me
3236 3309 3352 3364 adi-

1803 3415 1882 3454 re.
1920 3395 2280 3464 Quamobrem
2307 3398 2533 3460 veritus,
2565 3413 2632 3451 ne
2667 3390 2744 3450 illi
2775 3398 2867 3466 qui
2899 3412 3115 3454 omnem
3155 3399 3209 3452 in
3253 3417 3356 3456 nos

1801 3487 2037 3556 lapidem
2060 3497 2299 3551 movent,
2330 3487 2432 3540 liae
2455 3488 2737 3541 occasione
2761 3499 2998 3557 arrepta,
3028 3492 3352 3545 sententiam

1802 3578 1858 3631 in
1887 3591 2006 3642 nos,
2037 3577 2186 3631 velut
2207 3577 2402 3631 deserti
2427 3577 2720 3630 vadimonii
2751 3593 2891 3643 reos,
2924 3578 3081 3634 facile
3113 3565 3356 3648 pronun;

1805 3669 2024 3732 tiarent,
2080 3683 2218 3736 agre
2269 3668 2486 3721 tandem
2523 3683 2553 3721 ο
2602 3669 2729 3722 sede
2771 3669 3061 3733 excitatus,
3110 3687 3232 3724 cum
3287 3674 3355 3726 iis

1805 3757 2060 3810 omnibus
2089 3757 2409 3818 moriturus,
2439 3767 2494 3810 et
2531 3756 2864 3812 inveteratas
2894 3760 3088 3827 capitis
3133 3761 3353 3816 morbos

1802 3846 1962 3900 simul
1990 3829 2114 3920 cum
2143 3847 2252 3900 vita
2288 3847 2634 3910 dimissurus,
2665 3847 2791 3904 illuc
2822 3865 2907 3903 me
2943 3852 3166 3905 contuli.

1873 4025 1964 4079 IV.
1999 4025 2118 4079 .lam
2149 4037 2249 4077 nos
2278 4022 2391 4077 fere
2433 4025 2486 4076 in
2531 4025 2704 4078 media
2740 4027 2922 4094 palatii
2953 4029 3073 4082 aula
3103 4033 3358 4086 versaba-

1805 4131 1948 4178 mur,
1978 4129 2101 4167 cum
2131 4129 2197 4166 ex
2232 4114 2440 4174 intimis
2467 4115 2810 4188 imperatoris
2845 4119 3066 4188 quidam
3096 4136 3244 4174 accu:
3265 4125 3354 4177 rit.

1802 4209 1853 4262 Is
1877 4221 2043 4260 unum
2075 4219 2160 4258 me
2198 4219 2266 4258 ex
2305 4204 2560 4257 omnibus
2589 4186 2940 4276 assumptum
2971 4209 3035 4261 ad
3068 4209 3354 4278 imperato-

1804 4315 1915 4355 rem
1952 4297 2193 4353 deducit.
2240 4297 2376 4351 Eum
2418 4297 2623 4350 scilicet
2662 4297 2919 4350 nonnulla
2968 4312 3175 4351 mecum
3220 4303 3357 4356 velle

1804 4389 2209 4446 communicare
2240 4387 2437 4449 aiebat,
2470 4400 2589 4453 quae
2632 4399 2831 4437 arcana
2865 4385 2966 4438 sibi
3009 4399 3210 4444 essent.
3253 4391 3355 4447 Ubi

1803 4479 2030 4549 propius
2090 4476 2315 4539 accessi,
2371 4474 2660 4543 quemdam
2723 4475 2890 4528 veteri
2927 4478 3162 4533 amicitia
3225 4481 3359 4535 mihi

143 4590 311 4642 νηται
353 4546 662 4641 μὲνξπαρά-
683 4572 838 4636 δόξαν
871 4546 969 4644 μὲν
1002 4546 1142 4639 ἐμοὶ,
1168 4546 1316 4640 σφίσι
1355 4572 1398 4625 δ’
1444 4546 1693 4642 εξεπὶτη-

1803 4566 2308 4638 conjunctissimum
2345 4564 2581 4630 ollendo,
2621 4565 2714 4633 qui
2758 4575 2814 4619 et
2853 4565 2967 4634 ipse
3016 4568 3358 4637 imperatoris

139 4669 232 4727 δες
270 4664 496 4733 σφόδρα,
523 4664 663 4724 τινὸς
695 4665 802 4716 τῶν
836 4664 973 4716 πάνυ
1014 4680 1101 4732 μοι
1137 4664 1306 4731 φίλων
1346 4665 1410 4716 ὲκ
1436 4658 1693 4730 παλαιοῦ,

135 4755 227 4806 διὰ
248 4752 538 4822 βασιλικῆς
553 4751 805 4814 κάκείνου
829 4751 1178 4819 προκλήσεως
1199 4753 1374 4804 ἐκεῖσε
1394 4751 1695 4820 τηνικαῦτα

137 4844 415 4910 παρόντος
457 4839 589 4909 ἐμοῦ
637 4857 700 4905 γε
755 4842 956 4892 εἵνεκα.
999 4836 1101 4892 Ὠν
1137 4839 1340 4908 μεταξὺ
1379 4838 1696 4892 καθεσθέντι

139 4952 232 5002 μοι
265 4934 445 4998 λέγειν
472 4932 702 4999 ἧρξαντο
736 4932 874 4984 κατά
907 4931 1227 4998 συνεκδοχὴν
1259 4932 1351 4981 καὶ
1380 4929 1693 4998 ἀμοιῦαδὸν,

139 5022 299 5092 παρὰ
346 5019 572 5088 θατέρου
613 5020 801 5088 ἅτερος
831 5019 928 5080 τὰς
978 5018 1086 5070 τῶν
1118 5018 1286 5084 λόγων
1315 5015 1568 5088 ἀφορμὰς
1595 5035 1696 5070 πο-

133 5115 385 5186 ρίζοντες
421 5131 480 5165 τε
513 5113 608 5164 καὶ
663 5111 1037 5180 ποριζόμενοι,
1087 5104 1182 5161 καὶ
1221 5107 1430 5162 πείθειν
1489 5112 1693 5178 ἐπιχει-

139 5207 388 5274 ροῦντες,
433 5203 646 5271 πρῶτον
679 5204 778 5274 μὲν
811 5202 1103 5271 χρημάτων
1137 5201 1490 5278 ἐπαγγελίαις
1527 5200 1696 5266 ἀφθό-

137 5315 279 5358 νοις,
305 5297 402 5348 καῖ
430 5297 458 5348 ὅ
488 5283 738 5366 μοι’πρδς
767 5293 1068 5364 βουλήσεως
1099 5293 1184 5354 είη
1216 5291 1282 5346 ἀν
1312 5293 1500 5359 ἕτερον
1529 5291 1722 5346 ἅπαν(

149 5389 317 5442 Ἐπεὶ
344 5387 388 5437 δ’
411 5387 664 5442 ἐντεῦθεν
681 5389 789 5439 τῶν
816 5385 1196 5454 σκοπουμένων
1216 5383 1531 5455 ἠλαύνοντο,
1565 5384 1701 5461 μηδὲ

1805 4667 2002 4713 vocatu
2029 4658 2141 4711 illic
2172 4665 2284 4709 tum
2315 4656 2501 4708 aderat
2527 4655 2631 4708 mei
2672 4656 2864 4723 gratia.
2900 4654 2956 4707 Id
2992 4666 3048 4709 ut
3080 4658 3211 4709 mihi
3253 4675 3352 4713 uec

1805 4751 2074 4822 opinanti,
2105 4749 2177 4803 ita
2209 4749 2314 4800 illis
2354 4748 2575 4798 omnino
2600 4743 2763 4813 987
2794 4733 3180 4812 prmmedilatis
3219 4752 3360 4804 ειςρί..

1809 4843 1908 4896 dit.
1937 4841 2048 4909 Ego
2069 4837 2196 4904 vero
2225 4837 2363 4887 inter
2391 4834 2510 4885 illos
2538 4834 2780 4886 consedi.
2806 4831 2937 4885 Tum
2963 4845 3142 4890 autem
3175 4840 3209 4889 ii
3249 4855 3358 4892 cu:-

1792 4917 1997 5002 Iperunt
2022 4925 2258 4980 vicissim
2294 4933 2348 4977 ct
2372 4924 2603 5006 alternis
2649 4937 2731 4975 me
2781 4923 3002 4993 alloqui,
3031 4925 3167 4979 alter
3191 4927 3352 4980 alteri

1803 5027 1991 5073 mutua
2029 5016 2437 5084 suppeditantes
2468 5014 2680 5068 dicendi
2711 5023 3054 5084 argumenta.
3111 5015 3185 5068 Ae
3237 5034 3352 5068 ma-

1800 5127 1903 5183 gna
1944 5109 2176 5179 primunt
2213 5105 2454 5177 pecunia:
2497 5107 2547 5159 vi
2599 5114 2652 5159 ct
2699 5105 2846 5160 omni
2899 5103 3006 5157 alia
3049 5121 3125 5171 re,
3163 5124 3354 5176 quam-

1809 5210 2024 5270 cunque
2085 5194 2776 5266 optavissem,.promissa,
2837 5193 3115 5250 inﬂectere
3170 5199 3353 5251 conati

1812 5299 1956 5345 sunt.
1991 5287 2218 5348 Deinde,
2248 5285 2373 5354 quia
2412 5284 2514 5337 bac
2553 5298 2662 5336 non
2696 5283 3040 5348 succedebat,
3068 5296 3361 5352 proritet-ca

1811 5380 1957 5451 quod
2007 5365 2109 5432 nec
2143 5378 2316 5445 prima
2353 5375 2572 5445 quidem
2607 5374 2749 5428 dicta
2799 5366 3026 5428 auribus
3075 5374 3157 5427 vel
3197 5377 3358 5428 mini-

1498 5476 1819 5535 Variorum
1852 5480 2036 5535 notae.

212 5577 531 5646 (HiNempe
576 5577 825 5646 Palamas
856 5575 1044 5631 auctor
1093 5578 1465 5633 Cantacuwno
1493 5560 1698 5637 fuerat,

138 5662 203 5704 ut
239 5645 496 5715 aptatque:
530 5649 594 5698 de
651 5645 836 5712 inﬁma
882 5647 1024 5710 plebe
1078 5664 1179 5698 non
1212 5655 1509 5700 vererentur
1540 5656 1702 5714 captu

136 5718 469 5776 munitiora
513 5717 791 5783 eiectare,
838 5716 876 5767 ii
917 5715 1137 5768 vestibus
1188 5724 1329 5768 exuli
1355 5716 1510 5784 uirgis
1541 5715 1704 5765 crvde-

523 5809 792 5869 PA'IBOL.
817 5808 931 5869 (in.
972 5806 1274 5865 CXLVIII

1799 5582 2001 5634 remur,
2048 5581 2096 5623 et
2127 5573 2179 5623 in
2207 5586 2468 5624 carcerem
2507 5549 2926 5631 detruderentur,
2969 5581 3092 5636 pag.
3135 5564 3260 5628 6I7,
3286 5561 3353 5617 D.

1802 5657 1990 5712 supra.
2027 5641 2238 5696 Bonvm.

2904 5751 2980 5854 ιο
