4038 6340
235 366 371 467 12in
613 403 692 468 ΙΔ.
732 417 781 455 c.
822 402 980 473 l55l]

1191 380 1638 467 mammat-
1666 381 2046 469 msrontat
2075 410 2220 469 LIB.
2251 407 2412 468 ΧΠ.

2523 400 2660 472 [ιιι.
2695 414 2736 454 ι.
2776 414 3068 490 cautem.
3107 400 3163 472 5]
3275 402 3413 477 1298
3482 453 3485 455 .

229 518 613 590 καθῃρέθησαν
641 511 728 575 διά
749 522 846 592 τὴν
874 523 1127 577 ἀσέϐειαν
1155 523 1262 585 τῶν
1288 523 1781 593 καινοτομηθέντων

1884 527 2023 579 male
2045 523 2265 588 feriunt,
2293 538 2388 593 per
2417 534 2554 590 quos
2585 519 2707 588 ipsi,
2733 527 2792 572 ut
2812 533 3076 573 novorum
3103 518 3419 588 impi0rum-

231 607 540 685 δογμάτων,
569 612 770 666 οὕτωσι
783 615 928 676 ,τοὺς
955 614 1050 682 τῆς
1088 612 1340 676 ἀσεϐείας
1382 606 1636 682 ἐλέγχους
1665 615 1780 666 δια-

229 699 423 768 δρᾶναι
455 703 792 771 νομίσαντες,
830 707 903 774 μὴ
933 705 1067 775 πρὸς
1110 706 1418 758 ἐπισκόπων
1448 704 1627 774 δῆθεν,
1661 704 1778 757 ἀλλ’

229 790 340 853 ὑπὸ
358 792 753 864 καθῃρημένων
777 795 1189 866 καθαιρεθέντες
1210 811 1226 827 ·
1262 795 1356 849 καὶ
1383 795 1553 849 ταῦτα
1577 795 1685 848 τῶν
1713 813 1779 862 γε

230 880 490 934 πλειόνων
519 884 868 954 ὑπαρχόντων
906 887 1104 950 αὐτῶν,
1141 887 1190 939 οἳ
1226 887 1321 939 σὺν
1357 886 1434 956 τῷ
1467 886 1776 957 πατριάρχῃ

229 972 358 1058 τότε
387 971 482 1027 καὶ
519 961 626 1039 τοῖς
663 980 984 1041 ἐπισκόποις
1015 977 1238 1040 ἐκείνοις
1266 973 1406 1048 ἦσαν
1436 980 1484 1030 οἱ
1517 977 1779 1045 Παλαμᾶν

229 1078 296 1116 τε
319 1062 478 1114 αὐτὸν
503 1066 874 1136 καθῃρηκότες
897 1068 990 1120 καὶ
1017 1067 1510 1134 ἀναθεματίσαντες
1540 1068 1634 1120 καὶ
1663 1067 1780 1136 ἃμα

231 1153 361 1215 τοὺς
386 1154 523 1223 ἀμφ’
545 1158 705 1209 αὐτόν
726 1173 742 1188 ο
795 1158 860 1210 δι’
897 1158 933 1212 ἃ
968 1159 1202 1228 σήμερον
1249 1143 1472 1221 ἑαυτοὺς
1504 1157 1780 1224 ἀναθεμα-

229 1240 492 1323 τίζουσιν,
527 1247 964 1317 ὑπερμαχοῦντες
992 1249 1086 1302 τοῦ
1115 1247 1366 1318 Παλαμᾶζ
1398 1247 1650 1317 Ἐζήτουν
1672 1247 1778 1314 γὰρ

235 1333 440 1398 μᾶλλον
487 1333 822 1404 ἁμαρτάνειν
873 1337 1205 1406 ἀνέγκλητα,
1252 1338 1284 1406 ἢ
1330 1337 1440 1401 τοῖς
1482 1336 1779 1404 ἐπιτιμίοις

234 1423 565 1499 ὑπείκοντες
600 1427 863 1494 εὐσεϐεῖν,
897 1429 1010 1480 mi"
1032 1417 1401 1481 διὶάπώλει-αν
1445 1427 1644 1496 μᾶλλον
1681 1426 1781 1494 ψυ-

233 1515 339 1584 χῆς
372 1519 694 1584 σωματικῶς
721 1521 1034 1588 εὐπραγεῖν.

310 1607 383 1659 Δθ.
426 1607 612 1676 Ὅμως
655 1610 762 1662 οὐδ’
816 1609 1085 1662 ἀπώλειαν
1117 1608 1269 1680 (ροντ’
1312 1607 1450 1664 εἶναι
1495 1609 1668 1679 ψυχῆς
1713 1609 1782 1662 τὰ

231 1697 506 1766 δρώμενα.
565 1699 688 1771 Πῶς
735 1699 870 1770 γὰρ,
897 1700 956 1754 οἳ·
984 1700 1442 1772 τυραννικώτερον
1488 1701 1686 1770 τρόπον
1720 1698 1780 1752 τὺ

232 1787 666 1855 αὐτεξούσιόνςτε
703 1793 794 1844 καὶ
824 1792 1142 1862 βουλόμενον
1162 1791 1256 1844 τοῦ
1288 1790 1420 1844 Θεοῦ
1456 1791 1779 1860 σφετερισά-

238 1873 414 1951 μενοι,
448 1884 508 1935 τό
529 1885 579 1951 γ’
609 1887 689 1948 είς
716 1886 908 1948 αὐτοὺς
942 1879 1095 1955 ἧκον,
1128 1884 1286 1938 αὐτὸν
1327 1883 1424 1954 μέν
1464 1883 1521 1936 ἐν
1561 1884 1780 1945 κόλποις

231 1972 408 2040 δήπου
441 1974 836 2043 τῶνιούρανίων
875 1976 1131 2043 θαλάμων
1159 1976 1588 2044 περιγράψαντες
1625 1993 1779 2027 συνε-

235 2061 507 2131 κάλυψαν,
538 2065 918 2118 ἀνυπόστατον
954 2066 1011 2117 δέ
1055 2082 1175 2118 τινα
1205 2067 1298 2117 καὶ
1341 2064 1590 2118 ἀνούσιον
1630 2065 1782 2118 ἐθεο-

236 2155 472 2221 ποίησαν
495 2158 798 2225 ἐνέργειαν,
825 2157 1021 2210 ταυτὸν
1049 2158 1221 2209 είπεῖν
1251 2157 1438 2209 ἀθεταν
1459 2173 1475 2187 ’
1505 2155 1575 2209 ἶν’
1598 2157 1780 2225 ἀμαρ-
1824 2179 1825 2182 η

235 2235 473 2296 τάνωσιν
517 2245 842 2316 ἀνέγκλητα,
857 2230 964 2298 καὶ
982 2245 1175 2314 ἄφεσιν
1193 2245 1437 2314 ἀλλήλοις
1459 2245 1674 2314 ἀμαρτη
1683 2245 1784 2312 μά-

235 2345 355 2381 των
375 2329 570 2400 διδόναι
587 2349 644 2385 τε
668 2338 759 2385 καὶ
778 2334 1141 2402 ⁵ἀντιλςιμϐἀνε
1151 2352 1195 2385 ιν
1218 2332 1572 2398 αὐτεξουσίως
1600 2334 1782 2402 ἐκωσι,

237 2420 495 2492 καθάπερ
523 2425 572 2476 oi
603 2424 668 2477 τὰ
695 2424 750 2478 ἐν
783 2413 1006 2496 ἀγοραῖς
1034 2427 1136 2496 ὄψα
1170 2412 1566 2496 πιπράσκοντές
1593 2443 1653 2478 τε
1689 2427 1783 2480 καὶ

221 2511 557 2579 ¹ὠνούμενοι.
582 2516 675 2579 Είς
692 2517 848 2570 τοῦτο
863 2518 971 2586 γὰρ
990 2513 1141 2586 οῐμαι
1157 2517 1349 2571 τείνειν
1367 2518 1458 2571 καὶ
1473 2517 1500 2569 δ
1527 2518 1659 2586 πρὸς
1675 2522 1786 2578 τοῖς

231 2603 418 2670 ἄλλοις
431 2607 533 2660 ὑπὸ
553 2607 642 2660 τοῦ
662 2609 996 2675 Παλαμᾶκαὶ
1005 2609 1157 2663 τοῦτο
1171 2609 1619 2682 δογματιζόμενον
1635 2607 1789 2675 βλασ-

244 2697 538 2762 φημεῖται·
588 2699 855 2768 ἀνάρχους
875 2699 1071 2768 δηλαδὴ
1118 2698 1241 2761 τοὺς
1279 2698 1590 2769 ἀνθρώπους
1637 2697 1788 2751 καθί-

235 2782 465 2853 στασθαι
489 2787 581 2837 καὶ
600 2786 902 2848 ἀκτίστους·
925 2786 1112 2839 ταυτδν
1138 2785 1190 2838 δ*
1210 2787 1381 2840 εἰπεῖν
1400 2786 1788 2845 ἐνυποστάτους

227 2871 335 2948 καὶ
357 2871 627 2935 ἐνουσίους
643 2873 814 2936 θεοὺς,
831 2873 1121 2941 ἀπειράκις
1139 2872 1546 2940 ἀπείρους,.τῶν
1563 2875 1789 2941 ἀπειρά-

1813 1855 1851 1906 Β

1877 629 1982 683 que
2009 616 2318 682 dogmatum
2353 616 2622 678 auctores,
2646 607 2838 678 dejecti
2871 607 3113 667 fuerant,
3152 623 3325 676 eoqne
3360 622 3417 660 se

1877 704 2170 774 impietatis
2219 714 2402 758 nolam
2455 702 2776 772 eﬂ‘ugitnros
2829 699 3184 759 arbitrantur.
3214 699 3356 769 quod
3388 715 3414 752 a

1876 795 2074 863 quibus
2115 794 2308 864 dt-jeCti
2339 793 2468 854 siut,
2505 794 2540 846 ii
2599 791 2848 845 videlicet
2896 806 3001 844 non
3033 791 3291 858 episcopi,
3325 790 3414 842 sed

1839 937 1842 940 ί
1876 880 2068 957 dejecti
2103 887 2202 954 ipsi
2240 886 2308 941 de
2357 883 2523 955 gradu
2547 885 2773 939 fuerint.
2802 883 2873 964 Et
2897 884 3013 937 hrec
3047 883 3139 951 qui
3198 882 3418 945 faciunt,

1876 994 2064 1033 eorum
2087 977 2330 1046 plerique
2361 977 2525 1030 iidem
2569 985 2713 1041 sunt,
2747 977 2838 1044 qui
2877 991 3001 1028 cum
3036 975 3339 1044 patriarcha
3368 986 3421 1028 et

1875 1069 2144 1136 episcopis
2181 1068 2286 1122 illis
2341 1076 2452 1121 tum
2492 1067 2766 1135 conjuncti
2798 1065 3064 1127 Palamam
3106 1074 3160 1117 et
3191 1066 3307 1133 ejus
3340 1079 3424 1118 as-

1876 1157 2047 1211 seclas
2071 1157 2402 1210 anathemati
2437 1156 2806 1223 subiecerunt.
2836 1154 3022 1222 itaque
3050 1154 3211 1208 iidem
3237 1153 3418 1215 hodie,

1877 1262 1977 1316 pro
2009 1246 2222 1301 Palama
2261 1258 2586 1316 pugnantes,
2626 1261 2683 1299 se
2711 1247 2857 1314 ipsos
2895 1245 3222 1300 anathemati
3250 1245 3422 1313 subji-

1877 1339 2046 1394 ciunt.
2077 1338 2278 1406 Nempe
2301 1338 2376 1392 illi
2406 1339 2880 1408 impuno-peccare
2909 1338 3235 1400 maluerunt,
3260 1352 3418 1405 quam

1877 1445 2065 1499 ptenas
2095 1430 2273 1484 dando
2320 1430 2495 1484 colere
2545 1430 2796 1499 pietatem
2825 1470 2838 1492 ,
2875 1439 2930 1482 ct
2961 1436 3018 1491 ut
3049 1429 3260 1498 corpori
3288 1431 3421 1481 bene

1878 1531 2043 1586 esset,
2077 1522 2310 1575 animam
2341 1523 2483 1576 ultro
2521 1521 2893 1590 perdidertmt.

1950 1611 2038 1670 Ν.
2078 1613 2240 1682 Atqui
2271 1613 2344 1665 illi
2380 1628 2480 1666 nec
2509 1628 2571 1666 ea
2606 1629 2724 1681 qua:
2754 1612 2941 1666 ﬁerent
2968 1600 3270 1682 perniciosa
3302 1615 3421 1666 ani-

1879 1720 1979 1758 mae
2030 1686 2164 1759 esse
2200 1703 2496 1758 credidere.
2537 1703 2881 1773 Ecquomodo
2930 1713 3108 1756 autem
3160 1703 3422 1757 credidis~

1879 1805 2020 1860 sent,
2045 1794 2476 1865 quiauctoritate
2517 1803 2571 1848 et
2609 1794 2882 1848 voluntate
2933 1794 3112 1847 divina
3146 1796 3420 1864 tyrannica

1880 1888 1982 1941 sibi
2038 1886 2170 1955 ipsis
2224 1878 2780 1956 subjecta,'quantutn
2823 1884 3042 1951 quidem
3102 1885 3155 1938 in
3208 1900 3265 1937 se
3295 1884 3417 1948 fuit,

1880 1980 2053 2051 ipsum
2089 1978 2256 2031 Deum
2291 1977 2343 2029 in
2387 1974 2693 2030 recessibus
2727 1974 3026 2027 cmlestium
3064 1975 3419 2027 thalamorum

1881 2067 2344 2136 circumscriptum
2377 2065 2750 2127 occnltarunt,
2801 2066 3088 2134 quamdam
3121 2075 3300 2119 autem
3338 2066 3424 2118 in-

1881 2155 2263 2211 subsistentem
2343 2154 2761 2223 substantizeque
2825 2162 3099 2222 expertem
3159 2156 3430 2225 operatio~

1883 2257 2028 2306 nem,
2054 2257 2171 2305 seu.
2203 2240 2347 2310 quod
2400 2239 2540 2294 idem
2577 2249 2679 2303 est,
2705 2242 3026 2296 atheismum
3075 2245 3247 2312 ipsum
3280 2243 3428 2298 deiti-

1883 2342 2074 2404 carunt
2097 2373 2112 2399 ,
2133 2333 2389 2387 nimirum
2409 2340 2474 2386 ιιι
2502 2341 2726 2402 peccent
2756 2332 2974 2401 impune
2996 2342 3051 2386 et
3077 2311 3426 2401 peccatorum
3447 2311 3462 2344 ³

1884 2424 2120 2488 veniam,
2162 2422 2394 2492 perinde
2452 2431 2514 2476 ut
2579 2423 2805 2476 obsonia
2861 2422 2914 2474 in
2965 2421 3082 2475 foro
3128 2421 3428 2504 vendentes

1884 2527 2252 2586 ementesque,
2283 2515 2512 2569 invicem
2551 2514 2680 2567 dare
2719 2525 2773 2567 et
2806 2514 3052 2582 accipere
3075 2515 3288 2595 privata
3326 2529 3426 2567 au-

1885 2611 2136 2664 ctoritate
2194 2606 2418 2676 possint.
2460 2606 2536 2660 Eo
2597 2607 2744 2659 enim
2794 2614 3038 2673 spectare
3101 2605 3230 2657 illud
3274 2614 3427 2674 puto.

1886 2702 2028 2769 quod
2062 2699 2304 2754 Palamas
2361 2704 2558 2768 praeter
2580 2706 2773 2751 cmtera
2826 2697 2988 2761 impie
3032 2697 3189 2751 docet
3220 2705 3274 2750 et
3310 2712 3433 2765 pro-

1890 2790 2136 2844 nuntiat:
2171 2789 2420 2842 homines
2447 2786 2582 2842 ciIici
2621 2786 2872 2855 principii
2913 2796 3161 2854 expertes
3222 2785 3432 2858 1024,

1887 2893 1944 2935 et
1973 2884 2280 2944 increatos;
2312 2894 2428 2940 seu,
2455 2879 2598 2947 quod
2630 2878 2768 2931 idem
2800 2885 2899 2936 est.
2931 2878 3071 2930 Deos
3099 2893 3195 2945 per
3216 2894 3271 2932 se
3301 2878 3430 2930 sub-

236 2978 330 3022 κις
356 2962 592 3032 ἀπείρων
646 2964 770 3033 (χρὴ
825 2964 933 3033 γὰρ
961 2963 1079 3015 κατ’
1108 2964 1308 3014 ἐκεῖνον
1338 2963 1567 3016 ἐνταῦθα
1585 2964 1783 3032 καλεῖν]

1890 2973 2164 3032 sistentes,
2195 2981 2249 3024 et
2281 2969 2578 3024 substantia
2607 2969 2858 3036 praeditos
2890 2968 3145 3022 inlinities
3173 2968 3429 3030 infinitos,

237 3055 538 3124 ἐνεργειῶν
577 3059 672 3108 καὶ
722 3056 1008 3123 θεοτήτων,
1059 3053 1324 3107 ἀκτίστων
1378 3056 1471 3108 καὶ
1531 3058 1783 3109 ἀνουσίων

1895 3061 2154 3118 inﬁnities
2206 3060 2534 3114 inﬁnitarum
2597 3060 2832 3128 (oportet
2864 3058 3008 3110 enim
3040 3060 3139 3111 hoc
3189 3059 3310 3112 loco
3355 3059 3433 3114 sic

237 3145 403 3209 θεῶν,
439 3147 638 3199 ταυτὸν
659 3147 704 3198 δ’
743 3148 915 3199 εἰπεῖν
960 3133 1220 3217 μηδένων.
1269 3147 1358 3215 Τῷ
1400 3138 1508 3217 γάρ
1555 3150 1783 3217 ἀκτίστῳ

1895 3169 2089 3208 vocare
2123 3163 2178 3205 ut
2206 3152 2273 3204 ab
2295 3167 2359 3205 eo
2388 3151 2668 3217 vocantur)
2692 3155 3033 3216 energiarum
3096 3159 3155 3204 et
3181 3150 3437 3203 divinita—

237 3236 340 3288 καὶ
371 3237 725 3306 ἀνυποστάτῳ
773 3240 841 3289 τὸν
881 3236 1048 3305 μηδὲν
1083 3235 1208 3305 μήτ’
1237 3232 1372 3288 εἶναι
1403 3237 1539 3306 μήτε
1568 3238 1783 3290 πιστεύ-

1895 3254 2028 3307 tum,
2053 3258 2169 3312 qua:
2195 3243 2304 3294 sint
2343 3241 2567 3294 increati
2622 3251 2677 3294 et
2699 3244 3022 3314 ~substantta
3049 3251 3294 3294 carentes
3317 3240 3390 3293 dii
3414 3255 3430 3304 ;

237 3326 401 3378 εσθαι
431 3329 594 3380 πᾶσιν
632 3329 934 3397 ἀνθρώποις
984 3327 1129 3378 δοκεῖ
1170 3327 1264 3378 καὶ
1309 3327 1643 3390 πιστεύεται,
1692 3329 1783 3380 καὶ

1892 3348 2011 3396 seu,
2039 3329 2184 3400 quod
2236 3329 2380 3383 idem
2433 3337 2537 3394 est,
2570 3328 2724 3381 nulli.
2754 3319 2887 3381 Nam
2912 3329 3062 3397 .quod
3104 3340 3185 3382 est
3224 3329 3436 3382 increa-

238 3420 426 3478 αὐτοῖς
456 3435 518 3484 γε
549 3408 659 3482 τοῖς
689 3420 963 3488 βρέφεσιν,
995 3417 1133 3473 εἷναι
1166 3417 1485 3493 ταυτόνηῘΡ.
1527 3418 1654 3489 8M]
1687 3420 1783 3470 Οὐ-

1893 3433 2006 3478 ιιιιιι
2036 3421 2199 3476 simul
2226 3430 2283 3474 et
2307 3421 2621 3475 substantiae
2648 3434 2865 3488 expers,
2891 3421 2940 3473 id
2975 3403 3227 3474 omnibus
3256 3419 3454 3474 homio'

235 3509 404 3579 δεμία
431 3510 537 3581 γὰρ
573 3511 745 3580 (φησι)
786 3511 964 3579 φύσις,
1005 3512 1085 3564 ὃτι
1124 3510 1197 3582 μὴ
1229 3510 1345 3563 τόδε
1375 3511 1540 3574 ἐστὶν,
1563 3510 1680 3563 ἀλλ’
1704 3511 1783 3564 ὅτι

1891 3515 2074 3574 nibus,
2101 3522 2156 3566 et
2181 3512 2312 3580 ipsis
2337 3526 2554 3582 quoque
2580 3511 2898 3574 infantibus,
2928 3511 3139 3563 videtur
3169 3512 3435 3564 creditur-

235 3601 384 3656 τόδε.
399 3602 462 3654 Ἦ
478 3601 569 3653 τοῦ
588 3602 736 3664 ϐντος
766 3602 910 3664 θέσις
926 3603 1020 3671 οὐχ
1045 3604 1082 3672 ,ἠ
1101 3602 1189 3654 τοῦ
1223 3601 1296 3670 μὴ
1311 3600 1461 3664 ὄντος
1485 3603 1783 3674 ἀναίρεσις.

1891 3620 1995 3674 que
2027 3604 2166 3658 idem
2194 3618 2316 3656 esse
2360 3612 2523 3670 atque
2559 3597 2710 3666 illud,
2739 3601 2882 3670 quod
2916 3601 3047 3653 nihil
3073 3613 3156 3654 cst
3184 3602 3432 3669 nihilque

235 3707 364 3748 esse
417 3692 674 3746 creditur.
725 3691 879 3746 Nulla
927 3694 1339 3762 enim,'inquit,
1394 3694 1676 3750 naturain
1723 3710 1789 3748 eo
1828 3691 2094 3759 con’sistit,
2130 3693 2274 3764 quod
2323 3709 2430 3747 non
2477 3693 2550 3748 sit
2610 3694 2733 3757 hoc,
2789 3692 2880 3746 sed
2932 3693 2984 3746 in
3051 3708 3136 3758 eo,
3164 3693 3307 3763 quod
3332 3693 3434 3747 hoc

235 3787 337 3842 sit.
358 3785 474 3843 Non
524 3787 747 3855 ponitur
799 3787 850 3838 id
879 3786 1024 3854 quod
1064 3797 1166 3851 est,
1198 3788 1302 3840 hoc
1331 3787 1449 3856 ipso
1479 3787 1622 3856 quod
1649 3789 1856 3843 tollitur
1892 3790 1944 3844 id
1971 3789 2113 3858 quod
2145 3805 2253 3843 non
2288 3798 2392 3843 est.

311 3876 388 3940 E".
423 3876 575 3929 Οὕτω
628 3875 1009 3945 μειρακιωδῶς
1061 3876 1462 3929 ἐνεανιεύσαντο
1505 3877 1645 3931 κατὰ
1688 3879 1783 3948 τῆς

1953 3881 2018 3936 ν.
2049 3871 2128 3936 ita
2169 3878 2369 3934 saniori
2414 3877 2676 3932 doctrina:
2719 3878 3031 3946 iuveniliter
3076 3879 3153 3933 illi
3209 3878 3436 3934 insulta-

234 3967 552 4037 εὐσεϐείας,
607 3953 704 4021 καὶ
753 3968 924 4031 οὕτως
961 3967 1192 4022 ἀσύνετα
1244 3969 1362 4020 καθ’
1407 3969 1562 4039 ἡμῶν
1604 3971 1783 4038 εἰργά-

1885 3982 2031 4037 runt,
2061 3973 2134 4027 ita
2187 3986 2286 4024 nos
2331 3969 2488 4025 iactis
2515 3969 2866 4038 consiliisque
2893 3966 3236 4022 dementibus
3265 3985 3435 4037 oppu-

235 4059 404 4112 σαντό
432 4075 489 4111 τε
521 4047 614 4114 καὶ
642 4059 1053 4126 ἐϐουλεύσαντο,
1095 4061 1213 4122 ταῖς
1246 4060 1540 4130 ἡμετέραις
1581 4078 1783 4129 συμφο-

1884 4072 2136 4137 gnarunt,
2162 4059 2558 4116 calamitatibus
2610 4063 2810 4115 nostris
2860 4061 3250 4113 immanitatem
3278 4075 3431 4114 suam

235 4153 365 4219 ραίς
388 4150 485 4220 τὴν
514 4149 727 4204 ἑαυτῶν
763 4150 1044 4212 ἑστιῶντες
1076 4150 1389 4226 θηρευδίαν,
1430 4152 1527 4204 καὶ
1555 4151 1661 4203 πᾶν
1690 4166 1783 4202 πο-

1884 4156 2127 4208 cibantes
2149 4193 2163 4217 ,
2191 4153 2461 4221 iidemque
2491 4167 2650 4228 omne
2675 4152 2875 4204 malum
2900 4152 3122 4205 verbum
3147 4151 3431 4206 adversum

232 4242 404 4311 νηρὺν
434 4242 586 4311 ῥῆμα
605 4242 739 4294 ’καθ’
773 4242 928 4312 ἡμῶν
969 4240 1284 4308 ψευδόμενοι
1328 4242 1624 4304 συνέθεντο,
1665 4239 1783 4293 καθ’

1884 4260 1985 4298 nos
2023 4245 2349 4298 mentientes
2378 4259 2442 4297 ex
2468 4243 2766 4311 composito
2798 4243 2963 4296 locuti
2997 4252 3141 4307 sunt,
3169 4245 3430 4316 quidquid

232 4335 339 4385 ὅσα
380 4335 479 4386 atat:
517 4322 605 4406 οἷά
632 4349 816 4400 σφισιν
863 4329 1278 4400 ὑπηγόρευε,τὸ
1327 4330 1663 4400 θυμούμενον
1690 4333 1783 4400 τῆς

1887 4336 1964 4388 ira
1998 4332 2330 4404 suggereret,
2381 4333 2776 4403 qualiacunque
2823 4336 3038 4389 animus
3071 4337 3434 4409 dictaretgiis

231 4422 414 4492 ψυχῆς
433 4438 447 4452 ·
487 4421 585 4476 καὶ
627 4421 831 4492 ἀγορὰς
864 4424 960 4475 καὶ
990 4422 1195 4490 θέατρα
1220 4419 1378 4474 πάντ’
1405 4421 1783 4497 ἐμπεπλήκασί

1889 4426 2003 4480 fora
2034 4427 2349 4496 theatraque
2382 4426 2564 4479 omnia
2609 4440 2708 4495 per
2762 4428 3132 4482 conductitios
3157 4429 3432 4498 pra-cenes

234 4513 306 4566 δι’
354 4511 635 4583 ἐμμίσθων
681 4512 959 4585 κηρύκων,
1009 4512 1257 4580 λαμπρὸν
1302 4513 1380 4574 είς
1427 4513 1789 4583 ἀνανταγώνι-

237 4621 365 4659 στον
393 4590 658 4658 πίστωσιν
706 4607 817 4658 τῶν
866 4607 1170 4658 ἀκουόντων
1208 4604 1652 4673 ἐπιτηδεύσαντες
1693 4607 1785 4660 τὸν

231 4699 504 4769 ἡμέτερον
527 4680 854 4770 συγλεισμόν
874 4715 888 4731 ⁸
922 4701 1009 4754 ἵνα
1035 4701 1168 4770 καθ’
1192 4699 1351 4768 ἡμῶν
1375 4717 1434 4751 τε
1467 4699 1782 4760 πλάττοντες

234 4765 638 4858 ἐπιψηιρίζωσιν
683 4765 842 4844 ὁποῖα
888 4775 990 4856 ζκαὶ
1035 4765 1146 4843 ἶσα
1200 4765 1469 4858 βούλοιντο
1524 4791 1618 4843 καὶ
1667 4790 1784 4860 ἅμα

234 4879 452 4942 πλείους
490 4866 908 4940 τῶνλάσυνετωςι
935 4880 1160 4949 ἐχόντων
1199 4880 1483 4948 μαθήσεως
1523 4880 1667 4951 πρὸς
1687 4881 1783 4950 τὴν

233 4969 507 5041 σφετέραν
561 4971 739 5026 αὐτῶν
782 4967 1037 5023 ἀσέϐειαν
1082 4970 1645 5039 προσεταιρίζωνται,
1690 4973 1785 5024 τεῦ

232 5062 390 5131 παρά
433 5062 597 5124 πόδας
651 5063 874 5131 ἐλέγχου
928 5063 1072 5114 κατά
1127 5060 1418 5130 διάμετρον
1468 5063 1780 5131 ἱσταμένου,

236 5152 379 5230 μήτε
404 5151 534 5206 Θεὸν
562 5152 905 5223 φοϐούμενοι,
952 5153 1076 5223 μήτ’
1107 5150 1426 5219 ἀνθρώπους
1453 5151 1786 5221 αἰδούμενοι,

243 5241 374 5311 μήτ’
405 5244 484 5305 εις
515 5243 574 5296 ὀδ
610 5246 803 5314 μέλλον
830 5243 970 5299 εἶναι
1000 5241 1341 5304 πιστεύονιές
1374 5259 1495 5294 τινα
1542 5243 1657 5295 τῶν·
1698 5246 1786 5296 ἐν·

229 5333 409 5388 ταῦθα
430 5334 723 5404 δρωμένων
751 5339 950 5406 κρίσιν,
975 5338 1130 5406 ’μήτε
1177 5333 1509 5389 κατάστασιν
1533 5333 1785 5405 ’ἀμοιϐῆς

232 5425 456 5496 ἀγαθῶν
499 5427 596 5480 καὶ
644 5428 850 5502 κακῶν,
880 5428 954 5494 ὡς
983 5427 1217 5498 τάιίερά
1268 5427 1571 5481 διδάσκουσι
1605 5427 1781 5496 λόγια..

296 5766 326 5853 ,⁸
363 5766 550 5824 Matth.
581 5783 638 5834 τ,
679 5767 765 5822 tl.

1890 4520 2276 4588 impleverunt.
2322 4517 2496 4587 Atque
2542 4526 2601 4571 ut
2626 4532 2689 4571 ea
2723 4533 2842 4586 quae
2875 4519 3152 4581 dicebant,
3188 4520 3429 4574 audienti

1887 4609 2112 4663 cuilibet
2163 4608 2364 4663 invicto
2416 4618 2736 4684 argumento
2786 4596 3190 4674 confirmarent,
3240 4625 3432 4677 magno

1885 4696 2140 4766 apparatu
2195 4713 2294 4751 nos
2354 4697 2730 4762 incluserunt,
2789 4712 2896 4766 quo
2951 4698 3155 4751 scilicet
3204 4698 3261 4752 in
3312 4717 3431 4765 nos,

1884 4799 2016 4858 quot
2040 4798 2095 4844 et
2149 4789 2327 4858 qualia
2375 4777 2642 4847 libuisset,
2687 4789 3062 4857 contingerent
3087 4804 3150 4844 ac
3181 4791 3436 4846 decerne-

1884 4889 2039 4943 rent,
2070 4879 2338 4946 simulque
2356 4886 2414 4930 ut
2435 4893 2498 4930 ex
2533 4877 2600 4930 iis
2621 4878 2712 4944 qui
2740 4880 2894 4934 tardo
2923 4893 3105 4936 essent
3129 4883 3194 4935 ad
3227 4883 3432 4935 discen-

1869 4959 2017 5021 ‘dum
2071 4966 2308 5036 ingenio,
2365 4968 2546 5020 socios
2585 4967 2694 5054 sibi
2732 4968 2916 5034 plures
2947 4972 3320 5040 adiungerent,
3349 4985 3432 5022 rc-

1889 5059 2251 5125 motis'quam
2311 5057 2624 5128 longissime
2669 5058 2796 5122 illis,
2820 5060 3020 5128 quibus
3071 5061 3430 5127 praesentibus

1886 5151 2045 5205 facile
2075 5159 2323 5218 poterant
2347 5150 2625 5219 redargui,
2658 5165 2765 5204 non
2798 5151 2892 5206 Dei
2926 5159 3097 5218 metu,
3131 5167 3236 5205 non
3264 5154 3433 5206 homi-

1886 5256 2014 5295 num
2048 5241 2349 5294 reverentia
2381 5241 2668 5306 deterriti,
2704 5257 2812 5294 non
2852 5245 2917 5296 de
2965 5243 3131 5314 hujus
3161 5247 3281 5307 vita:
3304 5247 3431 5298 faci-

1886 5333 2109 5387 noribus
2129 5331 2394 5399 judicium
2421 5333 2548 5386 olim
2574 5325 2816 5387 futurum
2837 5349 2958 5389 esse
2999 5337 3313 5398 credentes,
3329 5352 3430 5390 nec

1883 5421 2188 5477 mercedem
2226 5420 2384 5476 bonis
2427 5431 2483 5476 et
2528 5423 2704 5488 malis,
2739 5426 3186 5494 quemadmodum
3231 5407 3429 5481 docent

1879 5527 2032 5568 sacra
2086 5511 2305 5567 oracula
2337 5512 2378 5578 ⁸.
2446 5513 2800 5570 constitutam
2859 5515 3068 5587 1025
3117 5532 3235 5573 esse
3280 5520 3428 5575 arbi-

1881 5616 1996 5663 tran
2004 5613 2102 5662 tes.
