4038 6340
177 451 311 520 1301
554 451 630 524 [Α.
668 465 720 507 c.
761 451 921 525 l35l]

1130 455 1562 520 ΒΥΖΑΝΤΙΝΒ
1597 458 1730 520 HIS‘

1827 460 1976 523 BHE
2011 463 2156 525 LIB.
2194 467 2354 541 xxi,
2468 460 2605 532 [ικν.
2644 477 2686 516 ι.
2726 473 3020 516 cuneus.
3062 457 3120 528 5]
3237 460 3373 523 1302

179 566 361 639 ρηκὼς
385 569 414 621 δ
444 569 584 640 ἀνὴρ
617 569 676 634 ιε
698 571 872 640 ἀρχῆς
904 569 1079 646 ταύτῃ
1124 573 1252 638 τοὺς
1295 573 1717 644 ἐντυγχάνοντας

1827 577 2048 646 quadam
2072 587 2128 634 et
2154 580 2458 635 voluntario
2482 579 2651 634 animi
2681 579 2829 634 lnotu
2855 577 3080 647 caligine
3105 574 3370 640 turbidas,

172 659 264 712 διὰ
291 658 409 728 βέου
431 658 752 723 κατέκλυζε,
784 662 880 714 καὶ
908 665 1114 734 τροφῆς
1153 664 1322 733 αὐτῆς
1370 664 1720 730 ιπιλᾳνθανό-

181 761 369 816 μενος.
407 746 498 799 Διὸ
529 748 626 801 καὶ
654 747 865 812 πάντας
897 750 1089 819 σοφίας
1133 751 1191 814 ις
1209 750 1370 806 τοῦτο
1394 753 1720 820 συγκλείσας

177 834 308 896 τοὺς
336 835 565 904 ἔρωτας,
613 837 710 890 καὶ
737 836 898 892 τοῦτο
929 840 1090 909 μόνον
1123 841 1310 895 ίκανδν
1349 841 1716 914 ἡγησάμενος,

175 927 242 976 τδ
282 925 525 994 χρυσοῦν
554 927 787 996 ἀπονητὶ
840 930 1195 1001 συγκομίζειν
1227 919 1382 1000 θέρος
1432 933 1582 1003 αὑτῷ
1611 935 1721 988 τῶν

149 1015 422 1066 -ιπαὶνων
446 1015 683 1078 πάντων,
719 1016 941 1085 ἥκιστα-
962 1018 1048 1073 διὰ
1094 1020 1373 1089 φροντίδος
1429 1021 1721 1091 πεποίηται

178 1105 346 1171 σοφία
383 1105 479 1157 καὶ
506 1105 774 1172 δόγμασιν
803 1106 969 1178 ἱεροῖς
997 1109 1089 1162 τὸν
1112 1110 1213 1178 τῆς
1239 1109 1482 1182 γλώττης
1510 1114 1722 1181 κοσμῆ·

176 1207 272 1243 σαι
321 1192 538 1262 δρόμον.
567 1190 643 1248 Ἦ
671 1195 782 1266 γάρ
808 1195 876 1249 ἀν
900 1195 1011 1250 τῶν
1037 1197 1184 1251 δυοῖν
1218 1198 1437 1263 οὐδενὸς
1459 1200 1720 1266 ἕξιπιπτε

175 1281 390 1348 χρόνων
416 1297 432 1311 ·
461 1282 578 1336 ἀλλ’
607 1285 696 1338 ἀεὶ
727 1286 828 1354 μὲν
854 1286 916 1337 τι
937 1286 1038 1354 τῆς
1094 1288 1439 1358 πολυλογίας,
1499 1290 1574 1355 ὥς
1628 1293 1724 1347 ἐπὶ

178 1359 768 1444 πλεῐστονάμαρτάνυν
801 1376 938 1446 (32).
971 1378 1252 1447 διέφευγεν
1303 1381 1370 1436 άν
1389 1397 1403 1412 ο
1454 1383 1551 1438 νῦν
1575 1383 1620 1438 δ’
1641 1387 1723 1450 είς

177 1461 243 1512 τὸ
271 1461 366 1530 τῆς
391 1463 652 1530 ,ἀσεϐείας
684 1466 786 1520 οὐκ
812 1465 879 1521 ἀν
906 1469 1163 1524 ἐνέπιπτε
1196 1471 1485 1544 βάραθρον.
1611 1459 1616 1463 Α

253 1734 334 1818 H'.
367 1737 636 1804 τοιούτοις
653 1737 803 1811 οἶμαι
837 1745 932 1796 καὶ
960 1747 990 1798 ὁ
1018 1746 1193 1814 μέγας
1232 1750 1290 1802 ιν
1313 1749 1558 1826 θεολογίᾳ
1581 1754 1724 1824 Γρη-

177 1826 362 1893 γόριος
387 1829 609 1894 ἀνδράσι
639 1833 966 1902 περιτυχὼν,
1001 1837 1060 1890 ἐν
1077 1839 1143 1908 τῇ
1193 1839 1301 1894 τῶν
1337 1839 1725 1916 Πνευματομά-

174 1936 290 1984 χων
321 1923 702 1988 περιπεσοῦσιν
738 1926 966 1993 αἱρέσει,
1008 1927 1301 1984 «Τοσοῦτον
1327 1933 1498 2002 ὑμῶν,
1519 1953 1541 1987 ο
1567 1939 1718 2008 φησὶ,

181 2025 200 2057 ι
237 2011 569 2080 περιέχομαι
614 2017 706 2081 καὶ
733 2016 984 2071 τοσοῦτον
1012 2019 1164 2086 ὑμῶν
1212 2021 1464 2094 αἰδοῦμαι
1514 2025 1614 2096 τὴν
1631 2026 1725 2080 εῦ-

176 2115 385 2168 κοσμον
410 2102 614 2170 ταύτην
646 2104 843 2175 στολὴν
877 2110 970 2161 καὶ
1019 2110 1107 2188 τὸ¹
1135 2111 1333 2182 χρῶμα
1385 2114 1484 2184 τῆς
1520 2117 1725 2185 ιγκρα-

175 2191 331 2278 τείας
353 2192 447 2244 καὶ
476 2193 545 2246 τά
567 2195 686 2265 ίερά
716 2197 888 2251 ταῦτα
916 2201 1232 2271 συστήματα
1272 2205 1366 2256 καὶ
1401 2206 1499 2276 τὴν
1523 2209 1725 2279 σεμνὴν

179 2283 480 2350 παρθενίαν
503 2288 598 2337 καὶ
624 2286 890 2357 κάθαρσιν
914 2293 1009 2346 καὶ
1048 2291 1145 2362 τὴν
1182 2295 1448 2365 πάννυχον
1501 2298 1728 2369 ψαλμῳ-

176 2372 304 2426 δίαν
330 2376 425 2429 καὶ
450 2376 511 2429 τδ
545 2377 884 2448 φιλόπτωχον
911 2385 1005 2434 καὶ
1057 2384 1381 2453 φιλάδελφον
1419 2387 1516 2442 καὶ
1573 2390 1727 2459 φιλό-

179 2460 356 2544 ξενον,
401 2464 540 2518 ὥστε
581 2469 677 2521 καὶ
728 2470 973 2540 ἀνάθεμα
1009 2467 1148 2527 εἶναι
1199 2476 1305 2527 ἀπὸ
1359 2476 1592 2546 Χριστοῦ
1633 2482 1727 2536 καὶ

179 2550 376 2638 παθεῖν
399 2569 454 2606 τι
477 2555 554 2618 ὡς
583 2557 910 2628 κατάκριτος
936 2563 1159 2635 δέχομαι
1179 2579 1196 2594 ο
1229 2565 1388 2632 μόνον
1420 2567 1468 2618 εί
1505 2567 1724 2638 σταίητε

181 2630 504 2713 μεθ⁴ήμῶν,
539 2649 634 2700 καὶ
664 2653 814 2719 κοινῇ
847 2653 947 2721 τὴν
977 2630 1180 2722 τριάδα
1221 2630 1570 2723 δοξάσαιμεν.
1594 2630 1727 2727 Περὶ

177 2728 295 2796 γάρ
317 2729 426 2782 τῶν
451 2730 624 2786 ἀλλων
645 2731 700 2784 τί
737 2735 839 2805 χρὴ
871 2738 962 2789 καὶ
999 2737 1198 2805 λέγειν,
1249 2739 1434 2807 σαφῶς
1476 2741 1730 2809 τεθνηκό-

175 2834 327 2884 των;
353 2817 444 2882 οῦς
466 2821 702 2890 Χριστοῦ
729 2824 890 2892 μόνου
926 2827 1155 2894 ἐγεῖραι,
1192 2825 1287 2881 τοῦ
1340 2827 1728 2892 ζωοποιοῦντος

177 2911 313 2972 τοὺς
341 2917 564 2982 νεκροὺς
592 2915 732 2978 κατὰ
759 2915 855 2982 τὴν
896 2917 1092 2968 ἑαυτοῦ
1152 2908 1411 2986 δύναμιν·
1439 2919 1492 2971 οἳ
1517 2920 1728 2982 ’κακῶς

179 3000 262 3069 τῷ
291 3001 441 3072 τόπῳ
486 3003 829 3075 χωρίζονται,
886 3007 960 3074 τῷ
1013 3007 1155 3074 λόγῳ
1203 3007 1591 3076 συνδεδεμὰοι,
1635 3010 1727 3060 καὶ

176 3091 435 3145 τοσοῦτον
464 3094 598 3163 πρὸς
631 3095 890 3164 ἀλλήλους
923 3096 1341 3167 ζυγομαχοῦσιν,
1387 3099 1511 3150 ὅσον
1534 3098 1732 3165 ὀφθαλ-

1820 661 2056 738 repellit.
2118 669 2342 741 ingenio
2383 672 2587 741 quippe
2622 680 2679 725 et
2732 669 2954 723 dicendi
2985 663 3142 737 c0pia
3175 669 3258 720 vir
3283 666 3374 720 ilic

1813 763 1922 833 jam
1950 763 2078 819 inde
2126 766 2196 821 ab
2259 765 2418 820 initio
2476 764 2740 827 conlisus,
2771 777 2839 817 eo
2872 771 3131 828 tanquam
3171 758 3376 812 diluvio

1817 852 2009 908 obvios
2025 868 2271 925 quosque
2297 863 2564 925 perpetuo
2585 852 2910 908 inuudabat.
2935 850 3100 904 etiam
3126 849 3374 915 capiendi

1817 941 1926 996 cibi
1964 943 2274 1000 immemor.
2299 944 2567 1000 Omnibus
2598 945 2781 1013 itaque
2807 942 3068 997 doctrina:
3100 939 3377 992 amoribus

1819 1033 1926 1088 hoc
1954 1034 2065 1090 ﬁne
2093 1036 2550 1106 circumscriptis,
2579 1051 2705 1092 cum
2747 1050 2916 1089 unum
2961 1034 3067 1086 hoc
3091 1033 3224 1086 satis
3256 1047 3376 1084 esse

1819 1125 2177 1181 arbitraretur
2209 1126 2278 1181 ad
2333 1126 2696 1196 colligendam
2744 1125 2846 1178 sibi
2875 1123 3096 1177 laudum
3129 1123 3376 1175 omnium

1819 1230 2051 1272 messem
2103 1232 2348 1282 auream,
2401 1209 2686 1272 minimum
2743 1216 2957 1270 curavit
3007 1215 3153 1268 illam
3183 1214 3377 1279 lingua:

1822 1306 2225 1362 volubilitatem
2261 1307 2622 1362 scientiarum
2680 1315 2736 1360 et
2757 1320 3037 1360 sacrorum
3063 1303 3375 1371 dogmatum

1820 1412 1928 1452 usu
1952 1412 2175 1453 ornare.
2206 1397 2422 1468 Alioqui
2455 1397 2608 1452 nullo
2643 1406 2888 1466 tempore
2911 1394 3052 1448 male
3089 1394 3139 1448 ei
3179 1390 3374 1445 cessis-

1821 1494 1935 1542 set:
1969 1487 2064 1542 sed
2102 1498 2161 1542 et
2200 1486 2492 1542 verborum
2535 1485 2950 1546 abundantiam.
2989 1498 3108 1552 quae
3140 1484 3378 1551 plerum-

1821 1592 1929 1646 que
1957 1587 2167 1647 peccat,
2211 1591 2425 1643 semper
2456 1575 2758 1645 en‘ugisset.
2796 1589 2896 1628 nec
2948 1574 3003 1627 in
3059 1573 3374 1647 barathrum

1824 1665 2126 1736 impietatis
2155 1667 2367 1737 1027
2395 1681 2641 1736 praeceps
2666 1681 2813 1719 nunc
2845 1665 3166 1718 corruisset.

1893 1754 2029 1811 Vlll.
2060 1757 2218 1821 Tales
2252 1748 2445 1813 credo.
2471 1773 2698 1826 magnus
2748 1756 2837 1811 ille
2862 1756 3143 1824 theologus
3170 1753 3377 1822 Grego-

1825 1845 1941 1900 rius
1977 1846 2227 1902 homines
2253 1857 2468 1912 nactus,
2507 1847 2565 1902 in
2588 1845 3207 1903 Pneumatomacborum
3269 1847 3378 1898 hae—

1824 1936 1971 1992 resin
2021 1938 2329 2008 prolapsos,
2390 1956 2411 1990 ι
2474 1938 2625 1993 Adeo
2687 1935 2908 2008 (inquit)
2939 1951 3034 2012 vos
3079 1936 3378 2003 amplector

1820 2036 1984 2096 atque
2014 2029 2324 2092 exosculor,
2346 2028 2484 2083 adeo
2515 2029 2840 2082 concinnam
2868 2027 3011 2080 hanc
3037 2036 3272 2080 vestram
3321 2032 3378 2077 et

1821 2117 2180 2185 compositam
2233 2130 2440 2172 vestem
2496 2131 2775 2183 revereor,
2807 2126 2862 2171 et
2914 2124 3256 2170 contractum
3309 2129 3377 2167 ex

1821 2206 2157 2259 continentia
2186 2206 2446 2272 colorem,
2467 2206 2525 2260 et
2545 2221 2732 2261 sacros
2755 2206 2855 2260 hos
2900 2214 3098 2270 cretus,
3125 2208 3183 2259 et
3214 2219 3378 2258 vene-

1823 2294 2050 2352 randam
2108 2296 2478 2366 virginitatem
2536 2311 2600 2351 ac
2653 2294 3142 2366 purgationem,ct
3167 2305 3374 2357 noctes,

1822 2400 1957 2454 quas
1981 2388 2034 2439 in
2061 2387 2390 2454 psalmorum
2443 2387 2696 2441 cautione
2753 2387 3030 2438 insomnes
3057 2383 3372 2452 transigitis,

1822 2482 1876 2527 et
1913 2489 2245 2543 propensum
2303 2474 2361 2528 in
2409 2489 2680 2543 pauperes
2727 2483 2784 2528 et
2813 2471 3012 2526 fratres
3043 2482 3098 2526 et
3129 2472 3376 2541 hospites

1823 2564 2062 2618 studium
2121 2574 2285 2633 atque
2352 2578 2618 2628 amorem,
2677 2571 2738 2616 ut
2790 2563 3081 2615 anathema
3139 2564 3304 2616 etiam
3344 2560 3384 2614 a'

1821 2652 2042 2706 Christo
2100 2668 2244 2718 esse,
2283 2667 2349 2708 ac
2400 2651 2676 2716 nonnihil,
2706 2659 2768 2705 ut
2815 2653 3129 2714 damnatus,
3163 2650 3376 2720 perpeti

1825 2758 1934 2796 non
1967 2758 2216 2798 recusem
2248 2761 2263 2800 :
2289 2745 2454 2799 modo
2485 2742 2776 2799 nobiscum
2811 2743 3205 2813 a'djungatnini,
3228 2757 3378 2796 com-

1827 2834 2192 2903 munibusque
2254 2835 2453 2889 animis
2479 2833 2803 2888 Trinitatem
2852 2833 3213 2887 celebremus.
3243 2831 3378 2885 Nam

1826 2921 1955 2989 quid
1984 2921 2052 2975 de
2083 2923 2204 2975 aliis
2253 2922 2452 2985 dicam,
2487 2922 2776 2990 perspicue
2826 2920 3059 2973 mortuis
3122 2903 3283 2989 (quos
3311 2919 3380 2972 ad

1825 3012 1990 3064 vitam
2023 3027 2280 3066 revocare
2305 3012 2507 3067 Christi
2539 3012 2712 3066 solius
2737 3021 2843 3074 est,
2875 3012 2968 3079 qui
3004 3025 3101 3063 sua
3134 3010 3381 3079 potentia

1826 3111 2075 3156 mortuos
2131 3103 2413 3171 vivillcat),
2453 3102 2548 3172 qui
2599 3103 2719 3155 loco
2749 3101 2890 3155 male
2939 3110 3101 3168 atque
3135 3099 3383 3168 improbe

182 3184 280 3250 μοι
324 3184 634 3256 διάστροφοι
681 3188 741 3241 τὸ
787 3189 844 3242 ἓν
878 3189 1180 3258 βλέποντες,
1232 3191 1324 3244 καὶ
1379 3189 1441 3244 οὗ
1492 3194 1559 3262 τῇ
1590 3193 1730 3260 ὕψει,

1833 3196 2236 3259 distrahuntur,
2262 3211 2387 3251 cum
2413 3196 2673 3250 doctrinae
2693 3194 2914 3249 vinculo
2945 3191 3224 3249 constricti
3250 3192 3382 3255 sint,

175 3275 250 3339 τῇ
277 3273 426 3327 θέσει
448 3276 505 3328 δὲ
528 3277 906 3342 στασιάζοντες
928 3297 941 3308 ·
967 3281 1019 3333 εί
1046 3298 1109 3347 γε
1159 3279 1252 3334 καὶΙ
1278 3283 1606 3354 διαστροφὴν
1627 3285 1729 3336 αὐ-

176 3368 297 3429 τοῖς
332 3367 641 3438 ὲγκλητὲον,
672 3372 808 3424 ἀλλά
829 3372 903 3442 μὴ
929 3373 1216 3442 τύφλωσιν.
1251 3391 1270 3424 ι

1835 3295 2154 3355 tantumque
2201 3289 2343 3342 inter
2388 3301 2446 3341 se
2470 3285 2832 3352 contendunt,
2861 3296 3126 3354 quantum
3164 3281 3385 3336 distorti

1835 3380 2000 3443 oculi,
2062 3393 2223 3432 unam
2274 3377 2629 3447 eamdemque
2682 3392 2795 3431 rem
2842 3384 3151 3438 cernentes,
3175 3387 3241 3427 ac
3277 3387 3388 3425 non

175 3457 388 3521 obtitu,
421 3459 515 3514 sed
571 3460 679 3516 situ
732 3461 988 3517 duntaxat
1021 3465 1168 3518 inter
1190 3477 1250 3520 se
1286 3461 1647 3532 dissidentes;
1681 3466 1726 3520 si
1766 3477 1946 3525 tamen
2002 3470 2110 3527 illis
2159 3469 2414 3528 distortio
2441 3479 2499 3528 et
2535 3469 2892 3540 perversitas,
2921 3482 3031 3524 non
3076 3477 3260 3524 autem
3290 3481 3390 3522 cev

176 3549 326 3604 citas
354 3549 655 3618 obiicienda
689 3548 792 3606 est.
847 3570 866 3603 ι

253 3644 343 3717 [Ρ.
373 3644 497 3716 σω]
536 3645 616 3700 8'.
641 3646 785 3714 ἐγὼ
818 3646 874 3699 δὲ
903 3647 998 3702 καὶ
1026 3647 1204 3703 ταῦτα
1232 3648 1412 3712 καλῶς
1437 3664 1498 3702 τε
1525 3650 1613 3701 καλ
1643 3649 1732 3701 εὖ-

177 3737 341 3805 φυῶς
361 3737 495 3805 πρὸς
515 3737 614 3807 τὴν
638 3736 1200 3817 παροῦσανβύρίσκων
1221 3739 1476 3792 ὑπόθεσιν
1501 3739 1738 3809 ἁρμοζό-

181 3844 332 3897 μενα
358 3827 452 3880 καὶ
485 3827 645 3881 πλέον
670 3828 776 3896 ῑχω
805 3844 859 3879 τι
879 3828 1059 3894 λέγειν
1081 3829 1265 3891 αὐτός.
1319 3829 1609 3898 ’Λνῄρηται
1629 3830 1737 3899 γὰρ

178 3919 383 3988 ἀγάπη
410 3919 561 3971 πᾶσα
593 3919 685 3970 καὶ
726 3919 1045 3987 παραμυθία
1070 3919 1162 3972 καὶ
1187 3919 1340 3986 λόγος
1367 3917 1534 3987 φίλων
1555 3920 1736 3988 παρή-

179 4027 372 4081 γορος.
399 4007 651 4078 Οὐδαμοῦ
678 4009 981 4080 σπλάγχνον
1007 4011 1293 4078 ἀδελφικὸν
1337 4012 1473 4079 (35).
1503 4011 1738 4080 οὐδαμοῦ

178 4101 426 4169 δάκρυον
457 4102 759 4169 συμπαθές.
794 4102 959 4155 Ὅθεν
1015 4104 1110 4156 καὶ
1139 4101 1488 4172 ἀνεμνήσθην
1517 4103 1740 4156 ἐκείνων

179 4190 285 4246 τοῦ
315 4189 655 4259 Σολομῶντος
682 4207 698 4223 ’
720 4192 1024 4262 ’Δπέσλεψα
1051 4193 1180 4260 γάρ,
1211 4196 1412 4255 nam;
1442 4211 1592 4262 φησι,
1647 4193 1739 4245 καὶ

181 4280 334 4338 εἶδον
361 4282 464 4336 ὕπδ
491 4282 581 4336 τὸν
601 4281 775 4353 ἥλιον,
815 4282 897 4334 δτι
925 4279 986 4334 οὐ
1019 4283 1131 4344 τοῖς
1185 4282 1407 4348 κούφοις
1462 4281 1738 4354 όοδρόμος,

179 4375 313 4430 om
341 4377 453 4437 τοῖς
491 4375 742 4437 δυνατοῖς
767 4373 798 4427 ὀ
826 4373 1061 4440 πόλεμος
1089 4389 1106 4405 ο
1133 4373 1226 4425 καί
1251 4388 1313 4440 γε
1340 4373 1402 4425 οὐ
1430 4374 1542 4434 τοίς
1558 4375 1741 4437 σοφοῖς

181 4467 222 4537 ἡ
253 4463 669 4534 φρόνησις··καί
692 4478 759 4528 γε
793 4461 856 4515 οὐ
885 4463 996 4523 τοῖς
1038 4460 1209 4529 φίλοις
1236 4462 1296 4514 τὸ
1327 4459 1516 4514 εῦελπι
1539 4477 1551 4490 ο
1606 4460 1742 4514 ἀλλὰ

182 4552 389 4621 καιρὸς
441 4550 533 4604 καὶ
577 4551 876 4620 άπάντημα
930 4549 1270 4618 συμϐήσεται
1343 4549 1508 4602 πᾶσιν
1558 4549 1760 4611 αὐτοῖς¹

179 4641 599 4711 ἀπροσδόκητον
626 4641 693 4692 ἐκ
723 4638 883 4705 Θεοῦ,
917 4641 919 4643 ’
945 4641 1126 4694 πᾶσαν
1175 4639 1499 4710 ὑπερϐαίνον
1550 4639 1739 4708 σοφίαν

179 4732 292 4787 καὶ
316 4728 550 4802 δύναμιν
596 4730 964 4801 ἀνθρωπίνην,
996 4728 1090 4784 καὶ
1118 4729 1299 4783 πάντα
1351 4728 1611 4796 φαυλίζον
1641 4729 1739 4780 άν-

180 4820 466 4890 θρὼπινον
491 4820 653 4887 δγκον
687 4822 782 4873 καὶ
830 4819 1022 4888 τῦφον.
1073 4819 1163 4872 Διδ
1192 4819 1285 4872 καὶ
1342 4819 1500 4887 σιγᾷν
1551 4816 1741 4886 ῑκρινα

178 4912 327 4976 δεῖν,
362 4910 462 4963 καὶ
499 4911 609 4964 τῶν
650 4909 744 4962 τοῦ
801 4909 928 4978 βίου,
972 4908 1239 4976 παιγνίων
1288 4907 1588 4976 θαυμάζειν
1644 4907 1742 4968 τάς

180 4998 594 5068 άγχιστρδφους
643 4997 968 5066 μετασολάς,
1006 4999 1100 5048 καὶ
1150 4995 1352 5064 μηδένα
1387 4995 1494 5064 πρὸ
1553 4995 1741 5048 τελευ-

181 5087 296 5156 τῆς
353 5085 704 5155 μακαρίζειν.
764 5084 925 5160 Καὶό
963 5085 1062 5153 μιν
1107 5086 1328 5153 Δαρεῖος
1385 5083 1590 5146 ἐκεῖνος
1634 5085 1738 5136 ὑπὸ

1909 3649 2001 3705 IX.
2036 3649 2148 3720 Ego
2195 3665 2346 3716 vero,
2406 3648 2511 3706 etsi
2552 3649 2666 3704 haec
2689 3647 2756 3702 ad
2800 3663 3043 3715 przesens
3078 3647 3388 3702 institutum

1837 3743 2060 3810 pulchre
2101 3750 2157 3795 et
2201 3749 2324 3809 apte
2353 3739 2760 3794 accommodata
2791 3739 3028 3807 reperio,
3061 3747 3240 3792 tamen
3273 3739 3390 3808 ipso

1837 3834 1956 3894 plus
1989 3833 2129 3888 dico.
2155 3831 2381 3886 Sublata
2409 3833 2618 3886 scilicet
2635 3833 2815 3885 omnis
2837 3831 3077 3885 rharitas
3101 3841 3159 3885 et
3187 3845 3389 3885 Conso-

1836 3924 1985 3986 latio,
2021 3933 2076 3977 ct
2099 3924 2398 3977 amicorum
2422 3923 2620 3977 blanda
2675 3921 2954 3976 allocutio.
2981 3921 3259 3990 Nusquam
3284 3921 3393 3974 fra-

1837 4023 1991 4067 terna
2039 4014 2249 4068 viscera
2303 4029 2318 4065 :
2365 4028 2633 4082 nusquam
2695 4011 2948 4082 lacrytna:
3015 4011 3389 4066 condolentes.

1838 4105 1991 4161 Unde
2011 4115 2066 4158 et
2101 4105 2190 4157 illa
2227 4104 2535 4159 Salomonis
2589 4103 2913 4158 recordatus
2960 4116 3080 4155 sum
3116 4101 3389 4168 :Respexi

1836 4194 1982 4248 enim
2014 4193 2214 4262 (inquit
2266 4193 2378 4260 ille)
2435 4187 2490 4246 et
2520 4191 2629 4245 vidi
2681 4192 2783 4244 sub
2826 4190 2963 4252 sole,
2994 4190 3252 4258 quoniam
3282 4203 3390 4242 non

1833 4292 1916 4337 est
1946 4285 2220 4338 velocibus
2241 4299 2454 4348 cursus,
2503 4298 2605 4338 nec
2655 4280 2968 4352 potentibus
2993 4281 3264 4348 praelium,
3291 4297 3393 4335 nec

1833 4373 2054 4442 quidem
2102 4373 2440 4442 sapientibus
2475 4372 2791 4442 prudentia,
2820 4385 2924 4424 nec
2948 4371 3170 4438 quidem
3203 4371 3393 4424 amicis

1839 4462 2052 4532 1028
2078 4478 2204 4531 spes
2230 4464 2368 4517 bona
2394 4479 2409 4530 ;
2463 4461 2559 4518 sed
2615 4471 2829 4531 tempus
2850 4469 2908 4514 et
2935 4469 3166 4514 eventus
3197 4474 3393 4514 occur-

1839 4565 1924 4608 ret
1949 4553 2204 4607 omnibus
2225 4552 2329 4628 illis
2358 4552 2670 4621 inOpinatus
2710 4565 2739 4605 a
2786 4545 2917 4616 Deo,
2943 4565 3160 4603 omnem
3200 4563 3393 4616 super-

1837 4641 2088 4711 grediens
2119 4640 2436 4709 sapientiam
2460 4648 2513 4693 et
2544 4640 2804 4692 virtutem
2837 4638 3149 4698 humanam,
3176 4649 3392 4710 omnem

1834 4731 2148 4800 deprimens
2182 4732 2477 4784 humanum
2512 4728 2780 4782 tumorem
2835 4735 2891 4780 et
2944 4714 3394 4797 fastutn.‘Quam‘-

1835 4819 2020 4872 obrem
2046 4825 2104 4872 et
2129 4819 2312 4882 silere,
2335 4827 2393 4871 et
2418 4830 2609 4869 eorum
2640 4813 2733 4880 qui
2759 4814 2922 4866 vitam
2966 4813 3107 4866 hanc
3138 4821 3395 4866 exercent

1835 4905 2088 4959 ludorum
2117 4903 2336 4958 crebras
2358 4901 2762 4956 vicissitudines
2792 4900 3003 4964 mirari,
3027 4911 3086 4954 et
3119 4903 3392 4956 neminem

1839 5005 1964 5050 ante
2019 4995 2232 5049 obitum
2281 4993 2390 5047 dici
2431 4992 2643 5047 ielicem
2689 5002 2948 5061 oportere
2967 4991 3212 5062 iudicavi
3247 4993 3286 5044 ⁸.
3320 4993 3394 5045 Ac

1836 5085 2032 5160 Darius
2053 5084 2272 5153 quidem
2322 5083 2433 5145 ille,
2460 5082 2636 5154 plagis
2684 5093 2740 5138 et
2777 5083 3092 5138 vulneribus
3144 5095 3239 5148 per
3265 5082 3396 5132 insi-

179 5175 421 5244 πληγῶν
469 5177 563 5229 καὶ
625 5176 954 5246 τραυμάτων
1022 5173 1323 5228 ιπιδούλων
1371 5174 1452 5234 είς
1511 5172 1730 5235 θάνατρν

1842 5175 1961 5229 dias
1989 5176 2248 5243 acceptis,
2276 5175 2522 5243 adeoque
2551 5182 2724 5228 morte
2766 5174 3021 5232 instante.
3047 5185 3174 5224 cum
3196 5185 3394 5237 aquam

175 5266 568 5336 ἐλαυνόμενος,
624 5265 812 5336 iambi)
879 5264 1109 5334 διψήσας
1165 5263 1362 5333 ᾔτησεν
1425 5261 1588 5329 ὕδωρ.
1647 5264 1730 5316 κα]

1843 5264 2035 5319 sitiens
2093 5262 2362 5332 petiisset,
2420 5273 2478 5316 et
2522 5263 2573 5317 ei
2633 5277 2729 5331 per
2775 5261 2990 5314 deserta
3015 5267 3070 5311 et
3105 5259 3247 5311 invia
3281 5260 3396 5310 lora

176 5353 382 5424 παρῆν
401 5355 576 5443 οὐδεὶς
611 5355 674 5409 ὲν
701 5357 894 5427 ἐρήμῳ
939 5355 1035 5408 καὶ
1070 5355 1256 5423 ἀϐάτῳ
1288 5351 1606 5423 διωκομένῳ
1646 5357 1730 5422 γῇ,

1845 5349 2074 5424 fugienti
2109 5368 2272 5410 nemo
2303 5354 2542 5420 adesset,
2572 5367 2682 5408 uno
2717 5359 2967 5437 excepto,
2991 5364 3166 5421 eoque
3201 5348 3398 5404 infinita:

267 5493 291 5525 ⁸
331 5492 512 5550 Eccle.
549 5510 630 5562 rx,
669 5496 754 5552 ιι.

1494 5609 1828 5676 Variorum
1873 5619 2061 5675 notae.
2097 5591 2102 5598 ’

267 5728 388 5797 (152)
423 5728 690 5801 Gregoras
736 5745 896 5787 suum
931 5731 1102 5802 ipsius
1132 5731 1320 5789 vitium
1353 5733 1509 5790 alteri
1537 5735 1746 5806 obiicit.

267 5728 388 5797 (152)
423 5728 690 5801 Gregoras
736 5745 896 5787 suum
931 5731 1102 5802 ipsius
1132 5731 1320 5789 vitium
1353 5733 1509 5790 alteri
1537 5735 1746 5806 obiicit.
1927 5735 2040 5804 (53)
2067 5733 2161 5789 Sic
2182 5748 2351 5802 supra
2380 5734 2436 5788 iu
2463 5690 2834 5805 excerptis‘ex
2858 5733 2918 5789 Ι).
2953 5733 3155 5788 Basilio
3181 5735 3249 5791 de
3280 5737 3417 5808 Spi-,

186 5805 410 5861 Borvm.
519 5846 523 5856 .
1857 5804 1961 5858 ritu
1989 5813 2196 5859 sancto.
2233 5801 2440 5858 Borvm.
3026 5810 3029 5813 '

1857 5801 1961 5858 ritu
1989 5801 2196 5859 sancto.
2233 5801 2440 5858 Borvm.
