4008 6340
137 383 267 450 i309
579 382 654 470 Iit.
694 399 744 441 c.
785 385 944 462 155i]

132 491 226 558 τῆς
258 489 490 560 ἀμαθίας
549 493 808 562 ταράττει
835 496 989 566 δίκην
1010 495 1236 565 θυᾶλλης
1266 496 1503 556 ᾶπαντα,
1534 496 1669 564 πρὸς
1698 509 1740 564 Α

1085 387 1515 450 ΒΥΖᾹΝΤΙΝΙΕ
1549 393 1922 455 ΗΙΞΤΟΒΙΒ
1960 395 2104 456 LIB.
2140 397 2294 462 XXI.

2435 399 2566 471 [περ.
2605 413 2648 452 ι.
2687 411 2974 453 catt-ncne.
3015 351 3104 468 5].
3181 399 3314 477 1310

1774 499 1878 556 bus
1897 501 2146 572 dogmata
2177 507 2591 580 labefactantur.
2622 508 2813 565 Omnia
2844 510 3090 578 procellae
3143 510 3313 563 instar

135 580 432 649 ὑπερϐολάς
465 583 561 634 καὶ
587 583 850 653 ἐλλείψεις
872 586 943 638 τά
971 587 1072 655 τῆς
1123 586 1403 647 εὐσεϐείας
1427 603 1672 656 παρασυ-

1779 596 2054 650 :o'ntnrbat
2080 599 2300 665 junctus
2323 616 2445 653 cum
2467 601 2766 670 ignorantia
2796 599 2965 653 fastus
2987 599 3313 668 principum,

135 671 336 737 ρόντων
361 672 625 742 δόγματα.
657 674 788 739 Τοῖς
825 677 923 750 μιν
964 677 1074 731 τῶν
1119 667 1523 745 ἀνθισταμένων
1567 681 1676 746 χεί-

1767 685 1861 754 qui
1910 697 1966 740 et
2008 689 2279 756 superﬂua
2323 692 2592 754 addendo,
2618 700 2674 744 et
2729 689 3069 744 detrahendo
3123 704 3314 742 neres-

135 774 227 825 ρες
255 760 546 826 ἐπάγονται
594 766 809 832 φονικαί
833 781 849 797 ·
878 767 1004 827 τοὺς
1036 767 1081 819 δ’
1104 769 1304 837 ὲξορίαι
1327 769 1418 819 καὶ
1449 766 1675 835 διωγμοὶ

1779 775 1935 840 saria,
1983 777 2279 834 doctrinam
2312 780 2433 836 fidei
2458 790 2797 850 pervertunt.
2829 780 2885 834 Si
2919 780 3010 848 qui
3035 778 3312 839 resistunt,

135 854 374 903 παντοῖοι
403 854 712 922 μερίζονται
735 872 750 888 ο
770 858 896 918 τοὺς
933 857 978 909 δ’
1008 857 1219 928 είρκιαὶ
1270 857 1671 924 συγκρύπτουσι

1779 882 1956 921 eorum
1978 868 2096 922 aliis
2125 885 2316 924 manus
2360 871 2669 926 inferuntur
2725 870 3123 940 sanguinarize;
3183 869 3318 922 alios

134 945 491 1011 καταχθόνιοι
510 947 843 1016 αὐτοσχέδιοι
874 951 987 1009 τοῖς
1015 949 1095 1001 ἔτι
1122 949 1253 1010 ζῶσι
1286 947 1551 1017 ὁρώμενοι
1580 947 1675 999 τά·

135 1052 244 1100 φοι.
262 1035 612 1104 Θεολογοῦσιν
636 1039 804 1101 ἀδεῶς
831 1042 880 1091 oi
910 1040 1182 1108 βάναυσοι.
1208 1040 1410 1108 ἀγορὰς
1428 1043 1516 1090 καὶ
1547 1038 1669 1091 θέα-

133 1143 238 1195 τρα
274 1128 449 1198 πάντα
489 1132 743 1183 τοιούτων
774 1129 862 1202 [Ρ.
893 1130 1017 1199 650]
1057 1133 1246 1198 φωνῶν
1272 1131 1664 1197 ἐμπιπλῶντες.

138 1217 399 1284 “etnive;
427 1218 738 1272 ἐλαύνονται
766 1234 779 1248 ·
816 1219 997 1287 βαρεῖς
1025 1209 1067 1270 δ’
1093 1203 1495 1282 άντὲισάγονται
1525 1216 1677 1268 λύκοι
1756 1247 1761 1253 ~

134 1309 273 1360 κατὰ
303 1308 415 1360 τῶν
444 1311 728 1378 ποιμνίων.
761 1311 1039 1378 Θεοτήτων
1099 1308 1368 1360 άκτίστων
1397 1310 1425 1359 ὸ
1451 1306 1680 1375 ἀριθμὸς

133 1399 215 1459 είς
245 1399 470 1468 ἄπειρον
499 1401 796 1452 ίκτείνεται
823 1398 1044 1466 πλῆθος.
1097 1397 1351 1449 Λαλεῐται
1383 1395 1444 1448 τδ
1487 1394 1680 1464 ψεῦδος

131 1488 389 1555 ἀφόϐως-³
446 1479 738 1558 ἠάλήθεια
790 1487 1247 1556 συγκαλύπτεται.
1295 1485 1681 1539 Διαδάλλουσιν

133 1577 283 1645 ἡμᾶς
313 1577 400 1647 ἔφ’
429 1573 511 1642 οίς
535 1579 687 1633 αὐτοί
711 1595 774 1648 γε
801 1579 1074 1649 ἐνέχονται
1120 1578 1448 1648 ἐγκλήμασι.
1479 1575 1682 1646 Θεσμοὶ

139 1668 400 1738 Πατέρων
426 1670 786 1739 πεπάτηνται.

1774 943 1960 1008 exsilia
1993 957 2240 1010 etomnis
2264 959 2482 1027 generis
2516 960 2921 1028 persecutiones
2949 958 3315 1024 dispertiunt:

1778 1039 1914 1092 alios
1963 1042 2197 1111 denique
2253 1059 2439 1099 carcer
2488 1046 2879 1101 subterraneus
2929 1045 3126 1114 operit.
3171 1045 3320 1097 Velut

1779 1127 2021 1181 tumulus
2047 1129 2268 1197 quidam
2302 1133 2626 1198 subitarius,
2653 1133 2971 1188 hominibus
3020 1131 3200 1186 adhuc
3231 1129 3318 1182 vi-

1782 1215 1864 1269 vis
1894 1229 2131 1285 paratus.
2162 1221 2317 1276 Fabri
2349 1223 2598 1278 vilissimi
2625 1223 2695 1277 de
2720 1225 2881 1278 rebus
2906 1222 3107 1276 divinis
3135 1221 3322 1289 dispu-

1775 1316 1890 1362 tant
1953 1313 2195 1378 impune.
2269 1312 2381 1366 fora
2441 1315 2761 1383 theatraque
2830 1314 3010 1368 omnia
3054 1297 3319 1380 ejusmodi

1772 1402 2116 1454 sermonibus
2147 1402 2453 1471 implenles.
2481 1405 2733 1460 Pastores
2768 1403 3134 1473 expelluntur.
3183 1400 3320 1470 Lupi

1772 1489 2022 1546 crudeles
2048 1491 2103 1546 in
2130 1507 2324 1547 eorum
2359 1495 2537 1550 locum
2569 1496 2830 1551 adversus
2853 1510 3044 1567 greges
3074 1494 3322 1549 introdu-

1773 1590 1993 1636 cuntur.
2019 1583 2366 1640 Divinitatum
2397 1588 2754 1642 increatarum
2779 1602 3040 1642 numerus
3096 1588 3149 1642 in
3200 1586 3322 1639 inli-

1775 1671 1950 1726 nitum
1971 1677 2306 1732 extenditur.
2353 1677 2644 1732 Ilentiendi
2671 1677 2855 1732 nullus
2885 1686 3093 1732 metus.
3160 1675 3320 1731 Veri-

131 1769 216 1814 tas
247 1759 540 1817 involucris
571 1762 788 1832 tegitur.
821 1760 1062 1826 Quorum
1127 1758 1418 1817 criminum
1439 1757 1518 1811 rei
1575 1755 1676 1826 ipsi
1715 1769 1862 1826 sunt,
1889 1776 1952 1815 ea
1983 1762 2039 1816 in
2057 1779 2156 1818 nos
2182 1780 2280 1836 per
2298 1767 2623 1822 calumniam
2687 1766 3038 1822 transferunt.
3101 1765 3321 1820 Patrum

129 1853 451 1926 praescripta
485 1852 713 1923 pedibus
734 1862 1108 1924 proteruntur.

200 1929 418 1995 ΖτΚαὶ
443 1942 496 1994 τί
529 1926 610 1994 δεῐ
642 1942 762 1994 καθ’
807 1942 1012 1994 ῐκαστα
1061 1941 1239 1993 πάντα
1273 1938 1527 2004 διεξιέναι
1577 1937 1673 2005 ζη-
1702 1944 1746 2000 Β

127 2037 272 2097 τεϊν,
296 2031 418 2099 ἰξὺν
449 2033 575 2096 τοὺς
609 2033 1076 2100 ἀναγινώσκοντας
1145 2029 1515 2099 παρασάλλειν
1567 2028 1681 2091 τοῖς

131 2123 450 2193 πράγμασι,
474 2125 568 2178 καὶ
596 2124 850 2191 συνάγειν
877 2125 948 2174 ἐκ
1008 2121 1363 2192 παραθέσεως
1423 2119 1523 2187 τὴν
1570 2118 1681 2170 τῶν

131 2214 308 2269 πάλαι
339 2215 492 2282 πρὸς·
519 2214 588 2267 τά
633 2212 727 2267 νῦν
787 2214 1117 2283 όμοιότητα’
1176 2210 1342 2280 φαίην
1392 2210 1439 2263 δ’
1487 2210 1552 2263 άν
1589 2207 1683 2260 καὶ

135 2305 314 2372 μείζω
343 2305 438 2373 τὴν
462 2304 556 2357 νῦν
595 2304 870 2374 εὑρίσκειν
905 2305 1123 2369 κακίαν,
1166 2301 1200 2373 ἢ
1231 2283 1377 2355 κατᾶ
1398 2302 1493 2363 τὰς
1517 2300 1682 2369 θρυλ-

128 2395 404 2463 λουμένας
429 2397 538 2448 τῶν
561 2396 728 2461 πάλαι
751 2412 767 2425 ·
805 2396 1040 2463 παρόσον
1081 2395 1176 2462 τῆς
1221 2393 1342 2444 τότε
1400 2391 1683 2460 Ῥωμαίων

130 2484 315 2554 ἀρχῆς
371 2480 672 2554 εὐρυτέρας
709 2483 876 2552 οὔσης
917 2487 974 2536 ὲν
1019 2484 1232 2552 ⁴ίιπείρῳ
1274 2483 1367 2535 καὶ
1419 2483 1683 2551 θαλάσσῃ,

127 2576 234 2628 καὶ
267 2577 450 2643 σοφῶν
476 2575 683 2646 ἀνδρῶν
707 2576 954 2645 πανταχῆ
989 2577 1084 2645 τῆς
1140 2573 1464 2642 οίκουμένης
1501 2576 1685 2641 ἀκμα-

127 2668 362 2730 ζόντων.
396 2668 490 2719 καὶ
543 2667 756 2722 πάντων
792 2669 890 2737 μὲν
926 2666 1276 2736 πατριαρχῶν
1338 2667 1543 2736 σχεδὸν,
1591 2666 1686 2717 καὶ

129 2756 458 2809 δπισκόπων
509 2756 618 2824 τῶν
668 2758 953 2822 πλείστων,
1025 2757 1252 2826 ἑχόντων
1308 2756 1446 2823 μετὰ
1499 2755 1684 2822 σοφίας

127 2847 406 2914 ἀνάλογον
430 2848 522 2900 καὶ⁵
548 2847 645 2917 τὴν
678 2835 741 2904 ἓν,
773 2848 1002 2916 δόγμασι
1032 2850 1246 2915 πεῖραν,
1273 2846 1347 2907 ὡς
1393 2845 1536 2912 ἔχειν
1561 2847 1686 2905 τοὺς

123 2939 503 3007 διωκομένους
525 2938 786 2992 πλατεῖαν
813 2937 910 3007 τὴν
937 2939 1139 3007 χώραν,
1187 2940 1250 2990 ἐκ
1283 2937 1441 3004 τῆσδε
1473 2935 1569 3002 τῆς
1595 2935 1688 2987 πό-

122 3023 276 3090 λεως
305 3028 539 3095 ,φεύγειν
575 3029 655 3090 είς
683 3027 780 3097 τὴν
807 3029 1018 3097 ἑτέραν,
1048 3029 1304 3079 κάκεῖθεν
1362 3028 1442 3088 είς
1492 3027 1681 3093 άλλην,

125 3121 235 3172 καὶ
283 3118 436 3181 αὖθις
455 3118 665 3171 ἐκεῖθεν
707 3119 990 3185 ἐντεῦθεν·
1028 3116 1117 3168 καὶ
1169 3113 1422 3168 δύνασθαι
1466 3097 1557 3168 τού
1589 3120 1686 3183 μὲν

119 3209 260 3270 ἑνὸς
305 3208 698 3270 κινδυνεύοντος
726 3207 948 3276 μέρους,
972 3206 1079 3258 τῶν
1105 3206 1148 3258 δ’
1192 3207 1367 3260 ἄλλων
1416 3207 1681 3272 ὑγιαινὸνο

119 3316 247 3353 των
277 3297 357 3350 let
397 3299 491 3351 καὶ
545 3298 972 3365 ἀνθισταμένων,
1037 3295 1345 3363 ἐγείρεσθαι
1377 3297 1436 3347 τὸ
1471 3312 1684 3350 πεπτω-

120 3392 256 3459 κός.
294 3388 410 3440 Νῦν
443 3387 487 3442 δ’
520 3391 578 3440 ἑν
611 3391 755 3456 μόνῳ
778 3387 854 3456 τῷ
883 3387 1165 3454 Βυζαντίῳ
1192 3387 1380 3456 σχεδὸν
1402 3387 1500 3452 τῆς
1532 3384 1680 3446 ἐξου-

113 3484 258 3543 σίας
292 3478 689 3549 καθισταμένης
713 3479 948 3545 ἁπάσης,
969 3477 1377 3547 πατριαρχικῶν
1407 3477 1454 3529 δ’
1482 3476 1681 3543 ἐκκλη-

109 3571 271 3626 σιῶν
301 3573 398 3625 καὶ
436 3569 830 3636 δπισκοπικῶν,
856 3571 1035 3637 ὀλίγον
1061 3571 1163 3624 δέω
1196 3570 1376 3637 λέγειν
1430 3569 1677 3633 ἁπασῶν,

109 3641 445 3732 γενομένων
482 3663 574 3730 ὑφ’
597 3662 825 3732 ἡγεμόσι
884 3661 1200 3732 βαρϐάροις,
1243 3662 1338 3714 καὶ
1365 3661 1454 3713 διά
1508 3658 1681 3711 ταῦτα

106 3756 242 3810 τῶν
259 3754 567 3807 διωκόντων
589 3756 724 3822 όμοῠ
757 3754 850 3807 καὶ
878 3755 1241 3821 διωκομένων,
1271 3752 1467 3804 ταυτὸν
1509 3750 1556 3802 δ’
1604 3751 1681 3800 εξ-

104 3848 256 3898 πιῖν
279 3844 460 3897 λύκων
487 3842 622 3909 ὁμοῦ
649 3841 742 3892 καὶ
763 3840 984 3907 ἀρνίων,
1009 3842 1066 3892 ὲν
1097 3839 1303 3908 μάνδρᾳ
1336 3839 1453 3906 μιᾷ,
1483 3838 1559 3903 τῷ
1577 3835 1680 3889 Βυ-

105 3935 336 4004 ζαντίῳ
366 3935 532 4002 φημὶ,
559 3930 1040 4000 συγκλεισθέντων,
1073 3930 1209 4006 μετὰ
1243 3927 1442 3995 πολλῆς
1496 3926 1677 3987 ἀδείας

99 4029 184 4082 τὸ
211 4026 309 4080 τοῦ
339 4024 575 4094 Χριστοῦ
609 4021 914 4077 δαπανᾶται
961 4020 1235 4088 ποίμνιον,
1287 4016 1515 4087 μηδενὸς
1574 4035 1677 4086 μη-

100 4119 280 4190 δαμῆ
339 4116 613 4186 μηδεμίαν
657 4112 980 4180 καταφυγὴν
1036 4097 1252 4187 ἀσφαλῆ
1319 4109 1674 4179 κεκτημένου,

101 4209 262 4282 μηδ’
291 4211 350 4262 ιν
367 4209 510 4279 ψυχῇ
531 4205 719 4259 λαϐεῖν
746 4204 990 4258 ὁπωσοῦν
1029 4203 1325 4272 δυναμένου
1354 4202 1415 4254 τὸ
1466 4198 1673 4254 εὔελπι.

98 4305 245 4360 Καὶ
289 4301 501 4367 γίνεται
531 4297 590 4350 τό
618 4298 850 4366 πρᾶγμα
884 4292 1063 4362 πολλῷ
1120 4292 1421 4360 βιαιότερον
1467 4290 1584 4354 νῦν,
1638 4289 1671 4357 ἢ

91 4391 272 4447 κατὰ
301 4400 305 4412 '
337 4390 430 4440 τὺν
841 4382 1009 4452 μῦθον
1063 4381 1285 4442 ἐκείνον,
1335 4372 1380 4446 ᾧ
1425 4378 1516 4430 ἐπὶ
1550 4393 1673 4430 και-

91 4477 226 4549 ροῦ
271 4473 552 4534 Βασίλειος
610 4472 640 4524 δ
701 4465 1206 4542 μέγαςρ.,ὲχρήσατο
1256 4467 1671 4536 ι’παραδείίγματι

83 4567 266 4639 πρὸς
334 4565 672 4635 παράστασιν
728 4561 828 4633 τῆς
887 4562 1178 4634 θηριωδίας
1233 4561 1338 4614 τῶν
1374 4561 1492 4614 τότε
1540 4561 1665 4614 διω-
1705 4573 1755 4630 ι)

85 4658 380 4764 “51".,
661 4748 676 4764 .
769 4748 796 4762 -
1112 4671 1182 4764 .J

186 4749 285 4806 Η.
319 4749 480 4806 Ἐπεὶ
508 4748 684 4803 δδκαὶ
734 4748 836 4819 τῆς
899 4749 966 4800 δι’
1016 4743 1239 4814 ὀνείρων
1288 4743 1681 4812 ἠναγκάσμεθά

83 4856 249 4902 πως
275 4843 544 4911 μαντικῆς
580 4839 672 4894 ὑπ’
732 4839 910 4893 αὐτῶν
935 4839 1024 4891 διὰ
1061 4839 1281 4906 μνήμης
1341 4837 1510 4888 ἐλθεῖν
1544 4837 1678 4906 (59),
1707 4907 1710 4910 ,

75 4936 178 4992 δι’
223 4928 305 4987 ὧν
344 4934 424 4994 είς
449 4932 519 4985 τά
555 4931 790 5001 μάλιστα
841 4931 940 4998 τῆς
1000 4929 1094 4979 τοῦ
1141 4930 1401 4998 βασιλέως
1457 4928 1681 4996 γνώμης

76 5030 228 5098 τὴν
258 5022 514 5077 εὐκολίαν
542 5011 841 5090 ιξίπλῖηξάν
862 5037 923 5072 τε
959 5020 1155 5090 ῥᾳδίως
1184 5018 1280 5070 καὶ
1313 5018 1677 5087 ὑπηγάγοντο,

76 5121 260 5192 φέρε
327 5116 422 5168 καὶ
476 5113 603 5182 περὶ
650 5113 854 5164 τούτων
901 5110 1098 5174 μέτρια
1143 5108 1410 5176 λέξωμεν,
1459 5111 1552 5161 καὶ
1581 5109 1681 5162 ὅσα

75 5206 278 5274 παρὰ
311 5201 408 5254 τοῦ
435 5197 786 5269 προτεθέντος
833 5195 1031 5263 άρτῐως
1077 5195 1207 5262 ἡμῖν
1266 5195 1346 5254 είς
1375 5196 1681 5266 ἀρχέτυπον

75 5293 462 5365 ἀφηγήσεως
486 5287 769 5344 Βασιλείου
795 5284 889 5337 τοῦ
942 5284 1085 5335 θείου
1117 5281 1469 5350 ὲρανίσασθαι
1514 5285 1678 5354 δυνη-

73 5389 158 5441 ba
176 5388 358 5452 ιημεν
384 5381 638 5444 άν.·Τοὺς
665 5380 773 5448 γάρ
801 5368 992 5438 ἄλλους
1025 5374 1122 5428 διὰ
1143 5373 1446 5442 συντομίαν
1498 5377 1679 5446 παρή.

1843 1941 1952 1999 VII.
1986 1942 2054 2000 Et
2102 1945 2233 2015 quid
2260 1961 2481 2003 necesse
2527 1953 2612 2002 est
2655 1946 2794 2000 velle
2842 1946 3026 2002 omnia
3070 1937 3320 2017 persequi

1781 2033 2074 2104 sigillatim,
2108 2050 2228 2104 quae
2270 2037 2571 2106 quilegunt
2612 2037 2771 2093 facile
2795 2038 2896 2108 ipsi
2932 2045 3157 2106 possunt
3193 2051 3316 2091 cum
3420 2097 3422 2100 _

1782 2123 1944 2178 rebus
1971 2123 2240 2190 conferre,
2283 2135 2340 2179 ut
2368 2127 2666 2194 priscarum
2703 2141 2825 2180 cum
2865 2126 3148 2182 hodiernis
3169 2127 3322 2181 simi-

1781 2213 1953 2270 litudo
1987 2232 2052 2270 ex
2082 2216 2486 2285 comparatione
2511 2217 2838 2287 colligatur:
2873 2217 3004 2276 into.
3033 2218 3209 2271 ausim
3240 2219 3324 2272 di-

1781 2318 1926 2369 cere,
1956 2314 2016 2374 ut
2045 2308 2216 2374 majus
2241 2306 2401 2360 hodie
2430 2307 2630 2361 malum
2658 2311 2891 2376 grassari
2935 2308 3321 2376 comperiantur,

1782 2410 1942 2465 quam
1968 2398 2168 2452 fuerint
2191 2412 2373 2453 vetera
2405 2409 2461 2452 et
2507 2401 2822 2470 pervulgata
2873 2400 2961 2454 illa
2989 2416 3005 2458 :
3039 2409 3322 2468 propterea

1783 2489 1927 2555 quod
1987 2487 2054 2540 iis
2109 2488 2469 2557 temporibus,
2526 2504 2648 2558 cum
2688 2489 2988 2542 Romanum
3039 2487 3319 2554 imperium

1786 2585 1926 2630 terra
1949 2586 2004 2631 et
2034 2579 2168 2630 mari
2194 2578 2759 2647 latiusjporrigeretur,
2784 2576 3054 2644 etubique
3079 2578 3319 2644 gentium
3343 2608 3345 2610 -

1785 2667 1887 2719 viri
1916 2667 2061 2721 docti
2108 2666 2388 2731 ﬂorerent,
2418 2667 2738 2736 patriarchae
2767 2677 2946 2721 autem
2976 2667 3089 2720 fere
3113 2674 3320 2723 omnes.

1782 2769 1839 2811 et
1867 2758 2105 2828 episcopi
2143 2759 2411 2828 plerique,
2464 2759 2673 2830 1034
2713 2758 3021 2812 eruditione
3063 2759 3211 2825 juxta
3258 2772 3324 2809 ac

1785 2849 2095 2918 dogmatum
2143 2864 2245 2902 usu
2297 2857 2636 2914 praestarent.
2679 2849 2933 2916 patebant
2983 2847 3319 2916 fugientibus

1787 2955 1975 3008 magna
2014 2940 2257 2994 locorum
2290 2941 2481 3008 spatia,
2505 2949 2563 2992 ut
2590 2939 2726 3008 pulsi
2775 2940 2876 2992 hac
2909 2939 3042 2990 urbe
3065 2938 3135 2994 ju
3162 2936 3320 2989 aliam
3387 2981 3390 2984 λ

1786 3028 2052 3096 fugerent,
2091 3039 2143 3081 et
2169 3029 2292 3082 inde
2323 3031 2376 3080 in
2406 3029 2589 3089 aliam,
2621 3038 2675 3087 et,
2709 3040 2899 3080 rursus
2923 3025 3046 3079 inde
3096 3025 3354 3077 aliover-/

1786 3136 1904 3175 sum
1938 3137 1950 3171 :
1986 3121 2256 3187 adeoque,
2307 3120 2353 3171 si
2389 3133 2514 3186 pars
2547 3132 2652 3170 una
2689 3116 3002 3180 laboraret,
3042 3115 3173 3166 alite
3191 3128 3323 3165 vero

1787 3212 1967 3281 adhuc
1990 3212 2232 3266 valerent
2263 3224 2325 3264 ac
2353 3202 2685 3272 resisterent,
2719 3215 2898 3276 posset
2924 3203 3056 3274 erigi
3091 3203 3142 3255 id
3177 3202 3322 3271 quod

1783 3302 2091 3355 cecidisset.
2123 3301 2233 3354 Hoc
2269 3309 2447 3353 autent
2487 3308 2750 3368 tempore,
2812 3310 2934 3349 cum
2991 3293 3326 3358 Ouinis..fero

1779 3391 2115 3460 principatus
2137 3392 2190 3442 in
2219 3392 2336 3443 solo
2364 3389 2617 3457 Byzantio
2634 3387 2905 3449 consistit,
2949 3400 3072 3438 cum
3098 3386 3325 3452 patriar-

1779 3482 1962 3534 cliales
1989 3480 2231 3534 ecclesia:
2250 3520 2264 3543 ,
2287 3489 2341 3532 et
2362 3478 2697 3547 episcopales
2743 3474 3139 3545 peuedixerim
3200 3473 3325 3526 uui-

1782 3586 1974 3634 versae,
2026 3569 2362 3640 principibus
2413 3568 2657 3622 barbaris
2725 3566 3128 3636 subjiciuntur;
3166 3575 3333 3632 atque

1782 3663 2383 3733 idcircolpersecutores
2409 3659 2570 3713 simul
2605 3668 2658 3712 et
2691 3657 2727 3711 ii
2761 3657 2850 3725 qui
2880 3656 3316 3724 persecutionem

1779 3755 2076 3824 patiuntur,
2105 3766 2223 3812 seu,
2246 3751 2389 3818 quod
2434 3751 2575 3802 idem
2608 3759 2710 3808 est.
2762 3746 2886 3814 lupi
2935 3745 3243 3814 promiscue
3273 3751 3330 3814 et
3363 3777 3367 3780 -

1779 3844 1905 3912 agni
1939 3844 1990 3895 in
2019 3840 2210 3895 eodem
2235 3839 2389 3903 ovili,
2429 3837 2688 3908 Byzantio
2724 3838 2880 3902 urbe,
2937 3835 3286 3891 includuntur
3309 3873 3326 3896 ,

1778 3936 1880 3990 hoc
1904 3935 2122 4010 inquam
2157 3943 2395 4002 tempore
2413 3947 2544 3986 oves
2566 3929 2766 3985 Christi
2798 3944 2988 3999 magna
3015 3943 3137 3983 cum
3155 3928 3331 3982 licens

1781 4031 1853 4086 tia
1887 4027 2298 4097 disperduutur,
2335 4027 2463 4095 quia
2503 4025 2653 4078 nulla
2685 4033 2858 4078 tutqu
2888 4037 3115 4090 usquam
3139 4019 3328 4089 perfu-

1775 4120 1921 4188 gium
1954 4117 2136 4179 habet,
2179 4131 2278 4170 nec
2300 4131 2449 4184 spem
2477 4117 2668 4168 bonam
2703 4112 2994 4181 concipere
3029 4112 3138 4163 ullo
3168 4108 3328 4161 modo

1776 4216 1969 4276 potest.
1997 4208 2074 4258 Ita
2109 4207 2188 4269 fit,
2223 4215 2279 4258 ut
2304 4204 2562 4258 violentia
2589 4204 2756 4257 multo
2801 4217 2949 4255 nunc
2987 4201 3183 4268 .major
3229 4214 3362 4252 εει--

1770 4301 1905 4359 viat,
1931 4311 2093 4366 quam
2127 4305 2185 4349 ut
2208 4305 2458 4349 narratur
2495 4281 2559 4357 in
2589 4294 2678 4347 illa
2721 4291 2912 4360 Αἰδορί
2961 4291 3166 4352 fabula,
3214 4306 3322 4358 qua

1773 4403 1998 4457 magnus
2021 4385 2252 4440 Basilius
2277 4385 2331 4438 in
2367 4394 2609 4452 tempore
2637 4399 2767 4438 usus
2799 4391 2906 4442 est.
2939 4391 2995 4434 tit
3038 4381 3327 4434 immanem

1772 4483 2184 4553 persecutornm
2218 4472 2478 4528 srevitiam
2510 4481 2576 4526 eo
2603 4470 2851 4540 exemplo
2872 4469 3195 4525 declararet.

1855 4734 1990 4790 Vill.
2020 4734 2282 4800 Quoniam
2317 4748 2446 4787 vero
2468 4732 2586 4801 ejus
2620 4731 2790 4800 ipsius
2819 4743 2977 4799 quam
3006 4726 3208 4782 habent
3228 4741 3327 4797 per

1783 4828 1992 4882 somnia
2018 4827 2295 4881 divinandi
2329 4823 2604 4878 facultatis
2648 4823 2976 4876 mentionem
3013 4821 3194 4877 facere
3227 4837 3322 4876 co-

1781 4922 1888 4976 acti
1923 4919 1991 4973 ab
2017 4919 2346 4980 illissumus,
2371 4931 2476 4983 qua
2533 4914 2870 4982 potissimum
2931 4927 2991 4968 re
3043 4912 3320 4968 credulam

1783 5009 2129 5081 imperatOris
2157 5016 2391 5060 mentem
2428 5004 2588 5058 facile
2620 5003 3012 5073 perculerunt,
3071 5018 3136 5058 ac
3172 5003 3322 5056 velut

1781 5103 2040 5157 domitam
2065 5099 2530 5170 snbegerunt,age
2559 5097 2628 5151 de
2649 5097 2734 5150 bis
2776 5097 2939 5150 etiam
2966 5109 3132 5163 pauca
3161 5107 3194 5146 a
3225 5107 3322 5146 no-

1783 5195 1863 5248 l-is
1905 5191 2194 5254 dicantur;
2234 5206 2297 5246 ea
2341 5190 2571 5252 scilicet,
2611 5203 2733 5257 que
2773 5203 2840 5241 ex
2869 5194 3054 5240 sancto
3099 5183 3321 5247 Basilio,

1779 5300 1940 5355 quem
1992 5283 2147 5337 nobis
2203 5285 2256 5338 in
2303 5282 2389 5336 bis
2427 5281 2589 5355 rrbus
2638 5275 2953 5330 enarrandis
2999 5275 3322 5330 imitandum

1780 5376 1944 5430 modo
1971 5375 2374 5444 proposuimus,
2432 5381 2722 5437 corrogare
2774 5365 3009 5422 licuerit.
3045 5366 3178 5422 Nam
3218 5379 3320 5419 caeo

1459 5493 1776 5554 i’ariorum
1809 5501 1992 5562 nuta)-

177 5601 313 5679 (_39)
341 5598 609 5679 Gregoras
638 5601 744 5654 hoc
769 5599 888 5679 loco
910 5596 1224 5679 .Palamitas
1253 5603 1424 5679 n’otat,
1457 5604 1516 5649 ut
1544 5611 1671 5679 pro-
1716 5655 1722 5662 ,

65 5701 113 5754 ρ
125 5662 254 5754 τῆς
279 5662 510 5749 Somniis
535 5669 790 5754 intlentos.
814 5669 1010 5754 {it-ipsi
1033 5662 1529 5754 quoquelGrggorrc-

60 5732 347 5812 iutheus
374 5734 675 5810 patriarcha
705 5732 988 5795 Autirrhét.
1049 5732 1296 5800 ﬁxit,cod.
1339 5732 1469 5803 Reg.
1509 5736 1664 5796 1996.

1375 5913 1524 5950 --,\\

1527 5949 1550 5960 χ

1772 5596 1867 5652 fol.
1895 5596 2021 5659 297,
2047 5596 2294 5653 eumdem
2324 5592 2568 5647 morbum
2596 5591 2815 5659 objicit;
2851 5603 2956 5659 qua
2978 5587 3044 5644 de
3074 5600 3130 5641 re
3157 5585 3314 5657 plura

1775 5681 1874 5723 nos
1904 5683 2066 5738 supra
2099 5669 2152 5723 in
2187 5667 2300 5720 Vita
2336 5664 2606 5735 Gregorte.
2634 5664 2841 5718 Borvta.
