4038 6340
666 414 807 481 1315
886 496 892 500 ἢ
940 408 1021 484 [ι.
1057 421 1116 465 ι.
1151 408 1309 476 6859,
1339 383 1538 482 ulmi]
1621 393 1631 403 ’

1813 409 2235 474 NICEPHORI
2271 410 2649 473 GREGORA!
2711 443 2718 446 -ν

3723 395 3862 466 I3l6

2864 414 2867 417 '
2958 405 3092 478 [ιιιν.
3133 420 3178 460 ι.
3217 416 3504 459 mancus.
3543 399 3602 472 δι

660 496 905 582 obsecuti
935 538 1058 578 eum
1105 521 1318 578 Palama
1361 523 1446 578 sic
1471 485 1678 594 egistis,
1714 503 1950 593 eumque
2011 521 2203 592 iisdem

2311 523 2472 592 ὐμεῐς
2507 523 2689 594 εκείνη
2735 524 2801 592 τῇ
2852 522 2970 591 θείᾳ
3007 520 3101 573 καὶ
3143 516 3501 587 οίκουμενικῇ
3539 516 3649 571 τῶν
3681 516 3862 594 [leri-

639 613 1062 675 .cenditionibns
1089 603 1403 681 recepistis;
1425 615 1536 683 jam
1566 629 1688 678 vos,
1738 609 1943 684 scripta
1971 614 2063 668 illa
2109 627 2208 682 pa-

660 703 769 760 lam
795 703 1152 774 proferentes,
1174 702 1413 756 animum
1443 719 1503 758 re
1525 703 1816 765 declarate.
1865 713 2028 759 etme
2054 702 2210 781 vobis

661 795 1094 848 consentientem
1125 793 1398 848 habetote.
1435 793 1592 859 Quod
1626 794 1672 848 si
1703 804 1758 848 et
1785 794 2002 864 praemia
2029 792 2210 846 distri-

662 883 814 947 buta,
849 893 905 936 et
939 885 1152 936 mensis
1175 883 1531 951 imperatoria
1561 881 1738 946 lu’xus,
1763 892 1820 937 et
1869 882 2014 951 larga
2042 896 2210 951 pecn-

660 970 767 1022 uim
800 968 955 1036 cepis
991 968 1044 1021 in
1095 977 1310 1022 vestros
1337 971 1581 1046 sacculos
1627 969 1827 1040 jugiter
1865 969 2108 1025 deﬂuens
2151 980 2221 1043 et.

661 1059 925 1122 animum,
953 1072 1014 1109 ea
1049 1045 1329 1123 partequa
1359 1058 1613 1125 gaudium
1641 1058 1830 1122 sentit,
1856 1057 2051 1112 blande
2090 1059 2232 1111 alli-r

663 1148 847 1211 ciens;
880 1147 924 1200 si
953 1147 1187 1213 denique
1218 1148 1300 1215 (ut
1325 1157 1380 1201 et
1405 1147 1509 1200 hoc
1526 1146 1809 1216 addamus)
1844 1147 2000 1200 ofﬁcii
2055 1134 2210 1217 igne-

661 1239 800 1293 ratio
830 1249 886 1293 et
937 1237 1153 1292 inscitia
1181 1237 1333 1290 vobis
1365 1246 1774 1306 persuaserunt,
1808 1237 1965 1291 facile
1997 1249 2056 1290 ut
2105 1237 2210 1291 Pa-

663 1341 806 1383 trum
829 1309 1086 1400 dogmata
1098 1328 1386 1396 ejuraretis
1409 1329 1889 1382 etconstitutarum
1912 1329 2086 1400 legum
2111 1344 2209 1382 no-

662 1422 926 1474 bilitatem
954 1418 1108 1489 parvi
1139 1418 1421 1482 faceretis;
1454 1418 1557 1473 boc
1597 1418 1809 1482 scitote,
1857 1417 2007 1473 nullo
2047 1429 2207 1488 pacto

660 1507 779 1562 ﬁeri
800 1506 1184 1575 posse,utulla
1208 1516 1442 1574 linquam
1466 1495 1611 1559 inter
1637 1521 1743 1559 nos
1766 1501 2016 1559 common
2042 1521 2076 1559 ο
2101 1507 2205 1571 sit;

661 1613 771 1652 non
803 1573 972 1666 magis
1011 1573 1239 1658 scilicet,
1294 1573 1454 1664 quam
1480 1605 1577 1648 aut
1633 1595 1741 1648 laci
1771 1610 1896 1649 cum
1933 1595 2206 1661 tenebris,

662 1695 756 1740 aut
785 1685 1065 1741 serenitati
1087 1701 1211 1739 eum
1243 1684 1513 1738 szevientis
1549 1683 1720 1752 pelagi
1755 1684 2030 1741 ﬂuctibus.

732 1865 819 1921 lii.
854 1865 922 1920 At
950 1865 1028 1918 illi
1056 1880 1158 1919 nec
1180 1863 1379 1918 libellis
1404 1877 1541 1934 Opus
1568 1876 1691 1917 esse
1717 1862 1772 1916 in
1796 1862 2071 1931 praesenti,
2101 1878 2203 1918 nec
2235 1846 2276 1900 Β

665 1957 791 2012 talia
816 1971 962 2010 nunc
992 1955 1254 2023 exigenda
1283 1956 1350 2008 ab
1378 1970 1436 2009 se
1461 1954 1699 2009 aiebant.
1732 1955 1865 2009 Nam
1894 1952 2038 2025 quod
2073 1952 2206 2022 ipsis

665 2049 1019 2117 approbatum
1059 2046 1446 2113 decretumque
1473 2056 1637 2110 esset,
1664 2044 1719 2098 id
1752 2044 1926 2114 legem
1949 2058 2070 2099 esse
2091 2059 2209 2098 onl-

654 2135 828 2192 ‘nibus
870 2138 1069 2196 libellis
1115 2137 1428 2198 firmiorem.
1464 2133 1616 2201 Quod
1666 2127 1732 2190 ad
1789 2151 1926 2198 nova
1965 2135 2202 2200 decreta,

666 2245 786 2298 quae
829 2226 1198 2297 scripsissent,
1233 2237 1289 2281 et
1334 2227 1399 2280 ad
1453 2227 1697 2296 synodici
1746 2225 1900 2280 Tomi
1938 2227 2205 2280 constitu-

665 2313 843 2372 tiones
872 2319 1162 2380 attineret;
1193 2332 1257 2370 ea
1300 2316 1425 2386 quia
1460 2333 1566 2370 non
1600 2316 1928 2380 attulissent,
1959 2330 2019 2369 se
2064 2318 2208 2386 ipsos

667 2408 1007 2470 incusabant,
1035 2417 1090 2460 et
1117 2407 1232 2472 ejus
1261 2407 1339 2460 rei
1370 2408 1582 2476 culpam
1613 2406 1963 2462 conferebant
1990 2406 2042 2458 in
2071 2406 2207 2460 obii.

668 2498 908 2561 tionem,
937 2497 1093 2564 cujus
1123 2505 1361 2564 potestas
1393 2495 1600 2550 summa
1636 2505 1692 2550 et
1722 2495 1997 2565 tyrannica
2030 2505 2202 2562 esset;

670 2601 833 2656 alque
869 2588 918 2640 id
957 2597 1235 2656 peccatum
1274 2597 1489 2655 postera
1532 2588 1621 2642 die
1659 2600 1999 2644 correcturos
2031 2601 2091 2643 se
2126 2587 2208 2642 af-

670 2682 880 2732 ﬁrmate
911 2677 1320 2747 promittebant.

741 2770 846 2822 Η..
889 2766 1174 2826 Enimvero
1224 2769 1482 2837 negabam
1531 2784 1630 2838 ego
1681 2768 1875 2822 rationi
1921 2777 2206 2823 consenta-

673 2875 832 2913 neum
863 2873 1002 2921 esse,
1041 2868 1133 2910 aut
1178 2857 1302 2910 aliis
1339 2861 1630 2912 convenire
1673 2867 2030 2927 praeterquam
2066 2859 2206 2922 istis,

675 2948 937 3016 ejusmodi
965 2949 1126 3002 verba
1157 2949 1374 3017 allerre,
1408 2951 1528 3018 Quae
1569 2965 1695 3005 aere
1737 2966 1990 3019 percusso
2026 2951 2204 3004 statim

675 3042 1096 3104 evanescerent;
1144 3037 1254 3093 imo
1289 3040 1379 3095 illa
1427 3041 1663 3102 decreta,
1713 3042 1866 3109 prius
1899 3056 2058 3108 quam
2104 3039 2205 3109 ipsi

2309 629 2421 682 ρων
2446 613 2648 683 συνόδῳ
2679 612 2746 665 τὰ
2768 614 2926 680 ὃμοια
2955 611 3092 664 κάπὶ
3128 611 3206 681 τῷ
3247 608 3479 677 Παλαμᾷ
3508 605 3862 676 παπράχατε.

2309 702 2451 754 κάπὶ
2493 703 2606 766 τοῖς
2651 702 2858 771 ὁμοίοις
2908 701 3069 769 αύτὸν
3095 697 3367 762 ἐδέξασθε,
3405 696 3590 765 ιργοις
3622 693 3763 763 ὴιὶῐν
3793 695 3865 746 τὰ

2313 793 2413 858 τῆς
2444 791 2671 865 ,γνώμης
2710 788 3034 854 ινδείεασθε,
3074 787 3356 859 παρρησίᾳ
3409 785 3478 837 τά
3520 784 3866 851 γράμματα

2308 879 2566 947 φέροντες
2583 894 2597 909 ⁸
2623 882 2716 931 καὶ
2743 878 2996 946 όμόφρων
3026 877 3154 944 ὑμίν
3181 875 3396 942 Ξσομαι.
3421 873 3484 925 Εἰ
3510 870 3567 923 δὲ
3601 872 3866 938 διανομαὶ

2307 969 2486 1038 γερῶν
2532 969 2626 1020 καὶ
2675 967 2961 1043 βασιλικῆς
3007 965 3285 1035 τραπέζης
3311 962 3490 1033 τρυφή
3514 961 3610 1014 καὶ
3633 961 3865 1030 χρημά-

2306 1074 2416 1110 των
2441 1059 2670 1124 ἄφθονος
2700 1057 2931 1126 χορηγία
2965 1055 3347 1124 συνεχέστερον
3377 1051 3709 1119 ἀντλουμένη
3742 1053 3866 1110 τοῖς

2315 1144 2617 1213 βαλανείοις
2647 1147 2801 1213 ὑμῶν
2836 1147 2931 1198 καὶ
2964 1147 3025 1196 τὸ
3071 1147 3256 1213 χαῖρον
3279 1143 3375 1210 τῆς
3403 1140 3576 1210 ψυχῆς
3602 1139 3864 1191 ἐντεῦθεν

2305 1237 2666 1305 ἐφελκομένη,
2699 1237 3042 1306 προσκείιθω
3074 1236 3119 1288 δ’
3151 1237 3269 1302 ἀμα
3301 1237 3389 1297 καὶ
3416 1234 3521 1285 τῶν
3546 1230 3863 1300 προσηκόν-

2305 1340 2413 1376 των
2443 1327 2663 1394 ἀπειρία
2713 1325 2850 1394 μετὰ
2876 1325 2975 1391 τῆς
3016 1323 3274 1392 ἀμαθίας,
3306 1321 3500 1391 ῥᾳδίως
3530 1317 3864 1386 ἑξόμνυσθαι

2258 1423 2262 1426 ’
2303 1415 2374 1466 τά
2410 1417 2620 1483 πάτρια
2659 1415 2890 1484 πέπεικε
2913 1413 3154 1481 δόγματα
3177 1413 3271 1464 καὶ
3294 1409 3393 1480 τὴν
3420 1409 3527 1460 τῶν
3573 1404 3864 1458 καθεστώ-

2304 1522 2414 1558 των
2440 1506 2684 1574 νομίμων
2739 1503 3021 1572 φαυλίζειν
3073 1502 3374 1570 εὐγένειαν,
3409 1499 3603 1552 εἰδέναι
3643 1496 3862 1567 χρεὼν,

2304 1594 2382 1656 ὡς
2411 1595 2584 1657 οὐδεὶς
2625 1597 2754 1663 ἡμῖν
2799 1595 3006 1664 οὐδαμῆ
3043 1611 3180 1646 ποτε
3238 1591 3522 1650 κοινωνίας
3569 1590 3863 1654 ἐγγίνεται

2254 1735 2260 1742 .
2304 1686 2527 1754 τρόπος.
2558 1688 2671 1756 Οὐχ
2705 1681 2866 1758 ἦττον
2898 1688 3005 1754 γὰρ
3026 1685 3090 1738 ἂν
3114 1681 3148 1756 ᾖ
3175 1684 3315 1753 φωτὶ
3343 1682 3478 1752 πρὸς
3518 1681 3732 1742 σκότος,
3759 1680 3866 1732 καὶ

2304 1775 2515 1849 γαλήνῃ
2539 1778 2679 1847 πρὸς
2700 1779 3042 1838 διαποντίους
3061 1776 3360 1836 κλύδωνας.

2371 1867 2411 1918 Γ
2432 1906 2446 1920 .
2489 1868 2718 1920 Ἐκεῖνοι
2775 1867 2874 1936 μὲν
2904 1865 2998 1921 οὖν
3037 1868 3114 1937 μὴ
3167 1867 3353 1937 χρείαν
3412 1859 3550 1918 εἶναι
3588 1861 3862 1915 λιϐιλλων

2304 1954 2512 2022 ἔφασαν
2544 1956 2807 2022 ἐνταυθοῖ,
2840 1958 2971 2027 μηδὲ
3017 1957 3275 2011 τοιούτων
3323 1957 3503 2024 σφίσιν
3555 1956 3861 2025 ἀπαίτησιν

2307 2045 2421 2099 νῦν.
2451 2046 2634 2116 Νόμον
2666 2049 2773 2116 γάρ
2804 2045 2942 2100 είναι
2995 2047 3252 2101 λιδέλλων
3273 2048 3530 2117 ἁπάντων
3560 2049 3861 2116 στερῤὁτε-

2303 2156 2398 2208 ρον
2424 2141 2484 2191 τὸ
2517 2141 2665 2205 σφίσι
2704 2141 3019 2208 δεδεγμένον
3051 2156 3110 2193 τε
3151 2143 3244 2194 καὶ
3266 2140 3603 2209 δεδογμένον.
3638 2140 3780 2208 Περὶ
3811 2138 3861 2192 δ’

2303 2226 2378 2282 ὢν
2408 2231 2593 2292 αὐτοῖς
2619 2231 2928 2298 γέγραπται
2958 2232 3050 2284 νέα
3072 2231 3414 2300 ψηφίσματα,
3455 2230 3549 2283 καὶ
3571 2247 3861 2301 τομογρα-

2305 2321 2479 2390 φικῶν
2525 2321 2899 2391 συνθημάτων,
2927 2322 3080 2373 αὐτοὶ
3114 2322 3324 2385 ἑαυτοῖς
3374 2323 3450 2391 μὴ
3495 2322 3859 2391 κεκομικόσιν

2303 2411 2609 2480 ἑμέμφοντό
2628 2429 2688 2465 τε
2716 2414 2814 2465 καὶ
2835 2415 2892 2475 ὲς
2917 2412 3016 2482 τὴν
3033 2411 3132 2482 τῆς
3153 2411 3321 2480 λήθης
3341 2409 3636 2479 αὐτόνομον
3654 2429 3859 2480 τυραν-

2309 2502 2423 2554 νίδα
2469 2501 2568 2571 τὴν
2617 2501 2711 2573 τοῦ
2763 2502 3068 2570 συμϐάντος
3117 2499 3446 2570 διαμαρτίαν
3482 2501 3782 2569 ἀνέφερον·
3824 2502 3858 2555 ὃ

2304 2576 2550 2663 διορθοῦν
2579 2591 2677 2662 τὴν
2707 2593 2994 2661 ὑστεραίαν
3025 2591 3228 2661 σφόδρα
3252 2593 3672 2660 ὲπηγγίλ).οντο.

2292 2813 2294 2815 -
2373 2775 2447 2827 Δ’.
2479 2773 2628 2842 Μηδὲ
2679 2773 2788 2842 γὰρ
2830 2767 2971 2827 εἶναι
3026 2773 3134 2825 τῶν
3173 2774 3412 2837 είκότων,
3440 2738 3579 2843 πλὴν
3600 2774 3851 2842 ἐκείνων,

2303 2863 2494 2935 λόγους
2518 2865 2654 2936 ὁμοῦ
2685 2865 2768 2935 τῷ
2804 2865 3063 2935 πληγέντι
3121 2864 3500 2933 δίαλυομένους
3543 2866 3666 2935 ἀέρι
3696 2871 3859 2935 κομίυ

2264 3030 2267 3032 Ι
2307 2958 2442 3022 ζειν,
2502 2957 2739 3024 ἔφασκον
2790 2957 2984 3024 ἐγωγε.
3014 2957 3244 3009 Μᾶλλον
3281 2956 3390 3024 γάρ
3449 2956 3518 3009 ἂν
3553 2957 3735 3018 ίκεῐνα
3789 2975 3856 3024 γα

2305 3047 2503 3118 χρῆναι
2556 3051 2729 3102 ποιεῖν
2792 3049 3028 3118 ἐμφανῆ,
3090 3049 3220 3116 πρὶν
3268 3047 3302 3117 ἢ
3361 3043 3602 3111 ἐκείνους
3629 3049 3854 3112 αὐτούς.

677 3137 1076 3196 comparerent,
1116 3131 1420 3198 oportuisse
1457 3131 1666 3202 ι,οω
1709 3146 1889 3185 coram
1938 3132 2204 3187 exhiberi.

2320 3139 2470 3193 Ἐπεὶ
2505 3141 2600 3192 καὶ
2654 3141 2722 3193 τὰ
2766 3137 2886 3192 θεῖα
2911 3140 3025 3200 τοῖς
3051 3138 3366 3200 ἀποστόλοις
3413 3139 3723 3204 Εὐαγγέλια
3749 3141 3856 3191 καὶ

677 3219 884 3287 Quippe
919 3220 1172 3288 (aiebam)
1212 3236 1312 3274 nec
1349 3222 1531 3275 divina
1570 3223 1854 3291 Evangelia
1893 3223 1962 3279 ab
1991 3232 2208 3292 aposto-

677 3311 766 3376 lis,
796 3325 898 3363 ucc
945 3296 1244 3377 sapientum
1275 3310 1530 3366 Ecclesia:
1563 3312 1862 3364 antistitum
1895 3312 2212 3380 praeceptio-

677 3416 798 3466 nes,
832 3416 932 3455 nec
962 3415 1112 3455 sacra
1142 3401 1390 3472 dogmata
1428 3401 1506 3456 sic
1535 3404 1733 3470 scripta
1763 3411 1912 3466 sunt,
1948 3413 2007 3458 ut
2037 3404 2091 3457 in
2126 3404 2211 3456 lu-

677 3506 796 3546 cem
818 3493 962 3545 edita
989 3490 1130 3544 haud
1158 3490 1392 3554 fuel-int;
1425 3506 1524 3546 nec
1546 3493 1622 3545 sic
1651 3491 1868 3560 quidem
1891 3491 2032 3546 edita
2064 3503 2212 3557 sunt,

679 3589 740 3630 ut
786 3581 944 3632 tacita
996 3580 1289 3644 latuerint;
1325 3581 1418 3634 sed
1446 3590 1503 3634 et
1549 3589 1660 3634 toto
1707 3581 1860 3646 orbe,
1892 3596 2213 3651 quacunque

682 3668 992 3723 habitabilis
1021 3679 1121 3734 est,
1152 3671 1515 3739 praedicantur
1560 3673 1679 3724 sine
1719 3672 1844 3737 line,
1875 3679 1951 3734 et,
1987 3673 2214 3728 mortuis

683 3757 753 3812 iis
779 3760 872 3828 qui
899 3761 1254 3828 scripserunt,
1284 3769 1600 3828 permanent
1642 3763 1836 3831 scripta
1869 3763 2212 3830 immortalia,

681 3852 875 3918 quovis
912 3851 1091 3919 cippo,
1132 3852 1466 3919 quibuslibet
1505 3853 1811 3908 simulacris
1841 3857 2164 3922 perenuiora
2197 3873 2216 3911 :

684 3953 858 4006 eaque
884 3955 994 3992 non
1023 3940 1198 3993 solum
1233 3941 1320 4004 iis,
1349 3942 1441 4010 qui
1476 3945 1722 4005 utuntur,
1746 3943 1927 3996 vivum
1960 3953 2014 3998 et
2046 3945 2214 3999 veluti

686 4030 975 4092 spirantem
1009 4028 1240 4082 fructum
1269 4030 1536 4096 aﬂ'eruut;
1563 4031 1656 4086 sed
1687 4041 1741 4086 et
1770 4033 2005 4097 illorum,
2040 4049 2068 4087 a
2093 4034 2217 4103 qui-

687 4121 790 4175 bus
816 4123 1011 4189 scripta
1041 4132 1190 4185 sunt,
1229 4123 1559 4178 voluntatem
1596 4122 1995 4194 ollitiosamque
2033 4128 2216 4194 provi-

686 4210 945 4264 dentiam.
977 4220 1254 4278 perpetuo,
1293 4221 1696 4279 repmsentant,
1754 4222 1810 4266 et
1860 4222 2042 4268 veram
2086 4216 2219 4284 ipsis

688 4300 1141 4354 immortalitatem
1177 4301 1441 4356 tribuunt.
1473 4303 1675 4372 Nempe
1707 4318 1769 4356 ea
1801 4315 1883 4358 est
1911 4315 2098 4369 natura
2131 4323 2217 4360 re-

689 4408 807 4446 rum
841 4393 1142 4458 sensilium,
1179 4404 1239 4447 ut
1270 4393 1394 4462 quia
1435 4393 1684 4447 sensibus
1716 4404 1951 4464 cognata:
1980 4404 2036 4449 et
2063 4397 2216 4465 quasi

2310 3225 2417 3277 τῶν
2444 3225 2621 3292 σοφῶν
2644 3227 2741 3294 τῆς
2757 3225 3080 3293 Ἐκκλησίας
3123 3225 3493 3293 μυσταγωγῶν
3515 3224 3574 3275 αί
3598 3224 3857 3278 διδασκα-

2309 3311 2421 3369 λίαι
2455 3317 2548 3369 καὶ
2574 3316 2642 3370 τά
2681 3316 2806 3386 ιερὰ
2834 3304 3078 3386 δόγματα
3115 3319 3422 3388 γέγραπται
3458 3321 3583 3388 μὲν,
3615 3319 3719 3372 οὐκ
3759 3323 3858 3373 ὲκ-

2311 3405 2518 3460 δέδοται
2540 3405 2596 3459 δέ
2615 3423 2630 3439 ·
2660 3409 2768 3460 οὐδ’
2794 3410 3064 3462 ὲκδέδοται
3096 3410 3214 3477 μὲν,
3240 3411 3574 3480 σεσιώπηται
3596 3411 3651 3466 δέ
3718 3413 3858 3466 sm

2312 3497 2508 3550 καὶδιά
2527 3499 2703 3566 πάσης
2720 3498 2819 3566 τῆς
2837 3501 3152 3569 οἰκουμένης
3168 3501 3255 3554 ἀεὶ
3275 3504 3619 3571 κηρύττεται,
3636 3505 3861 3558 καὶτῶν

2312 3591 2662 3658 γεγραφότων
2691 3581 2954 3644 θανόντων
2981 3593 3217 3645 ἀθάνατα
3245 3591 3394 3660 μένει
3420 3594 3487 3647 τὰ
3526 3595 3859 3665 γράμματα,

2315 3679 2512 3746 στήλης
2529 3677 2743 3757 ἀπάσης
2754 3679 2849 3731 καὶ
2869 3681 3193 3748 ἀνδριάντων
3215 3681 3463 3735 ἀπάντων
3479 3685 3681 3754 μακρῷ
3707 3703 3862 3755 μονι-

2316 3765 2558 3835 μώτερα,
2613 3766 2690 3834 μὴ
2741 3768 2900 3835 μόνον
2949 3762 3131 3831 ζῶσαν
3178 3772 3271 3822 καὶ
3313 3768 3553 3837 ἔμπνουν
3582 3780 3704 3826 τινά
3739 3777 3858 3839 τοῖς

2314 3857 2612 3924 χρωμένοις
2644 3857 2989 3925 παρεχόμενα
3023 3859 3122 3927 τὴν
3149 3858 3436 3927 ὠφέλειαν,
3471 3861 3605 3914 ἀλλά
3629 3865 3734 3915 καὶ
3759 3863 3862 3934 τὴν

2315 3946 2424 3997 τῶν
2475 3948 2827 4016 γεγραφότων
2875 3946 3193 4017 προαίρεσίν
3247 3965 3324 4024 τε
3363 3951 3460 4004 καὶ
3506 3951 3862 4024 οίκονομικὴν

2317 4036 2532 4089 σύνεσιν
2591 4035 2849 4104 διηνεκῶς
2905 4037 3257 4100 είκονίζοντα,
3312 4039 3406 4093 καὶ
3468 4039 3530 4092 τὸ
3585 4041 3864 4096 ἀθάνατον

2316 4124 2633 4194 ἔμπρακ-τόν
2665 4141 2819 4194 σφισι
2846 4127 3112 4182 διδόντων.
3147 4130 3357 4197 Πέφυκε
3376 4128 3496 4200 ’γάρ
3528 4132 3613 4186 ἀεὶ
3638 4136 3866 4203 χειροῦ-

2318 4216 2445 4268 σθαι
2474 4217 2615 4284 μετὰ
2643 4218 2921 4286 ῥᾳστώνης
2950 4223 3018 4272 τά
3055 4220 3285 4290 αἰσθητὰ
3314 4221 3414 4289 τὴν
3441 4223 3546 4274 τῶν
3597 4224 3867 4295 αἰσθητη-

2321 4307 2452 4377 ρίων
2489 4308 2791 4378 ἀντίληψιν,
2839 4308 2925 4362 διά
2978 4309 3038 4360 τὸ
3088 4311 3346 4377 συγγενὲς
3377 4313 3472 4364 καὶ
3521 4313 3744 4380 οίκεῐον,
3769 4317 3868 4368 καὶ

2319 4388 2512 4470 πεῖραν
2550 4402 2664 4467 ἃμα
2716 4400 2810 4452 καὶ
2839 4400 3139 4470 γνωστικὴν
3189 4402 3478 4472 ἐμπειρίαν
3531 4403 3867 4472 συνάγεσθαι

685 4481 980 4535 familiares
1013 4492 1158 4547 sunt,
1188 4484 1390 4538 idcirco
1417 4485 1481 4537 ad
1513 4484 1594 4537 sui
1631 4486 2032 4554 perceptionem
2064 4488 2216 4541 facile

2325 4493 2387 4543 τδ
2418 4491 2632 4560 καίριον
2681 4492 2906 4562 ἔχουσαν
2948 4489 3014 4544 ἐκ
3056 4494 3157 4561 τῆς
3199 4492 3412 4562 ὁμιλίας
3451 4495 3667 4568 ἀμφοῖν.
3711 4497 3868 4563 Νοῦς

687 4586 784 4624 eos
813 4587 1024 4640 semper
1052 4573 1205 4640 quasi
1234 4578 1568 4642 mancipatos
1596 4575 1882 4639 adducant,
1905 4586 2066 4646 atque
2091 4579 2223 4631 adeo

689 4675 756 4714 ex
788 4662 1029 4728 utrisque
1075 4663 1377 4727 conjunctis
1418 4678 1546 4718 usus
1593 4675 1649 4717 ct
1683 4674 1985 4732 opportune
2030 4667 2222 4736 agendi

690 4765 851 4818 sagax
883 4752 1216 4819 experientia
1246 4753 1546 4822 colligatur.
1580 4752 1778 4807 Eorum
1813 4755 1981 4817 enim,
2018 4771 2136 4823 qua-
2170 4757 2222 4808 in

691 4840 898 4891 mundo
952 4849 1097 4902 sunt,
1139 4839 1305 4909 judex
1359 4845 1651 4898 constituta
1700 4859 1853 4896 mens
1909 4845 2017 4897 vim
2069 4860 2222 4899 suam

694 4943 838 4981 nunc
868 4929 921 4981 in
954 4931 1172 4994 callum,
1200 4946 1344 4983 nunc
1376 4932 1432 4985 in
1465 4938 1659 4984 terram
1698 4943 1934 4997 exercet,
1970 4946 2023 4987 et
2043 4949 2224 4988 reruni

690 5018 978 5085 qualitates
1022 5035 1123 5087 ope
1167 5037 1423 5077 sensuum
1466 5025 1777 5090 cognoscit;
1822 5038 1886 5076 ac
1936 5025 2095 5077 modo
2131 5039 2226 5092 per

693 5115 891 5160 tactum
925 5110 1243 5177 asperitates
1266 5112 1632 5181 laevitatesquc
1659 5123 1964 5181 corporum,
1997 5122 2052 5168 et
2082 5130 2227 5182 quie-

689 5212 904 5266 cunque
933 5199 981 5251 ei
1012 5201 1196 5252 sensui
1221 5215 1250 5252 a
1276 5210 1462 5254 natura
1493 5202 1878 5272 subjiciuntur,
1903 5205 2148 5270 explorat
2172 5216 2226 5259 et

689 5285 974 5356 intelligit;
1011 5290 1170 5343 modo
1212 5304 1309 5358 per
1355 5292 1659 5356 odoratum,
1695 5308 1814 5361 quae
1857 5295 2226 5349 suaveolentia

691 5377 797 5430 sint
827 5390 881 5431 et
910 5389 1094 5433 contra
1119 5397 1134 5444 ;
1164 5381 1324 5436 modo
1358 5397 1455 5451 per
1502 5383 1744 5438 auditum
1785 5402 1944 5440 voces
1986 5387 2227 5442 modula-

693 5475 772 5518 tas
807 5468 1034 5536 percipit
1058 5453 1088 5532 ς’
1111 5470 1269 5523 modo
1307 5487 1402 5540 per
1432 5472 1619 5526 oculos
1661 5474 1822 5526 variis
1864 5476 2107 5529 colorum
2140 5477 2228 5531 fu-

694 5557 770 5608 cis
804 5557 1057 5623 interest;
1092 5568 1253 5627 atque
1283 5563 1472 5616 eadem
1507 5572 1763 5632 praeterea
1795 5564 2076 5619 hominum
2110 5583 2228 5620 mo-

696 5660 780 5698 les
807 5663 951 5701 nunc
979 5649 1175 5718 linguae
1209 5641 1363 5704 nunc
1384 5654 1663 5721 scriptura:
1691 5670 1792 5722 ope
1818 5658 2142 5724 assequitur,
2175 5668 2229 5711 et

695 5737 880 5803 quales
914 5740 948 5792 ii
980 5741 1087 5792 sint
1115 5739 1296 5794 discit.
1329 5742 1386 5794 In
1432 5743 1495 5796 iis
1528 5745 1778 5799 sensibus
1820 5745 1928 5799 duo
1962 5727 2229 5817 principa-

2325 4581 2425 4648 μὲν
2456 4583 2565 4650 γὰρ
2598 4582 2857 4651 δικαστὴς
2887 4581 2994 4634 τῶν
3023 4585 3082 4635 ὲν
3112 4584 3304 4655 κόσμῳ
3327 4586 3661 4654 πραγμάτων
3684 4587 3870 4660 ὑπάρ-

2323 4685 2433 4736 χων
2450 4668 2543 4720 νῦν
2566 4670 2662 4734 μὲν
2679 4670 2756 4730 είς
2773 4669 2986 4740 αἰθέρα,
3005 4669 3099 4722 νῦν
3113 4669 3158 4723 δ’
3174 4673 3254 4727 είς
3280 4673 3634 4742 ﬁnitumst,
3651 4677 3761 4729 καὶ
3776 4677 3869 4731 διά

2323 4757 2534 4830 stin/ll).
2550 4757 2675 4829 654]
2693 4760 3053 4831 αἰσθητηρίων
3066 4759 3164 4822 τάς
3187 4760 3292 4812 τῶν
3310 4763 3642 4830 πραγμάτων
3661 4764 3869 4833 ἀναγι-

2322 4847 2520 4897 νώσκει
2548 4849 2834 4910 ποιότητας
2853 4864 2868 4877 ’
2887 4850 3002 4915 ,καὶ
3027 4849 3120 4901 νῦν
3155 4849 3255 4920 μὲν
3280 4849 3370 4905 διά
3392 4851 3490 4920 τῆς
3515 4853 3656 4921 ἀφῆς
3674 4844 3871 4928 ίρωτᾷ

2321 4935 2419 4986 καὶ
2445 4937 2700 5004 μανθάνει
2737 4938 3002 5006 σωμάτων
3045 4934 3385 5009 τραχύτητας
3433 4943 3531 4994 καὶ
3553 4936 3869 5014 λειότηταςξ

2324 5030 2419 5080 καὶ
2446 5027 2545 5077 ὃσα
2576 5026 2651 5095 τῷ
2685 5027 2915 5102 τοιούτῳ
2945 5028 3187 5094 πέφυκεν
3235 5030 3552 5085 ὑποκεῖσθαι
3593 5036 3870 5108 alue-prni-

2326 5113 2459 5183 ρίῳο
2489 5115 2584 5166 καὶ
2618 5111 2683 5168 αὖ
2707 5116 2796 5167 διὰ
2821 5117 2918 5182 τῆς
2956 5116 3274 5187 ὀσφρήσεως
3293 5119 3592 5192 ὅσαεὺώδη
3625 5128 3720 5176 καὶ
3755 5133 3866 5198 μή·

2323 5204 2419 5254 καὶ
2445 5203 2538 5257 νῦν
2574 5207 2670 5273 μὲν
2699 5206 2787 5258 διὰ
2817 5207 2912 5274 τῆς
2945 5208 3114 5277 ἀκοῆς
3147 5210 3256 5263 τῶν
3301 5212 3637 5282 ἐναρμονίων
3664 5221 3873 5283 φωνῶν

2324 5289 2419 5361 τὴν
2458 5294 2743 5363 ἀντίληψιν
2776 5295 2946 5365 ἴσχεν
2976 5296 3069 5351 νῦν
3095 5297 3152 5352 δὲ
3176 5301 3298 5364 ταῖς
3340 5302 3614 5372 διαςόροις
3645 5305 3734 5359 διὰ
3767 5312 3874 5362 τῶν

2325 5380 2497 5448 ὕψεων
2545 5383 2740 5450 βαφαῖς
2784 5384 2962 5452 ὁμιλεῖ
3008 5384 3116 5438 τῶν
3145 5388 3484 5457 χρωμάτων·
3517 5391 3607 5443 καὶ
3634 5395 3774 5458 πρός
3809 5411 3870 5461 γε

2327 5471 2406 5522 ἔτι
2453 5473 2548 5525 νῦν
2581 5473 2680 5540 μὲν
2715 5473 2802 5526 διὰ
2849 5473 3115 5544 γλώττης,
3151 5475 3245 5532 νῦν
3284 5478 3339 5531 δι
3370 5478 3457 5534 διὰ
3493 5463 3869 5550 γραμμάτων,

2328 5563 2625 5628 ἐφάπτεται
2667 5563 2775 5616 τῶν
2802 5551 3155 5634 ἀνθρωπίνων
3185 5565 3334 5637 ὴθῶν
3385 5572 3478 5624 καὶ
3519 5573 3615 5631 τὰς
3659 5574 3871 5626 τούτων

2329 5658 2692 5725 ἀναγινώσκει
2730 5661 3040 5726 ποιότητας.
3068 5662 3289 5719 Τούτων
3313 5666 3491 5720 τοίνυν
3517 5667 3665 5720 δυοῖν
3699 5669 3872 5722 ὄντων

2331 5752 2832 5822 ἡγεμονικωτέρων,
2878 5755 2977 5809 ὅσα
3020 5771 3082 5823 γε
3125 5758 3260 5830 πρὸς
3299 5759 3358 5811 τὸ
3401 5758 3772 5814 διακονεῖσθαι
3804 5765 3877 5831 τῲ
