4038 6340
185 411 322 478 1317
566 415 638 488 [Α.
677 432 728 474 c.
769 417 928 492 i35i]

1070 419 1504 501 BYZANTIN/E
1537 413 1914 479 HISTORUE
1950 415 2095 483 LIB.
2133 414 2321 476 XXII.

2450 417 2581 485 [tum
2616 430 2660 469 ι.
2707 451 2719 468 .
2749 429 3028 472 camena.
3055 419 3111 489 5]
3219 422 3357 484 1118

177 526 279 596 τῆς
314 527 487 598 ψυχῆς
523 530 753 600 βελτίονι
796 535 978 604 μέρει,
1029 534 1124 587 νῦν
1161 533 1258 604 μὶν
1293 533 1500 603 θατέρῳ
1529 531 1722 602 μᾶλλον

1826 535 1937 580 tum
1969 525 2172 595 1051
2206 535 2410 591 tenent,
2443 525 2497 581 in
2535 536 2795 596 quantum
2844 529 3054 585 scilicet
3090 532 3371 586 excelle-n—.

179 618 357 681 ἐνίους
412 620 519 672 τῶν
583 623 750 676 πάλαι
792 625 1053 693 παρέχειν
1112 624 1292 691 σοφῶν
1338 623 1438 693 τὴν
1481 621 1723 692 βελτίονι

184 711 384 779 μοῖραν
431 711 726 782 ἀκούομεν,
769 714 864 768 νῦν
902 717 946 769 δ’
995 717 1168 778 ένίους
1229 715 1460 785 θατέρῳ.
1515 715 1577 767 Ἦ
1624 713 1723 784 μὲν

179 800 293 870 γὰρ
319 802 427 853 τῶν
452 803 763 858 ένεστὼτων
791 792 1152 876 ἀντιληπτικὴ
1183 808 1279 860 καὶ
1319 792 1599 876 παρόντων
1626 805 1724 873 μόο

179 907 274 944 νον
303 891 337 958 ή
365 891 486 961 ὄψις
520 893 842 964 ὑπάρχουσα
896 897 1340 967 δραστικωτέραν
1377 897 1526 966 ὅμως
1551 897 1626 958 ὡς
1654 895 1722 949 τὰ

180 982 357 1034 πολλά
398 984 498 1052 τὴν
536 985 646 1038 τῶν
673 986 1044 1056 ὑποκειμένων
1087 988 1616 1059 πᾳρίχεταιγνῶσιν
1639 1004 1652 1019 ·
1686 989 1718 1057 ἠ

181 1069 231 1121 δ’
261 1071 400 1141 ἀκοὴ
424 1073 769 1148 ἀμϐλυτέραν
797 1078 896 1146 μέν
925 1095 1063 1143 πως,
1094 1078 1436 1147 πλατυτέραν
1465 1078 1512 1131 δ’
1549 1079 1720 1148 ὅμως.

183 1155 308 1209 Τῶν
332 1175 390 1210 τε
416 1159 521 1228 γὰρ
552 1164 832 1230 παρόντων
870 1165 1108 1234 εὐχερῶς
1138 1165 1600 1236 ἀντιλαμΰάνεται
1629 1170 1722 1219 καὶ

180 1245 296 1300 τῶν
329 1249 574 1304 ἀπόντων
607 1253 682 1316 ὡς
712 1243 1006 1323 ἶιαρόντων
1037 1242 1375 1322 αἰσθάνεται,
1428 1257 1723 1326 δαιμονίως

181 1336 284 1400 τὰς
308 1343 536 1403 τοπικὰς
589 1344 939 1399 συνάπτουσα
981 1333 1309 1409 διαστάσεις.
1341 1347 1404 1401 Ei
1437 1347 1495 1400 δέ
1520 1364 1597 1416 τῳ
1647 1346 1722 1418 μὴ

179 1426 440 1491 φορτικὸς
463 1427 493 1476 ό
523 1425 700 1493 λόγος,
747 1427 890 1497 αὕτη
947 1431 1044 1483 καὶ
1081 1430 1191 1483 τῶν
1224 1432 1524 1501 μελλόντων
1556 1434 1727 1503 ἑρμη-

180 1514 310 1576 νεὺς
338 1515 529 1584 ὁρᾶται
553 1519 664 1581 τοις
701 1520 818 1586 νῦν,
859 1521 914 1573 εῐ
934 1538 1016 1583 τις
1072 1522 1276 1592 Μωσῆς
1321 1525 1413 1577 καὶ
1445 1525 1606 1577 Δασὶδ
1638 1526 1725 1578 διὰ

184 1600 502 1672 [ίνεὸματος
553 1605 696 1660 θείου
736 1608 836 1679 τὴν
861 1611 1063 1664 τούτων
1094 1612 1447 1675 ἀποθεσπίξει
1475 1615 1724 1684 πρόγνωο

182 1706 295 1744 σιν.
338 1693 401 1745 Εἰ
448 1690 540 1748 οὖν
583 1699 641 1748 ὲν
674 1700 785 1763 τοίς
828 1700 999 1762 άλλως
1026 1700 1209 1769 ιχουσι
1243 1703 1561 1772 πράγμασιν
1581 1702 1724 1758 οὕτω

178 1781 334 1834 ταῦτ’
366 1782 498 1853 ἔχει,
541 1787 634 1839 καὶ
682 1791 980 1858 χρημάτων
1014 1791 1113 1844 καὶ
1141 1793 1356 1861 χωρίων
1405 1793 1614 1862 κρίσεις
1665 1794 1720 1847 al

180 1871 404 1936 πλείους
461 1876 919 1946 αὐτοπροσώπους
973 1881 1322 1951 ἐπιζητοῦσιν
1383 1882 1721 1948 ἐπιστασίας,

178 1963 282 2016 καὶ
317 1963 511 2033 χρόνου
539 1966 750 2021 δέονται
781 1970 1115 2040 μακροτέρου
1135 1970 1411 2036 πολλάκις,
1429 1973 1525 2026 καὶ
1549 1971 1725 2042 ὅψεως

191 2052 312 2122 ἅμα
339 2053 441 2106 καὶ
461 2057 630 2124 ἀκοῆς
655 2058 714 2109 ὲν
734 2059 916 2128 ταυτῷ
933 2058 1000 2112 τὰ
1040 2062 1301 2131 κριτήρια
1330 2060 1417 2113 διὰ
1449 2061 1542 2132 τὴν
1560 2063 1720 2130 ἀκρί-

183 2144 339 2197 ϐειαν
361 2146 667 2214 τάσφαλοῦς
697 2150 1006 2215 ἀπαιτοῦσι,
1024 2143 1142 2211 πῶς
1166 2150 1266 2203 οὑκ
1298 2150 1362 2206 ἀν
1383 2168 1467 2215 τις
1496 2151 1724 2206 ενταῦθα

185 2232 252 2283 τὸ
280 2232 370 2285 τοῦ
401 2234 824 2305 ὑπερϐάλλοντος
846 2237 1065 2309 όφλημα
1088 2241 1200 2302 τοῖς
1238 2229 1502 2311 δόγμασιν
1527 2243 1723 2297 ἐνεῖναι

181 2321 287 2386 τῆς
323 2320 415 2374 τοῦ
440 2321 573 2374 Θεοῦ
589 2324 912 2395 Ἐκκλησίας
945 2326 1226 2399 σταθμῷτο
1259 2329 1396 2398 μετά
1417 2329 1609 2383 πολλοῦ
1631 2332 1722 2385 τοῦ

177 2411 532 2481 κρείττονοςς
574 2417 766 2469 Δοτέον
794 2416 886 2470 οῦν
916 2419 1012 2471 καὶ
1045 2421 1192 2488 ἡμῖν,
1217 2420 1311 2474 καὶ
1343 2422 1485 2491 μετά
1527 2423 1722 2490 πολλῆς

180 2500 285 2552 καὶ
317 2503 518 2573 σφόδρα
549 2506 1100 2578 κατεσπουδασμένης
1141 2510 1372 2580 ἐρεύνης
1411 2511 1724 2576 ἐξεταστέον
1750 2575 1754 2580 _

178 2591 323 2642 κάπὶ
356 2596 583 2662 μακροῖς
612 2596 974 2666 νυχθημέροις
998 2598 1068 2651 τά
1087 2598 1184 2653 νέα
1216 2601 1377 2653 ταυτὶ
1400 2602 1719 2672 γράμματα.

179 2680 458 2752 τοὺςιγὰρ
513 2684 620 2737 τῶν
657 2685 830 2754 λόγων
882 2688 1098 2750 καινοὺς
1141 2691 1234 2743 καὶ
1281 2691 1491 2762 κρίσεις
1533 2694 1724 2758 καινάς

177 2769 484 2841 ἐπιφέρειν,
517 2776 680 2842 φασὶν
713 2778 760 2828 oi
785 2778 958 2844 σοφοὶ,
980 2778 1048 2846 ἢν
1089 2780 1165 2848 μῆ
1191 2781 1324 2833 Θεοῦ
1370 2783 1562 2850 μεστός
1591 2801 1672 2845 τις
1696 2785 1724 2836 ό

181 2860 530 2929 καινοτομῶν
573 2857 632 2935 ᾖ,
670 2864 767 2916 καὶ
822 2859 934 2927 οἷος
970 2868 998 2919 ό
1026 2867 1256 2937 θεόπτης
1284 2869 1485 2933 ἐκεῖνος
1514 2872 1722 2942 ὑπῆρχε

185 2948 416 3016 Μωσῆς,
439 2949 469 3001 ό
493 2950 561 3002 τὰ
592 2951 763 3020 μυρία
795 2953 902 3004 τῶν
944 2953 1210 3024 Ἐϐραίων
1251 2959 1590 3027 στρατόπεδα
1636 2960 1724 3013 διὰ

179 3037 297 3090 τῶν
338 3038 527 3107 ὑγρῶν
570 3041 671 3108 τῆς
713 3041 986 3112 θαλάσσης
1016 3043 1269 3098 άδὺσσων
1295 3047 1369 3109 ὡς
1396 3047 1464 3099 δι’
1483 3048 1723 3118 ἀνύδρων

1821 615 1947 669 tiori
1975 615 2139 670 animi
2179 615 2317 684 parti
2345 616 2669 672 inserviunt.
2699 617 2776 672 Ex
2807 620 3085 673 veteribus
3114 620 3358 692 philos";

1821 702 1943 776 pitis
1975 706 2064 760 alii
2098 707 2248 774 huic,
2291 706 2379 760 alii
2426 707 2504 762 illi
2550 709 2753 777 primas
2785 709 3050 762 tribuunt.
3089 712 3165 764 Ac
3211 710 3358 766 visus

1820 791 2064 860 quidem,
2099 795 2313 847 tametsi
2343 809 2406 847 ea
2442 801 2649 847 tantum
2689 797 2968 864 percipere
3007 805 3205 865 poteSt,
3238 790 3374 865 qua

1820 882 2018 936 adsunt
2043 890 2098 936 et
2136 884 2424 950 praesentia
2460 873 2840 948 Obversantur,
2883 894 3056 938 tamen
3093 886 3357 940 eiiicacio-

1821 985 1934 1024 rem
1987 971 2304 1040 plerumque
2361 988 2544 1026 rerum
2602 973 2932 1044 obiectarum
2994 977 3352 1045 cognitionem

1820 1062 1974 1130 parit'
2007 1079 2020 1114 :
2075 1063 2293 1116 auditus
2326 1079 2455 1117 vero
2488 1064 2819 1119 ltebetiorem
2849 1068 3265 1134 quodammodo,
3297 1076 3361 1132 at

1819 1152 1982 1230 latius
2016 1153 2302 1221 diffusam;
2345 1163 2530 1224 utpote
2559 1156 2650 1224 qui
2681 1166 2736 1210 et
2773 1157 3056 1225 prementia
3090 1160 3241 1212 facile
3271 1176 3356 1211 ar-
3400 1226 3401 1229 η

1822 1241 1970 1308 ripit.
2015 1251 2071 1299 et
2119 1241 2362 1296 locorum
2398 1245 2695 1298 intervallis
2721 1245 2987 1314 disiuncta
3027 1245 3104 1299 sic
3133 1248 3357 1316 conjun-

1819 1330 1898 1399 git
1931 1329 2274 1398 mirabiliter,
2305 1340 2366 1383 ut
2394 1332 2696 1386 absentium
2731 1341 2982 1400 tanquam
3010 1337 3353 1403 praesentium

1820 1439 1982 1478 sensu
2016 1420 2279 1477 afﬁciatur
2315 1439 2329 1475 :
2365 1421 2743 1490 eamdemque,
2778 1424 2824 1476 si
2853 1423 2935 1477 ias
2957 1425 3163 1488 dicere,
3193 1426 3354 1480 etiam

1822 1514 2125 1568 futurorum
2156 1512 2222 1566 iis
2252 1512 2345 1580 qui
2374 1525 2519 1565 nunc
2547 1512 2737 1566 vivunt
2765 1513 3113 1582 interpretem
3140 1516 3358 1570 exsiste-

1821 1620 1881 1658 re
1923 1604 2193 1668 videmus,
2240 1605 2285 1658 si
2307 1604 2442 1671 "quis
2471 1603 2554 1657 vei
2586 1604 2780 1669 lioses,
2811 1605 2894 1658 vel
2944 1604 3135 1666 David.
3173 1605 3357 1661 divine

1823 1694 2026 1764 Spiritu
2061 1694 2294 1758 amatus,
2324 1695 2650 1764 pracognita
2678 1709 2743 1750 ea
2774 1695 3120 1762 vaticinetur.
3160 1697 3217 1752 Si
3255 1698 3355 1752 ita-

1823 1800 1928 1853 que
1956 1786 2010 1838 in
2043 1784 2112 1839 iis
2139 1785 2325 1846 rebus,
2357 1798 2582 1851 quarum
2614 1783 2826 1838 diversa
2856 1793 2940 1839 est
2963 1784 3122 1850 ratio,
3149 1785 3221 1840 ita
3242 1787 3357 1843 haec

1824 1887 1883 1924 se
1917 1871 2150 1938 habent;
2180 1871 2227 1926 si
2256 1869 2512 1938 pleraque
2539 1870 2607 1923 de
2635 1870 2883 1938 pecuniis
2925 1879 2983 1925 et
3029 1871 3246 1939 praediis
3270 1872 3359 1940 ju-

1823 1961 1964 2018 dicia
2004 1963 2272 2018 oculatam
2317 1970 2374 2016 et
2423 1969 2682 2015 attentam
2738 1961 3126 2028 inspectionem
3176 1963 3358 2032 requi-

1816 2041 1971 2133 frunt,
2004 2069 2067 2108 ac
2096 2055 2258 2122 longo
2285 2064 2425 2120 saepe
2454 2061 2697 2120 tempore
2722 2062 2898 2120 egent,
2931 2060 3005 2114 et.
3035 2063 3096 2105 ut
3123 2053 3356 2107 certiora

1822 2145 1953 2208 sint,
1999 2153 2289 2213 utrumque
2334 2144 2517 2208 simul,
2562 2144 2838 2196 oculorum
2877 2144 2998 2197 dico
3040 2152 3097 2197 et
3143 2145 3353 2196 aurium

1822 2250 2048 2303 examen
2078 2219 2427 2306 coniunctum
2451 2233 2708 2302 exigunt;
2738 2233 2932 2302 quidni
2954 2235 3055 2287 hoc
3087 2233 3227 2298 loco,
3257 2234 3353 2288 ubi

1823 2328 1890 2383 de
1918 2327 2174 2382 Ecclesia)
2190 2325 2286 2381 Dei
2319 2325 2580 2395 dogmatis
2604 2325 2801 2393 agitur,
2831 2322 2884 2376 id
2912 2322 3240 2378 cumulatius
3262 2323 3355 2376 de-

1823 2417 1954 2472 bere
1977 2398 2405 2496 praestai'ilonge
2433 2416 2630 2485 potiori
2655 2417 2775 2482 jure
2798 2414 3025 2482 quisque
3049 2412 3356 2466 existimet!

1823 2505 1890 2560 Et
1917 2505 2073 2560 nobis
2105 2506 2269 2574 igitur
2297 2513 2434 2584 nova
2465 2505 2554 2558 illa
2584 2505 2801 2558 decreta
2830 2501 3210 2570 darioportet,
3239 2515 3357 2568 qua:

1820 2593 1993 2647 multo
2025 2603 2079 2648 et
2116 2577 2532 2662 diligentissimo
2574 2594 2822 2653 examine
2871 2598 3044 2667 longis
3076 2598 3265 2652 diebus
3300 2604 3358 2650 et
3462 2617 3466 2622 ’

1823 2685 2073 2739 noctibus
2100 2684 2525 2754 perpendamus.
2554 2685 2680 2750 Quae
2710 2687 2853 2740 enim
2889 2705 3025 2742 nove
3057 2689 3198 2742 dicta
3238 2702 3358 2757 pro-

1822 2773 2091 2839 feruntur,
2119 2788 2183 2827 ea
2210 2773 2365 2828 novis
2394 2773 2616 2842 iudiciis
2649 2775 2948 2830 subeundis
2982 2777 3213 2831 obnoxia
3239 2789 3357 2830 esse

1823 2865 2093 2933 sapientes
2125 2865 2509 2932 pronuntiant;
2565 2865 2665 2917 nisi
2716 2866 2762 2917 is
2806 2865 2898 2932 qui
2951 2881 3087 2920 nova
3130 2866 3355 2934 proh-rt,

1822 2957 2042 3010 numine
2085 2955 2157 3010 sit
2200 2951 2427 3023 plenus;
2460 2954 2636 3022 qualis
2666 2953 2766 3006 fuit
2796 2953 2884 3008 ille
2930 2953 3094 3008 Deum
3126 2966 3359 3023 praesen-

1825 3057 1930 3102 tem
1962 3047 2192 3100 intuitus
2219 3046 2419 3106 Moses;
2450 3045 2553 3113 qui
2571 3045 2994 3099 innumerabiles
3019 3043 3226 3116 1M2
3249 3045 3357 3100 lie—

179 3125 525 3195 διασιδάσας,
553 3131 652 3196 ¹καλ⁸
698 3132 1003 3204 τούναντίον
1032 3133 1098 3188 αὖ
1127 3135 1215 3188 διὰ
1244 3137 1341 3206 τῆς
1379 3132 1604 3207 ἀνύδρου
1634 3139 1722 3191 πέ-

1823 3139 2090 3193 brmorum
2121 3137 2392 3208 exercitus
2442 3149 2536 3203 per
2587 3135 2823 3204 liquidos
2869 3133 3044 3190 “maris
3092 3137 3352 3206 gurgites.

183 3233 325 3286 τρας
372 3220 487 3287 ῥεῖν
540 3220 749 3275 ὑδάτων
790 3221 1067 3285 θαλάσσας
1097 3229 1554 3302 ιπαρασκευάσας.
1581 3227 1723 3298 ,Θεοῦ

178 3307 297 3376 γὰρ
311 3309 618 3374 κελεύοντός
640 3327 700 3365 τε
725 3314 820 3367 καὶ
850 3315 1256 3390 συναιρομένου,
1282 3320 1375 3371 καὶ
1401 3320 1558 3390 νόμοι
1574 3318 1726 3371 λύον-

176 3412 274 3475 ται
305 3397 536 3464 φύσεως.
565 3397 669 3452 Ἦν
699 3400 757 3453 δέ
785 3415 867 3463 τις
886 3401 994 3453 τῶν
1024 3401 1131 3455 ἀπὸ
1150 3404 1469 3472 ’τρυφῆς-καλ⁸
1495 3405 1592 3474 τῆς
1629 3406 1724 3474 ὀψὲ

178 3481 496 3549 κραιπάλης
519 3482 685 3537 ἕωθεν
701 3484 1097 3540 ἀνατελλόντων
1122 3484 1179 3561 ᾖ,
1206 3491 1417 3558 ἀνάγκη
1448 3485 1724 3561 νοσήματα

181 3570 420 3640 φύεσθαι
445 3573 691 3645 μοχθηρὰ
718 3576 814 3628 καὶ
837 3577 1169 3642 παντοδαπά,
1187 3580 1278 3631 καὶ
1292 3579 1558 3649 διαφόρων
1581 3583 1724 3635 εἰσα-

177 3665 370 3732 γωγὰς
394 3666 658 3743 αἱρέσεων
691 3667 827 3736 πρὸς
858 3667 957 3739 τὴν
987 3669 1334 3724 καθεστῶσαν
1380 3675 1443 3725 ἐκ
1496 3672 1723 3726 παλαιοῦ

175 3755 481 3819 enixissime,
522 3756 618 3809 καὶ
650 3756 934 3820 ἀναλύσεις
961 3759 1292 3830 ἃδγματικῆς
1319 3762 1598 3830 ἁρμονίας,
1631 3763 1725 3817 καὶ

180 3843 434 3913 στάθμης
458 3844 674 3914 ἀπάσης
700 3846 1126 3916 εὑνομουιήνης.
1156 3851 1355 3920 Διόπερ
1376 3850 1477 3902 οὑκ
1500 3850 1722 3904 ἀταλαί-

174 3935 372 4003 πωρον
399 3951 522 3989 τινα
551 3935 644 3989 καὶ
670 3934 907 4004 μάλιστά
931 3952 1015 3988 τοι
1037 3935 1236 3990 εὔωνον
1271 3938 1518 4006 ἡγεῖσθαι
1546 3939 1723 4008 χρεὼν

175 4026 284 4093 τὴν
323 4026 420 4094 τῆς
467 4025 730 4097 ἀληθείας
760 4025 997 4096 εὕρεσιν.
1030 4025 1117 4098 [Ρ.
1149 4027 1279 4099 655]
1307 4029 1381 4082 υὺ
1422 4030 1529 4100 γὰρ
1557 4032 1722 4086 αὑτο-

175 4113 368 4182 σχέδια
402 4115 496 4167 καὶ
521 4115 807 4184 αὐτόματα
834 4117 1085 4184 φύεσθαι,
1114 4120 1366 4188 καθάπερ
1399 4121 1497 4183 τάς
1527 4122 1585 4174 ιν
1612 4125 1724 4186 τοῖς

174 4204 370 4258 ᾰλσεσι
411 4205 625 4276 βάτους,
658 4206 817 4276 ίσμεν
842 4210 909 4262 τά
935 4211 1181 4280 χρήσιμα
1202 4228 1217 4242 ο
1243 4213 1378 4266 ἀλλὰ
1418 4214 1591 4277 πόνοις
1618 4232 1724 4267 πα·

174 4296 372 4366 ρέμιξε
404 4297 694 4372 πλείστοις,
732 4301 831 4352 καὶ
861 4298 1059 4368 κομιδῆ
1089 4303 1318 4371 μακροῖς
1364 4302 1719 4372 περιετείχισε

168 4389 291 4448 τοῖς
325 4387 559 4458 ίδρῶσιν,
574 4390 605 4462 ἦ
621 4405 783 4458 τιπερ
812 4389 1103 4457 κεφάλαιον
1127 4392 1236 4444 τῶν
1261 4391 1360 4457 τῆς
1377 4393 1555 4462 ψυχῆς
1580 4397 1718 4463 ἀγα-

1825 3229 1973 3283 velut
2022 3244 2118 3297 per
2155 3227 2366 3281 aridum
2419 3225 2615 3290 solum,
2667 3226 2987 3290 transmisit,
3021 3236 3076 3280 et
3120 3225 3355 3280 vicissim

1823 3308 2025 3384 eii‘ecit,
2057 3327 2115 3372 ut
2139 3333 2234 3388 per
2261 3317 2467 3371 aridam
2495 3325 2701 3386 petram
2728 3331 2989 3385 aquarum
3017 3317 3099 3370 vis
3126 3318 3356 3371 maxima

1824 3409 2034 3464 ﬂueret.
2067 3409 2285 3465 Scilicet
2313 3409 2421 3462 Deo
2441 3409 2668 3478 iubente
2697 3419 2754 3462 et
2785 3408 3071 3477 adiuvante
3103 3409 3231 3478 ipsa
3252 3409 3359 3464 soi-

1821 3511 2024 3556 vuntur
2055 3501 2199 3567 leges
2226 3505 2455 3552 naturae:
2485 3501 2552 3552 At
2582 3499 2627 3551 si
2668 3497 2719 3553 is
2761 3499 2832 3556 sit
2859 3513 2999 3553 unus
3032 3513 3098 3553 ex
3141 3499 3228 3562 iis,
3259 3497 3354 3570 qui

1820 3607 1888 3648 ex
1925 3593 2052 3647 luxu
2084 3601 2138 3646 et
2171 3601 2435 3646 nocturna
2474 3589 2692 3660 crapula
2722 3589 2943 3646 excitati
2977 3604 3133 3645 mane
3159 3603 3353 3660 exper-
3396 3620 3398 3622 -

1821 3685 2124 3756 giscuntur,
2156 3683 2398 3751 profecto
2422 3695 2645 3736 necesse
2677 3687 2786 3745 est,
2815 3680 3150 3748 perniciosos
3175 3680 3356 3736 omnis

1821 3776 2036 3845 generis
2086 3773 2306 3826 morbos
2353 3772 2634 3834 exsistere,
2679 3778 2738 3823 et
2787 3770 2968 3823 varias
3019 3769 3252 3825 haereses
3298 3771 3354 3826 itt

1822 3865 2168 3920 constitutam
2204 3863 2505 3932 antiquitus
2527 3859 2873 3930 disciplinam
2910 3859 3115 3919 invehi.
3150 3869 3205 3914 et
3230 3859 3384 3937 bar-_

1822 3956 2061 4010 moniam
2090 3954 2448 4024 dogmaticam
2483 3952 2807 4023 regulasque
2851 3965 3040 4006 omnes
3091 3949 3356 4022 legitimas

1824 4046 2027 4101 aboleri
2065 4053 2227 4114 atque
2265 4042 2511 4099 dissolvi.
2551 4043 2677 4096 Non
2714 4041 2879 4095 debet
2906 4042 3089 4109 itaque
3115 4041 3358 4094 veritatis

1822 4136 2163 4205 investigatio
2195 4135 2337 4189 facili
2369 4133 2556 4187 labore
2587 4130 2842 4200 parabilis
2877 4138 2933 4183 et
2966 4128 3187 4182 minimo
3230 4144 3355 4199 pre-

1823 4230 1897 4283 tio
1939 4226 2144 4282 venalis
2189 4225 2505 4280 existimari.
2560 4224 2694 4278 Nam
2739 4237 2861 4292 qua:
2908 4221 3063 4275 utilia
3099 4230 3246 4283 sunt,
3289 4234 3356 4274 ea

1821 4332 1927 4370 non
1953 4315 2201 4370 videmus
2223 4315 2408 4368 subito
2444 4323 2499 4368 et
2526 4328 2623 4368 sua
2653 4321 2843 4381 sponte
2885 4311 3055 4374 nasci,
3089 4320 3148 4363 ut
3189 4308 3360 4362 rubos

1822 4406 1874 4459 in
1909 4405 2083 4461 silvis.
2123 4403 2276 4468 Quod
2323 4410 2504 4455 autem
2546 4414 2815 4454 sumntum
2854 4408 2937 4451 est
2985 4396 3148 4449 animi
3181 4396 3352 4449 bono-

170 4478 307 4532 θεῖη.
341 4479 406 4531 τί
434 4479 480 4530 δ’
511 4479 636 4532 ἀλλο
658 4481 801 4550 ψυχῇ
831 4481 1153 4567 τιμιοῖηερον
1180 4482 1453 4552 ἀγαθὸν,η
1487 4475 1720 4550 πίστεως

1823 4511 1964 4558 rum,
2019 4493 2072 4548 id
2119 4493 2382 4562 plurimos
2427 4491 2643 4544 labores
2691 4488 3026 4545 intermistns
3069 4486 3248 4551 habet,
3297 4495 3358 4541 et

169 4567 416 4638 ἀκριόὴς
460 4571 728 4638 ἀσφάλεια
784 4572 923 4640 πρὸς
968 4572 1124 4634 Θεόν;
1184 4571 1436 4641 Σώματος
1472 4573 1567 4643 μὲν
1612 4575 1718 4643 γάρ

169 4660 459 4730 νοσήματα
494 4661 686 4723 παῖδας
732 4662 930 4731 ἰατρῶν
975 4660 1284 4713 είσκαλοῦσι
1345 4661 1716 4731 θεραπευτάς·

167 4752 281 4806 κᾶν
316 4753 390 4823 μὴ
422 4752 697 4823 εὐστοχεῖν
729 4753 790 4806 τὸ
823 4752 1142 4821 amoenius
1167 4751 1316 4822 δόξῃ,
1345 4752 1405 4804 τὸ
1436 4751 1626 4822 βλάϐος
1658 4753 1717 4804 οὐ

166 4845 318 4899 πάνυ
345 4862 426 4899 τοι
453 4845 706 4914 χαλεπὸν,
738 4845 859 4898 οὐδὲ
891 4846 985 4899 τοῦ
1015 4848 1280 4916 παρόντος
1311 4847 1426 4918 βίου
1461 4848 1721 4918 μακρότε-

168 4921 304 5005 ρον·
337 4933 482 4988 τάδδ
517 4935 625 4988 τῶν
656 4933 814 5004 θείων
854 4934 1142 5005 δογμάτων
1191 4939 1596 5010 ἀρρωστήματα
1623 4940 1720 5010 οὑχ

165 5023 427 5092 αἱμάτων
454 5023 688 5093 ῥήγνυσι
725 5023 962 5093 ῥύακας,
989 5024 1108 5077 ἀλλ’
1130 5028 1268 5097 αὐτῇ
1314 5045 1377 5096 γε
1403 5030 1719 5101 αὐτόχρημα

166 5117 240 5184 τῇ
287 5112 470 5167 πίστει
518 5113 746 5191 παρέχει
795 5115 896 5184 τὴν
947 5113 1171 5185 βλάϐην,
1204 5120 1542 5189 ἀναίμακτον
1593 5124 1718 5191 μὲν,

175 5203 314 5258 ἀλλά
346 5205 489 5274 μάλα
542 5220 625 5258 τοι
657 5189 886 5275 ’σφόδρα
923 5206 1138 5277 καιρίαν
1167 5208 1263 5261 καὶ
1289 5209 1466 5280 ψυχῆς
1507 5189 1721 5266 αίῶνιον

177 5295 274 5346 καὶ
297 5295 564 5349 ἀθάνατον
593 5294 933 5366 πράττουσαν
967 5297 1215 5362 θάνατον,
1248 5294 1314 5368 ἦς
1347 5301 1544 5368 κόσμος
1575 5302 1717 5368 άπας

176 5384 281 5436 οὑκ
335 5384 484 5438 ἐστιν
540 5386 810 5454 ἀντάξιος.
861 5390 952 5440 Διὸ
999 5390 1435 5460 παρῤησιαστέον
1483 5393 1599 5448 εστι
1653 5395 1718 5448 τὰ

174 5473 424 5539 τοιαῦτα,
451 5477 543 5528 καὶ
575 5478 680 5547 πρό
711 5495 776 5546 γε
813 5479 1018 5532 τούτων
1069 5482 1193 5542 τοὺς
1250 5481 1488 5543 ἐκείνους
1545 5482 1719 5535 λιὸέλ-

174 5566 324 5628 λους,
352 5564 451 5626 τὰς
499 5567 608 5620 τῶν
654 5570 1026 5638 ὲπταισμένων
1061 5572 1344 5641 μετανοίας
1372 5574 1715 5643 κομίζοντας,

175 5655 265 5710 ῐνα
298 5658 374 5727 μὴ
405 5658 585 5728 χείρον
614 5663 679 5731 τῇ
708 5662 1002 5733 Ἐκκλησία
1046 5663 1107 5716 τὸ
1136 5663 1338 5735 σχίσμα
1366 5666 1616 5736 γένηται.
1654 5666 1715 5720 El

171 5747 226 5803 δέ
263 5764 326 5816 γε
357 5749 430 5819 μὴ
462 5748 757 5821 βούλοισθε,
782 5755 862 5817 τίς
899 5754 975 5807 ἔτι
1006 5757 1159 5826 χρεία
1192 5759 1518 5828 μαρτύρωνς
1553 5758 1716 5816 Αὐτοὶ

1819 4585 2070 4638 maximis
2098 4582 2386 4636 sudoribus
2413 4579 2639 4651 objectis
2664 4578 3032 4648 pmcluditur.
3059 4576 3200 4643 Quid
3231 4590 3355 4644 por-

1819 4689 1880 4729 ro
1924 4673 2215 4743 pretiosius
2264 4673 2458 4725 animae
2503 4679 2605 4737 est,
2647 4685 2809 4739 quam
2847 4669 3094 4737 religiosa
3126 4676 3179 4722 et
3228 4680 3355 4719 con-

1818 4777 1966 4820 etans
1993 4778 2131 4818 vera:
2165 4779 2293 4834 erga
2340 4762 2508 4816 Deum
2541 4761 2661 4815 fidei
2690 4759 3033 4814 observatio?
3055 4756 3134 4810 Ad
3163 4771 3352 4809 sanan-

1819 4856 1917 4909 dos
1971 4854 2214 4923 corporis
2276 4852 2496 4907 morbos
2555 4850 2751 4904 medici
2812 4857 3195 4913 arcessuntur;
3249 4861 3354 4916 qua

1818 4947 2036 5016 quidem
2067 4958 2229 5011 Opera
2256 4942 2300 4995 si
2335 4941 2513 4995 minus
2544 4935 2892 5004 successerit“,
2920 4938 3177 4993 damnum
3208 4946 3354 4992 arte

1820 5054 1924 5092 non
1954 5037 2087 5091 adeo
2117 5050 2300 5104 grave,
2329 5049 2506 5102 neque
2528 5032 2629 5086 hac
2656 5029 2875 5085 mortali
2903 5031 3016 5084 vita
3045 5029 3355 5083 diuturnius

1822 5132 2078 5189 futurum,
2108 5126 2395 5193 accipitur.
2434 5124 2501 5178 At
2543 5124 2581 5179 ii
2630 5123 2830 5188 morbi,
2867 5122 2964 5192 qui
3001 5121 3068 5176 ad
3105 5120 3353 5189 dogmata

1821 5217 2117 5286 theologica
2171 5215 2465 5286 pertinent,
2518 5230 2825 5286 quanquam
2877 5211 3157 5280 sanguinis
3207 5209 3353 5264 rivos

1820 5310 1993 5378 ruptis
2023 5306 2178 5361 venis
2207 5323 2314 5360 non
2344 5307 2652 5379 eilundunt,
2687 5307 2804 5360 iidei
2833 5303 3179 5372 ipsi'plagatu
3203 5315 3359 5356 reve-

1819 5415 1876 5452 ra
1908 5384 2173 5465 inﬂigunt,
2209 5400 2545 5452 incruentam
2585 5396 2802 5465 quidem
2844 5395 3016 5459 illam,
3049 5395 3144 5448 sed
3185 5391 3356 5446 maxi-

1819 5502 1903 5541 me
1945 5486 2219 5552 ietbalem,
2265 5487 2653 5554 sempiternum
2699 5483 2899 5552 quippe
2941 5493 2997 5537 et
3054 5480 3355 5536 immortale

1816 5578 2039 5632 exitium
2076 5579 2356 5632 allaturam
2399 5575 2612 5635 animae.
2658 5574 2744 5629 cui
2795 5589 2894 5628 nec
2945 5582 3090 5626 totus
3117 5569 3354 5625 mundus

1817 5669 2234 5738 mquiparandus
2259 5677 2357 5724 est.
2387 5664 2747 5732 Quamobrem
2780 5665 2951 5734 palam
2980 5665 3078 5717 ista
3103 5661 3353 5730 proferri,

1818 5750 1977 5829 atque
2013 5761 2066 5818 in
2102 5762 2294 5832 primis
2333 5760 2472 5826 illos,
2513 5759 2722 5831 1053
2748 5759 2839 5828 qui
2871 5756 3244 5826 [im-nitentium
3269 5771 3359 5810 er-
