4038 6340
664 446 670 451 .
724 398 860 479 ⁵1351
1004 394 1056 466 [λ
1124 412 1179 451 ι.
1222 396 1514 452 6859.1».
1557 394 1611 465 4]
1908 387 2259 479 NlCEPHOl

2377 399 2755 461 }REGOR£'
3021 396 3157 471 [ηιμ.
3198 413 3240 451 ι.
3280 412 3568 457 cumcos.
3606 398 3665 467 5]
3820 404 3943 469 1352

723 511 941 579 pliciter
969 511 1131 564 etiam
1190 521 1245 566 ct
1284 511 1626 566 nnilormiter
1675 520 1754 566 est
1804 527 1871 566 ex
1924 522 2119 566 natura
2181 525 2318 573 sua,

2345 526 2506 574 ,τους
2531 510 2875 581 δογματίζων
2932 512 3216 577 iuvisset»;
3258 514 3511 584 θεότητας
3564 519 3793 579 πάντως
3837 519 3940 572 διὰ-

723 620 887 658 omne
919 608 1143 667 bonum,
1174 615 1229 660 et
1267 621 1428 659 omne
1452 598 1745 679 pulchrum
1780 590 2091 670 esSentiale,
2123 619 2284 675 supra

2384 602 2652 670 ﬂﬂj1¢'_tt
2684 596 2809 654 νοεῖ
2827 602 3061 671 patuit).
3107 603 3274 657 Τοῦτο
3294 605 3343 658 δ’
3383 610 3608 675 ἄπειρον
3664 608 3693 659 ὁ
3720 608 3828 677 τῆς
3856 626 3938 679 μι-

724 711 890 765 quam
941 697 1226 765 quisquam
1278 697 1562 758 hominum
1619 678 1922 767 intelligere
1979 695 2151 765 possit
2194 704 2289 749 aut

2386 694 2605 762 σότητος
2630 692 2769 749 εἶναι
2796 698 2857 750 οὐ
2890 698 3072 751 δίδωσι
3102 700 3258 767 λόγος
3279 714 3293 729 ⁶
3333 702 3603 770 μηδὲγὰρ
3644 678 3938 771 πεφυκέναι

724 801 1001 839 enarrare.
1046 787 1175 851 Qum
1228 803 1356 841 vero
1411 789 1464 842 in
1525 789 1628 851 hac
1691 802 1875 842 rerum
1932 787 2288 860 universitate

2380 783 2483 854 ἐπὴν
2512 785 2769 856 ἀπειρίαν
2798 789 3025 858 βαθμοῖς
3060 794 3155 845 καὶ
3216 794 3432 867 μέτροις
3489 796 3604 850 τισὶ
3658 796 3939 867 Grex-Stre—

727 877 954 945 pult'ill‘ﬂ
988 878 1277 940 habentur,
1313 894 1420 931 non
1464 893 1530 932 ex
1581 878 1796 947 pr0pria
1846 886 2059 940 natura,
2100 892 2289 930 verum

2390 881 2533 934 σθαι·
2570 878 2690 940 Πῶς
2713 883 2820 951 γὰρ
2848 883 2915 935 ἂν
2940 882 3129 953 (φησιν
3166 884 3193 935 ὁ
3226 863 3363 947 θεῖος
3395 863 3942 955 Γρηγόρισςγμετρη-

725 969 1145 1036 depcndcutcra
1174 969 1475 1023 constituto
1524 970 1729 1039 aliquo,
1776 969 2000 1039 pulchra
2050 980 2197 1034 sunt,
2229 978 2283 1024 et

2394 972 2509 1040 θείη
2530 972 2587 1025 τὸ
2616 972 2858 1042 ἄπειρον,
2896 973 2960 1023 ἶν’
2994 970 3023 1024 ὃ
3043 972 3146 1024 τῶν
3165 975 3591 1043 περατουμένων
3617 978 3768 1036 ἐστὶ.
3801 975 3944 1029 vetito

726 1061 923 1115 divina:
946 1061 1375 1130 pulchritudinis
1411 1062 1627 1116 nonnisi
1666 1058 1958 1117 obscuram
1993 1062 2282 1132 imaginem

2390 1062 2539 1135 πάθῃ
2573 1062 2784 1134 θεότης,
2812 1058 3039 1131 βαθμοῖς
3064 1064 3406 1134 perpetuum)
3432 1066 3526 1118 καὶ
3560 1066 3898 1129 ὐποδάοεση
3926 1084 3944 1115 ν

720 1155 1005 1223 exhibent.
1034 1155 1144 1208 Nos
1211 1165 1415 1218 autem,
1485 1156 1820 1224 posteriores
1881 1154 2029 1216 facti,
2083 1154 2226 1208 bona
2284 1152 2530 1223 quaedam
2582 1156 2844 1209 exsistere
2884 1149 3159 1225 posterius
3205 1156 3367 1210 etiam
3398 1155 3561 1221 facta,
3615 1157 3945 1227 experientia

660 1277 667 1287 ~
729 1260 865 1314 teste
893 1251 1183 1305 discimus:
1239 1261 1403 1319 atque
1435 1228 1630 1305 esindc
1673 1252 1740 1304 ad
1788 1253 1956 1305 Deum
2005 1250 2319 1320 hujusmodi
2358 1251 2535 1305 bona'
2574 1250 2893 1314 referentes,
2948 1266 3013 1303 ex
3051 1250 3117 1305 iis
3160 1252 3415 1321 omnibus
3458 1253 3630 1306 Deum
3667 1250 3834 1307 talem
3865 1252 3946 1306 de.

728 1344 1092 1407 ncminanms,
1124 1344 1299 1415 qualis
1329 1352 1412 1397 est
1450 1358 1515 1397 ex
1546 1354 1736 1396 natura
1790 1359 1885 1396 sua
1921 1361 1936 1396 :
1975 1358 2097 1411 .non
2142 1343 2285 1411 quod
2326 1358 2392 1397 ex
2464 1343 2575 1397 illis
2607 1338 2938 1411 cumpositus
2995 1342 3089 1407 sit,
3115 1344 3573 1412 Quemadmodum
3616 1345 3784 1421 nobis
3817 1348 3946 1400 acci-

727 1434 825 1488 dit.
881 1436 1003 1489 llzcc
1041 1436 1188 1489 etaim
1254 1444 1383 1489 sunt
1445 1435 1663 1489 nomina
1740 1440 2152 1489 ct'nostrarum
2208 1437 2560 1505 cogitationes
2609 1436 2952 1501 animarum;
3025 1451 3146 1504 quae
3196 1452 3328 1489 cum
3360 1435 3415 1490 in
3458 1436 3607 1509 adyti
3680 1440 3945 1493 vestibulo

725 1529 948 1597 degant,
980 1528 1072 1581 Dei
1114 1539 1292 1582 tamen
1356 1537 1604 1583 naturam
1666 1526 1944 1581 curiosius
1976 1528 2179 1582 audent
2241 1531 2594 1596 perscrutari,
2663 1544 2849 1582 verum
2897 1527 2964 1583 de
3009 1529 3209 1583 divinis
3250 1529 3529 1584 attributis
3596 1530 3737 1585 nihil
3785 1522 3947 1586 enun-

727 1626 865 1677 tiare
924 1632 1173 1692 possunt,
1237 1640 1389 1678 suas
1421 1622 1679 1677 duntaxat
1727 1623 2006 1694 passiones
2053 1632 2109 1677 et
2158 1638 2286 1694 erga
2327 1623 2494 1677 Deum
2573 1625 2891 1682 au‘ectiones
2952 1626 3246 1693 declarant,
3292 1635 3406 1681 tum
3446 1626 3800 1681 difficultates
3826 1643 3947 1695 quas

728 1718 1011 1786 patiuntur
1068 1725 1123 1769 et
1201 1726 1380 1771 errata
1445 1717 1498 1769 in
1578 1732 1699 1786 qua:
1764 1718 2113 1788 impingunt,
2183 1732 2290 1771 non
2368 1718 2586 1787 quidem
2640 1718 2967 1783 evidenter;
3060 1720 3155 1773 sed
3206 1719 3422 1773 indiciis
3471 1720 3809 1789 quibusdam
3867 1720 3950 1771 dc-

728 1824 1045 1867 monstrant
1099 1813 1167 1867 iis
1229 1814 1320 1884 qui
1362 1828 1425 1870 ea
1469 1814 1652 1868 valent
1725 1813 2100 1883 intelligere.)
2169 1812 2358 1869 Vester
2396 1824 2575 1869 autem
2656 1816 2913 1885 magister
2982 1815 3226 1871 Palamas
3296 1831 3637 1886 quaecunque
3693 1816 3767 1870 de
3849 1816 3948 1870 Deo

727 1922 852 1982 apte
914 1912 1316 1982 praedicantur,
1388 1920 1443 1965 et
1501 1910 1905 1981 intelliguntur,
1986 1911 2211 1966 totidem
2265 1911 2581 1967 divinitates
2630 1926 2750 1966 esse
2802 1913 3107 1973 increatas,
3148 1927 3178 1965 a
3231 1927 3288 1967 se
3342 1913 3578 1986 invicem
3631 1914 3946 1976 distinctas.

728 2006 1159 2078 indi-pendentes
1230 2005 1549 2060 existimat:
1604 2005 1805 2073 quibus
1873 2004 1965 2059 Dei
2045 2004 2311 2075 judicium
2390 2009 2445 2058 et
2526 2006 2857 2077 majestatem
2940 2005 3313 2068 adndmerat,
3396 2018 3446 2060 et
3525 2008 3662 2062 alia-
3713 2006 3946 2071 inﬁnita;

729 2120 870 2174 quae,
901 2104 1150 2158 adductis
1204 2103 1257 2155 in
1312 2101 1553 2155 medium
1612 2100 1785 2171 ipsius
1833 2099 2063 2154 Palama:
2102 2101 2303 2165 verbis,
2344 2103 2734 2169 ostendemus;
2789 2112 2848 2156 ut
2892 2115 3078 2173 supra,
3132 2102 3419 2157 moderate
3492 2104 3623 2158 licet
3671 2113 3737 2157 et
3813 2090 3947 2165 raro,

730 2214 762 2253 a
792 2198 949 2252 nobis
997 2196 1200 2250 factum
1253 2205 1356 2250 est.
1410 2195 1677 2249 Nimirum
1713 2210 1823 2250 non
1880 2194 2138 2266 intelligit
2185 2196 2298 2249 hare
2339 2196 2543 2265 1071
2590 2194 2690 2250 SS.
2736 2196 2955 2249 Patrum
3028 2196 3190 2250 verba
3219 2213 3244 2250 θ
3278 2215 3295 2248 r
3331 2195 3621 2250 Credimus
3668 2196 3728 2249 in
3792 2208 3949 2248 unum

733 2293 929 2350 Deum.
963 2306 1129 2344 unum
1168 2288 1498 2358 principium
1540 2288 1797 2357 principii
1829 2304 2048 2358 expers,
2112 2290 2415 2343 increatum
2484 2296 2615 2353 etc.,
2682 2303 2841 2342 unam
2887 2297 3233 2357 potestatem.
3303 2304 3464 2343 unam
3502 2288 3948 2351 dominatiOnem,

734 2405 904 2443 unum
956 2401 1226 2456 regnum;
1265 2384 1407 2456 quod
1448 2387 1498 2439 in
1535 2386 1710 2440 tribus
1737 2383 1998 2455 perlectis
2044 2385 2297 2455 personis
2343 2386 2681 2455 agncscitur,
2742 2392 2800 2438 et
2840 2384 3179 2455 ,adorationc
3220 2384 3381 2439 unica
3431 2387 3715 2439 adoratur.
3762 2402 3785 2435 ι
3822 2383 3952 2450 Quas

731 2485 881 2539 enim
914 2484 1027 2536 Deo
1059 2481 1355 2535 tribuimus
1386 2480 1781 2552 appellationes
1823 2482 2108 2549 plurimas,
2164 2483 2322 2535 unica
2364 2491 2419 2535 et
2473 2480 2716 2536 solitaria
2748 2480 3097 2535 conclusione
3137 2468 3362 2549 magnus
3398 2478 3635 2533 Joannes
3664 2478 3949 2533 conclusit.

735 2578 802 2634 Et
850 2594 997 2633 νει-ο·
1038 2578 1081 2633 si
1142 2578 1440 2632 multitudo
1498 2564 1866 2633 increatarum
1915 2576 2298 2644 divinitatum,
2342 2594 2476 2646 quas
2534 2577 2781 2631 Palamas
2852 2566 3077 2643 invexit,
3108 2575 3272 2634 habet
3301 2591 3367 2630 ex
3400 2586 3590 2629 natura
3626 2561 3728 2632 Sua
3768 2575 3953 2632 identi-

738 2680 1015 2734 tatcm.et
1049 2672 1306 2729 iur-reatu:
1334 2674 1412 2729 rei
1447 2673 1843 2740 conditionem,
1895 2676 2007 2745 jam
2072 2675 2163 2729 illa
2230 2673 2521 2729 multitudo
2560 2687 2669 2727 non
2705 2671 2810 2726 erit
2857 2671 3193 2735 multitudo,
3239 2674 3332 2727 sed
3381 2674 3580 2727 unitas.
3632 2671 3755 2729 Hoc
3803 2675 3956 2744 igitur

742 2785 854 2823 non
892 2767 1285 2821 animadvertit
1331 2769 1623 2834 Palamas;
1693 2769 1836 2837 quod
1886 2769 2097 2822 scilicet
2160 2756 2546 2823 deitatesillas
2609 2775 2818 2821 asserat
2862 2780 2984 2820 esse
3019 2763 3156 2835 'quid
3217 2779 3383 2818 unum
3440 2781 3562 2819 cum
3614 2766 3952 2823 substantia:

742 2865 887 2917 unde
920 2879 1024 2917 non
1053 2872 1198 2917 recte
1230 2863 1647 2933 intelligit,qu:e
1676 2875 1825 2918 recte
1854 2848 2121 2919 enuntiat.
2142 2862 2297 2933 Quod
2336 2864 2481 2917 enim
2518 2863 2658 2919 idem
2692 2873 2794 2926 est,
2829 2878 2937 2917 non
2962 2872 3045 2917 est
3076 2860 3454 2931 aliud,>ncque
3502 2862 3830 2927 multitudo,
3868 2880 3953 2920 sca

737 2954 1029 3019 naturam,
1065 2970 1159 3009 seu
1189 2955 1547 3009 substantiam
1573 2964 1804 3023 spectes.
1832 2956 1889 3011 Si
1911 2943 2039 3012 iero
2057 2956 2228 3027 gratia
2250 2956 3013 3026 duntaxat,quemadmodum
3046 2955 3295 3009 homines
3339 2956 3456 3009 illas
3492 2956 3817 3013 divinitates
3850 2974 3957 3012 esse

746 3046 881 3115 quid
913 3064 1081 3100 unum
1106 3030 1172 3107 in
1203 3049 1505 3102 incrcatum
1543 3056 1747 3102 statuat
1776 3050 2045 3127 Papulas,
2074 3066 2181 3105 non
2226 3051 2458 3105 advertit
2488 3067 2518 3103 a
2550 3066 2608 3104 se
2642 3048 2894 3103 aﬂirmari
2927 3049 3200 3102 ‘deitatum
3254 3041 3565 3116 hujusmodi
3597 3048 3790 3104 increa
3816 3065 3956 3104 arum

744 3140 1154 3193 multitudinem
1188 3140 1465 3214 essequid
1501 3141 1641 3195 idem
1674 3158 1795 3196 cum
1839 3143 2184 3196 hominibus:
2214 3154 2269 3196 et
2313 3144 2389 3197 sic
2425 3144 2572 3214 juxta
2601 3144 2829 3197 Palam‘tc
2854 3142 3375 3212 sententiam,quod
3400 3144 3957 3210 increatum‘estmoe

738 3232 849 3287 erit
904 3235 1230 3297 increatum,
1284 3232 1402 3305 sed
1436 3245 1699 3288 creatum.
1756 3235 1889 3289 Nam
1948 3252 2088 3305 qua:-
2130 3220 2310 3292 multa
2336 3250 2489 3300 sunt,
2543 3237 2875 3291 exsistentiaa
2912 3236 3201 3308 identitate
3269 3238 3564 3290 uniuntur:
3616 3220 3961 3310 quandoqui-

742 3323 866 3378 dem
902 3340 931 3378 a
960 3335 1167 3380 .natura
1199 3326 1270 3379 ita
1312 3337 1686 3394 comparatum
1720 3337 1824 3389 est,
1858 3338 1918 3383 ut
1970 3346 2096 3398 quae
2158 3330 2376 3383 diversa
2418 3344 2525 3383 non
2568 3338 2715 3392 sunt,
2760 3314 2944 3383 secum
3000 3328 3232 3383 invicem
3271 3329 3600 3407 conveniant
3661 3334 3959 3397 secundum

740 3428 955 3472 natura:
987 3432 1037 3473 et
1058 3420 1258 3489 gradus
1302 3423 1741 3489 similitudinem,
1791 3426 1883 3487 ubi,
1950 3426 2095 3478 nulla
2160 3422 2261 3478 est.
2322 3424 2631 3479 diversitas.
2678 3425 2825 3478 Alias
2871 3424 3155 3494 quomodo
3199 3428 3683 3481 commiscerent'zr
3748 3445 3821 3483 ea
3856 3444 3962 3497 qua

744 3512 955 3566 directe
1012 3528 1073 3566 ae
1128 3514 1293 3568 veluti
1338 3531 1367 3569 e
1414 3515 1685 3569 diametro
1730 3516 1833 3570 sibi
1908 3517 2139 3571 invicem
2210 3529 2583 3587 opponuntur,
2631 3528 2685 3571 et
2758 3518 2948 3575 saltem
2996 3519 3207 3571 ratione
3268 3532 3380 3572 sure
3428 3519 3771 3576 diversitatis
3828 3538 3962 3576 nun-

743 3620 903 3671 quam
937 3602 1041 3657 non
1082 3621 1265 3660 secum
1299 3608 1578 3676 pugnant?
1626 3608 1812 3679 Neque
1844 3612 1990 3673 enim
2041 3610 2155 3664 ﬁeri
2203 3621 2427 3679 posset,
2468 3619 2526 3663 ut
2572 3610 2801 3665 alterum
2872 3611 3027 3687 alteri
3102 3610 3441 3665 lueulentmu
3516 3614 3724 3667 scilicet
3783 3615 3963 3669 interi.

744 3711 861 3754 tum
889 3702 1110 3771 jamjam
1148 3704 1294 3756 omni
1318 3686 1476 3766 ,dieto
1513 3705 1677 3759 citius
1710 3723 1815 3759 non
1861 3717 2101 3776 pararet.
2135 3706 2303 3775 igitur
2335 3707 2427 3775 qui
2464 3714 2662 3776 praeter
2737 3707 2945 3776 1072
3006 3686 3246 3758 divinam
3276 3707 3666 3769 substantiam,
3696 3707 3965 3763 increazas

706 3793 1059 3868 ‘divinitatcs
1094 3797 1229 3849 alias
1297 3808 1353 3852 et
1387 3801 1735 3866 operationcs
1778 3802 1987 3863 statuit,
2057 3802 2101 3854 is
2140 3801 2380 3857 omnium
2420 3801 2701 3855 creatricis
2762 3799 3062 3854 divinitatis
3112 3799 3375 3857 unitatem
3437 3802 3656 3858 evertit.
3720 3803 3964 3875 Namque

744 3904 968 3959 prorsus
1001 3890 1343 3958 impossibile
1384 3902 1490 3951 est.
1526 3902 1582 3943 ut
1616 3890 1879 3945 deitatum
1911 3893 2202 3948 diversitas
2245 3892 2298 3946 in
2341 3895 2677 3948 identitatem
2724 3894 3025 3970 naturalem
3088 3904 3263 3950 coeat.
3298 3884 3485 3965 Itaque
3549 3895 3696 3949 nulla
3727 3897 3843 3952 fuit
3874 3913 3964 3951 nec

686 4014 689 4015 ν
741 3982 851 4034 erit
887 3999 1123 4052 unquam
1178 3983 1419 4037 increata
1494 3983 1753 4039 divinitas
1802 3985 1928 4050 alia,
1994 3989 2196 4061 praeter
2238 3986 2477 4040 divinam
2512 3996 2570 4041 et
2596 3986 2766 4041 solam
2831 3987 3193 4042 substantiam
3250 3988 3303 4041 iu
3341 3989 3520 4043 tribus
3560 3990 3827 4058 personis
3854 3992 3965 4046 sul-

746 4074 1069 4140 sistentem;
1106 4076 1321 4130 etiamsi
1356 4077 1637 4133 Palamitae
1673 4078 1817 4133 istud
1852 4067 2165 4134 etTutie'ntes
2197 4078 2631 4149 disrumpantur.
2700 4080 2890 4148 Neque
2954 4095 3085 4134 vero
3130 4078 3466 4134 admittenda
3525 4092 3613 4136 cst
3677 4088 3963 4154 paganiw

745 4181 865 4220 rum
927 4168 1151 4221 deorum
1202 4171 1520 4223 multitudo.
1549 4172 1623 4223 lta
1653 4172 1797 4225 enim
1842 4173 2100 4247 praeclare
2146 4170 2312 4225 habet
2351 4172 2754 4253 celeberrimus
2773 4171 3059 4240 theologus
3124 4180 3346 4226 sanctus
3398 4171 3636 4229 Joannes
3678 4176 3967 4232 Damasce-

750 4280 895 4319 nus:
943 4283 959 4313 ι
1002 4264 1061 4327 Si
1103 4264 1319 4332 plures,
1374 4265 1582 4334 inquit,
1631 4282 1751 4343 esse
1802 4268 1937 4321 deos
1984 4268 2304 4333 dixerimus,
2380 4282 2604 4321 necesse
2646 4279 2728 4321 eSt
2774 4275 2831 4320 ut
2898 4266 2999 4336 ipsi
3042 4267 3188 4321 inter
3231 4283 3292 4323 se
3318 4267 3595 4325 dill'erant.
3628 4270 3702 4326 Et
3753 4276 3967 4343 quidem

748 4362 899 4416 solus
934 4360 1023 4413 ille
1056 4360 1283 4413 omnino
1312 4370 1369 4414 et
1391 4362 1630 4417 totaliter
1659 4361 1805 4415 Deus
1841 4361 1968 4425 erit,
2000 4362 2092 4430 qui
2128 4362 2368 4415 totaliter
2395 4363 2718 4416 ct‘romnino
2772 4362 3046 4432 perfectus
3115 4362 3220 4419 erit
3261 4381 3293 4416 τ
3354 4366 3671 4435 quicdnque
3724 4380 3912 4426 autem
3940 4388 3965 4425 ι

751 4468 964 4507 summe
1012 4452 1253 4522 perfecto
1302 4453 1395 4507 illo
1422 4453 1772 4522 superabitur
1818 4456 2118 4508 secundum
2163 4455 2493 4520 bonitatem,
2559 4463 2652 4508 aut
2723 4457 3070 4524 sapientiam,
3115 4464 3209 4510 aut
3265 4458 3593 4529 potentiam,
3630 4470 3731 4517 aut
3770 4478 3964 4519 secun-

752 4551 881 4601 dum
925 4549 1071 4600 aliud
1106 4550 1412 4617 quidpiam,
1448 4551 1588 4603 Deus
1621 4540 1728 4621 nun
1775 4549 1899 4604 erit.
1930 4550 2135 4604 Deinde
2166 4562 2315 4614 vero,
2357 4550 2401 4605 si
2468 4550 2622 4604 multi
2671 4551 2781 4606 sint
2822 4551 2932 4617 dii,
2966 4552 3239 4623 quomodo
3286 4554 3752 4628 incircumscripti
3792 4578 3969 4616 manc-

752 4639 1053 4694 bunt?Ubi
1106 4641 1250 4692 enim
1303 4642 1466 4695 fuerit
1518 4659 1683 4709 unus,
1735 4644 1811 4696 ibi
1860 4644 1996 4699 alter
2070 4658 2178 4698 non
2230 4645 2357 4697 crit.
2397 4646 2559 4713 Atqui
2608 4634 2789 4700 tamen
2815 4646 3054 4702 'neccsse
3095 4659 3179 4705 est
3229 4659 3287 4704 ut
3345 4651 3871 4725 incircumscriptus
3907 4650 3968 4711 si‘

756 4734 923 4811 Deus,
975 4741 1032 4785 et
1070 4733 1508 4803 ninnia‘repleat.
1546 4753 1563 4785 ›
1598 4736 1766 4804 Igitur
1804 4738 1929 4790 hinc
1972 4738 2136 4791 etiam
2183 4738 2639 4793 considerandum
2675 4750 2779 4804 est,
2842 4744 3117 4809 quomodo
3178 4744 3409 4799 stoiidus
3472 4747 3744 4814 Palamas,
3797 4767 3967 4819 neque

761 4842 971 4880 sacram
1004 4824 1338 4895 Seripturam
1379 4826 1651 4880 ullatenus
1680 4827 2010 4898 intelligens,
2032 4828 2320 4884 manifeste
2360 4846 2573 4899 semper
2612 4833 2886 4885 censuerit
2920 4843 2976 4889 et
3010 4833 3278 4903 docuerit,
3300 4836 3461 4891 unius
3487 4837 3582 4891 Dei
3609 4838 3965 4896 substantiam

762 4929 818 4973 et
854 4919 1234 4987 operationem
1268 4936 1296 4973 a
1330 4936 1387 4975 se
1419 4921 1653 4975 invicem
1699 4909 1944 4986 differre,
1985 4936 2159 4990 neque
2200 4937 2359 4975 unam
2402 4922 3019 4993 duntaxatdivinitatem
3060 4912 3266 4981 admitti
3305 4943 3335 4982 a
3372 4943 3430 4983 se
3464 4930 3850 4994 deelaraverit,
3885 4936 3967 4990 sed

771 5014 1047 5077 inﬁnitas;
1076 5031 1180 5069 nec
1208 5015 1448 5071 inﬁnitas
1482 5018 1788 5083 solum,sed
1817 5026 1873 5072 et
1897 5018 2191 5085 inereatas;
2212 5034 2337 5073 *nec
2374 5018 2749 5085 tantummodo
2775 5019 3168 5086 increatas,sed
3192 5026 3419 5096 majores
3445 5033 3501 5080 et
3525 5028 3792 5085 minores.
3810 5030 3967 5089 Porro

766 5109 862 5174 qui
895 5110 1130 5178 majores
1153 5121 1207 5163 et
1234 5114 1474 5166 minores
1508 5115 1777 5168 increatas
1804 5114 2033 5168 deitates
2057 5114 2369 5180 introducit,
2396 5114 2440 5168 is
2472 5114 2711 5184 profecto
2738 5116 3075 5174 intervallum
3103 5119 3370 5189 quoddam
3394 5112 3649 5179 intereas
3676 5134 3963 5199 excogitat.

766 5203 879 5259 Hoc
924 5215 1106 5259 autem
1144 5206 1487 5261 intervallum
1511 5208 1788 5265 infinitum
1826 5225 1948 5265 esse
1986 5210 2193 5281 1073
2234 5226 2340 5266 non
2376 5212 2581 5279 patitur
2628 5211 2793 5280 ipsius
2832 5211 3015 5279 medii,
3046 5230 3151 5273 seu
3183 5213 3478 5283 intervalli,
3508 5219 3649 5273 ratio
3704 5220 3964 5281 formatis.

764 5298 873 5353 liec
915 5302 1060 5356 enim
1100 5302 1387 5357 inﬁnitatis
1430 5312 1626 5357 natura
1665 5305 1933 5374 ejusmodi
1989 5316 2090 5372 est,
2123 5318 2181 5361 ut
2230 5308 2487 5376 gradibus
2536 5316 2647 5361 tum
2686 5309 3057 5378 superioribus
3106 5315 3227 5365 tum
3272 5311 3629 5369 inferioribus
3687 5332 3965 5378 mensum-

760 5403 871 5447 tur.
906 5411 926 5444 a
1018 5430 1019 5433 η
2012 5456 2016 5460 Α

839 5486 902 5540 Χ..
944 5487 1210 5553 Equidem
1260 5499 1503 5559 poteram
1570 5490 1675 5546 alia
1750 5493 1917 5581 plural
1962 5494 2060 5549 SS.
2090 5494 2310 5548 Patrum

2492 5496 2552 5554 l'.
2593 5494 2722 5563 Ἐμὲ
2751 5496 2807 5549 δὲ
2834 5498 2925 5550 καὶ
2964 5497 3195 5571 πλείους.
3216 5501 3524 5573 μαρτυρίας
3552 5504 3755 5579 ἑτέρας
3787 5514 3966 5585 Em

764 5584 1008 5650 prolerre
1037 5580 1369 5650 testimonia,
1401 5582 1603 5653 quibus
1630 5576 1928 5648 constaret,
1960 5600 2140 5655 neque
2183 5602 2309 5655 ope-

2384 5650 2385 5653 η
2422 5591 2605 5659 φέρειν
2625 5590 2967 5661 ἁγίων,ιπὲρέ
2984 5607 3049 5658 γε
3064 5588 3157 5643 δι’ὸῦ
3178 5592 3315 5661 μήτε
3340 5576 3661 5666 ἑνέργειανέ
3680 5576 3966 5673 μήτε-*τινὰ

764 5673 1241 5744 rationem,neque
1275 5674 1435 5727 ullam
1460 5670 1797 5744 qualitatem,
1820 5692 1995 5746 neque
2024 5676 2170 5731 aliud
2197 5694 2314 5732 om-

2382 5709 2386 5713 -
2422 5683 2678 5752 ποιότητα
2696 5687 2829 5754 μήτε
2843 5701 2896 5737 τι
2915 5682 3022 5737 τῶν
3034 5676 3247 5736 πάντων
3269 5684 3326 5751 ἐξ
3346 5687 3515 5742 disice
3536 5670 3786 5748 coniux:
3803 5698 3970 5767 διάφο-

762 5762 894 5816 nino
928 5765 1228 5832 quidpiam,
1269 5763 1468 5819 divinae
1508 5766 1824 5835 substantiae
1874 5776 2204 5821 coaeternum
2258 5775 2313 5821 et

2422 5786 2513 5839 ρον
2528 5772 2781 5827 δύνασθαι
2808 5776 2872 5843 πῇ
2894 5772 3010 5841 θείᾳ
3029 5773 3206 5845 oricia,
3228 5775 3323 5829 καὶ
3334 5777 3448 5863 diu
3466 5781 3576 5843 τοῖς
3593 5781 3674 5852 τῷ
3692 5762 3965 5853 liam
