4052 6346
171 311 293 378 1381

550 308 623 384 [Α.
665 328 695 367 c
762 312 917 384 εδει]

1039 343 1045 349 -
1091 315 1524 394 summa
1562 315 1708 376 HlS'.

1809 313 1940 374 mg
1979 315 2120 376 ιω,
2157 316 2382 378 Χχηι,
2466 311 2596 382 (mp.
2639 330 2678 367 ι.
2723 331 3009 374 cunccz.
3052 309 3107 390 5]

3220 321 3355 383 1332

162 428 380 499 κλησίας
422 429 847 499 εὐνομουμένης.
897 431 1085 500 ’Ὅμως
1118 449 1178 485 τε
1220 433 1350 502 περὶ
1397 428 1700 499 βουλήσεως

1809 427 1998 496 ingenii
2040 428 2490 494 concinnitatem,
2527 446 2705 501 neque
2738 435 3008 488 tantillum
3038 406 3187 491 abest
3225 439 3372 504 quin.

160 523 249 574 κιὶ
269 521 549 589 δυνάμεως
582 519 678 573 καὶ
708 521 856 590 ζωῆς
899 521 993 574 καὶ
1025 521 1215 590 σοφίας
1246 523 1340 575 καί⁵
1386 518 1493 572 τῶν
1534 516 1710 570 τοιού-

158 629 264 664 των
295 611 380 663 ἐπ’
414 610 646 672 ἐκείνοις
679 610 778 680 μὲν
808 609 1133 680 παμπληθὲς
1163 609 1460 679 διεξῆλθονο
1492 605 1623 675 ὑμῖν
1662 590 1708 656 δ’

158 702 402 755 ἐνταυθοῖ
425 702 759 771 προτιθέναι,
794 686 1061 770 φορτικὸν
1081 684 1210 771 ἐμοί’
1237 715 1301 767 γε
1323 694 1578 766 φαίνεται
1617 694 1710 747 καὶ

158 789 468 850 οὐδ”ᾱλλως
496 779 813 852 αναγκαῖον.
841 788 951 856 Τὴν
995 789 1103 858 γὰρ
1138 790 1194 838 ἐν
1231 785 1440 848 τούτοις
1466 784 1710 853 ἀνάγκην

159 881 249 931 καὶ
297 879 504 948 καιρῶν
542 878 746 932 δεῖσθαι
791 879 1063 947 πολεμίων
1102 869 1343 945 ἀνάγκη,
1383 877 1470 928 ὅτε
1510 874 1574 945 δὴ
1609 891 1711 942 μα-

157 969 317 1034 χίμου
391 967 599 1038 (φάναι)
652 967 854 1029 κόνεως
910 964 1402 1037 ἁναρῤιπιζομένης
1448 963 1505 1015 ἐν
1557 963 1708 1032 μέσῳ

159 1055 305 1123 μάλα
338 1055 581 1124 σφοδρῶς
621 1055 1054 1124 ἀναφλεγόμενον
1088 1056 1149 1106 τὸ
1171 1054 1376 1124 θερμὸν
1401 1052 1498 1122 τῆς
1530 1050 1708 1120 ψυχῆς
1744 1071 1748 1075 ·

156 1147 450 1198 ἀκάθεκτον
498 1145 610 1215 ἔχει
647 1146 745 1216 τὴν
779 1147 988 1201 οἴκοθεν
1035 1146 1238 1216 ὁρμὴν,
1261 1147 1354 1197 ἐπὶ
1381 1143 1545 1213 ξυροῦ
1582 1144 1708 1196 ’τῶν

157 1237 420 1289 κινδύνων
471 1238 858 1307 αἰωρουμένων
879 1251 895 1266 '
928 1236 1035 1306 τῆς
1073 1235 1120 1314 δέ
1147 1237 1327 1306 ἀκμῆς
1355 1236 1566 1302 ἐκείνης
1605 1253 1704 1287 πα-

157 1325 468 1393 ρελθούσης,
487 1328 580 1380 καὶ
617 1326 710 1400 τοῦ
737 1327 974 1397 μαχίμου
1008 1326 1255 1396 θώρακος
1282 1323 1500 1378 καὶτῶν
1528 1323 1706 1378 ὅπλων

156 1419 376 1470 ἐκείνων
406 1418 690 1487 ῥιφέντων,
741 1419 797 1481 ἐς
846 1417 1150 1472 τούναντίον
1177 1417 1343 1490 χωρεῖ
1383 1416 1476 1469 καὶ
1503 1416 1570 1469 τὰ
1607 1416 1706 1478 τῆς

157 1509 411 1579 σπουδῆς,
449 1511 850 1579 μαραινομένου
892 1509 985 1562 τοῦ
1035 1493 1456 1576 ὑπεκκαύματος
1483 1505 1576 1558 καὶ
1608 1508 1706 1574 τῆς

154 1602 408 1671 ἀφορμῆς
461 1602 554 1655 τοῦ
611 1582 846 1671 πολέμου
893 1599 1037 1654 κατὰ
1068 1600 1280 1670 ,μικρὸν
1332 1599 1598 1668 ἀπιούσης
1645 1600 1705 1661 ἐς

152 1690 343 1760 λήθην,
386 1693 522 1761 μετά
568 1710 632 1760 γε
682 1694 781 1763 τῆς
839 1693 943 1747 τῶν
996 1696 1177 1748 ὅπλων
1221 1689 1569 1760 ἀπαλλαγῆς.
1614 1691 1705 1743 Διὸ

1808 517 2019 584 addam,
2050 534 2268 572 omnem
2321 507 2577 590 pietatem
2625 533 2786 593 atque
2814 525 3067 580 Ecclesia:
3096 527 3233 581 bene
3271 543 3359 580 0r-

1809 606 2004 662 dinatte
2044 624 2302 664 canones.
2353 610 2555 664 Tamen
2623 615 2692 666 de
2743 616 3039 682 voluntate,
3097 619 3360 686 potentia,

1808 695 1938 756 vita.
1983 697 2270 766 sapientia,
2313 699 2539 753 et'aliis
2587 699 2923 770 hujusmodi,
2961 711 3184 774 propter
3237 705 3368 760 illcs

1810 785 2124 853 plenissime
2156 786 2415 842 disserui.
2447 788 2600 855 ρειαί
2631 790 2785 846 vobis
2832 792 2923 846 hic
2947 809 3271 863 proponere,
3305 807 3371 850 ut

1806 889 1969 943 grave
2015 891 2077 930 ac
2127 878 2415 932 molestum
2458 878 2674 934 videtur
2718 881 2870 947 mihi,
2895 881 2969 935 ita
3011 898 3112 938 nec
3141 885 3367 953 aliunde

1785 960 2202 1023 "necessarium.
2223 969 2358 1024 Nam
2388 986 2509 1040 quae
2545 972 2599 1026 in
2641 973 2730 1029 his
2772 976 3012 1030 occurrit
3044 978 3360 1039 necessitas,

1808 1058 2032 1112 hostiles
2059 1069 2112 1116 et
2148 1061 2370 1117 bellicas
2389 1064 2704 1120 occasiones
2749 1067 3058 1123 necessario
3087 1069 3315 1136 postulat
3339 1086 3355 1133 ;

1807 1165 1928 1204 cum
1963 1151 2174 1206 scilicet
2205 1152 2434 1208 bellicus
2463 1155 2641 1223 pulvis
2664 1157 2746 1226 (ut
2775 1158 2858 1212 ita
2871 1159 3070 1230 dicam)
3097 1160 3150 1213 in
3183 1161 3361 1214 medio

1807 1239 1981 1306 palam
2037 1241 2326 1305 excitatur,
2380 1252 2433 1297 et
2490 1241 2924 1300 ferventissimus
2959 1259 3125 1302 aestus
3169 1249 3362 1302 animm

1778 1328 2132 1384 indomitum
2180 1332 2512 1387 intrinsecus
2578 1335 2743 1397 habet
2777 1338 3074 1406 impetum,
3104 1355 3170 1394 eo
3214 1341 3358 1408 quod

1810 1433 1898 1470 res
1929 1419 2000 1471 sit
2031 1420 2082 1473 in
2115 1412 2388 1474 summum
2418 1431 2582 1490 atque
2626 1423 2919 1480 imminens
2939 1428 3232 1481 discrimen
3263 1429 3360 1481 ad-

1806 1506 1987 1560 ducta.
2028 1506 2131 1562 Ubi
2162 1523 2292 1563 vero
2338 1511 2521 1563 acrior
2562 1511 2653 1566 ille
2684 1514 3054 1568 contentionis
3081 1526 3243 1571 astus
3272 1517 3364 1570 de-

1805 1598 2027 1662 ferbuit,
2079 1610 2132 1652 et
2175 1599 2424 1656 militaris
2469 1602 2642 1656 lorica
2711 1604 2875 1658 simul
2908 1621 3030 1660 cum
3055 1609 3229 1669 armis
3259 1607 3363 1661 iliis

1806 1690 2170 1761 projectatest,
2208 1700 2340 1746 tunc
2363 1693 2528 1747 etiam
2570 1694 2864 1751 vehemens
2889 1712 3080 1766 pusum
3113 1700 3354 1752 studium

151 1781 245 1838 καὶ
301 1787 430 1854 ἡμῖν
478 1785 943 1857 ἐρῤᾳθυμημένως
994 1805 1104 1846 πως
1136 1788 1235 1856 ῆδη
1275 1787 1340 1855 τῇ
1387 1785 1519 1854 πρὸς
1562 1774 1704 1851 ὑμᾶς

1809 1782 1860 1833 in
1883 1783 2217 1835 contrarium
2261 1784 2472 1852 vergit,
2500 1799 2568 1838 eo
2613 1787 2759 1854 quod
2804 1787 2979 1856 ipsius
3030 1791 3357 1844 exstinctum

151 1881 398 1948 διηγήσει
440 1880 578 1948 μετὰ
609 1880 710 1949 τὴν
736 1879 902 1948 ζάλην
931 1880 1146 1948 ἐκείνην
1174 1877 1470 1948 χρωμένοις
1504 1877 1700 1928 ἐνεῖναι

152 1973 479 2042 συγγνώμην
508 1972 664 2025 οὐδὲν
713 1972 960 2034 ἀπεικός·
1004 1972 1202 2037 ἐξεῖναι
1255 1974 1384 2039 γὰρ,
1440 1969 1547 2021 κάκ
1593 1967 1701 2019 τῶν

149 2067 477 2134 εἰρημένων,
503 2066 739 2117 συνεῖναι
776 2064 918 2134 ὑμᾶς
949 2061 1048 2133 τὴν
1073 2061 1182 2114 τῶν
1215 2059 1388 2130 σοφῶν
1427 2049 1701 2128 ἑκατέρων

151 2156 492 2225 συμφωνίαν,
532 2155 640 2208 τῶν
673 2173 732 2207 τε
762 2154 1042 2224 ἡμετέρων
1100 2153 1297 2222 δηλαδὴ
1342 2149 1572 2205 καὶτῶν
1611 2148 1704 2202 θύ-

153 2249 336 2315 ραθεν,
376 2248 524 2308 ὅπως
578 2247 752 2300 ταυτὰ
801 2245 897 2298 καὶ
962 2245 1220 2313 φρονοῦσι
1249 2244 1342 2295 καὶ
1374 2241 1702 2310 φθέγγονται

151 2340 278 2407 περὶ
334 2338 433 2406 τῆς
485 2336 636 2398 θείας
687 2336 1009 2404 ἁπλότητος,
1046 2330 1185 2388 εἶναι
1225 2332 1572 2401 παγχάλεπον
1607 2331 1700 2384 καὶ

152 2426 358 2494 σφόδρα
390 2424 497 2477 τῶν
525 2424 836 2488 ἀδυνάτων,
881 2417 1128 2475 ἇύνθεσιν
1183 2423 1382 2473 ἐννοεῖν
1433 2418 1466 2488 ἢ
1513 2419 1698 2485 διαφοο

151 2518 274 2587 ρὰν,
312 2514 450 2586 πλὴν
482 2514 762 2584 ὀνομάτων
802 2513 960 2584 μόνον
985 2552 1001 2575 ,
1031 2511 1217 2574 οὐσίας
1263 2528 1323 2562 τε
1364 2513 1457 2562 καὶ
1511 2508 1702 2578 βουλή-

149 2626 288 2669 σεως
319 2609 410 2661 καὶ
444 2607 722 2676 δυνάμεως
751 2607 846 2659 καὶ
878 2604 1020 2674 ζωῆς
1043 2605 1136 2658 καὶ
1157 2604 1364 2674 σοφίας,
1395 2603 1490 2654 καὶ
1517 2601 1703 2664 ἁπλῶς

147 2697 430 2765 ἐνεργείας
477 2698 714 2773 ἁπάσης.
751 2697 962 2764 Ὠσπερ
1004 2697 1111 2766 γὰρ
1159 2695 1355 2761 ἐπίσης
1405 2692 1616 2773 δίδωσιν
1671 2693 1701 2743 ὁ

147 2783 550 2852 Θεδςεύσεϐέσι
576 2769 668 2840 ναι
693 2786 964 2852 ἀσεϐέσιν,
997 2787 1224 2852 Ἕλλησί
1270 2802 1328 2838 τε
1370 2785 1462 2837 καὶ
1495 2769 1701 2853 βατισά-

148 2898 302 2952 ροις,
333 2881 431 2932 καὶ
462 2878 770 2948 συλλήϐδην
802 2880 970 2932 πᾶσιν
1009 2879 1218 2930 ἔθνεσιν
1247 2879 1440 2956 εἰπεῖν,
1474 2876 1700 2945 οὐρανὸν

147 2974 244 3025 καὶ
274 2973 403 3038 γῆν,
433 2973 571 3041 ἀέρα
616 2988 675 3024 τε
719 2971 812 3024 καί⁵
841 2971 1013 3035 ὑετὸν,
1045 2970 1193 3040 ἥλιόν
1226 2985 1286 3021 τε
1315 2969 1406 3021 καὶ
1445 2967 1693 3037 σελήνην,

145 3067 246 3116 καὶ
294 3065 600 3131 τάναγκαῖα
644 3063 844 3116 πάντα·
878 3061 1021 3114 οὕτω
1074 3061 1167 3114 καὶ
1204 3063 1329 3123 τοὺς
1381 3057 1493 3111 τῶν
1531 3061 1698 3126 ἀναγ-

145 3155 323 3206 καίων
374 3153 580 3222 τεχνῶν
641 3153 870 3214 κανόνας
916 3151 1114 3219 ἐπίσης
1170 3150 1464 3219 παρέχεται
1516 3150 1706 3213 πᾶσιν,

141 3245 441 3314 ὁμοφύλοις
475 3246 569 3297 καὶ
595 3243 932 3312 ἀλλοφύλοις.
977 3244 1050 3295 Οὐ
1080 3241 1185 3312 γὰρ
1234 3242 1366 3310 άλλη
1419 3241 1517 3309 μὲν
1558 3242 1590 3310 ἠ
1623 3257 1709 3293 τε-

141 3335 375 3405 κτονικὴ
419 3333 552 3403 παρ’
601 3335 827 3404 Ἕλλησι
883 3334 1131 3404 στάθμη,
1186 3334 1334 3402 παρὰ
1392 3333 1621 3394 Σκύθαις
1661 3334 1706 3385 δ’

141 3427 284 3494 άλλη
309 3442 324 3457 ⁶
358 3429 454 3479 καὶ
476 3426 680 3496 Μήδοις
711 3427 804 3479 καὶ
831 3426 1068 3494 Πέρσαις
1097 3426 1316 3494 ὁμοίως.
1344 3425 1420 3476 Οὐ
1457 3423 1562 3493 μὴν
1585 3423 1707 3475 οὐδὲ

138 3521 242 3572 τοῦ
275 3521 542 3589 γεωργεῖν
597 3518 695 3571 καὶ
738 3518 1078 3586 κυνηγετεῖν,
1129 3517 1221 3569 καὶ
1273 3516 1381 3569 τῶν
1430 3514 1707 3577 τοιούτων,

138 3612 402 3680 διαφορά.
439 3611 598 3664 una
635 3611 735 3679 τῆς
781 3609 1073 3679 θρησκείας
1103 3609 1478 3678 διαφερούσης,
1515 3606 1586 3660 τά
1612 3606 1710 3675 τῆς

137 3707 348 3774 τέχνης
394 3703 504 3771 ἔχει
546 3704 862 3770 συνάφειαν.
902 3703 1057 3756 Οὕτω
1087 3701 1144 3755 δὲ
1190 3703 1326 3756 κάπὶ
1369 3700 1470 3768 τῆς
1493 3699 1710 3769 λεξικῆς

138 3797 460 3864 ἐπιστήμης
479 3795 626 3846 ἐστιν
643 3776 956 3863 όρᾴν.”οσοι
981 3791 1081 3861 μὲν
1108 3794 1216 3860 γὰρ
1236 3793 1300 3861 τῇ
1320 3790 1454 3857 αὐτῇ
1483 3788 1713 3858 κέχρην-

137 3905 238 3941 ται
285 3885 574 3954 διαλέκτῳ,
594 3889 659 3955 τῇ
687 3884 794 3937 τῶν
822 3883 1053 3952 πρώτων
1093 3883 1560 3951 εὐδοκιμησάντων
1584 3883 1714 3948 ὁμο·

136 3982 322 4051 γενῶν
360 3981 633 4050 ἐπιστήμῃ
661 3977 741 4051 [Ρ.
780 3977 906 4049 690]
941 3975 1035 4031 καὶ
1067 3978 1227 4049 τέχνῃ
1258 3974 1478 4035 τούτους
1512 3973 1713 4042 κεχρῆ-

138 4076 279 4129 σθαι
317 4072 518 4143 χρεὼν,
553 4071 804 4132 Φοίνικας
837 4071 984 4137 λέγω
1007 4070 1104 4123 καὶ
1137 4071 1352 4136 Πέρσας
1384 4067 1478 4117 καὶ
1512 4063 1710 4114 Ἀσσυ-

139 4170 328 4240 ρίους.
353 4166 468 4231 ,Καὶ
500 4164 588 4218 ἵνα
620 4163 746 4226 τοὺς
763 4161 959 4224 ἄλλους
994 4161 1375 4230 παρέλθωμεν,
1404 4157 1497 4210 καὶ
1529 4157 1715 4209 ὁπόσοι

133 4260 207 4327 τῇ
256 4255 468 4308 Ἐλλάδι
501 4253 798 4323 κέχρηνται
838 4249 1084 4320 γλώσσης
1127 4248 1341 4315 ἀνάγκη
1384 4249 1481 4299 καῖ
1507 4245 1716 4307 τούτοις

132 4350 208 4417 τῇ
278 4345 389 4397 τῶν
441 4345 702 4413 ἀρχηγῶν
758 4343 861 4411 τῆς
908 4339 1178 4410 εὑρέσεως
1219 4338 1455 4409 χρῆσθαι
1510 4330 1715 4406 μεθόδῳ

1807 1873 1884 1927 sit
1913 1874 2406 1940 suseitahulum,et
2435 1876 2669 1931 bellicus
2708 1879 2943 1947 impetus
2974 1881 3153 1934 statim
3195 1890 3358 1949 atque

1807 1965 2231 2034 arma'projecta
2260 1976 2406 2032 sunt,
2429 1969 2684 2035 paulatim
2716 1971 2771 2024 in
2793 1973 3120 2027 oblivionem
3145 1976 3360 2029 abierit.

1805 2054 1991 2126 Itaque
2024 2072 2130 2111 non
2165 2056 2440 2114 immerito
2473 2058 2672 2115 dabitis
2711 2061 2852 2117 hanc
2893 2065 3126 2128 veniam,
3153 2065 3197 2119 si
3223 2066 3361 2120 forte

1805 2141 2097 2216 post'illam
2125 2155 2496 2216 tempestatem
2527 2145 2808 2221 utcunque
2839 2153 3139 2208 remissiori
3170 2157 3355 2209 animo

1807 2239 1862 2291 in
1887 2237 2000 2292 haec
2033 2239 2190 2293 vobis
2224 2239 2528 2294 enarranda
2583 2241 2919 2299 incumbam.
2948 2244 3193 2314 Namque
3220 2262 3354 2301 una-

1805 2328 2006 2381 nimem
2024 2329 2348 2397 sapientium
2369 2340 2482 2384 tum
2497 2330 2930 2391 Christianorum
2945 2344 3057 2390 tum
3074 2338 3358 2407 gentilium

1804 2420 2127 2474 sententiam
2157 2420 2242 2474 vel
2267 2414 2432 2475 etiam
2458 2436 2526 2476 ex
2547 2423 2708 2478 dictis
2742 2418 2995 2493 poteritis
3021 2428 3318 2498 intelligere
3345 2449 3358 2490 ς

1804 2527 1909 2581 qua
1938 2503 2132 2580 nempe
2155 2515 2371 2569 ratione
2398 2515 2466 2571 de
2485 2515 2670 2570 divina
2695 2503 3040 2588 simplicitate
3062 2519 3248 2575 eadem
3272 2536 3359 2576 sa-

1806 2604 1955 2671 piant
1974 2613 2030 2657 et
2052 2604 2423 2672 pronuntient,
2441 2620 2561 2660 esse
2580 2616 2838 2678 perquam
2863 2609 3100 2674 dillicile,
3118 2608 3227 2663 imo
3249 2627 3362 2665 ma-

1805 2696 1944 2748 xime
1964 2695 2386 2764 impossibile,ut
2401 2697 2523 2766 quis
2537 2699 2984 2768 compositionem
3002 2713 3094 2756 aut
3113 2704 3363 2758 diﬂ'eren-

1808 2786 1965 2865 tiam,
1985 2795 2342 2855 prmterquam
2375 2788 2652 2842 nominum
2677 2789 2962 2854 duntaxat,
2983 2792 3123 2845 inter
3153 2795 3365 2865 1099

1805 2878 2192 2950 substantiam,
2220 2886 2276 2932 et
2308 2881 2664 2946 voluntatem,
2696 2885 3016 2948 potentiam,
3060 2885 3243 2950 vitam,
3273 2903 3361 2940 sa-

1806 2966 2062 3036 pientiam
2109 2975 2194 3030 et,
2263 2972 2659 3022 utysummatim
2689 2959 2884 3034 dicam,
2919 2988 3134 3027 omnem
3165 2990 3362 3043 opera-

1811 3050 2032 3118 tionem,
2066 3059 2350 3127 excogitet.
2397 3059 2862 3124 Quemadmodum
2896 3065 3044 3132 enim
3074 3067 3179 3134 piis
3209 3084 3360 3136 mque

1798 3164 1875 3231 ac
1923 3148 2127 3217 impiis,
2163 3148 2368 3204 Gra’cis
2413 3159 2467 3203 et
2529 3149 2798 3214 Barbaris,
2845 3163 2899 3206 et
2935 3157 3017 3221 (ut
3057 3171 3162 3221 uno
3195 3159 3364 3211 verbo

1808 3242 2142 3309 complectar
2169 3240 2372 3310 omnia)
2403 3242 2654 3309 gentibus
2687 3244 2961 3308 omnibus,
3005 3247 3226 3312 coelum,
3258 3258 3364 3302 ter-

1809 3346 2123 3408 ran1,,aera,
2181 3331 2434 3394 imbrem,
2480 3333 2670 3396 solem,
2721 3334 2928 3400 lunam,
2975 3345 3029 3388 et
3061 3339 3240 3391 omnia
3271 3355 3363 3394 ne—

1807 3423 2065 3483 cessaria,
2098 3421 2262 3491 Deus_
2290 3420 2478 3476 tribuit
2503 3438 2518 3485 ;
2561 3425 2640 3475 sic
2664 3433 2718 3476 et
2747 3426 3173 3495 necessariarum
3207 3445 3362 3498 regu—

1807 3513 1888 3568 las
1914 3511 2111 3566 artium
2143 3511 2412 3580 indigenis
2439 3521 2494 3566 et
2522 3512 2839 3582 alienigenis
2873 3517 3152 3583 aequaliter
3185 3521 3362 3571 omni-

1809 3609 1914 3663 bus
1939 3607 2175 3662 exhibet.
2205 3605 2341 3660 Nam
2398 3621 2573 3676 neque
2628 3606 2836 3662 fabrilis
2886 3624 3073 3663 norma
3103 3621 3156 3664 et
3184 3612 3360 3665 libella

1809 3699 1914 3753 alia
1943 3708 2025 3752 est
2049 3698 2189 3767 apud
2220 3696 2456 3761 Graecos,
2479 3705 2536 3750 et
2586 3697 2690 3750 alia
2724 3699 2866 3767 apud
2891 3699 3152 3768 Scythas;
3188 3717 3368 3770 nequc
3396 3765 3400 3771 ἱ

1791 3790 1952 3857 -apud
1984 3787 2167 3841 Medos
2215 3787 2340 3848 alia,
2368 3795 2423 3841 et
2446 3787 2549 3839 alia
2584 3787 2712 3841 item
2746 3788 2887 3856 apud
2929 3790 3156 3855 Persas;
3188 3806 3363 3858 neque

1812 3879 2154 3951 agricultura:
2187 3884 2280 3931 adt
2311 3877 2634 3937 vbnationis.
2661 3885 2737 3934 et.
2766 3879 2995 3933 aliorum
3029 3881 3364 3951 huiusmodi,

1814 3950 1922 4028 ulla
1955 3951 2202 4042 est'apud
2252 3972 2350 4026 hos
2376 3986 2565 4026 onmes
2596 3971 2900 4028 diderentia
2936 3990 2952 4028 :
2987 3974 3079 4028 sed
3109 3950 3240 4029 cum
3281 3978 3365 4028 di-

1813 4081 1965 4119 versa
2003 4064 2238 4118 sentiant
2281 4063 2349 4117 de
2376 4063 2654 4131 religione,
2687 4060 2744 4117 in
2777 4065 2984 4130 artibus
3011 4068 3362 4120 conveniunt.

1814 4157 1961 4210 Idem
1986 4155 2171 4207 videas
2219 4153 2273 4205 in
2323 4167 2386 4206 ea
2409 4153 2657 4217 scientia,
2689 4170 2808 4223 qua:
2843 4157 2986 4208 circa
3016 4158 3273 4210 vocabula
3307 4167 3363 4209 et

1816 4242 2082 4298 dictiones
2140 4233 2412 4293 'versatur'.
2472 4240 2536 4292 Et
2587 4257 2716 4294 vero
2779 4243 3088 4311 quicunque
3133 4243 3366 4298 dialecto

1816 4334 2004 4391 eadem
2064 4338 2308 4394 utuntur,
2365 4330 2400 4384 ii
2429 4331 2724 4399 primorum
2757 4347 2786 4386 e
2818 4349 2914 4386 sua
2950 4345 3108 4403 gente
3151 4348 3206 4390 et
3236 4353 3369 4421 pra:-

135 4437 246 4490 κοιὶ
282 4432 469 4504 τέχνῃ,
502 4435 754 4503 καθάπερ
809 4431 1022 4501 στάθμῃ
1067 4428 1195 4492 τινὶ,
1255 4429 1304 4480 εί
1355 4425 1429 4496 μὴ
1476 4426 1708 4494 βούλοιτό

1819 4424 2078 4477 stantium
2104 4423 2380 4476 vernaculi
2416 4424 2689 4477 sermonis
2742 4434 3026 4479 auctorum
3061 4426 3286 4480 scicntia
3315 4437 3372 4481 et

130 4547 228 4589 τις
287 4527 457 4578 πλείω
501 4523 822 4587 σολοικίζειν
880 4525 913 4596 ἢ
969 4520 1322 4591 φθέγγεσθαι.
1385 4518 1448 4569 '0
1499 4516 1562 4585 δὴ
1617 4518 1712 4569 καὶ

145 4614 440 4689 Ἰουλιανῷ
488 4619 565 4688 τῷ
611 4619 862 4675 δυσσεϐεῖ
890 4619 1096 4687 ληφθὲν
1154 4618 1243 4669 ἐπὶ
1298 4614 1422 4668 νοῦν
1467 4610 1710 4681 ἐμποδὼν

129 4719 261 4778 τοῖς
324 4713 606 4767 εὐσεϐοῦσι
647 4715 839 4782 στῆναι
899 4712 1182 4774 πέπεικεν,
1221 4710 1544 4777 Ἑλληνικοῖς
1581 4705 1710 4775 ῥυθ-

135 4809 412 4872 μίζεσθαι
456 4807 635 4873 λόγοις
670 4805 768 4875 τὴν
804 4791 1074 4872 γλῶτταν.
1126 4805 1306 4856 Μόνον
1336 4803 1440 4870 τῆς
1485 4798 1714 4866 ἐκλογῆς

133 4897 326 4967 ὑγιῶς
377 4896 662 4950 ἀνθεκτέον
693 4892 927 4956 ἐκεῖθεν,
964 4895 1058 4946 καὶ
1089 4894 1231 4946 κατὰ
1265 4894 1365 4962 τὴν
1396 4891 1610 4960 ἐμμελῆ
1649 4907 1708 4941 τε

121 4995 239 5044 καὶ
275 4989 593 5058 ἐναρμόνιον
654 4989 762 5040 τῶν
821 4985 995 5054 ἁγίων
1033 4985 1194 5054 ἡμῶν
1254 4983 1593 5052 συμφωνίαν.
1636 4981 1713 5033 Ἦ

131 5085 261 5159 γὰρ
297 5079 399 5131 οὐκ
429 5080 493 5131 ἂν
520 5078 715 5146 φθάνοι
744 5079 1025 5148 ταράττων
1045 5077 1112 5128 τὰ
1129 5078 1332 5145 πάτρια
1363 5074 1460 5142 τῆς
1482 5073 1712 5139 Ἐκκλη-

134 5175 278 5232 aia;
333 5170 454 5238 ίερὰ
495 5169 872 5236 δόγματα,·δι’
906 5169 1150 5238 ἀμαθίαν
1182 5167 1214 5236 ἢ
1255 5164 1558 5235 μοχθηρίαν
1589 5163 1713 5242 51rd-

131 5282 257 5317 που
301 5264 530 5332 γνώμης
582 5261 678 5313 καὶ
722 5251 1115 5330 προαιρέσεως,
1145 5260 1330 5321 κακῶς
1359 5256 1712 5324 ἐκλαμϐάνων

133 5357 248 5409 καὶ
305 5349 643 5422 διαστρέφων
701 5352 794 5403 τὸν
829 5353 1150 5420 ἐγκείμενον
1183 5354 1303 5413 ταῖς
1343 5349 1521 5414 λέξεσι
1564 5347 1710 5411 νοῦν,

95 5438 362 5515 ¹ὁμοίως
413 5445 489 5513 τῷ
543 5444 620 5515 σῷ
683 5444 915 5511 Παλαμᾷ
973 5444 1065 5495 καὶ
1113 5445 1262 5514 ὑμῖν,
1304 5442 1493 5508 ἐκείνῳ
1540 5439 1712 5492 ταυτὰ

129 5536 548 5608 φθεγγομένοις
587 5536 788 5605 ἀρτίως
817 5535 882 5586 τά
918 5549 974 5586 τε
1018 5534 1153 5586 ἄλλα
1195 5535 1286 5585 καὶ
1328 5533 1476 5602 τρεῖς
1519 5529 1707 5598 ὁμολο-

128 5630 314 5702 γοῦσι
355 5627 544 5692 φύσεις
590 5629 682 5680 ἐπὶ
738 5628 832 5680 τοῦ
890 5627 1141 5694 Σωτῆρος
1195 5622 1745 5695 μεταμορφώσεως,,

135 5727 210 5800 μί
226 5739 295 5776 αν
330 5720 428 5790 μὲν
456 5721 553 5787 τῆς
586 5719 1024 5788 ἀνθρωπότητος,
1057 5717 1148 5769 δύο
1188 5716 1241 5768 δὲ
1268 5717 1388 5767 ταῖν
1421 5715 1564 5767 δυεῖν
1597 5713 1713 5765 Oeo—

1819 4526 1934 4570 arte
1971 4525 2195 4569 utantur
2245 4524 2477 4585 oportet,
2513 4516 2796 4570 Phoenices
2847 4518 3105 4587 intelligo.
3160 4520 3372 4587 Persas,

1818 4608 2085 4677 Assyrios.
2133 4607 2232 4669 Et,
2289 4616 2347 4659 ut
2404 4615 2630 4660 cmteros
2697 4608 2974 4674 omittam,
3027 4617 3171 4663 certe
3227 4609 3368 4676 apud

1820 4719 2173 4774 quoscunque
2214 4703 2412 4757 Graeca:
2467 4704 2662 4772 lingua:
2693 4719 2822 4757 usus
2853 4712 2956 4767 est,
2990 4703 3025 4755 ii
3057 4705 3368 4757 mctlmdum

1819 4809 1872 4851 et
1902 4805 2070 4849 artem
2102 4811 2289 4849 eorum
2317 4795 2408 4863 qui
2451 4795 2653 4863 reperti
2684 4794 2960 4848 Grmcismi
2993 4797 3162 4850 duces
3194 4809 3246 4850 et
3269 4814 3368 4851 au-

1818 4898 1994 4941 ctores
2045 4886 2301 4947 fuerunt,
2365 4885 2672 4938 necessario
2733 4886 2884 4954 sequi
2940 4886 3170 4951 debent,
3223 4889 3370 4941 velut

1825 4978 2081 5031 amussim
2114 4975 2432 5043 quamdam;
2467 4975 2569 5028 nisi
2614 4974 2796 5043 plures
2824 4977 2874 5028 in
2909 4976 3178 5045 loquendo
3203 4978 3366 5029 solua-

1821 5070 2021 5121 cismos
2052 5081 2211 5134 quam
2247 5080 2410 5118 voces
2453 5065 2698 5133 proferre
2733 5067 3026 5121 voluerint.
3057 5068 3210 5128 Quod
3243 5082 3372 5119 cum

1818 5155 2034 5213 Juliuno
2092 5158 2256 5226 impio
2311 5165 2569 5225 apostalte
2625 5157 2679 5211 in
2711 5169 2941 5212 mentem
2974 5158 3228 5218 venisset,
3266 5158 3373 5227 ipsi

1819 5252 1987 5306 suasit
2037 5259 2096 5303 ut
2151 5249 2254 5316 piis
2304 5242 2631 5304 Christianis
2689 5250 2990 5304 Graecarum
3067 5250 3370 5304 litterarum-

1821 5345 2016 5403 studia,
2045 5342 2243 5409 quibus
2270 5339 2506 5407 linguam
2539 5340 2615 5392 illi
2643 5354 2794 5391 suam
2826 5350 3170 5401 exornarem,
3203 5341 3370 5391 inter-1

1818 5442 2041 5494 diceret.
2071 5436 2123 5487 ld
2161 5451 2328 5492 unum
2353 5435 2440 5488 hic
2470 5432 2642 5486 notari
2662 5433 2843 5496 velim,
2879 5444 2938 5486 ut
2971 5447 3160 5500 nempe
3185 5431 3364 5499 profav

1821 5542 2009 5584 narum
2056 5527 2354 5579 litterarum
2396 5525 2637 5578 delectus
2685 5533 2830 5578 recte
2891 5514 3170 5586 habeatur,
3212 5523 3369 5591 juxta

1819 5625 2202 5687 congruentem
2231 5626 2284 5671 et
2315 5615 2612 5686 piissimam
2644 5623 2947 5669 sanctorum
2988 5614 3203 5667 Patrum
3233 5631 3365 5667 con-

1819 5709 2054 5766 cordiam
2090 5707 2328 5777 :alioqui
2375 5708 2592 5777 jamjam
2647 5706 3014 5774 unusquisque
3061 5707 3280 5773 antiqua
3314 5721 3372 5764 et
