3902 6376
490 443 545 498 ιι
1679 450 1736 505 S.
1777 449 1818 504 (ι
1834 445 2091 505 'tiiGOltll

2154 450 2170 504 5
2211 448 2297 504 ΠΙ
2335 449 2530 505 ΡΛΡΛ.
3645 447 3716 502 12

488 556 765 610 dctensor.
807 552 1019 611 Exactis
1052 553 1236 623 itaque
1281 570 1337 607 ιιι
1360 551 1684 618 Pontificum
1725 555 1884 609 anuis
1914 554 2052 609 .luo-
2081 559 2127 616 Α
2152 556 2431 612 miraculis
2454 556 2657 621 clarus,
2692 553 2918 625 ejusque
2947 569 3164 610 sacrum
3194 569 3394 625 corpus
3417 555 3472 612 in
3512 536 3716 613 Catth

488 648 682 706 decim,
727 643 972 712 migravit
1016 643 1068 695 in
1106 643 1304 697 ett-lum
1351 658 1495 697 anno
1540 643 1731 698 salutis
1760 645 2048 699 millesimo

489 733 819 802 octogesimo
850 733 1061 802 quinto,
1089 733 1335 801 pluribus
1366 733 1419 786 in
1456 734 1561 788 vita
1588 743 1634 786 cl
1669 743 1790 791 eost
1819 748 2049 790 mortem

2149 647 2287 703 drali
2321 646 2549 702 Basilica
2583 646 2925 701 Saleruitaua
2968 654 3053 701 est
3080 647 3377 703 honoriﬁce
3409 647 3715 705 conditum.

491 883 3110 917 eam

2624 889 3703 921 mm

1115 1035 1769 1153 sanan
1813 951 2735 1198 Gnaeum:
2790 952 3083 1153 vn

1854 1268 2318 1400 ACTA.
2465 1281 2476 1293 ’

1363 1506 1534 1577 (Apud
1570 1504 1835 1570 BOLLAND,
1874 1502 2008 1558 .llaii
2037 1512 2170 1559 tom.
2195 1502 2262 1572 ν,
2287 1505 2376 1560 die
2401 1505 2493 1572 25,
2522 1521 2645 1578 pag.
2667 1506 2835 1582 '568.)

1114 1448 1117 1451 ’
1151 1450 1179 1472 \

1298 1685 2239 1833 COMMENTARIUS
2307 1740 2899 1835 Patevws.

485 1929 516 2001 δ
551 1927 593 2001 l_.
635 1925 963 2001 Laudatorcs
986 1927 1355 2001 «defensores
1384 1926 1655 2001 defuncti,
1671 1926 1793 2001 Vita
1820 1926 2050 2001 agPaulo
2083 1930 2126 1987 B
2150 1927 2255 1982 bus
2282 1924 2836 1997 Magdehurgensibus
2859 1933 2915 1981 et
2937 1924 3228 1984 Chronicis
3249 1924 3728 2000 Turingeuslnts:

552 1997 920 2054 Bernrierleusi
948 1997 1167 2068 scripta,
1201 1998 1336 2052 Acta
1362 1998 1692 2067 pontiﬁcalia
1722 1997 1981 2057 triplicia.

553 2107 951 2165 Sanctissimns
981 2118 1037 2164 et
1081 2109 1536 2179 generosissimus
1572 2108 1817 2165 Pontifex
1851 2108 2051 2165 Roma-

434 2233 441 2241 -
478 2216 587 2275 nus
612 2190 1216 2274 Gregoriusscptimus,
1240 2211 1397 2256 antea
1419 2202 1596 2256 dictus
1632 2201 2048 2269 llildebrandus,

481 2291 767 2347 defunctus
802 2293 874 2346 23
903 2291 1027 2345 Maii
1058 2307 1186 2345 ann.
1215 2290 1372 2346 1085.
1403 2289 1616 2360 pnefuit
1640 2291 1908 2347 universa:
1945 2291 2050 2346 Ec-

479 2382 658 2438 cleshe
678 2397 852 2437 annos
875 2382 1185 2446 duodecim,
1211 2396 1452 2437 mensem
1484 2396 1675 2447 unum,
1698 2389 1753 2436 et
1775 2377 1894 2437 dies
1916 2397 2053 2452 qua—

482 2482 637 2539 tuor;
661 2473 865 2528 scilicet
887 2472 1222 2528 inchoandos
1246 2488 1280 2525 a
1297 2471 1386 2526 die
1404 2471 1492 2526 22.
1519 2470 1720 2542 Aprilis
1739 2472 1868 2526 anni
1890 2470 2047 2525 1073.

479 2564 559 2618 uti
585 2564 861 2631 evidenter
890 2563 1058 2633 liquet
1096 2577 1164 2618 ex
1192 2562 1410 2617 decreto
1442 2562 1722 2618 electionis
1754 2560 1895 2616 infra
1921 2576 2051 2631 pro-

479 2654 751 2722 ponendo.
800 2651 1134 2708 Erraveruut
1166 2651 1336 2717 enim,
1363 2653 1457 2721 qui
1492 2652 1671 2707 solum
1706 2651 1779 2705 25
1809 2652 1899 2705 die
1922 2650 2052 2705 dicti

482 2743 686 2798 mensis
718 2743 952 2798 electum
991 2742 1222 2809 volunt,
1245 2748 1463 2812 sumpta
1503 2742 1724 2799 errandi
1765 2741 2053 2797 occasiune

476 2850 510 2887 a
547 2832 843 2904 Cutalogis,
867 2828 1147 2903 inquibus
1172 2832 1498 2899 decessoris,
1530 2833 1710 2889 triduo
1738 2841 1863 2888 ante
1892 2833 2051 2887 istam

476 2912 779 2987 electionen
838 2922 1110 2991 defuncti,
1162 2923 1345 2980 obitus
1386 2939 1512 2980 cum
1548 2924 1885 2995 depositione
1922 2938 2055 2978 cou-

477 3013 877 3069 fuuutturullic
908 3014 1172 3084 plurimas
1206 3014 1271 3068 iu'
1299 3015 1408 3069 vita
1442 3029 1640 3084 passus
1676 3023 1762 3069 est
1798 3028 2052 3084 persecu-

480 3104 678 3172 tiones,
714 3112 767 3159 et
802 3105 982 3159 adhuc
1017 3113 1141 3174 post
1173 3113 1402 3160 mortem
1446 3104 1768 3160 calumnias.
1802 3103 1907 3162 Sed
1944 3118 2052 3157 non

478 3193 763 3249 defuerunt
790 3196 908 3264 ejus
945 3196 1289 3259 innocentiae,
1317 3205 1372 3251 et
1400 3210 1501 3263 pro
1526 3194 1769 3253 Ecclesia
1796 3194 1893 3247 Dei
1923 3208 2052 3254 ιιι-ο-

478 3286 769 3356 pugnanala
796 3284 1134 3340 fortitudinis
1160 3300 1225 3339 ac
1255 3285 1481 3355 justitite
1508 3286 1761 3342 acerrimi
1796 3286 2051 3342 detenso-

418 3390 422 3394 ·
482 3390 571 3428 res
599 3393 611 3428 :
645 3374 785 3428 inter
832 3389 973 3444 quos
1023 3374 1234 3430 censeri
1267 3384 1498 3445 possunt
1531 3375 1838 3432 Cardinalis
1867 3376 2054 3432 Casan-

485 3464 750 3519 liaronius
770 3474 824 3519 et
855 3464 1092 3520 Jacobus
1133 3464 1423 3520 Gretserus
1447 3483 1460 3519 :
1489 3466 1580 3520 ille
1619 3465 1837 3534 quidem
1861 3469 1915 3521 in
1938 3471 2052 3520 An-

480 3556 693 3607 nalibus
719 3556 835 3609 suis
858 3555 1274 3619 Ecclesiasticis,
1307 3557 1361 3609 in
1384 3556 1586 3625 quibus
1616 3570 1705 3609 res
1729 3556 1849 3625 ejus
1874 3566 2054 3626 gestas

478 3661 573 3716 per
601 3645 845 3715 singulos
883 3661 1055 3700 annos
1086 3646 1303 3701 deducit
1326 3658 1391 3700 ex
1425 3645 1783 3716 scriptoribus
1820 3647 2055 3702 maxime

477 3737 695 3799 comis,
733 3747 783 3790 et
821 3735 1081 3792 Conciliis
1121 3737 1225 3791 sub
1253 3752 1320 3789 eo
1349 3736 1570 3802 habitis,
1607 3745 1773 3807 atque
1802 3736 2054 3808 chistro

478 3826 837 3895 epistularum
868 3826 989 3896 ejus
1034 3827 1087 3881 in
1124 3826 1375 3880 undecim
1401 3827 1569 3880 libros
1596 3827 1852 3895 distincto
1882 3846 1894 3881 :
1922 3827 2055 3882 Gre—
2092 3818 2093 3821 “

480 3927 659 3972 tserus
695 3933 823 3986 vero
860 3917 1033 3971 Tomo
1069 3918 1122 3971 2.
1172 3915 1513 3972 Defensionis
1541 3914 2053 3972 Controversiarum

477 4007 785 4060 tiartliualis
820 4005 1154 4071 Bcllﬂl'lltllli,
1185 4022 1534 4076 propugnans
1561 4023 1687 4067 eum
1726 4000 1916 4063 centra
1953 4023 2053 4062 va-

482 4097 593 4151 rios
623 4097 786 4167 hujus
820 4096 1083 4166 temporis
1123 4097 1406 4162 sectarios,
1450 4098 1793 4165 potissimum
1834 4091 1973 4152 libro
1998 4099 2050 4152 4.

480 4204 531 4243 r.
571 4189 651 4241 i5.
677 4202 738 4242 ac
771 4187 894 4242 dcit]
925 4187 1124 4242 illustri
1144 4180 1428 4258 Apologia,
1452 4188 1643 4258 inqua
1664 4188 2053 4260 quinquaginta

479 4286 645 4331 testes
672 4276 910 4343 adducit,
945 4276 1041 4347 qui
1079 4276 1196 4331 suis
1231 4279 1447 4347 scriptis
1473 4293 1560 4333 res
1585 4287 1764 4349 gestas
1798 4278 1963 4349 hujus
1994 4277 2051 4333 S.

481 4355 724 4436 Gregorii
777 4375 1107 4443 proponunt,
1152 4375 1207 4420 et
1249 4376 1442 4422 contra
1488 4368 1832 4424 adversarios
1866 4366 2054 4424 defen-

480 4458 638 4512 dunt

2150 2016 2427 2071 Marianas
2460 2017 2625 2072 etiam
2653 2015 2871 2083 Scotus,
2901 2017 3130 2088 ejusque
3154 2016 3515 2075 Continuator
3540 2018 3729 2078 Dede-

2149 2105 2367 2172 clrinus,
2397 2112 2452 2160 et
2479 2106 2549 2160 ab
2583 2107 2689 2163 hoc
2731 2108 3028 2178 productus
3067 2106 3376 2179 Stephanus
3418 2107 3729 2181 Episcopus

2151 2195 2611 2267 llalberstatensis
2633 2238 2648 2264 ,
2709 2199 2805 2267 qui
2852 2213 3076 2253 causam
3128 2197 3373 2269 Gregorii
3420 2197 3734 2257 fortissime

2150 2293 2340 2341 contra
2394 2284 2708 2343 Heinricum
2746 2286 2949 2359 Regem
2996 2289 3147 2359 egit:
3184 2288 3380 2345 deinde
3414 2288 3472 2346 S.
3526 2292 3732 2347 Ausci-

2151 2391 2275 2432 mus
2297 2376 2754 2449 Archiepiscopus
2776 2377 3207 2447 Cantuariensis,
3251 2379 3410 2450 cujus
3447 2380 3585 2436 Acta
3629 2381 3729 2443 de:

2151 2469 2333 2523 «limus
2385 2467 2476 2521 2|.
2527 2468 2770 2538 Aprilis:
2840 2468 3125 2524 Bertoldus
3170 2468 3614 2527 ConStantiensis
3675 2478 3733 2527 et

2152 2557 2354 2613 Paulus
2418 2557 2856 2627 Bernriedensis,
2911 2559 2980 2616 de
3025 2560 3226 2630 quibus
3288 2575 3416 2616 mox
3463 2562 3728 2633 agimus:

2151 2648 2416 2712 Domnizo
2449 2647 2758 2721 Presbyter,
2796 2651 2865 2705 in
2913 2646 3033 2705 Vita
3069 2649 3379 2708 Comitissa:
3424 2651 3729 2730 Matbildis,

2140 2739 2306 2794 libris
2330 2740 2545 2795 duobus
2567 2741 2812 2796 carmine
2840 2742 3185 2812 conscripta;
3209 2740 3320 2798 Leo
3340 2739 3636 2810 Ostiensis,
3673 2743 3730 2798 in

2151 2828 2428 2884 Chronico
2480 2828 2801 2896 Casincnsi,
2851 2830 2918 2886 ad
2981 2847 3187 2889 annum
3240 2832 3398 2887 1086.
3455 2833 3727 2899 deducto;

2152 2918 2337 2974 Bruno
2381 2920 2435 2973 in
2487 2917 2723 2982 Historia
2765 2906 2890 2977 belli
2928 2918 3217 2990 Saxonici;
3266 2919 3325 2977 S.
3371 2920 3731 2980 Gebebardus

2152 3008 2607 3080 Arcbiepiscopus
2657 3009 3117 3084 Salisburgensis,
3160 3022 3221 3068 et
3262 3011 3321 3068 S.
3372 3011 3728 3070 Gebcbardul

2154 3099 2453 3170 Episcopus
2476 3098 2931 3169 Constantiwsis,
2965 3111 3021 3158 et
3046 3104 3142 3174 qui
3162 3119 3354 3159 eorum
3394 3103 3549 3161 Vitas
3585 3105 3726 3161 scri-

2154 3200 2400 3261 pserunt,
2430 3208 2566 3260 quas
2591 3207 2693 3247 suo
2715 3200 2959 3263 tempore
2984 3192 3236 3250 dabimus
3262 3193 3347 3249 l6.
3376 3192 3521 3248 Junii
3548 3202 3609 3249 et
3633 3195 3724 3248 27.

2155 3281 2416 3352 Augusti;
2468 3281 2728 3350 denique,
2773 3282 2895 3337 aliis
2924 3283 3198 3361 omissis,
3243 3283 3541 3353 Bernaldus
3591 3284 3727 3341 Pre-

2155 3374 2335 3445 sbyter
2383 3370 2836 3439 Coustanlicnsis,
2884 3374 3044 3443 cujus
3076 3373 3335 3446 opuscula
3379 3390 3447 3429 ex
3478 3374 3585 3431 Ms.
3618 3374 3729 3431 Ra-

2155 3462 2454 3519 tisbonensi
2485 3463 2627 3518 edita
2650 3471 2779 3518 sunt
2812 3479 2844 3517 a
2875 3463 3021 3519 dicto
3046 3463 3323 3532 Gretsero,
3358 3474 3414 3521 et
3450 3464 3564 3521 fere
3597 3482 3726 3538 spe-

2153 3563 2302 3609 ctant
2324 3554 2390 3607 ad
2412 3553 2779 3608 defensionem
2801 3569 2984 3608 rerum
3004 3570 3036 3608 a
3059 3553 3118 3608 S.
3140 3553 3402 3626 Gregorio
3421 3565 3725 3626 gestarum;

2153 3651 2207 3699 et
2228 3643 2461 3699 maxime
2495 3642 2876 3714 Apologeticus
2900 3651 2955 3698 et
2979 3642 3234 3714 Epistolte
3256 3644 3377 3715 ejus
3404 3659 3505 3714 pro
3525 3643 3729 3701 Decre-

2153 3734 2225 3790 tis
2251 3733 2309 3788 S.
2348 3734 2613 3805 Gregorii,
2650 3750 2787 3804 quas
2829 3734 2995 3792 etiam
3035 3735 3244 3791 erudite
3270 3737 3519 3807 exposuit
3556 3734 3726 3792 Cbri-

2155 3825 2365 3878 stianus
2394 3822 2579 3893 Lupus
2603 3823 2743 3879 inter
2770 3823 3115 3894 Synodorum
3138 3825 3471 3896 generalium
3501 3840 3567 3880 ac
3592 3840 3726 3895 pro-

2138 3915 2447 3999 lvincialum
2492 3914 2717 3969 Decreta
2756 3923 2811 3970 et
2855 3918 3139 3983 Canones,
3188 3916 3400 3987 integro
3441 3915 3582 3969 libro
3627 3930 3726 3970 seu

2154 4012 2308 4075 parte
2336 4004 2546 4075 quinta.
2593 4004 2887 4077 Subjunsit
2921 4006 3027 4061 illis
3068 4007 3323 4067 omnibus
3357 4005 3728 4078 praelaudatus

2154 4095 2441 4151 Gretserus
2486 4095 2733 4167 Gregorii
2774 4095 2899 4150 VII.
2932 4093 3134 4162 Vitam,
3173 4095 3491 4152 electionem
3531 4103 3590 4151 et
3635 4110 3729 4152 res

2154 4195 2355 4257 gestas,
2382 4185 2624 4275 exgﬁbm
2655 4193 2853 4255 quarto
2895 4183 3163 4257 Onuphrii
3191 4185 3436 4275 Paqvinii
3461 4184 3538 4240 De
3558 4187 3725 4275 saria

2154 4275 2429 4331 creatione
2452 4273 2664 4330 Summi
2690 4275 2990 4343 Pontificis,
3016 4286 3072 4331 et
3097 4291 3163 4331 ex
3189 4273 3521 4331 Bibliotheca
3549 4274 3729 4333 Bava-e

2155 4366 2287 4423 rica.
2329 4365 2480 4422 [stzec
2512 4367 2695 4421 omnia
2723 4367 2867 4436 apud
2904 4367 3057 4421 illum
3089 4367 3262 4423 videri
3298 4374 3546 4438 possunt,
3577 4366 3728 4422 edita

2153 4456 2470 4527 lngolstadii
2499 4472 2647 4512 anno
2671 4456 2827 4511 1609.
2871 4457 2963 4511 ubi
2985 4457 3031 4512 is
3052 4472 3198 4512 anno
3216 4458 3464 4528 sequenti
3485 4457 3731 4528 vulgavit
3817 4478 3820 4481 λ

547 4548 601 4603 2.
643 4545 848 4602 llorum
870 4547 1080 4618 primus
1107 4554 1189 4600 est
1213 4546 1270 4600 S.
1301 4548 1592 4603 Ansebnus
1617 4546 1918 4619 Episcopus
1945 4547 2056 4604 Luo
2087 4570 2131 4625 Ι)
2155 4546 2236 4617 Ap
2272 4547 2470 4618 logiam
2506 4561 2605 4617 pro
2640 4545 2928 4603 Cardinele
2968 4547 3225 4616 Baronio,
3265 4549 3321 4604 in
3367 4565 3474 4620 qua
3516 4549 3729 4620 aliquot

480 4636 680 4702 censis,
710 4637 957 4708 proximo
1002 4645 1125 4709 post
1150 4637 1359 4692 obitum
1391 4625 1565 4693 Sancti
1600 4638 1883 4695 Pontiﬁcis
1911 4655 2056 4696 anno

480 4727 589 4781 \ita
619 4724 868 4791 {um-tus;
899 4728 994 4797 qui
1017 4737 1206 4782 contra
1230 4724 1549 4782 Guibcrtum
1576 4728 1899 4799 Antipapam
1918 4771 1934 4798 ,
1957 4745 2056 4799 pro

479 4815 794 4872 defensione
834 4813 1079 4886 Gregorii
1123 4817 1347 4887 legitimi
1379 4816 1659 4873 Pontiﬁcis
1703 4798 2057 4886 Romanun-

480 4909 639 4985 brum
668 4908 905 4977 scripsit.
939 4904 1225 4963 Secundus
1255 4908 1406 4964 testis
1439 4916 1522 4963 est
1550 4892 1897 4967 auctor'V'itae
1927 4912 2057 4967 dicti

483 4996 541 5051 S.
581 4998 843 5064 Ausehni,
871 4997 1535 5071 domesticus-Presbyter
1567 4998 2011 5059 Pmnitentiarius
2039 5025 2052 5060 :

480 5102 647 5157 quam
684 5085 863 5141 Vitam
903 5103 1006 5143 nos
1044 5088 1111 5144 ad
1140 5088 1284 5144 diem
1318 5088 1439 5160 ejus
1475 5090 1711 5144 natalem
1754 5090 1839 5146 18.
1877 5090 2055 5148 Martii

482 5177 897 5232 illustravimus.
929 5175 1239 5234 Succedunt
1267 5178 1399 5235 Acta
1427 5178 1689 5236 Vaticana
1715 5181 1858 5253 apud
1894 5181 2059 5238 Baro-

481 5268 633 5321 nium
684 5267 752 5323 ad
795 5283 998 5322 annum
1031 5267 1188 5335 1073,
1223 5276 1276 5323 et
1322 5271 1455 5325 Acta
1502 5272 1718 5341 publica
1750 5273 2053 5340 electionis,

480 5371 604 5427 quae
632 5356 773 5425 intra
802 5357 1174 5428 proferuntur.
1208 5357 1341 5414 Dein
1376 5361 1679 5431 allegautur
1705 5364 1915 5435 antiqui
1958 5363 2055 5421 lli-

482 5446 671 5502 storici
716 5462 812 5501 seu
857 5447 1209 5520 Chronologi,
1249 5450 1391 5505 inter
1432 5466 1574 5520 quos
1607 5461 1690 5507 est
1729 5452 2055 5511 Lambertus

482 5535 1035 5608 Schal'naburgensis,
1072 5539 1148 5595 De
1199 5540 1362 5596 rebus
1408 5542 1574 5613 gestis
1628 5542 2052 5616 Germanorum,

483 5626 578 5681 sed
604 5627 783 5682 solum
810 5626 1056 5683 deductis
1085 5630 1152 5682 ad
1183 5644 1385 5685 annum
1416 5631 1567 5687 1077.
1609 5641 1663 5687 et
1701 5632 2055 5692 Pontiﬁcatus

487 5714 544 5769 S.
579 5716 819 5786 Gregorii
848 5726 1104 5788 quartum
1135 5738 1145 5771 :
1178 5727 1290 5773 tum
1317 5719 1517 5776 Paulus
1546 5714 1784 5794 Langius
1810 5724 1862 5778 in
1888 5725 2056 5782 Chro-

488 5804 611 5861 nico
640 5807 915 5889 (litizcusi,
954 5825 1077 5864 cum
1103 5812 1348 5867 adductis
1377 5803 1704 5868 testimoniis
1734 5832 1795 5867 ex
1827 5815 2051 5871 .‘tnnali-

2154 4637 2330 4708 capita
2365 4645 2612 4708 spectant
2635 4638 3062 4695 controversiam
3089 4638 3142 4693 in
3181 4655 3348 4695 causa
3387 4638 3444 4694 S.
3477 4639 3728 4711 Gregorii

2154 4736 2389 4795 motam;
2416 4729 2497 4784 uti
2523 4730 2778 4787 curiosus
2802 4730 2974 4786 lector
3005 4729 3203 4786 ibidem
3241 4731 3489 4801 reperiet.
3517 4729 3729 4801 Dignus

2154 4818 2314 4873 etiam
2352 4828 2436 4873 est
2455 4819 2550 4889 qui
2574 4820 2783 4891 legatur
2808 4819 3136 4875 Franciseus
3158 4819 3476 4891 d‘Enghien,
3503 4817 3729 4874 Ordinis

2154 4907 2577 4965 Praxlicatorum
2619 4908 2677 4964 S.
2707 4908 3019 4982 Theologia:
3055 4908 3411 4977 Licentiatus,
3447 4909 3595 4967 eiito
3620 4924 3727 4965 no-

2156 4998 2373 5055 vissime
2415 4999 2555 5055 libro
2597 5001 2685 5055 cui
2729 5001 2943 5056 titulum
2975 5000 3122 5069 fecit,
3172 5023 3190 5055 ι
3219 4988 3531 5059 Auctoritas
3570 5000 3728 5060 Sedis

2155 5088 2477 5158 Apostolica:
2512 5105 2611 5160 pro
2631 5088 2894 5161 Gregorio
2920 5090 3066 5162 Papa
3092 5091 3203 5148 Vl].
3238 5094 3507 5149 vindicata
3533 5093 3729 5149 adver-

2156 5194 2251 5233 sus
2267 5176 2511 5235 Natalem
2532 5180 2898 5236 Alexandrum
2922 5182 3168 5253 ejusdem
3195 5181 3413 5239 Ordinis
3436 5182 3726 5242 Doctorem

2157 5267 2523 5341 Theologum,
2556 5290 2575 5322 ι
2611 5271 2754 5347 inter
2794 5273 2990 5329 seleeta
3024 5272 3299 5349 Historiae
3330 5272 3729 5333 Ecclesiastica:

2155 5359 2364 5431 Capita,
2410 5362 2576 5420 seculi
2616 5379 2654 5417 ιι
2689 5372 2840 5434 parte
2873 5364 2927 5430 '5,
2966 5379 3141 5434 usque
3188 5363 3323 5419 adeo
3363 5380 3476 5421 sua:
3509 5365 3726 5437 profes-

2158 5452 2329 5507 sionis
2350 5451 2599 5520 oblitum,
2639 5454 2733 5509 ubi
2763 5455 2830 5509 de
2863 5454 3127 5525 Gregorio
3151 5455 3283 5527 agit,
3312 5464 3374 5510 ut
3407 5457 3489 5511 vel
3516 5471 3582 5511 ea
3608 5456 3725 5512 sola
3755 5472 3758 5477 ’

2156 5558 2320 5611 causa
2348 5545 2585 5612 potuerit
2611 5544 3001 5600 commeruisse
3025 5546 3426 5617 gravissxmam,
3454 5562 3561 5617 qua
3597 5547 3724 5602 libri

2155 5634 2272 5703 ejus
2295 5648 2483 5691 omnes
2508 5634 2776 5690 fulminati
2797 5644 2947 5703 sunt,
2972 5653 3259 5696 censuram
3288 5635 3586 5694 Innocentii
3614 5637 3723 5692 Pa-

2155 5740 2236 5795 pae
2257 5723 2346 5777 ΧΙ.
2920 5781 2925 5789 ,

2226 5817 2277 5870 3.
2318 5814 2449 5881 Nos,
2477 5818 2729 5875 omnibus
2758 5819 2879 5877 aliis
2925 5818 3164 5886 omissis,
3191 5820 3385 5876 (lamus
3418 5821 3507 5875 hic
3547 5821 3723 5892 primo
