3902 6398
562 451 622 504 δι
795 463 798 467 ·
1302 529 1309 541 ,
1732 451 1789 507 s.
1829 451 2115 539 caecout

2214 456 2223 506 ι
2258 455 2346 509 vu
2385 455 2580 516 nam.
2829 433 2834 438 ’
3141 414 3158 438 ”
3680 443 3743 496 ιϐ

557 559 658 616 sali
696 557 853 627 Papa:
883 556 951 612 C.
988 551 1078 612 W.
1115 565 1398 627 peccator,
1435 556 1640 610 devotae
1679 554 1939 612 orationis
1978 558 2183 622 alica-ll
2209 565 2266 609 ut
2287 564 2363 611 tot
2385 564 2625 610 monstra
2657 563 2710 608 et
2731 555 2915 608 bestia)
2935 553 3143 622 possint
3165 552 3500 622 veljugulari
3522 556 3601 607 vel
3621 556 3748 609 sul;-

547 657 726 712 ctum,
752 653 807 701 et
831 643 1053 701 humilis
1075 646 1349 701 servitutis
1381 644 1647 700 ell'ectum.
1671 643 1820 699 Licet
1843 647 2103 714 sapientia

555 739 672 803 Dei,
699 737 949 790 universa
973 752 1093 805 qua:
1115 751 1211 806 per
1235 736 1407 805 ipsam
1427 733 1565 788 facta
1587 729 1732 799 sunt,
1754 734 2105 803 dispositione

557 827 812 892 mirabili,
839 834 893 879 et
915 825 1101 880 ordine
1131 823 1551 893 impcrturbabili
1589 822 1926 888 moderetur;
1964 839 2104 877 nuu-

557 932 721 986 quam
762 920 940 969 tamen
985 915 1321 969 commodius
1357 913 1594 968 consulit
1633 913 1793 966 rebus
1833 912 2103 977 humanis,

557 1020 721 1076 quam
751 1019 874 1059 cum
906 1006 1112 1074 eligens
1141 1005 1315 1058 virum
1346 1003 1449 1074 [an
1492 1001 1693 1073 unum]
1731 1002 1796 1055 de
1844 1002 2014 1070 plebe,
2052 1002 2105 1053 in

558 1095 741 1165 populi
778 1082 902 1149 eum
932 1096 1015 1148 sui
1050 1101 1211 1162 caput
1236 1093 1532 1156 constituit,
1570 1092 1636 1154 in.
1660 1091 1815 1160 cujus
1853 1092 2106 1144 nimirum

558 1185 669 1238 vita
705 1190 760 1237 et
799 1184 1064 1249 moribus,
1102 1199 1213 1252 quo
1257 1182 1532 1237 nitendum
1565 1181 1654 1245 sit,
1699 1181 1847 1248 plebs
1889 1179 2109 1234 inferior

559 1273 735 1326 valeat
754 1273 970 1328 intueri.
993 1273 1148 1338 Quod
1180 1273 1394 1341 quidem
1417 1271 1735 1325 beneﬁcium
1766 1269 1966 1324 nostris
2001 1268 2108 1322 Do-

561 1363 770 1436 minum
806 1363 1142 1417 concessisse
1173 1361 1527 1430 temporibus,
1558 1359 1804 1429 quisquis
1834 1375 1941 1411 non
1975 1357 2110 1410 invi-

561 1452 672 1516 det,
697 1451 872 1517 videt;
900 1452 1028 1506 dum
1049 1439 1134 1516 te,
1153 1451 1265 1519 jam
1289 1450 1418 1503 olim
1451 1448 1749 1517 disciplinis
1780 1446 2109 1501 ecclesiasti-

561 1541 642 1610 cis
668 1542 957 1606 eruditum,
987 1539 1130 1615 illius
1152 1554 1295 1592 nunc
1325 1538 1605 1593 Cathedraa
1628 1537 1754 1592 fecit
1780 1551 1897 1591 esse
1927 1550 2109 1590 sesso-

566 1639 709 1695 rem,
754 1646 785 1683 a
822 1645 929 1699 qua
963 1645 1058 1699 per
1099 1629 1286 1683 orbem
1327 1629 1591 1682 terrarum
1618 1626 1812 1682 omnia
1851 1626 2110 1679 virtutum

564 1719 768 1773 lumina
796 1719 1199 1782 diﬁ‘unlluntur;
1227 1725 1282 1770 et
1308 1715 1375 1770 ad
1403 1731 1586 1785 quam,
1621 1717 1768 1769 velut
1812 1715 1866 1768 in
1908 1715 2112 1769 circulo

565 1810 736 1873 lineae,
761 1809 828 1863 ad
853 1797 986 1862 illud
1018 1808 1274 1870 medium,
1315 1807 1458 1875 quod
1498 1805 1760 1860 Centrum
1790 1803 2112 1858 Geometrici

562 1907 780 1963 vocant,
807 1898 1057 1952 universa
1086 1903 1439 1964 convergunt.
1473 1894 1676 1949 Tantus
1706 1901 1906 1958 autem,
1934 1901 1993 1946 ut
2017 1908 2114 1946 no—

563 1989 647 2043 bis
672 1988 898 2042 relatum
927 1994 1032 2051 est,
1061 1987 1229 2039 totius
1267 1985 1448 2055 populi
1491 1986 1544 2039 in
1577 1992 1670 2037 tua
1702 1983 1961 2038 electione
1983 1996 2115 2035 con-

566 2078 788 2145 spiravit
811 2091 1089 2140 assensus,
1119 2083 1180 2128 ut
1201 2074 1381 2128 nullus
1404 2074 1625 2130 omnino
1652 2088 1718 2126 ex
1749 2080 1898 2126 tanta
1927 2070 2112 2124 multi-

538 2168 540 2170 ’
564 2168 749 2222 tudine
773 2168 922 2221 visus
940 2161 1104 2220 fuerit
1118 2164 1424 2220 dissentire.
1449 2162 1514 2217 Et
1541 2163 1701 2227 unde,
1737 2175 1942 2231 quaeso,
1964 2168 2114 2214 tanta

565 2257 913 2322 unanimitas,
951 2263 1100 2310 tanta
1139 2254 1321 2324 potuit
1361 2268 1484 2308 esse
1531 2252 1854 2307 concordia?
1901 2251 2005 2306 nisi
2047 2266 2113 2305 ex

564 2344 798 2416 Spiritus
850 2346 995 2400 illius
1052 2344 1306 2399 instinctu
1328 2383 1342 2408 ,
1394 2342 1550 2410 cujus
1603 2341 1731 2395 olim
1790 2341 2116 2410 aspiratione

565 2439 717 2507 plebs
739 2437 1011 2507 primitiva
1041 2434 1370 2490 credentium
1392 2447 1561 2486 unum
1594 2417 1689 2486 cor
1711 2440 1766 2485 et
1795 2447 1959 2485 uuam
1993 2430 2114 2484 ani-

571 2543 714 2581 mam
737 2523 990 2580 habuisse
1015 2523 1355 2578 describitur.

585 2627 587 2630 ‘
633 2617 686 2670 6.
727 2635 746 2667 ι
787 2614 1000 2670 Gratias
1049 2628 1178 2683 ergo
1225 2611 1355 2676 Deo,
1411 2610 1898 2681 przecellentissime
1936 2609 2112 2674 Pater,

565 2707 766 2776 gratias
787 2703 916 2768 Deo,
947 2703 1144 2772 quisic
1171 2711 1278 2755 tua:
1306 2700 1439 2754 favit
1470 2700 1742 2765 electioni,
1778 2706 1836 2752 ut
1870 2715 1978 2752 non
2016 2714 2115 2769 pa-

565 2799 703 2849 teret
733 2791 974 2848 Ecclesia
1013 2790 1314 2846 scbismati.
1356 2789 1614 2860 Quisquis
1656 2791 1768 2860 jam
1817 2789 1979 2860 igitur
2020 2797 2116 2843 tuo

565 2882 880 2939 Sacerdotio
929 2882 1270 2947 adversatur,
1321 2881 1608 2950 cujuslibet
1653 2895 1774 2934 esse
1813 2879 1990 2933 meriti
2031 2880 2116 2934 v’el

569 2975 808 3030 scientia:
845 2973 1111 3037 videatur,
1154 2971 1218 3025 ad
1252 2969 1381 3024 illud
1416 2970 1643 3025 caeleste
1684 2967 1967 3024 :ediﬁcium
2006 2983 2116 3023 non

565 3064 792 3132 aspirat,
825 3062 974 3130 quia,
1013 3076 1105 3131 per
1137 3059 1366 3113 tumoris
1402 3059 1596 3112 vitium
1624 3064 1784 3129 atque
1815 3057 2116 3125 discordiae,

2197 648 2393 717 jugari.
2416 645 2626 698 Nuliius
2656 659 2784 714 ergo
2805 651 2972 707 metu,
2999 643 3198 695 nullius
3225 642 3387 695 minis
3415 643 3485 695 ab
3510 643 3613 714 hoc
3636 644 3746 712 spi-
3854 679 3855 710 1

2202 735 2381 790 rituali
2412 734 2660 790 conﬂictu
2697 741 2991 801 sanctoque
3029 733 3325 786 certamine
3362 733 3670 796 retarderis,
3699 743 3750 786 et

2202 825 2468 880 Ccdconis
2504 825 2647 878 illius
2679 824 2734 876 in
2774 837 2978 876 morem
3011 821 3078 875 ad
3111 821 3351 890 praelium
3376 835 3748 889 processurus,

2203 915 2501 984 lagunculae
2525 928 2591 967 ne
2625 913 2816 967 timeas
2837 911 3176 965 fractionem.
3207 909 3343 964 Ecce
3364 918 3417 963 te
3448 910 3501 962 in
3537 909 3751 964 sublimi

2203 1012 2257 1057 et
2281 1004 2333 1057 in
2369 1003 2585 1072 specula
2621 1002 2856 1070 positum
2886 1000 3027 1054 oculi
3062 1001 3303 1052 omnium
3343 999 3633 1073 vultusque
3657 1014 3750 1052 su-
3854 1003 3855 1064 ᾖ

2205 1093 2466 1162 spiciunt;
2497 1091 2693 1160 singuli
2715 1082 2994 1159 magnajde
3027 1098 3078 1142 te
3112 1089 3299 1142 audire
3326 1089 3664 1153 desiderant;
3691 1102 3756 1141 ex
3854 1103 3855 1130 η

2205 1183 2488 1252 praeteritis
2510 1181 2818 1252 colligentes
2860 1179 2997 1248 quid
3025 1193 3169 1231 nunc
3189 1179 3244 1231 in
3266 1177 3459 1246 majori
3482 1175 3660 1231 cilicio
3681 1179 3759 1232 sis

2207 1280 2448 1337 acturus,
2478 1271 2573 1340 qui
2608 1269 2877 1340 quondam
2907 1268 3112 1337 positus
3157 1283 3210 1320 in
3253 1267 3450 1321 minori
3487 1281 3598 1320 non
3641 1268 3758 1321 sine
3854 1281 3855 1340 ξ

2184 1362 2376 1432 gloria
2410 1361 2670 1416 militasti.
2709 1360 2779 1413 At
2812 1359 3026 1428 ineptus
3067 1372 3186 1427 ego,
3237 1356 3330 1425 qui
3374 1364 3425 1410 te
3467 1356 3760 1410 admonere

2206 1466 2551 1520 praesumam,
2585 1458 2995 1518 currentemque
3029 1449 3174 1511 nitar
3208 1447 3520 1516 impellere:
3547 1461 3677 1500 cum
3701 1453 3760 1497 tu

2209 1539 2418 1596 fervore
2452 1541 2684 1596 mirabili
2720 1539 2927 1609 majora
2957 1527 3198 1594 moliaris
3231 1553 3393 1607 quam
3428 1546 3614 1590 nostra
3666 1549 3760 1590 su-

2209 1630 2446 1699 spicetur
2465 1631 2778 1695 inﬁrmitas;
2800 1637 2873 1694 et,
2889 1628 3128 1696 aquilino
3145 1626 3483 1683 moreomnia
3504 1623 3764 1678 inferiora

2211 1721 2610 1786 transvolitans,
2646 1721 2702 1774 in
2735 1719 2906 1788 ipsius
2937 1718 3069 1773 solis
3104 1719 3354 1772 ardorem
3381 1724 3504 1769 tuos
3541 1714 3766 1784 inﬁgere

2209 1797 2422 1864 coneris
2443 1795 2685 1864 obtutus.
2710 1827 2730 1861 ι

2215 1919 2244 1992 §
2287 1919 2349 1974 Il.
2405 1919 2481 1975 De
2511 1918 2878 1976 Translation
2934 1894 3186 1992 corporis,
3222 1927 3272 1973 et
3316 1916 3464 1971 cultu
3511 1915 3579 1970 Β.
3637 1914 3768 1970 Gre-

2829 1987 2972 2059 gorii
2998 1987 3129 2041 vn.
3246 2051 3256 2057 _

2283 2078 2333 2134 7.
2363 2077 2578 2134 Marcus
2591 2079 2853 2133 Antonius
2865 2078 3133 2132 Mai-silius
3143 2076 3404 2131 Columna
3413 2116 3428 2142 ,
3445 2089 3588 2129 anno
3605 2074 3766 2129 1578.

2215 2168 2582 2225 Saleruitanus
2632 2170 3083 2239 Arcbiepiscopus
3120 2167 3402 2230 salutatus,
3437 2174 3637 2235 praeter
3664 2165 3767 2218 alia

2212 2261 2544 2330 Episcopalis
2577 2259 2955 2315 sollicitudinis
3001 2272 3162 2326 opera
3221 2257 3421 2326 quibus
3453 2255 3768 2309 Praelatum

2213 2366 2325 2404 sua:
2351 2364 2522 2404 annos
2549 2347 2951 2418 quatuordecim
2986 2345 3214 2400 reddidit
3243 2344 3474 2414 posteris
3493 2358 3770 2398 memora-

2214 2439 2370 2504 biles,
2393 2439 2589 2493 librum
2619 2437 2940 2506 conscripsit
2960 2436 3027 2490 de
3049 2435 3158 2489 vita
3179 2442 3234 2489 et
3259 2435 3422 2505 gestis
3443 2449 3506 2488 ac
3531 2434 3770 2487 transla-

2215 2529 2358 2583 tione
2381 2528 2441 2580 B.
2473 2527 2705 2582 Matthxi
2743 2526 2986 2596 Apostoli
3013 2534 3068 2578 et
3112 2521 3500 2596 Evangelistaa;
3534 2524 3768 2577 necdum

2213 2618 2428 2687 quidem
2451 2619 2606 2673 nobis
2633 2619 2830 2682 visum,
2853 2617 3126 2687 cognitum
3156 2623 3332 2669 tamen
3355 2630 3419 2668 ex
3447 2613 3781 2682 descriptio-_

2215 2701 2305 2762 ne"
2334 2707 2731 2777 elegantissima
2792 2705 3216 2774 Metropolitum:
3287 2704 3459 2773 ipsius
3502 2702 3767 2766 ecclesiae,

2213 2812 2375 2867 quam
2403 2797 2526 2850 inde
2547 2796 2879 2866 deprompsit
2912 2795 3280 2849 Ferdinandus
3312 2792 3590 2864 Ughellus,
3637 2808 3771 2862 prae-

2214 2887 2482 2954 mittitque
2513 2883 2770 2954 Catalogo
2813 2872 3276 2938 Salernitanor'um
3317 2883 3770 2950 Arcbiepiscopo-

2215 2992 2358 3042 rum,
2391 2984 2521 3029 tom.
2547 2975 2597 3028 7.
2629 2973 2794 3030 italia:
2821 2991 3009 3030 sacrm.
3058 2974 3155 3028 ilic
3178 2973 3625 3049 cumwtribunam
3655 2973 3770 3025 sive

2217 3065 2455 3120 absidem
2491 3064 2673 3134 templi
2693 3065 3084 3133 descripsisset,
3125 3063 3201 3117 ita
3236 3062 3509 3131 loquitur:
3545 3080 3564 3111 ι
3598 3059 3708 3125 Qui
3739 3077 3769 3113 a

565 3153 806 3206 omnium
836 3164 966 3219 pace
991 3149 1352 3203 membrorum
1389 3162 1447 3201 se
1480 3145 1673 3225 privat.
1710 3146 1864 3214 Quod
1899 3147 2113 3217 quidem
2142 3175 2183 3231 ο
2215 3156 2419 3211 dextris
2455 3155 2750 3209 coniicitur
2781 3155 3009 3225 angulus
3057 3155 3111 3207 in
3161 3154 3271 3207 imo
3309 3151 3488 3221 templi
3537 3151 3772 3205 illustris

567 3241 834 3294 neminem
860 3253 1116 3293 ausurum
1151 3252 1270 3292 esse
1289 3236 1631 3302 conﬁdimus,
1659 3237 1764 3290 nisi
1789 3236 1904 3305 qui,
1931 3241 2115 3305 respe-
2139 3233 2143 3237 ’

569 3339 663 3384 ctu
707 3329 918 3383 miserm
950 3327 1310 3391 conscientiae,
1347 3325 1558 3394 pondus
1595 3333 1697 3378 tuae
1732 3326 1832 3379 sibi
1867 3323 2119 3379 formidat

561 3420 852 3474 imminere
891 3418 1187 3472 sententiae.
1226 3415 1374 3470 Unde
1415 3423 1473 3470 et.
1509 3415 1596 3470 ille
1619 3418 1865 3471 diabolus
1899 3414 2115 3471 Vercel-

566 3510 732 3563 lensis
756 3524 878 3563 cum
900 3509 1014 3563 suis
1042 3507 1402 3576 complicibus
1425 3505 1667 3560 elaborat
1711 3513 1770 3560 ut
1803 3513 1858 3559 tu
1897 3505 1950 3558 in
1984 3505 2119 3560 Sede

567 3614 676 3651 non
697 3600 895 3652 debeas
917 3597 1249 3659 conﬁrmari,
1305 3608 1550 3650 metuens
1578 3612 1743 3651 miser
1776 3612 1844 3649 ne
1879 3595 1972 3647 illo
2006 3595 2120 3648 zelo

569 3698 684 3751 tuo,
721 3701 829 3754 quo
863 3685 916 3739 in
950 3686 1130 3739 hostes
1157 3684 1772 3739 Ecclesizeexardescere
1795 3684 1954 3748 soles,
1978 3699 2120 3737 nunc

503 3828 508 3832 _
566 3779 684 3846 ejus
725 3777 951 3846 ﬂagitia,
992 3775 1110 3844 ejus
1154 3774 1446 3838 dedecora,
1493 3774 1610 3842 ejus
1647 3775 1874 3848 debeant
1924 3773 2118 3842 probra

566 3867 830 3920 damnari.
863 3865 1064 3919 Verum
1089 3864 1342 3919 omnibus
1372 3865 1529 3919 bonis
1549 3880 1614 3920 eo
1639 3866 1757 3934 ipso
1778 3866 1899 3935 plus
1919 3864 2116 3933 places,

568 3969 678 4025 quo
693 3955 952 4023 pessimis
982 3954 1233 4022 displices
1257 3962 1270 4005 :'
1293 3955 1420 4022 quia
1443 3954 1548 4007 non
1580 3955 1698 4020 leve
1719 3956 1802 4008 vel
1834 3953 2118 4007 minimum

566 4043 939 4099 testimonium
969 4051 1054 4096 est
1082 4042 1384 4111 probitatis,
1407 4043 1743 4112 displicuisse
1769 4042 1893 4097 ﬁliis
1923 4042 2120 4110 iniqui-

514 4159 515 4162 η
566 4136 714 4188 tatis.
745 4152 762 4184 ι
814 4131 937 4187 Haec
973 4131 1272 4186 Willelmus
1304 4131 1502 4197 Abbas,
1541 4135 1792 4204 graphice
1830 4131 2120 4202 depingens

569 4221 960 4291 Vercellensem
976 4220 1312 4292 Gregorium,
1339 4237 1403 4276 eo
1427 4224 1640 4278 nomine
1663 4225 1957 4294 indignum,
1979 4222 2122 4276 ileo—

570 4309 1037 4377 rici’lmpe‘ra‘toris
1061 4311 1117 4363 in
1137 4310 1288 4381 Italia
1307 4309 1727 4378 Cancellarium;
1759 4314 1851 4382 qui
1868 4313 1979 4382 jam
2000 4312 2121 4366 inde

571 4401 639 4454 ab
684 4413 828 4453 anno
873 4398 990 4450 Ml.
1028 4413 1122 4466 per
1154 4397 1432 4451 Nicolaum
1474 4399 1784 4456 Pontiﬁcem
1820 4400 1993 4458 fuerat
2025 4418 2119 4455 ex-

2211 3246 2367 3314 plane
2389 3243 2564 3313 factus
2587 3252 2692 3308 est,
2715 3244 2786 3297 ob
2812 3244 3125 3312 praeclaram
3146 3242 3402 3310 capellam
3424 3241 3769 3296 vermiculati

2213 3333 2414 3402 operis,
2444 3325 2603 3402 (ﬁam
2630 3329 2874 3386 Joannes
2908 3332 2975 3386 de
2996 3331 3220 3386 Procida
3249 3329 3624 3384 Salernitanus
3648 3346 3770 3384 ere-
3854 3325 3855 3400 ἦ

2214 3423 2291 3478 xit
2343 3431 2503 3491 atque
2552 3422 2799 3489 dotavit;
2855 3428 2966 3496 tum
3009 3421 3080 3475 ob
3121 3419 3369 3500 plurium
3412 3419 3769 3473 Praelatorum

2215 3512 2674 3581 splendidissimas
2691 3527 2877 3577 urnas,
2898 3518 3013 3564 tum
3025 3525 3153 3564 vero
3167 3509 3513 3580 pmipue'ob
3527 3525 3774 3564 marmo-

2215 3616 2367 3655 reum
2399 3602 2684 3667 tumulum,
2725 3602 2778 3654 in
2808 3615 2917 3669 quo
2957 3601 3226 3654 Robertus
3261 3599 3593 3655 Guiscardus
3633 3601 3777 3655 Gre-

2216 3691 2351 3758 gorii
2378 3688 2487 3742 Vll.
2512 3691 2710 3744 summi
2737 3690 3031 3759 optimique
3051 3682 3325 3743 Pontiﬁcis
3354 3705 3554 3758 corpus
3597 3693 3772 3745 collo-

2215 3779 2374 3844 cavit,
2404 3794 2562 3848 quem
2593 3787 2652 3834 ut
2679 3778 2895 3836 Henrici
2922 3778 3009 3832 iV.
3027 3779 3504 3852 Romanorumque
3530 3783 3773 3850 perﬁdiae

2216 3871 2573 3935 subtraheret,
2630 3871 2785 3940 quasi
2834 3869 3116 3940 perfugum
3166 3871 3400 3940 hospitio
3449 3885 3770 3944 receperat:

2215 3960 2372 4028 cujus
2400 3973 2498 4012 nos
2524 3960 2626 4028 ipsi
2656 3957 2926 4027 reliquias,
2963 3960 3107 4013 nulla
3129 3975 3195 4016 ex
3220 3970 3370 4030 parte
3414 3963 3773 4020 labefactatas

2215 4048 2613 4118 Pontiﬁciisque
2663 4050 2989 4104 indumentis
3039 4060 3278 4115 ornatas,
3333 4053 3436 4106 hoc
3471 4069 3644 4119 anno,
3677 4057 3772 4125 qui

2215 4147 2300 4192 est
2327 4153 2376 4191 ~a
2429 4139 2786 4198 tumulatione
2832 4137 2942 4192 fere
2983 4129 3469 4209 quingentesimu's,
3531 4149 3774 4214 propriis
3854 4159 3855 4204 ξ

2217 4226 2388 4280 oculis
2417 4226 2767 4299 inspeximus,
2807 4229 3143 4309 propriisque
3172 4231 3419 4284 manibus
3465 4238 3780 4289 contraet»

2217 4315 2392 4368 vimus
2415 4333 2428 4380 ;
2452 4315 2740 4385 locum’que
2776 4317 2972 4385 ipsum,
2999 4322 3261 4372 vetustate
3287 4334 3421 4387 pene
3445 4322 3771 4391 collapsum,

2218 4405 2582 4471 restituimus;
2613 4414 2668 4458 et
2693 4406 2747 4458 in
2777 4407 3104 4461 sanctissimi
3135 4424 3198 4462 ac
3221 4411 3470 4474 generosi
3488 4411 3778 4494 Pontiﬁcis

572 4488 1025 4550 communicatos,
1056 4503 1157 4541 una
1191 4503 1312 4541 cum
1340 4485 1740 4556 Mediolanensi,
1771 4490 2121 4569 Taurinensi,
2151 4492 2194 4544 D
2218 4495 2498 4556 honorem,
2525 4508 2663 4561 pene
2689 4495 3433 4566 delitescentem,hujusmodi
3454 4485 3778 4557 monumen:

571 4575 907 4642 Novariensi,
935 4576 1217 4642 Brixiensi,
1249 4586 1302 4631 et
1335 4576 1602 4631 Laudensi
1640 4578 1955 4648 Episcopis:
1991 4580 2118 4648 quia

573 4666 784 4720 duobus
810 4674 934 4718 ante
963 4668 1119 4740 annis
1140 4675 1460 4720 conventum
1496 4667 1795 4720 habuerant
1817 4666 2116 4734 Fontaneti,

573 4755 627 4806 in
663 4768 772 4822 quo
792 4755 1066 4807 communi
1087 4757 1348 4810 sententia
1383 4763 1683 4810 statuerant
1705 4757 1848 4825 quod
1896 4757 2119 4814 Clericis

571 4832 770 4896 uxores
791 4842 987 4896 habere
1008 4842 1217 4905 liceret;
1240 4843 1330 4910 qui
1353 4851 1550 4916 tamen,
1583 4845 1737 4916 jussu
1771 4845 1984 4902 Henrici
2008 4847 2116 4902 Im-

571 4932 857 5010 peratoris,
904 4929 1147 5001 Gregorii
1188 4931 1500 4984 electionem
1535 4934 1863 5000 approbavit,
1910 4939 2118 4992 calamo

572 5021 752 5086 potius
782 5035 944 5089 quam
969 5021 1169 5094 animo,
1207 5020 1285 5074 uti
1319 5020 1401 5073 vcl
1432 5035 1498 5073 ex
1533 5020 1634 5076 hac
1670 5020 1905 5090 Epistula
1930 5023 2117 5093 liquet,

575 5120 736 5173 quam
771 5106 1074 5164 Willelm‘us
1098 5108 1203 5162 ’sic‘
1226 5109 1588 5177 prosequi-tur.
1633 5129 1650 5159 ι
1681 5109 1832 5166 Nunc
1861 5125 1988 5182 ergo
2025 5128 2118 5169 ac-

574 5192 788 5262 olligere
809 5196 982 5263 gladio
1005 5205 1098 5250 tuo
1129 5211 1292 5265 super
1314 5195 1488 5253 femur
1508 5207 1679 5264 tuum,
1717 5201 2115 5269 potentissime;

576 5276 688 5346 illo,
712 5282 1168 5354 inquam,,gladio,
1193 5300 1353 5355 quem
1379 5299 1485 5340 non
1519 5288 1911 5356 prohibendum
1937 5304 2056 5344 esse
2089 5304 2120 5344 a

572 5371 836 5442 sanguine
863 5371 1125 5440 Propheta
1169 5377 1487 5444 proclamat,
1524 5389 1791 5445 quemque
1832 5377 2118 5437 devoratu-

573 5475 698 5513 rum
742 5472 935 5514 carnes
981 5457 1241 5516 Dominus
1289 5464 1575 5518 salubriter
1619 5463 1914 5532 pollicetur.
1961 5463 2122 5520 Vides

577 5555 720 5602 certe
739 5547 792 5601 in
815 5547 1104 5624 lsraelitica
1135 5558 1313 5605 castra
1337 5550 1656 5624 Amaiecitas
1694 5561 1747 5606 et
1785 5552 2120 5618 Madlanitas,

579 5641 905 5704 ceterasque
918 5645 1094 5706 pestes
1107 5637 1306 5708 pariter
1325 5641 1680 5706 eonspbasse.
1711 5641 1898 5710 Magna
1919 5627 2128 5696 sollici-J

582 5720 783 5789 tudine,
805 5726 1262 5792 [turdi-consilio,
1285 5726 1643 5797 continuoque
1663 5730 1839 5784 studio
1863 5746 1996 5798 opus
2017 5740 2117 5795 εδει,

2215 4590 2330 4634 tum
2355 4581 2648 4648 ereximus,
2683 4601 2700 4632 ι
2737 4583 2916 4651 (quale
2943 4585 3147 4639 scilicet
3171 4587 3225 4639 in
3256 4575 3557 4642 marmorea
3572 4591 3775 4646 tabula

2215 4671 2506 4724 etiamnum
2530 4679 2818 4738 spectatur,
2843 4680 2895 4726 et
2921 4688 2952 4726 a
2990 4673 3261 4729 Ludovico
3291 4674 3458 4750 Jacob
3487 4679 3542 4732 in
3569 4679 3776 4748 Biblio-

2217 4761 2369 4813 theca
2397 4759 2673 4812 Pontiﬁcia
2690 4761 2850 4814 etiam
2873 4762 3150 4832 recitatur)
3181 4783 3197 4814 ι
3227 4763 3487 4835 Gregorio
3513 4766 3605 4821 Vll
3634 4769 3776 4825 Soa-

2169 4899 2175 4906 ,
2216 4846 2559 4938 nensi,‘Pont.
2573 4846 2693 4916 Opt.
2708 4847 2825 4902 Max
2835 4889 2848 4902 .
2860 4890 2874 4914 ,
2887 4852 3265 4925 ecclesiasticae
3281 4856 3551 4938 libertatis
3569 4859 3777 4914 vindici

2218 4936 2501 5000 acerrimo,
2517 4939 2770 4991 asserturi
2782 4941 3222 4995 constantissimo
3242 4961 3254 4994 :
3272 4936 3522 5012 qui,dum
3538 4944 3777 5005 Romani

2218 5021 2494 5077 Pontiﬁcis
2538 5027 2911 5082 auctoritatem
2951 5030 3209 5084 adversus
3235 5030 3449 5100 Heuvrici
3477 5016 3777 5105 perﬁdiam

2220 5121 2436 5166 strenue
2461 5120 2657 5179 tuetur,
2710 5116 2917 5171 Salerni
2961 5130 3145 5174 sancte
3171 5122 3445 5190 l,decubuit
3477 5127 3540 5180 A.
3574 5127 3637 5180 Ι).
3663 5139 3773 5196 elo,

2218 5218 2339 5256 cxx.
2376 5218 2426 5254 v.
2468 5219 2540 5256 vn
2573 5204 2686 5257 Kal.
2718 5203 2882 5260 Junii.
2915 5207 2984 5260 Μ.
3016 5211 3138 5264 Ant.
3168 5212 3429 5268 Columna
3474 5214 3775 5286 Manilius,

2219 5289 2594 5358 Bononiensis,
2666 5293 3114 5367 Archiepiscopus
3152 5308 3156 5311 “
3189 5300 3579 5371 Salernitanus,
3642 5322 3776 5364 cum

2221 5377 2364 5432 illius
2388 5392 2607 5448 corpus,
2635 5391 2758 5450 post
2780 5387 3100 5456 quingentos
3124 5389 3337 5444 circiter
3361 5408 3554 5460 annos,
3597 5400 3778 5454 sacris

2220 5467 2475 5523 amictum
2496 5477 2550 5522 et
2570 5469 2678 5523 fere
2704 5471 2989 5545 integrum,
3014 5480 3299 5544 "perisset
3324 5499 3339 5545 ;
3375 5494 3441 5536 ne
3467 5484 3603 5537 tanti
3624 5476 3779 5541 Pon-

2222 5558 2380 5646 tiﬁcis
2413 5561 2719 5646 sepulcrum
2759 5564 3014 5618 memoria
3053 5567 3254 5625 diutius
3293 5579 3528 5637 careret,
3571 5572 3779 5646 Grego-

2223 5644 2304 5697 rio
2348 5645 2481 5701 xui.
2530 5647 2855 5705 Bononiensi
2901 5654 3139 5722 sedente,
3196 5657 3264 5711 ιι.
3313 5657 3372 5711 P.
3425 5663 3598 5730 pridie
3647 5644 3771 5722 sai.

2226 5731 2488 5796 Quintiles
2536 5736 2602 5790 Α.
2627 5737 2927 5797 0:89.13;
2951 5743 3036 5795 77.
3066 5763 3086 5794 s
3138 5758 3140 5760 '
