3902 6334
165 382 219 435 17
1133 375 1655 441 PROLEGOIENA.
1692 404 1695 413 ·

1798 371 1979 433 non
2017 371 2073 427 s.
2111 371 2450 429 onsconn.
3296 374 3361 427 ιε
3452 442 3457 449 ,

222 494 275 549 8.
304 494 557 549 Robertus
591 492 958 558 Guiscardus,
987 460 1334 548 Normannici
1378 492 1437 549 1·
1462 490 1711 549 Calah'ia
1739 493 1785 549 Α
1810 492 1946 547 verit
1990 454 2167 546 titulo.
2196 491 2567 557 Gardinalitio,
2629 492 3065 562 concessentque
3114 492 3366 547 mantello

157 594 314 653 angue
328 584 499 638 Sicilia
526 584 793 649 Ducatus,
819 593 1004 653 postea
1024 583 1211 654 Regni,
1235 584 1499 648 conditor,
1521 580 1709 638 eodem

155 690 261 741 quo
286 673 566 743 Gregorius
591 684 689 727 aut
732 676 925 728 saltem
959 676 1131 728 altero
1177 682 1304 744 post
1330 689 1493 738 anno,
1524 687 1709 735 mense

155 761 292 817 Julio
314 764 472 829 obiit;
504 765 669 832 eique
710 764 857 819 ﬁlius
900 764 1165 833 Bogerius
1199 764 1485 828 successit,
1530 778 1708 841 [usque

155 854 219 906 ad
251 854 374 906 1101
406 862 703 923 superstes.
762 854 829 908 Et
857 856 942 909 hic
971 854 1110 909 forte
1156 856 1349 908 melius
1376 853 1707 908 adscribere-

157 949 241 995 tur
263 946 541 997 marmorei
564 946 802 1013 sepulcri
823 945 1024 999 erectio
1042 963 1055 997 ε
1076 960 1203 998 nam
1214 943 1505 999 Ordericus
1515 942 1706 997 Vitalis

154 1033 314 1086 seculi
342 1033 421 1085 l3.
452 1034 687 1103 scriptor
733 1034 984 1088 Historiae
1023 1035 1167 1089 Eccl.
1218 1035 1311 1088 lib.
1362 1035 1414 1086 8.
1468 1033 1706 1087 indicare

155 1122 377 1187 videtur,
402 1124 505 1177 alio
534 1125 656 1178 loco
686 1125 839 1193 prius
867 1126 1141 1179 conditum
1166 1124 1446 1178 Sanctum
1488 1122 1657 1177 fuisse
1688 1142 1699 1177 :

154 1211 230 1264 sic
253 1212 395 1266 enim
422 1213 690 1281 loquitur:
714 1234 742 1271 ,ι
774 1213 1021 1268 Defuncti
1052 1214 1213 1283 Papae
1247 1228 1446 1283 corpus
1472 1212 1526 1266 in
1554 1212 1702 1267 Con-

154 1299 379 1355 fessione
400 1302 456 1355 B.
507 1302 887 1357 Bartholomzei
936 1304 1182 1373 Apostoli
1242 1304 1568 1358 tumulatum
1596 1310 1702 1368 est,

153 1390 239 1444 ubi
266 1393 472 1446 meritis
493 1394 613 1461 ejus
634 1394 757 1447 ﬁdei
783 1395 1108 1473 petentium,
1132 1395 1519 1448 miraculorum
1547 1393 1699 1462 copia

151 1479 404 1535 divinitus
423 1491 660 1536 ostensa.
693 1481 829 1536 Nam
859 1484 1059 1552 leptosi
1076 1485 1142 1537 de
1168 1499 1307 1552 aqua
1336 1484 1477 1536 unde
1502 1497 1700 1551 corpus

150 1570 262 1638 ejus
282 1571 520 1625 ablutum
557 1572 758 1637 fuerat,
790 1574 1059 1641 petierunt
1085 1592 1099 1638 ;
1127 1588 1235 1643 qua
1262 1580 1551 1627 consecuta
1572 1572 1700 1626 ﬁde-

150 1659 264 1713 liter
290 1660 388 1714 loti
403 1671 543 1725 sunt,
559 1672 613 1716 et
635 1664 936 1733 opitulante
960 1663 1071 1717 Deo
1097 1664 1349 1732 protinus
1376 1662 1621 1716 mundati
1639 1680 1691 1715 :a

151 1749 302 1819 iique
324 1750 566 1806 fortassis
598 1744 657 1805 in
680 1753 1031 1807 translatione
1050 1752 1297 1821 corporis
1330 1767 1396 1805 ex
1422 1751 1542 1805 loco
1588 1752 1697 1820 pri-

150 1856 245 1894 ma:
270 1842 557 1909 sepultura:
582 1842 637 1895 in
670 1843 787 1911 ipsa
808 1841 1183 1907 Coafessione,
1213 1842 1283 1895 ad
1304 1842 1480 1896 locum
1509 1841 1562 1893 in
1591 1857 1700 1910 quo

147 1930 391 1985 ducentis
427 1931 535 2009 fere
560 1942 683 2001 post
712 1942 941 1986 mortem
971 1933 1217 2001 Gregorii
1251 1933 1409 1985 annis
1430 1932 1698 1985 tumulum

145 2021 259 2088 ejus
284 2023 481 2090 reperit
524 2022 762 2077 Joannes
798 2022 1070 2088 Prochita,
1107 2022 1566 2091 celebratissimus
1613 2021 1701 2075 ille

148 2108 497 2180 Vesperarum
544 2113 853 2167 Sicularum
906 2122 1114 2168 auctor.
1168 2112 1275 2167 Ilic‘
1332 2127 1461 2175 vero
1515 2112 1700 2167 nescio

144 2216 303 2267 quam
345 2202 502 2256 aliam
539 2204 777 2272 potuerit
815 2204 1011 2257 habere
1054 2218 1273 2257 causam
1324 2203 1444 2270 ejus
1495 2203 1698 2266 sacelli,

146 2290 261 2357 ipso
285 2292 513 2359 sepulcri
557 2294 699 2357 loco,
730 2301 841 2346 tam
889 2293 1173 2363 magniﬁce
1204 2292 1508 2355 extruendi,
1536 2294 1699 2359 quam

146 2382 459 2446 peculiarem
486 2383 739 2437 affecuim
767 2399 893 2453 erga
924 2384 998 2448 ibi
1047 2384 1316 2452 sepultum
1361 2381 1697 2445 Pontiﬁcem,

147 2470 381 2524 innixum
408 2474 611 2542 vulgari
638 2475 706 2527 de
746 2474 987 2542 ejusdem
1017 2474 1303 2527 sanctitate
1329 2481 1383 2525 et
1425 2470 1700 2525 miraculis

146 2560 398 2625 opinioni,
467 2565 718 2629 quamvis
775 2564 954 2629 ipsum
1011 2563 1268 2617 sacellum
1332 2561 1389 2615 S.
1453 2560 1697 2613 Michaeli

148 2647 491 2720 Archangelo,
520 2668 626 2706 non
654 2662 837 2707 autem
884 2654 1144 2722 Gregorio
1174 2653 1335 2709 fuerit
1372 2650 1696 2706 dedicatum.

146 2736 248 2793 Nec
280 2742 411 2795 nihil
432 2742 498 2796 ad
521 2744 862 2812 probandum
894 2744 1132 2812 ejusdem
1167 2744 1446 2811 antiquum
1492 2741 1697 2794 cultum

146 2826 283 2893 facit,
310 2833 452 2899 quod
481 2834 805 2887 Anastasius
833 2820 975 2902 Papa
1019 2832 1109 2898 IV,
1138 2834 1297 2886 annis
1337 2832 1479 2885 haud
1526 2831 1720 2883 multo-

144 2920 380 2986 pluribus
405 2938 566 2990 quam
607 2922 887 2992 sexaginta
933 2931 1056 2991 post
1105 2922 1445 2991 Gregorium,
1474 2919 1701 2989 picturis

142 2996 403 3065 exornans
443 3013 686 3067 absidem
721 3021 775 3066 et
819 3013 988 3067 altare
1035 3011 1271 3066 Oratorii
1314 3010 1370 3064 S.
1408 3009 1614 3063 Nicolai
1642 3010 1697 3062 in

146 3096 300 3166 Urbe,
336 3111 496 3170 prout
521 3104 701 3173 ipsum
740 3118 887 3157 aenea
917 3103 1097 3157 tabula
1132 3116 1446 3170 expressum
1488 3099 1609 3153 dedi
1644 3100 1696 3152 in
1724 3120 1767 3173 ε
1798 3105 1955 3159 nobis
1984 3104 2072 3159 ind

143 3190 438 3260 Appendice
461 3195 529 3248 ad
554 3196 785 3271 primam
812 3203 1019 3263 partem
1047 3190 1566 3271 Chronicohistorici
1592 3189 1697 3244 Co-

144 3264 676 3360 uatusdeiiomanis
709 3284 1085 3347 Pontiﬁcibus,
1115 3282 1339 3352 Gregor.
1384 3264 1497 3345 'Vll,
1542 3294 1697 3349 aeque

142 3386 202 3431 ac
222 3370 449 3428 Sanctas
472 3374 610 3428 alios
636 3374 919 3443 ipsamque
936 3372 1244 3441 Deiparam,
1270 3370 1482 3441 depingi
1510 3369 1697 3423 fecerit

143 3477 259 3516 cum
288 3464 442 3518 titulo
473 3463 657 3519 Sancti
685 3472 741 3518 et
762 3448 1062 3518 diademate
1090 3463 1293 3516 circum
1326 3468 1489 3529 caput
1510 3460 1691 3514 ducto.

145 3551 243 3607 Sed
275 3554 377 3609 ista
401 3554 639 3610 Iarsilio
659 3555 745 3609 vel
774 3550 1019 3624 ignaram
1042 3553 1257 3621 penitus
1283 3552 1365 3605 vel
1387 3550 1551 3605 dubia
1571 3565 1695 3603 cum

141 3654 334 3709 essent,
372 3646 663 3713 prudenter
678 3646 835 3699 titulo
857 3642 1167 3698 istiusmodi
1205 3641 1485 3704 abstinuit,
1511 3648 1566 3693 et
1589 3638 1697 3691 Ro—

142 3748 308 3789 mane
339 3733 810 3791 Sedisarbittium
866 3734 971 3789 sibi
1006 3732 1233 3788 credidit
1279 3727 1691 3799 expectandum.

143 3823 306 3895 Hujus
338 3830 518 3881 autem
545 3827 836 3893 sententia,
865 3841 934 3879 an
972 3832 1029 3879 et
1047 3822 1322 3893 quomodo
1346 3821 1396 3874 ei
1419 3819 1579 3873 fuerit
1600 3818 1694 3872 de-

142 3916 353 3981 clarata,
386 3920 575 3989 ignoro
602 3937 615 3971 :
643 3933 813 3973 unum
829 3916 1007 3981 video,
1035 3915 1181 3984 quod
1207 3910 1464 3983 prafatus
1495 3909 1696 3978 Grego-

142 4006 251 4061 rius
278 4005 417 4072 XIII,
462 4009 649 4077 elapso
667 4008 781 4075 jam
816 4007 1075 4063 sexennio
1113 4022 1144 4059 a
1172 4010 1468 4059 memorata
1509 3999 1697 4054 inven-

142 4096 298 4165 tione,
323 4106 647 4167 mortuoque
667 4089 932 4162 'Marsilio,
960 4112 1086 4152 cum
1127 4115 1148 4146 ς
1183 4093 1467 4149 emendato
1491 4090 1699 4167 _Kalen—

143 4186 304 4254 dario,
330 4187 634 4245 Romanum
662 4204 879 4258 quoque
899 4186 1339 4258 Martyrologium
1369 4180 1566 4249 corrigi
1599 4193 1695 4247 per

142 4278 279 4332 viros
300 4280 540 4336 auditos
561 4286 777 4333 curaret
795 4292 939 4331 anno
997 4275 1158 4341 i584,
1205 4278 1616 4337 correctumque
1639 4275 1695 4321 et

144 4368 320 4423 multis
344 4370 476 4426 locis
494 4378 714 4424 auctum
738 4366 996 4437 imprimi,
1043 4385 1061 4417 ι
1090 4364 1249 4435 quale
1275 4375 1441 4432 penes
1472 4374 1573 4412 nos
1597 4357 1690 4411 ba-

145 4456 323 4514 bunus
366 4460 681 4531 exemplar;
720 4458 893 4514 eidem
936 4464 1061 4526 post
1104 4444 1162 4508 S.
1203 4451 1540 4506 Bonifacium
1594 4446 1681 4500 IV.

144 4550 435 4616 permiserit
479 4552 647 4605 inseri
672 4553 835 4605 etiam
880 4547 1199 4626 Gregorium
1254 4542 1364 4596 VII.
1414 4555 1539 4595 cum
1584 4539 1689 4617 hoc

144 4638 325 4710 elogio.
367 4660 387 4692 ι
424 4640 634 4716 Salerni
669 4639 935 4709 depositio
974 4636 1043 4690 B.-
1066 4634 1311 4709 Gregorii
1340 4631 1498 4698 Papa:
1524 4627 1687 4695 septi-

144 4730 235 4797 mi,
257 4731 694 4804 qui,Alexandro
718 4730 961 4793 secundo
1005 4726 1321 4790 succedens,
1352 4718 1690 4775 Ecclesiasti-

144 4837 254 4879 eam
280 4823 579 4896 liba-tatem
607 4839 638 4878 a
660 4806 728 4890 sui

146 4902 539 4979 Vindicavitret
581 4902 812 4967 viriliter
867 4909 1151 4965 Pontiﬁc'a
1217 4905 1539 4960 auctoritate
1591 4902 1687 4955 de-

147 5004 318 5061 femIit.
353 5024 372 5057 ι
397 5004 503 5061 Pro
535 5003 755 5073 quibus,
798 5002 853 5056 in
880 4982 1126 5069 ejusdem
1164 4994 1529 5066 Martyrologii
1572 4991 1686 5046 edi-

146 5094 277 5151 tione
312 5112 469 5162 nova,
495 5093 729 5149 Caesaris
762 5087 1184 5148 Card."Baronii
1231 5083 1686 5139 Annotationibus

148 5199 263 5243 Ilo:
286 5196 465 5252 aucta,
500 5186 656 5242 Sixto
699 5182 743 5236 ν
774 5181 1038 5253 probante
1075 5178 1337 5247 scriptum
1368 5175 1499 5229 fuit:
1536 5193 1554 5224 ι
1586 5172 1685 5227 Sa—

147 5274 639 5346 IenidepositioB.
685 5272 928 5344 Gregorii
950 5270 1112 5341 Papa
1152 5269 1385 5338 septimi,
1424 5264 1687 5319 Ecclesia-

147 5365 285 5423 κὶα
305 5366 569 5425 libertatis
612 5363 1030 5435 propugnatoris
1067 5377 1133 5417 ac
1153 5358 1455 5415 defensoris
1484 5355 1684 5411 acerri-

147 5454 253 5510 mi:
286 5474 307 5508 ι
336 5457 635 5526 eaquue
668 5453 1325 5523 hactenussicleguutur.

209 5544 261 5645 ξ.
534 5546 702 5645 rumpit
972 5540 1303 5645 B.
1332 5556 1367 5595 a
1391 5538 1683 5645 Canonicis

150 5632 473 5691 Saleruitatis
503 5630 787 5702 celebrari,
834 5635 1002 5706 ipsius
1043 5633 1228 5689 Sancti
1255 5630 1534 5685 Pontiﬁcis
1570 5646 1683 5683 me-

150 5724 486 5784 manu
531 5724 868 5784 mediocriter
913 5725 1182 5797 obligatis,
1206 5724 1351 5794 quod
1393 5737 1489 5777 eos
1520 5738 1683 5794 orna-

822 4822 912 4877 bia‘
956 4819 1268 4886 Principum
1322 4829 1424 4869 suo
1447 4821 1686 4889 tempore
1728 4869 1731 4872 ἠ

1809 583 1975 636 rubro
1994 597 2058 636 ac
2107 582 2268 635 mitra
2302 581 2629 637 Damascena
2665 583 2762 647 uti,
2818 582 3095 652 privilegio
3144 597 3237 650 per
3269 580 3370 634 Lu-

1808 675 1951 727 cium
1982 671 2066 725 lll.
2099 680 2286 740 postea
2338 672 2676 726 conﬁrmato.
2728 671 2976 725 Manebat
3011 672 3225 725 interim
3280 683 3385 724 sa-'

1808 779 1958 817 crum
1985 778 2201 831 corpus,
2231 763 2315 816 vel
2351 764 2404 817 in
2433 763 2550 831 ipso
2592 763 2684 817 ubi
2736 762 2867 816 illud
2917 761 3367 830 Archiepisc0pus

1806 854 2077 907 Iarsilius
2140 855 2414 907 invenerat
2456 861 2827 917 monumento,
2876 852 2961 906 vel
3011 850 3135 905 inde
3182 864 3365 903 exem-

1805 953 1956 1013 ptum
2006 945 2325 998 servabatur
2354 944 2409 996 in
2452 944 2713 1008 sacrario,
2755 956 3042 1011 quousque
3084 939 3363 994 Romanus

1804 1034 2049 1089 Pontifex
2073 1035 2353 1089 annuisset
2387 1034 2487 1088 sub
2508 1034 2663 1087 altari
2686 1018 2864 1087 condi.
2895 1031 2951 1086 ιιι
2976 1046 3104 1089 rem
3129 1030 3363 1100 primum

1804 1137 1948 1177 anno
1977 1124 2130 1177 1595.
2160 1138 2280 1177 esse
2304 1123 2506 1177 factum
2551 1123 2746 1177 asserit
2782 1130 2972 1175 auctor
3006 1119 3362 1174 recentissimi

1804 1214 2110 1279 marmoris,
2155 1214 2299 1281 quod
2330 1228 2475 1267 anno
2526 1213 2682 1266 1685.
2738 1212 2839 1266 sub
2883 1227 3048 1266 manu
3075 1208 3364 1278 sculptoris

1802 1304 2135 1368 versabatur,
2161 1302 2321 1356 finem
2352 1304 2479 1357 huic
2528 1302 2872 1373 Paragrapho
2913 1300 3204 1355 facturum.
3235 1296 3365 1351 Erat

1803 1400 1929 1446 tunc
1955 1392 2233 1447 Romanus
2254 1391 2502 1448 Pontifex
2532 1392 2781 1463 Clemens
2809 1389 2942 1457 Vill,
2983 1390 3142 1459 cujus
3165 1387 3365 1443 rescri~

1800 1475 2196 1551 ptum‘aliquod
2231 1482 2464 1552 proferri
2488 1491 2774 1551 optarem;
2825 1488 2943 1536 erat
2970 1480 3133 1551 etiam
3180 1477 3362 1531 Saler-

1798 1574 2016 1627 nitanus
2050 1572 2499 1641 ArchiepiscOpus
2526 1571 2728 1625 Marius
2765 1571 3093 1645 Bologninus
3118 1587 3133 1634 ;
3163 1568 3278 1637 qui,
3312 1562 3361 1622 si

1798 1664 2106 1730 pmdictam
2147 1662 2577 1717 Translationem
2612 1660 2759 1726 fecit,
2789 1662 2965 1729 potuit
3010 1660 3174 1730 etiam
3223 1674 3253 1712 a
3276 1672 3363 1713 re-

1799 1752 1947 1821 liquo
1997 1753 2237 1821 Corpore
2286 1766 2566 1820 separasse
2606 1766 2821 1805 sacrum
2867 1750 3061 1817 Caput,
3105 1756 3363 1818 argenteo

1800 1844 1961 1912 capiti
1997 1843 2399 1907 includendum,
2448 1842 2809 1910 pretiosa-que
2852 1856 2919 1893 ex
2970 1854 3077 1893 aere
3103 1838 3357 1891 inaurato
3413 1884 3422 1891 .

1800 1935 2134 2003 gemmisque
2156 1943 2209 1987 et
2221 1934 2488 2002 lapidibus
2512 1940 2717 1986 ornate
2735 1938 2924 1985 statua:
2937 1928 3319 1996 imponendum
3340 1946 3355 1986 ;

1801 2023 1962 2092 idque
1988 2024 2078 2077 die
2097 2025 2149 2076 4.
2206 2023 2349 2088 Maii,
2380 2037 2490 2091 quo
2526 2021 2615 2076 die
2661 2020 3090 2075 Translationem
3131 2032 3382 2087 prmme--

1800 2112 2087 2180 moratam,
2115 2129 2289 2190 annua
2305 2112 2609 2167 celebritate
2640 2108 3154 2179 colendam,.exind_e
3174 2121 3360 2161 susse.

1800 2206 1877 2273 pit
1926 2204 2260 2258 Salernitana
2315 2202 2575 2267 Ecclesia,
2606 2201 2765 2255 solita
2817 2201 2935 2269 ipso
2974 2199 3059 2252 die
3102 2196 3155 2251 4.
3187 2195 3357 2261 Maii;

1799 2303 1961 2363 atque
1979 2296 2149 2349 etiam
2186 2293 2271 2347 die
2300 2294 2389 2345 ‘25.
2430 2291 2639 2353 deferre
2664 2306 2731 2344 ex
2762 2289 3001 2344 sacrario
3032 2286 3358 2357 praedictum

1797 2382 1974 2453 Caput
2020 2384 2087 2437 ad
2140 2382 2284 2435 istud
2318 2382 2507 2446 altare,
2552 2396 2676 2435 cum
2726 2393 2923 2448 pompa
2970 2375 3358 2446 processiouali

1799 2486 2101 2549 magnoque
2123 2471 2471 2531 luminarium
2499 2478 2760 2540 apparatu
2778 2477 2834 2537 et
2856 2466 3039 2537 pepuli
3064 2480 3361 2545 concursu.

1801 2562 1951 2618 Sunt
1982 2572 2161 2618 tamen
2191 2562 2286 2631 qui
2327 2560 2724 2616 Translationis
2762 2558 2918 2613 istius
2966 2564 3244 2610 auctorem
3276 2552 3360 2608 fa-

1797 2655 1950 2709 ciunt
1992 2654 2168 2722 ipsum
2212 2651 2693 2723 Aucbiepiscopum
2744 2648 3073 2703 Marsilium:
3110 2646 3197 2699 hic
3231 2655 3363 2699 vero

1798 2745 1995 2799 dicitur
2030 2744 2230 2797 obiisse
2272 2756 2417 2796 anno
2469 2741 2641 2805 l582;
2700 2739 2943 2807 adeoque
2996 2734 3363 2805 Martyrologii

1797 2833 2112 2904 Gregoriani
2139 2832 2427 2886 editionem
2463 2838 2927 2900 prmmemomtam
2956 2828 3072 2897 ipsa
3105 2826 3363 2881 Transla-

1797 2924 1874 2977 tio
1920 2922 2286 2994 prmeessisset
2324 2921 2538 2975 duobus
2561 2919 2759 2974 annis:
2790 2918 2884 2973 sed
2931 2926 2986 2973 et
3026 2918 3185 2971 istam
3222 2930 3361 2985 pm

1796 3014 2073 3082 cesserant
2094 3013 2356 3069 editiones
2374 3010 2739 3082 liartyrologii
2767 3011 2909 3074 duae,
2936 3023 3165 3077 quarum
3185 3022 3377 3066 annos
3410 3026 3411 3031 ‘

2163 3118 2238 3157 re.
2259 3118 2369 3157 non
2400 3101 2625 3156 curavit-
2644 3083 2952 3164 Baronius;
2988 3107 3221 3167 utraque
3252 3112 3355 3151 au-

1799 3204 1904 3249 tem
1934 3195 2018 3247 vel
2046 3174 2305 3259 alterutra
2317 3207 2502 3246 earum
2529 3192 2703 3259 potuit
2727 3182 2968 3259 Gregorii
2998 3186 3106 3241 VII.
3136 3186 3359 3245 nomino

1795 3291 1951 3338 aucta
2006 3272 2547 3351 fuisse,<priusquam
2590 3279 3022 3334 Trans’lationem
3062 3276 3282 3344 faceret.
3308 3280 3375 3335 εἰ

1793 3390 1913 3428 eam
1941 3372 2078 3426 forte
2102 3370 2248 3434 fecit,
2274 3368 2569 3451 yarsilius.
3026 3410 3027 3413 η

1867 3463 1952 3518 10.
1998 3462 2095 3517 His
2145 3456 2611 3548 veluti\gradibus
2657 3454 3369 3548 paulatimprovectus]!~

1795 3554 2040 3624 Gregorii
2066 3550 2176 3605 Vl].
2202 3546 2407 3616 cultu8\
2428 3550 2659 3619 denique
2684 3548 2752 3602 ad
2783 3547 3147 3604 celebritatem
3185 3546 3369 3609 Ollicii

1795 3644 2053 3713 Duplicis,
2090 3642 2304 3711 proprie
2346 3624 2576 3709 de\ipso
2617 3638 2832 3709 agendi,
2873 3648 3087 3701 erectus
3123 3646 3225 3703 est,
3252 3638 3369 3693 sub

1793 3732 2000 3787 Joanne
2038 3729 2383 3783 Bellarminio
2430 3718 2708 3797 Bo‘tognini
2748 3741 3080 3781 successore.
3123 3726 3207 3780 Ab
3251 3727 3358 3782 hoc

1794 3822 2061 3892 siquidem
2081 3821 2425 3889 impetratum
2454 3825 2508 3873 et
2535 3808 2603 3873 ad
2624 3816 2874 3872 notitiam
2894 3832 3163 3887 usumque
3185 3817 3363 3873 totius
3440 3800 3441 3803 η
3478 3816 3485 3821 ’

1792 3912 1938 3967 Cleri
1968 3910 2293 3967 Salernitani
2339 3909 2577 3979 imprimi
2606 3907 2825 3978 jussum
2858 3915 2943 3963 est
2982 3906 3170 3972 Breve,
3208 3922 3354 3963 anno

1797 4002 1953 4068 1610,
1981 4002 2138 4071 cujus
2163 4002 2488 4069 exemplum,
2512 4014 2636 4054 cum
2669 3997 2791 4071 aliis
2832 3998 3106 4051 nonnullis
3149 3996 3356 4055 instru-

1794 4068 2064 4149 ctionibus
2091 4091 2197 4145 huc
2224 4068 2612 4159 spectantibus,
2629 4092 2691 4141 ut
2705 4068 2871 4141 manu
2895 4093 2950 4139 et
2969 4085 3071 4139 ﬁde
3089 4082 3369 4144 Notariall‘

1792 4183 2121 4251 acciperem;
2151 4180 2276 4236 fecit
2307 4178 2366 4241 Β.
2408 4177 2470 4231 1).
2504 4175 2757 4231 Nieolaus
2792 4174 3085 4253 Lavianus,
3117 4175 3356 4231 Salerni.

1792 4272 1905 4325 tani
1931 4270 2154 4342 Collegii
2201 4270 2375 4325 nostri
2415 4268 2610 4324 ﬂector
2650 4281 2794 4323 anno
2837 4266 2995 4321 1685.
3035 4258 3217 4336 Ipsum
3246 4267 3358 4324 tale

1792 4370 1877 4416 est
1907 4380 1921 4417 ἒ

1718 4443 1761 4498 1)
1785 4404 1993 4507 Plinius
2030 4468 2168 4523 papa
2195 4452 2407 4522 quintus
2540 4456 2842 4517 perpetuam
2894 4446 2969 4499 rei
3003 4404 3308 4501 numerium
3330 4465 3357 4513 :_

1864 4562 1883 4595 ς
1933 4544 2147 4598 Domini
2183 4541 2353 4595 nostri
2399 4538 2526 4594 Jesu
2564 4536 2787 4602 Christi,
2835 4537 2931 4607 qui
2975 4552 3162 4593 servos
3218 4552 3352 4593 suos

1786 4641 1998 4687 eterna:
2019 4632 2203 4701 gloriae
2236 4628 2464 4699 praimio.
2489 4628 2655 4682 donat
2680 4628 2736 4681 in
2759 4627 2934 4693 caelis,
2970 4628 3115 4682 vices
3150 4642 3345 4695 quam~

1784 4738 1946 4790 quam
1977 4720 2228 4774 immeriti
2259 4722 2312 4773 in
2336 4720 2494 4774 terris
2522 4728 2809 4789 gerentes;
2836 4734 2903 4771 ex
2935 4717 3159 4786 injuncti
3189 4715 3348 4770 nobis

1784 4812 1942 4867 oﬁicii
1975 4812 2155 4867 debito
2178 4811 2400 4865 omnino
2429 4819 2678 4864 tenemur
2703 4821 2998 4877 procurare
3045 4813 3156 4858 ute
3178 4820 3350 4858 rum-

1783 4904 1903 4959 dem
1928 4919 2208 4958 servorum
2232 4901 2432 4956 Christi
2478 4900 2654 4953 bonos
2694 4904 2747 4950 et
2794 4886 3070 4949 veneratio
3110 4894 3165 4947 in
3186 4894 3349 4950 terris

1784 5009 2001 5064 quoque
2024 5000 2441 5063 promoveatur;
2477 4988 2705 5057 ideoque
2747 4985 2985 5039 ﬁdelium
3032 4984 3193 5047 votis,
3223 4999 3348 5053 quae

1782 5084 2106 5153 peculiarem
2146 5097 2270 5149 erga
2319 5078 2691 5145 illoscultum
2748 5076 3062 5147 respiciunt,
3116 5068 3366 5157 liben'tq‘

1783 5175 2093 5237 annuimus,
2122 5180 2281 5242 prout
2325 5172 2378 5226 in
2432 5169 2660 5223 Domino
2683 5165 3047 5234 conspicimus
3069 5160 3343 5234 expedire.
3438 5176 3445 5184 '

1785 5264 1927 5319 Sane
1974 5264 2130 5320 nobis
2174 5278 2344 5332 nuper
2385 5261 2487 5315 fuit
2529 5258 2853 5327 expositum,
2884 5255 3105 5310 nomine
3138 5254 3346 5309 Fratris

1780 5353 2008 5410 Joannis
2050 5352 2453 5423 Arcbiepiscopi
2518 5346 2867 5413 Salernitani,
2918 5362 2983 5401 ac
3020 5347 3342 5401 dilectorum

1783 5446 2017 5500 ﬁliorum
2047 5443 2242 5498 Decani
2264 5451 2317 5496 et
2350 5438 2584 5509 Capituli
2634 5438 2896 5502 ecclesiae,
2935 5447 3143 5489 necnon
3170 5429 3347 5485 totius

1782 5536 1922 5590 Cleri
1957 5533 2202 5589 Civitatis
2234 5522 2607 5594 Salernitanz'e,
2644 5528 2788 5598 quod
2822 5526 2923 5595 ipsi
2949 5538 3017 5576 ex
3053 5519 3338 5589 peculiari,

1782 5640 1945 5697 quam
1967 5610 2091 5694 erga
2120 5622 2341 5678 Beatum
2366 5622 2696 5691 Gregorium
2710 5611 2908 5684 Papam
2936 5611 3049 5680 VII,
3072 5610 3231 5679 cujus
3252 5609 3341 5664 in-

1782 5696 2005 5787 dignum
2029 5728 2397 5771 successorem
2423 5710 2603 5767 divina
2624 5704 2863 5777 dignatio
2887 5717 2988 5760 nos
3007 5716 3126 5759 esse
3144 5696 3341 5772 voluit,
