3902 6356
435 478 499 532 ιο
1324 517 1326 519 ›
1395 533 1420 553 ._
1617 480 1672 534 s.
1714 478 2108 538 (:REGORIUS
2148 478 2237 533 vn
2271 477 2447 542 pars

3547 448 3630 539 eo

431 594 734 650 devotionis
767 602 961 668 gerunt
1004 593 1276 658 amet-tum,
1319 591 1574 662 pet-ttiiari
1622 607 1841 660 quaque
1886 587 1992 642 ritu
2022 591 2066 646 Λ
2092 589 2331 653 tertiam,
2351 589 2510 659 cujus
2535 585 2738 642 donum
2760 584 3140 656 Episcopatum
3176 582 3422 654 pecuniis
3440 597 3655 639 coeme-

431 674 520 741 die
556 684 730 739 Natali
777 685 994 755 ipsius,
1020 691 1077 738 ct
1116 683 1261 737 illius
1306 681 1674 738 Translationi
1719 693 1897 744 sacro,
1926 678 1993 732 de

431 777 619 831 eodem
657 777 820 830 Beato
849 775 1110 846 Gregorio
1157 782 1564 830 sacrosanctum
1600 772 1777 826 Missae
1811 778 1867 824 et
1887 769 1991 824 alia

431 867 612 924 divina
639 867 820 922 Ollicia
853 868 1058 922 tenoris
1103 867 1487 936 subsequentis
1532 864 1762 919 recitare
1783 860 1993 915 deside—

433 966 574 1012 rant.
607 978 624 1009 ι
654 957 899 1013 Oﬁicium
931 957 1127 1026 duplex
1168 956 1502 1012 recitandum
1550 970 1647 1024 per
1685 951 1992 1021 Capitulum

429 1059 486 1101 et
511 1049 727 1102 (Ilerum
753 1047 1006 1102 Civitatis
1027 1048 1235 1100 Salerni
1257 1045 1550 1116 quotannis
1576 1045 1629 1097 in
1655 1044 1741 1098 die.
1763 1041 1919 1104 festo,
1939 1046 1996 1092 et

431 1139 487 1201 in
510 1139 596 1192 die
629 1138 1028 1193 Translationis
1063 1137 1121 1190 Β.
1147 1136 1391 1206 Gregorii
1413 1137 1571 1205 Papae
1584 1133 1694 1186 VII.
1715 1131 1908 1186 Omnia
1927 1130 1994 1184 de

430 1227 720 1282 Communi
772 1228 1114 1283 Confessus-is
1165 1227 1444 1282 Pontiﬁcis
1477 1233 1672 1296 pr:er
1717 1223 1807 1277 illa
1873 1235 1996 1290 qua:

431 1328 711 1389 ponuntur
741 1319 978 1389 propria.
1015 1338 1033 1368 ο
1066 1316 1293 1372 Omne.
1320 1317 1462 1372 Deus
1487 1317 1579 1385 qui
1615 1314 1838 1367 Beatum
1861 1309 1996 1365 Gres

429 1409 643 1476 gorium
679 1401 1061 1464 Confessorcm
1098 1417 1251 1462 tuum
1294 1416 1455 1477 atque
1489 1405 1826 1469 Pnntiﬁccm,
1851 1401 1993 1455 San-

392 1533 396 1537 ι
429 1508 640 1552 rtornzn
668 1507 884 1552 tuorum
905 1499 1074 1570 gloria
1094 1498 1428 1557 sublimasti;
1474 1496 1708 1550 concede
1731 1493 1996 1564 propitius

431 1597 511 1653 ut,
541 1589 634 1658 qui
681 1599 1024 1658 peccatorum
1067 1598 1376 1643 nostrorum
1399 1588 1638 1658 pondere
1674 1585 1993 1655 premimur,

429 1682 550 1747 eius
586 1681 726 1749 apud
751 1690 804 1735 te
837 1682 1088 1750 precibus
1119 1681 1482 1735 subleventur.
1507 1678 1609 1731 Per
1628 1677 1937 1737 Dominum,
1969 1690 1989 1722 ι

427 1779 532 1824 etc.
570 1767 669 1824 ’Sit
696 1770 1157 1826 Commemoratio
1215 1769 1274 1824 S.
1325 1767 1530 1823 Urbani
1575 1756 1736 1837 Papae
1772 1773 1828 1819 et
1849 1763 1996 1817 Mar-

430 1861 568 1931 tyris
612 1861 664 1915 in
699 1863 889 1931 primis
923 1861 1194 1930 Vesperis,
1226 1870 1282 1915 ct
1325 1859 1378 1914 in
1401 1857 1677 1912 Laudibus
1701 1856 1852 1928 (dum
1902 1868 1996 1908 oc-

429 1953 622 2008 currit)
655 1961 710 2006 et
752 1953 805 2006 in
842 1951 1107 2006 Matutino
1148 1951 1238 2004 IX.
1282 1950 1485 2004 Lectio.
1538 1946 1803 2001 Similiter
1829 1945 1885 1998 in
1911 1957 1999 1997 se-

431 2043 626 2096 cundis
660 2041 915 2112 Vcsperis
944 2041 1002 2096 S.
1045 2041 1339 2097 Eleutherii
1364 2039 1427 2093 P.
1453 2047 1508 2094 et
1539 2037 1611 2092 Μ.

508 2135 587 2187 ll.
615 2134 695 2187 Ad
725 2133 1046 2188 Matutinum
1096 2134 1150 2188 in
1186 2133 1362 2203 primo
1407 2129 1686 2203 Nocturno
1714 2126 1998 2182 Lectiones

430 2226 497 2277 de.
527 2225 684 2280 initio
720 2225 971 2279 secundae
997 2224 1253 2294 Epistula;
1279 2222 1341 2276 Β.
1364 2221 1514 2276 Petri
1535 2217 1802 2289 Apostoli,
1837 2221 2002 2284 prout

435 2317 596 2371 habet
639 2315 975 2372 Breviarium
1018 2315 1324 2370 Romanum
1371 2314 1425 2367 in
1479 2310 1612 2366 feria
1661 2316 1812 2365 sexta
1858 2303 1999 2360 infra

431 2407 688 2462 Octavam
741 2406 1111 2474 Ascensionis.
1160 2405 1219 2460 ln
1258 2404 1498 2460 secundo
1534 2400 1814 2455 Nocturna
1848 2415 1867 2448 σ
1901 2395 2002 2450 LE-

430 2511 558 2552 crto
590 2514 661 2552 Iv.
691 2497 984 2568 Gregorius
1026 2496 1170 2567 Papa
1196 2494 1309 2562 νιι,
1346 2493 1544 2550 Soanze
1580 2491 1637 2546 in
1666 2488 1882 2543 Etruria
1905 2504 2002 2541 na-

434 2598 550 2654 tus,
587 2588 856 2652 doctrina,
898 2588 1184 2643 sanctitate
1218 2585 1480 2654 omnique
1521 2583 1784 2636 virtutum
1807 2593 2003 2648 genere

433 2678 764 2748 cumprimis
781 2678 1001 2742 nobilis,
1042 2676 1269 2730 miriﬁce
1303 2675 1609 2728 universam
1641 2669 1734 2725 Dei
1763 2669 2003 2723 illustra-

433 2771 510 2824 vit
543 2767 883 2835 Ecclesiam;
919 2783 1227 2838 supremam
1278 2782 1407 2820 vero
1449 2761 1760 2818 Sacerdotis
1810 2761 1894 2820 sui
1946 2760 2000 2814 in

437 2861 594 2915 terris
619 2861 936 2931 dignitatem
959 2854 1382 2921 admirabiliter,
1413 2855 1506 2925 qui
1545 2861 1629 2906 est
1669 2849 2004 2905 admirabilis

437 2952 490 3006 in
511 2951 728 3006 Sanctis
747 2950 864 3007 suis
890 2949 1173 3014 Dominus,
1197 2955 1617 3019 pnemonstrarc
1629 2943 1882 3014 dignatus
1899 2949 2000 2996 cst.

435 3034 570 3099 Nam
597 3059 721 3099 cu‘n
748 3043 1027 3114 parvulus,
1050 3043 1116 3095 ad
1149 3040 1286 3094 fabri
1321 3039 1466 3109 ligna
1500 3035 1768 3092 edolantis
1819 3033 2002 3102 pedes,

431 3133 871 3200 jamlitterarum
915 3133 1122 3188 inscius
1171 3131 1413 3196 luderet;
1464 3143 1530 3182 ex
1564 3125 1779 3196 rejectis
1822 3132 2005 3178 tamen

2093 689 2196 745 rat,
2227 678 2470 748 proferre
2498 679 2648 732 nullo
2676 677 2838 732 modo
2871 676 3152 730 valuisset.
3177 673 3257 728 Tu
3281 682 3483 729 autem.

2164 771 2251 825 15.
2279 790 2297 821 ι
2329 768 2530 823 ιεοτιο
2557 786 2630 822 vi.
2654 767 2894 836 Denique
2913 782 2944 821 a
2970 765 3195 820 Nicolao
3217 764 3455 820 secundo
3476 761 3657 817 Ponti-

2096 862 2193 922 ﬁec
2215 861 2640 915 Archidiaconus
2659 857 2981 922 Cardinalis,
3015 864 3071 910 et
3095 857 3164 910 ab
3196 855 3501 909 Alexandro
3527 853 3652 907 item

2095 952 2331 1006 sreuudo
2356 950 2718 1005 Cancellarius
2751 947 2808 1002 S.
2833 947 3090 1001 Romamn
3129 943 3379 1000 Ecclesia:
3415 951 3654 1008 creatus,

2093 1044 2266 1097 cidem
2290 1043 2343 1096 in
2373 1057 2646 1097 summum
2686 1039 3066 1093 Pontiﬁcatum
3107 1035 3396 1091 succedere
3435 1033 3653 1087 meruit.

2097 1134 2174 1188 Ad
2200 1136 2333 1188 tanti
2361 1149 2488 1187 vero
2525 1132 2749 1186 honoris
2780 1131 2988 1200 apicem
3033 1134 3366 1196 assumptus,
3392 1124 3506 1193 jam
3546 1121 3664 1176 for-

2095 1209 2183 1280 ma
2207 1225 2382 1296 gregis
2410 1224 2604 1287 ﬂictus,
2629 1221 2772 1291 quod
2798 1220 2963 1274 verbo
2994 1218 3198 1282 docuit,
3215 1207 3388 1270 etiam
3411 1212 3659 1283 exemplo

2094 1315 2486 1370 demonstravit
2517 1312 2806 1380 ;ac.fortis
2845 1325 2943 1380 per
2984 1309 3167 1362 omnia
3217 1305 3440 1370 athleta,
3479 1318 3660 1372 sepro

2097 1341 2430 1370 llt?!ll0ll5l.l'il\
2445 1341 2486 1368 ιι
2517 1341 2620 1380 galli
2651 1341 2721 1365 ιυι
2738 1341 2806 1365 ua
2847 1341 2931 1380 lic:
2984 1341 3167 1362 υιιιιιιιι
3217 1341 3440 1370 usui-eun,
3481 1341 3535 1357 οι.
3562 1341 3658 1372 γιν

2097 1423 2254 1461 muro
2292 1406 2477 1461 domui
2501 1341 2664 1460 lsraell
2701 1416 2903 1471 ponere
2948 1415 3057 1453 non
3111 1398 3312 1453 timuit.
3365 1392 3658 1448 Henricum

2095 1497 2396 1552 Germania:
2417 1495 2611 1565 Regem
2638 1488 3180 1564 quartum,Ecclesi:e
3200 1486 3478 1556 infestum,
3502 1482 3663 1536 Fide-

2095 1589 2227 1643 liam
2248 1586 2629 1643 communione
2656 1597 2931 1653 regnoque
2968 1580 3206 1651 privans,
3233 1577 3479 1632 subditos
3498 1588 3666 1644 popuo

2094 1680 2178 1733 los
2199 1679 2300 1733 ﬁde
2326 1677 2375 1732 ei
2394 1677 2520 1730 data
2567 1673 2835 1728 liberavit.
2863 1669 3001 1726 Cum
3042 1681 3231 1740 postea
3272 1667 3342 1721 ab
3367 1664 3541 1734 iniqui
3562 1662 3665 1718 Rc-

2095 1771 2179 1840 gis
2201 1768 2438 1824 exercitu
2460 1765 2647 1820 Romae
2673 1763 2824 1835 gravi
2857 1761 3141 1816 obsidione
3166 1764 3541 1829 premeretur;
3565 1768 3662 1807 ex-

2096 1861 2320 1916 citatum
2337 1859 2407 1913 ab
2418 1857 2670 1912 hostibus
2684 1853 2994 1909 incendium
3012 1851 3169 1921 signo
3187 1845 3381 1903 Crucis
3398 1843 3660 1909 extinxit;

2097 1952 2218 2006 aliis
2244 1963 2481 2020 quoque,
2509 1956 2619 2002 tam
2651 1947 2806 2000 vivus
2849 1958 3013 2014 quam
3060 1948 3330 2004 mortuus,
3382 1933 3667 1990 miraculis

2097 2043 2296 2097 clarus.
2343 2039 2424 2094 Ex
2471 2036 2856 2108 Apostolorum
2901 2039 3063 2087 :etatc
3109 2029 3292 2084 nullus
3337 2024 3663 2080 Pontiﬁcum

2098 2133 2267 2187 fuisse
2295 2130 2546 2196 traditur,
2580 2127 2674 2197 qui
2703 2124 2939 2192 majores
2966 2136 3066 2190 pro
3106 2117 3344 2175 Ecclesia
3401 2115 3498 2170 Dei
3520 2114 3670 2168 labo-
3696 2123 3704 2129 '

2100 2239 2188 2278 res
2215 2221 2600 2289 melestiasque
2624 2212 2909 2286 pertulerit
2936 2229 2952 2279 ;
2982 2218 3076 2264 aut
3094 2210 3188 2279 qui
3238 2222 3340 2278 pro
3369 2205 3487 2274 ejus
3511 2204 3672 2258 liber-

2100 2320 2210 2370 ta'te
2238 2313 2419 2368 acrius
2438 2306 2775 2381 pugnaverit.
2806 2299 3227 2358 Innumerabilia
3271 2303 3402 2352 sunt
3429 2309 3553 2364 quae
3583 2295 3669 2347 vel

2101 2405 2313 2460 fortiter
2336 2400 2614 2465 sustinuit,
2641 2392 2742 2471 vel:
2760 2393 2948 2449 multis
2987 2391 3191 2447 coactis
3232 2389 3287 2442 in
3317 2385 3480 2466 Urbe.
3501 2383 3674 2456 Syno-

2099 2497 2186 2550 dis
2206 2493 2479 2562 sapienter
2499 2486 2806 2545 constituit.
2841 2483 2911 2537 De
2937 2497 3101 2536 manu
3138 2479 3356 2534 Henrici
3391 2475 3606 2530 tandem
3635 2489 3669 2529 a

2105 2585 2339 2640 [lobcrto
2359 2579 2660 2638 Guiscardo
2680 2577 2827 2631 Duce
2846 2573 3223 2628 Nortlnnanno
3234 2576 3473 2638 ereptus,
3497 2565 3671 2620 Saler-
3712 2614 3715 2615 ν

2103 2691 2232 2732 num
2260 2673 2504 2736 veniens,
2555 2669 2751 2723 ibidem
2793 2674 2987 2721 octavo
3040 2661 3310 2717 Kalendas
3348 2657 3516 2723 Junii,
3542 2671 3668 2711 cum

2105 2765 2410 2836 praefuisset
2429 2761 2682 2817 Ecclesia:
2696 2773 2869 2812 annos
2889 2755 3195 2817 duodecim,
3213 2765 3453 2807 mensem
3475 2762 3670 2810 unum,

2103 2835 2219 2912 dies
2259 2866 2390 2921 tres,
2441 2851 2640 2908 creatis
2685 2845 3057 2917 compluribus
3107 2843 3290 2897 Romae
3333 2849 3494 2910 atque
3542 2835 3671 2890 alilsi

2103 2947 2482 3003 Cardinalibus
2527 2951 2582 2998 et
2628 2939 2933 3012 Episcopis,
2987 2936 3075 2989 die
3111 2931 3392 2987 Dominico
3421 2925 3673 2997 migravit

2105 3039 2170 3093 ad
2193 3037 2483 3093 Dominum
2515 3052 2531 3101 ;
2563 3033 2789 3102 ejusque
2815 3042 3030 3084 sacrum
3054 3025 3267 3094 Corpus
3288 3022 3344 3075 in
3361 3017 3672 3102 Cathpdrali

2108 3129 2337 3182 Basilica
2383 3095 2720 3179 Salernilana
2763 3129 2847 3174 est
2891 3114 3190 3170 honoriﬁce
3219 3095 3535 3183 conditum.
3589 3105 3672 3160 Tu

437 3226 731 3294 segmentis
758 3225 848 3279 illa
879 3223 1121 3278 Davidici
1145 3224 1411 3276 elementa
1435 3218 1654 3272 0raeuli
1707 3236 1724 3267 ι
1750 3215 2004 3269 Domina-
2031 3228 2073 3283 (ζ
2105 3229 2310 3283 autem,
2341 3236 2360 3268 ι
2389 3224 2493 3270 etc.
2531 3213 2590 3266 In
2635 3211 2797 3266 tertio
2834 3205 3115 3261 Nocturno
3152 3183 3435 3266 Lectiones
3471 3198 3538 3252 de
3565 3195 3676 3280 Hos

440 3317 584 3370 hitur
603 3335 635 3370 a
666 3332 801 3370 mari
824 3330 999 3384 usque
1018 3314 1085 3368 ad
1108 3328 1279 3380 mare,
1302 3332 1321 3362 ι
1345 3311 1607 3367 divinitus
1632 3306 2005 3364 conformasse

439 3415 710 3462 narratur.
737 3405 787 3461 Is
815 3406 886 3460 ab
927 3405 1147 3458 ineunte
1184 3412 1343 3460 :etate
1391 3401 1580 3457 Romae
1614 3400 1859 3454 honestis
1888 3399 2007 3453 aui-

440 3513 590 3551 mmn
611 3496 916 3566 disciplinis
944 3496 1220 3560 excoleris,
1250 3495 1307 3549 in
1329 3493 1494 3548 domo
1520 3491 1578 3546 S.
1608 3489 1752 3544 Petri
1773 3497 1854 3543 est
1878 3501 2010 3542 enu-

437 3588 622 3653 tritus,
643 3587 737 3642 tali
762 3582 1033 3640 nutritore'
1050 3587 1248 3656 dignus
1271 3585 1560 3638 alumnus:
1589 3590 1651 3634 ut
1671 3579 1830 3648 cujus
1856 3577 2008 3632 altis.

396 3746 400 3750 .
438 3679 658 3744 simam,
715 3677 828 3732 Deo
861 3677 1167 3748 largiente,
1225 3674 1602 3730 auctoritatem
1653 3677 2010 3739 suscepturus

438 3769 732 3840 aliquando
749 3777 887 3832 erat,
911 3769 1084 3839 ipsius
1099 3767 1412 3836 Apostolico
1426 3766 1483 3821 in
1503 3765 1712 3835 gremio
1725 3764 2007 3830 educatus,

439 3859 766 3931 Apostolicis
789 3859 916 3933 illis,
931 3855 1079 3929 'quas
1091 3866 1280 3927 postea
1302 3857 1356 3910 in
1377 3855 1613 3926 gerendo
1626 3869 1843 3928 sugumo
1860 3853 2008 3908 Pon-

441 3955 646 4009 tiﬁcatu
690 3951 956 4016 exhibuit,
986 3937 1278 4004 virtutibus
1302 3947 1517 4018 plenius
1542 3946 1896 4001 imbueretur.
1927 3943 2009 3998 Tu

444 4054 627 4102 autem
643 4086 658 4110 ,
681 4042 930 4107 Domine,
962 4049 1069 4095 etc.
1715 4057 1717 4059 ί

514 4137 603 4191 l2.
638 4156 657 4185 ι
701 4133 904 4213 ιεετιο
952 4149 1007 4186 v.
1054 4128 1280 4185 Iuvenis
1329 4127 1585 4184 Ecclesia:
1621 4127 2009 4192 libertatem,'a

444 4226 625 4301 Laicis
649 4238 986 4293 oppressam,
1028 4237 1094 4276 ac
1139 4221 1464 4291 depravatos
1506 4217 2011 4274 Eeclesiasticorum

445 4333 626 4374 mores
648 4315 1023 4370 vehementius
1047 4312 1259 4376 dolens,
1291 4312 1346 4363 in
1376 4310 1722 4365 Cluniacensi
1747 4307 2015 4364 Monaste-

444 4411 548 4472 rio,
578 4407 673 4462 ubi
699 4407 804 4461 sub
840 4405 1043 4475 Regula
1097 4400 1155 4457 S.
1214 4400 1488 4456 Benedicti
1529 4400 1847 4455 austerioris
1889 4398 2014 4453 vita:

442 4498 786 4552 observantia
817 4512 886 4552 eo
923 4505 1168 4564 tempore
1207 4492 1443 4559 maxime
1495 4490 1728 4560 vigebat,
1761 4477 2011 4543 blonacbi

2105 3312 2254 3367 milia
2272 3308 2330 3364 S.
2360 3306 2561 3362 Leonis
2585 3304 2747 3373 Papa:
2779 3301 2837 3355 in
2875 3293 3248 3366 Evangelium.
3276 3309 3296 3341 ι
3337 3285 3501 3346 Venit
3515 3285 3674 3373 {esus

2106 3405 2160 3458 in
2189 3409 2372 3473 partes
2412 3369 2683 3453 Casurae—
2725 3389 2980 3460 Philippi,
3012 3407 3031 3438 ι
3087 3399 3226 3455 quas
3254 3381 3428 3473 habet
3451 3369 3684 3473 Brevia:

2105 3465 2248 3549 riunt
2274 3491 2580 3545 Romanum
2627 3477 2717 3540 die
2769 3481 2860 3536 22.
2905 3478 3066 3534 Febr.
3105 3476 3170 3559 in
3210 3473 3350 3530 festo
3387 3465 3720 3525 Cathedrte“

2105 3582 2458 3638 Antiochense
2483 3577 2541 3631 S.
2566 3574 2735 3629 Petri.

2180 3672 2266 3728 ll.
2293 3670 2457 3727 Missa
2484 3667 2706 3730 dicitur,
2732 3676 2854 3732 qua:
2877 3659 3099 3730 ponitur
3119 3656 3172 3710 in
3195 3653 3400 3709 Missali
3424 3650 3674 3706 Romano

2106 3766 2195 3820 die
2242 3763 2303 3818 ll
2337 3759 2562 3832 Aprilis,
2603 3757 2661 3812 in
2684 3754 2828 3823 festo
2860 3751 3046 3805 Sanct.
3093 3747 3293 3802 Leonis
3333 3744 3510 3814 Papze,
3536 3755 3677 3832 prte-

2109 3865 2191 3911 ter
2208 3853 2514 3908 Orationes.
2527 3845 2737 3902 Oumo
2749 3859 2928 3898 enim.
2964 3859 2983 3892 ι
3005 3839 3148 3893 Deus
3169 3836 3264 3907 qui
3278 3835 3339 3889 Β.
3352 3831 3674 3903 Gregorium

2102 3955 2213 4001 ‘ctc.
2252 3963 2272 3994 ι
2307 3951 2368 3996 ut
2394 3955 2578 4013 supra.
2627 3957 2646 3988 ι
2685 3935 2953 3990 Secncra.
2975 3929 3038 3985 B.
3066 3927 3310 3997 Gregorii
3330 3923 3677 3979 Gonfessoris

2111 4037 2187 4091 tui
2213 4043 2376 4104 atque
2400 4027 2701 4091 Pontiﬁcis,
2733 4014 3069 4094 quasumu's,
3099 4017 3343 4081 Domine,
3383 4028 3563 4068 annua
3591 4027 3682 4067 so-

2110 4103 2365 4191 lemnitas
2387 4137 2488 4177 nos
2516 4117 2667 4192 [tibi]
2689 4115 2879 4170 reddat
2911 4116 3190 4178 acceptos;
3239 4114 3300 4160 ut
3321 4119 3416 4175 per
3436 4105 3550 4158 haec
3573 4103 3682 4174 pia:~

2111 4214 2436 4289 placationis
2456 4209 2719 4274 ofﬁcia,ct
2729 4207 2880 4259 illum
2903 4204 3060 4258 beata
3083 4197 3369 4253 retributio
3387 4193 3680 4248 comitetur

2112 4283 2168 4364 et
2191 4306 2349 4362 nobis
2396 4301 2585 4377 gratia:
2619 4307 2727 4353 tua:
2758 4296 2900 4350 dona
2927 4289 3193 4347 conciliet.
3237 4284 3342 4339 Per
3363 4283 3690 4338 Dominum.’

2113 4402 2380 4456 Posrcou.
2405 4373 2518 4459 'Da,
2541 4401 2877 4462 quiesnmus,
2915 4380 3160 4445 Domine,
3192 4377 3441 4432 ﬁdelibus
3463 4373 3680 4444 populis

2113 4493 2175 4546 ll.
2200 4484 2544 4546 Confessoris
2574 4481 2651 4536 tui
2680 4488 2842 4547 atque
2874 4471 3155 4528 Pontiﬁcis
3187 4466 3431 4538 Gregorii
3463 4479 3682 4533 semper

447 4590 692 4644 habitum
727 4588 978 4652 induens,
1012 4555 1165 4640 tanto
1191 4555 1408 4652 pictatis
1434 4555 1628 4636 ardore
1654 4568 1862 4636 Divina:
1894 4579 2010 4635 Μει-
2043 4557 2087 4610 D
2112 4579 2463 4644 veneratione
2491 4571 2664 4628 laetari
2687 4611 2704 4636 ,
2743 4576 2799 4622 et
2829 4565 2948 4635 ejus
2977 4569 3236 4633 perpetua
3284 4555 3681 4626 supplicatione

441 4680 626 4746 jestati
665 4678 1021 4742 deseniebat,
1057 4685 1119 4730 ut
1160 4691 1194 4728 a
1239 4674 1444 4729 sanctis
1488 4673 1730 4741 ejusdem
1766 4671 2014 4728 Cmnobii

446 4759 702 4828 Pati-ibus
748 4770 908 4824 Prior
957 4769 1029 4821 sit.
1067 4767 1290 4820 electus.
1343 4762 1471 4818 Inde
1512 4777 1635 4816 mox
1676 4777 1708 4815 a
1748 4761 1808 4816 S.
1836 4761 2017 4816 Lcone

425 4863 593 4932 Papa
619 4878 785 4925 nono,
809 4859 938 4930 quia
959 4858 1180 4911 lucerna
1229 4856 1419 4909 lucens
1465 4861 1520 4906 et
1547 4851 1746 4906 ardens
1785 4851 1841 4905 in
1875 4851 2020 4906 clau-

447 4959 687 5009 strorum
717 4949 983 5019 angustiis
1010 4949 1181 5000 latere
1217 4960 1327 4998 non
1357 4943 1604 5008 debebat,
1627 4943 1720 4996 sed
1753 4943 1809 4996 in
1829 4941 2018 5003 Eccle-

449 5043 546 5097 sia:
565 5042 834 5099 altissimo
875 5038 1076 5093 vertice
1113 5036 1208 5091 Dei
1250 5035 1410 5105 jussu
1456 5033 1684 5086 locanda
1730 5041 1868 5096 erat,
1906 5031 2019 5084 Ito-

451 5148 596 5205 mam
622 5133 906 5196 adductus,
927 5139 984 5185 et
1005 5137 1208 5183 sancta:
1225 5127 1486 5189 Romana:
1519 5121 1773 5178 Ecclesia:
1797 5121 2024 5177 Subdiu-

451 5230 624 5279 conus
664 5224 967 5288 ordinatus,
991 5221 1168 5275 eidem
1220 5217 1279 5271 S.
1306 5216 1473 5270 Leoni
1524 5231 1589 5270 ac
1617 5214 2025 5269 successoribus

453 5329 630 5384 usque
655 5315 790 5368 adeo
816 5329 979 5368 carus
1015 5310 1136 5375 fuit,
1156 5325 1162 5331 ‘
1183 5316 1246 5362 ut
1275 5306 1411 5360 nihil
1436 5305 1562 5359 sine
1597 5303 1767 5372 ipsius
1795 5305 2026 5359 consilio

454 5405 720 5476 gererent.
751 5404 794 5454 Α
823 5402 1039 5456 Victore
1060 5401 1205 5471 Papa
1231 5396 1470 5453 secundo
1496 5385 1705 5463 legatus
1725 5407 1757 5446 a
1781 5394 1955 5448 latere
1970 5395 2026 5449 in

457 5495 686 5568 Galliam
723 5493 944 5555 missus,
972 5491 1299 5560 Episcopum
1333 5486 1547 5556 publice
1576 5484 1884 5538 Simoniaca
1907 5485 2029 5538 labe

458 5584 740 5647 infectum,
764 5586 892 5652 quia
915 5581 1232 5636 humanitus
1254 5578 1504 5632 convinci
1542 5591 1650 5631 non
1678 5583 1907 5645 poterat,
1946 5575 2030 5627 di-

460 5675 663 5728 vinitus
691 5675 955 5740 convicit;
983 5688 1108 5727 cum
1141 5671 1338 5738 jussus
1367 5667 1626 5733 Antistes,
1649 5666 1830 5720 Gloria
1861 5665 2026 5731 Patri,

2115 4671 2333 4728 muniri.
2362 4668 2466 4722 Per
2498 4661 2810 4724 Dominum,
2835 4665 2940 4711 etc.

2189 4753 2273 4815 l5.
2308 4779 2327 4810 ε
2355 4758 2603 4825 Cumque
2625 4760 2737 4804 tam
2764 4748 3002 4802 Joannes
3029 4739 3482 4810 Arcbicpiscopus
3512 4750 3679 4806 quam

2117 4854 2364 4906 Oceanus
2395 4855 2450 4901 et
2474 4839 2786 4912 Capitulum
2815 4837 2880 4890 ac
2901 4835 3095 4889 Clerus
3124 4830 3367 4902 praedicti
3392 4827 3550 4881 nobis
3576 4827 3684 4878 bu-

2119 4944 2318 4999 militcr
2338 4932 2629 5008 supplicari
2664 4927 2890 4984 fecerint
2932 4933 2992 4990 ut
3026 4923 3095 4977 de
3145 4927 3448 4990 opportuna
3493 4916 3609 5008 sibi,
3625 4915 3682 4970 in

2117 5006 2423 5105 pra-missis
2445 5006 2662 5081 licentia
2690 5017 2970 5092 providere
3014 5012 3344 5082 benignitate
3373 5006 3684 5078 Apostoliea

2117 5097 2656 5193 ilignaremur;Nos,
2710 5123 2901 5174 eorum
2941 5103 3206 5160 laudabile
3251 5098 3578 5156 desiderium
3627 5097 3683 5151 in

2123 5188 2352 5267 Domino
2375 5208 2672 5280 plurimum
2696 5197 3158 5258 commendantes,
3195 5199 3250 5246 et
3271 5204 3461 5245 eorum
3497 5188 3689 5258 singu-

2121 5306 2205 5358 los
2228 5317 2260 5356 a
2284 5279 2569 5370 quibusvis
2591 5285 3190 5349 excommunicationis,
3214 5279 3590 5350 suspensionis
3631 5287 3689 5332 ct

2123 5369 2412 5456 interdicti,
2439 5387 2667 5457 aliisque
2690 5376 3072 5437 ecclesiasticis
3111 5372 3414 5437 sententiis,
3440 5369 3691 5425 censuris
3729 5433 3736 5436 .

2123 5495 2178 5538 et
2199 5481 2394 5554 pinnis,
2422 5479 2594 5549 ajure
2625 5475 2708 5529 vel
2737 5473 2807 5525 ab
2830 5468 3046 5522 homine
3068 5464 3262 5536 quavis
3295 5461 3582 5516 occasione
3605 5459 3692 5513 vel

2125 5549 2293 5630 causa
2343 5571 2488 5634 latis,
2524 5568 2571 5622 si
2614 5564 2815 5634 quibus
2855 5557 3260 5629 quomodolibet
3301 5549 3541 5604 iunodati
3575 5549 3694 5603 cxi-

2128 5672 2308 5729 stunt;
2342 5663 2408 5717 ad
2425 5661 2675 5715 effectum
2704 5651 3050 5724 pnesentium
3071 5647 3338 5700 duntaxat
3354 5655 3693 5709 consequen-

461 5774 512 5818 et
545 5764 704 5828 Filio,
733 5773 788 5817 et
808 5729 1032 5834 Spiritui
1064 5729 1258 5818 sancto
1284 5760 1462 5829 palam
1498 5729 1870 5828 pronuntiare,
1896 5729 2033 5809 dua;
2129 5757 2280 5835 «lum,
2315 5753 2508 5806 harum
2552 5747 2692 5803 serie
2729 5743 3090 5802 absolientes,
3148 5744 3204 5789 et
3247 5733 3530 5835 absolutos
3553 5729 3694 5835 iure

464 5857 567 5912 bus
614 5855 832 5928 quidem
872 5855 1078 5912 Divinis
1119 5851 1390 5910 ‘Personis
1443 5849 1598 5906 facile
1646 5847 2030 5920 pronuntiatis,

2130 5833 2436 5910 censentes,
2467 5835 2778 5911 bujusmodi
2808 5827 3291 5902 supplicationibus
3329 5819 3592 5878 inclinati.
3624 5819 3696 5878 de
