1951 3188
91 259 118 285 Ξῗ)
550 236 816 286 l‘ROLEGOBIENA.
837 270 870 278 ι·-
892 256 980 284 ACTA
1001 256 1029 283 S.
1050 256 1222 284 CREGOllll.
1659 255 1694 284 26

92 323 141 342 nam
154 313 368 342 Cluniacensem
390 314 417 341 in
436 314 561 341 avunculi
581 314 777 341 monasterium
793 313 868 340 tndu-
883 316 905 343 Α
919 313 958 339 sic
970 312 1050 339 etiam
1069 313 1135 339 verti
1148 312 1221 339 laudi
1236 311 1314 339 debet
1325 312 1407 346 quod,
1425 311 1519 339 videns
1531 305 1607 340 suam
1633 321 1697 346 pro-

93 360 211 392 cudam;
231 360 408 395 priustamen
419 360 563 400 occasione
580 360 670 394 aliqua
687 359 791 386 dederit
802 366 830 386 se
841 359 875 392 in_

93 406 171 432 aulam
183 403 372 439 Imperatoris,
387 412 419 431 ac
431 405 539 431 tandem
558 405 671 431 Romam
682 400 785 432 renerit
797 405 869 432 circa

94 458 186 477 annum
198 450 288 476 mtatis
298 450 344 476 ει.
360 450 462 477 Christi
478 450 554 477 10M.
570 450 618 477 Hie
630 458 693 478 vero
708 459 768 477 eum
784 450 869 486 pejori

94 496 177 522 omnia
190 495 216 521 in
229 499 301 522 statu
316 496 461 530 reperisset
469 504 550 530 quam
565 500 655 527 antea,
667 495 774 523 duobus
789 496 870 523 simul

94 540 218 574 Papatnm
232 542 400 575 gerentibus,
415 550 448 569 eo
460 542 562 569 scilicet
580 548 660 577 quem
677 542 731 568 dixi
755 541 869 568 Benedi-

94 590 130 612 cto
145 585 194 612 IX.
209 591 236 612 et
254 594 350 614 recens
364 591 459 614 contra
473 587 545 614 hunc
555 595 569 614 a
581 587 711 615 Romanis
722 588 808 614 electo
819 587 871 614 Sil-

95 636 179 659 \'estro
200 631 251 664 ill;
288 633 386 659 iterum
414 629 563 660 deseruerit
581 633 770 668 Babylonicam
791 633 870 660 istam

95 676 286 710 confusionem,
308 677 334 704 in
361 677 474 704 Galliam
494 677 536 703 vel
553 677 724 705 Germaniam
746 686 775 705 se
802 686 872 705 rece-

95 726 184 756 pturus
195 731 202 748 :
215 722 263 749 sed
276 723 310 750 iis
319 730 389 757 quas
406 723 462 749 dixi
475 723 627 750 visionibus
641 731 673 750 ex
688 724 783 751 itinere
795 731 872 751 revo-

95 772 174 799 catus,
186 771 214 794 et
226 768 253 794 in
275 767 386 795 Clarum
409 767 560 795 Romanum
575 769 610 796 sit
621 769 772 803 adscriptus
785 778 801 796 a
810 770 874 797 Grc-

95 813 163 847 gorio
179 812 212 839 γι
226 822 233 839 :
245 813 292 847 qui
304 814 356 840 sub
379 814 449 841 idem
462 818 569 848 tempus
579 814 686 849 utrique
701 815 873 849 Pseudopon-

96 857 149 884 tilici
166 860 349 892 ‘persnaserat
373 859 442 886 male
462 859 556 886 invaso
582 859 641 886 loco
659 859 763 893 cedere,
787 864 874 895 ecquo

95 904 263 931 commeritus
280 904 368 931 fuerat
397 909 427 932 ut
452 904 510 939 ipse
531 905 557 932 in
580 905 703 932 eumdem
714 905 874 932 eveheretur

96 948 171 975 libera
184 949 328 977 electione.
475 955 477 957 '

124 988 167 1020 ill.’
185 994 266 1022 Certe
288 995 485 1024 Hildebrandus
504 995 572 1030 ipse,
597 994 684 1023 factus
696 1000 788 1030 postea
806 996 872 1024 Gre-

96 1039 180 1073 gorius
192 1039 248 1073 Vll,
263 1042 289 1068 in
300 1041 423 1068 Concilio
434 1040 557 1068 Romano
574 1045 748 1075 protestatur,
760 1043 851 1070 dicens
864 1052 869 1069 ε

99 1093 106 1109 ι
128 1084 177 1112 Vos
191 1086 268 1113 scitis
280 1087 343 1120 quia
371 1094 425 1114 non
439 1085 553 1114 libenter
577 1087 610 1114 ad
624 1095 732 1114 sacrum
744 1087 870 1115 Ordinem

96 1131 201 1163 accessi,
221 1132 367 1160 ctrinritus
393 1133 462 1160 ultra
481 1137 588 1160 montes
602 1141 664 1160 cum
678 1133 792 1160 Domino
811 1141 872 1160 meo

96 1170 175 1209 Ρη)αῆ
189 1176 320 1212 Gregorio
346 1179 399 1205 abii
418 1188 445 1205 ε)
467 1179 566 1213 quibus
587 1179 676 1205 verbis
698 1179 764 1206 satis
781 1184 873 1213 aperte

98 1221 225 1255 signiﬁcat
238 1230 276 1255 se,
300 1223 458 1257 priusquam
477 1216 594 1251 secunda
609 1232 641 1251 ac
659 1224 758 1258 passim
772 1225 872 1252 notiori

98 1266 149 1293 rice
171 1266 257 1293 Roma
279 1268 376 1301 abiret,
393 1273 569 1296 extractume
591 1261 755 1297 monasterio
777 1270 871 1303 fuisse,

98 1311 127 1337 ad
140 1311 225 1346 ipsius
238 1312 360 1348 Gregorii
379 1312 412 1339 Vl
435 1314 605 1346 famulatum,
634 1319 660 1349 et
681 1315 810 1344 Romana:
822 1312 875 1343 Ec-'

97 1356 180 1383 clesize
192 1357 271 1385 Clero
294 1359 433 1398 donatum.
456 1359 597 1391 Quomodo
618 1355 707 1388 autem
732 1370 792 1389 cum
814 1362 873 1396 ipso

97 1401 222 1436 Gregorio
238 1411 345 1430 rursum
359 1404 440 1439 Alpes
447 1405 596 1438 transierit,
609 1408 703 1441 paucis
716 1408 759 1435 hic
767 1409 874 1435 videtur

97 1445 288 1483 explicandum.
305 1450 404 1477 Fuerat
421 1451 568 1486 Gregorius
584 1452 615 1478 \"l
639 1453 666 1479 in
679 1457 732 1479 tam
748 1455 872 1488 pnescnti

98 1494 252 1521 necessitate
269 1495 546 1531 licclesim,justoque
560 1503 643 1530 metu,
660 1506 694 1524 ne
712 1498 872 1526 Benedictus

98 1542 197 1565 mutata
207 1540 343 1568 voluntate
356 1541 505 1568 cessionem
521 1546 688 1575 rctractaret,
700 1552 753 1570 non
766 1545 872 1579 praelia-

97 1582 152 1610 bito
166 1591 298 1612 consensu
305 1585 386 1620 Regis
397 1585 517 1620 Henriri,
533 1587 584 1615 hoc
592 1588 700 1618 nomine
714 1589 793 1625 Regis
804 1590 872 1617 Ger-

919 359 1067 385 motiouem
1081 358 1224 391 displicere
1244 357 1362 392 Principi
1379 355 1541 393 Synodoque
1553 357 1698 392 Episcopo-

919 411 990 436 rum,
1004 404 1066 430 licet
1076 404 1108 430 de
1121 411 1204 431 causa
1219 403 1381 436 informatis,
1392 404 1547 430 renuntiare
1563 403 1698 436 maluerit,

919 457 1000 483 quam
1025 457 1040 476 a
1060 457 1090 476 se
1113 449 1289 476 constitutam
1313 457 1406 477 uaccm
1431 448 1577 476 obtinendo
1601 448 1699 475 dissolr

919 502 991 521 VCE'C.

953 541 998 567 ‘22.
1019 540 1074 568 Hae
1085 545 1174 567 autem
1190 541 1217 567 in
1234 545 1290 567 tota
1316 537 1346 567 re
1361 540 1472 567 maximi
1487 539 1637 567 faciendum
1658 545 1702 573 est

921 585 1103 618 llildebrandi,
1118 587 1180 613 licet
1201 586 1289 614 adhuc
1313 587 1432 620 juvenis,
1459 586 1604 620 judicium;
1628 585 1701 618 quod

921 631 1012 658 senior
1028 636 1121 665 postea
1135 640 1248 659 summa:
1263 632 1431 659 auctoritatis
1453 631 1581 666 suﬂ‘ragio
1603 629 1702 657 eonﬁr—
1736 635 1740 640 ‘

922 677 1014 708 mavit,
1031 675 1207 712 probavitque
1225 682 1326 712 quanta
1336 678 1416 704 etiam
1427 677 1535 711 juvenis
1550 676 1701 704 constantia

922 719 1012 748 fuerit.
1028 721 1073 749 Sic
1087 723 1158 749 enim
1175 723 1268 750 scribit
1281 722 1362 749 Ottbo
1379 723 1559 757 prmlaudatus
1573 732 1580 749 :
1602 732 1611 747 ε
1626 722 1703 749 Hunc

923 765 1091 800 Gratianum,
1114 768 1195 803 Alpes
1217 768 1443 801 trascendentem,
1473 772 1595 795 secutum
1617 768 1703 795 fuisse

923 812 1032 839 tradunt
1048 812 1266 847 llildebrandum,
1279 814 1326 849 qui
1339 818 1430 849 postea
1443 822 1566 841 summus
1578 813 1703 840 Pontifex

924 856 1021 891 factus,
1038 859 1073 885 ob
1083 859 1140 893 ejus
1146 860 1345 894 amorem,quia
1356 860 1389 887 de
1399 859 1528 894 Catalogo
1542 859 1704 886 Pontificum

923 908 1044 932 semotus
1056 904 1153 937 fuerat,
1172 913 1201 932 se
1217 905 1376 940 Gregorium
1392 906 1536 940 septimum
1552 905 1644 933 vocari
1656 911 1706 931 vo-

924 949 987 982 luit;
1005 954 1045 983 ct,
1061 950 1131 977 sicut
1141 951 1169 977 in
1182 950 1291 978 Lucano
1306 951 1399 984 babes,
1713 978 1715 980 .

959 1006 968 1021 ‹
986 995 1087 1023 Victrix
1106 1004 1189 1024 causa
1206 997 1257 1024 diis
1286 997 1396 1031 placuit,
1421 996 1467 1023 sed
1490 996 1561 1023 vieta
1589 996 1704 1023 Catoni:

921 1040 957 1068 ita
971 1046 997 1068 ct
1010 1042 1073 1069 huic
1092 1041 1282 1074 llildebrando,
1304 1043 1351 1077 qui
1362 1050 1466 1076 semper
1482 1042 1508 1068 in
1522 1041 1705 1077 ecclesiastico

922 1086 1017 1120 rigore.
1030 1087 1268 1114 constantissimus
1283 1087 1343 1120 fuit,
1364 1096 1445 1114 causa
1460 1088 1521 1119 ista,
1537 1075 1631 1121 in’qua
1644 1094 1705 1113 sen-

922 1132 1004 1158 trntia
1019 1131 1153 1167 Principis
1173 1137 1200 1159 et
1216 1133 1579 1167 episcoporumpraevaluit,
1600 1140 1706 1166 semper

922 1178 1068 1212 displicuit.
1097 1187 1106 1203 ι
1139 1170 1336 1205 Μεᾞῖιοειτυπι
1363 1178 1396 1205 de
1423 1178 1551 1205 Gratiano
1579 1178 1707 1212 prtedicto

923 1230 1015 1257 agens,
1044 1223 1110 1250 dicit
1127 1224 1199 1257 quod
1212 1227 1274 1257 post
1297 1223 1494 1250 abdicationem
1509 1224 1606 1250 ductus
1619 1224 1708 1251 extitit

923 1268 949 1293 iu
964 1267 1079 1301 Cisalpis
1089 1268 1226 1301 partibus;
1249 1273 1342 1302 utique
1360 1268 1394 1295 ab
1412 1262 1585 1302 imperatore,
1605 1276 1708 1294 novan—

922 1312 1017 1339 darum
1036 1321 1126 1339 rerum
1144 1313 1315 1348 occasionem
1337 1313 1377 1341 sic
1395 1313 1534 1341 auferenté
1555 1314 1590 1340 iis
1607 1314 1707 1348 quibus

923 1357 1087 1392 iutelligebat
1107 1366 1160 1384 non
1181 1358 1259 1393 plane
1277 1359 1385 1393 probari
1407 1359 1517 1386 factum.
1536 1359 1585 1387 Hie
1597 1360 1619 1386 si
1632 1368 1707 1387 mcu—

923 1403 986 1430 (lum
1000 1404 1102 1430 nullum
1117 1404 1190 1437 latet,
1205 1404 1347 1431 dicendum
1369 1405 1420 1432 erit
1438 1405 1595 1443 Gratianum
1612 1411 1638 1433 et
1651 1406 1708 1433 Hil-

923 1448 1090 1476 debrandum
1104 1450 1138 1476 ad
1151 1450 1260 1484 aliquod
1281 1450 1548 1485 Longobardicorum
1571 1458 1708 1480 monaste-

923 1494 1025 1520 riorum
1043 1502 1071 1521 se
1090 1495 1232 1529 recepisse,
1255 1499 1318 1529 puta
1338 1495 1365 1522 S.
1389 1496 1536 1523 Salvatoris
1553 1497 1630 1531 juxta
1653 1497 1707 1524 Pa—

923 1539 1013 1573 piam;
1038 1539 1137 1574 quippe
1156 1541 1228 1574 quod
1249 1545 1311 1567 ante
1325 1548 1412 1568 annos
1433 1542 1541 1569 circiter
1557 1543 1705 1578 sexaginta,

922 1592 955 1611 ex
969 1584 1156 1613 Cluniacensis
1174 1586 1351 1614 institutionis
1369 1586 1454 1613 forma
1473 1595 1521 1622 per
1536 1587 1564 1614 S.
1581 1588 1707 1623 Majolum

97 1628 192 1656 mania:
201 1628 293 1664 Tertii,
305 1630 480 1673 Imperatoris
498 1632 624 1667 secundi,
642 1635 783 1663 ordinatus
799 1635 872 1662 Ροη-
886 1641 907 1669 C
923 1629 1099 1657 reformatum
1113 1652 1133 1670 ,ζ
1146 1632 1246 1666 ubique
1269 1633 1455 1659 celebrabatur
1474 1632 1545 1660 fama
1565 1634 1708 1661 severioris

98 1673 171 1701 tifex.
183 1674 454 1710 Cumquemaximam
466 1676 644 1707 reforinanda}
659 1680 786 1708 Ecclesia:
797 1689 871 1715 spem

97 1719 175 1747 bouis
186 1720 292 1753 faceret,
319 1723 398 1750 malis
408 1731 473 1750 vero
487 1728 604 1756 metum;
628 1725 648 1751 ii
669 1726 716 1759 qui
741 1726 791 1753 sibi
805 1733 871 1752 con-

96 1764 146 1791 scii
162 1769 239 1792 erant
253 1766 433 1795 Eeclesiarum
446 1768 590 1803 dignitates
612 1769 765 1798 Simoniacc
785 1770 873 1805 possi—

96 1809 169 1843 dere,
183 1811 224 1838 vel
233 1810 377 1840 fornicarie
390 1813 548 1849 inquinare,
562 1814 643 1843 facile
665 1816 786 1844 animum
800 1816 872 1843 lien-

96 1855 156 1888 rici,
170 1863 200 1883 se
210 1858 372 1891 praeteritum
390 1859 516 1893 dolentis,
524 1857 561 1888 eo
572 1861 704 1889 ﬂexerunt
715 1867 754 1896 ut,
765 1863 874 1898 quando

97 1899 218 1928 Romana
232 1902 350 1931 Ecclesia
362 1905 419 1939 jam
440 1904 580 1933 dicebatur
596 1911 651 1935 tres
666 1908 747 1935 simul
776 1908 874 1935 habere

95 1943 252 1980 Pontiﬁces,
277 1948 306 1976 in
336 1948 441 1977 Italiam
463 1951 520 1986 ipse
541 1959 570 1979 se
596 1952 741 1987 conferret,
769 1958 872 1980 tantum

96 1992 250 2020 scandalum
269 1995 430 2023 amoliturus
448 1997 474 2023 in
500 1998 616 2031 legitima
637 1997 744 2033 Synodo
761 1998 872 2032 Episco—

95 2043 203 2069 pomm.
216 2038 271 2066 Non
283 2040 419 2075 displicuit
430 2050 462 2069 ea
479 2051 521 2069 res
536 2043 666 2078 Gregorio
682 2044 714 2069 Vl
739 2045 804 2070 nihil
822 2045 871 2070 du—

97 2080 195 2119 bitanti
219 2085 278 2118 quin
306 2095 384 2113 suam
399 2095 509 2115 causam
533 2089 611 2116 facile
627 2090 789 2123 probaturus
805 2094 875 2116 rssvt

97 2124 441 2166 Resimonthmandusque
466 2134 492 2159 in
504 2133 615 2168 Papatu.
642 2135 692 2162 Sed
716 2136 793 2170 longe
815 2136 873 2169 cpi-

98 2169 182 2199 nione
198 2173 277 2203 falsus
289 2181 340 2204 est.
357 2177 472 2210 Etenim,
489 2185 636 2206 convocata
655 2180 738 2207 Sulrii
756 2169 873 2215 Synndn,

99 2222 241 2246 accusatus
269 2226 310 2248 est
336 2223 394 2257 ipse
416 2224 557 2258 pecuniam
587 2225 693 2252 dedisse
722 2226 873 2257 Benedicto,

98 2261 221 2298 adeoque
230 2265 342 2302 incapax
358 2268 442 2296 fuisse
456 2269 593 2297 obtinendi
607 2270 733 2305 Papatus.
748 2271 803 2298 lloc
816 2272 874 2298 itm-

921 1676 1079 1709 disciplinze.
1115 1676 1202 1708 lneo
1228 1682 1317 1705 tamen
1351 1678 1477 1705 diuturna
1506 1687 1581 1706 mora
1605 1680 1705 1707 eisdem

922 1720 1006 1747 fuisse
1023 1728 1076 1749 non
1093 1721 1181 1755 potuit
1197 1731 1202 1749 :
1221 1724 1286 1757 quia
1309 1732 1363 1750 non
1386 1723 1486 1758 placuit
1507 1725 1654 1752 discedenti
1674 1733 1708 1752 ex

922 1766 997 1794 Italia
1011 1766 1175 1801 imperatori,
1191 1768 1230 1803 cis
1243 1768 1323 1802 Alpes
1338 1768 1451 1803 relinqui
1466 1770 1634 1797 Gratianum.

956 1813 1001 1839 25.
1021 1812 1080 1846 Quo
1102 1820 1191 1840 autem
1207 1822 1269 1842 eum
1288 1815 1398 1842 deduxit
1412 1814 1659 1846 Hi1debrandus?,«
1677 1815 1707 1842 ln

923 1857 1019 1890 Gallia,
1037 1868 1045 1882 ι
1069 1858 1158 1893 inquit
1173 1860 1205 1886 ad
1228 1867 1272 1886 an.
1284 1860 1364 1896 1049
1378 1860 1521 1894 Baronius,
1545 1871 1554 1887 ‹
1572 1861 1709 1896 profectus

923 1911 984 1930 cum
1005 1903 1134 1938 Gregorio
1149 1904 1182 1930 V'l
1197 1894 1510 1947 -apud\Gluniacenses,
1531 1894 1613 1941 penes
1639 1915 1710 1942 quos

923 1949 1025 1976 sciebat
1040 1950 1216 1977 monasticam
1238 1951 1327 1985 rigere
1340 1951 1551 1985 observantiam,
1567 1953 1707 1986 habitarit,
1755 1967 1757 1969 -

923 1995 1074 2022 monachus
1106 1995 1176 2022 inter
1198 1996 1347 2023 monachos
1372 1997 1481 2032 degens.
1506 2007 1515 2022 ι
1542 1997 1619 2025 Addo
1647 2006 1707 2033 ego,

927 2050 936 2065 ι
949 2044 975 2067 et
988 2040 1090 2075 pridem
1102 2045 1183 2068 notus
1197 2042 1307 2076 hospes,
1319 2046 1400 2077 atque
1414 2043 1540 2070 omnibus
1549 2051 1598 2077 pro
1611 2044 1708 2069 merito

924 2087 1029 2114 eximiae
1039 2087 1148 2114 virtutis
1158 2087 1348 2121 sapientiaeque
1358 2087 1536 2119 charissimus
1549 2097 1555 2113 :
1572 2097 1581 2111 ι
1591 2087 1630 2114 Ad
1638 2095 1707 2122 quas

925 2134 984 2167 ejus
997 2133 1188 2167 praerogatiras
1201 2140 1263 2162 cum
1282 2132 1419 2158 accederet
1438 2132 1525 2167 gratia
1544 2134 1708 2160 auctoritas-

925 2182 978 2213 que
993 2177 1127 2212 Gregorii,
1141 2177 1202 2204 licet
1217 2177 1273 2212 jam
1288 2177 1413 2211 depositi,
1429 2178 1501 2212 apud
1515 2177 1708 2207 Cluniaeenses

926 2223 1075 2250 monachos
1088 2230 1137 2257 pro
1150 2223 1247 2249 merito
1263 2223 1371 2258 ingens;
1389 2223 1487 2250 mirum
1504 2231 1558 2250 non
1573 2223 1664 2256 fuerit,
1684 2225 1714 2251 si'

926 2277 988 2296 eum
1005 2268 1033 2295 S.
1051 2267 1129 2295 0dilo
1145 2268 1263 2303 priorem
1286 2269 1472 2301 constituerit,
1494 2273 1706 2296 sustentaturnm

99 2307 196 2341 Ρίιιὲιο
223 2319 347 2341 successu
376 2316 518 2348 perculsus
543 2316 700 2350 Gregorius,
728 2317 876 2351 vidensque
893 2308 914 2334 Ῑ)
928 2315 1019 2350 rigore
1036 2314 1223 2342 adolescontizc
1240 2314 1304 2348 (qua
1318 2317 1406 2340 tamen
1417 2314 1473 2347 jam
1487 2315 1611 2349 attigerat
1621 2308 1707 2341 aetatis

99 2353 245 2390 Episcopo:
259 2359 290 2386 ad
303 2359 384 2395 Regis
399 2366 490 2388 votum
505 2362 531 2388 in
554 2363 595 2388 sui
617 2363 816 2388 damnationem
831 2364 874 2388 de—

98 2399 310 2437 positionemque
324 2413 490 2439 propensos;
507 2407 578 2433 ultro
599 2407 706 2438 cedens,
722 2415 815 2433 eorum
833 2417 876 2434 ar-

98 2444 184 2472 bitrio
200 2453 226 2474 se
242 2450 376 2483 permisit;
391 2452 515 2486 quamvis
545 2460 578 2479 eo
601 2453 671 2487 quod
698 2454 876 2480 accusalmtur

99 2488 186 2524 ἶλαι),
198 2499 248 2521 non
261 2495 595 2530 commisisse‘ﬁimoniam
605 2519 612 2530 ,
637 2498 683 2524 sed
701 2499 786 2525 solum
805 2499 874 2531 inju—

98 2535 172 2563 ἥτιιὴ
184 2539 304 2568 avertisse
318 2541 354 2568 ab
364 2534 498 2575 Ecclesia;
511 2550 598 2576 neque
612 2543 710 2569 emisse
728 2551 742 2568 a
762 2542 874 2568 Benedi—

99 2583 147 2608 cto
179 2581 343 2619 dignitatem,
376 2586 423 2614 sed
447 2588 568 2614 eamdem
589 2596 622 2614 ex
641 2588 735 2614 merito
758 2596 771 2614 a
798 2588 875 2615 Clum

101 2624 228 2655 uoluam
251 2630 399 2659 obtinuisse
411 2632 552 2668 plusquam
574 2634 762 2660 verosituiliter
792 2635 875 2660 susli—

100 2672 252 2706 man:
264 2677 333 2704 unde
345 2681 373 2704 et
387 2685 402 2704 a
425 2677 453 2705 S.
468 2677 547 2705 Petro
565 2678 687 2706 Damiani
703 2680 835 2711 laudatur,
851 2685 877 2706 et

100 2715 280 2749 muri
304 2721 394 2750 status
411 2723 630 2751 reformationem
645 2726 678 2751 ab
696 2733 727 2751 eo
750 2725 876 2752 imbuisse

100 2761 261 2798 Mum
271 2772 423 2802 agnoscunt
443 2768 575 2796 Rudolfus
588 2770 694 2802 Glaber,
718 2769 798 2796 Ottbo
817 2771 875 2796 Fri—

101 2806 248 2844 διαφεὶς,
266 2812 374 2849 aliique.
390 2812 450 2847 Quo
476 2815 574 2849 posito,
602 2816 671 2842 sicut
691 2815 788 2841 Joanni
811 2816 876 2842 Gra—

102 2852 316 2890 ιίιωσιιευίω
338 2863 417 2888 antea
436 2860 591 2894 vocabatur)
614 2861 709 2887 honori
722 2860 772 2886 fuit
785 2861 875 2888 Eccle—

102 2899 180 2928 ἀεὶ
201 2896 395 2932 mulsam:
417 2913 449 2932 ea
476 2906 519 2933 cui
544 2906 694 2940 mancipata
711 2906 808 2939 injuste
822 2911 878 2932 crat

104 2943 284 2982 Met
308 2950 452 2978 sustulisse
477 2951 595 2979 schisma
619 2958 672 2986 quo
698 2952 884 2986 affligebat”;-

258 3056 379 3096 ῖξὲὶξίπη

350 3108 388 3131 ἰθ

927 2368 1027 2387 annum
1042 2360 1086 2394 27)
1108 2363 1272 2386 senectutem
1289 2366 1365 2385 suam
1387 2356 1492 2394 ipsique
1507 2359 1635 2394 Gregorio
1649 2367 1708 2386 ma-

924 2406 977 2440 jnri
1002 2413 1064 2432 cum
1089 2408 1220 2439 potestate
1238 2404 1454 2432 ministraturum
1476 2405 1637 2432 necessaria.
1664 2404 1709 2431 ln-

926 2450 1004 2477 terim
1023 2451 1136 2485 contigit
1155 2450 1248 2477 Romae
1272 2450 1359 2483 mori,
1380 2458 1433 2477 non
1456 2451 1542 2477 solum
1567 2450 1708 2481 sullectum
1752 2447 1754 2449 ’

926 2498 1056 2532 Gregorio
1076 2497 1241 2525 Clementem
1267 2497 1312 2524 scd
1338 2496 1419 2523 etiam
1450 2496 1608 2528 Damasum,
1628 2497 1710 2523 ambo

925 2543 984 2577 ejus
999 2543 1117 2571 nominis
1130 2543 1273 2575 secundos,
1297 2542 1441 2574 omniaque
1460 2541 1567 2568 misceri
1587 2549 1602 2568 a
1622 2541 1708 2570 Bene»
1728 2550 1730 2552 ·

925 2588 1013 2621 dicto,
1038 2589 1135 2615 iterum
1159 2589 1186 2614 in
1201 2588 1296 2614 Sedcm
1315 2586 1497 2621 Apostolicam
1520 2586 1621 2621 regredi
1646 2593 1707 2613 mo—

925 2634 1006 2661 liente
1022 2643 1028 2660 :
1042 2641 1126 2667 quare
1139 2632 1252 2659 Romani
1274 2632 1405 2668 optimum
1419 2639 1557 2663 censuere,
1577 2631 1708 2666 legatione

926 2679 1020 2710 missa,
1041 2686 1137 2712 rogare
1154 2686 1254 2713 regem,
1269 2677 1422 2713 designaret
1444 2678 1500 2710 ipse
1514 2683 1595 2710 quem
1612 2677 1674 2711 eligi
1692 2685 1707 2705 ιι

926 2732 955 2751 se
968 2723 1125 2754 Pontificem
1141 2724 1230 2751 vellet.
1245 2724 1330 2758 Hujus
1346 2727 1436 2749 autem
1454 2722 1493 2748 rei
1514 2721 1585 2748 fama
1598 2721 1707 2749 Clunia-

926 2777 987 2796 cum
1009 2760 1121 2804 perlata,
1139 2770 1263 2797 existimo
1278 2767 1487 2803 Hildebrandum
1508 2768 1658 2795 excurrisse
1672 2765 1706 2792 ad

927 2822 1027 2849 regem,
1040 2815 1082 2842 cui
1099 2815 1155 2850 jam
1170 2815 1272 2849 pridem
1287 2821 1368 2840 carus
1381 2813 1478 2845 fuerat,
1492 2813 1515 2840 si
1528 2812 1596 2839 forte
1607 2811 1631 2838 ei
1645 2817 1707 2845 per-

926 2861 1039 2888 suadere
1063 2864 1154 2894 posset
1176 2859 1317 2887 restituere
1339 2859 1497 2895 Gregorium
1511 2879 1518 2890 ,
1545 2864 1625 2891 quem
1652 2864 1706 2885 non

927 2906 1053 2933 credebat
1065 2905 1132 2932 citra
1145 2905 1271 2940 injuriam
1287 2905 1405 2940 aliquam
1427 2905 1486 2931 loco
1505 2906 1619 2935 motum,
1636 2903 1705 2930 scic—

928 2951 1026 2986 batque
1037 2951 1130 2978 eodem
1145 2959 1199 2986 quo
1217 2951 1343 2987 ﬂagrabat
1356 2952 1413 2985 ipse
1425 2949 1602 2978 reformaudte
1613 2948 1706 2977 Eccle-
