1951 3179
0 57 173 175 π,

56 234 86 262 es
351 216 355 219 ⁴
447 238 710 268 PnOLEGOMENA.
729 252 764 257 —
781 236 953 265 APOLOGIA
969 224 1038 265 uno
1055 237 1230 268 cnscomo
1246 240 1302 270 vn.
1647 242 1681 269 so
1724 228 1729 233 ’

62 294 202 322 necessitas
219 293 383 323 abdicandi
396 295 545 332 Prioratus,
559 300 587 323 et
599 289 700 324 statum
711 300 855 323 monaste-
870 296 891 324 Α
905 296 947 323 sui
959 295 1062 322 ordinis
1078 295 1223 330 scriptores
1240 294 1408 330 antiquiores
1419 303 1473 330 pne
1483 296 1569 324 oculis
1579 296 1681 324 habens

66 340 98 367 rii
107 338 306 373 constituendi,
326 341 447 367 necdum
463 348 497 367 ex
516 340 591 368 Italia
610 331 719 368 reverso
743 340 856 368 Odilone
906 340 1070 367 Locatelluln
1089 340 1227 375 praefatus,
1246 340 1298 367 isto
1311 340 1354 367 vel
1375 340 1428 367 alio
1449 341 1494 367 ubi
1513 348 1557 368 res
1580 341 1682 369 ferebat

66 385 166 412 abbate.
181 384 295 418 Quanto
309 385 412 412 deinde
428 384 525 412 Leonis
549 385 684 420 pontiﬁcis
703 393 783 417 anno~
796 385 854 413 Hil-
904 385 964 412 loco
975 385 1100 412 dixerunt
1112 384 1228 419 uspiam,
1243 384 1345 411 ordinis
1357 384 1571 413 Vallumbrosani
1587 394 1682 414 mona-

69 430 217 458 debrandus
227 429 381 464 praefectus
393 430 429 457 sit
437 430 600 457 monasterio
613 429 641 457 S.
653 430 728 457 Pauli
738 432 855 465 regendo
904 430 985 456 chum
1000 429 1084 457 fuisse
1094 429 1314 456 Hildebrandum.
1338 428 1430 456 Solum
1444 437 1503 464 cap.
1516 430 1559 463 67,
1574 431 1681 458 invenio

69 474 307 509 reformandoque,
331 474 424 502 nullus
447 475 572 509 explicat.
596 474 734 502 Visionem
748 475 855 509 ipsimct
903 474 1027 501 eumdem
1042 473 1207 501 Locatellum
1223 481 1335 501 narrare
1348 494 1355 507 ,
1375 475 1511 508 quomodo
1535 475 1605 502 idem
1624 475 1681 502 Hil-

67 527 99 546 ea
109 519 144 546 de
158 527 186 545 re
198 518 299 546 factam
310 518 412 546 Paulus
428 510 630 547 Bernriedensis
641 516 722 547 refert
735 528 810 547 num.
825 520 853 554 8,
903 519 1065 551 debrandus,
1087 518 1251 545 Florentiam
1273 518 1384 546 veniens
1399 527 1460 546 eum
1474 520 1598 554 prmdicto
1611 528 1680 554 papa

68 563 187 591 similem
198 564 279 590 aliam
295 562 381 590 Leoni
391 563 509 591 oblatam
535 564 575 591 sic
592 564 720 592 describit
737 564 786 591 Ms.
808 573 854 592 no-
902 563 1065 596 Alexandro,
1079 563 1113 590 ad
1129 563 1342 598 componendam
1358 563 1529 590 diseordiam'
1543 564 1613 591 inter
1625 573 1680 592 mo-

66 613 157 635 strum
169 617 176 635 :
195 618 204 633 ε
214 608 322 640 Postea,
332 608 366 635 ad
381 608 536 643 regendum,
549 609 690 636 ecclesiam
703 609 732 636 S.
749 609 825 636 Pauli
840 620 849 635 ι
902 608 1004 635 nachos
1015 612 1042 635 et
1060 608 1216 643 episcopum
1228 615 1299 634 anno
1314 608 1422 635 circiter
1434 608 1511 641 £063,
1523 610 1679 637 tentandum

65 651 123 680 Leo
138 662 149 678 ο
161 653 272 679 tradidit
286 662 295 678 ι
318 652 509 687 Hildebrando,
524 663 534 678 ε
551 661 602 688 pro
611 654 728 694 quadam
748 654 853 682 visione
902 653 954 680 sibi
968 653 1139 688 proposuerit
1152 652 1181 680 S.
1194 652 1307 680 Joannis
1317 652 1454 680 Gualberti
1469 654 1635 691 patientiam,
1646 655 1680 682 ad

63 705 151 733 quam
161 698 283 728 viderat:
306 698 431 725 videlicet
440 698 504 733 quia
517 698 547 725 BL
562 698 672 726 Petrum
687 699 714 726 in
726 699 853 733 prmdicta
901 699 1060 734 capiendum
1076 698 1291 733 experimentum
1304 698 1397 725 solidae
1411 696 1539 725 fucatzeve
1552 700 1681 726 sanctita-

61 742 172 769 visione
186 742 299 769 hilarem
310 737 433 775 videbat;
450 742 490 769 B.’
501 742 615 770 Paulum
635 743 740 771 tristem
751 746 779 771 et
792 748 850 771 tur-
900 742 947 776 tis,
957 743 1115 778 compositis
1125 743 1158 770 ad
1172 742 1277 777 injuria:
1286 742 1401 776 speciem
1411 743 1499 769 verbis
1513 752 1520 769 :
1534 752 1544 768 ι
1558 743 1680 775 Quorum

58 786 208 814 balantum
217 793 280 821 erga
292 794 322 813 se
335 787 523 822 prospiciebat.
538 790 549 813 i
901 792 990 815 tamen
1004 788 1125 815 omnium
1153 787 1236 822 (sicut
1256 787 1370 822 ipsemet
1388 791 1482 822 postea
1501 788 1601 828 retulit)
1621 796 1680 816 me-

59 841 75 878 ς
101 841 152 869 IV.
177 842 316 875 Quomodo
330 843 418 878 ordini
435 835 651 870 Vallumbroiano
672 851 754 878 nuper
765 852 851 871 ascn-
886 832 987 878 .mol'i’
996 832 1021 878 ῗί
1033 832 1171 878 excid?“
1181 839 1245 878 ἶφι
1257 836 1344 878 atque,
1359 832 1491 878 “hunc”
1505 837 1679 867 ⁰⁰¹¹⁵Ρθ⁶ί¹¹¹²³

311 881 372 910 prus
385 876 498 904 Sanctus
510 877 553 904 hic
566 878 611 904 sit.
708 876 713 878 “
898 877 983 904 venit.
996 876 1083 909 Quam
1093 876 1160 904 adeo
1171 876 1233 909 sibi,
1245 876 1366 914 alioquin
1378 876 1524 912 eloquenti,
1540 878 1678 905 insolitam

91 920 144 947 27.
164 920 323 953 Pmmissa,
338 921 444 948 collatis
465 921 585 957 undique
608 926 750 950 auctorum
775 924 851 951 testl-
865 951 886 957 _
900 921 1139 951 obmutescentiam
1152 929 1202 956 pro
1212 920 1342 948 miraculo
1352 921 1486 955 accipiens
1495 922 1649 955 cardinalis,
1665 932 1676 949 ι

52 966 176 998 moniis,
189 966 278 993 solum
293 951 392 994 habere
407 967 448 993 vel
466 974 515 1001 per
525 951 707 1001 conjecturam
720 969 797 1003 potui
815 970 848 997 de
865 951 886 978 Β
898 966 987 1001 inquit
995 951 1162 998 Locatellus;
1173 975 1183 991 ι
1193 973 1242 1000 pro
1252 965 1351 993 indicio
1362 951 1422 993 eam
1436 966 1531 993 habuit
1542 966 1598 1000 Dei,
1613 951 1677 994 san-

49 1009 189 1045 Gregorii
211 1009 254 1036 Vll
276 1011 457 1044 monacham;
479 1011 581 1043 donec,
602 1016 664 1039 ante
680 1020 736 1039 non
748 1014 866 1041 multos'
897 1011 1017 1038 ctitatem
1040 1011 1092 1037 viri
1114 1010 1330 1045 comprobantis;
1351 1018 1467 1046 eumque
1493 1011 1618 1045 deinceps
1636 1011 1678 1038 di-

48 1063 160 1088 annos,
178 1055 286 1082 amicus
298 1060 394 1083 noster
409 1055 534 1083 Tiberius
551 1055 716 1090 Petraccius,
729 1058 771 1085 sui
783 1058 847 1086 Val-
897 1055 1009 1082 lcxit'ut
1024 1054 1146 1087 fratrem,
1157 1059 1185 1081 et
1195 1062 1229 1082 ex
1247 1055 1315 1082 hora
1334 1056 1507 1083 annumerari
1518 1056 1604 1085 voluit
1615 1056 1678 1084 ﬁliis

47 1099 235 1127 lumbrosani
247 1100 353 1128 o'rdinis
366 1104 431 1128 tunc
444 1104 606 1135 procurator
622 1102 765 1136 generalis,
776 1111 849 1131 nunc
898 1104 998 1127 nostra;
1006 1100 1143 1135 religionis
1149 1099 1389 1127 Vallumbrosanzn.
1407 1109 1417 1125 ι
1435 1099 1471 1127 Ut
1480 1108 1544 1128 vera
1552 1101 1610 1128 hinc
1618 1108 1679 1128 esse

46 1145 145 1172 abbas
161 1144 194 1171 S.
209 1140 348 1172 Michaelis
358 1145 479 1178 Pistorii,
493 1145 609 1172 obtinuit
625 1153 641 1172 a
655 1153 733 1173 sacra
747 1147 848 1175 rituum
897 1145 1078 1179 probarentur
1092 1144 1194 1177 omnia,
1212 1144 1360 1179 spiritualis
1377 1148 1468 1172 tamen
1480 1145 1616 1173 ﬁliationis
1630 1154 1680 1172 no-

45 1189 281 1227 angregatione
311 1189 473 1222 Decretum,
506 1189 642 1225 signatum
672 1190 704 1217 2|
727 1190 848 1220 Januarii
897 1196 977 1222 men,
1005 1180 1061 1224 quo
1090 1189 1228 1216 nonnullis
1249 1189 1382 1224 religiosis
1412 1190 1552 1217 ordinibus
1581 1190 1680 1218 asciibi

48 1234 139 1261 1693.
153 1233 219 1266 Quo
239 1237 297 1261 tum
312 1233 437 1261 nonnulli
449 1234 552 1262 ordinis
568 1234 648 1262 istius
666 1236 754 1263 sancti
768 1236 848 1270 jube—
897 1241 927 1260 se
945 1233 1049 1260 faciunt
1064 1234 1251 1268 cujuscunque
1266 1233 1429 1261 conditionis
1445 1242 1477 1261 ac
1494 1242 1576 1261 sexus
1588 1235 1679 1261 ﬁdeles

46 1278 164 1305 bantur
180 1277 375 1314 Martyrologio
385 1279 508 1306 Romano
525 1279 645 1312 inscribi,
661 1283 718 1306 tum
736 1281 770 1307 ad
790 1282 848 1309 elo-
897 1279 945 1313 pii,
955 1279 1023 1306 adeo
1036 1279 1089 1306 late
1105 1286 1135 1305 se
1150 1278 1280 1310 extendit,
1300 1278 1382 1305 etiam
1396 1278 1430 1305 ad
1447 1278 1531 1306 laicus
1547 1283 1571 1306 et
1586 1279 1680 1314 conju-

46 1324 133 1356 gium
145 1322 272 1357 Gregorii
284 1324 372 1350 nostri
387 1331 468 1358 supra
481 1324 597 1359 relatum
616 1314 743 1358 expresse
763 1325 847 1359 addit,
897 1328 983 1358 gatos,
1002 1328 1032 1350 ut
1052 1331 1084 1350 ca
1099 1323 1157 1350 sola
1176 1323 1246 1350 ratio
1266 1330 1336 1357 aegre
1353 1321 1476 1350 videatur
1492 1323 1614 1351 suﬁiccrc
1645 1324 1679 1351 ad

49 1367 135 1401 quod
161 1366 215 1394 fuit
243 1377 253 1393 σ
268 1368 373 1396 ordinis
394 1368 597 1396 Vallumbrosze.
612 1378 622 1394 ι
644 1369 739 1397 Postea
753 1370 770 1396 4
781 1370 849 1399 hlar-
897 1369 1013 1403 aliqucm
1026 1371 1149 1395 sanctum
1161 1368 1207 1394 uni
1220 1367 1374 1402 particulari
1389 1368 1477 1395 ordini
1489 1368 1679 1396 aseribendum

51 1411 231 1451 tii‘ejnsdern
251 1413 325 1445 anni,
353 1413 468 1440 alterum
491 1414 628 1441 emanavit
645 1414 792 1448 decretum,
814 1416 847 1443 ad
897 1417 927 1439 ut
941 1413 1094 1447 proprium;
1120 1412 1160 1440 sic
1177 1413 1250 1439 enim
1269 1420 1323 1439 una
1346 1413 1494 1447 eademque
1512 1420 1627 1447 persona
1651 1422 1679 1440 In
1730 1412 1735 1415 ”

53 1455 189 1489 ejusdem
198 1458 382 1490 procuratoris
402 1458 576 1490 inStantiam;
596 1466 652 1492 quo
665 1460 850 1493 approbantur
897 1458 997 1484 multos
1013 1461 1105 1491 posset
1117 1457 1225 1484 ordines
1235 1457 1360 1489 distrahi,
1375 1461 1402 1484 et
1416 1458 1618 1484 contentionum
1638 1457 1678 1484 fa-

57 1501 303 1536 concedunturqne
312 1502 443 1529 lectiones
456 1503 572 1536 propria:
582 1503 726 1541 de'eisdem
737 1506 848 1539 sanctis,
898 1507 1005 1529 tuarum
1024 1509 1118 1528 ansam
1144 1501 1273 1535 praebere,
1288 1502 1454 1529 certantibus
1477 1502 1608 1536 partibus,
1625 1502 1678 1528 utri

61 1552 96 1571 ac
113 1546 275 1586 nominatim
288 1546 323 1573 de
339 1556 349 1572 ε
366 1546 395 1573 S.
407 1546 536 1582 Gregorio
548 1555 617 1582 papa
631 1547 686 1581 Vll,
702 1558 713 1574 ι
726 1549 772 1576 ubi
786 1550 851 1578 dici.
898 1548 958 1582 plus
975 1547 1047 1582 juris
1067 1546 1094 1573 in
1114 1546 1201 1581 ipsam
1215 1550 1359 1581 competat.
1382 1546 1422 1574 Ad
1435 1554 1545 1573 manum
1557 1547 1678 1580 exempla

60 1594 109 1617 tur
121 1591 206 1625 quod,
231 1601 240 1616 ι
253 1597 315 1619 cum
328 1599 345 1619 a
360 1592 460 1620 saeculo
475 1593 580 1620 alienus
601 1593 652 1621 soli
673 1593 730 1621 Deo
747 1595 849 1623 servire
861 1611 882 1639 ε
898 1596 971 1625 sunt,
990 1593 1037 1619 sed
1059 1591 1131 1639 nihil
1155 1592 1249 1618 attinet
1266 1599 1298 1618 ea
1324 1600 1396 1619 nunc
1417 1592 1568 1625 adducere;
1590 1592 1676 1619 solum

59 1641 188 1670 cuperet,
211 1638 389 1664 monasticam
407 1638 489 1664 vitam
513 1638 651 1671 professus
664 1659 670 1670 ,
694 1641 847 1667 coanobium
862 1630 882 1639 ν
897 1639 959 1665 dico
973 1638 1055 1672 quod,
1078 1637 1101 1664 si
1115 1630 1269 1673 Pctraccius
1290 1637 1363 1664 aliud
1378 1637 1481 1664 nullum
1502 1637 1596 1664 habuit
1614 1636 1678 1663 fun-

64 1680 95 1707 S.
120 1681 255 1708 Benedicti
281 1683 308 1708 in
326 1683 411 1716 patria
427 1690 475 1709 sua
490 1683 632 1715 exstruxit,
659 1684 709 1709 sub
725 1684 847 1711 instituto
896 1682 1053 1709 damentum
1071 1689 1128 1708 sum
1141 1678 1323 1715 przetcntionis
1340 1689 1422 1715 quam
1435 1682 1538 1708 dictum
1549 1681 1676 1718 Locatelli

63 1725 301 1759 Vallumbrosano,
331 1728 403 1761 quod
425 1728 526 1761 pridem
549 1729 694 1762 amplexus
716 1729 811 1755 fuerat.
837 1740 844 1754 ι
897 1727 1091 1759 testimOnium,
1110 1726 1248 1753 inﬁmum
1269 1726 1335 1752 illud
1359 1726 1470 1753 omnino
1496 1726 1599 1753 habuit.
1625 1725 1677 1752 Sed

62 1769 194 1797 Historiaa
210 1770 439 1799 Vallumbrosana:
460 1780 562 1806 parens
575 1777 601 1799 et
619 1774 775 1800 eruderator
788 1775 848 1800 dili-

62 1815 242 1848 gentissimus
254 1816 413 1844 Ambrosius
427 1817 586 1849 Loeatellus,
601 1823 708 1845 centum
729 1820 763 1845 ab
787 1820 848 1847 hinc

60 1860 155 1891 annis,
176 1861 317 1895 uGregorii
339 1861 384 1886 Vll
401 1870 410 1886 ι
433 1869 503 1895 smpe
528 1863 651 1889 meminit
673 1872 734 1889 cum
758 1865 845 1898 laude,

61 1909 196 1939 tanquam
217 1913 266 1932 suo
285 1906 373 1932 ordini
393 1907 492 1941 optime
514 1907 617 1938 affecti;
638 1915 668 1933 ac
689 1909 846 1935 nominatim

61 1958 125 1985 cap.
138 1950 185 1982 65,
198 1951 289 1977 eadem
301 1950 391 1978 ltalice
406 1951 533 1983 referens,
546 1960 606 1986 quae
619 1953 644 1978 in
660 1953 720 1978 Vita
736 1962 797 1979 mox
809 1956 847 1981 al-

62 1994 181 2030 leganda
198 1997 386 2030 exprimuntur
399 1996 489 2028 latine,
500 1997 533 2023 dc
543 1997 624 2031 gestis
639 1998 664 2023 in
678 1999 779 2032 synodo
792 1999 846 2026 lio-

64 2042 149 2074 Inana
163 2040 214 2066 sub
229 2040 383 2067 Alexandro
396 2040 428 2073 ll,
444 2041 488 2067 ubi
512 2042 633 2075 plerique
654 2044 757 2076 praelati
782 2045 849 2078 ipse-

63 2091 120 2118 que
128 2084 209 2111 etiam
219 2083 246 2110 S.
262 2084 359 2111 Petrus
376 2084 496 2110 Damiani
524 2086 691 2113 obsistebant
708 2091 847 2117 monachis

65 2137 83 2155 δ
98 2127 129 2156 S.
148 2129 248 2156 Joanne
265 2129 357 2156 missis
370 2130 402 2156 ad
417 2128 525 2156 Petrum
542 2130 697 2164 episcopum
714 2134 846 2160 Florenti-

898 1771 973 1806 prius
987 1779 1069 1806 quam
1083 1771 1110 1798 id
1121 1771 1315 1803 demonstrem,
1330 1770 1481 1798 exhibenda
1492 1775 1535 1798 est
1550 1770 1674 1805 quaedam

898 1817 985 1852 ipsius
1002 1816 1173 1860 ilildebrandi
1189 1808 1336 1860 jamtpapa:
1355 1815 1475 1850 Epistola
1490 1820 1549 1851 pust
1564 1820 1678 1843 mortem

898 1862 984 1889 sancti
1000 1857 1152 1888 fundatoris
1165 1857 1330 1900 scripta’hoc
1346 1864 1458 1888 tenore:

930 1906 977 1933 29.
995 1914 1005 1931 ‹
1021 1905 1168 1940 Gregorius
1182 1902 1337 1941 episcopus,
1349 1913 1444 1932 servus
1457 1912 1598 1933 servorum
1619 1905 1677 1939 Dei,
1712 1903 1715 1906 ’

897 1951 1014 1984 clericis,
1033 1949 1174 1977 monachis
1187 1958 1220 1978 ac
1233 1950 1367 1985 religiosis
1388 1950 1465 1978 laicis
1476 1971 1484 1983 ,
1506 1950 1676 1985 disciplinam

897 2001 998 2024 sanctae
1014 1996 1208 2023 recordationis
1218 1995 1331 2023 Joannis
1348 1995 1486 2023 Gualberti
1498 1996 1603 2023 abbatis
1617 1996 1679 2022 imi-

898 2043 1036 2075 tantibus,
1057 2034 1171 2069 salutem
1194 2046 1223 2068 et
1251 2041 1427 2075 apostolicam
1451 2041 1675 2067 benedictionem.

897 2088 971 2114 Licet
978 2087 1136 2113 venerandae
1146 2086 1281 2112 memoriae
1293 2085 1417 2111 eumdem
1428 2078 1558 2123 Ioanncm
1571 2083 1676 2111 Patrem

896 2136 1017 2159 vestrum
1026 2131 1164 2164 corporeis
1176 2130 1262 2157 oculis
1275 2137 1329 2157 non
1339 2129 1497 2162 viderimus,
1508 2129 1572 2164 quia
1587 2133 1676 2156 tamen

66 2180 136 2200 num
157 2173 281 2201 Simonis;
292 2175 473 2202 accusandum
486 2184 492 2200 :
504 2175 690 2209 exprimuntur
703 2182 791 2204 autem
806 2180 847 2206 his
897 2176 958 2204 ﬁdei
971 2176 1035 2211 ejus.
1046 2175 1152 2210 puritas
1166 2175 1193 2202 in
1205 2174 1312 2207 Tusciae
1325 2175 1447 2209 partibus
1460 2175 1619 2201 mirabiliter
1632 2182 1677 2201 re-

67 2218 159 2246 verbis
173 2228 180 2245 :
197 2215 208 2245 ‘c
222 2218 327 2246 Interea
346 2219 492 2247 insurrexit
514 2220 541 2246 in
556 2221 671 2247 concilio
683 2223 792 2256 quidam
808 2225 847 2250 vir
897 2221 1041 2256 splenduit,
1058 2220 1144 2247 multo
1156 2228 1219 2248 eum
1237 2228 1330 2247 amore
1344 2220 1497 2247 dileximus.
1516 2219 1601 2253 Cujus
1614 2226 1677 2260 san-

67 2264 191 2298 egngius
201 2268 227 2290 et
238 2265 481 2292 excellentissimus
492 2285 499 2297 ,
527 2266 594 2292 alter
613 2267 691 2300 quasi
718 2267 845 2295 Gmnalicl
863 2267 885 2293 Ι)
896 2272 947 2293 cia:
957 2266 1173 2294 conversationis
1184 2266 1308 2299 quamvis
1322 2272 1370 2291 vos
1386 2265 1535 2291 imitatores
1547 2271 1607 2291 esse
1620 2269 1678 2291 stn-

68 2308 178 2335 Iomine
203 2307 304 2336 scilicet
325 2309 528 2344 Hildebrandus,
550 2311 700 2338 monachus
720 2318 745 2338 et
759 2314 845 2339 archi-

70 2351 197 2380 diaconus
213 2352 343 2380 Ecclcsiaa
354 2353 482 2381 Romana
493 2355 672 2382 etcardinalis
688 2366 694 2381 :
711 2357 755 2389 qui
772 2357 845 2390 prius

215 2398 374 2425 monasterii
385 2397 569 2426 Cluniacensis
591 2400 694 2427 ordinis
715 2401 741 2427 S.
761 2402 843 2429 Bone—

72 2441 179 2475 tlicti,cl
191 2443 237 2478 qni
252 2447 317 2478 post
329 2443 468 2470 deces'sum
485 2444 627 2471 Alexandri
641 2444 661 2470 ll
691 2447 844 2480 Apostolica

73 2489 114 2514 est
127 2486 254 2522 dignitate
266 2487 455 2523 Ῥαδίως-’ἰὴ
467 2489 529 2522 quia
543 2490 642 2523 placuit
657 2491 707 2517 sibi
727 2496 755 2518 ut
773 2493 846 2519 ﬁeret

75 2530 291 2560 “fuisse
311 2532 429 2564 Christi.
447 2533 533 2561 factus
551 2539 593 2561 est
611 2539 703 2567 postea
723 2536 845 2563 Vivat-ius

77 2575 188 2610 (illim
202 2577 317 2609 Christi,
328 2577 383 2604 hoc
401 2581 442 2604 est
461 2577 541 2612 Papa,
558 2583 586 2605 et
600 2583 711 2605 vocatus
726 2585 766 2606 est
777 2582 843 2607 Gri-,—

78 2621 221 2656 μῆωω.
240 2622 304 2655 Qui,
315 2622 381 2649 dum
399 2626 469 2649 esset
479 2624 632 2656 cardinalis,
653 2624 722 2650 hanc
734 2631 844 2652 contro-

78 2661 185 2694 vtasiallt
200 2667 348 2701 prudmter
370 2667 490 2699 audiens,
506 2663 539 2694 'et
559 2670 743 2695 auctoritatem
762 2679 844 2696 cano-

79 2718 138 2738 num
145 2710 275 2746 sapienter
281 2711 462 2746 perpendens,
473 2714 663 2741 monachorum
675 2715 700 2739 in
713 2715 844 2741 universis

79 2755 349 2790 adhuctdefcnsor
366 2755 491 2782 nobiliter
506 2759 621 2791 exstitit;
643 2767 712 2792 quos
729 2768 781 2785 non
798 2769 843 2792 pe—

80 2799 190 2829 Μαίη
203 2800 410 2831 ratiocinatum,
425 2800 470 2826 sed
488 2807 577 2834 aperte
597 2808 676 2837 atque
699 2803 844 2830 fortissime

79 2844 185 2879 defendit,
198 2850 297 2874 contra
314 2844 445 2872 omnium
460 2846 618 2879 opinionem.
643 2858 651 2873 I

105 2890 140 2922 υ.
157 2891 208 2920 Sal
223 2898 320 2926 neque.
338 2889 387 2916 hic
402 2886 502 2922 auctor,
516 2899 598 2927 neque
618 2894 703 2927 ipsum
723 2894 843 2927 aliosque

77 3000 157 3010 σ-ιὶςῖ
166 3000 222 3009 Χ..-
231 3000 238 3008 :
249 3005 255 3010 .
286 3000 291 3002 -
300 3003 306 3007 .

21 3033 33 3177 Ι
159 3064 365 3168 ,ἷθέ
359 3086 365 3090 ν
391 3081 409 3114 ξι

45 3142 51 3162 ς

895 2311 987 2338 diosus
1007 2318 1064 2337 non
1075 2310 1251 2344 ambigimus;
1267 2314 1298 2336 ut
1310 2309 1387 2343 vigor
1401 2309 1569 2336 rectitudinis
1583 2313 1678 2336 vestra:

894 2355 927 2382 ad
939 2355 1139 2389 exstirpandam
1149 2355 1182 2381 de
1196 2361 1262 2389 agro
1273 2354 1413 2381 Dominico
1429 2355 1560 2381 zizaniam
1575 2354 1675 2380 sollici—

894 2400 948 2427 tius
974 2400 1094 2434 invigilct
1119 2399 1303 2433 attentiusque
1325 2399 1425 2426 ferveat
1448 2403 1565 2433 paterna:
1597 2397 1674 2424 vobis

893 2444 1091 2472 exhortationis
1109 2445 1191 2471 verba
1212 2444 1402 2479 impendimus.
1424 2443 1478 2469 Vos
1492 2444 1592 2477 itaque,
1608 2442 1676 2469 dile-

894 2490 1020 2523 ctissimi,
1033 2491 1061 2517 in
1072 2494 1203 2524 quantum
1215 2487 1379 2524 possibilitas
1389 2488 1534 2522 permittet,
1547 2487 1631 2514 vitam
1645 2488 1677 2514 il-

894 2536 948 2563 lius
963 2540 1105 2570 sequentes
1115 2555 1124 2567 ,
1145 2538 1173 2561 et
1192 2541 1254 2560 vere
1269 2533 1340 2560 ﬁlios
1350 2533 1409 2567 ejus
1420 2537 1447 2559 et
1462 2533 1582 2560 hisrech
1595 2533 1677 2560 simili

895 2588 943 2607 vos
949 2579 1152 2607 conversatione
1159 2578 1314 2612 probantes,
1325 2578 1439 2605 viriliter
1447 2579 1517 2613 agite
1527 2582 1554 2604 et
1564 2578 1655 2605 confer
1662 2593 1676 2599 -

895 2625 988 2652 lumini
1003 2624 1030 2650 in
1043 2623 1157 2650 Domino
1168 2627 1196 2650 et
1206 2623 1233 2649 in
1244 2624 1363 2658 potentia
1378 2623 1485 2650 virtutis
1499 2623 1567 2657 ejus.
1586 2622 1675 2650 Docu—

895 2673 985 2696 menta
1003 2673 1159 2696 sanctarum
1182 2667 1400 2702 Scripturarum,
1422 2667 1521 2701 quibus
1535 2668 1675 2694 haeretica-

895 2722 954 2740 rum
965 2718 1123 2748 argumenta
1146 2710 1322 2740 destruantur
1336 2717 1364 2739 ct
1383 2712 1449 2739 ﬁdes
1469 2717 1568 2739 sancta:
1582 2712 1675 2737 Eccle-

894 2759 942 2786 siae
955 2758 1109 2786 defenditur
1124 2761 1218 2784 contra
1234 2757 1355 2784 membra
1368 2757 1477 2790 diaboli,
1493 2764 1568 2783 mens
1584 2760 1673 2782 vestra

894 2804 1013 2838 quotidie
1029 2803 1180 2834 meditetur,
1192 2806 1220 2829 et
1235 2811 1266 2830 ea
1280 2810 1334 2837 qua
1349 2803 1418 2829 solet
1438 2803 1560 2829 libertate
1574 2800 1600 2826 in
1613 2808 1672 2834 ma-

893 2849 981 2875 lorum
996 2847 1154 2874 confusione
1167 2847 1296 2884 erigatur.
1318 2848 1371 2874 Eas
1387 2851 1476 2874 autem
1489 2845 1535 2879 qui
1553 2844 1580 2883 in
1595 2844 1673 2872 vobis

894 2891 1040 2925 conﬁdunt,
1051 2897 1078 2919 et
1093 2892 1239 2919 consilium
1256 2892 1394 2927 religionis
1410 2894 1504 2918 vestae
1519 2890 1595 2925 sequi
1614 2888 1672 2917 dis-
