3902 6404
493 500 552 553 3|
1671 492 1727 547 S.
1766 490 2159 547 GREGORIUS
2192 490 2281 543 Vll
2320 490 2513 543 PAPA.
3626 484 3693 536 εὶ

495 618 720 683 ponunt,
766 622 914 661 more
952 604 1188 674 prmdicti
1243 602 1416 655 Patn’s
1480 599 1643 653 vestri
1682 598 1963 666 suscipite,
1995 605 2050 651 et
2077 602 2122 655 Α
2150 596 2345 650 Sancto
2384 596 2685 651 Fundatore
2732 596 2971 661 ﬂorebat,
3015 596 3067 649 in
3110 595 3477 665 expugnandis
3520 592 3692 649 Simo-

493 705 559 757 de
603 702 668 753 iis
708 714 827 766 qme
859 698 925 750 ad
979 695 1207 747 salutem
1250 707 1437 746 eormn
1486 691 1753 759 pertinere
1804 690 2052 743 videntur

494 790 695 845 sanctis
745 786 1212 841 exhortationibus
1270 783 1555 845 instruitc;
1612 787 1672 832 ut
1722 794 1829 831 non
1876 779 2050 832 solum

492 889 690 940 vestra,
731 877 822 929 St‘d
857 886 909 927 et
947 892 1039 926 vos
1082 874 1419 941 sequentium
1457 869 1824 937 circumpositi
1872 869 2051 937 pepuli

492 968 900 1021 considerantes
940 973 1125 1017 sancta
1161 979 1344 1030 opera,
1379 964 1675 1031 gloriticcnt
1710 963 1923 1015 Patrem
1958 976 2049 1012 ve-

492 1067 663 1113 strum
696 1056 787 1122 qui
824 1055 876 1106 in
907 1054 1059 1107 caelis
1086 1063 1185 1105 est.
1232 1050 1338 1104 Nos
1379 1061 1557 1105 autem
1580 1055 1781 1122 ipsum
1812 1064 2050 1106 amorem

492 1163 648 1214 quem
678 1144 821 1197 Patri
844 1153 1021 1195 vestro
1048 1152 1099 1195 et
1131 1142 1280 1194 vobis
1320 1142 1446 1194 olim
1480 1144 1858 1211 impendimus,
1882 1142 2053 1194 donec

494 1245 709 1287 nostros
744 1234 967 1301 spiritus
1000 1233 1191 1283 rexerit
1234 1240 1383 1284 artus
1407 1273 1420 1294 ,
1474 1233 1727 1285 exhibere
1777 1231 2050 1285 desidera-

492 1340 649 1385 mus;
680 1332 733 1374 ct
764 1331 910 1374 tanto
941 1322 1155 1389 quidem
1181 1321 1432 1388 deinceps
1459 1322 1650 1389 majori
1678 1337 1773 1375 vos
1793 1319 2053 1373 charitate

494 1411 811 1473 fovebiuuzs,
842 1420 1043 1479 quanto
1084 1425 1177 1463 vos
1227 1410 1280 1462 in
1324 1395 1519 1464 divinis
1566 1411 1795 1480 negotiis
1840 1409 2051 1462 ferven-

494 1502 657 1554 tiores
690 1516 809 1552 esse
858 1500 1242 1568 probabimus;
1285 1500 1484 1568 quibus
1524 1516 1631 1553 non
1673 1501 1845 1553 solum
1891 1500 2050 1567 spiri-

492 1591 654 1652 tuale,
691 1590 782 1643 sed
810 1598 863 1642 et
902 1590 1178 1653 szcculare,
1225 1589 1271 1641 si
1310 1605 1525 1643 necesse
1563 1589 1741 1656 fuerit,
1769 1590 2049 1656 auxilium,

493 1678 602 1732 Deo
628 1680 935 1746 adjuvante,
971 1678 1419 1732 ministrabimus.
1462 1678 1570 1733 Vos
1606 1680 1767 1749 igitur
1800 1680 2049 1747 omnipo-

493 1778 687 1820 tentem
716 1768 1000 1819 Dominum
1025 1778 1242 1820 exorate
1270 1776 1327 1819 ut
1359 1769 1471 1836 ipse
1500 1772 1641 1823 vires
1670 1778 1721 1823 Cl
1770 1768 2051 1823 facultates

490 1859 646 1919 nobis
682 1858 900 1922 tribuat,
926 1867 1193 1924 quatenus
1224 1858 1456 1925 suscepti
1489 1859 1765 1927 regiminis
1796 1859 2051 1926 importa-

490 1948 595 2001 bile
622 1947 831 2014 poudus
856 1947 1130 2013 possimus
1154 1947 1401 2011 tolerare,
1425 1955 1477 1999 et
1505 1958 1745 2002 sanetam
1769 1948 2048 2002 ecclesiam

492 2038 545 2089 in
575 2035 772 2087 statum
802 2038 1037 2103 antiqua:
1065 2036 1339 2104 religionis
1375 2037 1647 2092 reducere.
1682 2036 1883 2091 Valete.
1923 2056 1941 2088 ι

557 2126 644 2177 50.
684 2124 827 2177 Obiit
862 2124 917 2177 S.
948 2125 1183 2179 Joannes
1210 2125 1484 2179 Gualberti
1522 2128 1582 2179 l2
1617 2125 1765 2193 Julii,
1798 2128 1915 2195 ipso
1941 2143 2049 2196 quo

490 2213 727 2284 pontifex
758 2216 1049 2284 Gregorius
1079 2214 1254 2268 fuerat
1283 2231 1426 2270 anno
1462 2216 1619 2281 1072,
1650 2217 1836 2286 paucis
1860 2218 2050 2271 diebus

489 2316 610 2375 post
630 2306 985 2374 epist-epulum
1017 2321 1111 2358 seu
1150 2306 1510 2374 pontificalem
1541 2307 1656 2374 ejus
1690 2316 2050 2361 consecratio-

491 2412 633 2458 nem,
665 2396 881 2458 factam,
913 2396 1051 2449 sicut
1080 2394 1217 2449 infra
1248 2397 1620 2461 ostendemus,
1657 2397 1743 2450 die
1770 2396 1838 2449 50
1860 2396 2005 2449 Junii
2031 2414 2047 2463 ;

489 2486 624 2539 adeo
658 2496 712 2538 ut
744 2487 855 2539 lucc
884 2485 1043 2538 fuerit
1073 2502 1177 2538 una
1198 2502 1261 2539 ex
1288 2486 1478 2553 primis
1501 2486 1764 2556 Gregorii,
1794 2487 1905 2554 jam
1937 2488 2051 2556 cpi-

490 2592 711 2643 scopum
748 2592 804 2628 se
846 2576 1150 2637 scribentis,
1193 2575 1454 2643 epistolis.
1494 2574 1642 2630 lianc
1683 2586 1862 2631 autem
1894 2578 2050 2631 noLis

489 2667 761 2735 suggessit
800 2666 971 2719 sancti
997 2664 1318 2718 Fundatoris
1354 2664 1493 2729 Vita,
1533 2682 1695 2735 quam
1722 2683 1787 2720 ex
1821 2684 1923 2721 ms.
1957 2684 2049 2723 ec-

488 2756 695 2825 grapho
724 2755 1027 2822 liipolensis
1051 2769 1216 2823 prope
1245 2753 1575 2809 Florentium
1611 2756 1872 2823 Abbatize,
1908 2758 2049 2827 apud

492 2844 866 2897 li.vcremliss.
893 2845 1153 2897 Abbatem
1182 2845 1476 2898 Ascanium
1500 2844 1891 2900 Tamburinum
1927 2847 2050 2901 Flo-

490 2935 675 2987 rentia:
705 2944 1000 2997 asservato,
1055 2934 1316 2986 habemus
1358 2934 1619 2989 beneﬁcio
1669 2936 1943 2991 illustriss.
1982 2936 2044 2991 1).

488 3022 761 3076 Fraucisci
800 3022 968 3075 ltedii.
1007 3022 1137 3076 Vita:
1172 3024 1315 3077 illius
1357 3024 1559 3077 Auctor
1588 3026 1661 3079 ita
1690 3026 1756 3079 de
1780 3026 1958 3094 seipse
1992 3027 2047 3080 in

488 3112 719 3180 l’rologo
742 3114 980 3180 loquitur
1015 3131 1027 3164 :
1059 3132 1077 3161 ι
1109 3112 1350 3181 Rogante
1396 3112 1709 3167 Reverendo
1739 3115 1793 3167 in
1829 3113 2048 3169 Christo

2152 687 2339 750 niacis,
2373 685 2431 739 B.
2467 685 2668 740 Arialdi
2709 686 2955 756 Martyris
2985 686 3125 755 apud
3159 686 3577 742 Mediolanenses
3603 688 3693 741 ad.

2146 775 2296 843 jutor
2346 776 2537 841 ﬁdelis,
2564 792 2708 830 anno
2748 774 2899 829 1060.
2950 776 3007 829 S.
3046 778 3199 841 Actu,
3231 777 3388 831 sicuti
3412 778 3522 845 jam
3560 778 3692 831 vidi-

2153 881 2273 919 mus
2324 866 2389 918 ad
2417 867 2536 934 ejus
2570 865 2809 920 Natalem
2835 865 2923 919 22.
2956 866 3119 934 hujus
3145 867 3345 920 mensis
3377 865 3521 930 Maii,
3547 882 3693 920 mor-

2153 964 2277 1008 tuus
2304 961 2447 1008 anno
2477 956 2630 1009 1155.
2655 964 2709 1009 et
2735 956 2876 1010 circa
2908 955 3060 1008 1070.
3081 957 3311 1025 primum
3351 966 3527 1022 natus,
3552 957 3696 1017 nulla

2153 1045 2359 1098 ratione
2387 1046 2560 1113 potuit
2579 1045 2807 1099 viventis
2828 1046 2997 1101 sancti
3020 1046 3299 1114 discipulis
3327 1048 3692 1113 adnumerari;

2120 1135 2245 1201 \sed
2277 1149 2374 1189 sua
2404 1135 2609 1215 accepit
2632 1151 2693 1189 ex
2748 1136 2874 1200 illis,
2912 1152 2975 1189 ac
3006 1136 3322 1190 nominatim
3351 1152 3417 1191 ex
3437 1135 3496 1189 Β.
3520 1134 3695 1190 Theu-

2153 1237 2286 1275 zone
2314 1238 2421 1275 uno
2464 1238 2526 1277 ex
2556 1224 2744 1293 primis
2772 1225 2863 1293 qui
2899 1241 3068 1294 usque
3103 1226 3171 1279 ad
3194 1242 3394 1280 annum
3424 1226 3579 1281 1095'.
3616 1228 3698 1283 di-

2152 1311 2292 1364 citur
2313 1314 2477 1366 vitam
2511 1330 2858 1384 propagasse,
2895 1331 2960 1369 ac
2992 1316 3243 1369 nonnulla
3268 1317 3333 1369 de
3360 1315 3476 1369 Vita
3518 1315 3699 1373 Sancti

2152 1402 2319 1468 patris
2339 1404 2623 1480 mandasse
2642 1405 2851 1458 litteris.
2876 1403 2971 1459 llic
2991 1420 3118 1458 vero
3141 1404 3379 1472 Theraeo,
3404 1414 3562 1474 prout
3580 1408 3698 1476 ejus

2153 1492 2309 1544 verba
2350 1493 2647 1562 allegantur
2684 1511 2750 1549 ex
2790 1496 3335 1550 veteri'traductione
3378 1497 3555 1550 italica
3605 1514 3716 1551 an-.

2152 1580 2205 1631 ni
2246 1581 2395 1634 1250.
2428 1584 2689 1637 existente
2733 1585 2786 1637 in
2816 1585 3053 1653 archivio
3096 1584 3561 1651 Vallumbrosano,
3593 1602 3698 1643 non

2151 1668 2590 1737 llildebrandum,
2621 1674 2713 1727 sed
2740 1674 3408 1743 GregoriumCardinalem
3440 1685 3698 1741 nominat,

2150 1761 2238 1812 cui
2281 1777 2368 1815 res
2405 1763 2653 1831 superius
2704 1773 2921 1817 narrata
2967 1766 3278 1818 usuvenerit
3328 1781 3466 1834 :pm
3515 1779 3624 1834 quo
3654 1766 3700 1818 si

2153 1848 2569 1905 llildebrandum
2600 1850 2655 1905 S.
2694 1854 2819 1906 Atto
2842 1854 3138 1918 constituit,
3162 1864 3417 1923 ratusper
3438 1855 3698 1923 anticipa-

2153 1942 2350 1993 tionem
2381 1944 2561 1996 vocari
2600 1941 2939 2011 Gregorium,
2977 1960 3042 1997 cx
3070 1946 3287 2013 propria
3330 1946 3381 1997 id
3410 1944 3535 1998 fecit
3572 1959 3702 1997 con-

2145 2030 2573 2112 jectura,.eaque
2600 2032 2819 2085 minime
2846 2033 3048 2099 solida;
3084 2049 3206 2088 cum
3240 2033 3531 2103 Gregorius
3560 2032 3703 2100 Papa

2152 2120 2462 2188 profiteatur
2504 2122 2643 2191 quod
2671 2131 2916 2175 sanctum
2945 2143 2962 2173 ι
2987 2124 3260 2191 corporeis
3284 2124 3455 2177 oculis
3482 2139 3588 2176 non
3618 2124 3701 2178 vi-

2149 2210 2289 2264 derit
2313 2231 2331 2260 ι
2379 2210 2656 2279 umquam.
2696 2211 3006 2281 Alphonsus
3036 2214 3252 2281 quidem
3277 2212 3618 2278 Ciacconius,
3647 2214 3700 2266 iu

2153 2300 2285 2355 Vitis
2300 2299 2630 2356 Pontificum
2653 2311 2706 2356 et
2738 2302 3123 2367 Cardinalium,
3152 2304 3375 2372 ejusque
3404 2303 3704 2371 recognitu-

2151 2406 2235 2444 res
2263 2392 2781 2462 amplificatoresque
2821 2392 3161 2460 \‘ictorelius,
3206 2393 3483 2463 Ughellus,
3520 2394 3703 2448 Oldoi-

2150 2494 2272 2544 nus,
2298 2494 2396 2547 pro
2422 2483 2751 2559 annoliOGI’),
2789 2484 2843 2535 in
2886 2499 3046 2551 quem
3084 2484 3357 2538 incidisset
3381 2498 3705 2553 congressus

2150 2569 2249 2622 iste
2276 2585 2399 2623 cum
2432 2570 2487 2624 S.
2519 2570 2745 2638 Joanne,
2766 2574 2972 2625 nullum
2992 2573 3145 2627 nobis
3165 2573 3422 2627 exhibent
3444 2571 3703 2626 Cardina-

2149 2660 2250 2711 lem
2264 2659 2599 2729 Gregorium.
2634 2660 2736 2715 Sed
2748 2679 2870 2716 cum
2891 2672 3096 2717 certum
3108 2663 3388 2717 sitmultos
3412 2664 3480 2716 ab
3500 2662 3567 2716 iis
3589 2678 3704 2716 me-

2148 2750 2238 2803 dio
2280 2751 2384 2807 isto
2414 2767 2528 2805 aevo
2561 2753 2973 2819 przetermissos,
3008 2768 3242 2821 quorum
3292 2754 3543 2811 notitiam
3586 2740 3701 2805 non

2149 2844 2368 2899 fuerunt
2414 2843 2668 2908 assecuti,
2710 2843 2854 2910 quod
2910 2843 2992 2896 vel
3043 2842 3156 2896 sola
3210 2843 3702 2911 supplementorum

2149 2934 2436 2989 identidem
2481 2933 2859 3002 adjunctorum
2899 2932 3053 3001 copia
3103 2932 3324 3001 probat;
3366 2932 3501 2986 nihil
3548 2932 3705 2986 obest

2147 3040 2256 3093 quo
2280 3025 2459 3078 minus
2482 3010 2801 3094 cogitemus,
2833 3024 2935 3077 sub
2970 3022 3272 3077 Alexandro
3301 3022 3445 3091 Papa
3474 3021 3537 3074 11.
3566 3022 3705 3075 inter

2146 3115 2459 3177 Cardinales
2476 3130 2659 3169 revera
2685 3114 2851 3169 fuisse
2867 3114 3181 3185 Gregorium
3203 3114 3458 3182 aliquem,
3475 3112 3703 3166 necdum

488 3202 646 3254 Patre
682 3201 742 3254 D.
792 3201 1184 3255 Bartholomwo
1226 3203 1432 3256 Abbate
1475 3206 1790 3258 monasterii
1830 3204 1885 3258 S.
1914 3206 2049 3258 Bar-
2077 3223 2117 3277 (ς
2150 3205 2364 3258 aliunde
2392 3212 2581 3257 notum
2612 3205 2789 3273 :quod
2801 3213 3020 3259 centum
3040 3214 3164 3273 post
3188 3206 3346 3259 annis
3372 3219 3481 3258 non
3500 3204 3705 3259 discer-

490 3294 760 3345 lhelomzei
785 3294 851 3345 de
887 3292 1133 3357 Fossato,
1160 3292 1377 3346 Ordinis
1409 3291 1799 3348 Vallumbrosu:
1826 3304 1881 3349 et
1908 3296 2047 3350 diu:-

488 3382 628 3435 eesis
658 3381 945 3436 Jauueusis
967 3401 980 3449 ;
1005 3398 1103 3453 ego
1147 3382 1207 3435 D.
1258 3384 1517 3437 Andneas
1544 3385 1610 3438 de
1644 3384 1699 3438 S.
1738 3385 2047 3451 Ambrosio,

489 3473 704 3525 natione
728 3472 860 3526 civis
882 3471 1187 3537 Januensis,
1214 3481 1267 3526 et
1299 3474 1515 3528 humilis
1546 3473 1705 3528 Prior
1736 3477 2049 3529 monasterii
2103 3508 2105 3510 -

492 3560 821 3618 S..Mattb:ei
875 3563 1125 3621 dimcesis
1173 3562 1481 3631 Janucnsis,
1532 3564 1748 3641 Ordinis
1793 3565 1850 3619 S.
1880 3566 2051 3628 Bene:

489 3654 639 3705 dicti.
683 3693 695 3705 .
741 3694 753 3706 .
798 3654 1128 3707 novissimus
1154 3662 1206 3707 et
1248 3655 1489 3708 tantillus
1520 3655 1659 3708 inter
1689 3664 1868 3709 tantos
1902 3656 2051 3724 ejus-

490 3744 609 3796 dem
668 3742 724 3795 Β.
776 3743 999 3797 Joannis
1032 3744 1345 3814 discipulos,
1373 3745 1463 3813 qui
1490 3746 1607 3814 ejus
1631 3742 1801 3815 gesta,
1829 3746 2052 3799 virtutes

488 3843 542 3885 et
596 3833 749 3901 signa
803 3835 1160 3901 descripscre,
1217 3835 1499 3903 aggrediar
1556 3836 1610 3889 in
1663 3837 1882 3890 nomine
1943 3835 2052 3887 Do-

492 3922 684 3986 lnilti,'.
726 3962 738 3974 .
781 3962 793 3974 .
840 3962 852 3975 .
924 3922 1187 3977 fabricare
1242 3925 1460 3977 unicum
1491 3997 1494 4000 ἢ
1526 3940 1671 3994 opus
1726 3926 1792 3978 de
1840 3926 2054 3993 scriptis

490 4012 759 4064 dictorum
803 4013 1214 4080 discipulorum,
1270 4030 1335 4068 ac
1380 4015 1542 4069 etiam
1590 4016 1657 4069 de
1707 4015 1827 4068 aliis
1890 4017 2054 4084 gestis

490 4102 729 4169 ejusdem
768 4100 826 4153 Β.
852 4101 1075 4155 Joannis
1100 4102 1300 4157 habitis
1324 4119 1389 4157 ex
1414 4087 1672 4158 archiviis
1693 4103 1914 4171 majoris
1939 4120 2054 4156 nio-

491 4189 712 4243 nasterii
776 4190 1231 4257 \‘allisumbrosar,
1301 4194 1432 4247 mihi
1502 4193 1712 4247 traditis
1774 4192 2057 4247 Florentia:

492 4293 635 4331 anno
672 4279 882 4333 Domini
939 4282 1071 4335 Hl9
1098 4282 1164 4335 de
1194 4298 1379 4336 mense
1404 4283 1763 4351 Septembris;
1794 4299 1859 4337 ac
1892 4284 2055 4337 etiam

480 4386 557 4422 ex
588 4368 707 4424 aliis
742 4372 926 4439 gestis,
976 4373 1170 4426 [abitis
1204 4389 1268 4427 ex
1306 4374 1523 4428 scriniis
1559 4373 1687 4427 dicti
1744 4374 2056 4426 monasterii

493 4460 551 4511 ε..
581 4459 956 4514 Bartholouuei
989 4462 1055 4515 de
1090 4461 1338 4517 Fussato.
1379 4502 1393 4515 .
1435 4503 1448 4515 .
1494 4503 1507 4516 .
1550 4462 1653 4516 Sed
1678 4462 2056 4516 utdubitatio-

2151 3309 2283 3347 nens
2305 3291 2362 3347 S.
2399 3293 2526 3347 Atto
2558 3294 2696 3347 male
2734 3295 3097 3363 supposuerit-
3120 3284 3546 3348 ‘Hildebrandum
3571 3291 3704 3346 Car-

2148 3384 2404 3449 dinalcm,
2437 3384 2640 3439 dictum
2674 3385 2727 3437 in
2757 3382 3074 3440 Pobtitlcatu
3102 3382 3440 3454 Gregorium.

2218 3561 2305 3615 52.
2325 3559 2542 3615 Interim
2556 3560 2893 3617 manifestam
2920 3560 3395 3616 contradictionem
3417 3557 3704 3614 verborum

2151 3648 2362 3703 Attonis
2394 3658 2448 3704 et
2481 3650 2738 3705 Locatelli
2774 3667 2897 3704 cum
2933 3652 3213 3718 ipsiusmet
3236 3649 3482 3720 Gregorii
3527 3663 3703 3727 asser-

2152 3740 2298 3793 tione
2322 3755 2621 3808 agnoscens
2646 3739 2878 3795 Didacus
2889 3741 2954 3794 de
2969 3739 3248 3805 Fraucbis,
3272 3738 3577 3808 ﬂipolensis
3596 3737 3701 3792 Ab-
3736 3774 3770 3815 δ

2152 3830 2287 3895 bas,
2336 3831 2390 3883 in
2443 3828 2675 3883 Historia
2733 3830 2790 3883 S.
2862 3828 3085 3884 Joannis
3142 3828 3413 3885 Gual’berti
3461 3820 3563 3882 sub
3604 3842 3705 3891 au-

2154 3933 2283 3971 num
2334 3918 2489 3972 1638.
2540 3919 2693 3973 libris
2734 3919 3018 3973 duodecim
3064 3917 3246 3974 ltalice
3283 3908 3532 3989 vulgata;
3577 3917 3703 3971 alibi

2153 4008 2392 4077 quidem,
2441 4010 2640 4063 notatis
2673 4008 2740 4063 ad
2773 4017 3075 4078 utrumque
3104 4008 3412 4077 marginem
3456 4015 3703 4083 accurate

2153 4098 2286 4153 locis
2309 4100 2595 4167 verbisque
2610 4099 2928 4165 Auctorem,
2958 4098 3115 4155 fidem
3136 4112 3287 4152 suam
3302 4097 3525 4164 liberat;
3558 4097 3615 4151 in
3643 4097 3697 4151 li-

2154 4189 2253 4241 bro
2277 4196 2455 4242 autem
2476 4190 2781 4255 undecimo,
2807 4197 3043 4244 tractans
3064 4189 3398 4258 precitatum
3418 4203 3692 4256 argumen-

2156 4287 2291 4344 tum,
2313 4286 2366 4332 et
2394 4279 2447 4332 in
2466 4281 2670 4333 extimo
2699 4280 2942 4350 margine
2964 4280 3325 4337 adnumerans
3343 4276 3527 4331 Italica
3542 4278 3703 4332 verba

2156 4368 2481 4435 Theuzonis,
2518 4371 2609 4424 ubi
2645 4368 2888 4439 Gregorii
2940 4369 3216 4435 meminit;
3258 4368 3314 4422 in
3357 4368 3546 4433 altero,
3601 4366 3725 4427 La-

2157 4459 2267 4511 tina
2296 4458 2456 4512 verba
2482 4458 2796 4513 Lectionum
2822 4460 3158 4529 propriarum
3193 4472 3337 4513 anno
3364 4456 3689 4513 16%.edita

495 4550 579 4602 nis
628 4551 969 4603 occasionem
1019 4552 1355 4618 subtraham,
1403 4568 1498 4622 per
1547 4552 1755 4620 singula
1792 4568 1915 4621 qua:
1960 4553 2054 4605 de-
2090 4540 2276 4602 Drum
2342 4549 2397 4602 in
2443 4550 2641 4619 quibus
2701 4549 3046 4605 Hildebrandi
3096 4564 3293 4605 nomen
3350 4548 3702 4619 exprimitur;

495 4639 692 4702 scribo,
743 4641 940 4707 quibus
970 4641 1100 4693 mihi
1150 4642 1263 4695 haec
1304 4642 1615 4696 auctoribus
1648 4641 1757 4695 sint
1782 4652 2055 4710 comperta

496 4729 743 4795 superius
770 4730 1106 4782 manifestavi
1149 4740 1203 4783 et
1244 4732 1438 4783 iterum
1482 4730 1787 4795 manifesto,
1820 4732 1945 4799 quia
1987 4744 2079 4785 ex'

495 4818 710 4885 scriptis
740 4819 1125 4885 discipulorum
1157 4837 1403 4886 suorum,
1431 4835 1662 4889 quorum
1687 4822 1906 4873 nomina
1930 4831 2057 4875 sunt

496 4909 610 4963 haec
643 4927 655 4960 :
691 4907 751 4961 1).
795 4908 950 4973 Actu,
977 4909 1068 4977 qui
1097 4909 1197 4962 fuit
1246 4910 1590 4965 Pistoriensis
1633 4909 1959 4979 Episcopus;
2002 4920 2057 4965 et

498 4996 559 5050 1).
606 4997 867 5059 Andreas,
901 5000 993 5068 qui
1026 4998 1127 5051 fuit
1169 5000 1350 5053 Abbas
1383 5001 1697 5054 monasterii
1751 4999 1808 5053 S.
1857 4999 2055 5056 Fidelis

495 5087 833 5143 Strumensis
862 5085 1103 5157 ejusdem
1142 5088 1360 5143 Ordinis
1399 5087 1855 5155 Vallisumbrosai.
1893 5107 1912 5139 ι

568 5179 655 5231 5L
682 5177 900 5246 Egimus
943 5178 1009 5231 de
1047 5178 1103 5230 Β.
1148 5179 1358 5233 Andrea
1399 5180 1512 5249 jam
1546 5181 1823 5233 nominato
1855 5179 1942 5233 die
1992 5180 2056 5233 10

497 5266 693 5332 Martii,
722 5279 774 5323 et
803 5285 950 5321 num.
980 5269 1044 5320 l3
1071 5268 1343 5321 doluimus
1365 5270 1805 5339 przeclarumejus
1828 5286 1965 5338 opus
1990 5272 2057 5325 de

499 5358 680 5411 Sancti
699 5358 923 5429 Joannis
945 5361 1053 5412 vita
1077 5360 1238 5412 modo
1264 5360 1511 5427 nuspiam
1546 5362 1789 5427 reperiri.
1810 5360 1959 5415 Sicut
1983 5370 2059 5414 ta-

500 5465 621 5506 men
648 5447 702 5501 S.
729 5448 930 5501 Arialdi
966 5448 1217 5518 Martyris
1248 5448 1388 5515 Vita,
1418 5450 1487 5502 ab
1512 5449 1699 5502 eodem
1726 5450 2054 5518 conscripta,

499 5548 553 5587 et
578 5552 606 5588 a
631 5539 784 5591 nobis
803 5537 975 5591 danda
1002 5537 1071 5590 28
1109 5536 1274 5603 Junii,
1298 5539 1527 5593 feliciter
1548 5540 1651 5594 hoc
1674 5540 1857 5595 seculo
1876 5554 2054 5601 emer-

501 5628 568 5679 sit
586 5626 639 5679 in
658 5625 852 5691 lucem,
882 5630 950 5680 ita
968 5644 1249 5696 speramus
1270 5629 1414 5682 illam
1431 5644 1646 5699 quoque
1666 5630 1910 5691 alicunde
1924 5646 2053 5699 pro-

502 5716 735 5768 dituram
762 5731 791 5769 e
827 5716 1080 5782 tenebris,
1119 5719 1269 5786 prius
1297 5735 1460 5789 quam
1491 5721 1593 5773 sub
1621 5736 1814 5776 manus
1842 5729 2055 5774 nostras

504 5806 679 5861 veniat
719 5804 910 5862 Julius.
952 5806 1055 5865 Istc
1100 5818 1277 5865 autem
1324 5809 1587 5878 Andreas,
1630 5812 1837 5865 vivente
1880 5810 2055 5864 adhuc

2152 4640 2350 4711 omittit
2370 4641 2551 4694 onmia
2576 4657 2642 4696 ex
2683 4642 2881 4711 quibus
2923 4641 3144 4711 intelligi
3167 4651 3350 4710 posset
3396 4643 3449 4697 in
3476 4656 3689 4713 conspe

2148 4737 2294 4783 ctum
2327 4731 2507 4786 Sancti
2528 4746 2711 4787 revera
2739 4733 3136 4803 objurgatorem
3164 4734 3586 4802 praemeditatum
3609 4749 3690 4789 ve-

2153 4824 2315 4876 nisse.
2338 4822 2669 4893 imaginatur
2691 4832 2872 4876 autem
2900 4824 3002 4877 sibi
3023 4815 3227 4879 Auctor
3256 4825 3377 4889 iste,
3413 4825 3558 4893 quod
3583 4838 3680 4877 car

2151 4912 2316 4965 dinali
2350 4912 2706 4981 przeordinata
2739 4913 2903 4967 verba
2928 4912 3182 4968 recolenti
3198 4915 3444 4982 privatim
3460 4913 3602 4982 apud
3623 4926 3700 4976 se,

2150 5017 2338 5057 eorum
2363 5002 2621 5057 exciderit
2643 5004 2934 5069 memoria;
2974 5012 3160 5072 postea
3188 5018 3316 5058 vero
3343 5006 3591 5060 eumdem
3610 5018 3685 5072 pe

2151 5094 2249 5145 tito
2309 5093 2545 5161 alloquio
2593 5092 2911 5149 frustratum
2970 5108 3110 5159 esse,
3161 5108 3227 5147 eo
3287 5097 3431 5166 quod
3472 5096 3701 5149 Sanctus

2153 5182 2352 5236 nemini
2382 5198 2441 5236 se
2468 5184 2909 5252 conspiciendum
2953 5191 3081 5239 tunc
3120 5187 3377 5254 temporis
3416 5186 3699 5255 praeberet,

2153 5272 2246 5326 sed
2273 5273 2454 5327 omnia
2482 5289 2578 5344 per
2605 5274 2963 5330 internuntios
2986 5284 3039 5329 et
3077 5275 3283 5331 litteras
3318 5281 3513 5344 ageret.
3545 5274 3716 5353 ρυοιι

2153 5377 2281 5415 sane
2315 5378 2421 5430 pro,
2451 5380 2517 5417 eo
2542 5380 2723 5418 rerum
2752 5366 2999 5428 articulo,
3053 5378 3160 5433 quo
3197 5364 3310 5434 geri
3350 5367 3704 5433 personaliter

2155 5460 2261 5504 tam
2289 5451 2529 5506 difﬁcilia
2556 5454 2766 5522 negotia
2786 5454 3115 5519 debuissent,
3144 5455 3454 5509 incredibile
3471 5456 3701 5520 videtur,

2155 5542 2301 5595 nullo
2334 5542 2387 5596 id
2416 5551 2653 5595 veterum
2688 5551 2981 5598 asserente.
3011 5542 3144 5597 Tum
3172 5543 3373 5598 Auctor
3402 5544 3701 5614 interrupta

2154 5647 2272 5702 quae
2292 5632 2401 5685 dixi
2428 5630 2483 5685 S.
2516 5632 2726 5686 Attonis
2753 5634 2913 5687 verba
2936 5633 3123 5689 Latina
3143 5648 3444 5699 resumens,
3473 5634 3526 5687 in
3558 5650 3703 5688 mar~

2154 5721 2274 5791 gine
2286 5722 2491 5790 pagina:
2504 5723 2628 5785 4‘29,
2652 5723 2938 5786 illocitato,
2961 5723 3073 5775 haec
3084 5722 3267 5775 habet:
3291 5704 3577 5792 «Deinceps
3588 5731 3702 5777 tan-

2159 5819 2248 5864 tus
2272 5811 2412 5867 inter
2435 5820 2724 5881 utrumque
2746 5811 2991 5868 ﬁrmatus
3014 5821 3097 5868 est
3110 5828 3282 5881 amor,
3311 5820 3546 5883 quantus
3562 5813 3702 5868 inter
