3902 6350
186 407 255 459 εδ
1137 392 1664 457 PROLEGOMENA.
1700 423 1769 431 —
1808 391 1986 444 ACTA
2026 391 2082 446 S.
2125 390 2471 447 GREGORII.
2723 423 2727 427 ι
3344 393 3413 446 36

188 514 392 568 amicos
412 511 735 566 carissimos
761 514 818 562 et
837 506 1081 560 uterinos
1099 505 1232 557 solet
1254 519 1373 557 esse
1392 517 1696 571 germanos.
1740 522 1758 550 ι
1795 507 1835 560 Α
1864 501 2068 568 alisque
2109 501 2378 567 ejusmodi
2420 500 2576 552 titulo
2627 500 2894 568 appellare
2939 489 3166 564 malunt,
3204 510 3423 569 propter

260 606 349 658 55.
389 602 568 656 Habes
599 600 808 654 fontem
832 597 1126 659 liliationis,
1157 611 1192 647 a'
1224 593 1497 646 Locatello
1521 591 1756 661 primum

189 694 506 764 excogitata:
542 691 734 762 gratis,
781 704 812 740 a
852 687 1128 740 Petraccio
1177 684 1345 754 magis
1385 683 1546 737 etiam
1593 683 1760 750 gratis

193 787 272 839 sic
312 791 568 852 acceptae,
605 788 660 834 et
710 773 1489 844 inLectionesMartyrologii
1539 773 1756 826 matuti-

194 876 357 943 niqne
385 871 547 925 ollicii
593 869 848 931 inductae,
894 866 1050 935 quasi
1081 883 1099 916 ι
1135 863 1640 916 \‘allumbrosanum
1679 862 1761 914 in-

193 966 446 1020 stitutum
467 961 676 1030 pridem
699 959 981 1027 amplexus
1009 975 1027 1005 ι
1061 956 1319 1008 tenuisset
1343 953 1756 1008 Hildebrandus.

194 1054 368 1120 Quam
387 1037 568 1106 autem
586 1047 855 1120 «pridem?
873 1066 892 1097 ι
915 1046 1052 1099 Audi
1068 1047 1258 1098 iterum
1282 1045 1590 1099 Lectiones:
1621 1044 1762 1098 «Mo-

197 1145 463 1200 nastieam
497 1150 663 1195 Vitam
702 1139 1001 1208 professus,
1048 1136 1353 1190 cmnobium
1397 1133 1452 1187 S.
1491 1134 1761 1190 Benedicti

198 1238 252 1288 in
278 1234 462 1304 patria
489 1247 589 1286 sua
617 1229 856 1284 extruxit
880 1228 982 1281 sub
1013 1227 1262 1280 instituto
1286 1224 1758 1288 Vallumbrosano,

197 1325 344 1395 quod
383 1323 594 1392 pridem
633 1319 914 1388 amplexus
949 1316 1145 1380 fuerat,
1186 1316 1378 1370 deinde
1409 1313 1681 1383 profectus
1709 1317 1760 1370 in

199 1414 434 1468 Galliam
476 1413 534 1466 in
591 1408 921 1464 monasterio
982 1405 1326 1459 Cluniacensi
1389 1407 1756 1474 permansit.»

200 1505 394 1560 Roma:
430 1516 604 1573 ergo,
649 1500 826 1554 adhuc
875 1505 1022 1550 totus
1065 1495 1283 1566 juvenis
1334 1510 1398 1548 ac
1426 1509 1562 1564 pene
1608 1512 1759 1565 puer,

201 1593 714 1650 Vallumbrosanum
733 1589 1038 1643 institutum
1055 1587 1333 1655 amplexus
1345 1595 1429 1639 est
1449 1585 1764 1640 liildebran-

199 1687 302 1741 dna
328 1727 343 1750 ,
378 1692 508 1738 ante
528 1695 746 1736 annum.
766 1679 902 1732 1016
927 1719 942 1742 ,
989 1677 1036 1732 si
1071 1676 1348 1744 amplexus
1379 1684 1462 1729 est
1504 1692 1760 1744 unquam.

199 1775 368 1845 Atqui
405 1774 616 1828 nullum
644 1766 1074 1824 Vallumbrosani
1099 1766 1332 1820 instituti
1373 1767 1764 1820 monasterium

198 1881 265 1920 eo
287 1865 479 1920 seculo
511 1862 679 1916 Roma
694 1861 912 1914 habuit:
934 1857 1078 1927 quod
1115 1863 1294 1910 autem
1318 1870 1462 1909 nunc
1486 1855 1646 1908 habet
1667 1857 1769 1910 sub

202 1956 361 2009 titulo
379 1953 438 2008 S.
455 1951 734 2015 Praxedis,
756 1949 987 2019 primum
1005 1945 1508 2000 V'allumbrosanum
1531 1960 1651 2000 esse
1662 1961 1772 2000 ca:—

200 2047 278 2114 pit
291 2045 651 2098 eireaannum
669 2039 826 2104 1170,
841 2039 886 2093 si
899 2046 1038 2092 recte
1048 2045 1259 2104 tempus
1269 2035 1785 2106 quadringintorum.

200 2149 474 2189 annorum
497 2131 752 2188 subduxit
772 2128 1082 2199 Onuphrius
1098 2125 1408 2190 Panvinius,
1435 2125 1487 2178 in
1504 2127 1683 2180 libello
1705 2128 1771 2180 de

200 2226 496 2296 precipuis
536 2222 702 2278 Urbis
746 2221 990 2277 ecclesiis
1027 2219 1170 2273 edito
1217 2217 1319 2272 sub
1358 2232 1561 2272 annum
1613 2217 1766 2270 l57‘d.

204 2315 280 2370 De
317 2314 654 2370 monasterio
682 2311 947 2366 Soanensi
981 2309 1147 2378 (quod
1173 2324 1204 2361 a
1233 2315 1341 2360 tam
1367 2307 1566 2376 juvene
1580 2304 1773 2361 funda-

204 2414 321 2460 tum
349 2404 525 2458 fuisse
549 2417 710 2457 nemo
727 2401 1016 2470 prudenter
1035 2397 1342 2466 crediderit)
1363 2413 1528 2467 agens
1545 2400 1772 2466 praelau-

204 2497 366 2550 datus
397 2493 633 2566 Didacus
657 2493 724 2546 de
765 2490 1025 2545 Franchis
1051 2490 1143 2543 lib.
1198 2489 1250 2540 8.
1284 2503 1404 2556 pag.
1433 2489 1558 2542 25L.
1586 2489 1653 2542 ad
1679 2504 1773 2543 ex-

206 2595 436 2640 tremam
477 2583 706 2637 Joannis
741 2588 957 2636 atatem
1000 2579 1164 2633 refert
1204 2578 1618 2647 acquisitionein
1669 2579 1771 2631 loci

206 2673 510 2730 suburbani
554 2673 622 2726 de
667 2671 907 2726 Calvello
952 2669 1102 2733 dicti,
1153 2683 1314 2737 quem
1349 2667 1586 2720 eremitae
1617 2668 1772 2735 pauci

208 2774 339 2818 tunc
361 2764 715 2828 habitabant;
739 2770 795 2815 et
830 2761 922 2815 ubi
959 2759 1218 2814 :editicata
1259 2757 1515 2826 paulatim
1546 2757 1771 2810 Abbatia

207 2857 487 2924 pradicta,
516 2869 662 2908 anno
679 2853 927 2921 denique
952 2850 1106 2904 H96.
1136 2849 1278 2902 intra
1301 2837 1570 2901 civitatem
1596 2855 1774 2901 trans-

207 2945 314 2999 lata
328 2953 435 3009 est,
459 2944 694 2999 reductis
721 2943 906 2996 eodem
938 2938 1205 2992 Eremitis.
1238 2935 1372 2990 Cum
1400 2945 1578 2990 autem
1612 2938 1774 3006 hujus

207 3036 313 3090 loci
337 3036 587 3089 meminit
597 3033 849 3098 Didacus,
871 3046 979 3084 non
998 3028 1332 3084 obliviscitur
1353 3037 1611 3082 annotare
1629 3032 1774 3097 quod

1859 589 2156 658 periculum
2181 590 2447 658 ambigua:
2476 589 2884 658 significationis
2916 591 2969 643 in
2999 591 3178 659 vulgo,
3207 593 3420 646 titulum

1859 679 2123 747 ejusmodi
2208 687 2495 747 accepturo
2573 679 2868 733 secundum
2954 681 3125 749 magis
3207 683 3421 736 obviam

1860 770 2295 838 strictiorcmque
2356 771 2651 822 notionem.
2710 769 2922 822 Inlsrittt
2983 786 3076 838 per
3119 772 3261 824 illam
3311 773 3424 826 sin-

1860 875 2036 913 ceram
2063 860 2244 912 Didaci
2269 859 2690 923 confessionem,
2739 875 2846 912 non
2869 860 3043 912 solum
3076 860 3425 931 intelligimus

1861 964 1971 1018 quo
1997 965 2180 1018 .seusu
2224 950 2496 1018 prmeitzita
2527 950 2688 1002 veri-.a
2736 950 2930 1017 apponi
2973 949 3350 1020 Martyrologio
3372 962 3427 1008 ct

1863 1040 1916 1092 in
1947 1038 2290 1094 Lectionibus
2331 1040 2542 1092 recitari
2586 1040 2795 1108 petierit
2837 1038 3164 1105 l’etraccius,
3189 1051 3244 1094 et
3271 1059 3425 1097 saera

1864 1127 2083 1182 [lituum
2110 1129 2466 1198 Congregatio
2488 1129 2826 1197 approbarit;
2870 1129 2957 1181 sed
2994 1130 3255 1186 habemus
3284 1134 3424 1186 viam

1862 1220 2160 1287 expeditam
2195 1227 2245 1271 et
2270 1219 2608 1271 commodam
2653 1219 2717 1270 ad
2745 1219 3088 1287 explicandas
3115 1221 3427 1278 innumeras

1863 1310 2047 1374 tricas,
2072 1309 2226 1362 nobis
2256 1309 2494 1375 ohjeetas
2517 1309 2717 1384 sit-pius
2754 1310 3057 1377 swpiusque
3097 1312 3427 1380 objiciendas

1864 1398 1932 1451 ab
1957 1399 2024 1452 iis
2044 1398 2137 1466 qui
2159 1398 2341 1450 dolent
2371 1397 2540 1465 quo.l,
2588 1397 2910 1451 inhamcntes
2936 1402 3294 1454 coiumuniori
3333 1418 3428 1456 vo-

1865 1504 1989 1541 cum
2036 1489 2089 1541 in
2135 1488 2294 1556 vulgo
2327 1496 2706 1556 usurpatarum
2750 1489 3069 1556 acceptioni,
3111 1506 3206 1543 eos
3239 1507 3428 1546 omnes

1868 1577 2092 1630 Sanctos
2121 1591 2226 1629 non
2249 1575 2586 1644 proferamus
2611 1577 2712 1629 sui)
2739 1576 2893 1629 titulo
2918 1578 2999 1629 sui
3023 1577 3259 1643 Ordinis,
3291 1597 3430 1649 quos

1866 1667 1940 1718 illi
1965 1681 2305 1734 quacumque
2332 1667 2540 1718 ratione
2581 1666 2964 1719 adscribendos
2989 1667 3228 1734 ipsorum
3258 1671 3430 1738 majo-

1866 1772 1956 1810 res
1978 1756 2411 1820 wstimaverunt;
2449 1771 2695 1824 quosque
2739 1756 2790 1808 in
2833 1757 3064 1824 propriis
3093 1758 3289 1826 cuique
3329 1759 3432 1812 Or-

1867 1846 1983 1898 dini
2046 1844 2245 1898 Olliciis
2297 1846 2545 1912 privatim
2596 1846 2674 1898 sic
2719 1846 2902 1909 tribui,
2966 1847 3203 1915 indulget
3249 1850 3430 1916 potius

1871 1950 2033 2004 quam
2059 1935 2275 1987 mandat
2300 1933 2556 1987 Ecclesia.
2591 1934 2646 1987 Si
2672 1934 2801 2002 quid
2815 1943 2995 1987 autem
3023 1952 3196 2004 neque
3215 1939 3433 1994 amicis-

1871 2027 2046 2078 simus
2083 2025 2239 2078 nobis
2268 2023 2596 2088 l’etraccius,
2642 2041 2816 2092 neque
2863 2024 3289 2080 Vallumbrosani
3322 2028 3435 2084 Mo-

1872 2115 2050 2178 nachi,
2103 2128 2335 2182 quorum
2394 2114 2628 2182 hospitio
2684 2114 2888 2167 liberali
2943 2130 3041 2174 nos
3094 2117 3242 2170 illum
3305 2134 3434 2172 usos

1871 2207 2243 2272 charitatequc
2282 2205 2512 2257 mirabili
2543 2206 2753 2273 adjutos
2787 2214 3060 2274 gratanter
3103 2208 3433 2273 monuimus,

1873 2313 1980 2348 non
2033 2296 2426 2349 succensebunt
2452 2295 2583 2348 mihi
2617 2296 2742 2362 quia
2769 2312 2923 2348 suam
2963 2305 3198 2349 mentem
3229 2299 3315 2351 hic
3343 2316 3438 2352 ex-

1871 2387 2033 2456 plicui
2066 2404 2077 2438 :
2108 2387 2185 2438 sic
2219 2395 2345 2452 opto
2372 2393 2430 2436 ut
2452 2385 2540 2437 alii
2564 2385 2895 2454 quicumque
2930 2385 3186 2452 Religiosi
3217 2404 3318 2441 nos
3342 2389 3438 2441 ha-

1873 2479 2034 2531 beant
2053 2484 2361 2536 excusatus,
2396 2475 2609 2542 quoties
2643 2475 2848 2543 absque
2904 2477 2987 2529 sui
3034 2476 3250 2530 Ordinis
3285 2479 3439 2530 titulo

1871 2569 2084 2637 agimus
2110 2570 2175 2621 de
2199 2567 2470 2635 aliquibus
2511 2565 2742 2628 Sanctis,
2794 2567 2857 2620 de
2887 2568 3084 2635 quibus
3108 2568 3227 2634 ipsi,
3255 2571 3335 2621 vel
3373 2586 3437 2622 (ii
3524 2590 3528 2595 ·

1873 2659 2095 2727 antiquo
2120 2675 2240 2722 usu,
2270 2659 2349 2710 vel
2375 2674 2440 2710 ex
2481 2659 2763 2710 recentiori
2794 2656 3243 2727 congregationis
3271 2672 3440 2710 sacra:

1875 2749 2100 2813 indulto,
2125 2747 2368 2801 Ollicium
2414 2749 2642 2801 reeitaut
2668 2757 2924 2815 tat-mquam
2951 2749 3016 2801 de
3051 2764 3173 2812 suo,
3218 2751 3439 2816 quando

1874 2839 2062 2892 titulus
2098 2838 2198 2891 iste
2241 2838 2399 2895 nobis
2440 2837 2620 2890 minus
2655 2847 2837 2890 certus
2877 2838 3299 2906 cxploratusque
3333 2848 3438 2892 est.

1874 2927 2137 2993 Quoniam
2168 2943 2295 2980 vero
2329 2943 2434 2979 non
2463 2935 2552 2980 est
2571 2927 2637 2978 ab
2659 2927 2911 2979 omnibus
2947 2929 3212 2994 speranda
3233 2946 3293 2980 ca
3322 2945 3441 2980 mo-

1873 3021 2078 3073 deratio
2147 3035 2252 3086 qua
2299 3016 2776 3070 Vallumbrosanos
2825 3017 3009 3070 Patres
3053 3020 3164 3070 lucc
3212 3019 3444 3073 lecturos

215 3146 233 3178 ο
272 3125 498 3180 δοιοί(
533 3125 603 3179 sit
635 3124 844 3192 »μηνίει
869 3121 1058 3174 famosi
1079 3119 1326 3173 monachi
1341 3118 1716 3173 lliidebrandi;
1759 3143 1776 3174 ι
1811 3130 1852 3185 C
1883 3109 2234 3171 confidimus,
2289 3108 2572 3161 conveniet
2613 3115 2667 3158 ut
2705 3108 2828 3159 talis
2883 3108 3196 3160 omissionis
3252 3124 3445 3162 causas

209 3217 364 3271 addit
380 3225 434 3270 et
450 3215 792 3268 traditionem
820 3211 1116 3265 incolarum
1140 3224 1259 3262 esse
1309 3209 1454 3278 (nam
1479 3209 1778 3278 scripturas

211 3308 317 3361 sub
342 3320 548 3359 annum
576 3303 734 3358 1550.
772 3301 1019 3372 incendio
1059 3300 1190 3354 dicit
1225 3299 1469 3367 periisse)
1498 3301 1639 3367 quod
1681 3317 1778 3354 sua

210 3396 503 3466 presentia
515 3396 696 3448 locum
727 3389 1016 3461 aliquando
1042 3389 1292 3466 dignatus
1308 3387 1378 3442 sit
1393 3389 1505 3456 ipse
1530 3387 1585 3441 S.
1616 3387 1773 3442 Joan-

212 3465 314 3542 nes
358 3505 371 3539 :
409 3484 760 3540 etcredemus
779 3482 846 3536 de
873 3479 1152 3534 fundatore
1198 3465 1561 3532 llildebrando
1585 3480 1657 3532 nil
1705 3480 1783 3533 di-

213 3589 435 3634 etnrum
459 3575 710 3641 fuisse,si
732 3574 816 3628 vel
837 3572 1049 3626 eminus
1070 3571 1344 3640 quidpiam
1373 3569 1782 3624 subolfecissct?

284 3669 380 3723 δι.
443 3665 754 3721 Universim
805 3677 956 3727 vero,
1004 3645 1148 3730 quod
1193 3661 1260 3713 ad
1309 3659 1628 3728 Gregorium
1677 3659 1780 3712 Pa—

215 3774 346 3829 μω
381 3751 498 3809 γης
537 3749 1002 3818 Vallumbrosanis
1039 3749 1252 3803 Sanctis
1294 3748 1780 3812 adnumerandam,

215 3850 432 3912 attinet,
462 3844 714 3916 praifatus
732 3843 966 3896 Didacus
981 3841 1071 3894 lib.
1097 3839 1149 3892 9.
1170 3855 1288 3908 pag.
1319 3838 1442 3892 295.
1469 3839 1630 3892 aliam
1655 3854 1783 3892 cau-

217 3955 339 3996 sam
378 3953 487 3992 non
521 3936 764 4006 assignat
806 3948 970 4002 quam
1009 3949 1026 3981 ‹
1061 3929 1308 3998 obsequii
1344 3937 1398 3982 et
1421 3929 1782 3997 gratitudinis,

218 4030 355 4101 quia
383 4026 441 4082 Β.
471 4025 736 4094 Joannem
787 4023 1135 4078 Gualbertum
1180 4018 1540 4079 canonizavit,
1587 4025 1642 4070 et
1677 4018 1785 4086 pri-

220 4133 377 4174 mum
400 4115 591 4171 Ordini
616 4113 956 4174 Cardinalem
991 4110 1137 4165 dedit
1162 4107 1218 4160 S.
1263 4106 1483 4161 Petrum
1525 4106 1740 4176 lgneuln
1771 4125 1781 4158 :

222 4208 419 4263 eodem
443 4205 601 4275 plane
633 4203 798 4258 modo
821 4211 931 4270 quo
960 4198 1102 4254 Ordo
1130 4197 1619 4252 V’allumbrosanus
1655 4213 1788 4252 con-

225 4307 410 4354 servat
436 4297 760 4350 honoratam
797 4291 1111 4347 memoriam
1158 4287 1391 4343 Victoris
1424 4287 1581 4355 Papae
1615 4286 1677 4350 ll,
1712 4286 1788 4338 si—

226 4387 412 4442 milem
437 4386 488 4440 ei
515 4399 682 4454 quam
711 4384 906 4437 retinet
931 4380 1217 4434 Beatorum
1253 4392 1511 4439 suorum;
1543 4389 1650 4428 non
1691 4390 1786 4442 pro

1880 3199 2108 3254 subinde
2141 3197 2482 3260 relic-eamus,
2515 3211 2686 3263 neque
2709 3196 2774 3248 ad
2810 3211 2902 3248 cas
2929 3193 3278 3263 profert-udas
3306 3197 3446 3250 invi-

1878 3300 1964 3344 tos
1985 3287 2110 3340 velit
2131 3301 2322 3354 cogere
2344 3287 2633 3353 quisquam
2657 3305 2668 3338 :
2697 3303 2783 3349 ne,
2806 3295 2991 3355 postea
3014 3303 3178 3354 quam
3206 3305 3300 3340 cas
3323 3304 3448 3354 pro-

1881 3378 2183 3440 tulerimus,
2225 3390 2348 3428 sero
2379 3377 2632 3443 pmnitcat
2667 3356 3097 3443 importunitatis
3130 3378 3268 3430 male
3311 3394 3444 3432 con-

1880 3469 2052 3531 sultae,
2116 3465 2348 3534 velitque
2397 3481 2518 3518 eam
2579 3465 2933 3532 quaestionem
2997 3482 3272 3534 nunquam
3326 3483 3448 3520 mo-

1882 3570 1991 3614 tam
2013 3567 2200 3613 contra
2225 3572 2323 3614 nos
2342 3556 2530 3609 fuisse.
2564 3553 2741 3609 Unum
2776 3557 3093 3619 addiderim,
3117 3558 3452 3624 quod,liisoe
3491 3612 3509 3636 χ

1877 3652 1990 3719 jam
2019 3649 2084 3702 ad
2111 3648 2332 3716 pra-lum
2356 3647 2662 3714 postulatis,
2688 3661 2838 3698 vcnei
2852 3646 2892 3698 it
2908 3647 3133 3713 cpistola
3158 3647 3311 3700 Dom.
3328 3646 3451 3699 Pla-

1882 3739 1984 3794 cidi
2009 3737 2176 3791 Poltri
2210 3735 2660 3798 Vallumbrosani,
2691 3734 2874 3787 nescio
2911 3735 3037 3803 quid
3078 3750 3228 3787 nova:
3259 3737 3454 3804 proba-

1885 3828 2048 3882 tionis
2071 3828 2352 3896 pollicens.
2385 3827 2527 3894 quod
2555 3825 2782 3886 libenter
2806 3825 2859 3877 in
2882 3824 3191 3892 Appendice
3214 3825 3455 3891 post'l‘o-

1886 3935 2034 3973 mum
2060 3919 2089 3969 7
2119 3917 2293 3971 danda
2321 3915 2642 3982 expendam,
2688 3921 2741 3965 et
2766 3922 3032 3980 quatenus
3073 3922 3259 3981 potero
3289 3914 3452 3968 etiam

1886 4023 2128 4076 sequar:
2175 4005 2400 4074 proinde
2447 4004 2590 4056 dicta
2639 4004 2896 4056 hactenus
2944 4003 3280 4070 accipiantur
3315 4006 3450 4057 citra

1887 4096 2256 4165 priejudicium
2321 4093 2636 4154 sententi-te,
2707 4093 2996 4160 aliquando
3058 4092 3220 4145 forte
3261 4094 3457 4147 melius

1887 4204 2050 4258 quam
2089 4201 2232 4240 nunc
2263 4198 2431 4250 usque
2457 4182 2527 4235 sit
2554 4180 2777 4244 factum,
2805 4181 3236 4247 conzprobaudze.

1893 4300 1919 4368 §
1967 4297 2035 4364 IV.
2096 4295 2326 4349 Stemma
2370 4291 2552 4368 Sancti
2595 4289 3026 4368 _(.‘e_nenlog‘irnm,
3058 4289 3268 4357 ejusque
3311 4291 3458 4342 ordi-

2403 4363 2548 4414 natio
2584 4358 2940 4428 Episcopulis.

228 4477 379 4533 cultu
427 4421 754 4537 sanctitatis,
801 4471 894 4526 sed
942 4485 1040 4540 pro
1099 4468 1360 4537 obsequio
1411 4465 1788 4536 gratitudinis;
1825 4469 1864 4520 D
1962 4458 2049 4510 33.
2094 4454 2372 4524 Superiori
2416 4451 2762 4520 Paragrapho
2797 4466 2937 4517 Sirpc
2962 4448 3094 4501 mihi
3125 4456 3460 4506 memoratus

284 4549 304 4560 ⁸
1059 4556 1070 4560 -
1173 4559 1178 4560 γ
1310 4557 1321 4560 -
1484 4556 1493 4560 μ
1894 4547 1933 4560 η
2154 4547 2185 4560 ,.
2316 4545 2362 4560 Α,
2387 4545 2399 4560 ι
2432 4559 2437 4560 7
2501 4542 2539 4560 η
2577 4552 2587 4560 .
2614 4558 2646 4560 Α
2669 4541 2805 4560 ἡᾼςῌ-
2860 4539 2915 4560 ..Α
2949 4553 3044 4560 ---Α
3077 4537 3272 4560 ιὶ--η-ΚΛ
3298 4538 3459 4560 ...ζ-.-η’

229 4556 513 4640 propterea
525 4565 672 4634 quod
698 4563 908 4633 primus
935 4561 1020 4614 ille
1050 4556 1209 4613 fuerit
1233 4557 1324 4626 qui
1373 4556 1580 4610 noviter
1609 4564 1789 4608 natam

227 4646 685 4726 (ἒοέιέεειιὶυιεω
721 4650 1046 4721 Apostolicis
1083 4645 1382 4712 privilegiis
1417 4645 1788 4698 communivit.

231 4747 340 4802 Sed
361 4747 503 4802 hanc
531 4743 696 4814 piam,
721 4740 899 4810 inquit
921 4739 1026 4803 ille,
1055 4745 1108 4792 et
1132 4737 1414 4792 honestam
1441 4734 1792 4789 consuetudi-

230 4837 416 4896 dinem
437 4850 547 4889 non
571 4832 705 4887 satis
729 4830 1000 4901 cognitam
1017 4828 1272 4883 habentes
1286 4834 1664 4880 extraneorum
1696 4825 1795 4877 aii-

231 4927 350 4998 qui,
375 4924 511 4982 vitio
533 4922 692 4977 nobis
726 4919 1125 4989 inconsiderate
1165 4923 1409 4978 vertunt;
1442 4915 1795 4994 attribuentes

233 5015 412 5086 ipsum
456 5010 727 5068 desiderio
761 5008 1052 5064 immedieo
1089 5005 1315 5077 augendi
1351 5021 1633 5060 numerum
1675 5007 1796 5056 illu-

235 5105 434 5162 m
482 5102 617 5175 apud
671 5114 773 5156 nos
821 5112 1195 5168 personarum.
1248 5116 1265 5147 ι
1306 5095 1446 5149 Bene
1488 5095 1561 5148 sit
1604 5096 1798 5148 animze

239 5189 551 5262 δαῆναι-Β,
579 5185 954 5243 candidissimi
985 5183 1145 5238 simul
1177 5191 1231 5238 et
1263 5179 1666 5244 discretissimi;
1703 5181 1798 5247 qui

239 5281 386 5338 diu
405 5280 783 5352 “ndicium
817 5275 1077 5340 veritatis,
1103 5273 1259 5329 scivit
1293 5281 1524 5330 mentem
1559 5267 1798 5335 Ordinis,

239 5369 635 5444 Wet
665 5367 942 5424 Victorem
969 5363 1285 5433 appellantis
1314 5378 1465 5428 suos,
1504 5361 1583 5416 sic
1626 5361 1798 5428 expli-

243 5473 389 5529 ειη,
405 5469 470 5520 ιι
484 5475 606 5530 eam
623 5472 728 5514 nec
746 5456 973 5513 ulterius
990 5453 1200 5508 extendi
1213 5469 1308 5522 per
1327 5449 1680 5523 ignorantiam
1706 5464 1802 5517 pa-

245 5549 430 5615 ὣιπῒ,
445 5555 551 5608 ιω
583 5549 710 5605 aliis
731 5545 1109 5616 obligationem
1132 5542 1348 5598 inducat
1366 5537 1800 5595 Vallumbrosani

249 5637 707 5698 Μήδωνι
735 5633 1062 5707 ριιτίὺιιειιὰἰ
1091 5632 1154 5686 iis
1182 5628 1353 5702 (πυός.
1372 5632 1500 5701 quia
1529 5635 1803 5682 consuetae

249 5725 603 5790 Mlti!
627 5724 851 5781 vinculo
861 5723 969 5792 ipsi
986 5736 1090 5783 non
1113 5720 1276 5776 fuisse
1291 5721 1582 5786 adstrictos
1603 5717 1802 5786 sciunt,

1894 4547 2267 4623 Reverendiss.
2302 4545 2482 4597 Abbas
2501 4541 2828 4602 Petraccius,
2854 4539 2919 4591 de
2949 4553 3048 4591 suo
3077 4537 3275 4590 Ordine
3297 4538 3462 4592 simul

1893 4654 1956 4693 ac
1984 4635 2317 4704 S.Gregorio
2339 4649 2445 4686 non
2468 4633 2644 4685 solum
2665 4629 2857 4681 mereri
2886 4628 3020 4681 bene
3051 4627 3277 4689 studuit,
3313 4629 3462 4694 quod

1892 4728 2158 4796 explicato
2175 4726 2287 4792 jam
2311 4737 2472 4775 sensu
2505 4721 2678 4788 ipsum
2702 4719 2825 4772 huic
2851 4718 3153 4770 innexuerit
3182 4731 3276 4784 per
3306 4717 3461 4770 addi-

1893 4819 2070 4870 tiones
2083 4813 2262 4898 Enetos
2293 4812 2357 4866 ad
2395 4811 2652 4864 Romamn
2682 4809 2935 4862 Ecclesize
2961 4807 3234 4874 Martyrol.
3261 4813 3314 4856 ct
3348 4820 3464 4859 sure

1893 4894 2214 4972 Congregat.
2247 4901 2481 4954 Breviar.
2522 4901 2730 4956 favente
2755 4898 2857 4951 sibi
2887 4898 2939 4947 in
2985 4896 3070 4946 his
3109 4894 3384 4957 omnibus,
3412 4905 3468 4947 et

1895 4993 2230 5048 ditiicullates
2299 5006 2524 5059 magnas
2581 5000 2833 5054 superare
2900 4983 3127 5036 faciente
3193 4983 3464 5038 Cardinali

1897 5085 2043 5138 Bona
2072 5123 2088 5146 ,
2126 5084 2284 5150 cujus
2309 5081 2513 5148 judicio
2543 5093 2652 5130 rem
2678 5074 3023 5126 commiserat
3052 5087 3204 5126 sacra
3241 5071 3464 5124 [lituum

1895 5172 2281 5242 Congregatio;
2309 5169 2401 5221 sed
2448 5182 2637 5220 omnes
2659 5165 2823 5218 etiam
2866 5161 3064 5229 ingenii
3100 5169 3258 5227 atque
3300 5161 3465 5213 studii

1899 5263 1982 5317 sui
2018 5257 2477 5320 nervo‘sintendit,
2512 5266 2569 5309 ut
2599 5262 2933 5312 sanctorum,
2967 5248 3121 5301 novis
3156 5248 3357 5301 Ofﬁciis
3397 5250 3466 5302 ad

1899 5352 2071 5419 ipsius
2102 5348 2413 5403 instantiam
2442 5348 2788 5403 donatorum,
2814 5353 2982 5408 genus
3019 5353 3180 5404 quam
3221 5338 3465 5390 clarissi-

1899 5455 2055 5494 mum
2079 5438 2244 5496 fuisse
2276 5437 2612 5496 ostenderet;
2646 5433 2900 5499 ipsosque
2944 5429 3080 5480 inter
3106 5441 3162 5478 se
3215 5440 3321 5477 nou
3349 5425 3463 5490 spi-

1901 5530 2078 5585 rituali
2108 5529 2278 5595 magis
2318 5524 2559 5594 profectu
2591 5520 2814 5583 similes,
2841 5532 3002 5587 quam
3048 5513 3296 5582 prosapia
3342 5527 3464 5564 car-

1903 5620 2011 5673 nali
2081 5617 2418 5683 conjunctos.
2495 5613 2778 5666 Scrutatus
2833 5620 2959 5673 ergo
3001 5602 3231 5655 latebras
3286 5598 3464 5650 archi-

1902 5713 2136 5765 viorum.
2197 5713 2422 5758 stemma
2461 5699 2773 5756 earumdem
2817 5691 3215 5765 genealogicum
3260 5688 3424 5742 texuit
3454 5718 3471 5728 -
