3902 6378
542 448 611 502 55

1709 426 1765 482 s.
1803 424 2193 511 censemus
2232 420 2317 475 vn
2352 417 2579 471 pars-

3632 388 3635 391 ‘
3679 419 3785 477 se

542 554 689 627 quod
724 527 787 608 ἱιί
808 554 1078 609 δυξαιοοο
1437 544 1651 599 obnixis
1674 559 1704 597 a
1728 558 1815 601 me
1845 542 2097 611 precibus
2124 544 2331 602 Amen.
2352 539 2409 592 in
2431 537 2708 627 baptismo
2723 537 2923 627 intulit.
2960 534 3063 589 Sed
3086 552 3285 627 novum
3315 553 3424 592 non
3449 544 3538 591 est
3557 550 3627 591 ea
3655 548 3745 588 no
3763 564 3783 576 -

543 645 769 715 ποθεινὴ,
798 642 1117 697 Florentinze
1139 637 1434 700 nobilitatis
1454 634 1656 704 judicia
1685 633 1968 702 explorare
1997 647 2096 685 cu-

545 728 693 805 piens
714 735 770 799 in
838 740 1025 786 nostro
1067 744 1228 799 opere
1256 769 1273 793 ,
1331 726 1547 781 interim
1604 724 1734 778 dum
1782 736 1941 777 suum
1987 720 2095 774 luci

542 834 698 894 parat
734 830 1042 887 tractatum,
1071 821 1135 873 in
1172 832 1282 888 quo
1306 815 1580 886 productis
1603 822 1845 870 veterum
1888 811 2093 864 instru—

543 923 846 967 mentorum
897 911 1095 965 tabulis
1150 907 1531 975 eomprobetur
1584 905 1784 962 veritas
1831 904 2094 973 graduum
2134 968 2139 971 ν

543 1004 895 1074 singulorum,
919 1000 1095 1070 quoad
1122 997 1437 1051 adinitatum
1469 1010 1640 1049 nexus
1681 1004 1735 1049 et
1766 994 2094 1063 consangui-

542 1093 725 1146 nitatis
765 1104 1101 1160 progressus.
1148 1085 1266 1141 Non
1307 1094 1423 1139 erat
1458 1086 1615 1139 nobis
1640 1094 1750 1140 tam
1786 1088 2092 1157 prepinqua

542 1183 705 1251 praalo
755 1181 870 1235 dies
917 1179 988 1233 25
1034 1177 1201 1241 Maii,
1240 1191 1406 1245 quam
1444 1175 1547 1228 sibi
1586 1176 1947 1243 persuadebat
1991 1178 2093 1231 ista

543 1267 784 1327 scribens
807 1268 1133 1331 Petraecius,
1161 1267 1381 1320 vixdum
1409 1265 1661 1318 inchoata
1695 1266 1853 1320 annis
1873 1267 1943 1321 ab
1967 1267 2095 1323 hinc

546 1362 630 1415 l0.
674 1359 1024 1429 impressione
1057 1356 1216 1427 primi
1252 1355 1439 1420 Tomi;
1468 1354 1581 1421 sed,
1624 1356 1943 1426 priusquam
1986 1359 2094 1412 huc

544 1451 813 1505 veniretur
840 1448 1051 1519 abunde
1078 1444 1179 1499 fuit
1205 1445 1480 1514 temporis,
1509 1445 1681 1511 utille
1700 1462 1861 1499 suum
1879 1447 2091 1503 interim

546 1549 830 1595 tractatum
860 1539 1058 1593 ederet.
1099 1536 1214 1590 Hoc
1245 1543 1427 1589 autem
1470 1550 1593 1589 cum
1634 1551 1741 1588 non
1791 1535 2006 1605 fecerit;
2040 1550 2095 1594 et

542 1632 735 1687 eruditi
750 1628 1033 1683 Florentiae
1050 1627 1173 1694 viri,
1187 1626 1507 1696 quibuscum
1521 1625 1737 1680 schema
1778 1629 2092 1696 przedictum

543 1720 957 1783 communicavi,
985 1714 1389 1788 responderent,
1412 1716 1534 1785 plus
1554 1730 1620 1769 eo
1648 1716 1750 1771 sibi
1776 1718 1946 1772 videri
1976 1723 2093 1803 pol-

543 1811 747 1866 licitum
775 1794 1063 1863 Auctorem
1104 1822 1268 1879 quam
1299 1806 1470 1861 solide
1498 1805 1671 1875 possit
1698 1794 2087 1879 comprobare;

542 1917 643 1956 nec
661 1917 760 1971 ego
779 1899 1085 1955 consultum
1105 1905 1256 1968 puto,
1279 1898 1457 1979 locum
1485 1896 1535 1949 ei
1554 1896 1684 1950 dare
1705 1896 1760 1950 in
1787 1912 1951 1967 opere
1991 1914 2093 1955 nt.-

543 1999 679 2057 stro,
732 2000 786 2045 et
824 1996 1071 2059 sumptus
1102 1988 1279 2042 facere
1320 1987 1373 2041 in
1401 1986 1711 2041 caelaturam
1740 1989 2117 2067 genealogicm.

543 2080 773 2145 arboris,
800 2095 993 2149 parum
1026 2078 1195 2132 ﬁrmis
1227 2075 1411 2131 forsan
1434 2072 1706 2132 radicibus
1741 2078 1900 2155 nixae.
1998 2128 2001 2131 λ

614 2171 701 2225 56.
739 2170 923 2225 Liceat
950 2176 1127 2224 tamen
1164 2168 1330 2223 verbo
1362 2168 1600 2222 indicare
1630 2176 1907 2236 prtetensa:
1927 2186 1959 2225 a
1990 2171 2095 2228 Pe-

542 2261 745 2315 traccio
797 2258 1135 2327 Cenealogiae
1189 2258 1405 2312 seriem.
1474 2256 1763 2311 Przesumit
1807 2254 1899 2313 ille
1933 2260 2098 2317 Aldo—

544 2350 899 2404 brandescam
928 2356 1157 2418 gentem,
1184 2348 1238 2401 in
1263 2345 1514 2400 Hetruria
1536 2347 1789 2414 nobilem,
1813 2357 1935 2418 qua:
1952 2366 2100 2406 nunc

544 2441 809 2495 nominari
849 2439 1025 2505 desiit,
1055 2437 1425 2493 deﬁcientibus
1467 2437 1744 2504 masculis,
1782 2440 2099 2497 mulieribus

545 2538 721 2584 autem
750 2531 804 2583 in
841 2528 1095 2583 Ursinam
1122 2536 1175 2583 et
1220 2526 1487 2582 Sforziam
1520 2525 1755 2581 familias
1784 2528 2097 2586 innubenti—

544 2620 761 2681 bus,'ex
805 2618 1144 2689 Carolingico
1189 2617 1523 2671 Francorum
1570 2616 1776 2686 Regum
1814 2626 2099 2678 stemmate

547 2706 791 2774 fluxisse;
818 2708 874 2761 in
902 2708 1195 2775 eademque
1216 2706 1387 2760 Domo
1416 2704 1671 2775 frequens
1694 2721 1892 2762 nomen
1918 2708 2101 2765 Hilde-

547 2799 895 2864 brandorum,
927 2798 1154 2867 indeque
1177 2812 1242 2851 eo
1266 2796 1448 2852 seculo
1477 2810 1586 2865 quo
1613 2808 1970 2867 cognomenta
2007 2800 2101 2853 ﬁr-

546 2889 683 2944 mari
716 2890 769 2942 in
786 2888 1011 2963 familiis
1031 2888 1385 2943 nobilioribus
1407 2894 1705 2955 cmperunt,
1746 2905 1767 2938 ι
1794 2888 2100 2944 Aldobran-

486 2986 500 2999 ’
546 2978 861 3033 descorum»
895 2992 1193 3047 cognomen
1213 2976 1399 3031 natum
1432 2996 1445 3030 :
1475 2991 1573 3046 pro
1601 2992 1744 3031 anno
1764 2986 1943 3032 autem
1973 2979 2096 3035 948.

547 3068 795 3135 producit
812 3068 1100 3135 quemdam
1121 3066 1560 3133 Hildebrandum,
1576 3066 1883 3123 Theuzonis
1906 3070 2097 3138 lilium,

2126 1852 2179 1907 Β.

2194 630 2361 694 mina,
2390 642 2512 698 qua:
2535 625 2874 695 Principibus
2898 625 3187 680 familiaria
3215 635 3360 693 sunt,
3381 627 3786 682 intereomm-

2158 748 2164 761 ι
2193 719 2316 771 dem
2340 717 2604 782 subditos,
2633 716 2980 785 quantumvis
3004 715 3284 784 ignobiles,
3314 715 3656 786 frequentari
3679 716 3786 771 in-

2194 808 2331 860 tuitu
2359 822 2582 861 suorum
2605 804 2978 871 Dominorum,
3000 814 3093 859 aut
3126 806 3229 861 alia
3264 822 3330 861 ex
3351 823 3538 863 causa.
3640 838 3645 842 ο

2262 905 2353 960 57.
2390 904 2692 959 Cardinalis
2718 902 3003 969 Baronius,
3028 904 3095 958 ad
3124 920 3327 960 annum
3356 906 3516 961 l075.
3555 923 3619 962 ιι.
3670 906 3778 963 15.

2192 994 2258 1049 de
2281 992 2642 1049 Hildebrando
2681 993 2795 1063 jam
2836 994 3005 1047 electo
3038 992 3295 1049 Pontiﬁce
3338 1005 3585 1063 acturus,
3633 1011 3783 1052 cum

2192 1085 2416 1139 dixisset
2429 1084 2574 1153 quod
2614 1102 2632 1133 ι
2657 1083 2747 1137 alii
2770 1082 3122 1149 Soanensem,
3146 1085 3238 1138 alii
3261 1084 3555 1147 Senensetn
3582 1088 3786 1147 fuisse

2193 1174 2453 1228 tradunt»
2506 1174 2759 1243 (quorum
2797 1174 3063 1228 sententia
3103 1174 3261 1231 facile
3292 1178 3610 1234 conciliabit
3632 1196 3784 1236 cum

2193 1272 2412 1317 auctore
2442 1262 2726 1317 Fastorum
2775 1262 3113 1329 Senensium,
3155 1266 3249 1334 qui
3284 1266 3512 1324 Senensi
3546 1271 3787 1327 ditionc

2194 1351 2430 1407 Soanam
2456 1353 2717 1407 contineri
2739 1352 3039 1423 intelliget),
3076 1372 3094 1404 ι
3133 1355 3325 1411 humili
3352 1358 3471 1414 loco
3494 1356 3704 1416 natum
3754 1380 3779 1413 ι

2192 1443 2406 1508 asserit,
2437 1452 2660 1513 parente
2709 1442 2905 1497 fabro:
2952 1445 3096 1512 quod
3155 1446 3480 1515 ignominiaa,
3526 1450 3729 1521 inquit
3761 1491 3784 1519 ,

2188 1519 2358 1587 causa
2402 1534 2739 1587 adversarios
2781 1533 2832 1587 ei
2852 1532 3131 1601 "objeeisse
3181 1538 3573 1606 comperimus;
3635 1555 3781 1595 cum

2192 1637 2255 1677 ex
2270 1623 2369 1677 hac
2389 1630 2540 1692 parte
2555 1622 2728 1692 magis
2747 1621 3049 1678 laudandus
3068 1633 3231 1692 esset,
3255 1628 3399 1695 quod
3418 1628 3784 1686 evidentiam

2193 1711 2248 1765 in
2272 1725 2339 1766 eo
2360 1727 2429 1766 ex
2449 1712 2535 1766 his
2561 1712 2930 1769 elucescerent
2954 1714 3068 1770 veri
3094 1714 3443 1783 Apostolatus
3462 1719 3659 1788 signa;
3696 1718 3787 1774 si-

2191 1800 2407 1870 quidem
2416 1800 2707 1870 Apostolus
2723 1804 2869 1859 dieat
2882 1824 2896 1860 :
2922 1825 2941 1858 ι
2952 1805 3137 1861 Videte
3146 1806 3292 1859 enim
3306 1807 3656 1863 vocationem
3669 1825 3781 1863 ve-

2195 1899 2393 1956 stram,
2427 1890 2663 1960 Fratres,
2693 1895 2951 1963 quoniam
2992 1911 3102 1950 non
3122 1896 3277 1949 multi
3314 1904 3591 1965 potentes,
3653 1915 3779 1966 non

2194 1980 2348 2034 multi
2368 1981 2604 2048 nobiles;
2628 1984 2854 2056 sedqua:
2874 1986 3036 2040 stulta
3060 1994 3186 2040 sunt
3210 1986 3396 2041 mundi
3416 1987 3580 2059 elegit
3592 1987 3777 2055 Deus,

2194 2077 2255 2124 ut
2276 2068 2569 2126 confundat
2588 2070 2767 2140 fortia,
2781 2081 2837 2129 et
2847 2074 3097 2144 ignobilia
3110 2076 3294 2130 mundi
3308 2078 3780 2155 etcontemptibi-

2194 2160 2266 2213 lia
2277 2160 2436 2231 elegit
2456 2159 2597 2217 Deus
2611 2171 2666 2217 et
2692 2178 2757 2219 ea
2777 2180 2898 2233 quae
2918 2181 3024 2220 non
3047 2174 3192 2232 sunt,
3215 2170 3355 2222 utea
3381 2183 3504 2238 quae
3519 2178 3661 2224 sunt
3682 2171 3783 2225 dc-

2196 2260 2447 2317 strueret;
2464 2260 2524 2304 ut
2532 2268 2641 2306 non
2654 2254 3100 2325 glorietur'omnis
3112 2271 3241 2311 caro
3256 2257 3311 2312 in
3324 2268 3626 2328 eonpsectu
3637 2261 3777 2331 ejus

2198 2337 2253 2410 (1
2286 2336 2407 2394 Cor.
2433 2340 2803 2413 xxvl,27,28).
2835 2363 2855 2395 ι
2891 2343 3013 2399 Haec
3034 2345 3355 2415 Apostolus;
3386 2363 3513 2402 cum
3545 2350 3779 2419 aliquot

2197 2430 2426 2501 superbe
2446 2432 2608 2487 nimis
2638 2445 2857 2502 respuat
2885 2435 3155 2492 humanus
3180 2435 3354 2492 fastus
3376 2439 3527 2492 illum
3555 2441 3778 2494 natalis

2198 2519 2432 2587 titulum,
2475 2537 2584 2591 quo
2618 2522 2759 2587 Deus
2784 2523 2977 2579 Filium
3008 2530 3184 2580 suum
3225 2542 3441 2582 omnem
3476 2529 3795 2599 hominem,

2197 2608 2400 2665 factum
2419 2613 2588 2667 voluit
2614 2614 2891 2685 insignire,
2917 2623 2975 2669 ut
3003 2615 3139 2671 fabri
3162 2617 3304 2673 filius
3325 2619 3619 2675 diceretur.
3646 2622 3775 2676 Ad-

2197 2700 2334 2755 dunt
2358 2716 2485 2754 vero
2510 2703 2611 2756 ista
2629 2705 2694 2757 de
2720 2704 2860 2759 fabri
2898 2706 3027 2772 ﬁlio,
3054 2709 3219 2777 quod,
3243 2725 3365 2763 cum
3392 2726 3525 2779 puer
3545 2712 3776 2769 luderet

2199 2790 2264 2843 ad
2295 2790 2457 2859 pedes
2478 2791 2669 2859 patris,
2709 2793 2853 2862 ligna
2885 2795 3150 2863 dolantis;
3199 2814 3264 2853 ex
3299 2800 3645 2869 rejectaneis.
3673 2818 3773 2858 se—

2200 2880 2448 2949 gmentis,
2470 2896 2593 2935 cum
2606 2882 2836 2937 nesciret
2856 2884 3080 2950 litteras,
3096 2902 3227 2942 casu
3239 2890 3501 2945 elementa
3524 2892 3619 2945 illa
3643 2891 3773 2948 for-

2200 2971 2363 3023 marit
2409 2970 2608 3041 quibus
2636 2972 2797 3026 simul
2821 2975 3127 3043 conjunctis
3154 2977 3283 3033 illud
3320 2976 3643 3037 Davidicum
3666 3000 3775 3039 cx-

2199 3060 2525 3129 primeretur
2543 3063 2855 3118 oraculum:
2886 3063 3304 3123 Dominabitura
3325 3072 3463 3125 mari
3488 3056 3673 3141 usque
3700 3076 3773 3129 ad

548 3158 642 3224 qui
662 3155 858 3210 Comes
892 3154 1187 3209 Soanensis
1224 3155 1386 3209 simul
1416 3164 1471 3209 et
1493 3152 1705 3210 Tusciae
1725 3156 1985 3223 Harchio,
2012 3175 2103 3227 ge-
2128 3163 2170 3220 ε
2201 3166 2351 3204 mare
2386 3151 2508 3221 (P8.
2558 3168 2727 3218 LXXII,
2770 3153 2872 3222 8);
2920 3170 3029 3224 quo
3069 3158 3479 3227 signiﬁCaretur,
3530 3178 3769 3221 manum

547 3246 728 3311 nuerit
746 3244 961 3311 Villam,
985 3252 1211 3299 matrem
1228 3244 1284 3299 S.
1313 3245 1539 3301 Joannis
1560 3246 1835 3301 Gualberti
1858 3246 2100 3302 Vallum-

546 3338 906 3391 brosanorum
946 3334 1305 3401 Fundatoris;
1339 3343 1395 3389 et
1432 3335 1781 3405 Bonizonem,
1808 3352 1951 3391 anno
1973 3338 2094 3394 979.

546 3426 813 3481 Comitem
859 3425 1261 3495 Pitalieiensem.
1292 3440 1357 3479 ac
1404 3424 1757 3492 Soanensem,
1797 3435 2000 3495 patrem
2038 3426 2094 3485 S.

548 3516 792 3586 Gregorii
820 3514 978 3585 Papa:
1004 3514 1114 3580 Vll,
1145 3516 1279 3569 adeo
1308 3522 1379 3569 ut,
1399 3515 1710 3568 consobrini
1735 3517 1874 3569 inter
1894 3516 2102 3571 fuerint

550 3608 722 3662 sancti
741 3606 885 3659 illius
913 3607 1043 3668 duo,
1071 3604 1253 3657 Abbas
1275 3612 1330 3656 et
1347 3602 1615 3656 Pontifex.
1636 3603 1712 3655 Ex
1728 3605 1915 3657 eodem
1936 3621 2100 3673 porro

549 3696 821 3751 Bonizone
845 3692 1152 3747 Petraccius
1178 3690 1307 3746 facit
1336 3692 1487 3745 nasci
1514 3690 1871 3758 Desiderium,
1912 3694 2099 3747 Comi-

548 3796 658 3841 tem
694 3785 1042 3847 Soanensem,
1066 3799 1097 3836 a
1116 3796 1225 3851 quo
1249 3783 1461 3851 genitus
1488 3782 1559 3836 sit
1586 3781 1776 3835 Petrus
1816 3782 2007 3852 lgneus
2034 3800 2099 3838 ex

551 3875 749 3931 Ordine
802 3873 1249 3927 Vallumbrosano
1291 3873 1614 3937 Cardinalis,
1666 3872 1953 3928 defunctus
1998 3890 2098 3927 an-

553 3980 626 4019 no
656 3964 811 4016 l078.
836 3963 928 4034 die
950 3964 983 4015 8
1007 3963 1314 4026 Februarii;
1356 3972 1411 4016 et
1452 3964 1815 4029 Aldobranda,
1850 3973 2023 4017 mater
2040 3965 2096 4018 S.

554 4052 918 4118 Bernardi,'ex
952 4052 1140 4105 eodem
1165 4050 1366 4105 Ordine
1412 4052 1663 4121 Epise0pi
1704 4051 2015 4106 Parmensis
2047 4063 2102 4107 et

549 4144 870 4208 Cardinalis,
902 4142 1142 4197 defuncti
1182 4156 1325 4194 anno
1364 4143 1517 4195 1155.
1565 4142 1651 4194 die
1690 4142 1741 4194 4.
1772 4141 2097 4197 Decembris.

551 4233 629 4288 Ita
673 4235 779 4287 ille.
809 4232 927 4286 Alia
974 4232 1166 4286 deinde
1203 4232 1493 4285 schematis
1546 4232 1787 4300 ejusdem
1833 4240 2003 4301 parte,
2042 4232 2097 4287 S.

554 4322 827 4377 Gualberti
849 4330 1131 4388 paternum
1170 4335 1341 4388 genus
1377 4323 1526 4375 ducit
1552 4338 1584 4374 a
1608 4322 1842 4390 quodam
1873 4322 2100 4379 Sehiava

553 4410 764 4463 Comite
800 4408 1216 4473 Vallis-Pesciaa,
1271 4426 1337 4462 ex
1361 4409 1839 4477 Langobardorum
1864 4412 2098 4483 Regibus

554 4507 707 4563 orto;
739 4498 994 4551 Bernardi
1016 4514 1145 4551 vero
1170 4496 1373 4563 Sancti,
1406 4514 1473 4551 ex
1498 4497 1739 4564 Ubertis;
1780 4478 1981 4555 familia
2014 4504 2103 4572 (ut
2134 4478 2177 4529 Ι)

558 4587 894 4643 Ricordanus
938 4587 1136 4656 aliique
1176 4586 1391 4655 volunt)
1438 4587 1505 4639 ab
1546 4588 1782 4656 antiquis
1847 4588 2105 4647 Romanis

556 4685 869 4747 propagata,
904 4677 1029 4731 licet
1072 4677 1351 4735 recentius~
1386 4690 1578 4731 nomen
1626 4678 1716 4742 sit,
1757 4686 1987 4733 tractum
2038 4683 2107 4735 ab

556 4766 757 4822 Uberto
806 4768 987 4836 aliquo
1030 4766 1265 4820 nominis
1290 4766 1409 4834 ejus
1440 4768 1635 4834 primo,
1670 4768 1764 4836 qui
1804 4769 1987 4824 seculo
2017 4770 2101 4825 10.

554 4859 765 4914 vixerit.
796 4856 966 4911 Penes
1004 4842 1305 4911 assertores
1342 4856 1586 4924 probatio
1614 4857 1685 4911 sit
1718 4858 1948 4913 istarum
1994 4869 2105 4916 tam

494 4936 505 4947 ’ν
556 4949 898 5017 antiquarum
944 4946 1210 5016 originum
1245 4964 1257 4998 :
1308 4934 1617 5000 Petraeciiis
1647 4946 1912 5002 incumbit
1938 4951 2107 5004 docu-

557 5045 734 5089 menta
779 5037 1036 5104 proferre,
1078 5038 1273 5105 quibus
1304 5035 1625 5090 Sanctorum
1662 5036 1888 5093 Joannis
1937 5039 2103 5094 Gual-

560 5124 695 5178 berti
712 5133 767 5178 et
784 5125 1024 5193 Gregorii
1049 5126 1158 5179 Vll.
1188 5127 1463 5194 processio
1488 5143 1517 5180 a
1544 5126 1842 5182 Comitihus
1859 5128 2103 5184 Soanen-

560 5214 730 5277 sibus,
764 5221 820 5265 et
850 5214 1099 5280 cognatio
1135 5222 1243 5266 tam
1272 5217 1591 5285 propinqua,
1622 5220 1934 5286 probentur.
1968 5219 2101 5274 Nam

559 5300 819 5370 quidquid
850 5299 921 5352 sit
948 5300 1013 5353 de
1039 5308 1227 5353 sancto
1262 5301 1486 5367 Ahbate,
1508 5322 1667 5372 quem
1713 5308 1879 5361 nobili
1909 5324 2105 5377 genere

435 5407 453 5415 σ
559 5398 745 5443 natum
776 5395 927 5441 extra
954 5391 1374 5444 mntroversiam
1394 5400 1509 5455 est;
1543 5394 1609 5447 de
1632 5394 1891 5450 Pontiﬁce
1914 5413 2105 5469 vereor

560 5487 619 5532 ut
651 5478 955 5532 Petraceius
991 5478 1135 5532 aliud
1184 5478 1587 5536 fundamentum
1628 5485 1893 5549 habuerit,
1925 5488 2102 5554 ipsum

560 5570 624 5621 ad
665 5568 1126 5622 Aldobrandeseos
1169 5572 1432 5638 trahendi,
1476 5589 1637 5641 quam
1690 5577 1815 5643 quia
1855 5576 1909 5628 hi
1935 5593 2102 5644 genus
2136 5638 2137 5641 η

563 5670 718 5707 suum
760 5657 1005 5711 referunt
1046 5661 1113 5713 ad
1165 5659 1551 5716 Hildebrandos
1609 5665 1799 5720 Soana:
1843 5667 2099 5735 Comites,

566 5742 753 5797 Soante
778 5754 956 5800 autem
998 5750 1085 5803 ille
1110 5759 1267 5805 natus
1303 5753 1516 5820 dicitur,
1543 5764 1594 5809 et
1626 5756 1966 5813 Hildebrandi
1998 5776 2099 5815 n0-

2198 3240 2352 3308 pueri
2383 3239 2636 3294 ductante
2666 3239 2917 3308 Numine,
2950 3245 3069 3313 ejus
3114 3246 3233 3301 fore
3271 3250 3673 3319 amplissimam
3713 3258 3770 3309 in

2197 3330 2401 3385 mundo
2446 3331 2840 3385 auctoritatem.
2885 3351 2904 3384 ι
2944 3332 3022 3389 Ita
3059 3334 3355 3405 Baronius,
3408 3341 3501 3395 sed
3543 3344 3770 3400 nullum

2196 3422 2516 3476 nominatim
2544 3421 2834 3476 Auctorem
2860 3425 2941 3479 vel
2984 3425 3038 3479 in
3076 3429 3317 3499 margine
3350 3431 3581 3487 laudans
3612 3452 3627 3489 :
3664 3451 3769 3491 ea-

2196 3510 2327 3565 dem.
2348 3526 2476 3566 vero
2496 3512 2553 3565 in
2576 3513 2897 3569 lectionibus
2918 3514 3089 3571 Oﬁicii
3111 3519 3313 3588 proprii
3336 3520 3417 3576 sic
3438 3535 3767 3593 narrantur,

2198 3608 2259 3653 ut
2290 3602 2502 3671 generis
2526 3602 2646 3669 ejus
2669 3602 2990 3671 ignobilitati
3014 3623 3123 3661 non
3157 3609 3537 3678 suﬁ'iagentur,
3561 3616 3772 3671 dicun-

2201 3698 2287 3743 tur
2307 3691 2452 3743 enim
2492 3691 2757 3756 evenisse,
2789 3710 2808 3742 ι
2837 3693 2971 3747 ‘cum
3006 3696 3261 3764 parvulus
3294 3700 3361 3752 ad
3395 3701 3556 3768 pedes
3593 3702 3764 3771 fabri,

2197 3780 2341 3850 ligna
2386 3780 2669 3853 edolentis,
2719 3781 2833 3850 jam
2868 3784 3168 3839 litterarum
3205 3787 3429 3855 inscius,
3466 3790 3710 3861 luderet,
3743 3816 3763 3847 ι

2198 3886 2306 3924 non
2345 3890 2362 3921 ι
2392 3872 2459 3925 ad
2490 3872 2651 3941 pedes
2672 3873 2840 3941 patris
2859 3873 2999 3930 fabri
3023 3895 3038 3943 ;
3078 3896 3097 3927 ι
3121 3862 3264 3945 (ιιιίιί
3282 3880 3463 3948 potius
3486 3883 3767 3941 nobilitati

2198 3962 2419 4015 minime
2456 3962 2663 4030 vulgari
2692 3961 2855 4029 favet,
2903 3967 3072 4035 quod,
3114 3967 3170 4019 in
3214 3967 3341 4023 Mss.
3385 3972 3587 4026 nostris
3630 3974 3767 4033 Vitis

2196 4049 2535 4115 Pontiﬁcum,
2564 4069 2582 4101 ι
2602 4049 2777 4120 Nepos
2798 4052 3041 4123 Gregorii
3070 4074 3088 4105 ι
3114 4055 3386 4125 Rusticus,
3417 4080 3434 4111 ι
3461 4060 3766 4121 Ριιωΐεοῑιιε

2201 4136 2413 4207 Septem
2440 4141 2611 4206 soliis,
2642 4160 2661 4191 ›
2690 4142 2759 4195 ad
2780 4142 2953 4197 instar
2982 4147 3114 4201 artis
3138 4150 3356 4205 munita:
3376 4153 3585 4220 domui,
3613 4171 3767 4212 eam-

2198 4230 2320 4283 dem
2348 4230 2583 4285 tenuisse
2625 4233 2835 4288 dicatur
2866 4246 3054 4291 contra
3090 4240 3423 4297 obsidentem
3466 4260 3591 4298 eam
3635 4254 3762 4302 ma—

2199 4316 2490 4391 chinisque,
2508 4324 2739 4379 admotis
2768 4328 3099 4394 quatientem
3132 4328 3422 4385 Henrieum
3457 4334 3765 4403 imperato—

2200 4426 2313 4465 rem
2345 4431 2356 4464 :
2384 4407 2689 4481 cujusmodi
2728 4416 2961 4469 oﬁicium
3004 4433 3112 4471 non
3154 4420 3366 4474 videtur
3396 4422 3607 4490 plebeio
3654 4428 3762 4483 ho-

2204 4502 2331 4553 mini
2366 4503 2803 4556 committendum
2819 4503 3004 4558 fuisse.
3030 4505 3203 4560 Taceo
3220 4508 3287 4562 de
3306 4508 3618 4569 «Avunculo
3644 4516 3761 4573 Ab-

2203 4590 2325 4642 bate
2348 4592 2662 4645 monasterii
2689 4591 2745 4643 S.
2772 4590 2953 4647 Maria:
2975 4594 3033 4646 in
3049 4594 3335 4664 Aventino,
3368 4618 3384 4649 ι
3414 4602 3479 4655 de
3499 4618 3613 4671 quo
3634 4594 3761 4661 Vita

2204 4696 2258 4732 n.
2285 4680 2347 4744 5;
2374 4681 2498 4733 licet
2529 4682 2674 4733 enim
2706 4682 2918 4749 generis
2945 4684 3196 4740 elarioris
3235 4690 3373 4743 ratio
3419 4707 3525 4744 non
3575 4710 3762 4763 parva:

2203 4769 2647 4822 considerationis
2671 4785 2881 4839 semper
2901 4770 3232 4829 fueritetiam
3253 4777 3307 4831 in
3330 4782 3760 4839 monastiearum

2202 4856 2643 4912 Prazfecturarum
2685 4860 2994 4928 collatione,
3055 4858 3236 4921 minus
3284 4854 3471 4922 tamen
3521 4871 3760 4929 inusita-

2202 4956 2319 5001 tum
2342 4956 2425 5001 est
2466 4948 2533 5003 ad
2583 4964 2675 5003 eas
2716 4953 2936 5020 provehi
2978 4955 3142 5008 etiam
3180 4956 3364 5011 inﬁmo
3408 4959 3530 5012 loco
3570 4972 3758 5030 natos,

2202 5052 2366 5106 quam
2400 5038 2563 5107 stirps
2595 5055 2703 5093 non
2727 5041 2930 5095 dederit
2948 5044 3268 5111 claritatem,
3293 5048 3556 5113 moribus,
3586 5055 3756 5108 meri-

2201 5129 2291 5194 tis,
2327 5138 2421 5183 aut
2441 5129 2632 5184 litteris
2666 5131 3087 5188 conferentibus.

2270 5229 2357 5283 58.
2382 5230 2427 5282 A
2464 5230 2638 5299 primo
2665 5231 2906 5301 Gregorii
2933 5234 2987 5287 in
3015 5235 3175 5289 terris
3202 5233 3395 5301 Natali,
3433 5246 3665 5308 transeo
3690 5245 3753 5300 ad

2200 5320 2425 5373 alterum
2458 5320 2777 5375 sanctiorem
2803 5323 2858 5374 in
2885 5324 3168 5389 Cathedra,
3198 5340 3357 5393 quem
3402 5344 3553 5385 more
3589 5333 3751 5398 insti—

2202 5418 2420 5478 tutoque
2444 5411 2699 5479 majorem
2723 5426 2899 5464 annue
2918 5427 3039 5464 eum
3068 5415 3362 5470 celebrasse
3394 5420 3751 5478 dubitandum

2199 5514 2309 5551 non
2330 5506 2431 5552 est.
2454 5499 2693 5552 Dubitari
2718 5508 2894 5552 tamen
2916 5510 3110 5569 potest,
3134 5518 3243 5571 quo
3263 5506 3348 5559 die
3369 5523 3491 5562 eum
3517 5510 3753 5567 celebra-

2199 5588 2362 5652 verit,
2400 5604 2466 5642 eo
2510 5590 2652 5656 quod
2682 5588 2998 5645 Lambertus
3049 5592 3563 5669 Schafnaburgensis
3604 5604 3751 5659 illius

2200 5674 2368 5741 ipsius
2412 5676 2666 5743 temporis
2692 5678 2953 5746 seriptor,
2982 5682 3046 5736 ad
3076 5699 3275 5739 annum
3306 5689 3432 5753 193,
3476 5698 3585 5759 quo
3637 5692 3745 5747 ele-

2199 5773 2317 5824 ctus
2340 5763 2581 5817 Pontifex
2605 5764 2891 5836 Gregorius
2912 5780 3020 5841 est,
3039 5774 3122 5843 die
3146 5776 3235 5846 (ut
3261 5792 3323 5832 ex
3344 5780 3556 5834 decu-t0
3584 5778 3748 5838 habe-
