  <div class='ocr_page' id='page_1' title='image "/cluster/home/n/w/nwhite01/storage/ocr_20150623/148/uva.x000829792/026.png"; bbox 0 0 3902 6338; ppageno 0'>
   <div class='ocr_carea' id='block_1_1' title="bbox 194 389 248 443">
    <p class='ocr_par' dir='ltr' id='par_1_1' title="bbox 194 389 248 443">
     <span class='ocr_line' id='line_1_1' title="bbox 194 389 248 443; baseline -0.019 0"><span class='ocrx_word' id='word_1_1' title='bbox 194 389 248 443; x_wconf 77' lang='lat'><strong>57</strong></span> 
     </span>
    </p>
   </div>
   <div class='ocr_carea' id='block_1_2' title="bbox 194 682 1732 755">
    <p class='ocr_par' dir='ltr' id='par_1_2' title="bbox 194 682 1732 755">
     <span class='ocr_line' id='line_1_2' title="bbox 194 682 1732 755; baseline -0.003 -15"><span class='ocrx_word' id='word_1_2' title='bbox 194 686 240 740; x_wconf 86' lang='lat' dir='ltr'><strong>in</strong></span> <span class='ocrx_word' id='word_1_3' title='bbox 271 682 627 755; x_wconf 85' lang='lat' dir='ltr'><strong>puriﬁcatione</strong></span> <span class='ocrx_word' id='word_1_4' title='bbox 669 682 728 737; x_wconf 90' lang='lat' dir='ltr'><strong>S.</strong></span> <span class='ocrx_word' id='word_1_5' title='bbox 757 683 977 750; x_wconf 70' lang='lat' dir='ltr'><strong>Mariae;</strong></span> <span class='ocrx_word' id='word_1_6' title='bbox 1008 703 1028 735; x_wconf 77' lang='grc' dir='ltr'><strong><em>ι</em></strong></span> <span class='ocrx_word' id='word_1_7' title='bbox 1073 700 1195 739; x_wconf 86' lang='lat' dir='ltr'><strong>cum</strong></span> <span class='ocrx_word' id='word_1_8' title='bbox 1217 683 1351 739; x_wconf 84' lang='lat' dir='ltr'><strong>Acta</strong></span> <span class='ocrx_word' id='word_1_9' title='bbox 1381 683 1732 738; x_wconf 72' lang='lat' dir='ltr'><strong>Pontiﬁcalia’</strong></span> 
     </span>
    </p>
   </div>
   <div class='ocr_carea' id='block_1_3' title="bbox 194 772 1716 846">
    <p class='ocr_par' dir='ltr' id='par_1_3' title="bbox 194 772 1716 846">
     <span class='ocr_line' id='line_1_3' title="bbox 194 772 1716 846; baseline -0.003 -16"><span class='ocrx_word' id='word_1_10' title='bbox 194 776 313 846; x_wconf 85' lang='lat' dir='ltr'><strong>apud</strong></span> <span class='ocrx_word' id='word_1_11' title='bbox 329 776 565 830; x_wconf 87' lang='lat' dir='ltr'><strong>Gentium</strong></span> <span class='ocrx_word' id='word_1_12' title='bbox 586 772 964 828; x_wconf 80' lang='lat' dir='ltr'><strong>Camerarium</strong></span> <span class='ocrx_word' id='word_1_13' title='bbox 982 782 1228 829; x_wconf 83' lang='lat' dir='ltr'><strong>asserunt</strong></span> <span class='ocrx_word' id='word_1_14' title='bbox 1249 775 1392 844; x_wconf 90' lang='lat' dir='ltr'><strong>quod</strong></span> <span class='ocrx_word' id='word_1_15' title='bbox 1414 794 1431 825; x_wconf 78' lang='grc' dir='ltr'>ι</span> <span class='ocrx_word' id='word_1_16' title='bbox 1445 773 1578 841; x_wconf 79' lang='lat' dir='ltr'><strong>Rex,</strong></span> <span class='ocrx_word' id='word_1_17' title='bbox 1591 789 1716 827; x_wconf 81' lang='lat' dir='ltr'><strong>mox</strong></span> 
     </span>
    </p>
   </div>
   <div class='ocr_carea' id='block_1_4' title="bbox 197 864 1716 935">
    <p class='ocr_par' dir='ltr' id='par_1_4' title="bbox 197 864 1716 935">
     <span class='ocr_line' id='line_1_4' title="bbox 197 864 1716 935; baseline -0.001 -15"><span class='ocrx_word' id='word_1_18' title='bbox 197 875 246 920; x_wconf 89' lang='lat' dir='ltr'><strong>ut</strong></span> <span class='ocrx_word' id='word_1_19' title='bbox 276 866 535 922; x_wconf 73' lang='lat' dir='ltr'><strong>electionis</strong></span> <span class='ocrx_word' id='word_1_20' title='bbox 571 864 859 920; x_wconf 75' lang='lat' dir='ltr'><strong>veritatem</strong></span> <span class='ocrx_word' id='word_1_21' title='bbox 898 866 1181 935; x_wconf 75' lang='lat' dir='ltr'><strong>cognovit,</strong></span> <span class='ocrx_word' id='word_1_22' title='bbox 1251 881 1536 922; x_wconf 86' lang='lat' dir='ltr'><strong>assensum</strong></span> <span class='ocrx_word' id='word_1_23' title='bbox 1575 880 1716 934; x_wconf 63' lang='lat' dir='ltr'><strong>prte-</strong></span> 
     </span>
    </p>
   </div>
   <div class='ocr_carea' id='block_1_5' title="bbox 194 954 1718 1028">
    <p class='ocr_par' dir='ltr' id='par_1_5' title="bbox 194 954 1718 1028">
     <span class='ocr_line' id='line_1_5' title="bbox 194 954 1718 1028; baseline -0.002 -17"><span class='ocrx_word' id='word_1_24' title='bbox 194 957 292 1011; x_wconf 84' lang='lat' dir='ltr'><strong>buit</strong></span> <span class='ocrx_word' id='word_1_25' title='bbox 306 999 320 1024; x_wconf 90' lang='lat'><strong>,</strong></span> <span class='ocrx_word' id='word_1_26' title='bbox 344 966 395 1013; x_wconf 90' lang='lat' dir='ltr'><strong>et</strong></span> <span class='ocrx_word' id='word_1_27' title='bbox 420 956 742 1028; x_wconf 76' lang='lat' dir='ltr'><strong>Gregorium</strong></span> <span class='ocrx_word' id='word_1_28' title='bbox 759 955 1153 1026; x_wconf 82' lang='lat' dir='ltr'><strong>Vercellensem</strong></span> <span class='ocrx_word' id='word_1_29' title='bbox 1173 955 1494 1027; x_wconf 87' lang='lat' dir='ltr'><strong>Episcopum</strong></span> <span class='ocrx_word' id='word_1_30' title='bbox 1514 998 1529 1024; x_wconf 96' lang='lat'><strong>,</strong></span> <span class='ocrx_word' id='word_1_31' title='bbox 1554 954 1718 1009; x_wconf 60' lang='lat' dir='ltr'><strong>italia:</strong></span> 
     </span>
    </p>
   </div>
   <div class='ocr_carea' id='block_1_6' title="bbox 195 1047 1716 1120">
    <p class='ocr_par' dir='ltr' id='par_1_6' title="bbox 195 1047 1716 1120">
     <span class='ocr_line' id='line_1_6' title="bbox 195 1047 1716 1120; baseline -0.003 -17"><span class='ocrx_word' id='word_1_32' title='bbox 195 1050 322 1120; x_wconf 80' lang='lat' dir='ltr'><strong>regni</strong></span> <span class='ocrx_word' id='word_1_33' title='bbox 348 1048 755 1114; x_wconf 83' lang='lat' dir='ltr'><strong>Cancellarium,</strong></span> <span class='ocrx_word' id='word_1_34' title='bbox 781 1048 850 1102; x_wconf 89' lang='lat' dir='ltr'><strong>ad</strong></span> <span class='ocrx_word' id='word_1_35' title='bbox 871 1047 1057 1101; x_wconf 80' lang='lat' dir='ltr'><strong>urbem</strong></span> <span class='ocrx_word' id='word_1_36' title='bbox 1093 1048 1412 1113; x_wconf 74' lang='lat' dir='ltr'><strong>transmisit,</strong></span> <span class='ocrx_word' id='word_1_37' title='bbox 1448 1054 1716 1116; x_wconf 83' lang='lat' dir='ltr'><strong>quatenus</strong></span> 
     </span>
    </p>
   </div>
   <div class='ocr_carea' id='block_1_7' title="bbox 195 1123 1717 1210">
    <p class='ocr_par' dir='ltr' id='par_1_7' title="bbox 195 1123 1717 1210">
     <span class='ocr_line' id='line_1_7' title="bbox 195 1123 1717 1210; baseline -0.004 -16"><span class='ocrx_word' id='word_1_38' title='bbox 195 1141 477 1198; x_wconf 79' lang='lat' dir='ltr'><strong>auctoritate</strong></span> <span class='ocrx_word' id='word_1_39' title='bbox 514 1141 663 1210; x_wconf 87' lang='lat' dir='ltr'><strong>regia</strong></span> <span class='ocrx_word' id='word_1_40' title='bbox 699 1139 1021 1194; x_wconf 90' lang='lat' dir='ltr'><strong>electionem</strong></span> <span class='ocrx_word' id='word_1_41' title='bbox 1063 1123 1234 1208; x_wconf 72' lang='lat' dir='ltr'><strong>ipSam</strong></span> <span class='ocrx_word' id='word_1_42' title='bbox 1253 1138 1632 1202; x_wconf 87' lang='lat' dir='ltr'><strong>conﬁrmaret,</strong></span> <span class='ocrx_word' id='word_1_43' title='bbox 1662 1143 1717 1189; x_wconf 88' lang='lat' dir='ltr'><strong>et</strong></span> 
     </span>
    </p>
   </div>
   <div class='ocr_carea' id='block_1_8' title="bbox 196 1226 1716 1300">
    <p class='ocr_par' dir='ltr' id='par_1_8' title="bbox 196 1226 1716 1300">
     <span class='ocr_line' id='line_1_8' title="bbox 196 1226 1716 1300; baseline -0.005 -14"><span class='ocrx_word' id='word_1_44' title='bbox 196 1229 551 1289; x_wconf 85' lang='lat' dir='ltr'><strong>consecrationi</strong></span> <span class='ocrx_word' id='word_1_45' title='bbox 581 1230 703 1300; x_wconf 82' lang='lat' dir='ltr'><strong>ejus</strong></span> <span class='ocrx_word' id='word_1_46' title='bbox 729 1228 990 1284; x_wconf 84' lang='lat' dir='ltr'><strong>interesse</strong></span> <span class='ocrx_word' id='word_1_47' title='bbox 1014 1229 1288 1285; x_wconf 85' lang='lat' dir='ltr'><strong>studeret:</strong></span> <span class='ocrx_word' id='word_1_48' title='bbox 1327 1227 1472 1298; x_wconf 88' lang='lat' dir='ltr'><strong>quod</strong></span> <span class='ocrx_word' id='word_1_49' title='bbox 1493 1227 1610 1284; x_wconf 89' lang='lat' dir='ltr'><strong>sine</strong></span> <span class='ocrx_word' id='word_1_50' title='bbox 1634 1226 1716 1280; x_wconf 89' lang='lat' dir='ltr'><strong>di-</strong></span> 
     </span>
    </p>
   </div>
   <div class='ocr_carea' id='block_1_9' title="bbox 196 1316 1717 1379">
    <p class='ocr_par' dir='ltr' id='par_1_9' title="bbox 196 1316 1717 1379">
     <span class='ocr_line' id='line_1_9' title="bbox 196 1316 1717 1379; baseline -0.007 0"><span class='ocrx_word' id='word_1_51' title='bbox 196 1323 364 1379; x_wconf 80' lang='lat' dir='ltr'><strong>latione</strong></span> <span class='ocrx_word' id='word_1_52' title='bbox 382 1320 577 1378; x_wconf 85' lang='lat' dir='ltr'><strong>factum</strong></span> <span class='ocrx_word' id='word_1_53' title='bbox 599 1328 704 1377; x_wconf 85' lang='lat' dir='ltr'><strong>est.</strong></span> <span class='ocrx_word' id='word_1_54' title='bbox 746 1318 882 1374; x_wconf 79' lang='lat' dir='ltr'><strong>Nam</strong></span> <span class='ocrx_word' id='word_1_55' title='bbox 921 1317 1062 1373; x_wconf 89' lang='lat' dir='ltr'><strong>infra</strong></span> <span class='ocrx_word' id='word_1_56' title='bbox 1093 1327 1340 1373; x_wconf 77' lang='lat' dir='ltr'><strong>octavam</strong></span> <span class='ocrx_word' id='word_1_57' title='bbox 1373 1316 1717 1372; x_wconf 79' lang='lat' dir='ltr'><strong>Pentecostcs</strong></span> 
     </span>
    </p>
   </div>
   <div class='ocr_carea' id='block_1_10' title="bbox 196 1398 1714 1483">
    <p class='ocr_par' dir='ltr' id='par_1_10' title="bbox 196 1398 1714 1483">
     <span class='ocr_line' id='line_1_10' title="bbox 196 1398 1714 1483; baseline -0.007 -15"><span class='ocrx_word' id='word_1_58' title='bbox 196 1412 242 1468; x_wconf 83' lang='lat' dir='ltr'><strong>in</strong></span> <span class='ocrx_word' id='word_1_59' title='bbox 272 1412 634 1483; x_wconf 72' lang='lat' dir='ltr'><strong>Prcshjterum</strong></span> <span class='ocrx_word' id='word_1_60' title='bbox 670 1409 1065 1480; x_wconf 84' lang='lat' dir='ltr'><strong>llildehrandus</strong></span> <span class='ocrx_word' id='word_1_61' title='bbox 1097 1398 1386 1464; x_wconf 84' lang='lat' dir='ltr'><strong>ordinatus</strong></span> <span class='ocrx_word' id='word_1_62' title='bbox 1425 1415 1541 1475; x_wconf 89' lang='lat' dir='ltr'><strong>est,</strong></span> <span class='ocrx_word' id='word_1_63' title='bbox 1572 1413 1636 1460; x_wconf 85' lang='lat' dir='ltr'><strong>et</strong></span> <span class='ocrx_word' id='word_1_64' title='bbox 1660 1407 1714 1459; x_wconf 92' lang='lat' dir='ltr'><strong>in</strong></span> 
     </span>
    </p>
   </div>
   <div class='ocr_carea' id='block_1_11' title="bbox 197 1484 1716 1572">
    <p class='ocr_par' dir='ltr' id='par_1_11' title="bbox 197 1484 1716 1572">
     <span class='ocr_line' id='line_1_11' title="bbox 197 1484 1716 1572; baseline -0.002 -14"><span class='ocrx_word' id='word_1_65' title='bbox 197 1501 339 1558; x_wconf 75' lang='lat' dir='ltr'><strong>Natali</strong></span> <span class='ocrx_word' id='word_1_66' title='bbox 367 1502 748 1572; x_wconf 75' lang='lat' dir='ltr'><strong>Apostolorum</strong></span> <span class='ocrx_word' id='word_1_67' title='bbox 768 1501 822 1554; x_wconf 89' lang='lat' dir='ltr'><strong>in</strong></span> <span class='ocrx_word' id='word_1_68' title='bbox 844 1499 1148 1554; x_wconf 84' lang='lat' dir='ltr'><strong>Romanum</strong></span> <span class='ocrx_word' id='word_1_69' title='bbox 1185 1484 1498 1554; x_wconf 89' lang='lat' dir='ltr'><strong>Pontilieem</strong></span> <span class='ocrx_word' id='word_1_70' title='bbox 1521 1513 1716 1555; x_wconf 84' lang='lat' dir='ltr'><strong>conse-</strong></span> 
     </span>
    </p>
   </div>
   <div class='ocr_carea' id='block_1_12' title="bbox 197 1589 1718 1659">
    <p class='ocr_par' dir='ltr' id='par_1_12' title="bbox 197 1589 1718 1659">
     <span class='ocr_line' id='line_1_12' title="bbox 197 1589 1718 1659; baseline -0.004 -11"><span class='ocrx_word' id='word_1_71' title='bbox 197 1601 365 1648; x_wconf 88' lang='lat' dir='ltr'><strong>cratus.</strong></span> <span class='ocrx_word' id='word_1_72' title='bbox 397 1611 416 1644; x_wconf 74' lang='grc' dir='ltr'><strong><em>ι</em></strong></span> <span class='ocrx_word' id='word_1_73' title='bbox 439 1591 757 1647; x_wconf 83' lang='lat' dir='ltr'><strong>Pentecoste</strong></span> <span class='ocrx_word' id='word_1_74' title='bbox 801 1591 947 1645; x_wconf 91' lang='lat' dir='ltr'><strong>illius</strong></span> <span class='ocrx_word' id='word_1_75' title='bbox 985 1589 1146 1655; x_wconf 89' lang='lat' dir='ltr'><strong>anni,</strong></span> <span class='ocrx_word' id='word_1_76' title='bbox 1178 1591 1272 1659; x_wconf 90' lang='lat' dir='ltr'><strong>qui</strong></span> <span class='ocrx_word' id='word_1_77' title='bbox 1292 1589 1498 1644; x_wconf 86' lang='lat' dir='ltr'><strong>Pascha</strong></span> <span class='ocrx_word' id='word_1_78' title='bbox 1529 1589 1718 1644; x_wconf 80' lang='lat' dir='ltr'><strong>habuit</strong></span> 
     </span>
    </p>
   </div>
   <div class='ocr_carea' id='block_1_13' title="bbox 197 1670 1716 1747">
    <p class='ocr_par' dir='ltr' id='par_1_13' title="bbox 197 1670 1716 1747">
     <span class='ocr_line' id='line_1_13' title="bbox 197 1670 1716 1747; baseline 0.002 -13"><span class='ocrx_word' id='word_1_79' title='bbox 197 1681 248 1735; x_wconf 80' lang='lat' dir='ltr'><strong>3i</strong></span> <span class='ocrx_word' id='word_1_80' title='bbox 269 1681 455 1747; x_wconf 69' lang='lat' dir='ltr'><strong>Martii,</strong></span> <span class='ocrx_word' id='word_1_81' title='bbox 490 1690 545 1737; x_wconf 91' lang='lat' dir='ltr'><strong>et</strong></span> <span class='ocrx_word' id='word_1_82' title='bbox 575 1682 812 1736; x_wconf 85' lang='lat' dir='ltr'><strong>litteram</strong></span> <span class='ocrx_word' id='word_1_83' title='bbox 859 1679 1248 1736; x_wconf 89' lang='lat' dir='ltr'><strong>Dominicalem</strong></span> <span class='ocrx_word' id='word_1_84' title='bbox 1284 1677 1350 1745; x_wconf 85' lang='lat' dir='ltr'><strong>F,</strong></span> <span class='ocrx_word' id='word_1_85' title='bbox 1383 1670 1716 1736; x_wconf 6' lang='lat' dir='ltr'><strong>icelebratum</strong></span> 
     </span>
    </p>
   </div>
   <div class='ocr_carea' id='block_1_14' title="bbox 197 1769 1714 1841">
    <p class='ocr_par' dir='ltr' id='par_1_14' title="bbox 197 1769 1714 1841">
     <span class='ocr_line' id='line_1_14' title="bbox 197 1769 1714 1841; baseline 0.001 -16"><span class='ocrx_word' id='word_1_86' title='bbox 197 1769 283 1826; x_wconf 86' lang='lat' dir='ltr'><strong>fuit</strong></span> <span class='ocrx_word' id='word_1_87' title='bbox 306 1773 364 1826; x_wconf 69' lang='lat' dir='ltr'><strong>ll</strong></span> <span class='ocrx_word' id='word_1_88' title='bbox 393 1772 550 1827; x_wconf 73' lang='lat' dir='ltr'><strong>Maii:</strong></span> <span class='ocrx_word' id='word_1_89' title='bbox 594 1771 807 1827; x_wconf 83' lang='lat' dir='ltr'><strong>Natalis</strong></span> <span class='ocrx_word' id='word_1_90' title='bbox 852 1786 982 1828; x_wconf 88' lang='lat' dir='ltr'><strong>vero</strong></span> <span class='ocrx_word' id='word_1_91' title='bbox 1019 1772 1402 1841; x_wconf 84' lang='lat' dir='ltr'><strong>Apostolorum</strong></span> <span class='ocrx_word' id='word_1_92' title='bbox 1445 1771 1638 1826; x_wconf 75' lang='lat' dir='ltr'><strong>cecidit</strong></span> <span class='ocrx_word' id='word_1_93' title='bbox 1662 1773 1714 1827; x_wconf 90' lang='lat' dir='ltr'><strong>in</strong></span> 
     </span>
    </p>
   </div>
   <div class='ocr_carea' id='block_1_15' title="bbox 197 1827 1791 1934">
    <p class='ocr_par' dir='ltr' id='par_1_15' title="bbox 197 1827 1791 1934">
     <span class='ocr_line' id='line_1_15' title="bbox 197 1827 1791 1934; baseline 0.001 -16"><span class='ocrx_word' id='word_1_94' title='bbox 197 1861 472 1919; x_wconf 77' lang='lat' dir='ltr'><strong>Sabhatum.</strong></span> <span class='ocrx_word' id='word_1_95' title='bbox 493 1863 674 1919; x_wconf 83' lang='lat' dir='ltr'><strong>Videri</strong></span> <span class='ocrx_word' id='word_1_96' title='bbox 693 1872 874 1919; x_wconf 89' lang='lat' dir='ltr'><strong>autem</strong></span> <span class='ocrx_word' id='word_1_97' title='bbox 894 1827 1086 1934; x_wconf 62' lang='lat' dir='ltr'><strong>posset</strong></span> <span class='ocrx_word' id='word_1_98' title='bbox 1097 1878 1163 1916; x_wconf 80' lang='lat' dir='ltr'><strong>ex</strong></span> <span class='ocrx_word' id='word_1_99' title='bbox 1184 1862 1440 1932; x_wconf 82' lang='lat' dir='ltr'><strong>peculiari</strong></span> <span class='ocrx_word' id='word_1_100' title='bbox 1459 1863 1718 1920; x_wconf 89' lang='lat' dir='ltr'><strong>electione</strong></span> 
     </span>
    </p>
   </div>
   <div class='ocr_carea' id='block_1_16' title="bbox 199 1952 1718 2024">
    <p class='ocr_par' dir='ltr' id='par_1_16' title="bbox 199 1952 1718 2024">
     <span class='ocr_line' id='line_1_16' title="bbox 199 1952 1718 2024; baseline 0.001 -17"><span class='ocrx_word' id='word_1_101' title='bbox 199 1952 342 2024; x_wconf 83' lang='lat' dir='ltr'><strong>ipsius</strong></span> <span class='ocrx_word' id='word_1_102' title='bbox 362 1956 525 2010; x_wconf 81' lang='lat' dir='ltr'><strong>sancti</strong></span> <span class='ocrx_word' id='word_1_103' title='bbox 547 1954 829 2009; x_wconf 88' lang='lat' dir='ltr'><strong>Pontiﬁcis</strong></span> <span class='ocrx_word' id='word_1_104' title='bbox 849 1960 1164 2022; x_wconf 86' lang='lat' dir='ltr'><strong>assumptus</strong></span> <span class='ocrx_word' id='word_1_105' title='bbox 1192 1953 1240 2008; x_wconf 88' lang='lat' dir='ltr'><strong>is</strong></span> <span class='ocrx_word' id='word_1_106' title='bbox 1267 1953 1403 2020; x_wconf 91' lang='lat' dir='ltr'><strong>dies,</strong></span> <span class='ocrx_word' id='word_1_107' title='bbox 1432 1970 1556 2009; x_wconf 91' lang='lat' dir='ltr'><strong>cum</strong></span> <span class='ocrx_word' id='word_1_108' title='bbox 1581 1954 1718 2008; x_wconf 90' lang='lat' dir='ltr'><strong>alio—</strong></span> 
     </span>
    </p>
   </div>
   <div class='ocr_carea' id='block_1_17' title="bbox 197 2042 1740 2114">
    <p class='ocr_par' dir='ltr' id='par_1_17' title="bbox 197 2042 1740 2114">
     <span class='ocr_line' id='line_1_17' title="bbox 197 2042 1740 2114; baseline 0.001 -17"><span class='ocrx_word' id='word_1_109' title='bbox 197 2045 275 2114; x_wconf 87' lang='lat' dir='ltr'><strong>qui</strong></span> <span class='ocrx_word' id='word_1_110' title='bbox 298 2045 497 2099; x_wconf 68' lang='lat' dir='ltr'><strong>&#39;soleret</strong></span> <span class='ocrx_word' id='word_1_111' title='bbox 555 2045 611 2098; x_wconf 91' lang='lat' dir='ltr'><strong>in</strong></span> <span class='ocrx_word' id='word_1_112' title='bbox 664 2044 960 2100; x_wconf 86' lang='lat' dir='ltr'><strong>Dominicis</strong></span> <span class='ocrx_word' id='word_1_113' title='bbox 1003 2042 1326 2098; x_wconf 88' lang='lat' dir='ltr'><strong>Pontiﬁcum</strong></span> <span class='ocrx_word' id='word_1_114' title='bbox 1377 2045 1740 2100; x_wconf 86' lang='lat' dir='ltr'><strong>consecratio</strong></span> 
     </span>
    </p>
   </div>
   <div class='ocr_carea' id='block_1_18' title="bbox 198 2133 1715 2206">
    <p class='ocr_par' dir='ltr' id='par_1_18' title="bbox 198 2133 1715 2206">
     <span class='ocr_line' id='line_1_18' title="bbox 198 2133 1715 2206; baseline 0 -16"><span class='ocrx_word' id='word_1_115' title='bbox 198 2134 293 2190; x_wconf 75' lang='lat' dir='ltr'><strong>ﬁeri</strong></span> <span class='ocrx_word' id='word_1_116' title='bbox 317 2175 332 2199; x_wconf 90' lang='lat'><strong>,</strong></span> <span class='ocrx_word' id='word_1_117' title='bbox 379 2135 497 2205; x_wconf 84' lang='lat' dir='ltr'><strong>quia</strong></span> <span class='ocrx_word' id='word_1_118' title='bbox 542 2137 866 2190; x_wconf 84' lang='lat' dir='ltr'><strong>meminerat</strong></span> <span class='ocrx_word' id='word_1_119' title='bbox 910 2135 1056 2206; x_wconf 92' lang='lat' dir='ltr'><strong>quod</strong></span> <span class='ocrx_word' id='word_1_120' title='bbox 1103 2135 1281 2204; x_wconf 84' lang='lat' dir='ltr'><strong>ipsum</strong></span> <span class='ocrx_word' id='word_1_121' title='bbox 1331 2133 1715 2205; x_wconf 82' lang='lat' dir='ltr'><strong>Apostolorum</strong></span> 
     </span>
    </p>
   </div>
   <div class='ocr_carea' id='block_1_19' title="bbox 198 2216 1715 2298">
    <p class='ocr_par' dir='ltr' id='par_1_19' title="bbox 198 2216 1715 2298">
     <span class='ocr_line' id='line_1_19' title="bbox 198 2216 1715 2298; baseline 0.001 -18"><span class='ocrx_word' id='word_1_122' title='bbox 198 2222 416 2295; x_wconf 78' lang='lat' dir='ltr'><strong>Princeps</strong></span> <span class='ocrx_word' id='word_1_123' title='bbox 433 2220 621 2282; x_wconf 85' lang='lat' dir='ltr'><strong>Petrus</strong></span> <span class='ocrx_word' id='word_1_124' title='bbox 657 2246 677 2277; x_wconf 70' lang='grc' dir='ltr'><strong><em>ι</em></strong></span> <span class='ocrx_word' id='word_1_125' title='bbox 715 2227 785 2281; x_wconf 88' lang='lat' dir='ltr'><strong>ab</strong></span> <span class='ocrx_word' id='word_1_126' title='bbox 807 2225 1034 2280; x_wconf 82' lang='lat' dir='ltr'><strong>infantia</strong></span> <span class='ocrx_word' id='word_1_127' title='bbox 1061 2216 1165 2281; x_wconf 86' lang='lat' dir='ltr'><strong>sub</strong></span> <span class='ocrx_word' id='word_1_128' title='bbox 1188 2226 1290 2281; x_wconf 92' lang='lat' dir='ltr'><strong>alis</strong></span> <span class='ocrx_word' id='word_1_129' title='bbox 1310 2226 1425 2281; x_wconf 85' lang='lat' dir='ltr'><strong>suis</strong></span> <span class='ocrx_word' id='word_1_130' title='bbox 1451 2227 1715 2298; x_wconf 80' lang='lat' dir='ltr'><strong>singulari</strong></span> 
     </span>
    </p>
   </div>
   <div class='ocr_carea' id='block_1_20' title="bbox 198 2316 1716 2394">
    <p class='ocr_par' dir='ltr' id='par_1_20' title="bbox 198 2316 1716 2394">
     <span class='ocr_line' id='line_1_20' title="bbox 198 2316 1716 2394; baseline 0.003 -22"><span class='ocrx_word' id='word_1_131' title='bbox 198 2317 392 2387; x_wconf 83' lang='lat' dir='ltr'><strong>quadam</strong></span> <span class='ocrx_word' id='word_1_132' title='bbox 412 2318 603 2394; x_wconf 88' lang='lat' dir='ltr'><strong>pietate</strong></span> <span class='ocrx_word' id='word_1_133' title='bbox 632 2316 878 2383; x_wconf 84' lang='lat' dir='ltr'><strong>nutrivit,</strong></span> <span class='ocrx_word' id='word_1_134' title='bbox 901 2317 1026 2371; x_wconf 90' lang='lat' dir='ltr'><strong>etin</strong></span> <span class='ocrx_word' id='word_1_135' title='bbox 1048 2319 1256 2388; x_wconf 87' lang='lat' dir='ltr'><strong>gremio</strong></span> <span class='ocrx_word' id='word_1_136' title='bbox 1281 2333 1395 2372; x_wconf 64' lang='lat' dir='ltr'><strong>sum</strong></span> <span class='ocrx_word' id='word_1_137' title='bbox 1415 2319 1716 2377; x_wconf 68' lang='lat' dir='ltr'><strong>clementia:</strong></span> 
     </span>
    </p>
   </div>
   <div class='ocr_carea' id='block_1_21' title="bbox 199 2402 1709 2482">
    <p class='ocr_par' dir='ltr' id='par_1_21' title="bbox 199 2402 1709 2482">
     <span class='ocr_line' id='line_1_21' title="bbox 199 2402 1709 2482; baseline 0.004 -20"><span class='ocrx_word' id='word_1_138' title='bbox 199 2406 335 2474; x_wconf 77' lang='lat' dir='ltr'><strong>fovit,</strong></span> <span class='ocrx_word' id='word_1_139' title='bbox 368 2428 384 2460; x_wconf 76' lang='grc' dir='ltr'>ι</span> <span class='ocrx_word' id='word_1_140' title='bbox 423 2409 498 2462; x_wconf 91' lang='lat' dir='ltr'><strong>uti</strong></span> <span class='ocrx_word' id='word_1_141' title='bbox 536 2416 696 2463; x_wconf 86' lang='lat' dir='ltr'><strong>antea</strong></span> <span class='ocrx_word' id='word_1_142' title='bbox 722 2409 790 2464; x_wconf 89' lang='lat' dir='ltr'><strong>ad</strong></span> <span class='ocrx_word' id='word_1_143' title='bbox 819 2406 1052 2463; x_wconf 75' lang='lat' dir='ltr'><strong>Saxonia</strong></span> <span class='ocrx_word' id='word_1_144' title='bbox 1079 2402 1361 2480; x_wconf 86' lang='lat' dir='ltr'><strong>Principes</strong></span> <span class='ocrx_word' id='word_1_145' title='bbox 1400 2413 1709 2482; x_wconf 86' lang='lat' dir='ltr'><strong>scripserat.</strong></span> 
     </span>
    </p>
   </div>
   <div class='ocr_carea' id='block_1_22' title="bbox 198 2493 1714 2578">
    <p class='ocr_par' dir='ltr' id='par_1_22' title="bbox 198 2493 1714 2578">
     <span class='ocr_line' id='line_1_22' title="bbox 198 2493 1714 2578; baseline 0.006 -28"><span class='ocrx_word' id='word_1_146' title='bbox 198 2493 494 2556; x_wconf 87' lang='lat' dir='ltr'><strong>Dominieam</strong></span> <span class='ocrx_word' id='word_1_147' title='bbox 538 2508 721 2578; x_wconf 83' lang='lat' dir='ltr'><strong>tamen</strong></span> <span class='ocrx_word' id='word_1_148' title='bbox 749 2509 1086 2570; x_wconf 81' lang='lat' dir='ltr'><strong>expectatam</strong></span> <span class='ocrx_word' id='word_1_149' title='bbox 1107 2516 1174 2555; x_wconf 80' lang='lat' dir='ltr'><strong>ex</strong></span> <span class='ocrx_word' id='word_1_150' title='bbox 1201 2517 1352 2555; x_wconf 91' lang='lat' dir='ltr'><strong>more</strong></span> <span class='ocrx_word' id='word_1_151' title='bbox 1375 2503 1575 2570; x_wconf 90' lang='lat' dir='ltr'><strong>fuisse,</strong></span> <span class='ocrx_word' id='word_1_152' title='bbox 1607 2521 1714 2574; x_wconf 91' lang='lat' dir='ltr'><strong>qua</strong></span> 
     </span>
    </p>
   </div>
   <div class='ocr_carea' id='block_1_23' title="bbox 197 2589 1714 2662">
    <p class='ocr_par' dir='ltr' id='par_1_23' title="bbox 197 2589 1714 2662">
     <span class='ocr_line' id='line_1_23' title="bbox 197 2589 1714 2662; baseline 0.004 -18"><span class='ocrx_word' id='word_1_153' title='bbox 197 2589 608 2646; x_wconf 83' lang='lat' dir='ltr'><strong>Commemoratio</strong></span> <span class='ocrx_word' id='word_1_154' title='bbox 633 2591 885 2661; x_wconf 81' lang='lat' dir='ltr'><strong>Speci-alis</strong></span> <span class='ocrx_word' id='word_1_155' title='bbox 913 2589 969 2645; x_wconf 86' lang='lat' dir='ltr'><strong>S.</strong></span> <span class='ocrx_word' id='word_1_156' title='bbox 998 2589 1150 2644; x_wconf 84' lang='lat' dir='ltr'><strong>Pauli</strong></span> <span class='ocrx_word' id='word_1_157' title='bbox 1177 2593 1381 2662; x_wconf 84' lang='lat' dir='ltr'><strong>agenda</strong></span> <span class='ocrx_word' id='word_1_158' title='bbox 1405 2604 1551 2662; x_wconf 90' lang='lat' dir='ltr'><strong>erat,</strong></span> <span class='ocrx_word' id='word_1_159' title='bbox 1579 2612 1714 2652; x_wconf 88' lang='lat' dir='ltr'><strong>con-</strong></span> 
     </span>
    </p>
   </div>
   <div class='ocr_carea' id='block_1_24' title="bbox 199 2679 1712 2756">
    <p class='ocr_par' dir='ltr' id='par_1_24' title="bbox 199 2679 1712 2756">
     <span class='ocr_line' id='line_1_24' title="bbox 199 2679 1712 2756; baseline 0.007 -23"><span class='ocrx_word' id='word_1_160' title='bbox 199 2681 375 2736; x_wconf 88' lang='lat' dir='ltr'><strong>tinuato</strong></span> <span class='ocrx_word' id='word_1_161' title='bbox 413 2681 808 2752; x_wconf 85' lang='lat' dir='ltr'><strong>quodammodo</strong></span> <span class='ocrx_word' id='word_1_162' title='bbox 849 2681 990 2736; x_wconf 86' lang='lat' dir='ltr'><strong>festo</strong></span> <span class='ocrx_word' id='word_1_163' title='bbox 1035 2679 1241 2738; x_wconf 88' lang='lat' dir='ltr'><strong>Natalis</strong></span> <span class='ocrx_word' id='word_1_164' title='bbox 1293 2685 1712 2756; x_wconf 81' lang='lat' dir='ltr'><strong>Apostolorum,</strong></span> 
     </span>
    </p>
   </div>
   <div class='ocr_carea' id='block_1_25' title="bbox 198 2772 1713 2850">
    <p class='ocr_par' dir='ltr' id='par_1_25' title="bbox 198 2772 1713 2850">
     <span class='ocr_line' id='line_1_25' title="bbox 198 2772 1713 2850; baseline 0.005 -24"><span class='ocrx_word' id='word_1_165' title='bbox 198 2773 444 2841; x_wconf 82' lang='lat' dir='ltr'><strong>persuadet</strong></span> <span class='ocrx_word' id='word_1_166' title='bbox 486 2772 728 2844; x_wconf 80' lang='lat' dir='ltr'><strong>Epistola</strong></span> <span class='ocrx_word' id='word_1_167' title='bbox 767 2773 886 2842; x_wconf 85' lang='lat' dir='ltr'><strong>ejus</strong></span> <span class='ocrx_word' id='word_1_168' title='bbox 925 2772 992 2830; x_wconf 74' lang='lat' dir='ltr'><strong>l9.</strong></span> <span class='ocrx_word' id='word_1_169' title='bbox 1014 2773 1068 2828; x_wconf 91' lang='lat' dir='ltr'><strong>in</strong></span> <span class='ocrx_word' id='word_1_170' title='bbox 1109 2772 1391 2844; x_wconf 85' lang='lat' dir='ltr'><strong>Registro,</strong></span> <span class='ocrx_word' id='word_1_171' title='bbox 1421 2794 1518 2848; x_wconf 88' lang='lat' dir='ltr'><strong>per</strong></span> <span class='ocrx_word' id='word_1_172' title='bbox 1549 2795 1713 2850; x_wconf 91' lang='lat' dir='ltr'><strong>quam</strong></span> 
     </span>
    </p>
   </div>
   <div class='ocr_carea' id='block_1_26' title="bbox 202 2855 1715 2938">
    <p class='ocr_par' dir='ltr' id='par_1_26' title="bbox 202 2855 1715 2938">
     <span class='ocr_line' id='line_1_26' title="bbox 202 2855 1715 2938; baseline 0.007 -24"><span class='ocrx_word' id='word_1_173' title='bbox 202 2881 219 2914; x_wconf 76' lang='grc' dir='ltr'>ι</span> <span class='ocrx_word' id='word_1_174' title='bbox 248 2860 514 2938; x_wconf 61' lang='grc' dir='ltr'><strong>Ἑωεοτίίις</strong></span> <span class='ocrx_word' id='word_1_175' title='bbox 530 2906 545 2930; x_wconf 88' lang='grc'><em>,</em></span> <span class='ocrx_word' id='word_1_176' title='bbox 567 2865 620 2918; x_wconf 94' lang='lat' dir='ltr'><strong>in</strong></span> <span class='ocrx_word' id='word_1_177' title='bbox 643 2864 962 2919; x_wconf 88' lang='lat' dir='ltr'><strong>Pontiﬁcem</strong></span> <span class='ocrx_word' id='word_1_178' title='bbox 986 2855 1289 2937; x_wconf 83' lang='lat' dir='ltr'><strong>Romanum</strong></span> <span class='ocrx_word' id='word_1_179' title='bbox 1314 2868 1516 2924; x_wconf 89' lang='lat' dir='ltr'><strong>electus</strong></span> <span class='ocrx_word' id='word_1_180' title='bbox 1535 2911 1550 2935; x_wconf 92' lang='lat'><strong>,</strong></span> <span class='ocrx_word' id='word_1_181' title='bbox 1584 2870 1715 2925; x_wconf 89' lang='lat' dir='ltr'><strong>Gui-</strong></span> 
     </span>
    </p>
   </div>
   <div class='ocr_carea' id='block_1_27' title="bbox 196 2953 1713 3025">
    <p class='ocr_par' dir='ltr' id='par_1_27' title="bbox 196 2953 1713 3025">
     <span class='ocr_line' id='line_1_27' title="bbox 196 2953 1713 3025; baseline 0.007 -17"><span class='ocrx_word' id='word_1_182' title='bbox 196 2953 349 3008; x_wconf 79' lang='lat' dir='ltr'><strong>llelmo</strong></span> <span class='ocrx_word' id='word_1_183' title='bbox 375 2953 607 3025; x_wconf 83' lang='lat' dir='ltr'><strong>Papiensi</strong></span> <span class='ocrx_word' id='word_1_184' title='bbox 645 2954 914 3025; x_wconf 83' lang='lat' dir='ltr'><strong>Episcopo</strong></span> <span class='ocrx_word' id='word_1_185' title='bbox 955 2955 1185 3010; x_wconf 88' lang='lat' dir='ltr'><strong>salutem</strong></span> <span class='ocrx_word' id='word_1_186' title='bbox 1222 2956 1277 3010; x_wconf 88' lang='lat' dir='ltr'><strong>in</strong></span> <span class='ocrx_word' id='word_1_187' title='bbox 1319 2957 1550 3016; x_wconf 90' lang='lat' dir='ltr'><strong>Domino</strong></span> <span class='ocrx_word' id='word_1_188' title='bbox 1585 2961 1713 3019; x_wconf 70' lang='lat' dir='ltr'><strong>Jesn</strong></span> 
     </span>
    </p>
   </div>
   <div class='ocr_carea' id='block_1_28' title="bbox 195 3041 1710 3122">
    <p class='ocr_par' dir='ltr' id='par_1_28' title="bbox 195 3041 1710 3122">
     <span class='ocr_line' id='line_1_28' title="bbox 195 3041 1710 3122; baseline 0.007 -24"><span class='ocrx_word' id='word_1_189' title='bbox 195 3041 381 3099; x_wconf 80' lang='lat' dir='ltr'><strong>Christo</strong></span> <span class='ocrx_word' id='word_1_190' title='bbox 406 3065 423 3097; x_wconf 79' lang='grc' dir='ltr'><strong><em>ι</em></strong></span> <span class='ocrx_word' id='word_1_191' title='bbox 448 3046 692 3115; x_wconf 88' lang='lat' dir='ltr'><strong>scripsit,</strong></span> <span class='ocrx_word' id='word_1_192' title='bbox 721 3046 952 3115; x_wconf 91' lang='lat' dir='ltr'><strong>ipsomet</strong></span> <span class='ocrx_word' id='word_1_193' title='bbox 977 3045 1065 3100; x_wconf 90' lang='lat' dir='ltr'><strong>die</strong></span> <span class='ocrx_word' id='word_1_194' title='bbox 1087 3046 1122 3100; x_wconf 76' lang='lat'><strong>3</strong></span> <span class='ocrx_word' id='word_1_195' title='bbox 1145 3065 1158 3100; x_wconf 91' lang='lat'>:</span> <span class='ocrx_word' id='word_1_196' title='bbox 1193 3066 1212 3098; x_wconf 87' lang='grc'><strong><em>‹</em></strong></span> <span class='ocrx_word' id='word_1_197' title='bbox 1246 3047 1514 3107; x_wconf 80' lang='lat' dir='ltr'><strong>Kalendas</strong></span> <span class='ocrx_word' id='word_1_198' title='bbox 1546 3052 1710 3122; x_wconf 88' lang='lat' dir='ltr'><strong>Julii,</strong></span> 
     </span>
    </p>
   </div>
   <div class='ocr_carea' id='block_1_29' title="bbox 195 3131 1782 3219">
    <p class='ocr_par' dir='ltr' id='par_1_29' title="bbox 195 3131 1782 3219">
     <span class='ocr_line' id='line_1_29' title="bbox 195 3131 1782 3219; baseline 0.011 -33"><span class='ocrx_word' id='word_1_199' title='bbox 195 3131 452 3190; x_wconf 81' lang='lat' dir='ltr'><strong>indictione</strong></span> <span class='ocrx_word' id='word_1_200' title='bbox 476 3137 771 3191; x_wconf 89' lang='lat' dir='ltr'><strong>undecima.</strong></span> <span class='ocrx_word' id='word_1_201' title='bbox 808 3157 826 3188; x_wconf 73' lang='grc' dir='ltr'><strong><em>ι</em></strong></span> <span class='ocrx_word' id='word_1_202' title='bbox 853 3136 1009 3203; x_wconf 88' lang='lat' dir='ltr'><strong>Quod</strong></span> <span class='ocrx_word' id='word_1_203' title='bbox 1036 3146 1216 3193; x_wconf 83' lang='lat' dir='ltr'><strong>autem</strong></span> <span class='ocrx_word' id='word_1_204' title='bbox 1239 3157 1336 3196; x_wconf 91' lang='lat' dir='ltr'><strong>nec</strong></span> <span class='ocrx_word' id='word_1_205' title='bbox 1365 3159 1471 3198; x_wconf 91' lang='lat' dir='ltr'><strong>uno</strong></span> <span class='ocrx_word' id='word_1_206' title='bbox 1497 3147 1711 3216; x_wconf 81' lang='lat' dir='ltr'><strong>quidem</strong></span> <span class='ocrx_word' id='word_1_207' title='bbox 1741 3163 1782 3219; x_wconf 73' lang='grc' dir='ltr'>ο</span> 
     </span>
    </p>
   </div>
   <div class='ocr_carea' id='block_1_30' title="bbox 196 3223 1715 3305">
    <p class='ocr_par' dir='ltr' id='par_1_30' title="bbox 196 3223 1715 3305">
     <span class='ocr_line' id='line_1_30' title="bbox 196 3223 1715 3305; baseline 0.008 -26"><span class='ocrx_word' id='word_1_208' title='bbox 196 3223 270 3279; x_wconf 88' lang='lat' dir='ltr'><strong>die</strong></span> <span class='ocrx_word' id='word_1_209' title='bbox 291 3227 448 3282; x_wconf 82' lang='lat' dir='ltr'><strong>serius</strong></span> <span class='ocrx_word' id='word_1_210' title='bbox 472 3227 605 3283; x_wconf 86' lang='lat' dir='ltr'><strong>facta</strong></span> <span class='ocrx_word' id='word_1_211' title='bbox 634 3229 707 3282; x_wconf 91' lang='lat' dir='ltr'><strong>sit</strong></span> <span class='ocrx_word' id='word_1_212' title='bbox 731 3227 1102 3295; x_wconf 87' lang='lat' dir='ltr'><strong>Consecratio,</strong></span> <span class='ocrx_word' id='word_1_213' title='bbox 1129 3247 1290 3300; x_wconf 89' lang='lat' dir='ltr'><strong>quam</strong></span> <span class='ocrx_word' id='word_1_214' title='bbox 1313 3234 1381 3287; x_wconf 87' lang='lat'><strong>&#39;50</strong></span> <span class='ocrx_word' id='word_1_215' title='bbox 1403 3233 1527 3288; x_wconf 88' lang='lat' dir='ltr'><strong>Juni</strong></span> <span class='ocrx_word' id='word_1_216' title='bbox 1548 3278 1564 3302; x_wconf 90' lang='lat'><strong>,</strong></span> <span class='ocrx_word' id='word_1_217' title='bbox 1588 3253 1715 3305; x_wconf 90' lang='lat' dir='ltr'><strong>pro-</strong></span> 
     </span>
    </p>
   </div>
   <div class='ocr_carea' id='block_1_31' title="bbox 196 3313 1709 3386">
    <p class='ocr_par' dir='ltr' id='par_1_31' title="bbox 196 3313 1709 3386">
     <span class='ocr_line' id='line_1_31' title="bbox 196 3313 1709 3386; baseline 0.009 -18"><span class='ocrx_word' id='word_1_218' title='bbox 196 3313 274 3369; x_wconf 83' lang='lat' dir='ltr'><strong>hat</strong></span> <span class='ocrx_word' id='word_1_219' title='bbox 313 3332 527 3386; x_wconf 86' lang='lat' dir='ltr'><strong>sequens</strong></span> <span class='ocrx_word' id='word_1_220' title='bbox 561 3319 786 3386; x_wconf 89' lang='lat' dir='ltr'><strong>cpistola</strong></span> <span class='ocrx_word' id='word_1_221' title='bbox 807 3358 822 3382; x_wconf 91' lang='lat'><strong>,</strong></span> <span class='ocrx_word' id='word_1_222' title='bbox 856 3334 963 3386; x_wconf 89' lang='lat' dir='ltr'><strong>qua</strong></span> <span class='ocrx_word' id='word_1_223' title='bbox 993 3338 1010 3368; x_wconf 78' lang='grc' dir='ltr'>ι</span> <span class='ocrx_word' id='word_1_224' title='bbox 1044 3319 1168 3372; x_wconf 89' lang='lat' dir='ltr'><strong>data</strong></span> <span class='ocrx_word' id='word_1_225' title='bbox 1207 3324 1444 3377; x_wconf 91' lang='lat' dir='ltr'><strong>secundo</strong></span> <span class='ocrx_word' id='word_1_226' title='bbox 1487 3323 1709 3381; x_wconf 84' lang='lat' dir='ltr'><strong>Kalend.</strong></span> 
     </span>
    </p>
   </div>
   <div class='ocr_carea' id='block_1_32' title="bbox 195 3401 1706 3484">
    <p class='ocr_par' dir='ltr' id='par_1_32' title="bbox 195 3401 1706 3484">
     <span class='ocr_line' id='line_1_32' title="bbox 195 3401 1706 3484; baseline 0.007 -27"><span class='ocrx_word' id='word_1_227' title='bbox 195 3401 320 3472; x_wconf 80' lang='lat' dir='ltr'><strong>Julii,</strong></span> <span class='ocrx_word' id='word_1_228' title='bbox 345 3406 620 3466; x_wconf 85' lang='lat' dir='ltr'><strong>indictione</strong></span> <span class='ocrx_word' id='word_1_229' title='bbox 640 3428 659 3460; x_wconf 72' lang='grc' dir='ltr'><strong><em>ι</em></strong></span> <span class='ocrx_word' id='word_1_230' title='bbox 684 3407 934 3462; x_wconf 86' lang='lat' dir='ltr'><strong>similiter</strong></span> <span class='ocrx_word' id='word_1_231' title='bbox 965 3427 982 3458; x_wconf 74' lang='grc' dir='ltr'>ι</span> <span class='ocrx_word' id='word_1_232' title='bbox 1013 3409 1318 3476; x_wconf 88' lang='lat' dir='ltr'><strong>undecima,</strong></span> <span class='ocrx_word' id='word_1_233' title='bbox 1343 3412 1654 3484; x_wconf 77' lang='lat' dir='ltr'><strong>Gregorius,</strong></span> <span class='ocrx_word' id='word_1_234' title='bbox 1688 3435 1706 3467; x_wconf 70' lang='grc' dir='ltr'><strong>ι</strong></span> 
     </span>
    </p>
   </div>
   <div class='ocr_carea' id='block_1_33' title="bbox 191 3495 1746 3574">
    <p class='ocr_par' dir='ltr' id='par_1_33' title="bbox 191 3495 1746 3574">
     <span class='ocr_line' id='line_1_33' title="bbox 191 3495 1746 3574; baseline 0.007 -25"><span class='ocrx_word' id='word_1_235' title='bbox 191 3495 286 3565; x_wconf 86' lang='lat' dir='ltr'><strong>jam</strong></span> <span class='ocrx_word' id='word_1_236' title='bbox 321 3513 423 3551; x_wconf 90' lang='lat' dir='ltr'><strong>non</strong></span> <span class='ocrx_word' id='word_1_237' title='bbox 454 3500 673 3570; x_wconf 88' lang='lat' dir='ltr'><strong>amplius</strong></span> <span class='ocrx_word' id='word_1_238' title='bbox 713 3518 732 3550; x_wconf 73' lang='grc' dir='ltr'>ι</span> <span class='ocrx_word' id='word_1_239' title='bbox 783 3498 838 3553; x_wconf 92' lang='lat' dir='ltr'><strong>in</strong></span> <span class='ocrx_word' id='word_1_240' title='bbox 872 3497 1180 3554; x_wconf 83' lang='lat' dir='ltr'><strong>Romanum</strong></span> <span class='ocrx_word' id='word_1_241' title='bbox 1239 3501 1552 3558; x_wconf 86' lang='lat' dir='ltr'><strong>Pontilicem</strong></span> <span class='ocrx_word' id='word_1_242' title='bbox 1588 3503 1712 3560; x_wconf 88' lang='lat' dir='ltr'><strong>Ele-</strong></span> <span class='ocrx_word' id='word_1_243' title='bbox 1741 3571 1746 3574; x_wconf 92' lang='lat'><strong><em>_</em></strong></span> 
     </span>
    </p>
   </div>
   <div class='ocr_carea' id='block_1_34' title="bbox 193 3590 1712 3664">
    <p class='ocr_par' dir='ltr' id='par_1_34' title="bbox 193 3590 1712 3664">
     <span class='ocr_line' id='line_1_34' title="bbox 193 3590 1712 3664; baseline 0.004 -20"><span class='ocrx_word' id='word_1_244' title='bbox 193 3597 315 3654; x_wconf 80' lang='lat' dir='ltr'><strong>ctus,</strong></span> <span class='ocrx_word' id='word_1_245' title='bbox 344 3609 362 3640; x_wconf 75' lang='grc' dir='ltr'><strong>ι</strong></span> <span class='ocrx_word' id='word_1_246' title='bbox 389 3590 475 3644; x_wconf 82' lang='lat' dir='ltr'><strong>sed</strong></span> <span class='ocrx_word' id='word_1_247' title='bbox 500 3591 724 3661; x_wconf 90' lang='lat' dir='ltr'><strong>(mutato</strong></span> <span class='ocrx_word' id='word_1_248' title='bbox 739 3591 807 3645; x_wconf 90' lang='lat' dir='ltr'><strong>de</strong></span> <span class='ocrx_word' id='word_1_249' title='bbox 835 3605 988 3646; x_wconf 90' lang='lat' dir='ltr'><strong>more</strong></span> <span class='ocrx_word' id='word_1_250' title='bbox 1008 3591 1169 3663; x_wconf 83' lang='lat' dir='ltr'><strong>stylo)</strong></span> <span class='ocrx_word' id='word_1_251' title='bbox 1198 3612 1216 3643; x_wconf 76' lang='grc' dir='ltr'>ι</span> <span class='ocrx_word' id='word_1_252' title='bbox 1250 3592 1570 3664; x_wconf 84' lang='lat' dir='ltr'><strong>Episcopus,</strong></span> <span class='ocrx_word' id='word_1_253' title='bbox 1595 3612 1712 3652; x_wconf 88' lang='lat' dir='ltr'><strong>scr-</strong></span> 
     </span>
    </p>
   </div>
   <div class='ocr_carea' id='block_1_35' title="bbox 196 3674 1712 3754">
    <p class='ocr_par' dir='ltr' id='par_1_35' title="bbox 196 3674 1712 3754">
     <span class='ocr_line' id='line_1_35' title="bbox 196 3674 1712 3754; baseline 0.006 -23"><span class='ocrx_word' id='word_1_254' title='bbox 196 3692 279 3732; x_wconf 79' lang='lat' dir='ltr'><strong>rns</strong></span> <span class='ocrx_word' id='word_1_255' title='bbox 300 3694 554 3734; x_wconf 83' lang='lat' dir='ltr'><strong>servorum</strong></span> <span class='ocrx_word' id='word_1_256' title='bbox 580 3681 671 3734; x_wconf 89' lang='lat' dir='ltr'><strong>Dei</strong></span> <span class='ocrx_word' id='word_1_257' title='bbox 690 3721 706 3746; x_wconf 92' lang='lat'><strong>,</strong></span> <span class='ocrx_word' id='word_1_258' title='bbox 736 3680 972 3734; x_wconf 82' lang='lat' dir='ltr'><strong>Manassi</strong></span> <span class='ocrx_word' id='word_1_259' title='bbox 1003 3674 1254 3737; x_wconf 84' lang='lat' dir='ltr'><strong>Remensi</strong></span> <span class='ocrx_word' id='word_1_260' title='bbox 1292 3685 1712 3754; x_wconf 78' lang='lat' dir='ltr'><strong>Archiepiscopo</strong></span> 
     </span>
    </p>
   </div>
   <div class='ocr_carea' id='block_1_36' title="bbox 196 3769 1703 3842">
    <p class='ocr_par' dir='ltr' id='par_1_36' title="bbox 196 3769 1703 3842">
     <span class='ocr_line' id='line_1_36' title="bbox 196 3769 1703 3842; baseline 0.001 -18"><span class='ocrx_word' id='word_1_261' title='bbox 196 3769 393 3824; x_wconf 77' lang='lat' dir='ltr'><strong>salutem</strong></span> <span class='ocrx_word' id='word_1_262' title='bbox 422 3780 470 3825; x_wconf 86' lang='lat' dir='ltr'><strong>et</strong></span> <span class='ocrx_word' id='word_1_263' title='bbox 487 3770 843 3840; x_wconf 72' lang='lat' dir='ltr'><strong>Apostolicam</strong></span> <span class='ocrx_word' id='word_1_264' title='bbox 871 3770 1298 3831; x_wconf 88' lang='lat' dir='ltr'><strong>benedictionem</strong></span> <span class='ocrx_word' id='word_1_265' title='bbox 1327 3773 1636 3842; x_wconf 90' lang='lat' dir='ltr'><strong>impertivit.</strong></span> <span class='ocrx_word' id='word_1_266' title='bbox 1687 3796 1703 3825; x_wconf 76' lang='grc' dir='ltr'><strong><em>ι</em></strong></span> 
     </span>
    </p>
   </div>
   <div class='ocr_carea' id='block_1_37' title="bbox 250 3859 1711 3932">
    <p class='ocr_par' dir='ltr' id='par_1_37' title="bbox 250 3859 1711 3932">
     <span class='ocr_line' id='line_1_37' title="bbox 250 3859 1711 3932; baseline 0.001 -16"><span class='ocrx_word' id='word_1_267' title='bbox 250 3859 328 3916; x_wconf 79' lang='lat'><strong>&#39;59.</strong></span> <span class='ocrx_word' id='word_1_268' title='bbox 361 3859 474 3916; x_wconf 81' lang='lat' dir='ltr'><strong>Non</strong></span> <span class='ocrx_word' id='word_1_269' title='bbox 499 3862 680 3918; x_wconf 87' lang='lat' dir='ltr'><strong>habuit</strong></span> <span class='ocrx_word' id='word_1_270' title='bbox 708 3862 798 3916; x_wconf 91' lang='lat' dir='ltr'><strong>hic</strong></span> <span class='ocrx_word' id='word_1_271' title='bbox 815 3859 1062 3915; x_wconf 78' lang='lat' dir='ltr'><strong>Pontifex</strong></span> <span class='ocrx_word' id='word_1_272' title='bbox 1091 3862 1148 3916; x_wconf 92' lang='lat' dir='ltr'><strong>in</strong></span> <span class='ocrx_word' id='word_1_273' title='bbox 1175 3878 1278 3916; x_wconf 89' lang='lat' dir='ltr'><strong>usu</strong></span> <span class='ocrx_word' id='word_1_274' title='bbox 1301 3862 1352 3917; x_wconf 90' lang='lat' dir='ltr'><strong>id</strong></span> <span class='ocrx_word' id='word_1_275' title='bbox 1379 3904 1394 3928; x_wconf 92' lang='lat'><strong>,</strong></span> <span class='ocrx_word' id='word_1_276' title='bbox 1419 3864 1563 3932; x_wconf 89' lang='lat' dir='ltr'><strong>quod</strong></span> <span class='ocrx_word' id='word_1_277' title='bbox 1591 3862 1711 3918; x_wconf 84' lang='lat' dir='ltr'><strong>Cle—</strong></span> 
     </span>
    </p>
   </div>
   <div class='ocr_carea' id='block_1_38' title="bbox 195 3952 1707 4026">
    <p class='ocr_par' dir='ltr' id='par_1_38' title="bbox 195 3952 1707 4026">
     <span class='ocr_line' id='line_1_38' title="bbox 195 3952 1707 4026; baseline 0.002 -20"><span class='ocrx_word' id='word_1_278' title='bbox 195 3961 402 4009; x_wconf 82' lang='lat' dir='ltr'><strong>mentem</strong></span> <span class='ocrx_word' id='word_1_279' title='bbox 423 3953 602 4026; x_wconf 88' lang='lat' dir='ltr'><strong>Papam</strong></span> <span class='ocrx_word' id='word_1_280' title='bbox 631 3953 721 4021; x_wconf 84' lang='lat' dir='ltr'><strong>lli,</strong></span> <span class='ocrx_word' id='word_1_281' title='bbox 753 3953 1016 4022; x_wconf 72' lang='lat' dir='ltr'><strong>cmpisse,</strong></span> <span class='ocrx_word' id='word_1_282' title='bbox 1051 3959 1107 4007; x_wconf 90' lang='lat' dir='ltr'><strong>et</strong></span> <span class='ocrx_word' id='word_1_283' title='bbox 1138 3952 1482 4007; x_wconf 78' lang='lat' dir='ltr'><strong>Caelestinum</strong></span> <span class='ocrx_word' id='word_1_284' title='bbox 1506 3953 1707 4022; x_wconf 85' lang='lat' dir='ltr'><strong>Papam</strong></span> 
     </span>
    </p>
   </div>
   <div class='ocr_carea' id='block_1_39' title="bbox 196 4041 1708 4110">
    <p class='ocr_par' dir='ltr' id='par_1_39' title="bbox 196 4041 1708 4110">
     <span class='ocr_line' id='line_1_39' title="bbox 196 4041 1708 4110; baseline 0.001 -13"><span class='ocrx_word' id='word_1_285' title='bbox 196 4041 417 4099; x_wconf 80' lang='lat' dir='ltr'><strong>similiter</strong></span> <span class='ocrx_word' id='word_1_286' title='bbox 428 4045 505 4110; x_wconf 94' lang='lat' dir='ltr'><strong>lll,</strong></span> <span class='ocrx_word' id='word_1_287' title='bbox 528 4054 836 4101; x_wconf 87' lang='lat' dir='ltr'><strong>constanter</strong></span> <span class='ocrx_word' id='word_1_288' title='bbox 858 4043 1101 4099; x_wconf 77' lang='lat' dir='ltr'><strong>videmus</strong></span> <span class='ocrx_word' id='word_1_289' title='bbox 1125 4043 1461 4110; x_wconf 84' lang='lat' dir='ltr'><strong>observasse,</strong></span> <span class='ocrx_word' id='word_1_290' title='bbox 1491 4053 1708 4099; x_wconf 85' lang='lat' dir='ltr'><strong>centum</strong></span> 
     </span>
    </p>
   </div>
   <div class='ocr_carea' id='block_1_40' title="bbox 194 4133 1704 4204">
    <p class='ocr_par' dir='ltr' id='par_1_40' title="bbox 194 4133 1704 4204">
     <span class='ocr_line' id='line_1_40' title="bbox 194 4133 1704 4204; baseline 0.001 -14"><span class='ocrx_word' id='word_1_291' title='bbox 194 4135 423 4201; x_wconf 61' lang='lat' dir='ltr'><strong>posthaec</strong></span> <span class='ocrx_word' id='word_1_292' title='bbox 443 4136 614 4204; x_wconf 86' lang='lat' dir='ltr'><strong>annis,</strong></span> <span class='ocrx_word' id='word_1_293' title='bbox 650 4144 713 4189; x_wconf 90' lang='lat' dir='ltr'><strong>ut</strong></span> <span class='ocrx_word' id='word_1_294' title='bbox 747 4135 833 4189; x_wconf 91' lang='lat' dir='ltr'><strong>sui</strong></span> <span class='ocrx_word' id='word_1_295' title='bbox 857 4133 1212 4190; x_wconf 84' lang='lat' dir='ltr'><strong>Pontiﬁcatus</strong></span> <span class='ocrx_word' id='word_1_296' title='bbox 1238 4150 1414 4190; x_wconf 89' lang='lat' dir='ltr'><strong>annos</strong></span> <span class='ocrx_word' id='word_1_297' title='bbox 1444 4135 1704 4191; x_wconf 84' lang='lat' dir='ltr'><strong>adnume-</strong></span> 
     </span>
    </p>
   </div>
   <div class='ocr_carea' id='block_1_41' title="bbox 199 4224 1705 4296">
    <p class='ocr_par' dir='ltr' id='par_1_41' title="bbox 199 4224 1705 4296">
     <span class='ocr_line' id='line_1_41' title="bbox 199 4224 1705 4296; baseline 0 -16"><span class='ocrx_word' id='word_1_298' title='bbox 199 4235 318 4280; x_wconf 85' lang='lat' dir='ltr'><strong>raret</strong></span> <span class='ocrx_word' id='word_1_299' title='bbox 365 4226 749 4283; x_wconf 77' lang='lat' dir='ltr'><strong>subscrihendis</strong></span> <span class='ocrx_word' id='word_1_300' title='bbox 785 4224 1026 4294; x_wconf 88' lang='lat' dir='ltr'><strong>epistolis</strong></span> <span class='ocrx_word' id='word_1_301' title='bbox 1049 4265 1064 4290; x_wconf 94' lang='lat'><strong>,</strong></span> <span class='ocrx_word' id='word_1_302' title='bbox 1109 4226 1300 4280; x_wconf 89' lang='lat' dir='ltr'><strong>saltem</strong></span> <span class='ocrx_word' id='word_1_303' title='bbox 1335 4225 1389 4279; x_wconf 92' lang='lat' dir='ltr'><strong>in</strong></span> <span class='ocrx_word' id='word_1_304' title='bbox 1426 4225 1705 4296; x_wconf 86' lang='lat' dir='ltr'><strong>Registro;</strong></span> 
     </span>
    </p>
   </div>
   <div class='ocr_carea' id='block_1_42' title="bbox 199 4313 1708 4384">
    <p class='ocr_par' dir='ltr' id='par_1_42' title="bbox 199 4313 1708 4384">
     <span class='ocr_line' id='line_1_42' title="bbox 199 4313 1708 4384; baseline 0.001 -15"><span class='ocrx_word' id='word_1_305' title='bbox 199 4330 282 4371; x_wconf 85' lang='lat' dir='ltr'><strong>nec</strong></span> <span class='ocrx_word' id='word_1_306' title='bbox 303 4317 508 4372; x_wconf 86' lang='lat' dir='ltr'><strong>aliarum</strong></span> <span class='ocrx_word' id='word_1_307' title='bbox 539 4326 725 4375; x_wconf 77' lang='lat' dir='ltr'><strong>extant</strong></span> <span class='ocrx_word' id='word_1_308' title='bbox 741 4315 984 4384; x_wconf 72' lang='lat' dir='ltr'><strong>exempla</strong></span> <span class='ocrx_word' id='word_1_309' title='bbox 1005 4356 1020 4380; x_wconf 92' lang='lat'><strong>,</strong></span> <span class='ocrx_word' id='word_1_310' title='bbox 1046 4314 1246 4384; x_wconf 82' lang='lat' dir='ltr'><strong>quibus</strong></span> <span class='ocrx_word' id='word_1_311' title='bbox 1279 4313 1506 4383; x_wconf 86' lang='lat' dir='ltr'><strong>pleniori</strong></span> <span class='ocrx_word' id='word_1_312' title='bbox 1533 4314 1708 4370; x_wconf 89' lang='lat' dir='ltr'><strong>forma</strong></span> 
     </span>
    </p>
   </div>
   <div class='ocr_carea' id='block_1_43' title="bbox 201 4403 1702 4472">
    <p class='ocr_par' dir='ltr' id='par_1_43' title="bbox 201 4403 1702 4472">
     <span class='ocr_line' id='line_1_43' title="bbox 201 4403 1702 4472; baseline -0.003 -8"><span class='ocrx_word' id='word_1_313' title='bbox 201 4405 548 4466; x_wconf 69' lang='lat' dir='ltr'><strong>subscribentés</strong></span> <span class='ocrx_word' id='word_1_314' title='bbox 589 4410 647 4465; x_wconf 90' lang='lat' dir='ltr'><strong>S.</strong></span> <span class='ocrx_word' id='word_1_315' title='bbox 676 4409 743 4464; x_wconf 74' lang='grc' dir='ltr'>Β.</span> <span class='ocrx_word' id='word_1_316' title='bbox 767 4407 830 4462; x_wconf 84' lang='grc' dir='ltr'>Ε.</span> <span class='ocrx_word' id='word_1_317' title='bbox 877 4405 1160 4462; x_wconf 90' lang='lat' dir='ltr'><strong>Scriniarii</strong></span> <span class='ocrx_word' id='word_1_318' title='bbox 1193 4405 1309 4459; x_wconf 89' lang='lat' dir='ltr'><strong>sive</strong></span> <span class='ocrx_word' id='word_1_319' title='bbox 1347 4403 1702 4472; x_wconf 87' lang='lat' dir='ltr'><strong>Cancellurii,</strong></span> 
     </span>
    </p>
   </div>
   <div class='ocr_carea' id='block_1_44' title="bbox 201 4489 1781 4570">
    <p class='ocr_par' dir='ltr' id='par_1_44' title="bbox 201 4489 1781 4570">
     <span class='ocr_line' id='line_1_44' title="bbox 201 4489 1781 4570; baseline 0.001 -19"><span class='ocrx_word' id='word_1_320' title='bbox 201 4494 326 4553; x_wconf 74' lang='lat' dir='ltr'><strong>Illum</strong></span> <span class='ocrx_word' id='word_1_321' title='bbox 368 4509 417 4555; x_wconf 90' lang='lat' dir='ltr'><strong>et</strong></span> <span class='ocrx_word' id='word_1_322' title='bbox 461 4502 589 4557; x_wconf 87' lang='lat' dir='ltr'><strong>alios</strong></span> <span class='ocrx_word' id='word_1_323' title='bbox 636 4498 900 4570; x_wconf 87' lang='lat' dir='ltr'><strong>temporis</strong></span> <span class='ocrx_word' id='word_1_324' title='bbox 967 4497 1312 4554; x_wconf 86' lang='lat' dir='ltr'><strong>characteres</strong></span> <span class='ocrx_word' id='word_1_325' title='bbox 1363 4510 1701 4566; x_wconf 89' lang='lat' dir='ltr'><strong>apposuere:</strong></span> <span class='ocrx_word' id='word_1_326' title='bbox 1738 4489 1781 4541; x_wconf 84' lang='grc' dir='ltr'><strong>Ι)</strong></span> 
     </span>
    </p>
   </div>
   <div class='ocr_carea' id='block_1_45' title="bbox 199 4589 1706 4664">
    <p class='ocr_par' dir='ltr' id='par_1_45' title="bbox 199 4589 1706 4664">
     <span class='ocr_line' id='line_1_45' title="bbox 199 4589 1706 4664; baseline -0.001 -20"><span class='ocrx_word' id='word_1_327' title='bbox 199 4589 392 4656; x_wconf 79' lang='lat' dir='ltr'><strong>proinde</strong></span> <span class='ocrx_word' id='word_1_328' title='bbox 436 4608 533 4648; x_wconf 90' lang='lat' dir='ltr'><strong>non</strong></span> <span class='ocrx_word' id='word_1_329' title='bbox 578 4607 874 4664; x_wconf 88' lang='lat' dir='ltr'><strong>possumus</strong></span> <span class='ocrx_word' id='word_1_330' title='bbox 916 4606 983 4645; x_wconf 74' lang='lat' dir='ltr'><strong>ex</strong></span> <span class='ocrx_word' id='word_1_331' title='bbox 1018 4590 1086 4644; x_wconf 88' lang='lat' dir='ltr'><strong>iis</strong></span> <span class='ocrx_word' id='word_1_332' title='bbox 1118 4589 1535 4654; x_wconf 83' lang='lat' dir='ltr'><strong>demonstrare,</strong></span> <span class='ocrx_word' id='word_1_333' title='bbox 1560 4590 1706 4656; x_wconf 91' lang='lat' dir='ltr'><strong>quod</strong></span> 
     </span>
    </p>
   </div>
   <div class='ocr_carea' id='block_1_46' title="bbox 199 4675 1708 4753">
    <p class='ocr_par' dir='ltr' id='par_1_46' title="bbox 199 4675 1708 4753">
     <span class='ocr_line' id='line_1_46' title="bbox 199 4675 1708 4753; baseline -0.003 -19"><span class='ocrx_word' id='word_1_334' title='bbox 199 4675 318 4734; x_wconf 77' lang='lat' dir='ltr'><strong>idem</strong></span> <span class='ocrx_word' id='word_1_335' title='bbox 335 4679 598 4753; x_wconf 74' lang='lat' dir='ltr'><strong>Gregorius</strong></span> <span class='ocrx_word' id='word_1_336' title='bbox 617 4697 890 4742; x_wconf 76' lang='lat' dir='ltr'><strong>annorum</strong></span> <span class='ocrx_word' id='word_1_337' title='bbox 926 4695 1152 4738; x_wconf 90' lang='lat' dir='ltr'><strong>suorum</strong></span> <span class='ocrx_word' id='word_1_338' title='bbox 1177 4677 1572 4734; x_wconf 86' lang='lat' dir='ltr'><strong>Pontiﬁcalium</strong></span> <span class='ocrx_word' id='word_1_339' title='bbox 1605 4679 1708 4730; x_wconf 84' lang='lat' dir='ltr'><strong>ini-</strong></span> 
     </span>
    </p>
   </div>
   <div class='ocr_carea' id='block_1_47' title="bbox 200 4767 1706 4841">
    <p class='ocr_par' dir='ltr' id='par_1_47' title="bbox 200 4767 1706 4841">
     <span class='ocr_line' id='line_1_47' title="bbox 200 4767 1706 4841; baseline -0.001 -16"><span class='ocrx_word' id='word_1_340' title='bbox 200 4767 316 4826; x_wconf 71' lang='lat' dir='ltr'><strong>tium</strong></span> <span class='ocrx_word' id='word_1_341' title='bbox 347 4771 522 4830; x_wconf 81' lang='lat' dir='ltr'><strong>ducere</strong></span> <span class='ocrx_word' id='word_1_342' title='bbox 552 4775 624 4830; x_wconf 85' lang='lat' dir='ltr'><strong>sit</strong></span> <span class='ocrx_word' id='word_1_343' title='bbox 658 4772 855 4841; x_wconf 83' lang='lat' dir='ltr'><strong>solitus</strong></span> <span class='ocrx_word' id='word_1_344' title='bbox 889 4787 922 4826; x_wconf 88' lang='lat' dir='ltr'><strong>a</strong></span> <span class='ocrx_word' id='word_1_345' title='bbox 965 4770 1220 4826; x_wconf 76' lang='lat' dir='ltr'><strong>50Junii.</strong></span> <span class='ocrx_word' id='word_1_346' title='bbox 1255 4769 1488 4824; x_wconf 86' lang='lat' dir='ltr'><strong>Credere</strong></span> <span class='ocrx_word' id='word_1_347' title='bbox 1526 4777 1706 4824; x_wconf 73' lang='lat' dir='ltr'><strong>tamen</strong></span> 
     </span>
    </p>
   </div>
   <div class='ocr_carea' id='block_1_48' title="bbox 199 4847 1708 4938">
    <p class='ocr_par' dir='ltr' id='par_1_48' title="bbox 199 4847 1708 4938">
     <span class='ocr_line' id='line_1_48' title="bbox 199 4847 1708 4938; baseline 0.001 -21"><span class='ocrx_word' id='word_1_348' title='bbox 199 4873 452 4930; x_wconf 78' lang='lat' dir='ltr'><strong>possumus</strong></span> <span class='ocrx_word' id='word_1_349' title='bbox 473 4881 589 4922; x_wconf 89' lang='lat' dir='ltr'><strong>eum</strong></span> <span class='ocrx_word' id='word_1_350' title='bbox 643 4865 701 4920; x_wconf 90' lang='lat' dir='ltr'><strong>in</strong></span> <span class='ocrx_word' id='word_1_351' title='bbox 725 4852 832 4938; x_wconf 48' lang='lat' dir='ltr'><strong>hoc</strong></span> <span class='ocrx_word' id='word_1_352' title='bbox 865 4876 1082 4932; x_wconf 90' lang='lat' dir='ltr'><strong>quoque</strong></span> <span class='ocrx_word' id='word_1_353' title='bbox 1103 4869 1350 4915; x_wconf 85' lang='lat' dir='ltr'><strong>secutum</strong></span> <span class='ocrx_word' id='word_1_354' title='bbox 1378 4847 1588 4917; x_wconf 86' lang='lat' dir='ltr'><strong>morem</strong></span> <span class='ocrx_word' id='word_1_355' title='bbox 1613 4865 1708 4929; x_wconf 84' lang='lat' dir='ltr'><strong>de-</strong></span> 
     </span>
    </p>
   </div>
   <div class='ocr_carea' id='block_1_49' title="bbox 201 4941 1708 5024">
    <p class='ocr_par' dir='ltr' id='par_1_49' title="bbox 201 4941 1708 5024">
     <span class='ocr_line' id='line_1_49' title="bbox 201 4941 1708 5024; baseline -0.001 -13"><span class='ocrx_word' id='word_1_356' title='bbox 201 4965 439 5011; x_wconf 68' lang='lat' dir='ltr'><strong>cesserunt</strong></span> <span class='ocrx_word' id='word_1_357' title='bbox 459 4973 708 5024; x_wconf 86' lang='lat' dir='ltr'><strong>suorum;</strong></span> <span class='ocrx_word' id='word_1_358' title='bbox 749 4941 991 5024; x_wconf 56' lang='lat' dir='ltr'><strong>aditoque</strong></span> <span class='ocrx_word' id='word_1_359' title='bbox 1009 4950 1352 5007; x_wconf 90' lang='lat' dir='ltr'><strong>Pontiﬁcatui</strong></span> <span class='ocrx_word' id='word_1_360' title='bbox 1385 4953 1506 5022; x_wconf 91' lang='lat' dir='ltr'><strong>ejus</strong></span> <span class='ocrx_word' id='word_1_361' title='bbox 1527 4995 1542 5018; x_wconf 89' lang='lat'><strong>,</strong></span> <span class='ocrx_word' id='word_1_362' title='bbox 1581 4963 1708 5009; x_wconf 85' lang='lat' dir='ltr'><strong>tunc</strong></span> 
     </span>
    </p>
   </div>
   <div class='ocr_carea' id='block_1_50' title="bbox 201 5041 1707 5114">
    <p class='ocr_par' dir='ltr' id='par_1_50' title="bbox 201 5041 1707 5114">
     <span class='ocr_line' id='line_1_50' title="bbox 201 5041 1707 5114; baseline -0.003 -14"><span class='ocrx_word' id='word_1_363' title='bbox 201 5041 404 5109; x_wconf 73' lang='lat' dir='ltr'><strong>primum</strong></span> <span class='ocrx_word' id='word_1_364' title='bbox 418 5045 656 5103; x_wconf 86' lang='lat' dir='ltr'><strong>inchoato</strong></span> <span class='ocrx_word' id='word_1_365' title='bbox 693 5061 820 5101; x_wconf 85' lang='lat' dir='ltr'><strong>cum</strong></span> <span class='ocrx_word' id='word_1_366' title='bbox 841 5043 1141 5114; x_wconf 70' lang='lat' dir='ltr'><strong>coepitesse</strong></span> <span class='ocrx_word' id='word_1_367' title='bbox 1167 5043 1498 5112; x_wconf 87' lang='lat' dir='ltr'><strong>Episcopus,</strong></span> <span class='ocrx_word' id='word_1_368' title='bbox 1529 5045 1707 5099; x_wconf 89' lang='lat' dir='ltr'><strong>solum</strong></span> 
     </span>
    </p>
   </div>
   <div class='ocr_carea' id='block_1_51' title="bbox 202 5130 1708 5199">
    <p class='ocr_par' dir='ltr' id='par_1_51' title="bbox 202 5130 1708 5199">
     <span class='ocr_line' id='line_1_51' title="bbox 202 5130 1708 5199; baseline -0.003 -8"><span class='ocrx_word' id='word_1_369' title='bbox 202 5130 490 5192; x_wconf 58' lang='lat' dir='ltr'><strong>ahaibeml?</strong></span> <span class='ocrx_word' id='word_1_370' title='bbox 515 5151 663 5194; x_wconf 54' lang='lat' dir='ltr'><strong>sesse</strong></span> <span class='ocrx_word' id='word_1_371' title='bbox 689 5148 864 5190; x_wconf 88' lang='lat' dir='ltr'><strong>annos</strong></span> <span class='ocrx_word' id='word_1_372' title='bbox 881 5134 966 5198; x_wconf 81' lang='lat' dir='ltr'><strong>ll,</strong></span> <span class='ocrx_word' id='word_1_373' title='bbox 996 5148 1211 5188; x_wconf 81' lang='lat' dir='ltr'><strong>menses</strong></span> <span class='ocrx_word' id='word_1_374' title='bbox 1229 5132 1315 5199; x_wconf 87' lang='lat' dir='ltr'><strong>l0,</strong></span> <span class='ocrx_word' id='word_1_375' title='bbox 1344 5132 1459 5187; x_wconf 89' lang='lat' dir='ltr'><strong>dies</strong></span> <span class='ocrx_word' id='word_1_376' title='bbox 1479 5133 1568 5187; x_wconf 70' lang='lat'><strong>26.</strong></span> <span class='ocrx_word' id='word_1_377' title='bbox 1595 5133 1708 5187; x_wconf 79' lang='lat' dir='ltr'><strong>Hoc</strong></span> 
     </span>
    </p>
   </div>
   <div class='ocr_carea' id='block_1_52' title="bbox 201 5218 1711 5302">
    <p class='ocr_par' dir='ltr' id='par_1_52' title="bbox 201 5218 1711 5302">
     <span class='ocr_line' id='line_1_52' title="bbox 201 5218 1711 5302; baseline -0.006 -17"><span class='ocrx_word' id='word_1_378' title='bbox 201 5227 354 5302; x_wconf 59' lang='grc' dir='ltr'><strong>ιω</strong></span> <span class='ocrx_word' id='word_1_379' title='bbox 369 5228 513 5284; x_wconf 83' lang='lat' dir='ltr'><strong>modo</strong></span> <span class='ocrx_word' id='word_1_380' title='bbox 527 5221 939 5300; x_wconf 78' lang='lat' dir='ltr'><strong>praecedentium</strong></span> <span class='ocrx_word' id='word_1_381' title='bbox 961 5221 1206 5276; x_wconf 84' lang='lat' dir='ltr'><strong>omnium</strong></span> <span class='ocrx_word' id='word_1_382' title='bbox 1234 5218 1557 5276; x_wconf 86' lang='lat' dir='ltr'><strong>Pontiﬁcum</strong></span> <span class='ocrx_word' id='word_1_383' title='bbox 1586 5238 1711 5291; x_wconf 75' lang='lat' dir='ltr'><strong>spa~</strong></span> 
     </span>
    </p>
   </div>
   <div class='ocr_carea' id='block_1_53' title="bbox 203 5309 1710 5384">
    <p class='ocr_par' dir='ltr' id='par_1_53' title="bbox 203 5309 1710 5384">
     <span class='ocr_line' id='line_1_53' title="bbox 203 5309 1710 5384; baseline -0.001 -16"><span class='ocrx_word' id='word_1_384' title='bbox 203 5309 605 5375; x_wconf 62' lang='lat' dir='ltr'><strong>humanius</strong></span> <span class='ocrx_word' id='word_1_385' title='bbox 624 5360 640 5384; x_wconf 94' lang='lat'><strong>,</strong></span> <span class='ocrx_word' id='word_1_386' title='bbox 676 5318 736 5374; x_wconf 87' lang='lat' dir='ltr'><strong>in</strong></span> <span class='ocrx_word' id='word_1_387' title='bbox 759 5322 948 5371; x_wconf 88' lang='lat' dir='ltr'><strong>nostra</strong></span> <span class='ocrx_word' id='word_1_388' title='bbox 979 5313 1048 5372; x_wconf 84' lang='lat' dir='ltr'><strong>de</strong></span> <span class='ocrx_word' id='word_1_389' title='bbox 1069 5311 1399 5368; x_wconf 83' lang='lat' dir='ltr'><strong>Pontiﬁcum</strong></span> <span class='ocrx_word' id='word_1_390' title='bbox 1433 5311 1710 5372; x_wconf 88' lang='lat' dir='ltr'><strong>Romano—</strong></span> 
     </span>
    </p>
   </div>
   <div class='ocr_carea' id='block_1_54' title="bbox 203 5403 1708 5482">
    <p class='ocr_par' dir='ltr' id='par_1_54' title="bbox 203 5403 1708 5482">
     <span class='ocr_line' id='line_1_54' title="bbox 203 5403 1708 5482; baseline -0.008 -16"><span class='ocrx_word' id='word_1_391' title='bbox 684 5416 920 5464; x_wconf 85' lang='lat' dir='ltr'><strong>traetatu</strong></span> <span class='ocrx_word' id='word_1_392' title='bbox 946 5449 961 5472; x_wconf 86' lang='lat'><strong>,</strong></span> <span class='ocrx_word' id='word_1_393' title='bbox 995 5404 1211 5460; x_wconf 86' lang='lat' dir='ltr'><strong>tandem</strong></span> <span class='ocrx_word' id='word_1_394' title='bbox 1247 5419 1391 5459; x_wconf 89' lang='lat' dir='ltr'><strong>nunc</strong></span> <span class='ocrx_word' id='word_1_395' title='bbox 1415 5403 1560 5458; x_wconf 88' lang='lat' dir='ltr'><strong>edito</strong></span> <span class='ocrx_word' id='word_1_396' title='bbox 1585 5421 1600 5469; x_wconf 92' lang='lat'><strong>;</strong></span> <span class='ocrx_word' id='word_1_397' title='bbox 1630 5403 1708 5457; x_wconf 89' lang='lat' dir='ltr'><strong>si-</strong></span> 
     </span>
    </p>
   </div>
   <div class='ocr_carea' id='block_1_55' title="bbox 201 5488 1708 5583">
    <p class='ocr_par' dir='ltr' id='par_1_55' title="bbox 201 5488 1708 5583">
     <span class='ocr_line' id='line_1_55' title="bbox 201 5488 1708 5583; baseline -0.017 -12"><span class='ocrx_word' id='word_1_398' title='bbox 415 5488 756 5560; x_wconf 70' lang='lat' dir='ltr'><strong>Ohservamus</strong></span> <span class='ocrx_word' id='word_1_399' title='bbox 800 5498 1135 5583; x_wconf 59' lang='lat' dir='ltr'><strong>quinicam</strong></span> <span class='ocrx_word' id='word_1_400' title='bbox 1180 5494 1344 5561; x_wconf 89' lang='lat' dir='ltr'><strong>diem,</strong></span> <span class='ocrx_word' id='word_1_401' title='bbox 1375 5504 1436 5549; x_wconf 90' lang='lat' dir='ltr'><strong>ut</strong></span> <span class='ocrx_word' id='word_1_402' title='bbox 1479 5493 1708 5548; x_wconf 84' lang='lat' dir='ltr'><strong>Ordina-</strong></span> 
     </span>
    </p>
   </div>
   <div class='ocr_carea' id='block_1_56' title="bbox 197 5573 1708 5658">
    <p class='ocr_par' dir='ltr' id='par_1_56' title="bbox 197 5573 1708 5658">
     <span class='ocr_line' id='line_1_56' title="bbox 197 5573 1708 5658; baseline -0.004 -14"><span class='ocrx_word' id='word_1_403' title='bbox 197 5573 410 5648; x_wconf 60' lang='lat' dir='ltr'><em>W</em></span> <span class='ocrx_word' id='word_1_404' title='bbox 442 5593 695 5652; x_wconf 76' lang='lat' dir='ltr'><strong>faciendis</strong></span> <span class='ocrx_word' id='word_1_405' title='bbox 737 5573 1033 5658; x_wconf 52' lang='lat' dir='ltr'><strong>antiq&#39;uitus</strong></span> <span class='ocrx_word' id='word_1_406' title='bbox 1063 5587 1467 5658; x_wconf 68' lang='lat' dir='ltr'><strong>praescriptam:</strong></span> <span class='ocrx_word' id='word_1_407' title='bbox 1511 5594 1566 5639; x_wconf 89' lang='lat' dir='ltr'><strong>et</strong></span> <span class='ocrx_word' id='word_1_408' title='bbox 1605 5585 1708 5638; x_wconf 87' lang='lat' dir='ltr'><strong>hac</strong></span> 
     </span>
    </p>
   </div>
   <div class='ocr_carea' id='block_1_57' title="bbox 204 5665 1705 5756">
    <p class='ocr_par' dir='ltr' id='par_1_57' title="bbox 204 5665 1705 5756">
     <span class='ocr_line' id='line_1_57' title="bbox 204 5665 1705 5756; baseline -0.007 -17"><span class='ocrx_word' id='word_1_409' title='bbox 204 5665 372 5752; x_wconf 61' lang='lat' dir='ltr'><strong>duplici</strong></span> <span class='ocrx_word' id='word_1_410' title='bbox 421 5687 588 5756; x_wconf 80' lang='lat' dir='ltr'><strong>regula</strong></span> <span class='ocrx_word' id='word_1_411' title='bbox 643 5680 1003 5753; x_wconf 71' lang='lat' dir='ltr'><strong>expediendas</strong></span> <span class='ocrx_word' id='word_1_412' title='bbox 1045 5695 1328 5750; x_wconf 90' lang='lat' dir='ltr'><strong>speramus</strong></span> <span class='ocrx_word' id='word_1_413' title='bbox 1359 5675 1705 5730; x_wconf 85' lang='lat' dir='ltr'><strong>intinitashi-</strong></span> 
     </span>
    </p>
   </div>
   <div class='ocr_carea' id='block_1_58' title="bbox 207 5767 1703 5844">
    <p class='ocr_par' dir='ltr' id='par_1_58' title="bbox 207 5767 1703 5844">
     <span class='ocr_line' id='line_1_58' title="bbox 207 5767 1703 5844; baseline -0.007 -14"><span class='ocrx_word' id='word_1_414' title='bbox 207 5773 358 5842; x_wconf 63' lang='lat' dir='ltr'><strong>ﬁeri:</strong></span> <span class='ocrx_word' id='word_1_415' title='bbox 389 5777 752 5834; x_wconf 69' lang='lat' dir='ltr'><strong>ecclesiastica:</strong></span> <span class='ocrx_word' id='word_1_416' title='bbox 787 5771 1142 5837; x_wconf 77' lang='lat' dir='ltr'><strong>difﬁcultates,</strong></span> <span class='ocrx_word' id='word_1_417' title='bbox 1178 5787 1298 5844; x_wconf 67' lang='lat' dir='ltr'><strong>quae</strong></span> <span class='ocrx_word' id='word_1_418' title='bbox 1345 5767 1703 5823; x_wconf 81' lang='lat' dir='ltr'><strong>Buronianam</strong></span> 
     </span>
    </p>
   </div>
   <div class='ocr_carea' id='block_1_59' title="bbox 175 6207 466 6241">
    <p class='ocr_par' dir='ltr' id='par_1_59' title="bbox 175 6207 466 6241">
     <span class='ocr_line' id='line_1_59' title="bbox 175 6207 466 6241; baseline 0 0"><span class='ocrx_word' id='word_1_419' title='bbox 175 6207 408 6241; x_wconf 61' lang='lat' dir='ltr'><strong>IlI-&#39;1</strong></span> <span class='ocrx_word' id='word_1_420' title='bbox 443 6235 466 6241; x_wconf 88' lang='lat'><strong>-_</strong></span> 
     </span>
    </p>
   </div>
   <div class='ocr_carea' id='block_1_60' title="bbox 1094 387 2470 456">
    <p class='ocr_par' dir='ltr' id='par_1_60' title="bbox 1094 387 2470 456">
     <span class='ocr_line' id='line_1_60' title="bbox 1094 387 2470 456; baseline 0.012 -15"><span class='ocrx_word' id='word_1_421' title='bbox 1094 387 1616 445; x_wconf 66' lang='lat' dir='ltr'><strong>PROLE‘GOMENA.</strong></span> <span class='ocrx_word' id='word_1_422' title='bbox 1657 422 1727 432; x_wconf 87' lang='lat'><strong>-—-</strong></span> <span class='ocrx_word' id='word_1_423' title='bbox 1764 393 1946 450; x_wconf 80' lang='lat' dir='ltr'><strong>ACTA</strong></span> <span class='ocrx_word' id='word_1_424' title='bbox 1986 396 2042 452; x_wconf 91' lang='lat' dir='ltr'><strong>S.</strong></span> <span class='ocrx_word' id='word_1_425' title='bbox 2082 397 2426 456; x_wconf 81' lang='lat' dir='ltr'><strong>GREGORII.</strong></span> <span class='ocrx_word' id='word_1_426' title='bbox 2461 396 2470 403; x_wconf 80' lang='grc'><em>’</em></span> 
     </span>
    </p>
   </div>
   <div class='ocr_carea' id='block_1_61' title="bbox 197 498 3379 595">
    <p class='ocr_par' dir='ltr' id='par_1_61' title="bbox 197 498 3379 595">
     <span class='ocr_line' id='line_1_61' title="bbox 197 498 3379 595; baseline 0.004 -39"><span class='ocrx_word' id='word_1_427' title='bbox 197 502 285 572; x_wconf 81' lang='lat' dir='ltr'><strong>tur)</strong></span> <span class='ocrx_word' id='word_1_428' title='bbox 307 499 366 555; x_wconf 77' lang='grc'><strong>10</strong></span> <span class='ocrx_word' id='word_1_429' title='bbox 388 498 651 556; x_wconf 81' lang='lat' dir='ltr'><strong>Kalendas</strong></span> <span class='ocrx_word' id='word_1_430' title='bbox 686 498 812 555; x_wconf 76' lang='lat' dir='ltr'><strong>Maii</strong></span> <span class='ocrx_word' id='word_1_431' title='bbox 831 542 846 567; x_wconf 95' lang='lat'><strong>,</strong></span> <span class='ocrx_word' id='word_1_432' title='bbox 887 500 1018 556; x_wconf 90' lang='lat' dir='ltr'><strong>dicit</strong></span> <span class='ocrx_word' id='word_1_433' title='bbox 1043 501 1188 571; x_wconf 82' lang='lat' dir='ltr'><strong>quod</strong></span> <span class='ocrx_word' id='word_1_434' title='bbox 1213 500 1373 580; x_wconf 80' lang='lat' dir='ltr'><strong>Regis</strong></span> <span class='ocrx_word' id='word_1_435' title='bbox 1395 515 1722 585; x_wconf 82' lang='lat' dir='ltr'><strong>consensum</strong></span> <span class='ocrx_word' id='word_1_436' title='bbox 1753 506 1798 561; x_wconf 81' lang='grc' dir='ltr'>Λ</span> <span class='ocrx_word' id='word_1_437' title='bbox 1821 502 1966 558; x_wconf 90' lang='lat' dir='ltr'><strong>circa</strong></span> <span class='ocrx_word' id='word_1_438' title='bbox 1989 503 2276 564; x_wconf 86' lang='lat' dir='ltr'><strong>Pontiﬁces</strong></span> <span class='ocrx_word' id='word_1_439' title='bbox 2303 511 2732 584; x_wconf 78' lang='lat' dir='ltr'><strong>chronologiam,</strong></span> <span class='ocrx_word' id='word_1_440' title='bbox 2758 519 2849 575; x_wconf 86' lang='lat' dir='ltr'><strong>uhi</strong></span> <span class='ocrx_word' id='word_1_441' title='bbox 2878 531 3068 579; x_wconf 89' lang='lat' dir='ltr'><strong>neutra</strong></span> <span class='ocrx_word' id='word_1_442' title='bbox 3097 526 3277 595; x_wconf 54' lang='lat' dir='ltr'><strong>regat;</strong></span> <span class='ocrx_word' id='word_1_443' title='bbox 3298 535 3379 583; x_wconf 72' lang='grc' dir='ltr'><strong>ιε-</strong></span> 
     </span>
    </p>
   </div>
   <div class='ocr_carea' id='block_1_62' title="bbox 194 591 3043 677">
    <p class='ocr_par' dir='ltr' id='par_1_62' title="bbox 194 591 3043 677">
     <span class='ocr_line' id='line_1_62' title="bbox 194 591 3043 677; baseline 0.007 -30"><span class='ocrx_word' id='word_1_444' title='bbox 194 593 500 664; x_wconf 54' lang='lat' dir='ltr'><strong>praestolans,</strong></span> <span class='ocrx_word' id='word_1_445' title='bbox 526 592 768 662; x_wconf 90' lang='lat' dir='ltr'><strong>primum</strong></span> <span class='ocrx_word' id='word_1_446' title='bbox 795 592 1076 665; x_wconf 83' lang='lat' dir='ltr'><strong>ordinatus</strong></span> <span class='ocrx_word' id='word_1_447' title='bbox 1106 591 1208 648; x_wconf 75' lang='lat' dir='ltr'><strong>fuit</strong></span> <span class='ocrx_word' id='word_1_448' title='bbox 1239 613 1258 644; x_wconf 85' lang='grc'><em>‹</em></span> <span class='ocrx_word' id='word_1_449' title='bbox 1303 608 1445 672; x_wconf 81' lang='lat' dir='ltr'><strong>anno</strong></span> <span class='ocrx_word' id='word_1_450' title='bbox 1473 591 1718 662; x_wconf 87' lang='lat' dir='ltr'><strong>sequenti</strong></span> <span class='ocrx_word' id='word_1_451' title='bbox 1781 662 1791 677; x_wconf 40' lang='lat'><strong>‘</strong></span> <span class='ocrx_word' id='word_1_452' title='bbox 1818 603 1994 660; x_wconf 89' lang='lat' dir='ltr'><strong>netur,</strong></span> <span class='ocrx_word' id='word_1_453' title='bbox 2023 596 2308 655; x_wconf 85' lang='lat' dir='ltr'><strong>identidem</strong></span> <span class='ocrx_word' id='word_1_454' title='bbox 2328 604 2642 671; x_wconf 84' lang='lat' dir='ltr'><strong>perturbant</strong></span> <span class='ocrx_word' id='word_1_455' title='bbox 2661 591 3043 677; x_wconf 81' lang='lat' dir='ltr'><strong>implicantque</strong></span> 
     </span>
    </p>
   </div>
   <div class='ocr_carea' id='block_1_63' title="bbox 3308 412 3375 468">
    <p class='ocr_par' dir='ltr' id='par_1_63' title="bbox 3308 412 3375 468">
     <span class='ocr_line' id='line_1_63' title="bbox 3308 412 3375 468; baseline 0 0"><span class='ocrx_word' id='word_1_456' title='bbox 3308 412 3375 468; x_wconf 77' lang='lat'><strong>&#39;58</strong></span> 
     </span>
    </p>
   </div>
   <div class='ocr_carea' id='block_1_64' title="bbox 1818 596 3062 682">
    <p class='ocr_par' dir='ltr' id='par_1_64' title="bbox 1818 596 3062 682">
     <span class='ocr_line' id='line_1_64' title="bbox 1818 596 3062 682; baseline 0.018 -36"><span class='ocrx_word' id='word_1_457' title='bbox 1818 603 1994 660; x_wconf 89' lang='lat' dir='ltr'><strong>netur,</strong></span> <span class='ocrx_word' id='word_1_458' title='bbox 2023 596 2308 655; x_wconf 85' lang='lat' dir='ltr'><strong>identidem</strong></span> <span class='ocrx_word' id='word_1_459' title='bbox 2328 604 2642 671; x_wconf 84' lang='lat' dir='ltr'><strong>perturbant</strong></span> <span class='ocrx_word' id='word_1_460' title='bbox 2661 596 3062 682; x_wconf 83' lang='lat' dir='ltr'><strong>implicantque.</strong></span> 
     </span>
    </p>
   </div>
   <div class='ocr_carea' id='block_1_65' title="bbox 1885 683 3376 775">
    <p class='ocr_par' dir='ltr' id='par_1_65' title="bbox 1885 683 3376 775">
     <span class='ocr_line' id='line_1_65' title="bbox 1885 683 3376 775; baseline 0.017 -38"><span class='ocrx_word' id='word_1_461' title='bbox 1885 683 1973 739; x_wconf 72' lang='lat'><strong>40.</strong></span> <span class='ocrx_word' id='word_1_462' title='bbox 2012 683 2199 744; x_wconf 74' lang='lat' dir='ltr'><strong>Dilata:</strong></span> <span class='ocrx_word' id='word_1_463' title='bbox 2237 706 2411 761; x_wconf 84' lang='lat' dir='ltr'><strong>usque</strong></span> <span class='ocrx_word' id='word_1_464' title='bbox 2454 709 2521 750; x_wconf 91' lang='lat' dir='ltr'><strong>eo</strong></span> <span class='ocrx_word' id='word_1_465' title='bbox 2561 694 2930 758; x_wconf 81' lang='lat' dir='ltr'><strong>Ordinationis</strong></span> <span class='ocrx_word' id='word_1_466' title='bbox 2975 719 3225 775; x_wconf 89' lang='lat' dir='ltr'><strong>causam,</strong></span> <span class='ocrx_word' id='word_1_467' title='bbox 3267 722 3376 762; x_wconf 82' lang='lat' dir='ltr'><strong>non</strong></span> 
     </span>
    </p>
   </div>
   <div class='ocr_carea' id='block_1_66' title="bbox 1816 773 3379 864">
    <p class='ocr_par' dir='ltr' id='par_1_66' title="bbox 1816 773 3379 864">
     <span class='ocr_line' id='line_1_66' title="bbox 1816 773 3379 864; baseline 0.015 -37"><span class='ocrx_word' id='word_1_468' title='bbox 1816 773 2020 844; x_wconf 89' lang='lat' dir='ltr'><strong>absque</strong></span> <span class='ocrx_word' id='word_1_469' title='bbox 2041 779 2219 849; x_wconf 92' lang='lat' dir='ltr'><strong>aliqua</strong></span> <span class='ocrx_word' id='word_1_470' title='bbox 2241 784 2353 836; x_wconf 91' lang='lat' dir='ltr'><strong>veri</strong></span> <span class='ocrx_word' id='word_1_471' title='bbox 2374 784 2742 864; x_wconf 65' lang='lat' dir='ltr'><strong>similitudine,</strong></span> <span class='ocrx_word' id='word_1_472' title='bbox 2763 791 2975 847; x_wconf 84' lang='lat' dir='ltr'><strong>videtur</strong></span> <span class='ocrx_word' id='word_1_473' title='bbox 2996 773 3379 864; x_wconf 73' lang='lat' dir='ltr'><strong>praememera-</strong></span> 
     </span>
    </p>
   </div>
   <div class='ocr_carea' id='block_1_67' title="bbox 1815 852 3377 956">
    <p class='ocr_par' dir='ltr' id='par_1_67' title="bbox 1815 852 3377 956">
     <span class='ocr_line' id='line_1_67' title="bbox 1815 852 3377 956; baseline 0.016 -39"><span class='ocrx_word' id='word_1_474' title='bbox 1815 870 1905 920; x_wconf 86' lang='lat' dir='ltr'><strong>tus</strong></span> <span class='ocrx_word' id='word_1_475' title='bbox 1941 864 2104 952; x_wconf 82' lang='lat' dir='ltr'><strong>Ottho</strong></span> <span class='ocrx_word' id='word_1_476' title='bbox 2151 852 2676 947; x_wconf 73' lang='lat' dir='ltr'><strong>Schafnaburgensis</strong></span> <span class='ocrx_word' id='word_1_477' title='bbox 2712 852 2846 936; x_wconf 79' lang='lat' dir='ltr'><strong>satis</strong></span> <span class='ocrx_word' id='word_1_478' title='bbox 2895 852 3144 939; x_wconf 73' lang='lat' dir='ltr'><strong>idoneam</strong></span> <span class='ocrx_word' id='word_1_479' title='bbox 3177 903 3377 956; x_wconf 89' lang='lat' dir='ltr'><strong>propo—</strong></span> 
     </span>
    </p>
   </div>
   <div class='ocr_carea' id='block_1_68' title="bbox 1816 957 3393 1044">
    <p class='ocr_par' dir='ltr' id='par_1_68' title="bbox 1816 957 3393 1044">
     <span class='ocr_line' id='line_1_68' title="bbox 1816 957 3393 1044; baseline 0.015 -37"><span class='ocrx_word' id='word_1_480' title='bbox 1816 970 1964 1023; x_wconf 89' lang='lat' dir='ltr'><strong>nere,</strong></span> <span class='ocrx_word' id='word_1_481' title='bbox 1989 957 2118 1012; x_wconf 88' lang='lat' dir='ltr'><strong>dum</strong></span> <span class='ocrx_word' id='word_1_482' title='bbox 2135 961 2342 1030; x_wconf 86' lang='lat' dir='ltr'><strong>scribit,</strong></span> <span class='ocrx_word' id='word_1_483' title='bbox 2364 966 2509 1034; x_wconf 83' lang='lat' dir='ltr'><strong>quod</strong></span> <span class='ocrx_word' id='word_1_484' title='bbox 2530 967 2795 1026; x_wconf 88' lang='lat' dir='ltr'><strong>intellecta</strong></span> <span class='ocrx_word' id='word_1_485' title='bbox 2829 971 3074 1044; x_wconf 81' lang='lat' dir='ltr'><strong>Gregorii</strong></span> <span class='ocrx_word' id='word_1_486' title='bbox 3091 977 3393 1041; x_wconf 71' lang='lat' dir='ltr'><strong>electionc,‘</strong></span> 
     </span>
    </p>
   </div>
   <div class='ocr_carea' id='block_1_69' title="bbox 1815 1051 3376 1135">
    <p class='ocr_par' dir='ltr' id='par_1_69' title="bbox 1815 1051 3376 1135">
     <span class='ocr_line' id='line_1_69' title="bbox 1815 1051 3376 1135; baseline 0.015 -38"><span class='ocrx_word' id='word_1_487' title='bbox 1815 1052 1870 1098; x_wconf 90' lang='lat' dir='ltr'><strong>et</strong></span> <span class='ocrx_word' id='word_1_488' title='bbox 1911 1065 1928 1097; x_wconf 73' lang='grc' dir='ltr'>ι</span> <span class='ocrx_word' id='word_1_489' title='bbox 1964 1063 2074 1117; x_wconf 92' lang='lat' dir='ltr'><strong>quo</strong></span> <span class='ocrx_word' id='word_1_490' title='bbox 2117 1051 2279 1106; x_wconf 89' lang='lat' dir='ltr'><strong>modo</strong></span> <span class='ocrx_word' id='word_1_491' title='bbox 2314 1055 2429 1109; x_wconf 87' lang='lat' dir='ltr'><strong>zelo</strong></span> <span class='ocrx_word' id='word_1_492' title='bbox 2458 1055 2554 1110; x_wconf 87' lang='lat' dir='ltr'><strong>Dei</strong></span> <span class='ocrx_word' id='word_1_493' title='bbox 2598 1056 3031 1119; x_wconf 78' lang='lat' dir='ltr'><strong>ferventissimus</strong></span> <span class='ocrx_word' id='word_1_494' title='bbox 3063 1073 3212 1132; x_wconf 80' lang='lat' dir='ltr'><strong>erat,</strong></span> <span class='ocrx_word' id='word_1_495' title='bbox 3247 1064 3376 1135; x_wconf 84' lang='lat' dir='ltr'><strong>Epi-</strong></span> 
     </span>
    </p>
   </div>
   <div class='ocr_carea' id='block_1_70' title="bbox 1815 1135 3374 1224">
    <p class='ocr_par' dir='ltr' id='par_1_70' title="bbox 1815 1135 3374 1224">
     <span class='ocr_line' id='line_1_70' title="bbox 1815 1135 3374 1224; baseline 0.013 -36"><span class='ocrx_word' id='word_1_496' title='bbox 1815 1136 1966 1204; x_wconf 88' lang='lat' dir='ltr'><strong>scopi</strong></span> <span class='ocrx_word' id='word_1_497' title='bbox 1989 1135 2284 1196; x_wconf 90' lang='lat' dir='ltr'><strong>Galliarum</strong></span> <span class='ocrx_word' id='word_1_498' title='bbox 2306 1144 2555 1213; x_wconf 85' lang='lat' dir='ltr'><strong>protinus</strong></span> <span class='ocrx_word' id='word_1_499' title='bbox 2587 1151 2780 1218; x_wconf 82' lang='lat' dir='ltr'><strong>grandi</strong></span> <span class='ocrx_word' id='word_1_500' title='bbox 2804 1157 3060 1224; x_wconf 86' lang='lat' dir='ltr'><strong>scrupulo</strong></span> <span class='ocrx_word' id='word_1_501' title='bbox 3075 1157 3374 1212; x_wconf 84' lang='lat' dir='ltr'><strong>uermovcri</strong></span> 
     </span>
    </p>
   </div>
   <div class='ocr_carea' id='block_1_71' title="bbox 1815 1233 3376 1316">
    <p class='ocr_par' dir='ltr' id='par_1_71' title="bbox 1815 1233 3376 1316">
     <span class='ocr_line' id='line_1_71' title="bbox 1815 1233 3376 1316; baseline 0.014 -39"><span class='ocrx_word' id='word_1_502' title='bbox 1815 1235 2124 1316; x_wconf 68' lang='lat' dir='ltr'><strong>cmperunt,</strong></span> <span class='ocrx_word' id='word_1_503' title='bbox 2153 1246 2222 1286; x_wconf 90' lang='lat' dir='ltr'><strong>ne</strong></span> <span class='ocrx_word' id='word_1_504' title='bbox 2266 1233 2348 1287; x_wconf 88' lang='lat' dir='ltr'><strong>vir</strong></span> <span class='ocrx_word' id='word_1_505' title='bbox 2377 1237 2725 1295; x_wconf 68' lang='lat' dir='ltr'><strong>vehementis</strong></span> <span class='ocrx_word' id='word_1_506' title='bbox 2754 1241 2956 1312; x_wconf 81' lang='lat' dir='ltr'><strong>ingenii</strong></span> <span class='ocrx_word' id='word_1_507' title='bbox 2991 1252 3045 1299; x_wconf 89' lang='lat' dir='ltr'><strong>et</strong></span> <span class='ocrx_word' id='word_1_508' title='bbox 3083 1246 3224 1300; x_wconf 88' lang='lat' dir='ltr'><strong>acris</strong></span> <span class='ocrx_word' id='word_1_509' title='bbox 3248 1260 3376 1316; x_wconf 72' lang='lat' dir='ltr'><strong>erga</strong></span> 
     </span>
    </p>
   </div>
   <div class='ocr_carea' id='block_1_72' title="bbox 1794 1312 3377 1405">
    <p class='ocr_par' dir='ltr' id='par_1_72' title="bbox 1794 1312 3377 1405">
     <span class='ocr_line' id='line_1_72' title="bbox 1794 1312 3377 1405; baseline 0.014 -38"><span class='ocrx_word' id='word_1_510' title='bbox 1794 1312 1986 1370; x_wconf 82' lang='lat' dir='ltr'><strong>Deum</strong></span> <span class='ocrx_word' id='word_1_511' title='bbox 2032 1316 2194 1386; x_wconf 88' lang='lat' dir='ltr'><strong>ﬁdei,</strong></span> <span class='ocrx_word' id='word_1_512' title='bbox 2245 1322 2546 1382; x_wconf 86' lang='lat' dir='ltr'><strong>districtius</strong></span> <span class='ocrx_word' id='word_1_513' title='bbox 2591 1344 2687 1385; x_wconf 90' lang='lat' dir='ltr'><strong>eos</strong></span> <span class='ocrx_word' id='word_1_514' title='bbox 2741 1345 2840 1402; x_wconf 88' lang='lat' dir='ltr'><strong>pro</strong></span> <span class='ocrx_word' id='word_1_515' title='bbox 2879 1312 3377 1405; x_wconf 71' lang='lat' dir='ltr'><strong>negligentiissuis</strong></span> 
     </span>
    </p>
   </div>
   <div class='ocr_carea' id='block_1_73' title="bbox 1816 1406 3378 1488">
    <p class='ocr_par' dir='ltr' id='par_1_73' title="bbox 1816 1406 3378 1488">
     <span class='ocr_line' id='line_1_73' title="bbox 1816 1406 3378 1488; baseline 0.013 -29"><span class='ocrx_word' id='word_1_516' title='bbox 1816 1406 2141 1478; x_wconf 84' lang='lat' dir='ltr'><strong>quandoque</strong></span> <span class='ocrx_word' id='word_1_517' title='bbox 2170 1410 2462 1470; x_wconf 74' lang='lat' dir='ltr'><strong>discuteret</strong></span> <span class='ocrx_word' id='word_1_518' title='bbox 2485 1434 2497 1469; x_wconf 94' lang='lat'><strong>:</strong></span> <span class='ocrx_word' id='word_1_519' title='bbox 2521 1426 2684 1488; x_wconf 89' lang='lat' dir='ltr'><strong>atque</strong></span> <span class='ocrx_word' id='word_1_520' title='bbox 2716 1410 2836 1476; x_wconf 88' lang='lat' dir='ltr'><strong>ideo</strong></span> <span class='ocrx_word' id='word_1_521' title='bbox 2859 1425 3238 1480; x_wconf 88' lang='lat' dir='ltr'><strong>communibus</strong></span> <span class='ocrx_word' id='word_1_522' title='bbox 3257 1441 3378 1479; x_wconf 83' lang='lat' dir='ltr'><strong>om-</strong></span> 
     </span>
    </p>
   </div>
   <div class='ocr_carea' id='block_1_74' title="bbox 1817 1497 3376 1582">
    <p class='ocr_par' dir='ltr' id='par_1_74' title="bbox 1817 1497 3376 1582">
     <span class='ocr_line' id='line_1_74' title="bbox 1817 1497 3376 1582; baseline 0.014 -35"><span class='ocrx_word' id='word_1_523' title='bbox 1817 1511 1914 1550; x_wconf 90' lang='lat' dir='ltr'><strong>nes</strong></span> <span class='ocrx_word' id='word_1_524' title='bbox 1933 1498 2176 1556; x_wconf 86' lang='lat' dir='ltr'><strong>consiliis</strong></span> <span class='ocrx_word' id='word_1_525' title='bbox 2202 1497 2401 1574; x_wconf 83' lang='lat' dir='ltr'><strong>Regem</strong></span> <span class='ocrx_word' id='word_1_526' title='bbox 2436 1507 2645 1576; x_wconf 88' lang='lat' dir='ltr'><strong>adorti,</strong></span> <span class='ocrx_word' id='word_1_527' title='bbox 2669 1511 2899 1566; x_wconf 87' lang='lat' dir='ltr'><strong>orabant</strong></span> <span class='ocrx_word' id='word_1_528' title='bbox 2928 1520 2984 1567; x_wconf 91' lang='lat' dir='ltr'><strong>ut</strong></span> <span class='ocrx_word' id='word_1_529' title='bbox 3025 1514 3338 1569; x_wconf 69' lang='lat' dir='ltr'><strong>eleaionem</strong></span> <span class='ocrx_word' id='word_1_530' title='bbox 3358 1555 3376 1582; x_wconf 93' lang='lat'><strong>,</strong></span> 
     </span>
    </p>
   </div>
   <div class='ocr_carea' id='block_1_75' title="bbox 1816 1587 3376 1674">
    <p class='ocr_par' dir='ltr' id='par_1_75' title="bbox 1816 1587 3376 1674">
     <span class='ocr_line' id='line_1_75' title="bbox 1816 1587 3376 1674; baseline 0.014 -36"><span class='ocrx_word' id='word_1_531' title='bbox 1816 1601 1937 1654; x_wconf 81' lang='lat' dir='ltr'><strong>qua:</strong></span> <span class='ocrx_word' id='word_1_532' title='bbox 1972 1587 2090 1657; x_wconf 88' lang='lat' dir='ltr'><strong>ejus</strong></span> <span class='ocrx_word' id='word_1_533' title='bbox 2132 1590 2344 1660; x_wconf 90' lang='lat' dir='ltr'><strong>injussu</strong></span> <span class='ocrx_word' id='word_1_534' title='bbox 2373 1593 2515 1653; x_wconf 89' lang='lat' dir='ltr'><strong>facta</strong></span> <span class='ocrx_word' id='word_1_535' title='bbox 2543 1609 2716 1668; x_wconf 84' lang='lat' dir='ltr'><strong>esset,</strong></span> <span class='ocrx_word' id='word_1_536' title='bbox 2749 1602 2957 1658; x_wconf 89' lang='lat' dir='ltr'><strong>irritam</strong></span> <span class='ocrx_word' id='word_1_537' title='bbox 2977 1619 3094 1674; x_wconf 87' lang='lat' dir='ltr'><strong>esse</strong></span> <span class='ocrx_word' id='word_1_538' title='bbox 3116 1607 3376 1661; x_wconf 86' lang='lat' dir='ltr'><strong>decerne-</strong></span> 
     </span>
    </p>
   </div>
   <div class='ocr_carea' id='block_1_76' title="bbox 1792 1685 3410 1765">
    <p class='ocr_par' dir='ltr' id='par_1_76' title="bbox 1792 1685 3410 1765">
     <span class='ocr_line' id='line_1_76' title="bbox 1792 1685 3410 1765; baseline 0.012 -33"><span class='ocrx_word' id='word_1_539' title='bbox 1792 1685 1934 1741; x_wconf 75' lang='lat' dir='ltr'><strong>,rct;</strong></span> <span class='ocrx_word' id='word_1_540' title='bbox 2000 1690 2304 1738; x_wconf 89' lang='lat' dir='ltr'><strong>asserentes</strong></span> <span class='ocrx_word' id='word_1_541' title='bbox 2344 1687 2488 1754; x_wconf 86' lang='lat' dir='ltr'><strong>quod</strong></span> <span class='ocrx_word' id='word_1_542' title='bbox 2533 1689 2639 1745; x_wconf 87' lang='lat' dir='ltr'><strong>nisi</strong></span> <span class='ocrx_word' id='word_1_543' title='bbox 2678 1691 2937 1761; x_wconf 90' lang='lat' dir='ltr'><strong>impetum</strong></span> <span class='ocrx_word' id='word_1_544' title='bbox 2978 1695 3216 1750; x_wconf 87' lang='lat' dir='ltr'><strong>hominis</strong></span> <span class='ocrx_word' id='word_1_545' title='bbox 3240 1687 3410 1765; x_wconf 26' lang='lat' dir='ltr'><strong>prte-I</strong></span> 
     </span>
    </p>
   </div>
   <div class='ocr_carea' id='block_1_77' title="bbox 1817 1767 3380 1858">
    <p class='ocr_par' dir='ltr' id='par_1_77' title="bbox 1817 1767 3380 1858">
     <span class='ocr_line' id='line_1_77' title="bbox 1817 1767 3380 1858; baseline 0.012 -37"><span class='ocrx_word' id='word_1_546' title='bbox 1817 1767 1999 1822; x_wconf 86' lang='lat' dir='ltr'><strong>venire</strong></span> <span class='ocrx_word' id='word_1_547' title='bbox 2021 1778 2356 1841; x_wconf 88' lang='lat' dir='ltr'><strong>maturaret,</strong></span> <span class='ocrx_word' id='word_1_548' title='bbox 2399 1777 2602 1835; x_wconf 85' lang='lat' dir='ltr'><strong>malum</strong></span> <span class='ocrx_word' id='word_1_549' title='bbox 2646 1780 2752 1835; x_wconf 91' lang='lat' dir='ltr'><strong>hoc</strong></span> <span class='ocrx_word' id='word_1_550' title='bbox 2791 1797 2900 1838; x_wconf 90' lang='lat' dir='ltr'><strong>non</strong></span> <span class='ocrx_word' id='word_1_551' title='bbox 2931 1784 2987 1858; x_wconf 82' lang='lat' dir='ltr'><strong>in</strong></span> <span class='ocrx_word' id='word_1_552' title='bbox 3010 1785 3177 1840; x_wconf 83' lang='lat' dir='ltr'><strong>alium</strong></span> <span class='ocrx_word' id='word_1_553' title='bbox 3204 1786 3380 1856; x_wconf 64' lang='lat' dir='ltr'><strong>magis</strong></span> 
     </span>
    </p>
   </div>
   <div class='ocr_carea' id='block_1_78' title="bbox 1815 1859 3378 1937">
    <p class='ocr_par' dir='ltr' id='par_1_78' title="bbox 1815 1859 3378 1937">
     <span class='ocr_line' id='line_1_78' title="bbox 1815 1859 3378 1937; baseline 0.012 -27"><span class='ocrx_word' id='word_1_554' title='bbox 1815 1873 1977 1927; x_wconf 82' lang='lat' dir='ltr'><strong>quam</strong></span> <span class='ocrx_word' id='word_1_555' title='bbox 2008 1859 2062 1913; x_wconf 89' lang='lat' dir='ltr'><strong>in</strong></span> <span class='ocrx_word' id='word_1_556' title='bbox 2100 1860 2276 1932; x_wconf 88' lang='lat' dir='ltr'><strong>ipsum</strong></span> <span class='ocrx_word' id='word_1_557' title='bbox 2297 1863 2495 1937; x_wconf 84' lang='lat' dir='ltr'><strong>Regem</strong></span> <span class='ocrx_word' id='word_1_558' title='bbox 2521 1863 2947 1927; x_wconf 84' lang='lat' dir='ltr'><strong>redundaturum</strong></span> <span class='ocrx_word' id='word_1_559' title='bbox 2970 1883 3130 1929; x_wconf 89' lang='lat' dir='ltr'><strong>esset.</strong></span> <span class='ocrx_word' id='word_1_560' title='bbox 3157 1871 3378 1929; x_wconf 83' lang='lat' dir='ltr'><strong>Statim-</strong></span> 
     </span>
    </p>
   </div>
   <div class='ocr_carea' id='block_1_79' title="bbox 1804 1943 3440 2033">
    <p class='ocr_par' dir='ltr' id='par_1_79' title="bbox 1804 1943 3440 2033">
     <span class='ocr_line' id='line_1_79' title="bbox 1804 1943 3440 2033; baseline 0.012 -34"><span class='ocrx_word' id='word_1_561' title='bbox 1804 1962 1920 2017; x_wconf 84' lang='lat' dir='ltr'><strong>que</strong></span> <span class='ocrx_word' id='word_1_562' title='bbox 1944 1947 2058 2004; x_wconf 75' lang='lat' dir='ltr'><strong>Rex</strong></span> <span class='ocrx_word' id='word_1_563' title='bbox 2098 1967 2128 2005; x_wconf 88' lang='lat' dir='ltr'><strong>a</strong></span> <span class='ocrx_word' id='word_1_564' title='bbox 2162 1943 2329 2010; x_wconf 84' lang='lat' dir='ltr'><strong>latere</strong></span> <span class='ocrx_word' id='word_1_565' title='bbox 2365 1972 2468 2013; x_wconf 92' lang='lat' dir='ltr'><strong>suo</strong></span> <span class='ocrx_word' id='word_1_566' title='bbox 2496 1957 2868 2016; x_wconf 83' lang='lat' dir='ltr'><strong>Eherhardum</strong></span> <span class='ocrx_word' id='word_1_567' title='bbox 2888 1962 3153 2019; x_wconf 87' lang='lat' dir='ltr'><strong>Comitem</strong></span> <span class='ocrx_word' id='word_1_568' title='bbox 3191 1965 3375 2033; x_wconf 87' lang='lat' dir='ltr'><strong>misit,</strong></span> <span class='ocrx_word' id='word_1_569' title='bbox 3437 2014 3440 2018; x_wconf 87' lang='lat'><strong>.</strong></span> 
     </span>
    </p>
   </div>
   <div class='ocr_carea' id='block_1_80' title="bbox 1813 2038 3380 2120">
    <p class='ocr_par' dir='ltr' id='par_1_80' title="bbox 1813 2038 3380 2120">
     <span class='ocr_line' id='line_1_80' title="bbox 1813 2038 3380 2120; baseline 0.014 -30"><span class='ocrx_word' id='word_1_570' title='bbox 1813 2038 1908 2107; x_wconf 92' lang='lat' dir='ltr'><strong>qui</strong></span> <span class='ocrx_word' id='word_1_571' title='bbox 1946 2038 2221 2098; x_wconf 80' lang='lat' dir='ltr'><strong>Romanos</strong></span> <span class='ocrx_word' id='word_1_572' title='bbox 2246 2043 2508 2104; x_wconf 89' lang='lat' dir='ltr'><strong>Proeeres</strong></span> <span class='ocrx_word' id='word_1_573' title='bbox 2540 2053 2905 2120; x_wconf 88' lang='lat' dir='ltr'><strong>conveniens,</strong></span> <span class='ocrx_word' id='word_1_574' title='bbox 2935 2069 3157 2110; x_wconf 88' lang='lat' dir='ltr'><strong>causam</strong></span> <span class='ocrx_word' id='word_1_575' title='bbox 3193 2056 3262 2110; x_wconf 88' lang='lat' dir='ltr'><strong>ah</strong></span> <span class='ocrx_word' id='word_1_576' title='bbox 3295 2057 3380 2112; x_wconf 86' lang='lat' dir='ltr'><strong>eis</strong></span> 
     </span>
    </p>
   </div>
   <div class='ocr_carea' id='block_1_81' title="bbox 1813 2127 3374 2216">
    <p class='ocr_par' dir='ltr' id='par_1_81' title="bbox 1813 2127 3374 2216">
     <span class='ocr_line' id='line_1_81' title="bbox 1813 2127 3374 2216; baseline 0.013 -35"><span class='ocrx_word' id='word_1_577' title='bbox 1813 2127 2180 2216; x_wconf 85' lang='lat' dir='ltr'><strong>sciscitaretur</strong></span> <span class='ocrx_word' id='word_1_578' title='bbox 2195 2128 2384 2203; x_wconf 89' lang='lat' dir='ltr'><strong>quare,</strong></span> <span class='ocrx_word' id='word_1_579' title='bbox 2399 2146 2594 2206; x_wconf 55' lang='lat' dir='ltr'><strong>praeter</strong></span> <span class='ocrx_word' id='word_1_580' title='bbox 2621 2144 3065 2199; x_wconf 88' lang='lat' dir='ltr'><strong>consuetudinem</strong></span> <span class='ocrx_word' id='word_1_581' title='bbox 3084 2145 3374 2216; x_wconf 83' lang='lat' dir='ltr'><strong>majorum,</strong></span> 
     </span>
    </p>
   </div>
   <div class='ocr_carea' id='block_1_82' title="bbox 1814 2213 3379 2300">
    <p class='ocr_par' dir='ltr' id='par_1_82' title="bbox 1814 2213 3379 2300">
     <span class='ocr_line' id='line_1_82' title="bbox 1814 2213 3379 2300; baseline 0.015 -29"><span class='ocrx_word' id='word_1_582' title='bbox 1814 2216 1956 2289; x_wconf 82' lang='lat' dir='ltr'><strong>Rege</strong></span> <span class='ocrx_word' id='word_1_583' title='bbox 1977 2213 2306 2300; x_wconf 70' lang='lat' dir='ltr'><strong>inconsulto,</strong></span> <span class='ocrx_word' id='word_1_584' title='bbox 2331 2224 2588 2284; x_wconf 72' lang='lat' dir='ltr'><strong>Romanae</strong></span> <span class='ocrx_word' id='word_1_585' title='bbox 2621 2229 2874 2289; x_wconf 78' lang='lat' dir='ltr'><strong>Ecclesiae</strong></span> <span class='ocrx_word' id='word_1_586' title='bbox 2890 2213 3207 2292; x_wconf 83' lang='lat' dir='ltr'><strong>Pontiﬁcem</strong></span> <span class='ocrx_word' id='word_1_587' title='bbox 3227 2213 3379 2294; x_wconf 48' lang='lat' dir='ltr'><strong>ordi;</strong></span> 
     </span>
    </p>
   </div>
   <div class='ocr_carea' id='block_1_83' title="bbox 1814 2311 3379 2396">
    <p class='ocr_par' dir='ltr' id='par_1_83' title="bbox 1814 2311 3379 2396">
     <span class='ocr_line' id='line_1_83' title="bbox 1814 2311 3379 2396; baseline 0.016 -34"><span class='ocrx_word' id='word_1_588' title='bbox 1814 2319 2069 2377; x_wconf 88' lang='lat' dir='ltr'><strong>nassent;</strong></span> <span class='ocrx_word' id='word_1_589' title='bbox 2089 2311 2410 2385; x_wconf 85' lang='lat' dir='ltr'><strong>ipsumque,</strong></span> <span class='ocrx_word' id='word_1_590' title='bbox 2437 2320 2484 2374; x_wconf 90' lang='lat' dir='ltr'><strong>si</strong></span> <span class='ocrx_word' id='word_1_591' title='bbox 2506 2336 2615 2375; x_wconf 91' lang='lat' dir='ltr'><strong>non</strong></span> <span class='ocrx_word' id='word_1_592' title='bbox 2642 2322 2834 2379; x_wconf 90' lang='lat' dir='ltr'><strong>idonee</strong></span> <span class='ocrx_word' id='word_1_593' title='bbox 2863 2327 3246 2396; x_wconf 79' lang='lat' dir='ltr'><strong>satisfecisset,</strong></span> <span class='ocrx_word' id='word_1_594' title='bbox 3272 2328 3379 2387; x_wconf 88' lang='lat' dir='ltr'><strong>illi-</strong></span> 
     </span>
    </p>
   </div>
   <div class='ocr_carea' id='block_1_84' title="bbox 1812 2402 3377 2487">
    <p class='ocr_par' dir='ltr' id='par_1_84' title="bbox 1812 2402 3377 2487">
     <span class='ocr_line' id='line_1_84' title="bbox 1812 2402 3377 2487; baseline 0.015 -32"><span class='ocrx_word' id='word_1_595' title='bbox 1812 2402 1916 2455; x_wconf 90' lang='lat' dir='ltr'><strong>cite</strong></span> <span class='ocrx_word' id='word_1_596' title='bbox 1941 2411 2159 2471; x_wconf 88' lang='lat' dir='ltr'><strong>accepta</strong></span> <span class='ocrx_word' id='word_1_597' title='bbox 2186 2405 2445 2476; x_wconf 86' lang='lat' dir='ltr'><strong>dignitate</strong></span> <span class='ocrx_word' id='word_1_598' title='bbox 2485 2412 2739 2468; x_wconf 89' lang='lat' dir='ltr'><strong>abdicare</strong></span> <span class='ocrx_word' id='word_1_599' title='bbox 2757 2430 2816 2469; x_wconf 90' lang='lat' dir='ltr'><strong>se</strong></span> <span class='ocrx_word' id='word_1_600' title='bbox 2844 2419 3174 2487; x_wconf 87' lang='lat' dir='ltr'><strong>praeciperet.</strong></span> <span class='ocrx_word' id='word_1_601' title='bbox 3203 2421 3254 2477; x_wconf 87' lang='lat' dir='ltr'><strong>Is</strong></span> <span class='ocrx_word' id='word_1_602' title='bbox 3281 2439 3377 2480; x_wconf 77' lang='lat' dir='ltr'><strong>ve-</strong></span> 
     </span>
    </p>
   </div>
   <div class='ocr_carea' id='block_1_85' title="bbox 1812 2493 3379 2582">
    <p class='ocr_par' dir='ltr' id='par_1_85' title="bbox 1812 2493 3379 2582">
     <span class='ocr_line' id='line_1_85' title="bbox 1812 2493 3379 2582; baseline 0.015 -36"><span class='ocrx_word' id='word_1_603' title='bbox 1812 2493 1968 2548; x_wconf 88' lang='lat' dir='ltr'><strong>niens</strong></span> <span class='ocrx_word' id='word_1_604' title='bbox 2008 2494 2242 2550; x_wconf 85' lang='lat' dir='ltr'><strong>Romam</strong></span> <span class='ocrx_word' id='word_1_605' title='bbox 2287 2497 2517 2566; x_wconf 81' lang='lat' dir='ltr'><strong>benigne</strong></span> <span class='ocrx_word' id='word_1_606' title='bbox 2557 2517 2590 2554; x_wconf 91' lang='lat' dir='ltr'><strong>a</strong></span> <span class='ocrx_word' id='word_1_607' title='bbox 2620 2505 2886 2578; x_wconf 63' lang='lat' dir='ltr'><strong>praedicto</strong></span> <span class='ocrx_word' id='word_1_608' title='bbox 2924 2509 3043 2564; x_wconf 88' lang='lat' dir='ltr'><strong>viro</strong></span> <span class='ocrx_word' id='word_1_609' title='bbox 3091 2521 3379 2582; x_wconf 88' lang='lat' dir='ltr'><strong>susceptus</strong></span> 
     </span>
    </p>
   </div>
   <div class='ocr_carea' id='block_1_86' title="bbox 1813 2587 3378 2668">
    <p class='ocr_par' dir='ltr' id='par_1_86' title="bbox 1813 2587 3378 2668">
     <span class='ocr_line' id='line_1_86' title="bbox 1813 2587 3378 2668; baseline 0.016 -33"><span class='ocrx_word' id='word_1_610' title='bbox 1813 2593 1926 2636; x_wconf 89' lang='lat' dir='ltr'><strong>est:</strong></span> <span class='ocrx_word' id='word_1_611' title='bbox 1964 2600 2200 2655; x_wconf 89' lang='lat' dir='ltr'><strong>eumque</strong></span> <span class='ocrx_word' id='word_1_612' title='bbox 2258 2587 2335 2642; x_wconf 86' lang='lat' dir='ltr'><strong>illi</strong></span> <span class='ocrx_word' id='word_1_613' title='bbox 2377 2592 2631 2647; x_wconf 89' lang='lat' dir='ltr'><strong>mandata</strong></span> <span class='ocrx_word' id='word_1_614' title='bbox 2669 2592 2832 2664; x_wconf 86' lang='lat' dir='ltr'><strong>Regis</strong></span> <span class='ocrx_word' id='word_1_615' title='bbox 2870 2601 3241 2668; x_wconf 75' lang='lat' dir='ltr'><strong>exposuisset,</strong></span> <span class='ocrx_word' id='word_1_616' title='bbox 3285 2619 3378 2659; x_wconf 84' lang='lat' dir='ltr'><strong>re-</strong></span> 
     </span>
    </p>
   </div>
   <div class='ocr_carea' id='block_1_87' title="bbox 1814 2675 3382 2760">
    <p class='ocr_par' dir='ltr' id='par_1_87' title="bbox 1814 2675 3382 2760">
     <span class='ocr_line' id='line_1_87' title="bbox 1814 2675 3382 2760; baseline 0.015 -32"><span class='ocrx_word' id='word_1_617' title='bbox 1814 2675 2034 2744; x_wconf 86' lang='lat' dir='ltr'><strong>spondit</strong></span> <span class='ocrx_word' id='word_1_618' title='bbox 2058 2693 2146 2742; x_wconf 91' lang='lat' dir='ltr'><strong>se,</strong></span> <span class='ocrx_word' id='word_1_619' title='bbox 2200 2677 2311 2732; x_wconf 91' lang='lat' dir='ltr'><strong>Deo</strong></span> <span class='ocrx_word' id='word_1_620' title='bbox 2348 2689 2503 2748; x_wconf 85' lang='lat' dir='ltr'><strong>teste,</strong></span> <span class='ocrx_word' id='word_1_621' title='bbox 2535 2683 2761 2740; x_wconf 89' lang='lat' dir='ltr'><strong>honoris</strong></span> <span class='ocrx_word' id='word_1_622' title='bbox 2790 2686 2954 2757; x_wconf 88' lang='lat' dir='ltr'><strong>hujus</strong></span> <span class='ocrx_word' id='word_1_623' title='bbox 2979 2705 3185 2760; x_wconf 85' lang='lat' dir='ltr'><strong>apicem</strong></span> <span class='ocrx_word' id='word_1_624' title='bbox 3219 2711 3382 2751; x_wconf 85' lang='lat' dir='ltr'><strong>num-</strong></span> 
     </span>
    </p>
   </div>
   <div class='ocr_carea' id='block_1_88' title="bbox 1815 2769 3378 2842">
    <p class='ocr_par' dir='ltr' id='par_1_88' title="bbox 1815 2769 3378 2842">
     <span class='ocr_line' id='line_1_88' title="bbox 1815 2769 3378 2842; baseline 0.016 -25"><span class='ocrx_word' id='word_1_625' title='bbox 1815 2781 1979 2834; x_wconf 89' lang='lat' dir='ltr'><strong>quam</strong></span> <span class='ocrx_word' id='word_1_626' title='bbox 2014 2778 2110 2836; x_wconf 87' lang='lat' dir='ltr'><strong>per</strong></span> <span class='ocrx_word' id='word_1_627' title='bbox 2140 2769 2492 2826; x_wconf 87' lang='lat' dir='ltr'><strong>ambitionem</strong></span> <span class='ocrx_word' id='word_1_628' title='bbox 2521 2773 2840 2831; x_wconf 83' lang='lat' dir='ltr'><strong>aﬂectasse:</strong></span> <span class='ocrx_word' id='word_1_629' title='bbox 2875 2779 2968 2833; x_wconf 88' lang='lat' dir='ltr'><strong>sed</strong></span> <span class='ocrx_word' id='word_1_630' title='bbox 3000 2782 3231 2838; x_wconf 88' lang='lat' dir='ltr'><strong>electum</strong></span> <span class='ocrx_word' id='word_1_631' title='bbox 3255 2802 3315 2842; x_wconf 88' lang='lat' dir='ltr'><strong>se</strong></span> <span class='ocrx_word' id='word_1_632' title='bbox 3345 2803 3378 2842; x_wconf 86' lang='lat' dir='ltr'><strong>a</strong></span> 
     </span>
    </p>
   </div>
   <div class='ocr_carea' id='block_1_89' title="bbox 1815 2855 3384 2934">
    <p class='ocr_par' dir='ltr' id='par_1_89' title="bbox 1815 2855 3384 2934">
     <span class='ocr_line' id='line_1_89' title="bbox 1815 2855 3384 2934; baseline 0.017 -28"><span class='ocrx_word' id='word_1_633' title='bbox 1815 2855 2108 2922; x_wconf 81' lang='lat' dir='ltr'><strong>Romanis,</strong></span> <span class='ocrx_word' id='word_1_634' title='bbox 2142 2866 2197 2912; x_wconf 89' lang='lat' dir='ltr'><strong>et</strong></span> <span class='ocrx_word' id='word_1_635' title='bbox 2229 2860 2492 2915; x_wconf 88' lang='lat' dir='ltr'><strong>violenter</strong></span> <span class='ocrx_word' id='word_1_636' title='bbox 2516 2863 2617 2919; x_wconf 83' lang='lat' dir='ltr'><strong>sibi</strong></span> <span class='ocrx_word' id='word_1_637' title='bbox 2653 2865 2964 2934; x_wconf 90' lang='lat' dir='ltr'><strong>impositam</strong></span> <span class='ocrx_word' id='word_1_638' title='bbox 3001 2869 3170 2928; x_wconf 88' lang='lat' dir='ltr'><strong>fuisse</strong></span> <span class='ocrx_word' id='word_1_639' title='bbox 3197 2874 3384 2932; x_wconf 79' lang='lat' dir='ltr'><strong>Eccle-</strong></span> 
     </span>
    </p>
   </div>
   <div class='ocr_carea' id='block_1_90' title="bbox 1814 2944 3380 3029">
    <p class='ocr_par' dir='ltr' id='par_1_90' title="bbox 1814 2944 3380 3029">
     <span class='ocr_line' id='line_1_90' title="bbox 1814 2944 3380 3029; baseline 0.015 -31"><span class='ocrx_word' id='word_1_640' title='bbox 1814 2944 2021 3000; x_wconf 86' lang='lat' dir='ltr'><strong>siastici</strong></span> <span class='ocrx_word' id='word_1_641' title='bbox 2057 2947 2337 3018; x_wconf 87' lang='lat' dir='ltr'><strong>regiminis</strong></span> <span class='ocrx_word' id='word_1_642' title='bbox 2377 2951 2753 3008; x_wconf 83' lang='lat' dir='ltr'><strong>necessitatem</strong></span> <span class='ocrx_word' id='word_1_643' title='bbox 2790 2975 2802 3009; x_wconf 95' lang='lat'>:</span> <span class='ocrx_word' id='word_1_644' title='bbox 2847 2960 2966 3029; x_wconf 84' lang='lat' dir='ltr'><strong>cogi</strong></span> <span class='ocrx_word' id='word_1_645' title='bbox 3005 2969 3184 3016; x_wconf 76' lang='lat' dir='ltr'><strong>tamen</strong></span> <span class='ocrx_word' id='word_1_646' title='bbox 3229 2967 3380 3022; x_wconf 89' lang='lat' dir='ltr'><strong>nullo</strong></span> 
     </span>
    </p>
   </div>
   <div class='ocr_carea' id='block_1_91' title="bbox 1814 3036 3379 3118">
    <p class='ocr_par' dir='ltr' id='par_1_91' title="bbox 1814 3036 3379 3118">
     <span class='ocr_line' id='line_1_91' title="bbox 1814 3036 3379 3118; baseline 0.017 -31"><span class='ocrx_word' id='word_1_647' title='bbox 1814 3036 1979 3089; x_wconf 91' lang='lat' dir='ltr'><strong>modo</strong></span> <span class='ocrx_word' id='word_1_648' title='bbox 2003 3038 2246 3106; x_wconf 90' lang='lat' dir='ltr'><strong>potuisse</strong></span> <span class='ocrx_word' id='word_1_649' title='bbox 2293 3049 2354 3094; x_wconf 93' lang='lat' dir='ltr'><strong>ut</strong></span> <span class='ocrx_word' id='word_1_650' title='bbox 2379 3043 2621 3097; x_wconf 90' lang='lat' dir='ltr'><strong>ordinari</strong></span> <span class='ocrx_word' id='word_1_651' title='bbox 2662 3060 2721 3099; x_wconf 90' lang='lat' dir='ltr'><strong>se</strong></span> <span class='ocrx_word' id='word_1_652' title='bbox 2747 3049 3098 3118; x_wconf 87' lang='lat' dir='ltr'><strong>permitteret,</strong></span> <span class='ocrx_word' id='word_1_653' title='bbox 3128 3053 3379 3118; x_wconf 84' lang='lat' dir='ltr'><strong>doneein</strong></span> 
     </span>
    </p>
   </div>
   <div class='ocr_carea' id='block_1_92' title="bbox 1813 3117 3380 3212">
    <p class='ocr_par' dir='ltr' id='par_1_92' title="bbox 1813 3117 3380 3212">
     <span class='ocr_line' id='line_1_92' title="bbox 1813 3117 3380 3212; baseline 0.014 -32"><span class='ocrx_word' id='word_1_654' title='bbox 1813 3127 2131 3182; x_wconf 90' lang='lat' dir='ltr'><strong>electionem</strong></span> <span class='ocrx_word' id='word_1_655' title='bbox 2168 3145 2324 3212; x_wconf 84' lang='lat' dir='ltr'><strong>suam</strong></span> <span class='ocrx_word' id='word_1_656' title='bbox 2360 3140 2466 3186; x_wconf 87' lang='lat' dir='ltr'><strong>tam</strong></span> <span class='ocrx_word' id='word_1_657' title='bbox 2497 3133 2698 3205; x_wconf 87' lang='lat' dir='ltr'><strong>Regem</strong></span> <span class='ocrx_word' id='word_1_658' title='bbox 2731 3153 2894 3206; x_wconf 87' lang='lat' dir='ltr'><strong>quam</strong></span> <span class='ocrx_word' id='word_1_659' title='bbox 2937 3117 3211 3212; x_wconf 87' lang='lat' dir='ltr'><strong>Principes</strong></span> <span class='ocrx_word' id='word_1_660' title='bbox 3238 3117 3380 3204; x_wconf 81' lang='lat' dir='ltr'><strong>Teu-</strong></span> 
     </span>
    </p>
   </div>
   <div class='ocr_carea' id='block_1_93' title="bbox 1786 3209 3381 3304">
    <p class='ocr_par' dir='ltr' id='par_1_93' title="bbox 1786 3209 3381 3304">
     <span class='ocr_line' id='line_1_93' title="bbox 1786 3209 3381 3304; baseline 0.016 -35"><span class='ocrx_word' id='word_1_661' title='bbox 1786 3219 1982 3278; x_wconf 77' lang='lat' dir='ltr'><strong>tonici</strong></span> <span class='ocrx_word' id='word_1_662' title='bbox 2033 3209 2579 3289; x_wconf 59' lang='lat' dir='ltr'><strong>Regnieonsensisse</strong></span> <span class='ocrx_word' id='word_1_663' title='bbox 2611 3236 2758 3281; x_wconf 87' lang='lat' dir='ltr'><strong>certa</strong></span> <span class='ocrx_word' id='word_1_664' title='bbox 2784 3228 3049 3300; x_wconf 85' lang='lat' dir='ltr'><strong>legatione</strong></span> <span class='ocrx_word' id='word_1_665' title='bbox 3087 3209 3381 3304; x_wconf 81' lang='lat' dir='ltr'><strong>cognosce-</strong></span> 
     </span>
    </p>
   </div>
   <div class='ocr_carea' id='block_1_94' title="bbox 1812 3307 3382 3386">
    <p class='ocr_par' dir='ltr' id='par_1_94' title="bbox 1812 3307 3382 3386">
     <span class='ocr_line' id='line_1_94' title="bbox 1812 3307 3382 3386; baseline 0.016 -26"><span class='ocrx_word' id='word_1_666' title='bbox 1812 3315 1894 3360; x_wconf 87' lang='lat' dir='ltr'><strong>ret</strong></span> <span class='ocrx_word' id='word_1_667' title='bbox 1913 3323 1925 3357; x_wconf 96' lang='lat'>:</span> <span class='ocrx_word' id='word_1_668' title='bbox 1951 3307 2054 3360; x_wconf 88' lang='lat' dir='ltr'><strong>hac</strong></span> <span class='ocrx_word' id='word_1_669' title='bbox 2073 3310 2280 3364; x_wconf 89' lang='lat' dir='ltr'><strong>ratione</strong></span> <span class='ocrx_word' id='word_1_670' title='bbox 2298 3312 2579 3368; x_wconf 85' lang='lat' dir='ltr'><strong>distulisse</strong></span> <span class='ocrx_word' id='word_1_671' title='bbox 2595 3317 2774 3370; x_wconf 90' lang='lat' dir='ltr'><strong>adhuc</strong></span> <span class='ocrx_word' id='word_1_672' title='bbox 2793 3317 3199 3380; x_wconf 88' lang='lat' dir='ltr'><strong>Ordinationem</strong></span> <span class='ocrx_word' id='word_1_673' title='bbox 3225 3344 3382 3386; x_wconf 90' lang='lat' dir='ltr'><strong>suam</strong></span> 
     </span>
    </p>
   </div>
   <div class='ocr_carea' id='block_1_95' title="bbox 1810 3397 3384 3474">
    <p class='ocr_par' dir='ltr' id='par_1_95' title="bbox 1810 3397 3384 3474">
     <span class='ocr_line' id='line_1_95' title="bbox 1810 3397 3384 3474; baseline 0.015 -24"><span class='ocrx_word' id='word_1_674' title='bbox 1810 3405 1864 3450; x_wconf 89' lang='lat' dir='ltr'><strong>et</strong></span> <span class='ocrx_word' id='word_1_675' title='bbox 1892 3397 2010 3451; x_wconf 90' lang='lat' dir='ltr'><strong>sine</strong></span> <span class='ocrx_word' id='word_1_676' title='bbox 2032 3397 2199 3452; x_wconf 90' lang='lat' dir='ltr'><strong>duhio</strong></span> <span class='ocrx_word' id='word_1_677' title='bbox 2228 3400 2542 3468; x_wconf 89' lang='lat' dir='ltr'><strong>dilaturum,</strong></span> <span class='ocrx_word' id='word_1_678' title='bbox 2567 3403 2746 3459; x_wconf 88' lang='lat' dir='ltr'><strong>donec</strong></span> <span class='ocrx_word' id='word_1_679' title='bbox 2783 3408 2884 3460; x_wconf 89' lang='lat' dir='ltr'><strong>sibi</strong></span> <span class='ocrx_word' id='word_1_680' title='bbox 2915 3412 3246 3470; x_wconf 84' lang='lat' dir='ltr'><strong>voluntatem</strong></span> <span class='ocrx_word' id='word_1_681' title='bbox 3277 3419 3384 3474; x_wconf 84' lang='lat' dir='ltr'><strong>Re-</strong></span> 
     </span>
    </p>
   </div>
   <div class='ocr_carea' id='block_1_96' title="bbox 1810 3484 3381 3566">
    <p class='ocr_par' dir='ltr' id='par_1_96' title="bbox 1810 3484 3381 3566">
     <span class='ocr_line' id='line_1_96' title="bbox 1810 3484 3381 3566; baseline 0.016 -26"><span class='ocrx_word' id='word_1_682' title='bbox 1810 3489 1892 3557; x_wconf 88' lang='lat' dir='ltr'><strong>gis</strong></span> <span class='ocrx_word' id='word_1_683' title='bbox 1917 3496 2098 3543; x_wconf 90' lang='lat' dir='ltr'><strong>certus</strong></span> <span class='ocrx_word' id='word_1_684' title='bbox 2134 3490 2259 3544; x_wconf 83' lang='lat' dir='ltr'><strong>inde</strong></span> <span class='ocrx_word' id='word_1_685' title='bbox 2296 3484 2521 3550; x_wconf 83' lang='lat' dir='ltr'><strong>veniens</strong></span> <span class='ocrx_word' id='word_1_686' title='bbox 2561 3495 2784 3548; x_wconf 87' lang='lat' dir='ltr'><strong>nuntius</strong></span> <span class='ocrx_word' id='word_1_687' title='bbox 2815 3497 3105 3556; x_wconf 89' lang='lat' dir='ltr'><strong>intimaret.</strong></span> <span class='ocrx_word' id='word_1_688' title='bbox 3140 3503 3254 3560; x_wconf 87' lang='lat' dir='ltr'><strong>Hoc</strong></span> <span class='ocrx_word' id='word_1_689' title='bbox 3288 3510 3381 3566; x_wconf 88' lang='lat' dir='ltr'><strong>ubi</strong></span> 
     </span>
    </p>
   </div>
   <div class='ocr_carea' id='block_1_97' title="bbox 1812 3577 3381 3669">
    <p class='ocr_par' dir='ltr' id='par_1_97' title="bbox 1812 3577 3381 3669">
     <span class='ocr_line' id='line_1_97' title="bbox 1812 3577 3381 3669; baseline 0.017 -40"><span class='ocrx_word' id='word_1_690' title='bbox 1812 3577 1943 3648; x_wconf 88' lang='lat' dir='ltr'><strong>Regi</strong></span> <span class='ocrx_word' id='word_1_691' title='bbox 1966 3587 2050 3634; x_wconf 91' lang='lat' dir='ltr'><strong>cst</strong></span> <span class='ocrx_word' id='word_1_692' title='bbox 2075 3581 2404 3647; x_wconf 89' lang='lat' dir='ltr'><strong>nuntiatum,</strong></span> <span class='ocrx_word' id='word_1_693' title='bbox 2427 3582 2655 3638; x_wconf 88' lang='lat' dir='ltr'><strong>libenter</strong></span> <span class='ocrx_word' id='word_1_694' title='bbox 2678 3587 2914 3657; x_wconf 89' lang='lat' dir='ltr'><strong>suscepit</strong></span> <span class='ocrx_word' id='word_1_695' title='bbox 2934 3591 3381 3669; x_wconf 75' lang='lat' dir='ltr'><strong>satisfactidncm;</strong></span> 
     </span>
    </p>
   </div>
   <div class='ocr_carea' id='block_1_98' title="bbox 1810 3669 3306 3742">
    <p class='ocr_par' dir='ltr' id='par_1_98' title="bbox 1810 3669 3306 3742">
     <span class='ocr_line' id='line_1_98' title="bbox 1810 3669 3306 3742; baseline 0.011 -19"><span class='ocrx_word' id='word_1_696' title='bbox 1810 3678 1883 3734; x_wconf 89' lang='lat' dir='ltr'><strong>et,</strong></span> <span class='ocrx_word' id='word_1_697' title='bbox 1912 3669 2191 3724; x_wconf 72' lang='lat' dir='ltr'><strong>laetissimo</strong></span> <span class='ocrx_word' id='word_1_698' title='bbox 2216 3671 2495 3742; x_wconf 81' lang='lat' dir='ltr'><strong>suﬁ‘ragio,</strong></span> <span class='ocrx_word' id='word_1_699' title='bbox 2519 3673 2578 3726; x_wconf 68' lang='lat' dir='ltr'><strong>iit</strong></span> <span class='ocrx_word' id='word_1_700' title='bbox 2602 3675 2944 3731; x_wconf 84' lang='lat' dir='ltr'><strong>ordinaretur</strong></span> <span class='ocrx_word' id='word_1_701' title='bbox 2970 3685 3262 3742; x_wconf 78' lang='lat' dir='ltr'><strong>mandavit.</strong></span> <span class='ocrx_word' id='word_1_702' title='bbox 3287 3709 3306 3740; x_wconf 73' lang='grc' dir='ltr'><strong><em>ι</em></strong></span> 
     </span>
    </p>
   </div>
   <div class='ocr_carea' id='block_1_99' title="bbox 1878 3757 3434 3838">
    <p class='ocr_par' dir='ltr' id='par_1_99' title="bbox 1878 3757 3434 3838">
     <span class='ocr_line' id='line_1_99' title="bbox 1878 3757 3434 3838; baseline 0.019 -30"><span class='ocrx_word' id='word_1_703' title='bbox 1878 3758 1966 3837; x_wconf 59' lang='lat' dir='ltr'><strong>di.</strong></span> <span class='ocrx_word' id='word_1_704' title='bbox 2003 3757 2197 3813; x_wconf 86' lang='lat' dir='ltr'><strong>Nescio</strong></span> <span class='ocrx_word' id='word_1_705' title='bbox 2251 3776 2414 3829; x_wconf 90' lang='lat' dir='ltr'><strong>quam</strong></span> <span class='ocrx_word' id='word_1_706' title='bbox 2460 3764 2650 3829; x_wconf 88' lang='lat' dir='ltr'><strong>procul</strong></span> <span class='ocrx_word' id='word_1_707' title='bbox 2693 3774 2786 3817; x_wconf 90' lang='lat' dir='ltr'><strong>aut</strong></span> <span class='ocrx_word' id='word_1_708' title='bbox 2826 3783 2993 3836; x_wconf 86' lang='lat' dir='ltr'><strong>prope</strong></span> <span class='ocrx_word' id='word_1_709' title='bbox 3036 3770 3207 3830; x_wconf 87' lang='lat' dir='ltr'><strong>Roma</strong></span> <span class='ocrx_word' id='word_1_710' title='bbox 3251 3787 3382 3838; x_wconf 82' lang='lat' dir='ltr'><strong>tunc</strong></span> <span class='ocrx_word' id='word_1_711' title='bbox 3431 3807 3434 3812; x_wconf 88' lang='grc'>·</span> 
     </span>
    </p>
   </div>
   <div class='ocr_carea' id='block_1_100' title="bbox 1809 3846 3379 3927">
    <p class='ocr_par' dir='ltr' id='par_1_100' title="bbox 1809 3846 3379 3927">
     <span class='ocr_line' id='line_1_100' title="bbox 1809 3846 3379 3927; baseline 0.018 -29"><span class='ocrx_word' id='word_1_712' title='bbox 1809 3846 1920 3901; x_wconf 80' lang='lat' dir='ltr'><strong>Rex</strong></span> <span class='ocrx_word' id='word_1_713' title='bbox 1947 3847 2196 3915; x_wconf 81' lang='lat' dir='ltr'><strong>abfuerit,</strong></span> <span class='ocrx_word' id='word_1_714' title='bbox 2233 3851 2475 3919; x_wconf 88' lang='lat' dir='ltr'><strong>adeoque</strong></span> <span class='ocrx_word' id='word_1_715' title='bbox 2531 3868 2630 3905; x_wconf 84' lang='lat' dir='ltr'><strong>nec</strong></span> <span class='ocrx_word' id='word_1_716' title='bbox 2659 3853 2882 3908; x_wconf 83' lang='lat' dir='ltr'><strong>definire</strong></span> <span class='ocrx_word' id='word_1_717' title='bbox 2912 3849 3132 3927; x_wconf 86' lang='lat' dir='ltr'><strong>possum</strong></span> <span class='ocrx_word' id='word_1_718' title='bbox 3191 3875 3379 3926; x_wconf 75' lang='lat' dir='ltr'><strong>utrum</strong></span> 
     </span>
    </p>
   </div>
   <div class='ocr_carea' id='block_1_101' title="bbox 1808 3926 3379 4016">
    <p class='ocr_par' dir='ltr' id='par_1_101' title="bbox 1808 3926 3379 4016">
     <span class='ocr_line' id='line_1_101' title="bbox 1808 3926 3379 4016; baseline 0.016 -26"><span class='ocrx_word' id='word_1_719' title='bbox 1808 3939 1949 3992; x_wconf 89' lang='lat' dir='ltr'><strong>intra</strong></span> <span class='ocrx_word' id='word_1_720' title='bbox 1981 3939 2165 3994; x_wconf 89' lang='lat' dir='ltr'><strong>decem</strong></span> <span class='ocrx_word' id='word_1_721' title='bbox 2189 3941 2307 3996; x_wconf 91' lang='lat' dir='ltr'><strong>illas</strong></span> <span class='ocrx_word' id='word_1_722' title='bbox 2332 3941 2715 4009; x_wconf 88' lang='lat' dir='ltr'><strong>hebdomudcs,</strong></span> <span class='ocrx_word' id='word_1_723' title='bbox 2743 3960 2864 4012; x_wconf 71' lang='lat' dir='ltr'><strong>qua:</strong></span> <span class='ocrx_word' id='word_1_724' title='bbox 2885 3926 3025 4003; x_wconf 70' lang='lat' dir='ltr'><strong>inter</strong></span> <span class='ocrx_word' id='word_1_725' title='bbox 3049 3950 3379 4016; x_wconf 85' lang='lat' dir='ltr'><strong>Electioncin</strong></span> 
     </span>
    </p>
   </div>
   <div class='ocr_carea' id='block_1_102' title="bbox 1808 4028 3378 4108">
    <p class='ocr_par' dir='ltr' id='par_1_102' title="bbox 1808 4028 3378 4108">
     <span class='ocr_line' id='line_1_102' title="bbox 1808 4028 3378 4108; baseline 0.013 -25"><span class='ocrx_word' id='word_1_726' title='bbox 1808 4028 2324 4103; x_wconf 85' lang='lat' dir='ltr'><strong>Ordinationemque</strong></span> <span class='ocrx_word' id='word_1_727' title='bbox 2361 4033 2662 4101; x_wconf 80' lang='lat' dir='ltr'><strong>fluxerunt,</strong></span> <span class='ocrx_word' id='word_1_728' title='bbox 2707 4039 2866 4103; x_wconf 88' lang='lat' dir='ltr'><strong>toties</strong></span> <span class='ocrx_word' id='word_1_729' title='bbox 2910 4046 3184 4108; x_wconf 84' lang='lat' dir='ltr'><strong>potuerint</strong></span> <span class='ocrx_word' id='word_1_730' title='bbox 3225 4065 3378 4103; x_wconf 88' lang='lat' dir='ltr'><strong>com-</strong></span> 
     </span>
    </p>
   </div>
   <div class='ocr_carea' id='block_1_103' title="bbox 1809 4125 3378 4206">
    <p class='ocr_par' dir='ltr' id='par_1_103' title="bbox 1809 4125 3378 4206">
     <span class='ocr_line' id='line_1_103' title="bbox 1809 4125 3378 4206; baseline 0.011 -30"><span class='ocrx_word' id='word_1_731' title='bbox 1809 4139 1988 4178; x_wconf 80' lang='lat' dir='ltr'><strong>meare</strong></span> <span class='ocrx_word' id='word_1_732' title='bbox 2011 4125 2207 4191; x_wconf 91' lang='lat' dir='ltr'><strong>nuntii,</strong></span> <span class='ocrx_word' id='word_1_733' title='bbox 2230 4125 2442 4194; x_wconf 85' lang='lat' dir='ltr'><strong>quoties</strong></span> <span class='ocrx_word' id='word_1_734' title='bbox 2467 4141 2603 4192; x_wconf 90' lang='lat' dir='ltr'><strong>opus</strong></span> <span class='ocrx_word' id='word_1_735' title='bbox 2627 4133 2709 4180; x_wconf 90' lang='lat' dir='ltr'><strong>est</strong></span> <span class='ocrx_word' id='word_1_736' title='bbox 2731 4135 2788 4180; x_wconf 91' lang='lat' dir='ltr'><strong>ut</strong></span> <span class='ocrx_word' id='word_1_737' title='bbox 2809 4126 3102 4199; x_wconf 82' lang='lat' dir='ltr'><strong>Gregorius</strong></span> <span class='ocrx_word' id='word_1_738' title='bbox 3126 4149 3378 4206; x_wconf 78' lang='lat' dir='ltr'><strong>expecta-</strong></span> 
     </span>
    </p>
   </div>
   <div class='ocr_carea' id='block_1_104' title="bbox 1807 4216 3370 4286">
    <p class='ocr_par' dir='ltr' id='par_1_104' title="bbox 1807 4216 3370 4286">
     <span class='ocr_line' id='line_1_104' title="bbox 1807 4216 3370 4286; baseline 0.012 -18"><span class='ocrx_word' id='word_1_739' title='bbox 1807 4216 1945 4268; x_wconf 90' lang='lat' dir='ltr'><strong>verit</strong></span> <span class='ocrx_word' id='word_1_740' title='bbox 1991 4216 2162 4270; x_wconf 91' lang='lat' dir='ltr'><strong>donec</strong></span> <span class='ocrx_word' id='word_1_741' title='bbox 2196 4224 2319 4283; x_wconf 90' lang='lat' dir='ltr'><strong>post</strong></span> <span class='ocrx_word' id='word_1_742' title='bbox 2345 4216 2573 4270; x_wconf 86' lang='lat' dir='ltr'><strong>reditum</strong></span> <span class='ocrx_word' id='word_1_743' title='bbox 2601 4219 2840 4285; x_wconf 76' lang='lat' dir='ltr'><strong>pmedicti</strong></span> <span class='ocrx_word' id='word_1_744' title='bbox 2867 4218 3096 4281; x_wconf 71' lang='lat' dir='ltr'><strong>cernitis</strong></span> <span class='ocrx_word' id='word_1_745' title='bbox 3144 4245 3316 4285; x_wconf 78' lang='lat' dir='ltr'><strong>novos</strong></span> <span class='ocrx_word' id='word_1_746' title='bbox 3339 4248 3370 4286; x_wconf 92' lang='lat' dir='ltr'><strong>a</strong></span> 
     </span>
    </p>
   </div>
   <div class='ocr_carea' id='block_1_105' title="bbox 1810 4303 3378 4388">
    <p class='ocr_par' dir='ltr' id='par_1_105' title="bbox 1810 4303 3378 4388">
     <span class='ocr_line' id='line_1_105' title="bbox 1810 4303 3378 4388; baseline 0.014 -32"><span class='ocrx_word' id='word_1_747' title='bbox 1810 4303 1952 4375; x_wconf 84' lang='lat' dir='ltr'><strong>Rege</strong></span> <span class='ocrx_word' id='word_1_748' title='bbox 1992 4305 2214 4360; x_wconf 90' lang='lat' dir='ltr'><strong>nuntios</strong></span> <span class='ocrx_word' id='word_1_749' title='bbox 2251 4307 2541 4376; x_wconf 84' lang='lat' dir='ltr'><strong>acciperet.</strong></span> <span class='ocrx_word' id='word_1_750' title='bbox 2592 4306 2697 4364; x_wconf 78' lang='lat' dir='ltr'><strong>Sed</strong></span> <span class='ocrx_word' id='word_1_751' title='bbox 2741 4327 2915 4382; x_wconf 85' lang='lat' dir='ltr'><strong>neque</strong></span> <span class='ocrx_word' id='word_1_752' title='bbox 2951 4314 3002 4369; x_wconf 82' lang='lat' dir='ltr'><strong>id</strong></span> <span class='ocrx_word' id='word_1_753' title='bbox 3034 4332 3172 4388; x_wconf 88' lang='lat' dir='ltr'><strong>opus</strong></span> <span class='ocrx_word' id='word_1_754' title='bbox 3210 4322 3378 4378; x_wconf 84' lang='lat' dir='ltr'><strong>fuisse</strong></span> 
     </span>
    </p>
   </div>
   <div class='ocr_carea' id='block_1_106' title="bbox 1806 4395 3377 4472">
    <p class='ocr_par' dir='ltr' id='par_1_106' title="bbox 1806 4395 3377 4472">
     <span class='ocr_line' id='line_1_106' title="bbox 1806 4395 3377 4472; baseline 0.029 -51"><span class='ocrx_word' id='word_1_755' title='bbox 1806 4395 2001 4450; x_wconf 48' lang='lat' dir='ltr'><strong>video;</strong></span> <span class='ocrx_word' id='word_1_756' title='bbox 2049 4397 2314 4466; x_wconf 65' lang='lat' dir='ltr'><strong>siquidem</strong></span> <span class='ocrx_word' id='word_1_757' title='bbox 2349 4399 2680 4470; x_wconf 70' lang='lat' dir='ltr'><strong>praalaudata</strong></span> <span class='ocrx_word' id='word_1_758' title='bbox 2719 4417 2786 4457; x_wconf 78' lang='lat' dir='ltr'><strong>ex</strong></span> <span class='ocrx_word' id='word_1_759' title='bbox 2829 4401 3088 4461; x_wconf 85' lang='lat' dir='ltr'><strong>Vaticano</strong></span> <span class='ocrx_word' id='word_1_760' title='bbox 3123 4412 3377 4472; x_wconf 78' lang='lat' dir='ltr'><strong>Archivio</strong></span> 
     </span>
    </p>
   </div>
   <div class='ocr_carea' id='block_1_107' title="bbox 1805 4481 3375 4573">
    <p class='ocr_par' dir='ltr' id='par_1_107' title="bbox 1805 4481 3375 4573">
     <span class='ocr_line' id='line_1_107' title="bbox 1805 4481 3375 4573; baseline 0.013 -33"><span class='ocrx_word' id='word_1_761' title='bbox 1805 4487 1937 4541; x_wconf 83' lang='lat' dir='ltr'><strong>Acta</strong></span> <span class='ocrx_word' id='word_1_762' title='bbox 1959 4487 2158 4542; x_wconf 83' lang='lat' dir='ltr'><strong>habent</strong></span> <span class='ocrx_word' id='word_1_763' title='bbox 2200 4489 2345 4559; x_wconf 91' lang='lat' dir='ltr'><strong>quod</strong></span> <span class='ocrx_word' id='word_1_764' title='bbox 2382 4509 2400 4541; x_wconf 78' lang='grc' dir='ltr'>ι</span> <span class='ocrx_word' id='word_1_765' title='bbox 2422 4491 2590 4544; x_wconf 88' lang='lat' dir='ltr'><strong>altera</strong></span> <span class='ocrx_word' id='word_1_766' title='bbox 2615 4492 2702 4546; x_wconf 91' lang='lat' dir='ltr'><strong>die</strong></span> <span class='ocrx_word' id='word_1_767' title='bbox 2727 4511 2745 4543; x_wconf 77' lang='grc' dir='ltr'><strong><em>ι</em></strong></span> <span class='ocrx_word' id='word_1_768' title='bbox 2772 4493 2840 4546; x_wconf 91' lang='lat' dir='ltr'><strong>ah</strong></span> <span class='ocrx_word' id='word_1_769' title='bbox 2862 4493 3155 4566; x_wconf 87' lang='lat' dir='ltr'><strong>Electione,</strong></span> <span class='ocrx_word' id='word_1_770' title='bbox 3181 4522 3202 4554; x_wconf 70' lang='grc' dir='ltr'><strong><em>ι</em></strong></span> <span class='ocrx_word' id='word_1_771' title='bbox 3234 4481 3375 4573; x_wconf 80' lang='lat' dir='ltr'><strong>apud</strong></span> 
     </span>
    </p>
   </div>
   <div class='ocr_carea' id='block_1_108' title="bbox 1809 4578 3377 4661">
    <p class='ocr_par' dir='ltr' id='par_1_108' title="bbox 1809 4578 3377 4661">
     <span class='ocr_line' id='line_1_108' title="bbox 1809 4578 3377 4661; baseline 0.004 -28"><span class='ocrx_word' id='word_1_772' title='bbox 1809 4594 1868 4633; x_wconf 91' lang='lat' dir='ltr'><strong>se</strong></span> <span class='ocrx_word' id='word_1_773' title='bbox 1895 4578 2072 4648; x_wconf 87' lang='lat' dir='ltr'><strong>ipsum</strong></span> <span class='ocrx_word' id='word_1_774' title='bbox 2096 4581 2323 4642; x_wconf 88' lang='lat' dir='ltr'><strong>sollicita</strong></span> <span class='ocrx_word' id='word_1_775' title='bbox 2345 4589 2521 4634; x_wconf 90' lang='lat' dir='ltr'><strong>mente</strong></span> <span class='ocrx_word' id='word_1_776' title='bbox 2544 4589 2882 4650; x_wconf 88' lang='lat' dir='ltr'><strong>pertractans</strong></span> <span class='ocrx_word' id='word_1_777' title='bbox 2909 4586 2976 4639; x_wconf 88' lang='lat' dir='ltr'><strong>ad</strong></span> <span class='ocrx_word' id='word_1_778' title='bbox 3023 4604 3184 4657; x_wconf 83' lang='lat' dir='ltr'><strong>quam</strong></span> <span class='ocrx_word' id='word_1_779' title='bbox 3216 4611 3377 4661; x_wconf 61' lang='lat' dir='ltr'><strong>grave</strong></span> 
     </span>
    </p>
   </div>
   <div class='ocr_carea' id='block_1_109' title="bbox 1806 4670 3375 4747">
    <p class='ocr_par' dir='ltr' id='par_1_109' title="bbox 1806 4670 3375 4747">
     <span class='ocr_line' id='line_1_109' title="bbox 1806 4670 3375 4747; baseline 0.011 -26"><span class='ocrx_word' id='word_1_780' title='bbox 1806 4670 2106 4737; x_wconf 83' lang='lat' dir='ltr'><strong>periculum</strong></span> <span class='ocrx_word' id='word_1_781' title='bbox 2149 4671 2220 4723; x_wconf 90' lang='lat' dir='ltr'><strong>sit</strong></span> <span class='ocrx_word' id='word_1_782' title='bbox 2255 4670 2553 4737; x_wconf 90' lang='lat' dir='ltr'><strong>adductus,</strong></span> <span class='ocrx_word' id='word_1_783' title='bbox 2605 4681 2838 4728; x_wconf 67' lang='lat' dir='ltr'><strong>aestuare</strong></span> <span class='ocrx_word' id='word_1_784' title='bbox 2876 4679 3040 4747; x_wconf 64' lang='lat' dir='ltr'><strong>coepit</strong></span> <span class='ocrx_word' id='word_1_785' title='bbox 3094 4696 3160 4735; x_wconf 77' lang='lat' dir='ltr'><strong>ex</strong></span> <span class='ocrx_word' id='word_1_786' title='bbox 3206 4686 3375 4739; x_wconf 81' lang='lat' dir='ltr'><strong>nimio</strong></span> 
     </span>
    </p>
   </div>
   <div class='ocr_carea' id='block_1_110' title="bbox 1806 4759 3375 4839">
    <p class='ocr_par' dir='ltr' id='par_1_110' title="bbox 1806 4759 3375 4839">
     <span class='ocr_line' id='line_1_110' title="bbox 1806 4759 3375 4839; baseline 0.01 -28"><span class='ocrx_word' id='word_1_787' title='bbox 1806 4759 2010 4813; x_wconf 91' lang='lat' dir='ltr'><strong>dolore.</strong></span> <span class='ocrx_word' id='word_1_788' title='bbox 2054 4759 2159 4814; x_wconf 89' lang='lat' dir='ltr'><strong>Sed</strong></span> <span class='ocrx_word' id='word_1_789' title='bbox 2204 4776 2329 4815; x_wconf 90' lang='lat' dir='ltr'><strong>cum</strong></span> <span class='ocrx_word' id='word_1_790' title='bbox 2359 4764 2765 4819; x_wconf 82' lang='lat' dir='ltr'><strong>excusationem</strong></span> <span class='ocrx_word' id='word_1_791' title='bbox 2796 4766 2864 4820; x_wconf 88' lang='lat' dir='ltr'><strong>de</strong></span> <span class='ocrx_word' id='word_1_792' title='bbox 2896 4770 3247 4839; x_wconf 89' lang='lat' dir='ltr'><strong>relinquendo</strong></span> <span class='ocrx_word' id='word_1_793' title='bbox 3273 4773 3375 4828; x_wconf 61' lang='lat' dir='ltr'><strong>Pa-</strong></span> 
     </span>
    </p>
   </div>
   <div class='ocr_carea' id='block_1_111' title="bbox 1807 4851 3368 4928">
    <p class='ocr_par' dir='ltr' id='par_1_111' title="bbox 1807 4851 3368 4928">
     <span class='ocr_line' id='line_1_111' title="bbox 1807 4851 3368 4928; baseline 0.012 -26"><span class='ocrx_word' id='word_1_794' title='bbox 1807 4858 1934 4928; x_wconf 80' lang='lat' dir='ltr'><strong>patu</strong></span> <span class='ocrx_word' id='word_1_795' title='bbox 1962 4865 2071 4904; x_wconf 88' lang='lat' dir='ltr'><strong>non</strong></span> <span class='ocrx_word' id='word_1_796' title='bbox 2113 4851 2439 4927; x_wconf 82' lang='lat' dir='ltr'><strong>invenisset,</strong></span> <span class='ocrx_word' id='word_1_797' title='bbox 2488 4857 2711 4912; x_wconf 90' lang='lat' dir='ltr'><strong>nuntios</strong></span> <span class='ocrx_word' id='word_1_798' title='bbox 2743 4859 2810 4911; x_wconf 84' lang='lat' dir='ltr'><strong>ad</strong></span> <span class='ocrx_word' id='word_1_799' title='bbox 2839 4857 3037 4927; x_wconf 86' lang='lat' dir='ltr'><strong>Regem</strong></span> <span class='ocrx_word' id='word_1_800' title='bbox 3072 4859 3368 4924; x_wconf 83' lang='lat' dir='ltr'><strong>Henricum</strong></span> 
     </span>
    </p>
   </div>
   <div class='ocr_carea' id='block_1_112' title="bbox 1805 4932 3376 5022">
    <p class='ocr_par' dir='ltr' id='par_1_112' title="bbox 1805 4932 3376 5022">
     <span class='ocr_line' id='line_1_112' title="bbox 1805 4932 3376 5022; baseline 0.009 -26"><span class='ocrx_word' id='word_1_801' title='bbox 1805 4941 2051 4996; x_wconf 82' lang='lat' dir='ltr'><strong>celeriter</strong></span> <span class='ocrx_word' id='word_1_802' title='bbox 2084 4943 2405 5011; x_wconf 88' lang='lat' dir='ltr'><strong>destinavit,</strong></span> <span class='ocrx_word' id='word_1_803' title='bbox 2431 4961 2526 5014; x_wconf 90' lang='lat' dir='ltr'><strong>per</strong></span> <span class='ocrx_word' id='word_1_804' title='bbox 2553 4932 2692 5013; x_wconf 85' lang='lat' dir='ltr'><strong>quos</strong></span> <span class='ocrx_word' id='word_1_805' title='bbox 2712 4955 2765 4998; x_wconf 90' lang='lat' dir='ltr'><strong>et</strong></span> <span class='ocrx_word' id='word_1_806' title='bbox 2785 4949 3102 5003; x_wconf 85' lang='lat' dir='ltr'><strong>electionem</strong></span> <span class='ocrx_word' id='word_1_807' title='bbox 3129 4968 3291 5022; x_wconf 86' lang='lat' dir='ltr'><strong>super</strong></span> <span class='ocrx_word' id='word_1_808' title='bbox 3318 4973 3376 5012; x_wconf 89' lang='lat' dir='ltr'><strong>se</strong></span> 
     </span>
    </p>
   </div>
   <div class='ocr_carea' id='block_1_113' title="bbox 1807 5031 3376 5106">
    <p class='ocr_par' dir='ltr' id='par_1_113' title="bbox 1807 5031 3376 5106">
     <span class='ocr_line' id='line_1_113' title="bbox 1807 5031 3376 5106; baseline 0.01 -20"><span class='ocrx_word' id='word_1_809' title='bbox 1807 5031 2004 5088; x_wconf 82' lang='lat' dir='ltr'><strong>factam</strong></span> <span class='ocrx_word' id='word_1_810' title='bbox 2035 5036 2276 5104; x_wconf 87' lang='lat' dir='ltr'><strong>aperuit,</strong></span> <span class='ocrx_word' id='word_1_811' title='bbox 2319 5043 2372 5089; x_wconf 90' lang='lat' dir='ltr'><strong>et</strong></span> <span class='ocrx_word' id='word_1_812' title='bbox 2412 5051 2480 5088; x_wconf 90' lang='lat' dir='ltr'><strong>ne</strong></span> <span class='ocrx_word' id='word_1_813' title='bbox 2504 5050 2790 5089; x_wconf 89' lang='lat' dir='ltr'><strong>assensum</strong></span> <span class='ocrx_word' id='word_1_814' title='bbox 2822 5039 3084 5106; x_wconf 60' lang='lat' dir='ltr'><strong>prteher‘et</strong></span> <span class='ocrx_word' id='word_1_815' title='bbox 3115 5047 3376 5102; x_wconf 85' lang='lat' dir='ltr'><strong>attentius</strong></span> 
     </span>
    </p>
   </div>
   <div class='ocr_carea' id='block_1_114' title="bbox 1806 5123 3375 5194">
    <p class='ocr_par' dir='ltr' id='par_1_114' title="bbox 1806 5123 3375 5194">
     <span class='ocr_line' id='line_1_114' title="bbox 1806 5123 3375 5194; baseline 0.009 -16"><span class='ocrx_word' id='word_1_816' title='bbox 1806 5125 2067 5182; x_wconf 75' lang='lat' dir='ltr'><strong>exoravit.</strong></span> <span class='ocrx_word' id='word_1_817' title='bbox 2106 5125 2251 5194; x_wconf 91' lang='lat' dir='ltr'><strong>quod</strong></span> <span class='ocrx_word' id='word_1_818' title='bbox 2292 5125 2339 5177; x_wconf 88' lang='lat' dir='ltr'><strong>si</strong></span> <span class='ocrx_word' id='word_1_819' title='bbox 2406 5140 2515 5177; x_wconf 88' lang='lat' dir='ltr'><strong>non</strong></span> <span class='ocrx_word' id='word_1_820' title='bbox 2555 5123 2786 5180; x_wconf 87' lang='lat' dir='ltr'><strong>faceret.</strong></span> <span class='ocrx_word' id='word_1_821' title='bbox 2819 5139 3028 5184; x_wconf 90' lang='lat' dir='ltr'><strong>certum</strong></span> <span class='ocrx_word' id='word_1_822' title='bbox 3060 5133 3162 5185; x_wconf 91' lang='lat' dir='ltr'><strong>sihi</strong></span> <span class='ocrx_word' id='word_1_823' title='bbox 3228 5147 3375 5191; x_wconf 86' lang='lat' dir='ltr'><strong>esset</strong></span> 
     </span>
    </p>
   </div>
   <div class='ocr_carea' id='block_1_115' title="bbox 1805 5215 3372 5287">
    <p class='ocr_par' dir='ltr' id='par_1_115' title="bbox 1805 5215 3372 5287">
     <span class='ocr_line' id='line_1_115' title="bbox 1805 5215 3372 5287; baseline 0.006 -17"><span class='ocrx_word' id='word_1_824' title='bbox 1805 5215 1951 5286; x_wconf 89' lang='lat' dir='ltr'><strong>quod</strong></span> <span class='ocrx_word' id='word_1_825' title='bbox 1984 5218 2259 5285; x_wconf 85' lang='lat' dir='ltr'><strong>graviores</strong></span> <span class='ocrx_word' id='word_1_826' title='bbox 2283 5223 2338 5270; x_wconf 88' lang='lat' dir='ltr'><strong>et</strong></span> <span class='ocrx_word' id='word_1_827' title='bbox 2362 5215 2680 5272; x_wconf 87' lang='lat' dir='ltr'><strong>manifestos</strong></span> <span class='ocrx_word' id='word_1_828' title='bbox 2705 5219 2824 5287; x_wconf 87' lang='lat' dir='ltr'><strong>ejus</strong></span> <span class='ocrx_word' id='word_1_829' title='bbox 2857 5235 3113 5275; x_wconf 85' lang='lat' dir='ltr'><strong>excessus</strong></span> <span class='ocrx_word' id='word_1_830' title='bbox 3140 5227 3372 5280; x_wconf 87' lang='lat' dir='ltr'><strong>nullate-</strong></span> 
     </span>
    </p>
   </div>
   <div class='ocr_carea' id='block_1_116' title="bbox 1806 5305 3369 5383">
    <p class='ocr_par' dir='ltr' id='par_1_116' title="bbox 1806 5305 3369 5383">
     <span class='ocr_line' id='line_1_116' title="bbox 1806 5305 3369 5383; baseline 0.003 -21"><span class='ocrx_word' id='word_1_831' title='bbox 1806 5323 1911 5362; x_wconf 90' lang='lat' dir='ltr'><strong>nus</strong></span> <span class='ocrx_word' id='word_1_832' title='bbox 1967 5305 2264 5376; x_wconf 85' lang='lat' dir='ltr'><strong>impuuitos</strong></span> <span class='ocrx_word' id='word_1_833' title='bbox 2309 5307 2582 5363; x_wconf 86' lang='lat' dir='ltr'><strong>toleraret.</strong></span> <span class='ocrx_word' id='word_1_834' title='bbox 2627 5327 2645 5358; x_wconf 75' lang='grc' dir='ltr'><strong><em>ι</em></strong></span> <span class='ocrx_word' id='word_1_835' title='bbox 2678 5307 2809 5360; x_wconf 86' lang='lat' dir='ltr'><strong>Rem</strong></span> <span class='ocrx_word' id='word_1_836' title='bbox 2856 5324 2986 5378; x_wconf 87' lang='lat' dir='ltr'><strong>ergo</strong></span> <span class='ocrx_word' id='word_1_837' title='bbox 3038 5312 3117 5365; x_wconf 90' lang='lat' dir='ltr'><strong>sic</strong></span> <span class='ocrx_word' id='word_1_838' title='bbox 3166 5324 3369 5383; x_wconf 86' lang='lat' dir='ltr'><strong>gestam</strong></span> 
     </span>
    </p>
   </div>
   <div class='ocr_carea' id='block_1_117' title="bbox 1803 5399 3370 5470">
    <p class='ocr_par' dir='ltr' id='par_1_117' title="bbox 1803 5399 3370 5470">
     <span class='ocr_line' id='line_1_117' title="bbox 1803 5399 3370 5470; baseline 0.003 -17"><span class='ocrx_word' id='word_1_839' title='bbox 1803 5400 2078 5466; x_wconf 78' lang='lat' dir='ltr'><strong>existimo,</strong></span> <span class='ocrx_word' id='word_1_840' title='bbox 2101 5409 2160 5454; x_wconf 90' lang='lat' dir='ltr'><strong>ut</strong></span> <span class='ocrx_word' id='word_1_841' title='bbox 2173 5399 2417 5470; x_wconf 85' lang='lat' dir='ltr'><strong>Gregorii</strong></span> <span class='ocrx_word' id='word_1_842' title='bbox 2434 5400 2655 5453; x_wconf 84' lang='lat' dir='ltr'><strong>nuntios</strong></span> <span class='ocrx_word' id='word_1_843' title='bbox 2671 5401 3012 5466; x_wconf 64' lang='lat' dir='ltr'><strong>praecurrerit</strong></span> <span class='ocrx_word' id='word_1_844' title='bbox 3033 5401 3113 5470; x_wconf 83' lang='lat' dir='ltr'><strong>(ut</strong></span> <span class='ocrx_word' id='word_1_845' title='bbox 3132 5404 3209 5470; x_wconf 86' lang='lat' dir='ltr'><strong>ﬁt)</strong></span> <span class='ocrx_word' id='word_1_846' title='bbox 3228 5403 3370 5458; x_wconf 88' lang='lat' dir='ltr'><strong>fama</strong></span> 
     </span>
    </p>
   </div>
   <div class='ocr_carea' id='block_1_118' title="bbox 1805 5490 3370 5560">
    <p class='ocr_par' dir='ltr' id='par_1_118' title="bbox 1805 5490 3370 5560">
     <span class='ocr_line' id='line_1_118' title="bbox 1805 5490 3370 5560; baseline 0 -16"><span class='ocrx_word' id='word_1_847' title='bbox 1805 5490 2126 5556; x_wconf 81' lang='lat' dir='ltr'><strong>Election‘is,</strong></span> <span class='ocrx_word' id='word_1_848' title='bbox 2163 5507 2390 5560; x_wconf 88' lang='lat' dir='ltr'><strong>eamque</strong></span> <span class='ocrx_word' id='word_1_849' title='bbox 2418 5499 2613 5543; x_wconf 66' lang='lat' dir='ltr'><strong>secuta:</strong></span> <span class='ocrx_word' id='word_1_850' title='bbox 2648 5491 2729 5543; x_wconf 88' lang='lat' dir='ltr'><strong>vel</strong></span> <span class='ocrx_word' id='word_1_851' title='bbox 2772 5507 2894 5545; x_wconf 75' lang='lat' dir='ltr'><strong>mox</strong></span> <span class='ocrx_word' id='word_1_852' title='bbox 2928 5500 3192 5544; x_wconf 77' lang='lat' dir='ltr'><strong>secuturze</strong></span> <span class='ocrx_word' id='word_1_853' title='bbox 3211 5490 3370 5545; x_wconf 65' lang='lat' dir='ltr'><strong>Ordi-</strong></span> 
     </span>
    </p>
   </div>
   <div class='ocr_carea' id='block_1_119' title="bbox 1805 5580 3367 5653">
    <p class='ocr_par' dir='ltr' id='par_1_119' title="bbox 1805 5580 3367 5653">
     <span class='ocr_line' id='line_1_119' title="bbox 1805 5580 3367 5653; baseline -0.003 -14"><span class='ocrx_word' id='word_1_854' title='bbox 1805 5584 2059 5646; x_wconf 88' lang='lat' dir='ltr'><strong>nationis,</strong></span> <span class='ocrx_word' id='word_1_855' title='bbox 2090 5598 2154 5635; x_wconf 92' lang='lat' dir='ltr'><strong>eo</strong></span> <span class='ocrx_word' id='word_1_856' title='bbox 2185 5582 2326 5650; x_wconf 79' lang='lat' dir='ltr'><strong>quod</strong></span> <span class='ocrx_word' id='word_1_857' title='bbox 2353 5581 2629 5634; x_wconf 74' lang='lat' dir='ltr'><strong>Romanus</strong></span> <span class='ocrx_word' id='word_1_858' title='bbox 2652 5583 2880 5650; x_wconf 79' lang='lat' dir='ltr'><strong>populus</strong></span> <span class='ocrx_word' id='word_1_859' title='bbox 2907 5580 3216 5653; x_wconf 77' lang='lat' dir='ltr'><strong>dilationem</strong></span> <span class='ocrx_word' id='word_1_860' title='bbox 3243 5583 3367 5634; x_wconf 85' lang='lat' dir='ltr'><strong>nni-</strong></span> 
     </span>
    </p>
   </div>
   <div class='ocr_carea' id='block_1_120' title="bbox 1804 5667 3381 5740">
    <p class='ocr_par' dir='ltr' id='par_1_120' title="bbox 1804 5667 3381 5740">
     <span class='ocr_line' id='line_1_120' title="bbox 1804 5667 3381 5740; baseline -0.002 -13"><span class='ocrx_word' id='word_1_861' title='bbox 1804 5675 1910 5727; x_wconf 85' lang='lat' dir='ltr'><strong>luni</strong></span> <span class='ocrx_word' id='word_1_862' title='bbox 1948 5673 2217 5725; x_wconf 78' lang='lat' dir='ltr'><strong>videretur</strong></span> <span class='ocrx_word' id='word_1_863' title='bbox 2243 5673 2352 5740; x_wconf 84' lang='lat' dir='ltr'><strong>pati</strong></span> <span class='ocrx_word' id='word_1_864' title='bbox 2376 5672 2508 5725; x_wconf 81' lang='lat' dir='ltr'><strong>velle</strong></span> <span class='ocrx_word' id='word_1_865' title='bbox 2540 5672 2555 5737; x_wconf 93' lang='lat'><strong>(</strong></span> <span class='ocrx_word' id='word_1_866' title='bbox 2574 5673 2711 5724; x_wconf 85' lang='lat' dir='ltr'><strong>sicut</strong></span> <span class='ocrx_word' id='word_1_867' title='bbox 2737 5687 2800 5723; x_wconf 72' lang='lat' dir='ltr'><strong>ex</strong></span> <span class='ocrx_word' id='word_1_868' title='bbox 2823 5682 3078 5737; x_wconf 70' lang='lat' dir='ltr'><strong>responso</strong></span> <span class='ocrx_word' id='word_1_869' title='bbox 3124 5667 3381 5738; x_wconf 64' lang='lat' dir='ltr'><strong>Gregorii,</strong></span> 
     </span>
    </p>
   </div>
   <div class='ocr_carea' id='block_1_121' title="bbox 1806 5756 3374 5832">
    <p class='ocr_par' dir='ltr' id='par_1_121' title="bbox 1806 5756 3374 5832">
     <span class='ocr_line' id='line_1_121' title="bbox 1806 5756 3374 5832; baseline -0.004 -14"><span class='ocrx_word' id='word_1_870' title='bbox 1806 5765 1870 5819; x_wconf 86' lang='lat' dir='ltr'><strong>ad</strong></span> <span class='ocrx_word' id='word_1_871' title='bbox 1891 5763 2153 5824; x_wconf 68' lang='lat' dir='ltr'><strong>Comitem</strong></span> <span class='ocrx_word' id='word_1_872' title='bbox 2179 5763 2310 5818; x_wconf 86' lang='lat' dir='ltr'><strong>satis</strong></span> <span class='ocrx_word' id='word_1_873' title='bbox 2339 5762 2673 5832; x_wconf 82' lang='lat' dir='ltr'><strong>intelligitur)</strong></span> <span class='ocrx_word' id='word_1_874' title='bbox 2698 5769 2749 5813; x_wconf 89' lang='lat' dir='ltr'><strong>et</strong></span> <span class='ocrx_word' id='word_1_875' title='bbox 2776 5756 3052 5828; x_wconf 77' lang='lat' dir='ltr'><strong>Episcopis</strong></span> <span class='ocrx_word' id='word_1_876' title='bbox 3075 5756 3374 5817; x_wconf 66' lang='lat' dir='ltr'><strong>Gallicanis</strong></span> 
     </span>
    </p>
   </div>
  </div>
