3902 6410
159 508 202 560 il
1056 503 1585 560 PROLEGOMENA.
1614 532 1683 544 —-
1716 504 1895 560 ACTA
1936 505 1992 560 S.
2031 506 2372 580 GREGOBII.

3255 511 3324 562 5'2

157 627 444 687 contemptus
473 632 503 670 a
529 616 769 686 quodam
791 614 1206 678 calumniatore,
1233 613 1544 669 terribiliter
1563 613 1679 664 vin-
1708 618 1752 672 Α
1779 614 2177 679 eelebraturus,
2217 617 2349 668 adiit
2392 615 2704 675 Abbaliam,
2743 615 3003 666 vocabulo
3050 613 3327 669 Nonantu-

158 710 323 758 dicatus
341 716 416 759 est
442 705 652 758 cazlcsti
677 705 818 771 igne.
845 700 978 755 Nam
1005 717 1129 756 cum
1158 710 1303 755 esset
1323 699 1671 755 Arcliidiaco-

160 812 253 854 mis.
277 794 618 848 antecesseris
639 794 726 846 sui
751 792 1044 844 Alexandri
1066 809 1080 854 ;
1110 806 1316 859 pauper
1343 788 1563 857 quidam
1588 789 1672 840 in-

159 884 438 938 tolerabilem
477 882 761 936 sustinens
802 874 922 934 sibi
947 879 1265 934 ln-reditatis
1301 877 1492 931 ablata:
1529 876 1673 946 inju-

161 975 301 1036 riam,
336 973 399 1025 ab
425 971 773 1040 iniquissimo
797 978 850 1022 et
884 969 1186 1022 metuendae
1227 966 1484 1036 potentia:
1516 965 1634 1018 viro
1658 1004 1672 1024 ,

159 1062 340 1115 ﬂebilem
360 1061 750 1130 querimoniam
779 1059 970 1112 detulit
997 1055 1252 1110 Pontii‘iei
1285 1055 1549 1109 lloinano.
1581 1053 1676 1106 \‘e-

160 1167 253 1205 rum
290 1152 396 1214 hic,
437 1167 561 1205 cum
599 1155 880 1217 propterea
912 1147 1016 1199 sibi
1059 1160 1278 1214 quoque
1312 1144 1572 1196 damnum
1608 1143 1677 1195 ab

159 1244 304 1294 animo
325 1239 628 1294 irrcvercnti
660 1247 714 1290 et
749 1235 1014 1290 inl'runito
1043 1228 1390 1288 subeundum
1415 1229 1674 1283 formida-

160 1339 238 1392 ret,
260 1337 304 1381 et
323 1329 459 1397 justa
489 1326 762 1381 sententia
789 1322 1226 1378 misericordiam
1255 1320 1537 1372 sublevare
1565 1327 1675 1371 tre-

161 1421 355 1487 pidaret;
397 1419 575 1486 justus
602 1414 1030 1478 lliltebrandus,
1067 1427 1226 1480 quasi
1256 1409 1341 1462 leo
1367 1409 1675 1469 conlidens.

161 1523 257 1561 cum
288 1507 503 1574 primum
553 1505 880 1558 Pontiliccm
931 1501 996 1554 ad
1048 1499 1376 1554 exercndum
1418 1497 1675 1549 ulionem

160 1599 351 1651 excitare
402 1605 455 1649 et
507 1593 818 1650 eonl'ortare
881 1597 1179 1653 tentasset,
1218 1588 1311 1641 sed
1369 1602 1492 1638 eum
1523 1602 1675 1654 apu-

160 1686 479 1744 sillanimitate
548 1684 783 1752 spiritus
848 1692 1190 1748 nequaquam
1249 1676 1480 1729 liberare
1544 1690 1678 1741 prac-

160 1777 404 1839 valuisset;
429 1775 528 1829 sibi
557 1775 728 1828 viceni
762 1773 909 1825 illam
936 1767 1323 1822 misericordia:
1355 1775 1408 1819 et
1435 1765 1678 1818 veritatis

161 1865 384 1919 committi
412 1863 717 1934 postulavit.
749 1861 870 1926 Qua
896 1858 1148 1928 protinus
1176 1865 1394 1922 accepta
1417 1896 1430 1918 ,
1463 1863 1678 1906 senten-

161 1956 263 2008 tiam
284 1954 626 2008 anatbeinatis
649 1954 702 2006 in
727 1951 1036 2020 praedonem
1056 1946 1222 1999 dedit.
1241 1944 1432 2008 Atille,
1460 1943 1543 1995 vel
1573 1958 1677 1993 non

163 2045 350 2107 habens,
382 2044 459 2096 vel
488 2043 818 2097 erubescens
852 2038 1050 2090 habere
1075 2034 1242 2087 videri
1267 2036 1515 2086 timorem
1547 2031 1680 2083 tantl

158 2133 346 2200 iudicii;
374 2147 489 2185 cum
516 2131 712 2184 exinde
736 2127 895 2182 tertia
917 2125 1005 2179 die
1027 2123 1188 2178 solito
1212 2123 1405 2190 (more)
1434 2120 1682 2172 exultan-

161 2223 216 2274 tis
237 2222 309 2276 vel
338 2221 638 2276 insultantis
667 2225 976 2288 equestrem
1007 2213 1254 2267 militiam
1289 2211 1428 2263 inter
1453 2208 1678 2262 comini-

161 2312 322 2368 litones
355 2313 693 2374 vcntilasset;
738 2307 921 2361 subito
953 2302 1196 2357 fulminis
1219 2302 1326 2356 ictu
1359 2312 1678 2369 percussus.

160 2403 294 2454 veluti
332 2403 491 2456 durus
521 2399 739 2454 Pharao
761 2439 775 2462 ,
815 2397 871 2450 in
897 2402 1090 2463 stagno
1123 2391 1262 2462 ignis
1286 2392 1526 2446 ardentis
1546 2391 1679 2446 sub-

162 2505 339 2544 mersus
358 2499 454 2544 εει.

214 2589 258 2641 ι.
295 2586 486 2661 Interea
515 2585 651 2640 vidit
673 2584 805 2639 illud
836 2582 1107 2636 famosum
1133 2578 1430 2642 somnium,
1454 2576 1692 2630 Pontit‘i--

159 2676 268 2729 catis
293 2676 604 2728 excellentia:
646 2682 702 2727 et
729 2671 980 2726 etlicacize
999 2668 1336 2731 vaticinium,
1361 2667 1506 2735 quod
1532 2665 1679 2719 scili-

158 2772 230 2815 cet
266 2778 323 2815 ex
361 2778 449 2816 ore
492 2763 610 2831 ejus
657 2761 800 2830 ignis
849 2759 1055 2819 exiret,
1079 2756 1174 2826 qui
1209 2764 1383 2808 totum
1412 2755 1675 2808 mundum

160 2852 352 2920 igniret;
385 2852 518 2905 baud
565 2851 794 2904 dubium
837 2848 968 2918 quin
995 2847 1086 2899 ille
1113 2845 1274 2914 ignis,
1303 2860 1464 2914 quem
1491 2843 1677 2898 Domi-

158 2956 246 2995 nus
269 2939 410 2994 .lesus
431 2941 680 2994 Christus
711 2939 863 2993 misit
891 2938 947 2991 in
973 2946 1173 2989 terram
1194 2974 1210 2996 ,
1246 2942 1302 2986 et
1322 2933 1492 2986 voluit
1514 2933 1680 2986 velte-

159 3039 334 3082 menter
367 3031 597 3084 accendi.
626 3027 833 3081 Verum
885 3040 994 3078 non
1033 3024 1113 3077 sic
1154 3022 1303 3090 impii
1340 3021 1678 3088 interpretati

159 3125 282 3182 sunt,
302 3134 462 3187 nequc
493 3119 572 3172 sic
601 3117 964 3185 malignantes
990 3110 1195 3180 experti
1221 3119 1368 3164 sunt.
1387 3109 1520 3162 Nam
1549 3110 1674 3178 quia

1712 1919 1754 1974 Β

1773 705 1997 773 lam(-l),
2022 716 2332 758 sanctorum
2363 705 2815 773 pr:edeeessorum
2844 704 2961 772 ejus
2991 705 3230 757 Silvestri
3277 716 3330 759 et

1776 794 1995 847 Adriani
2040 795 2355 863 patrociniis
2387 793 2698 861 glmiosam.
2729 791 2801 844 lbi
2832 810 3021 860 nempe
3047 810 3329 848 sacrosan-

1774 885 1878 937 ctis
1924 885 2180 937 insistens
2215 884 2563 942 ministeriis,
2607 897 2728 934 cum
2775 882 2886 950 jam
2928 895 3331 940 consummaret

1775 973 2254 1026 sanctiﬁcationcm
2293 972 2614 1024 Cbrismatis
2633 1013 2646 1033 ,
2675 972 2852 1023 subito
2877 972 3088 1023 ('u'iittts
3118 973 3330 1027 inﬂam-

1777 1072 1957 1116 mante
1977 1061 2314 1115 benedictum
2339 1061 2603 1130 liquorem
2640 1061 2784 1113 clara
2813 1062 2992 1128 specie
3020 1061 3179 1127 ignis,
3207 1078 3332 1115 con-

1776 1152 2108 1220 glorilicatus
2142 1160 2226 1205 est
2263 1149 2504 1218 antiquis
2539 1148 2790 1204 Patribus
2826 1150 2981 1219 signo
3021 1150 3215 1204 divin:e
3242 1166 3330 1204 ae-

1776 1241 2062 1310 ceptionis.
2800 1299 2811 1308 '

1847 1331 1984 1398 5.(23)
2016 1330 2117 1383 Sed
2141 1329 2253 1396 jam
2283 1344 2583 1398 congruum
2610 1328 2819 1381 videtur
2845 1323 3111 1382 miracula
3133 1328 3334 1393 deigno

1779 1419 1831 1470 in
1855 1420 2087 1472 mirabili
2115 1419 2442 1472 extitit-tione
2469 1419 2610 1486 ignis
2639 1418 2948 1486 ﬁnire,qu:e
2973 1418 3023 1470 in
3045 1418 3334 1469 lilii-unicis

1780 1509 2165 1562 vcnerabilium
2212 1509 2453 1560 virorum
2498 1509 2596 1562 liae
2637 1509 2921 1560 occasione
2963 1507 3156 1574 legitur
3194 1509 3335 1558 ειη-ἱ·-

1777 1597 1942 1651 disse.
1988 1598 2124 1650 Cum
2166 1598 2453 1665 pra‘dicttts
2493 1597 2758 1650 Henricus
2803 1597 3056 1648 Iloinnna-
3101 1596 3334 1650 civitatis

1780 1686 2052 1739 mmnibus
2084 1687 2268 1738 bostili
2311 1703 2472 1738 manu
2496 1688 2820 1749 assedisset,
2856 1697 2906 1739 et
2933 1687 3003 1737 ob
3031 1687 3129 1736 boe
3158 1687 3332 1750 ignem

1780 1776 2014 1843 quodam
2043 1772 2171 1827 loco
2223 1776 2518 1842 injecissct,
2550 1786 2629 1837 ut,
2668 1777 2868 1844 popqu
2893 1777 3186 1828 alutamiis
3212 1791 3336 1842 pro-

1782 1864 2096 1931 pugnaculis
2118 1865 2182 1917 ad
2213 1867 2496 1917 avertenda
2532 1866 2926 1918 combustitmis
2956 1865 3188 1932 pericula
3212 1881 3337 1916 (σηπι-

1780 1968 1976 2015 verso,
2023 1954 2139 2006 sine
2191 1955 2550 2021 prohibitione
2607 1955 2970 2022 irrumperet;
3034 1955 3334 2018 intelligens

1781 2041 1920 2096 banc
1969 2043 2262 2097 versutiam
2311 2044 2641 2097 fortissimus
2668 2044 2722 2095 in
2758 2045 2857 2095 lide
2895 2043 3097 2094 (lbristi
3132 2039 3335 2107 (ii-ego-

1779 2129 1914 2194 rius,
1939 2132 2152 2200 signum
2179 2133 2373 2185 (li-ucis
2399 2134 2659 2200 appinxit,
2686 2143 2760 2196 et,
2786 2134 2929 2185 velut
2950 2132 3161 2185 Tiberis
3184 2131 3337 2184 inun—

1779 2217 2016 2272 dantiam
2057 2220 2387 2283 effunderet,
2430 2221 2741 2275 incendium
2789 2222 3034 2289 protinus
3077 2221 3332 2285 extinxit,

1780 2311 2098 2380 plebemque
2169 2311 2235 2363 ad
2287 2313 2686 2381 prOpugnat-ula
2749 2311 3076 2366 ilel‘ensanda
3159 2310 3335 2364 redire

1781 2401 2052 2470 pra-cepit.

1848 2491 1900 2541 6.
1938 2489 2106 2543 Nobis
2134 2490 2295 2542 ctiam
2325 2489 2497 2542 redire
2516 2489 2689 2556 placet
2715 2490 2779 2543 ad
2806 2491 3336 2546 commemorandam

1778 2580 2065 2646 pueritiam
2087 2578 2206 2646 ejus
2227 2619 2242 2642 ,
2277 2579 2328 2649 ip
2353 2594 2458 2646 qua
2500 2579 2769 2632 avunculo
2806 2594 2906 2632 suo
2932 2579 3122 2632 Abbati
3151 2597 3340 2633 mona-

1779 2670 1927 2721 sterii
1981 2678 2180 2721 sanetae
2231 2667 2322 2722 Dei
2379 2669 2680 2722 Genetricis
2737 2667 2919 2721 Marte
2971 2669 3022 2721 ia
3073 2670 3339 2721 Aventino

1780 2767 1996 2822 monte,
2030 2758 2096 2810 ad
2140 2757 2552 2811 instructionem
2594 2758 2832 2812 liberalis
2863 2759 3096 2811 scientia:
3118 2769 3169 2810 et
3191 2773 3340 2812 com-

1779 2848 2103 2916 positionem
2140 2847 2362 2900 moralis
2413 2847 2741 2914 disciplinae,
2771 2862 2799 2899 a
2825 2848 3136 2914 parentibus
3190 2864 3342 2902 com-

1779 2936 2082 3002 mendatus,
2111 2935 2162 2988 in
2185 2935 2332 2988 brevi
2353 2936 2587 2988 ostendit
2615 2937 2932 3002 spectabiles
2953 2937 3109 2989 liores
3132 2938 3338 2990 utrius-

1777 3039 1882 3092 que
1940 3022 2408 3078 nutrimentiJam
2434 3038 2563 3076 vero
2584 3024 3002 3076 adolescentiam
3033 3024 3335 3089 ingressus,

1779 3113 2051 3182 prolectus
2083 3122 2167 3166 est
2205 3113 2257 3166 in
2300 3112 2580 3166 Franciam
2607 3154 2620 3173 ,
2652 3114 2958 3167 dominicus
2989 3114 3119 3166 inibi
3158 3117 3341 3168 carnis

161 3204 384 3272 Spiritum
441 3213 688 3261 sanctum
739 3203 1253 3272 blasplicmaovcrunt
1281 3241 1297 3265 ,
1345 3214 1579 3268 cumque
1623 3199 1675 3252 in
1705 3219 1746 3274 ρ
1780 3203 2128 3271 petulantiam
2167 3212 2221 3256 et
2257 3203 2500 3256 molestia
2529 3203 2976 3272 peregrinationis
3003 3213 3056 3256 et
3085 3205 3340 3257 instantia

159 3310 291 3348 servo
311 3311 402 3349 suo
416 3299 727 3365 arguentem
749 3297 816 3348 de
835 3300 1076 3361 peccato,
1098 3289 1416 3342 lnfcrnalcm
1433 3289 1678 3341 titionem

160 3395 480 3437 vocaverunt:
506 3385 642 3453 justi
682 3383 777 3436 Dei
817 3381 1023 3434 ultione
1043 3419 1060 3443 ,
1084 3377 1462 3430 'irrcmissibili
1484 3377 1680 3429 delicto

161 3471 366 3538 obligati,
385 3481 694 3538 perpetuam
723 3467 1000 3521 miseriam
1029 3465 1278 3534 maligna:
1304 3465 1680 3538 appellationis

161 3556 463 3636 inciderunt,
490 3567 546 3612 et
577 3559 779 3612 mirum
805 3557 861 3609 in
889 3555 1134 3617 modum,
1157 3554 1303 3622 quod
1329 3554 1435 3622 piis
1457 3563 1572 3607 erat
1591 3568 1680 3607 sa-

143 3645 420 3713 lutiferam,
453 3648 627 3716 impiis
654 3646 857 3700 factum
888 3651 972 3698 est
997 3642 1357 3696 mortiferum.
1378 3641 1475 3696 llic
1501 3658 1683 3697 succe-

161 3735 228 3788 dit
268 3737 570 3790 miraculum
593 3777 610 3802 ,
643 3750 753 3790 non
789 3734 966 3788 solum
1007 3731 1168 3796 Elim,
1216 3732 1309 3786 sed
1349 3732 1512 3785 etiam
1547 3733 1681 3800 justi

163 3823 292 3888 Abel,
309 3835 358 3878 et
381 3825 758 3894 sapientissimi
776 3821 1105 3885 Salomonis,
1128 3836 1226 3873 nec
1243 3835 1348 3874 non
1372 3830 1427 3874 et
1453 3821 1682 3876 alierum

164 3911 352 3968 Patrum
378 3915 636 3985 exemplis
665 3912 988 3983 gloriosum,
1014 3924 1249 3978 quorum
1275 3909 1525 3964 videlicet
1545 3912 1681 3964 liba—

165 4003 370 4058 minibus
411 4005 596 4073 illapsa
624 4012 714 4057 est
743 4017 840 4070 per
868 3999 1103 4068 speciem
1133 3997 1274 4068 ignis
1311 3999 1483 4068 gratia
1511 4001 1682 4054 sancti

166 4087 389 4158 Spiritus.
437 4091 669 4145 Domino
722 4103 959 4159 namque
1002 4095 1224 4143 auctore
1267 4089 1587 4143 sublimatus
1631 4091 1684 4142 in

167 4178 358 4244 specula
379 4178 766 4247 Apostolorum
788 4177 934 4231 Petri
958 4186 1012 4230 et
1032 4176 1207 4242 Pauli,
1237 4193 1359 4230 eum
1383 4177 1437 4230 in
1474 4178 1686 4232 univer-

167 4279 268 4320 sam
289 4276 470 4321 terram
489 4268 815 4338 produceret
832 4279 1027 4319 sonum
1046 4279 1260 4331 eorum,
1285 4274 1341 4319 et
1367 4267 1421 4318 in
1443 4265 1577 4319 lines
1595 4281 1686 4320 or-

169 4356 242 4412 bis
258 4365 395 4412 terra:
415 4357 794 4421 disseminaret
823 4354 986 4408 verba
1010 4368 1230 4417 eorum;
1262 4354 1504 4406 moderni
1519 4353 1686 4411 Nero—

168 4445 268 4512 nis,
300 4447 488 4502 scilicet
525 4447 705 4517 quarti
728 4443 946 4498 Henrici
982 4441 1364 4512 Regis,'cujus
1387 4441 1609 4512 ﬂagitiis
1631 4453 1684 4496 et

1781 3293 2124 3346 eruditionis.
2159 3292 2285 3346 Inde
2309 3294 2430 3360 post
2455 3292 2660 3360 aliquot
2688 3309 2859 3366 annos
2877 3294 3110 3365 Ilomam
3136 3296 3342 3347 reditu-

1781 3397 1896 3443 rus,
1919 3382 2129 3433 occulta
2155 3381 2246 3434 Dei
2269 3381 2678 3448 prmparatione,
2704 3398 2808 3445 nio;
2825 3399 2913 3436 am
2941 3382 3062 3437 fecit
3092 3384 3344 3453 aliquan-

1780 3477 1894 3521 tum
1916 3470 2174 3537 temporis
2204 3469 2257 3522 in
2289 3469 2410 3522 aula
2440 3468 2654 3522 llenrici
2678 3469 2869 3536 lll,'~iu~
2891 3474 3018 3540 quia
3045 3474 3345 3528 subliman-

1780 3558 1884 3611 (ξας.
1936 3567 2053 3610 erat
2113 3559 2166 3612 in
2219 3559 2455 3612 culmine
2505 3556 2802 3613 Sacerilotii
2833 3601 2850 3624 ,
2897 3559 3173 3628 profectus
3219 3563 3344 3630 ejus

1783 3646 2105 3702 manifestus
2147 3649 2298 3702 ﬁeret
2333 3650 2589 3702 omnibus
2628 3665 2692 3710 ex
2743 3651 2851 3703 alta
2905 3653 3122 3719 specula
3165 3656 3338 3722 regni.

1781 3735 1919 3792 Hine
1959 3740 2072 3806 ipse
2102 3737 2398 3806 Imperator
2444 3739 2624 3792 aiebat
2673 3755 2953 3806 nunquam
3009 3755 3068 3794 se
3121 3744 3343 3797 audisse

1784 3827 2057 3878 hominem
2088 3842 2210 3878 cum
2240 3834 2386 3878 tanta
2433 3827 2625 3878 lidueia
2661 3826 2892 3882 Verbum
2923 3827 3016 3880 Dei
3038 3829 3341 3897 praedican-

1782 3924 1909 3968 tem.
1935 3913 2312 3968 Probatissimi
2342 3930 2558 3983 quoque
2580 3914 2991 3983 Episcoporum,
3011 3918 3086 3987 rei
3116 3919 3368 3984 publice

1783 4003 2216 4067 consulentium,
2255 4004 2660 4058 admirabantur
2688 4005 2740 4057 in
2781 4007 2959 4060 verbis
2998 4009 3182 4076 gratiae
3221 4025 3343 4078 quae

1784 4093 2142 4162 procedebant
2163 4093 2229 4148 de
2257 4110 2350 4146 ore
2375 4093 2512 4162 ejus.
2817 4149 2821 4153 ,

1854 4182 1904 4234 7.
1945 4181 2076 4236 Post
2113 4183 2226 4236 ιιωο
2254 4181 2480 4236 Romam
2515 4197 2765 4235 reversus
2787 4223 2802 4244 ,
2842 4198 2967 4237 cum
3004 4185 3182 4238 studio
3213 4201 3340 4254 per-

1784 4269 2032 4322 fectionis
2058 4269 2348 4332 insisteret,
2381 4277 2437 4321 et
2463 4269 2679 4332 accepta
2713 4269 2970 4325 divinitus
3005 4272 3201 4327 talenta
3254 4277 3342 4332 in-

1784 4269 2032 4322 fectionis
2058 4269 2348 4332 insisteret,
2381 4277 2437 4321 et
2463 4283 2588 4322 accc
2650 4284 2679 4321 a
2713 4269 2970 4325 divinitus
3005 4272 3201 4327 talenta
3254 4277 3340 4332 in-

1784 4357 2025 4409 tellectus
2049 4363 2210 4423 atque
2236 4259 2871 4500 Operationisydicare
2904 4371 3189 4432 satageret,
3223 4375 3340 4420 tor-

1787 4451 1970 4500 pentes
1994 4443 2322 4499 domesticos
2348 4447 2518 4498 sensit
2557 4447 2628 4500 in'
2655 4449 2824 4500 uicos.
2854 4459 2907 4500 et
2941 4451 3066 4500 illud
3103 4455 3340 4500 verilalie

1787 4451 1970 4511 pentes
1994 4443 2322 4499 domesticos
2348 4447 2518 4498 sensit
2557 4441 2824 4513 iniinicos,
2854 4459 2907 4502 et
2941 4451 3066 4506 illud
3103 4455 3342 4509 veritatis
3423 4441 3426 4444 ’

170 4533 461 4593 facinoribus
495 4504 676 4592 or-nnis
720 4533 1028 4605 prredicatio
1071 4531 1347 4597 veritatis,
1373 4533 1518 4586 velut
1545 4533 1683 4601 ignis
1716 4515 1760 4568 D
1784 4533 2016 4601 elogium
2058 4534 2340 4601 probavit:
2372 4534 2540 4596 Nemo
2581 4504 2840 4606 propheta
2876 4504 3339 4610 acceptus—estin
3420 4606 3424 4610 ,
3469 4504 3473 4510 1

172 4639 345 4692 urens,
386 4627 736 4681 intolerabilis
787 4632 944 4689 erat,
996 4622 1374 4692 gravissimam
1408 4630 1595 4675 contra
1625 4637 1684 4676 se
1784 4623 1954 4703 patria
1989 4639 2089 4678 sua
2116 4623 2266 4692 (Luc.
2301 4627 2395 4693 iv).
2443 4625 2673 4680 Proinde
2713 4643 2934 4695 parcere
2973 4633 3157 4684 volens
3204 4635 3341 4687 invi-

170 4715 557 4781 persecutionem
580 4714 916 4770 commovit:
942 4712 1174 4784 ideoque
1193 4711 1512 4765 necessitate
1535 4726 1685 4766 com-
1747 4712 1754 4719 ’
1781 4713 1905 4777 diue,
1932 4720 1988 4766 et
2014 4713 2274 4784 majorem
2301 4715 2543 4768 caritatis
2579 4715 2812 4770 fructum
2842 4734 3102 4786 quiem-re,
3135 4723 3338 4793 ingredi

170 4801 335 4871 pulsus
363 4802 539 4872 lugere
562 4804 631 4856 de
653 4803 874 4856 civitate
893 4801 950 4853 in
970 4799 1266 4865 civitatem,
1293 4797 1686 4854 Christianissi-

171 4905 260 4946 η
277 4888 564 4947 Conitissze
580 4889 1097 4944 Mathildis’tutelam
1121 4888 1188 4941 ad
1211 4896 1425 4955 tempus
1443 4890 1680 4958 expetiit.
1719 4892 1722 4894 ⁷

171 4975 386 5052 CII-que
407 4982 542 5052 apud
569 4995 691 5034 eam
722 4979 777 5032 in
800 4991 932 5046 pace
969 4967 1146 5030 factus
1167 4983 1315 5028 esset
1347 4975 1499 5031 locus
1529 4977 1649 5045 ejus
1668 5019 1683 5042 ,

173 5067 479 5123 ethitatio
495 5069 617 5140 ejus
649 5068 705 5120 in
736 5066 888 5130 Sion,
919 5065 1024 5118 hoc
1045 5067 1130 5118 est
1166 5062 1220 5115 in
1255 5054 1471 5130 specula
1495 5065 1688 5119 divinae

171 5158 640 5225 Memphtionis;
683 5162 996 5211 recurrente
1040 5162 1345 5221 temporum
1368 5159 1517 5216 rota,
1549 5152 1688 5206 forte

172 5239 456 5300 inminebat
485 5247 604 5301 dies
641 5245 878 5300 maxime
917 5242 1096 5296 dedita
1135 5239 1684 5317 Pontiﬁcalibusom-

171 5327 282 5396 eiii,
307 5343 424 5402 qua
446 5332 749 5402 nuncupari
769 5332 909 5386 solet
939 5330 1107 5386 Cena
1134 5324 1368 5383 Domini.
1392 5325 1540 5382 Hane
1559 5343 1687 5399 ergo

229 5453 621 5578 rm
652 5463 711 5516 in
744 5460 993 5516 conﬁniis
1017 5459 1144 5541 agri.
1158 5459 1474 5514 Mutinensis
1501 5461 1711 5543 et

583 5537 674 5578 at:
712 5528 772 5578 S.
801 5529 1042 5578 Amlm
1064 5544 1230 5578 Immo
1254 5529 1470 5578 Abbale.
1493 5546 1585 5578 mn
1607 5533 1690 5578 dl-

712 5528 782 5610 δ’ἒ
801 5529 1042 5610 Angelius)
1054 5523 1470 5610 primonAbbate,
1493 5531 1690 5610 quidl-

742 5595 800 5676 ἓ·
835 5591 1186 5676 ἓίικὲιτίρέειξ
1206 5597 1404 5676 dictum
1430 5591 1603 5676 εἐξειᾴ
1629 5599 1684 5676 ετ

169 5657 388 5716 Δια-ἰ
419 5657 722 5717 Ὕίωᾱειίε
743 5664 798 5716 3.
833 5664 1027 5718 lanii.
1065 5657 1269 5720 Ibidem
1311 5666 1473 5720 etiam
1506 5668 1688 5721 haberi

171 5741 352 5800 ωιηι
381 5727 644 5802 Βαζίεή
692 5729 858 5798 Papa
889 5748 995 5786 non
1026 5733 1068 5786 I.
1110 5734 1202 5788 sed
1237 5733 1320 5787 ΙΙΙ.
1383 5737 1590 5790 ostendi
1636 5738 1687 5790 in

415 5819 686 5882 ΡΑτιοι..
720 5819 1042 5882 CXLVIII.

187 6185 354 6230 rm
377 6175 436 6230 1L,
517 6221 520 6230 .

381 6229 442 6248 Eb!

1785 4801 1971 4855 statuit
1996 4801 2049 4854 in
2079 4810 2259 4870 partes
2301 4802 2602 4857 Gennaniae
2637 4813 2691 4858 et
2732 4803 2934 4862 Galliae.
2973 4809 3218 4876 Cumque
3251 4826 3340 4862 vc-

1785 4889 1956 4944 nisset
1978 4890 2045 4943 ad
2079 4889 2263 4958 Aquas
2296 4891 2589 4959 pendentes
2617 4893 2694 4961 (6)
2714 4935 2729 4958 ,
2759 4911 3025 4964 apparens
3068 4897 3118 4949 ei
3168 4898 3220 4949 in
3263 4899 3340 4950 vi-

1785 4979 1939 5032 sione
1963 4977 2023 5030 B.
2051 4977 2264 5042 Petrus,
2292 4979 2384 5047 qui
2411 4979 2523 5047 jam
2548 4984 2895 5036 ascensioncs
2915 4985 3034 5051 ejus
3066 4985 3120 5036 in
3143 4983 3339 5040 Catbe-

1783 5066 1937 5120 dram
1965 5081 2120 5120 suam
2139 5067 2477 5135 disponebat,
2505 5069 2719 5135 prodire
2745 5085 2871 5124 eum
2899 5073 3126 5128 ulterius
3153 5076 3337 5142 probi-

1784 5153 1962 5206 bebat.
1981 5153 2098 5220 Ipse
2126 5162 2328 5216 autem,
2352 5153 2594 5208 fallacem
2620 5157 3238 5233 cxistiinansiinaginem
3264 5207 3278 5228 ,
3311 5184 3339 5221 a

1785 5240 2060 5308 proposito
2089 5240 2280 5295 itinere
2304 5256 2412 5293 non
2442 5241 2664 5298 reﬂexit.
2709 5245 2837 5302 Item
2881 5254 3129 5306 secundae
3167 5256 3342 5308 nectis

1787 5327 2014 5381 similem
2043 5327 2304 5399 visionem
2332 5333 2643 5397 prmtcrivit.
2673 5335 2810 5390 Tum
2843 5354 2970 5393 vero
3001 5343 3154 5408 tertia
3185 5353 3343 5396 nocte

1785 5459 2146 5527 Chronologia
2175 5458 2473 5516 Pontiﬁeia.

1857 5531 1948 5608 (5)‘
1976 5529 2215 5608 Meminit
2263 5533 2820 5608 sequen_t_isﬂbistori;e
2849 5539 3162 5593 Bcrtboldus
3190 5538 3335 5593 Con-

1789 5597 2103 5653 stantiensis
2123 5597 2190 5648 ad
2223 5610 2426 5649 annum
2449 5599 2604 5653 1082.

1860 5667 1934 5738 ((ξ)
1964 5664 2359 5738 ligauit-pendens
2401 5667 2654 5733 oppidum
2698 5672 2914 5726 ditionis
2959 5674 3250 5727 Pontiﬁcius
3282 5680 3336 5732 Ἀ

1791 5730 2062 5790 territorio
2090 5730 2441 5784 Urbevetano.

2866 5806 2870 5810 ’
2947 5829 2984 5883 2
