  <div class='ocr_page' id='page_1' title='image "/cluster/home/n/w/nwhite01/storage/ocr_20150623/148/uva.x000829792/029.png"; bbox 0 0 3902 6406; ppageno 0'>
   <div class='ocr_carea' id='block_1_1' title="bbox 546 523 3730 641">
    <p class='ocr_par' dir='ltr' id='par_1_1' title="bbox 546 523 3730 641">
     <span class='ocr_line' id='line_1_1' title="bbox 546 523 3730 641; baseline -0.002 -25"><span class='ocrx_word' id='word_1_1' title='bbox 546 564 616 616; x_wconf 67' lang='lat'><strong>45</strong></span> <span class='ocrx_word' id='word_1_2' title='bbox 1820 556 2207 619; x_wconf 58' lang='lat' dir='ltr'><strong>auricomus</strong></span> <span class='ocrx_word' id='word_1_3' title='bbox 2246 559 2332 614; x_wconf 84' lang='lat' dir='ltr'><strong>vn</strong></span> <span class='ocrx_word' id='word_1_4' title='bbox 2368 532 2557 614; x_wconf 53' lang='lat' dir='ltr'><strong>rara</strong></span> <span class='ocrx_word' id='word_1_5' title='bbox 2623 523 2626 527; x_wconf 60' lang='grc'><strong>’</strong></span> <span class='ocrx_word' id='word_1_6' title='bbox 3020 531 3024 535; x_wconf 70' lang='grc'><em>’</em></span> <span class='ocrx_word' id='word_1_7' title='bbox 3324 638 3329 641; x_wconf 94' lang='lat'>_</span> <span class='ocrx_word' id='word_1_8' title='bbox 3668 558 3730 611; x_wconf 74' lang='grc' dir='ltr'><strong>ιι</strong></span> 
     </span>
    </p>
   </div>
   <div class='ocr_carea' id='block_1_2' title="bbox 463 666 2171 743">
    <p class='ocr_par' dir='ltr' id='par_1_2' title="bbox 463 666 2171 743">
     <span class='ocr_line' id='line_1_2' title="bbox 463 666 2171 743; baseline -0.004 -8"><span class='ocrx_word' id='word_1_9' title='bbox 463 670 478 682; x_wconf 72' lang='grc'>’</span> <span class='ocrx_word' id='word_1_10' title='bbox 547 695 669 736; x_wconf 88' lang='lat' dir='ltr'><strong>cum</strong></span> <span class='ocrx_word' id='word_1_11' title='bbox 700 678 933 733; x_wconf 71' lang='lat' dir='ltr'><strong>maxime</strong></span> <span class='ocrx_word' id='word_1_12' title='bbox 960 685 1162 729; x_wconf 83' lang='lat' dir='ltr'><strong>terrore</strong></span> <span class='ocrx_word' id='word_1_13' title='bbox 1193 672 1439 741; x_wconf 75' lang='lat' dir='ltr'><strong>ingerens</strong></span> <span class='ocrx_word' id='word_1_14' title='bbox 1475 685 1532 724; x_wconf 89' lang='lat' dir='ltr'><strong>se</strong></span> <span class='ocrx_word' id='word_1_15' title='bbox 1568 670 1734 730; x_wconf 78' lang='lat' dir='ltr'><strong>facies</strong></span> <span class='ocrx_word' id='word_1_16' title='bbox 1769 673 2095 743; x_wconf 80' lang='lat' dir='ltr'><strong>Apostolica,</strong></span> <span class='ocrx_word' id='word_1_17' title='bbox 2127 666 2171 728; x_wconf 70' lang='grc' dir='ltr'><strong>Ᾱ</strong></span> 
     </span>
    </p>
   </div>
   <div class='ocr_carea' id='block_1_3' title="bbox 549 764 2095 840">
    <p class='ocr_par' dir='ltr' id='par_1_3' title="bbox 549 764 2095 840">
     <span class='ocr_line' id='line_1_3' title="bbox 549 764 2095 840; baseline -0.005 -17"><span class='ocrx_word' id='word_1_18' title='bbox 549 772 778 840; x_wconf 87' lang='lat' dir='ltr'><strong>graviter</strong></span> <span class='ocrx_word' id='word_1_19' title='bbox 803 786 925 824; x_wconf 90' lang='lat' dir='ltr'><strong>eum</strong></span> <span class='ocrx_word' id='word_1_20' title='bbox 951 770 1230 830; x_wconf 77' lang='lat' dir='ltr'><strong>luiturum,</strong></span> <span class='ocrx_word' id='word_1_21' title='bbox 1258 766 1303 820; x_wconf 90' lang='lat' dir='ltr'><strong>si</strong></span> <span class='ocrx_word' id='word_1_22' title='bbox 1330 780 1437 819; x_wconf 90' lang='lat' dir='ltr'><strong>non</strong></span> <span class='ocrx_word' id='word_1_23' title='bbox 1462 772 1836 827; x_wconf 77' lang='lat' dir='ltr'><strong>reverteretur,</strong></span> <span class='ocrx_word' id='word_1_24' title='bbox 1864 764 2095 817; x_wconf 83' lang='lat' dir='ltr'><strong>intenta-</strong></span> 
     </span>
    </p>
   </div>
   <div class='ocr_carea' id='block_1_4' title="bbox 547 850 2095 927">
    <p class='ocr_par' dir='ltr' id='par_1_4' title="bbox 547 850 2095 927">
     <span class='ocr_line' id='line_1_4' title="bbox 547 850 2095 927; baseline -0.005 -15"><span class='ocrx_word' id='word_1_25' title='bbox 547 860 641 923; x_wconf 73' lang='lat' dir='ltr'><strong>Vit;</strong></span> <span class='ocrx_word' id='word_1_26' title='bbox 679 861 861 927; x_wconf 79' lang='lat' dir='ltr'><strong>sicque</strong></span> <span class='ocrx_word' id='word_1_27' title='bbox 903 872 1027 911; x_wconf 85' lang='lat' dir='ltr'><strong>eum</strong></span> <span class='ocrx_word' id='word_1_28' title='bbox 1052 857 1104 909; x_wconf 91' lang='lat' dir='ltr'><strong>in</strong></span> <span class='ocrx_word' id='word_1_29' title='bbox 1130 854 1383 907; x_wconf 79' lang='lat' dir='ltr'><strong>Romana</strong></span> <span class='ocrx_word' id='word_1_30' title='bbox 1420 850 1672 906; x_wconf 90' lang='lat' dir='ltr'><strong>Ecclesia</strong></span> <span class='ocrx_word' id='word_1_31' title='bbox 1715 852 1966 906; x_wconf 76' lang='lat' dir='ltr'><strong>solatium</strong></span> <span class='ocrx_word' id='word_1_32' title='bbox 2012 867 2095 905; x_wconf 90' lang='lat' dir='ltr'><strong>re-</strong></span> 
     </span>
    </p>
   </div>
   <div class='ocr_carea' id='block_1_5' title="bbox 545 948 779 1003">
    <p class='ocr_par' dir='ltr' id='par_1_5' title="bbox 545 948 779 1003">
     <span class='ocr_line' id='line_1_5' title="bbox 545 948 779 1003; baseline 0 -4"><span class='ocrx_word' id='word_1_33' title='bbox 545 948 779 1003; x_wconf 88' lang='lat' dir='ltr'><strong>vocavit.</strong></span> 
     </span>
    </p>
   </div>
   <div class='ocr_carea' id='block_1_6' title="bbox 617 997 2115 1098">
    <p class='ocr_par' dir='ltr' id='par_1_6' title="bbox 617 997 2115 1098">
     <span class='ocr_line' id='line_1_6' title="bbox 617 997 2115 1098; baseline -0.005 -10"><span class='ocrx_word' id='word_1_34' title='bbox 617 997 977 1088; x_wconf 17' lang='lat' dir='ltr'><strong>il&#39;n&#39;diebus</strong></span> <span class='ocrx_word' id='word_1_35' title='bbox 1014 997 1152 1097; x_wconf 82' lang='lat' dir='ltr'><strong>illis,</strong></span> <span class='ocrx_word' id='word_1_36' title='bbox 1182 1038 1396 1084; x_wconf 89' lang='lat' dir='ltr'><strong>mortuo</strong></span> <span class='ocrx_word' id='word_1_37' title='bbox 1436 1028 1669 1083; x_wconf 84' lang='lat' dir='ltr'><strong>Dam’aso</strong></span> <span class='ocrx_word' id='word_1_38' title='bbox 1711 1028 1789 1098; x_wconf 86' lang='lat'>(7)</span> <span class='ocrx_word' id='word_1_39' title='bbox 1822 1029 2115 1093; x_wconf 71' lang='lat' dir='ltr'><strong>secundo,</strong></span> 
     </span>
    </p>
   </div>
   <div class='ocr_carea' id='block_1_7' title="bbox 549 1116 2094 1190">
    <p class='ocr_par' dir='ltr' id='par_1_7' title="bbox 549 1116 2094 1190">
     <span class='ocr_line' id='line_1_7' title="bbox 549 1116 2094 1190; baseline -0.006 -12"><span class='ocrx_word' id='word_1_40' title='bbox 549 1123 999 1178; x_wconf 77' lang='lat' dir='ltr'><strong>suceessitnonus</strong></span> <span class='ocrx_word' id='word_1_41' title='bbox 1022 1120 1129 1173; x_wconf 90' lang='lat' dir='ltr'><strong>Leo</strong></span> <span class='ocrx_word' id='word_1_42' title='bbox 1152 1120 1257 1190; x_wconf 88' lang='lat'><strong>(8);</strong></span> <span class='ocrx_word' id='word_1_43' title='bbox 1283 1119 1395 1188; x_wconf 91' lang='lat' dir='ltr'><strong>qui,</strong></span> <span class='ocrx_word' id='word_1_44' title='bbox 1422 1116 1708 1172; x_wconf 89' lang='lat' dir='ltr'><strong>laudabilis</strong></span> <span class='ocrx_word' id='word_1_45' title='bbox 1727 1116 1829 1170; x_wconf 88' lang='lat' dir='ltr'><strong>viri</strong></span> <span class='ocrx_word' id='word_1_46' title='bbox 1857 1118 2094 1185; x_wconf 82' lang='lat' dir='ltr'><strong>pruden-</strong></span> 
     </span>
    </p>
   </div>
   <div class='ocr_carea' id='block_1_8' title="bbox 548 1205 2097 1272">
    <p class='ocr_par' dir='ltr' id='par_1_8' title="bbox 548 1205 2097 1272">
     <span class='ocr_line' id='line_1_8' title="bbox 548 1205 2097 1272; baseline -0.005 -6"><span class='ocrx_word' id='word_1_47' title='bbox 548 1214 677 1267; x_wconf 91' lang='lat' dir='ltr'><strong>tiam</strong></span> <span class='ocrx_word' id='word_1_48' title='bbox 705 1220 759 1266; x_wconf 87' lang='lat' dir='ltr'><strong>et</strong></span> <span class='ocrx_word' id='word_1_49' title='bbox 796 1212 1131 1265; x_wconf 80' lang='lat' dir='ltr'><strong>sanctitatem</strong></span> <span class='ocrx_word' id='word_1_50' title='bbox 1155 1224 1218 1263; x_wconf 83' lang='lat' dir='ltr'><strong>ex</strong></span> <span class='ocrx_word' id='word_1_51' title='bbox 1244 1209 1404 1262; x_wconf 90' lang='lat' dir='ltr'><strong>corde</strong></span> <span class='ocrx_word' id='word_1_52' title='bbox 1425 1214 1712 1260; x_wconf 75' lang='lat' dir='ltr'><strong>veneratus</strong></span> <span class='ocrx_word' id='word_1_53' title='bbox 1738 1213 1794 1259; x_wconf 91' lang='lat' dir='ltr'><strong>et</strong></span> <span class='ocrx_word' id='word_1_54' title='bbox 1828 1205 2097 1272; x_wconf 80' lang='lat' dir='ltr'><strong>amplexa-</strong></span> 
     </span>
    </p>
   </div>
   <div class='ocr_carea' id='block_1_9' title="bbox 482 1294 2096 1369">
    <p class='ocr_par' dir='ltr' id='par_1_9' title="bbox 482 1294 2096 1369">
     <span class='ocr_line' id='line_1_9' title="bbox 482 1294 2096 1369; baseline -0.006 -14"><span class='ocrx_word' id='word_1_55' title='bbox 482 1296 486 1300; x_wconf 73' lang='grc'><strong>’</strong></span> <span class='ocrx_word' id='word_1_56' title='bbox 547 1310 655 1366; x_wconf 88' lang='lat' dir='ltr'><strong>tus,</strong></span> <span class='ocrx_word' id='word_1_57' title='bbox 682 1301 797 1369; x_wconf 85' lang='lat' dir='ltr'><strong>ejus</strong></span> <span class='ocrx_word' id='word_1_58' title='bbox 819 1316 912 1368; x_wconf 90' lang='lat' dir='ltr'><strong>per</strong></span> <span class='ocrx_word' id='word_1_59' title='bbox 937 1299 1117 1353; x_wconf 86' lang='lat' dir='ltr'><strong>omnia</strong></span> <span class='ocrx_word' id='word_1_60' title='bbox 1147 1298 1370 1352; x_wconf 89' lang='lat' dir='ltr'><strong>consilia</strong></span> <span class='ocrx_word' id='word_1_61' title='bbox 1406 1295 1663 1365; x_wconf 87' lang='lat' dir='ltr'><strong>suscepit;</strong></span> <span class='ocrx_word' id='word_1_62' title='bbox 1692 1303 1746 1349; x_wconf 92' lang='lat' dir='ltr'><strong>et</strong></span> <span class='ocrx_word' id='word_1_63' title='bbox 1764 1294 1881 1348; x_wconf 88' lang='lat' dir='ltr'><strong>hac</strong></span> <span class='ocrx_word' id='word_1_64' title='bbox 1907 1308 2096 1347; x_wconf 92' lang='lat' dir='ltr'><strong>eorum</strong></span> 
     </span>
    </p>
   </div>
   <div class='ocr_carea' id='block_1_10' title="bbox 549 1382 2097 1457">
    <p class='ocr_par' dir='ltr' id='par_1_10' title="bbox 549 1382 2097 1457">
     <span class='ocr_line' id='line_1_10' title="bbox 549 1382 2097 1457; baseline -0.006 -12"><span class='ocrx_word' id='word_1_65' title='bbox 549 1388 833 1444; x_wconf 79' lang='lat' dir='ltr'><strong>concordia</strong></span> <span class='ocrx_word' id='word_1_66' title='bbox 862 1388 1149 1457; x_wconf 86' lang='lat' dir='ltr'><strong>plurimum</strong></span> <span class='ocrx_word' id='word_1_67' title='bbox 1176 1387 1231 1439; x_wconf 92' lang='lat' dir='ltr'><strong>in</strong></span> <span class='ocrx_word' id='word_1_68' title='bbox 1261 1400 1390 1455; x_wconf 83' lang='lat' dir='ltr'><strong>agro</strong></span> <span class='ocrx_word' id='word_1_69' title='bbox 1421 1384 1699 1439; x_wconf 90' lang='lat' dir='ltr'><strong>Dominieo</strong></span> <span class='ocrx_word' id='word_1_70' title='bbox 1734 1382 1903 1451; x_wconf 82' lang='lat' dir='ltr'><strong>spinis</strong></span> <span class='ocrx_word' id='word_1_71' title='bbox 1930 1382 2097 1436; x_wconf 85' lang='lat' dir='ltr'><strong>erutis</strong></span> 
     </span>
    </p>
   </div>
   <div class='ocr_carea' id='block_1_11' title="bbox 550 1462 2097 1537">
    <p class='ocr_par' dir='ltr' id='par_1_11' title="bbox 550 1462 2097 1537">
     <span class='ocr_line' id='line_1_11' title="bbox 550 1462 2097 1537; baseline -0.006 -5"><span class='ocrx_word' id='word_1_72' title='bbox 550 1477 904 1532; x_wconf 78' lang='lat' dir='ltr'><strong>fructificavit.</strong></span> <span class='ocrx_word' id='word_1_73' title='bbox 944 1475 1153 1530; x_wconf 75' lang='lat' dir='ltr'><strong>interea</strong></span> <span class='ocrx_word' id='word_1_74' title='bbox 1200 1474 1575 1528; x_wconf 81' lang='lat' dir='ltr'><strong>Subdiaeonus</strong></span> <span class='ocrx_word' id='word_1_75' title='bbox 1616 1462 1685 1526; x_wconf 85' lang='lat' dir='ltr'><strong>ab</strong></span> <span class='ocrx_word' id='word_1_76' title='bbox 1721 1471 1908 1524; x_wconf 86' lang='lat' dir='ltr'><strong>eodem</strong></span> <span class='ocrx_word' id='word_1_77' title='bbox 1953 1469 2097 1537; x_wconf 85' lang='lat' dir='ltr'><strong>Papa</strong></span> 
     </span>
    </p>
   </div>
   <div class='ocr_carea' id='block_1_12' title="bbox 544 1555 2098 1629">
    <p class='ocr_par' dir='ltr' id='par_1_12' title="bbox 544 1555 2098 1629">
     <span class='ocr_line' id='line_1_12' title="bbox 544 1555 2098 1629; baseline -0.005 -9"><span class='ocrx_word' id='word_1_78' title='bbox 544 1567 825 1620; x_wconf 86' lang='lat' dir='ltr'><strong>ordinatus</strong></span> <span class='ocrx_word' id='word_1_79' title='bbox 845 1606 860 1629; x_wconf 92' lang='lat'><strong>,</strong></span> <span class='ocrx_word' id='word_1_80' title='bbox 886 1555 1215 1617; x_wconf 64' lang='lat' dir='ltr'><strong>monasterio</strong></span> <span class='ocrx_word' id='word_1_81' title='bbox 1244 1561 1299 1615; x_wconf 99' lang='grc'><strong>8.</strong></span> <span class='ocrx_word' id='word_1_82' title='bbox 1327 1561 1477 1615; x_wconf 88' lang='lat' dir='ltr'><strong>Pauli</strong></span> <span class='ocrx_word' id='word_1_83' title='bbox 1496 1601 1509 1626; x_wconf 90' lang='lat'><strong>,</strong></span> <span class='ocrx_word' id='word_1_84' title='bbox 1540 1559 1917 1614; x_wconf 84' lang='lat' dir='ltr'><strong>miserabiliter</strong></span> <span class='ocrx_word' id='word_1_85' title='bbox 1940 1559 2098 1616; x_wconf 91' lang='lat' dir='ltr'><strong>deso-</strong></span> 
     </span>
    </p>
   </div>
   <div class='ocr_carea' id='block_1_13' title="bbox 548 1636 2094 1722">
    <p class='ocr_par' dir='ltr' id='par_1_13' title="bbox 548 1636 2094 1722">
     <span class='ocr_line' id='line_1_13' title="bbox 548 1636 2094 1722; baseline -0.003 -16"><span class='ocrx_word' id='word_1_86' title='bbox 548 1656 675 1719; x_wconf 91' lang='lat' dir='ltr'><strong>lato,</strong></span> <span class='ocrx_word' id='word_1_87' title='bbox 697 1653 946 1722; x_wconf 87' lang='lat' dir='ltr'><strong>pralatus</strong></span> <span class='ocrx_word' id='word_1_88' title='bbox 969 1660 1070 1717; x_wconf 89' lang='lat' dir='ltr'><strong>est,</strong></span> <span class='ocrx_word' id='word_1_89' title='bbox 1100 1651 1194 1704; x_wconf 88' lang='lat' dir='ltr'><strong>tali</strong></span> <span class='ocrx_word' id='word_1_90' title='bbox 1220 1651 1471 1719; x_wconf 87' lang='lat' dir='ltr'><strong>primitus</strong></span> <span class='ocrx_word' id='word_1_91' title='bbox 1496 1636 2094 1702; x_wconf 86' lang='lat' dir='ltr'><strong>visioneconfortatus.</strong></span> 
     </span>
    </p>
   </div>
   <div class='ocr_carea' id='block_1_14' title="bbox 548 1736 2098 1812">
    <p class='ocr_par' dir='ltr' id='par_1_14' title="bbox 548 1736 2098 1812">
     <span class='ocr_line' id='line_1_14' title="bbox 548 1736 2098 1812; baseline -0.005 -16"><span class='ocrx_word' id='word_1_92' title='bbox 548 1744 824 1812; x_wconf 81' lang='lat' dir='ltr'><strong>Appareus</strong></span> <span class='ocrx_word' id='word_1_93' title='bbox 850 1741 899 1794; x_wconf 90' lang='lat' dir='ltr'><strong>ei</strong></span> <span class='ocrx_word' id='word_1_94' title='bbox 924 1740 982 1792; x_wconf 82' lang='grc' dir='ltr'>Β.</span> <span class='ocrx_word' id='word_1_95' title='bbox 1014 1739 1213 1794; x_wconf 86' lang='lat' dir='ltr'><strong>Paulus</strong></span> <span class='ocrx_word' id='word_1_96' title='bbox 1240 1739 1294 1792; x_wconf 90' lang='lat' dir='ltr'><strong>in</strong></span> <span class='ocrx_word' id='word_1_97' title='bbox 1320 1737 1540 1791; x_wconf 85' lang='lat' dir='ltr'><strong>basilica</strong></span> <span class='ocrx_word' id='word_1_98' title='bbox 1564 1752 1659 1790; x_wconf 91' lang='lat' dir='ltr'><strong>sua</strong></span> <span class='ocrx_word' id='word_1_99' title='bbox 1687 1736 1884 1800; x_wconf 82' lang='lat' dir='ltr'><strong>stabat,</strong></span> <span class='ocrx_word' id='word_1_100' title='bbox 1915 1750 1978 1788; x_wconf 90' lang='lat' dir='ltr'><strong>ac</strong></span> <span class='ocrx_word' id='word_1_101' title='bbox 2004 1751 2098 1802; x_wconf 89' lang='lat' dir='ltr'><strong>pa-</strong></span> 
     </span>
    </p>
   </div>
   <div class='ocr_carea' id='block_1_15' title="bbox 549 1823 2097 1893">
    <p class='ocr_par' dir='ltr' id='par_1_15' title="bbox 549 1823 2097 1893">
     <span class='ocr_line' id='line_1_15' title="bbox 549 1823 2097 1893; baseline -0.003 -11"><span class='ocrx_word' id='word_1_102' title='bbox 549 1832 653 1885; x_wconf 88' lang='lat' dir='ltr'><strong>lam</strong></span> <span class='ocrx_word' id='word_1_103' title='bbox 692 1830 940 1883; x_wconf 90' lang='lat' dir='ltr'><strong>manibus</strong></span> <span class='ocrx_word' id='word_1_104' title='bbox 973 1837 1160 1883; x_wconf 89' lang='lat' dir='ltr'><strong>tenens</strong></span> <span class='ocrx_word' id='word_1_105' title='bbox 1197 1836 1435 1881; x_wconf 89' lang='lat' dir='ltr'><strong>stercora</strong></span> <span class='ocrx_word' id='word_1_106' title='bbox 1465 1826 1650 1889; x_wconf 89' lang='lat' dir='ltr'><strong>boum,</strong></span> <span class='ocrx_word' id='word_1_107' title='bbox 1691 1825 1756 1878; x_wconf 90' lang='lat' dir='ltr'><strong>de</strong></span> <span class='ocrx_word' id='word_1_108' title='bbox 1792 1823 2097 1893; x_wconf 89' lang='lat' dir='ltr'><strong>pavimento</strong></span> 
     </span>
    </p>
   </div>
   <div class='ocr_carea' id='block_1_16' title="bbox 548 1913 2098 1986">
    <p class='ocr_par' dir='ltr' id='par_1_16' title="bbox 548 1913 2098 1986">
     <span class='ocr_line' id='line_1_16' title="bbox 548 1913 2098 1986; baseline -0.003 -14"><span class='ocrx_word' id='word_1_109' title='bbox 548 1920 777 1983; x_wconf 73' lang='lat' dir='ltr'><strong>levabat,</strong></span> <span class='ocrx_word' id='word_1_110' title='bbox 812 1933 875 1972; x_wconf 87' lang='lat' dir='ltr'><strong>ac</strong></span> <span class='ocrx_word' id='word_1_111' title='bbox 910 1917 1057 1971; x_wconf 86' lang='lat' dir='ltr'><strong>foras</strong></span> <span class='ocrx_word' id='word_1_112' title='bbox 1084 1917 1337 1986; x_wconf 75' lang='lat' dir='ltr'><strong>iactabat.</strong></span> <span class='ocrx_word' id='word_1_113' title='bbox 1381 1914 1624 1983; x_wconf 90' lang='lat' dir='ltr'><strong>Cumque</strong></span> <span class='ocrx_word' id='word_1_114' title='bbox 1658 1921 1927 1982; x_wconf 88' lang='lat' dir='ltr'><strong>spectator</strong></span> <span class='ocrx_word' id='word_1_115' title='bbox 1958 1913 2098 1967; x_wconf 81' lang='lat' dir='ltr'><strong>otio-</strong></span> 
     </span>
    </p>
   </div>
   <div class='ocr_carea' id='block_1_17' title="bbox 547 2002 2094 2076">
    <p class='ocr_par' dir='ltr' id='par_1_17' title="bbox 547 2002 2094 2076">
     <span class='ocr_line' id='line_1_17' title="bbox 547 2002 2094 2076; baseline -0.005 -15"><span class='ocrx_word' id='word_1_116' title='bbox 547 2023 641 2062; x_wconf 90' lang='lat' dir='ltr'><strong>sus</strong></span> <span class='ocrx_word' id='word_1_117' title='bbox 667 2008 961 2076; x_wconf 81' lang='lat' dir='ltr'><strong>assisteret,</strong></span> <span class='ocrx_word' id='word_1_118' title='bbox 987 2006 1296 2075; x_wconf 88' lang='lat' dir='ltr'><strong>increpabat</strong></span> <span class='ocrx_word' id='word_1_119' title='bbox 1319 2019 1443 2059; x_wconf 87' lang='lat' dir='ltr'><strong>eum</strong></span> <span class='ocrx_word' id='word_1_120' title='bbox 1463 2002 1772 2073; x_wconf 82' lang='lat' dir='ltr'><strong>Apostolus,</strong></span> <span class='ocrx_word' id='word_1_121' title='bbox 1800 2016 1966 2070; x_wconf 90' lang='lat' dir='ltr'><strong>quare</strong></span> <span class='ocrx_word' id='word_1_122' title='bbox 1986 2017 2094 2055; x_wconf 91' lang='lat' dir='ltr'><strong>non</strong></span> 
     </span>
    </p>
   </div>
   <div class='ocr_carea' id='block_1_18' title="bbox 549 2090 2093 2165">
    <p class='ocr_par' dir='ltr' id='par_1_18' title="bbox 549 2090 2093 2165">
     <span class='ocr_line' id='line_1_18' title="bbox 549 2090 2093 2165; baseline -0.005 -15"><span class='ocrx_word' id='word_1_123' title='bbox 549 2112 607 2150; x_wconf 89' lang='lat' dir='ltr'><strong>se</strong></span> <span class='ocrx_word' id='word_1_124' title='bbox 634 2096 913 2164; x_wconf 88' lang='lat' dir='ltr'><strong>adjuvaret</strong></span> <span class='ocrx_word' id='word_1_125' title='bbox 941 2114 954 2147; x_wconf 93' lang='lat'><strong>:</strong></span> <span class='ocrx_word' id='word_1_126' title='bbox 983 2095 1259 2165; x_wconf 69' lang='lat' dir='ltr'><strong>jussitque,</strong></span> <span class='ocrx_word' id='word_1_127' title='bbox 1294 2108 1417 2147; x_wconf 91' lang='lat' dir='ltr'><strong>eum</strong></span> <span class='ocrx_word' id='word_1_128' title='bbox 1458 2093 1633 2160; x_wconf 87' lang='lat' dir='ltr'><strong>palam</strong></span> <span class='ocrx_word' id='word_1_129' title='bbox 1678 2090 2093 2159; x_wconf 80' lang='lat' dir='ltr'><strong>apprehendere,</strong></span> 
     </span>
    </p>
   </div>
   <div class='ocr_carea' id='block_1_19' title="bbox 547 2178 2096 2253">
    <p class='ocr_par' dir='ltr' id='par_1_19' title="bbox 547 2178 2096 2253">
     <span class='ocr_line' id='line_1_19' title="bbox 547 2178 2096 2253; baseline -0.004 -14"><span class='ocrx_word' id='word_1_130' title='bbox 547 2195 601 2238; x_wconf 91' lang='lat' dir='ltr'><strong>ct</strong></span> <span class='ocrx_word' id='word_1_131' title='bbox 634 2186 817 2239; x_wconf 88' lang='lat' dir='ltr'><strong>fimum</strong></span> <span class='ocrx_word' id='word_1_132' title='bbox 862 2184 1023 2253; x_wconf 84' lang='lat' dir='ltr'><strong>(sicut</strong></span> <span class='ocrx_word' id='word_1_133' title='bbox 1072 2184 1184 2252; x_wconf 89' lang='lat' dir='ltr'><strong>ipse</strong></span> <span class='ocrx_word' id='word_1_134' title='bbox 1228 2182 1446 2251; x_wconf 84' lang='lat' dir='ltr'><strong>faceret)</strong></span> <span class='ocrx_word' id='word_1_135' title='bbox 1495 2180 1707 2249; x_wconf 79' lang='lat' dir='ltr'><strong>ejicere.</strong></span> <span class='ocrx_word' id='word_1_136' title='bbox 1754 2178 2096 2233; x_wconf 85' lang='lat' dir='ltr'><strong>Latrunculis</strong></span> 
     </span>
    </p>
   </div>
   <div class='ocr_carea' id='block_1_20' title="bbox 547 2268 2097 2341">
    <p class='ocr_par' dir='ltr' id='par_1_20' title="bbox 547 2268 2097 2341">
     <span class='ocr_line' id='line_1_20' title="bbox 547 2268 2097 2341; baseline -0.004 -14"><span class='ocrx_word' id='word_1_137' title='bbox 547 2276 689 2327; x_wconf 86' lang='lat' dir='ltr'><strong>enim</strong></span> <span class='ocrx_word' id='word_1_138' title='bbox 718 2272 1024 2341; x_wconf 86' lang='lat' dir='ltr'><strong>Campania</strong></span> <span class='ocrx_word' id='word_1_139' title='bbox 1050 2270 1423 2339; x_wconf 85' lang='lat' dir='ltr'><strong>diripientibus</strong></span> <span class='ocrx_word' id='word_1_140' title='bbox 1448 2269 1687 2323; x_wconf 86' lang='lat' dir='ltr'><strong>subsidia</strong></span> <span class='ocrx_word' id='word_1_141' title='bbox 1716 2268 2005 2333; x_wconf 83' lang='lat' dir='ltr'><strong>alimonia,</strong></span> <span class='ocrx_word' id='word_1_142' title='bbox 2040 2269 2097 2320; x_wconf 89' lang='lat' dir='ltr'><strong>in</strong></span> 
     </span>
    </p>
   </div>
   <div class='ocr_carea' id='block_1_21' title="bbox 548 2356 2099 2428">
    <p class='ocr_par' dir='ltr' id='par_1_21' title="bbox 548 2356 2099 2428">
     <span class='ocr_line' id='line_1_21' title="bbox 548 2356 2099 2428; baseline -0.003 -13"><span class='ocrx_word' id='word_1_143' title='bbox 548 2369 758 2415; x_wconf 89' lang='lat' dir='ltr'><strong>tantum</strong></span> <span class='ocrx_word' id='word_1_144' title='bbox 794 2360 1107 2428; x_wconf 80' lang='lat' dir='ltr'><strong>languorem</strong></span> <span class='ocrx_word' id='word_1_145' title='bbox 1144 2360 1403 2412; x_wconf 84' lang='lat' dir='ltr'><strong>inciderat</strong></span> <span class='ocrx_word' id='word_1_146' title='bbox 1429 2357 1769 2411; x_wconf 88' lang='lat' dir='ltr'><strong>observantia</strong></span> <span class='ocrx_word' id='word_1_147' title='bbox 1798 2356 2099 2411; x_wconf 81' lang='lat' dir='ltr'><strong>sanctitatis</strong></span> 
     </span>
    </p>
   </div>
   <div class='ocr_carea' id='block_1_22' title="bbox 543 2442 2100 2517">
    <p class='ocr_par' dir='ltr' id='par_1_22' title="bbox 543 2442 2100 2517">
     <span class='ocr_line' id='line_1_22' title="bbox 543 2442 2100 2517; baseline -0.003 -14"><span class='ocrx_word' id='word_1_148' title='bbox 543 2442 603 2502; x_wconf 25' lang='lat' dir='ltr'><strong>‘ct</strong></span> <span class='ocrx_word' id='word_1_149' title='bbox 634 2448 848 2517; x_wconf 81' lang='lat' dir='ltr'><strong>regula,</strong></span> <span class='ocrx_word' id='word_1_150' title='bbox 880 2455 941 2500; x_wconf 92' lang='lat' dir='ltr'><strong>ut</strong></span> <span class='ocrx_word' id='word_1_151' title='bbox 962 2454 1017 2500; x_wconf 90' lang='lat' dir='ltr'><strong>et</strong></span> <span class='ocrx_word' id='word_1_152' title='bbox 1040 2456 1304 2510; x_wconf 89' lang='lat' dir='ltr'><strong>armenta,</strong></span> <span class='ocrx_word' id='word_1_153' title='bbox 1343 2447 1567 2500; x_wconf 90' lang='lat' dir='ltr'><strong>licenter</strong></span> <span class='ocrx_word' id='word_1_154' title='bbox 1597 2444 1967 2513; x_wconf 80' lang='lat' dir='ltr'><strong>ingredientia,</strong></span> <span class='ocrx_word' id='word_1_155' title='bbox 2003 2445 2100 2499; x_wconf 88' lang='lat' dir='ltr'><strong>do-</strong></span> 
     </span>
    </p>
   </div>
   <div class='ocr_carea' id='block_1_23' title="bbox 551 2533 2099 2602">
    <p class='ocr_par' dir='ltr' id='par_1_23' title="bbox 551 2533 2099 2602">
     <span class='ocr_line' id='line_1_23' title="bbox 551 2533 2099 2602; baseline -0.003 -12"><span class='ocrx_word' id='word_1_156' title='bbox 551 2553 698 2592; x_wconf 87' lang='lat' dir='ltr'><strong>mum</strong></span> <span class='ocrx_word' id='word_1_157' title='bbox 726 2536 986 2590; x_wconf 80' lang='lat' dir='ltr'><strong>orationis</strong></span> <span class='ocrx_word' id='word_1_158' title='bbox 1017 2535 1298 2602; x_wconf 75' lang='lat' dir='ltr'><strong>foedarent;</strong></span> <span class='ocrx_word' id='word_1_159' title='bbox 1337 2544 1391 2589; x_wconf 90' lang='lat' dir='ltr'><strong>et</strong></span> <span class='ocrx_word' id='word_1_160' title='bbox 1417 2534 1690 2599; x_wconf 89' lang='lat' dir='ltr'><strong>mulieres,</strong></span> <span class='ocrx_word' id='word_1_161' title='bbox 1722 2534 1777 2586; x_wconf 90' lang='lat' dir='ltr'><strong>in</strong></span> <span class='ocrx_word' id='word_1_162' title='bbox 1812 2533 2099 2588; x_wconf 89' lang='lat' dir='ltr'><strong>refectorio</strong></span> 
     </span>
    </p>
   </div>
   <div class='ocr_carea' id='block_1_24' title="bbox 548 2624 2099 2693">
    <p class='ocr_par' dir='ltr' id='par_1_24' title="bbox 548 2624 2099 2693">
     <span class='ocr_line' id='line_1_24' title="bbox 548 2624 2099 2693; baseline -0.003 -11"><span class='ocrx_word' id='word_1_163' title='bbox 548 2626 850 2682; x_wconf 85' lang='lat' dir='ltr'><strong>necessaria</strong></span> <span class='ocrx_word' id='word_1_164' title='bbox 880 2624 1265 2691; x_wconf 86' lang='lat' dir='ltr'><strong>ministrantes,</strong></span> <span class='ocrx_word' id='word_1_165' title='bbox 1293 2625 1495 2683; x_wconf 84' lang='lat' dir='ltr'><strong>tamam</strong></span> <span class='ocrx_word' id='word_1_166' title='bbox 1516 2624 1984 2693; x_wconf 77' lang='lat' dir='ltr'><strong>paucissimorum,</strong></span> <span class='ocrx_word' id='word_1_167' title='bbox 2005 2625 2099 2693; x_wconf 86' lang='lat' dir='ltr'><strong>qui</strong></span> 
     </span>
    </p>
   </div>
   <div class='ocr_carea' id='block_1_25' title="bbox 548 2713 2098 2777">
    <p class='ocr_par' dir='ltr' id='par_1_25' title="bbox 548 2713 2098 2777">
     <span class='ocr_line' id='line_1_25' title="bbox 548 2713 2098 2777; baseline -0.003 -6"><span class='ocrx_word' id='word_1_168' title='bbox 548 2721 953 2777; x_wconf 80' lang='lat' dir='ltr'><strong>remanserant,</strong></span> <span class='ocrx_word' id='word_1_169' title='bbox 998 2714 1388 2767; x_wconf 88' lang='lat' dir='ltr'><strong>monachorum</strong></span> <span class='ocrx_word' id='word_1_170' title='bbox 1434 2713 1865 2766; x_wconf 82' lang='lat' dir='ltr'><strong>dchonestarent.</strong></span> <span class='ocrx_word' id='word_1_171' title='bbox 1910 2713 2098 2766; x_wconf 83' lang='lat' dir='ltr'><strong>Elimi-</strong></span> 
     </span>
    </p>
   </div>
   <div class='ocr_carea' id='block_1_26' title="bbox 538 2784 2099 2871">
    <p class='ocr_par' dir='ltr' id='par_1_26' title="bbox 538 2784 2099 2871">
     <span class='ocr_line' id='line_1_26' title="bbox 538 2784 2099 2871; baseline -0.001 -15"><span class='ocrx_word' id='word_1_172' title='bbox 538 2804 860 2871; x_wconf 25' lang='lat' dir='ltr'><strong>lnataigitur</strong></span> <span class='ocrx_word' id='word_1_173' title='bbox 881 2800 1031 2853; x_wconf 89' lang='lat' dir='ltr'><strong>omni</strong></span> <span class='ocrx_word' id='word_1_174' title='bbox 1058 2784 1335 2868; x_wconf 82' lang='lat' dir='ltr'><strong>spurcitia,</strong></span> <span class='ocrx_word' id='word_1_175' title='bbox 1367 2810 1422 2853; x_wconf 91' lang='lat' dir='ltr'><strong>et</strong></span> <span class='ocrx_word' id='word_1_176' title='bbox 1446 2809 1760 2868; x_wconf 88' lang='lat' dir='ltr'><strong>recuperata</strong></span> <span class='ocrx_word' id='word_1_177' title='bbox 1789 2802 2099 2855; x_wconf 89' lang='lat' dir='ltr'><strong>victualium</strong></span> 
     </span>
    </p>
   </div>
   <div class='ocr_carea' id='block_1_27' title="bbox 551 2889 2099 2960">
    <p class='ocr_par' dir='ltr' id='par_1_27' title="bbox 551 2889 2099 2960">
     <span class='ocr_line' id='line_1_27' title="bbox 551 2889 2099 2960; baseline -0.002 -11"><span class='ocrx_word' id='word_1_178' title='bbox 551 2889 902 2953; x_wconf 78' lang='lat' dir='ltr'><strong>sufﬁcientia,</strong></span> <span class='ocrx_word' id='word_1_179' title='bbox 959 2889 1305 2960; x_wconf 74' lang='lat' dir='ltr'><strong>congregavit</strong></span> <span class='ocrx_word' id='word_1_180' title='bbox 1361 2890 1642 2943; x_wconf 84' lang='lat' dir='ltr'><strong>honestam</strong></span> <span class='ocrx_word' id='word_1_181' title='bbox 1704 2890 2099 2946; x_wconf 88' lang='lat' dir='ltr'><strong>multitudinem</strong></span> 
     </span>
    </p>
   </div>
   <div class='ocr_carea' id='block_1_28' title="bbox 550 2979 2102 3053">
    <p class='ocr_par' dir='ltr' id='par_1_28' title="bbox 550 2979 2102 3053">
     <span class='ocr_line' id='line_1_28' title="bbox 550 2979 2102 3053; baseline -0.001 -18"><span class='ocrx_word' id='word_1_182' title='bbox 550 2982 892 3053; x_wconf 79' lang='lat' dir='ltr'><strong>Regularium</strong></span> <span class='ocrx_word' id='word_1_183' title='bbox 953 2980 1341 3035; x_wconf 83' lang='lat' dir='ltr'><strong>monachorum</strong></span> <span class='ocrx_word' id='word_1_184' title='bbox 1387 2996 1399 3031; x_wconf 92' lang='lat'>:</span> <span class='ocrx_word' id='word_1_185' title='bbox 1458 2993 1690 3046; x_wconf 86' lang='lat' dir='ltr'><strong>quorum</strong></span> <span class='ocrx_word' id='word_1_186' title='bbox 1740 2979 1995 3049; x_wconf 78' lang='lat' dir='ltr'><strong>religione</strong></span> <span class='ocrx_word' id='word_1_187' title='bbox 2026 2989 2102 3034; x_wconf 81' lang='lat' dir='ltr'><strong>~et</strong></span> 
     </span>
    </p>
   </div>
   <div class='ocr_carea' id='block_1_29' title="bbox 547 3066 2095 3140">
    <p class='ocr_par' dir='ltr' id='par_1_29' title="bbox 547 3066 2095 3140">
     <span class='ocr_line' id='line_1_29' title="bbox 547 3066 2095 3140; baseline -0.002 -15"><span class='ocrx_word' id='word_1_188' title='bbox 547 3072 827 3140; x_wconf 89' lang='lat' dir='ltr'><strong>disciplina</strong></span> <span class='ocrx_word' id='word_1_189' title='bbox 844 3070 1220 3127; x_wconf 85' lang='lat' dir='ltr'><strong>venerabiliter</strong></span> <span class='ocrx_word' id='word_1_190' title='bbox 1243 3083 1414 3137; x_wconf 89' lang='lat' dir='ltr'><strong>usque</strong></span> <span class='ocrx_word' id='word_1_191' title='bbox 1427 3066 1587 3120; x_wconf 89' lang='lat' dir='ltr'><strong>hodie</strong></span> <span class='ocrx_word' id='word_1_192' title='bbox 1608 3068 1770 3136; x_wconf 85' lang='lat' dir='ltr'><strong>pollet</strong></span> <span class='ocrx_word' id='word_1_193' title='bbox 1793 3068 1944 3124; x_wconf 69' lang='lat' dir='ltr'><strong>locos</strong></span> <span class='ocrx_word' id='word_1_194' title='bbox 1977 3070 2095 3124; x_wconf 84' lang='lat' dir='ltr'><strong>iste.</strong></span> 
     </span>
    </p>
   </div>
   <div class='ocr_carea' id='block_1_30' title="bbox 617 3152 2099 3233">
    <p class='ocr_par' dir='ltr' id='par_1_30' title="bbox 617 3152 2099 3233">
     <span class='ocr_line' id='line_1_30' title="bbox 617 3152 2099 3233; baseline 0.001 -21"><span class='ocrx_word' id='word_1_195' title='bbox 617 3159 671 3233; x_wconf 65' lang='lat'><strong>9.</strong></span> <span class='ocrx_word' id='word_1_196' title='bbox 712 3158 954 3227; x_wconf 87' lang='lat' dir='ltr'><strong>Denique</strong></span> <span class='ocrx_word' id='word_1_197' title='bbox 991 3168 1104 3211; x_wconf 88' lang='lat' dir='ltr'><strong>tam</strong></span> <span class='ocrx_word' id='word_1_198' title='bbox 1148 3156 1470 3225; x_wconf 84' lang='lat' dir='ltr'><strong>singularem</strong></span> <span class='ocrx_word' id='word_1_199' title='bbox 1512 3152 1675 3223; x_wconf 74' lang='lat' dir='ltr'><strong>capit</strong></span> <span class='ocrx_word' id='word_1_200' title='bbox 1718 3157 1917 3211; x_wconf 86' lang='lat' dir='ltr'><strong>habere</strong></span> <span class='ocrx_word' id='word_1_201' title='bbox 1961 3159 2099 3213; x_wconf 84' lang='lat' dir='ltr'><strong>fidu-</strong></span> 
     </span>
    </p>
   </div>
   <div class='ocr_carea' id='block_1_31' title="bbox 2806 668 3131 723">
    <p class='ocr_par' dir='ltr' id='par_1_31' title="bbox 2806 668 3131 723">
     <span class='ocr_line' id='line_1_31' title="bbox 2806 668 3131 723; baseline -0.009 0"><span class='ocrx_word' id='word_1_202' title='bbox 2806 668 3028 723; x_wconf 80' lang='lat' dir='ltr'><strong>CAPUT</strong></span> <span class='ocrx_word' id='word_1_203' title='bbox 3070 668 3131 721; x_wconf 86' lang='lat' dir='ltr'><strong>ll.</strong></span> 
     </span>
    </p>
   </div>
   <div class='ocr_carea' id='block_1_32' title="bbox 2487 757 3527 828">
    <p class='ocr_par' dir='ltr' id='par_1_32' title="bbox 2487 757 3527 828">
     <span class='ocr_line' id='line_1_32' title="bbox 2487 757 3527 828; baseline -0.006 -15"><span class='ocrx_word' id='word_1_204' title='bbox 2487 758 2747 813; x_wconf 78' lang='lat' dir='ltr'><strong>Miracula</strong></span> <span class='ocrx_word' id='word_1_205' title='bbox 2775 769 2826 812; x_wconf 84' lang='lat' dir='ltr'><strong>et</strong></span> <span class='ocrx_word' id='word_1_206' title='bbox 2852 768 2992 828; x_wconf 80' lang='lat' dir='ltr'><strong>gesta</strong></span> <span class='ocrx_word' id='word_1_207' title='bbox 3020 768 3140 811; x_wconf 81' lang='lat' dir='ltr'><strong>ante</strong></span> <span class='ocrx_word' id='word_1_208' title='bbox 3168 757 3448 826; x_wconf 82' lang='lat' dir='ltr'><strong>Papatum.</strong></span> <span class='ocrx_word' id='word_1_209' title='bbox 3514 795 3527 807; x_wconf 59' lang='grc' dir='ltr'><em>μ</em></span> 
     </span>
    </p>
   </div>
   <div class='ocr_carea' id='block_1_33' title="bbox 2264 847 3730 918">
    <p class='ocr_par' dir='ltr' id='par_1_33' title="bbox 2264 847 3730 918">
     <span class='ocr_line' id='line_1_33' title="bbox 2264 847 3730 918; baseline -0.001 -16"><span class='ocrx_word' id='word_1_210' title='bbox 2264 850 2345 902; x_wconf 94' lang='grc'><strong>10.</strong></span> <span class='ocrx_word' id='word_1_211' title='bbox 2386 848 2592 903; x_wconf 85' lang='lat' dir='ltr'><strong>Interea</strong></span> <span class='ocrx_word' id='word_1_212' title='bbox 2620 849 2914 918; x_wconf 90' lang='lat' dir='ltr'><strong>spiritualis</strong></span> <span class='ocrx_word' id='word_1_213' title='bbox 2939 849 3191 917; x_wconf 83' lang='lat' dir='ltr'><strong>agricola,</strong></span> <span class='ocrx_word' id='word_1_214' title='bbox 3238 856 3456 902; x_wconf 91' lang='lat' dir='ltr'><strong>sanctus</strong></span> <span class='ocrx_word' id='word_1_215' title='bbox 3496 847 3730 901; x_wconf 82' lang='lat' dir='ltr'><strong>videlicet</strong></span> 
     </span>
    </p>
   </div>
   <div class='ocr_carea' id='block_1_34' title="bbox 2196 935 3729 1009">
    <p class='ocr_par' dir='ltr' id='par_1_34' title="bbox 2196 935 3729 1009">
     <span class='ocr_line' id='line_1_34' title="bbox 2196 935 3729 1009; baseline -0.001 -18"><span class='ocrx_word' id='word_1_216' title='bbox 2196 938 2304 992; x_wconf 86' lang='lat' dir='ltr'><strong>Leo</strong></span> <span class='ocrx_word' id='word_1_217' title='bbox 2331 938 2420 991; x_wconf 78' lang='grc' dir='ltr'><strong>ιχ.</strong></span> <span class='ocrx_word' id='word_1_218' title='bbox 2447 938 2590 1006; x_wconf 84' lang='lat' dir='ltr'><strong>Papa</strong></span> <span class='ocrx_word' id='word_1_219' title='bbox 2611 935 2741 1009; x_wconf 92' lang='grc'>(10),</span> <span class='ocrx_word' id='word_1_220' title='bbox 2763 938 3113 992; x_wconf 90' lang='lat' dir='ltr'><strong>considerans</strong></span> <span class='ocrx_word' id='word_1_221' title='bbox 3138 947 3192 992; x_wconf 94' lang='lat' dir='ltr'><strong>ct</strong></span> <span class='ocrx_word' id='word_1_222' title='bbox 3218 938 3489 990; x_wconf 82' lang='lat' dir='ltr'><strong>admirans</strong></span> <span class='ocrx_word' id='word_1_223' title='bbox 3512 939 3729 990; x_wconf 86' lang='lat' dir='ltr'><strong>multum</strong></span> 
     </span>
    </p>
   </div>
   <div class='ocr_carea' id='block_1_35' title="bbox 2195 1026 3731 1096">
    <p class='ocr_par' dir='ltr' id='par_1_35' title="bbox 2195 1026 3731 1096">
     <span class='ocr_line' id='line_1_35' title="bbox 2195 1026 3731 1096; baseline -0.001 -17"><span class='ocrx_word' id='word_1_224' title='bbox 2195 1028 2428 1082; x_wconf 86' lang='lat' dir='ltr'><strong>fructum</strong></span> <span class='ocrx_word' id='word_1_225' title='bbox 2468 1027 2703 1096; x_wconf 89' lang='lat' dir='ltr'><strong>palmitis</strong></span> <span class='ocrx_word' id='word_1_226' title='bbox 2742 1026 2904 1095; x_wconf 86' lang='lat' dir='ltr'><strong>hujus</strong></span> <span class='ocrx_word' id='word_1_227' title='bbox 2927 1067 2943 1091; x_wconf 90' lang='lat'><strong>,</strong></span> <span class='ocrx_word' id='word_1_228' title='bbox 2992 1042 3059 1081; x_wconf 91' lang='lat' dir='ltr'><strong>eo</strong></span> <span class='ocrx_word' id='word_1_229' title='bbox 3102 1027 3243 1095; x_wconf 88' lang='lat' dir='ltr'><strong>quod</strong></span> <span class='ocrx_word' id='word_1_230' title='bbox 3274 1026 3387 1095; x_wconf 84' lang='lat' dir='ltr'><strong>ipse</strong></span> <span class='ocrx_word' id='word_1_231' title='bbox 3410 1033 3647 1079; x_wconf 88' lang='lat' dir='ltr'><strong>maneret</strong></span> <span class='ocrx_word' id='word_1_232' title='bbox 3682 1026 3731 1078; x_wconf 87' lang='lat' dir='ltr'><strong>in</strong></span> 
     </span>
    </p>
   </div>
   <div class='ocr_carea' id='block_1_36' title="bbox 2194 1115 3733 1185">
    <p class='ocr_par' dir='ltr' id='par_1_36' title="bbox 2194 1115 3733 1185">
     <span class='ocr_line' id='line_1_36' title="bbox 2194 1115 3733 1185; baseline -0.001 -15"><span class='ocrx_word' id='word_1_233' title='bbox 2194 1116 2432 1181; x_wconf 89' lang='lat' dir='ltr'><strong>Christo,</strong></span> <span class='ocrx_word' id='word_1_234' title='bbox 2460 1125 2513 1170; x_wconf 87' lang='lat' dir='ltr'><strong>et</strong></span> <span class='ocrx_word' id='word_1_235' title='bbox 2545 1115 2793 1170; x_wconf 87' lang='lat' dir='ltr'><strong>Christus</strong></span> <span class='ocrx_word' id='word_1_236' title='bbox 2818 1116 2871 1169; x_wconf 90' lang='lat' dir='ltr'><strong>in</strong></span> <span class='ocrx_word' id='word_1_237' title='bbox 2899 1116 3037 1185; x_wconf 91' lang='lat' dir='ltr'><strong>ipso;</strong></span> <span class='ocrx_word' id='word_1_238' title='bbox 3069 1115 3310 1169; x_wconf 82' lang='lat' dir='ltr'><strong>dilatavit</strong></span> <span class='ocrx_word' id='word_1_239' title='bbox 3333 1116 3387 1169; x_wconf 92' lang='lat' dir='ltr'><strong>in</strong></span> <span class='ocrx_word' id='word_1_240' title='bbox 3412 1130 3477 1167; x_wconf 91' lang='lat' dir='ltr'><strong>eo</strong></span> <span class='ocrx_word' id='word_1_241' title='bbox 3505 1115 3733 1168; x_wconf 87' lang='lat' dir='ltr'><strong>mansio-</strong></span> 
     </span>
    </p>
   </div>
   <div class='ocr_carea' id='block_1_37' title="bbox 2195 1202 3736 1274">
    <p class='ocr_par' dir='ltr' id='par_1_37' title="bbox 2195 1202 3736 1274">
     <span class='ocr_line' id='line_1_37' title="bbox 2195 1202 3736 1274; baseline -0.002 -15"><span class='ocrx_word' id='word_1_242' title='bbox 2195 1221 2316 1260; x_wconf 88' lang='lat' dir='ltr'><strong>nem</strong></span> <span class='ocrx_word' id='word_1_243' title='bbox 2340 1205 2538 1259; x_wconf 86' lang='lat' dir='ltr'><strong>Christi</strong></span> <span class='ocrx_word' id='word_1_244' title='bbox 2564 1220 2658 1274; x_wconf 89' lang='lat' dir='ltr'><strong>per</strong></span> <span class='ocrx_word' id='word_1_245' title='bbox 2682 1205 3080 1273; x_wconf 87' lang='lat' dir='ltr'><strong>impositionem</strong></span> <span class='ocrx_word' id='word_1_246' title='bbox 3101 1202 3317 1257; x_wconf 88' lang='lat' dir='ltr'><strong>Ordinis</strong></span> <span class='ocrx_word' id='word_1_247' title='bbox 3338 1202 3575 1267; x_wconf 84' lang='lat' dir='ltr'><strong>Levitici,</strong></span> <span class='ocrx_word' id='word_1_248' title='bbox 3603 1211 3655 1256; x_wconf 90' lang='lat' dir='ltr'><strong>ct</strong></span> <span class='ocrx_word' id='word_1_249' title='bbox 3681 1212 3736 1256; x_wconf 90' lang='lat' dir='ltr'><strong>ut</strong></span> 
     </span>
    </p>
   </div>
   <div class='ocr_carea' id='block_1_38' title="bbox 2196 1292 3732 1362">
    <p class='ocr_par' dir='ltr' id='par_1_38' title="bbox 2196 1292 3732 1362">
     <span class='ocr_line' id='line_1_38' title="bbox 2196 1292 3732 1362; baseline -0.001 -15"><span class='ocrx_word' id='word_1_250' title='bbox 2196 1295 2427 1347; x_wconf 83' lang='lat' dir='ltr'><strong>fructum</strong></span> <span class='ocrx_word' id='word_1_251' title='bbox 2453 1295 2572 1362; x_wconf 90' lang='lat' dir='ltr'><strong>plus</strong></span> <span class='ocrx_word' id='word_1_252' title='bbox 2612 1293 2841 1359; x_wconf 83' lang='lat' dir='ltr'><strong>afferret,</strong></span> <span class='ocrx_word' id='word_1_253' title='bbox 2872 1292 3128 1348; x_wconf 74' lang='lat' dir='ltr'><strong>Romana</strong></span> <span class='ocrx_word' id='word_1_254' title='bbox 3165 1294 3415 1348; x_wconf 83' lang='lat' dir='ltr'><strong>Ecclesia</strong></span> <span class='ocrx_word' id='word_1_255' title='bbox 3457 1292 3732 1347; x_wconf 84' lang='lat' dir='ltr'><strong>Archidia-</strong></span> 
     </span>
    </p>
   </div>
   <div class='ocr_carea' id='block_1_39' title="bbox 2195 1381 3736 1451">
    <p class='ocr_par' dir='ltr' id='par_1_39' title="bbox 2195 1381 3736 1451">
     <span class='ocr_line' id='line_1_39' title="bbox 2195 1381 3736 1451; baseline -0.001 -14"><span class='ocrx_word' id='word_1_256' title='bbox 2195 1398 2391 1437; x_wconf 89' lang='lat' dir='ltr'><strong>conum</strong></span> <span class='ocrx_word' id='word_1_257' title='bbox 2430 1383 2676 1436; x_wconf 89' lang='lat' dir='ltr'><strong>instituit.</strong></span> <span class='ocrx_word' id='word_1_258' title='bbox 2716 1382 2846 1436; x_wconf 87' lang='lat' dir='ltr'><strong>Post</strong></span> <span class='ocrx_word' id='word_1_259' title='bbox 2883 1383 2998 1436; x_wconf 85' lang='lat' dir='ltr'><strong>hac</strong></span> <span class='ocrx_word' id='word_1_260' title='bbox 3044 1383 3100 1435; x_wconf 92' lang='lat' dir='ltr'><strong>in</strong></span> <span class='ocrx_word' id='word_1_261' title='bbox 3138 1386 3317 1451; x_wconf 86' lang='lat' dir='ltr'><strong>partes</strong></span> <span class='ocrx_word' id='word_1_262' title='bbox 3340 1383 3630 1437; x_wconf 86' lang='lat' dir='ltr'><strong>Galliarum</strong></span> <span class='ocrx_word' id='word_1_263' title='bbox 3659 1381 3736 1436; x_wconf 85' lang='lat' dir='ltr'><strong>di-</strong></span> 
     </span>
    </p>
   </div>
   <div class='ocr_carea' id='block_1_40' title="bbox 2197 1470 3737 1540">
    <p class='ocr_par' dir='ltr' id='par_1_40' title="bbox 2197 1470 3737 1540">
     <span class='ocr_line' id='line_1_40' title="bbox 2197 1470 3737 1540; baseline -0.001 -16"><span class='ocrx_word' id='word_1_264' title='bbox 2197 1480 2396 1534; x_wconf 84' lang='lat' dir='ltr'><strong>rectus,</strong></span> <span class='ocrx_word' id='word_1_265' title='bbox 2441 1471 2513 1523; x_wconf 88' lang='lat' dir='ltr'><strong>ita</strong></span> <span class='ocrx_word' id='word_1_266' title='bbox 2550 1472 2810 1524; x_wconf 78' lang='lat' dir='ltr'><strong>creditum</strong></span> <span class='ocrx_word' id='word_1_267' title='bbox 2842 1470 2942 1524; x_wconf 79' lang='lat' dir='ltr'><strong>sibi</strong></span> <span class='ocrx_word' id='word_1_268' title='bbox 2982 1470 3301 1540; x_wconf 79' lang='lat' dir='ltr'><strong>Apostolica</strong></span> <span class='ocrx_word' id='word_1_269' title='bbox 3334 1472 3463 1525; x_wconf 86' lang='lat' dir='ltr'><strong>vicis</strong></span> <span class='ocrx_word' id='word_1_270' title='bbox 3500 1472 3737 1525; x_wconf 78' lang='lat' dir='ltr'><strong>exhibuit</strong></span> 
     </span>
    </p>
   </div>
   <div class='ocr_carea' id='block_1_41' title="bbox 2197 1560 3738 1630">
    <p class='ocr_par' dir='ltr' id='par_1_41' title="bbox 2197 1560 3738 1630">
     <span class='ocr_line' id='line_1_41' title="bbox 2197 1560 3738 1630; baseline 0.001 -16"><span class='ocrx_word' id='word_1_271' title='bbox 2197 1560 2457 1625; x_wconf 88' lang='lat' dir='ltr'><strong>ofIlcium,</strong></span> <span class='ocrx_word' id='word_1_272' title='bbox 2506 1570 2564 1613; x_wconf 94' lang='lat' dir='ltr'><strong>ut</strong></span> <span class='ocrx_word' id='word_1_273' title='bbox 2622 1561 2813 1614; x_wconf 88' lang='lat' dir='ltr'><strong>merito</strong></span> <span class='ocrx_word' id='word_1_274' title='bbox 2840 1577 2983 1617; x_wconf 87' lang='lat' dir='ltr'><strong>cum</strong></span> <span class='ocrx_word' id='word_1_275' title='bbox 3037 1560 3293 1630; x_wconf 81' lang='lat' dir='ltr'><strong>Apostolo</strong></span> <span class='ocrx_word' id='word_1_276' title='bbox 3338 1563 3513 1615; x_wconf 88' lang='lat' dir='ltr'><strong>dicere</strong></span> <span class='ocrx_word' id='word_1_277' title='bbox 3558 1570 3738 1629; x_wconf 88' lang='lat' dir='ltr'><strong>posset</strong></span> 
     </span>
    </p>
   </div>
   <div class='ocr_carea' id='block_1_42' title="bbox 2204 1646 3738 1720">
    <p class='ocr_par' dir='ltr' id='par_1_42' title="bbox 2204 1646 3738 1720">
     <span class='ocr_line' id='line_1_42' title="bbox 2204 1646 3738 1720; baseline 0.001 -19"><span class='ocrx_word' id='word_1_278' title='bbox 2204 1670 2221 1701; x_wconf 73' lang='grc' dir='ltr'>ι</span> <span class='ocrx_word' id='word_1_279' title='bbox 2255 1649 2364 1704; x_wconf 88' lang='lat' dir='ltr'><strong>Deo</strong></span> <span class='ocrx_word' id='word_1_280' title='bbox 2404 1650 2632 1719; x_wconf 81' lang='lat' dir='ltr'><strong>gratias,</strong></span> <span class='ocrx_word' id='word_1_281' title='bbox 2674 1650 2769 1718; x_wconf 89' lang='lat' dir='ltr'><strong>qui</strong></span> <span class='ocrx_word' id='word_1_282' title='bbox 2807 1666 3018 1719; x_wconf 84' lang='lat' dir='ltr'><strong>semper</strong></span> <span class='ocrx_word' id='word_1_283' title='bbox 3041 1646 3346 1720; x_wconf 80' lang='lat' dir='ltr'><strong>triumphat</strong></span> <span class='ocrx_word' id='word_1_284' title='bbox 3380 1666 3477 1703; x_wconf 92' lang='lat' dir='ltr'><strong>nos</strong></span> <span class='ocrx_word' id='word_1_285' title='bbox 3506 1651 3559 1702; x_wconf 93' lang='lat' dir='ltr'><strong>in</strong></span> <span class='ocrx_word' id='word_1_286' title='bbox 3585 1649 3738 1703; x_wconf 88' lang='lat' dir='ltr'><strong>Chri-</strong></span> 
     </span>
    </p>
   </div>
   <div class='ocr_carea' id='block_1_43' title="bbox 2198 1738 3737 1808">
    <p class='ocr_par' dir='ltr' id='par_1_43' title="bbox 2198 1738 3737 1808">
     <span class='ocr_line' id='line_1_43' title="bbox 2198 1738 3737 1808; baseline -0.001 -15"><span class='ocrx_word' id='word_1_287' title='bbox 2198 1748 2283 1793; x_wconf 91' lang='lat' dir='ltr'><strong>sto</strong></span> <span class='ocrx_word' id='word_1_288' title='bbox 2330 1739 2503 1804; x_wconf 68' lang='lat' dir='ltr'><strong>Jesu,</strong></span> <span class='ocrx_word' id='word_1_289' title='bbox 2536 1748 2590 1793; x_wconf 91' lang='lat' dir='ltr'><strong>et</strong></span> <span class='ocrx_word' id='word_1_290' title='bbox 2638 1740 2857 1793; x_wconf 88' lang='lat' dir='ltr'><strong>odorem</strong></span> <span class='ocrx_word' id='word_1_291' title='bbox 2901 1741 3105 1792; x_wconf 82' lang='lat' dir='ltr'><strong>notitia</strong></span> <span class='ocrx_word' id='word_1_292' title='bbox 3144 1755 3254 1793; x_wconf 75' lang='lat' dir='ltr'><strong>suae</strong></span> <span class='ocrx_word' id='word_1_293' title='bbox 3291 1738 3600 1793; x_wconf 80' lang='lat' dir='ltr'><strong>manifestat</strong></span> <span class='ocrx_word' id='word_1_294' title='bbox 3648 1754 3737 1808; x_wconf 88' lang='lat' dir='ltr'><strong>per</strong></span> 
     </span>
    </p>
   </div>
   <div class='ocr_carea' id='block_1_44' title="bbox 2197 1827 3738 1897">
    <p class='ocr_par' dir='ltr' id='par_1_44' title="bbox 2197 1827 3738 1897">
     <span class='ocr_line' id='line_1_44' title="bbox 2197 1827 3738 1897; baseline 0 -15"><span class='ocrx_word' id='word_1_295' title='bbox 2197 1844 2296 1883; x_wconf 91' lang='lat' dir='ltr'><strong>nos</strong></span> <span class='ocrx_word' id='word_1_296' title='bbox 2322 1830 2375 1882; x_wconf 92' lang='lat' dir='ltr'><strong>in</strong></span> <span class='ocrx_word' id='word_1_297' title='bbox 2406 1829 2551 1881; x_wconf 90' lang='lat' dir='ltr'><strong>omni</strong></span> <span class='ocrx_word' id='word_1_298' title='bbox 2579 1829 2719 1893; x_wconf 86' lang='lat' dir='ltr'><strong>loco,</strong></span> <span class='ocrx_word' id='word_1_299' title='bbox 2759 1829 2883 1897; x_wconf 84' lang='lat' dir='ltr'><strong>quia</strong></span> <span class='ocrx_word' id='word_1_300' title='bbox 2918 1827 3119 1882; x_wconf 89' lang='lat' dir='ltr'><strong>Christi</strong></span> <span class='ocrx_word' id='word_1_301' title='bbox 3159 1830 3334 1884; x_wconf 86' lang='lat' dir='ltr'><strong>bonus</strong></span> <span class='ocrx_word' id='word_1_302' title='bbox 3374 1828 3508 1883; x_wconf 87' lang='lat' dir='ltr'><strong>odor</strong></span> <span class='ocrx_word' id='word_1_303' title='bbox 3553 1845 3738 1883; x_wconf 91' lang='lat' dir='ltr'><strong>sumus</strong></span> 
     </span>
    </p>
   </div>
   <div class='ocr_carea' id='block_1_45' title="bbox 2197 1917 3739 1987">
    <p class='ocr_par' dir='ltr' id='par_1_45' title="bbox 2197 1917 3739 1987">
     <span class='ocr_line' id='line_1_45' title="bbox 2197 1917 3739 1987; baseline -0.001 -14"><span class='ocrx_word' id='word_1_304' title='bbox 2197 1918 2328 1984; x_wconf 85' lang='lat' dir='ltr'><strong>Deo,</strong></span> <span class='ocrx_word' id='word_1_305' title='bbox 2356 1919 2410 1971; x_wconf 92' lang='lat' dir='ltr'><strong>in</strong></span> <span class='ocrx_word' id='word_1_306' title='bbox 2433 1919 2500 1971; x_wconf 91' lang='lat' dir='ltr'><strong>iis</strong></span> <span class='ocrx_word' id='word_1_307' title='bbox 2520 1918 2612 1987; x_wconf 90' lang='lat' dir='ltr'><strong>qui</strong></span> <span class='ocrx_word' id='word_1_308' title='bbox 2637 1917 2771 1972; x_wconf 87' lang='lat' dir='ltr'><strong>salvi</strong></span> <span class='ocrx_word' id='word_1_309' title='bbox 2795 1917 2963 1983; x_wconf 80' lang='lat' dir='ltr'><strong>fiunt,</strong></span> <span class='ocrx_word' id='word_1_310' title='bbox 2984 1926 3039 1972; x_wconf 86' lang='lat' dir='ltr'><strong>et</strong></span> <span class='ocrx_word' id='word_1_311' title='bbox 3063 1919 3117 1970; x_wconf 89' lang='lat' dir='ltr'><strong>in</strong></span> <span class='ocrx_word' id='word_1_312' title='bbox 3139 1918 3206 1973; x_wconf 89' lang='lat' dir='ltr'><strong>iis</strong></span> <span class='ocrx_word' id='word_1_313' title='bbox 3237 1918 3330 1987; x_wconf 88' lang='lat' dir='ltr'><strong>qui</strong></span> <span class='ocrx_word' id='word_1_314' title='bbox 3355 1926 3599 1986; x_wconf 84' lang='lat' dir='ltr'><strong>pereunt;</strong></span> <span class='ocrx_word' id='word_1_315' title='bbox 3623 1918 3739 1971; x_wconf 86' lang='lat' dir='ltr'><strong>aliis</strong></span> 
     </span>
    </p>
   </div>
   <div class='ocr_carea' id='block_1_46' title="bbox 2192 2006 3740 2077">
    <p class='ocr_par' dir='ltr' id='par_1_46' title="bbox 2192 2006 3740 2077">
     <span class='ocr_line' id='line_1_46' title="bbox 2192 2006 3740 2077; baseline 0 -17"><span class='ocrx_word' id='word_1_316' title='bbox 2192 2008 2413 2077; x_wconf 86' lang='lat' dir='ltr'><strong>quidem</strong></span> <span class='ocrx_word' id='word_1_317' title='bbox 2447 2007 2581 2061; x_wconf 87' lang='lat' dir='ltr'><strong>odor</strong></span> <span class='ocrx_word' id='word_1_318' title='bbox 2614 2007 2804 2061; x_wconf 89' lang='lat' dir='ltr'><strong>mortis</strong></span> <span class='ocrx_word' id='word_1_319' title='bbox 2844 2006 2897 2061; x_wconf 90' lang='lat' dir='ltr'><strong>in</strong></span> <span class='ocrx_word' id='word_1_320' title='bbox 2937 2016 3198 2074; x_wconf 91' lang='lat' dir='ltr'><strong>mortem,</strong></span> <span class='ocrx_word' id='word_1_321' title='bbox 3238 2008 3356 2063; x_wconf 87' lang='lat' dir='ltr'><strong>aliis</strong></span> <span class='ocrx_word' id='word_1_322' title='bbox 3389 2016 3568 2060; x_wconf 87' lang='lat' dir='ltr'><strong>autem</strong></span> <span class='ocrx_word' id='word_1_323' title='bbox 3610 2007 3740 2060; x_wconf 90' lang='lat' dir='ltr'><strong>odor</strong></span> 
     </span>
    </p>
   </div>
   <div class='ocr_carea' id='block_1_47' title="bbox 2196 2095 3097 2165">
    <p class='ocr_par' dir='ltr' id='par_1_47' title="bbox 2196 2095 3097 2165">
     <span class='ocr_line' id='line_1_47' title="bbox 2196 2095 3097 2165; baseline -0.001 -15"><span class='ocrx_word' id='word_1_324' title='bbox 2196 2098 2394 2152; x_wconf 83' lang='lat' dir='ltr'><strong>vitain</strong></span> <span class='ocrx_word' id='word_1_325' title='bbox 2425 2098 2586 2150; x_wconf 90' lang='lat' dir='ltr'><strong>vitam</strong></span> <span class='ocrx_word' id='word_1_326' title='bbox 2618 2095 2707 2165; x_wconf 87' lang='lat' dir='ltr'><strong>(II</strong></span> <span class='ocrx_word' id='word_1_327' title='bbox 2743 2095 2864 2150; x_wconf 88' lang='lat' dir='ltr'><strong>Cor.</strong></span> <span class='ocrx_word' id='word_1_328' title='bbox 2897 2112 2935 2151; x_wconf 81' lang='lat' dir='ltr'><strong>tt</strong></span> <span class='ocrx_word' id='word_1_329' title='bbox 2959 2098 2998 2165; x_wconf 90' lang='lat'><strong>:)</strong></span> <span class='ocrx_word' id='word_1_330' title='bbox 3027 2136 3040 2150; x_wconf 94' lang='lat'><strong>.</strong></span> <span class='ocrx_word' id='word_1_331' title='bbox 3065 2115 3097 2149; x_wconf 54' lang='grc' dir='ltr'><strong><em>ἰ</em></strong></span> 
     </span>
    </p>
   </div>
   <div class='ocr_carea' id='block_1_48' title="bbox 2264 2181 3715 2256">
    <p class='ocr_par' dir='ltr' id='par_1_48' title="bbox 2264 2181 3715 2256">
     <span class='ocr_line' id='line_1_48' title="bbox 2264 2181 3715 2256; baseline -0.001 -17"><span class='ocrx_word' id='word_1_332' title='bbox 2264 2187 2349 2239; x_wconf 88' lang='grc'><strong>11.</strong></span> <span class='ocrx_word' id='word_1_333' title='bbox 2385 2181 2619 2239; x_wconf 85' lang='lat' dir='ltr'><strong>Primam</strong></span> <span class='ocrx_word' id='word_1_334' title='bbox 2651 2201 2779 2239; x_wconf 85' lang='lat' dir='ltr'><strong>sane</strong></span> <span class='ocrx_word' id='word_1_335' title='bbox 2807 2185 2992 2240; x_wconf 79' lang='lat' dir='ltr'><strong>odoris</strong></span> <span class='ocrx_word' id='word_1_336' title='bbox 3021 2186 3182 2253; x_wconf 91' lang='lat' dir='ltr'><strong>hujus</strong></span> <span class='ocrx_word' id='word_1_337' title='bbox 3209 2185 3555 2256; x_wconf 83' lang='lat' dir='ltr'><strong>fragrantiam</strong></span> <span class='ocrx_word' id='word_1_338' title='bbox 3590 2184 3715 2254; x_wconf 84' lang='lat' dir='ltr'><strong>Lug</strong></span> 
     </span>
    </p>
   </div>
   <div class='ocr_carea' id='block_1_49' title="bbox 2195 2274 3739 2346">
    <p class='ocr_par' dir='ltr' id='par_1_49' title="bbox 2195 2274 3739 2346">
     <span class='ocr_line' id='line_1_49' title="bbox 2195 2274 3739 2346; baseline -0.001 -15"><span class='ocrx_word' id='word_1_339' title='bbox 2195 2278 2420 2339; x_wconf 88' lang='lat' dir='ltr'><strong>dunum,</strong></span> <span class='ocrx_word' id='word_1_340' title='bbox 2462 2290 2583 2344; x_wconf 86' lang='lat' dir='ltr'><strong>qua</strong></span> <span class='ocrx_word' id='word_1_341' title='bbox 2622 2274 2796 2343; x_wconf 90' lang='lat' dir='ltr'><strong>prima</strong></span> <span class='ocrx_word' id='word_1_342' title='bbox 2835 2276 2990 2330; x_wconf 87' lang='lat' dir='ltr'><strong>sedes</strong></span> <span class='ocrx_word' id='word_1_343' title='bbox 3031 2284 3115 2329; x_wconf 92' lang='lat' dir='ltr'><strong>cst</strong></span> <span class='ocrx_word' id='word_1_344' title='bbox 3157 2276 3468 2342; x_wconf 82' lang='lat' dir='ltr'><strong>Galliarum,</strong></span> <span class='ocrx_word' id='word_1_345' title='bbox 3499 2276 3739 2346; x_wconf 76' lang='lat' dir='ltr'><strong>synodah</strong></span> 
     </span>
    </p>
   </div>
   <div class='ocr_carea' id='block_1_50' title="bbox 2196 2362 3740 2433">
    <p class='ocr_par' dir='ltr' id='par_1_50' title="bbox 2196 2362 3740 2433">
     <span class='ocr_line' id='line_1_50' title="bbox 2196 2362 3740 2433; baseline -0.001 -12"><span class='ocrx_word' id='word_1_346' title='bbox 2196 2366 2531 2421; x_wconf 88' lang='lat' dir='ltr'><strong>discussione</strong></span> <span class='ocrx_word' id='word_1_347' title='bbox 2559 2363 2811 2432; x_wconf 89' lang='lat' dir='ltr'><strong>suscepit.</strong></span> <span class='ocrx_word' id='word_1_348' title='bbox 2838 2362 2994 2429; x_wconf 87' lang='lat' dir='ltr'><strong>Nam,</strong></span> <span class='ocrx_word' id='word_1_349' title='bbox 3019 2364 3156 2418; x_wconf 88' lang='lat' dir='ltr'><strong>sicut</strong></span> <span class='ocrx_word' id='word_1_350' title='bbox 3181 2364 3324 2433; x_wconf 86' lang='lat' dir='ltr'><strong>Papa</strong></span> <span class='ocrx_word' id='word_1_351' title='bbox 3352 2364 3589 2420; x_wconf 81' lang='lat' dir='ltr'><strong>Kalistus</strong></span> <span class='ocrx_word' id='word_1_352' title='bbox 3616 2381 3740 2419; x_wconf 87' lang='lat' dir='ltr'><strong>nar-</strong></span> 
     </span>
    </p>
   </div>
   <div class='ocr_carea' id='block_1_51' title="bbox 2196 2451 3743 2522">
    <p class='ocr_par' dir='ltr' id='par_1_51' title="bbox 2196 2451 3743 2522">
     <span class='ocr_line' id='line_1_51' title="bbox 2196 2451 3743 2522; baseline 0 -14"><span class='ocrx_word' id='word_1_353' title='bbox 2196 2470 2317 2509; x_wconf 89' lang='lat' dir='ltr'><strong>rare</strong></span> <span class='ocrx_word' id='word_1_354' title='bbox 2340 2453 2621 2508; x_wconf 81' lang='lat' dir='ltr'><strong>consuevit</strong></span> <span class='ocrx_word' id='word_1_355' title='bbox 2641 2493 2657 2517; x_wconf 93' lang='lat'><strong>,</strong></span> <span class='ocrx_word' id='word_1_356' title='bbox 2692 2453 2868 2520; x_wconf 81' lang='lat' dir='ltr'><strong>prima</strong></span> <span class='ocrx_word' id='word_1_357' title='bbox 2887 2451 3115 2506; x_wconf 89' lang='lat' dir='ltr'><strong>Concilii</strong></span> <span class='ocrx_word' id='word_1_358' title='bbox 3148 2453 3255 2519; x_wconf 90' lang='lat' dir='ltr'><strong>die,</strong></span> <span class='ocrx_word' id='word_1_359' title='bbox 3278 2455 3642 2522; x_wconf 89' lang='lat' dir='ltr'><strong>proclamatus</strong></span> <span class='ocrx_word' id='word_1_360' title='bbox 3664 2462 3743 2508; x_wconf 84' lang='lat' dir='ltr'><strong>est</strong></span> 
     </span>
    </p>
   </div>
   <div class='ocr_carea' id='block_1_52' title="bbox 2196 2541 3741 2613">
    <p class='ocr_par' dir='ltr' id='par_1_52' title="bbox 2196 2541 3741 2613">
     <span class='ocr_line' id='line_1_52' title="bbox 2196 2541 3741 2613; baseline -0.001 -15"><span class='ocrx_word' id='word_1_361' title='bbox 2196 2545 2416 2613; x_wconf 91' lang='lat' dir='ltr'><strong>quidam</strong></span> <span class='ocrx_word' id='word_1_362' title='bbox 2440 2542 2963 2610; x_wconf 87' lang='lat' dir='ltr'><strong>Pseudo-episcopus</strong></span> <span class='ocrx_word' id='word_1_363' title='bbox 2986 2541 3052 2595; x_wconf 90' lang='lat' dir='ltr'><strong>de</strong></span> <span class='ocrx_word' id='word_1_364' title='bbox 3076 2541 3379 2596; x_wconf 86' lang='lat' dir='ltr'><strong>Simoniaea</strong></span> <span class='ocrx_word' id='word_1_365' title='bbox 3414 2542 3741 2601; x_wconf 85' lang='lat' dir='ltr'><strong>Pontificalis</strong></span> 
     </span>
    </p>
   </div>
   <div class='ocr_carea' id='block_1_53' title="bbox 2197 2630 3740 2699">
    <p class='ocr_par' dir='ltr' id='par_1_53' title="bbox 2197 2630 3740 2699">
     <span class='ocr_line' id='line_1_53' title="bbox 2197 2630 3740 2699; baseline 0 -13"><span class='ocrx_word' id='word_1_366' title='bbox 2197 2633 2447 2686; x_wconf 87' lang='lat' dir='ltr'><strong>culminis</strong></span> <span class='ocrx_word' id='word_1_367' title='bbox 2470 2631 2808 2695; x_wconf 87' lang='lat' dir='ltr'><strong>ascensione;</strong></span> <span class='ocrx_word' id='word_1_368' title='bbox 2834 2634 2929 2689; x_wconf 80' lang='lat' dir='ltr'><strong>sed</strong></span> <span class='ocrx_word' id='word_1_369' title='bbox 2952 2631 3077 2699; x_wconf 88' lang='lat' dir='ltr'><strong>quia</strong></span> <span class='ocrx_word' id='word_1_370' title='bbox 3104 2630 3172 2683; x_wconf 89' lang='lat' dir='ltr'><strong>ad</strong></span> <span class='ocrx_word' id='word_1_371' title='bbox 3204 2630 3363 2684; x_wconf 87' lang='lat' dir='ltr'><strong>finem</strong></span> <span class='ocrx_word' id='word_1_372' title='bbox 3390 2632 3611 2699; x_wconf 89' lang='lat' dir='ltr'><strong>perduci</strong></span> <span class='ocrx_word' id='word_1_373' title='bbox 3635 2647 3740 2686; x_wconf 90' lang='lat' dir='ltr'><strong>non</strong></span> 
     </span>
    </p>
   </div>
   <div class='ocr_carea' id='block_1_54' title="bbox 2196 2719 3742 2790">
    <p class='ocr_par' dir='ltr' id='par_1_54' title="bbox 2196 2719 3742 2790">
     <span class='ocr_line' id='line_1_54' title="bbox 2196 2719 3742 2790; baseline 0 -15"><span class='ocrx_word' id='word_1_374' title='bbox 2196 2722 2372 2789; x_wconf 83' lang='lat' dir='ltr'><strong>potuit</strong></span> <span class='ocrx_word' id='word_1_375' title='bbox 2391 2721 2657 2790; x_wconf 90' lang='lat' dir='ltr'><strong>probatio,</strong></span> <span class='ocrx_word' id='word_1_376' title='bbox 2680 2719 2735 2772; x_wconf 91' lang='lat' dir='ltr'><strong>in</strong></span> <span class='ocrx_word' id='word_1_377' title='bbox 2772 2727 3083 2787; x_wconf 89' lang='lat' dir='ltr'><strong>sequentem</strong></span> <span class='ocrx_word' id='word_1_378' title='bbox 3117 2720 3255 2773; x_wconf 67' lang='lat' dir='ltr'><strong>dim</strong></span> <span class='ocrx_word' id='word_1_379' title='bbox 3281 2721 3485 2789; x_wconf 88' lang='lat' dir='ltr'><strong>prolata</strong></span> <span class='ocrx_word' id='word_1_380' title='bbox 3518 2730 3621 2775; x_wconf 88' lang='lat' dir='ltr'><strong>est.</strong></span> <span class='ocrx_word' id='word_1_381' title='bbox 3658 2719 3742 2775; x_wconf 79' lang='lat' dir='ltr'><strong>ln-</strong></span> 
     </span>
    </p>
   </div>
   <div class='ocr_carea' id='block_1_55' title="bbox 2199 2807 3741 2877">
    <p class='ocr_par' dir='ltr' id='par_1_55' title="bbox 2199 2807 3741 2877">
     <span class='ocr_line' id='line_1_55' title="bbox 2199 2807 3741 2877; baseline 0.002 -15"><span class='ocrx_word' id='word_1_382' title='bbox 2199 2811 2357 2862; x_wconf 89' lang='lat' dir='ltr'><strong>terim</strong></span> <span class='ocrx_word' id='word_1_383' title='bbox 2379 2810 2507 2877; x_wconf 88' lang='lat' dir='ltr'><strong>quid</strong></span> <span class='ocrx_word' id='word_1_384' title='bbox 2535 2807 2734 2861; x_wconf 84' lang='lat' dir='ltr'><strong>faceret</strong></span> <span class='ocrx_word' id='word_1_385' title='bbox 2759 2807 2861 2860; x_wconf 86' lang='lat' dir='ltr'><strong>sibi</strong></span> <span class='ocrx_word' id='word_1_386' title='bbox 2887 2808 3026 2861; x_wconf 89' lang='lat' dir='ltr'><strong>male</strong></span> <span class='ocrx_word' id='word_1_387' title='bbox 3045 2809 3330 2863; x_wconf 74' lang='lat' dir='ltr'><strong>conscius?</strong></span> <span class='ocrx_word' id='word_1_388' title='bbox 3350 2808 3468 2875; x_wconf 86' lang='lat' dir='ltr'><strong>Quo</strong></span> <span class='ocrx_word' id='word_1_389' title='bbox 3491 2826 3549 2864; x_wconf 90' lang='lat' dir='ltr'><strong>se</strong></span> <span class='ocrx_word' id='word_1_390' title='bbox 3569 2822 3741 2865; x_wconf 87' lang='lat' dir='ltr'><strong>verte-</strong></span> 
     </span>
    </p>
   </div>
   <div class='ocr_carea' id='block_1_56' title="bbox 2200 2896 3739 2965">
    <p class='ocr_par' dir='ltr' id='par_1_56' title="bbox 2200 2896 3739 2965">
     <span class='ocr_line' id='line_1_56' title="bbox 2200 2896 3739 2965; baseline 0.001 -14"><span class='ocrx_word' id='word_1_391' title='bbox 2200 2897 2318 2951; x_wconf 86' lang='lat' dir='ltr'><strong>ret?</strong></span> <span class='ocrx_word' id='word_1_392' title='bbox 2352 2898 2647 2950; x_wconf 82' lang='lat' dir='ltr'><strong>Adamante</strong></span> <span class='ocrx_word' id='word_1_393' title='bbox 2671 2896 2942 2961; x_wconf 80' lang='lat' dir='ltr'><strong>duriorem</strong></span> <span class='ocrx_word' id='word_1_394' title='bbox 2962 2896 3155 2965; x_wconf 72' lang='lat' dir='ltr'><strong>judicis</strong></span> <span class='ocrx_word' id='word_1_395' title='bbox 3190 2906 3416 2951; x_wconf 81' lang='lat' dir='ltr'><strong>mentem</strong></span> <span class='ocrx_word' id='word_1_396' title='bbox 3442 2900 3590 2953; x_wconf 91' lang='lat' dir='ltr'><strong>nullo</strong></span> <span class='ocrx_word' id='word_1_397' title='bbox 3620 2901 3739 2953; x_wconf 83' lang='lat' dir='ltr'><strong>mu-</strong></span> 
     </span>
    </p>
   </div>
   <div class='ocr_carea' id='block_1_57' title="bbox 2200 2987 3741 3056">
    <p class='ocr_par' dir='ltr' id='par_1_57' title="bbox 2200 2987 3741 3056">
     <span class='ocr_line' id='line_1_57' title="bbox 2200 2987 3741 3056; baseline 0 -14"><span class='ocrx_word' id='word_1_398' title='bbox 2200 3003 2326 3042; x_wconf 89' lang='lat' dir='ltr'><strong>nere</strong></span> <span class='ocrx_word' id='word_1_399' title='bbox 2355 3002 2519 3041; x_wconf 88' lang='lat' dir='ltr'><strong>ausus</strong></span> <span class='ocrx_word' id='word_1_400' title='bbox 2554 2994 2636 3039; x_wconf 89' lang='lat' dir='ltr'><strong>est</strong></span> <span class='ocrx_word' id='word_1_401' title='bbox 2668 2992 2950 3048; x_wconf 87' lang='lat' dir='ltr'><strong>attentare,</strong></span> <span class='ocrx_word' id='word_1_402' title='bbox 2992 3000 3098 3037; x_wconf 86' lang='lat' dir='ltr'><strong>non</strong></span> <span class='ocrx_word' id='word_1_403' title='bbox 3132 2987 3382 3041; x_wconf 87' lang='lat' dir='ltr'><strong>dubitans</strong></span> <span class='ocrx_word' id='word_1_404' title='bbox 3418 3003 3476 3042; x_wconf 90' lang='lat' dir='ltr'><strong>se</strong></span> <span class='ocrx_word' id='word_1_405' title='bbox 3510 3003 3607 3056; x_wconf 88' lang='lat' dir='ltr'><strong>per</strong></span> <span class='ocrx_word' id='word_1_406' title='bbox 3642 2988 3741 3042; x_wconf 89' lang='lat' dir='ltr'><strong>hoc</strong></span> 
     </span>
    </p>
   </div>
   <div class='ocr_carea' id='block_1_58' title="bbox 2199 3075 3741 3147">
    <p class='ocr_par' dir='ltr' id='par_1_58' title="bbox 2199 3075 3741 3147">
     <span class='ocr_line' id='line_1_58' title="bbox 2199 3075 3741 3147; baseline 0.001 -16"><span class='ocrx_word' id='word_1_407' title='bbox 2199 3078 2635 3131; x_wconf 87' lang='lat' dir='ltr'><strong>ardentissimum</strong></span> <span class='ocrx_word' id='word_1_408' title='bbox 2686 3075 2928 3129; x_wconf 82' lang='lat' dir='ltr'><strong>veritatis</strong></span> <span class='ocrx_word' id='word_1_409' title='bbox 2970 3084 3263 3130; x_wconf 86' lang='lat' dir='ltr'><strong>amatorem</strong></span> <span class='ocrx_word' id='word_1_410' title='bbox 3306 3077 3476 3143; x_wconf 84' lang='lat' dir='ltr'><strong>magis</strong></span> <span class='ocrx_word' id='word_1_411' title='bbox 3520 3092 3741 3147; x_wconf 73' lang='lat' dir='ltr'><strong>exaspe-</strong></span> 
     </span>
    </p>
   </div>
   <div class='ocr_carea' id='block_1_59' title="bbox 2184 3158 3742 3238">
    <p class='ocr_par' dir='ltr' id='par_1_59' title="bbox 2184 3158 3742 3238">
     <span class='ocr_line' id='line_1_59' title="bbox 2184 3158 3742 3238; baseline -0.001 -18"><span class='ocrx_word' id='word_1_412' title='bbox 2184 3171 2320 3220; x_wconf 76' lang='lat' dir='ltr'><strong>‘rare</strong></span> <span class='ocrx_word' id='word_1_413' title='bbox 2367 3183 2528 3235; x_wconf 92' lang='lat' dir='ltr'><strong>quam</strong></span> <span class='ocrx_word' id='word_1_414' title='bbox 2576 3167 2804 3235; x_wconf 87' lang='lat' dir='ltr'><strong>placare.</strong></span> <span class='ocrx_word' id='word_1_415' title='bbox 2839 3167 2971 3224; x_wconf 85' lang='lat' dir='ltr'><strong>Data</strong></span> <span class='ocrx_word' id='word_1_416' title='bbox 3005 3158 3423 3238; x_wconf 56' lang='lat' dir='ltr'><strong>igitur’pccunia</strong></span> <span class='ocrx_word' id='word_1_417' title='bbox 3445 3208 3460 3232; x_wconf 95' lang='lat'><strong>,</strong></span> <span class='ocrx_word' id='word_1_418' title='bbox 3488 3168 3742 3235; x_wconf 88' lang='lat' dir='ltr'><strong>oppilavit</strong></span> 
     </span>
    </p>
   </div>
   <div class='ocr_carea' id='block_1_60' title="bbox 548 3244 3743 3326">
    <p class='ocr_par' dir='ltr' id='par_1_60' title="bbox 548 3244 3743 3326">
     <span class='ocr_line' id='line_1_60' title="bbox 548 3244 3743 3326; baseline -0.001 -25"><span class='ocrx_word' id='word_1_419' title='bbox 548 3247 688 3301; x_wconf 87' lang='lat' dir='ltr'><strong>ciam</strong></span> <span class='ocrx_word' id='word_1_420' title='bbox 728 3262 888 3315; x_wconf 89' lang='lat' dir='ltr'><strong>super</strong></span> <span class='ocrx_word' id='word_1_421' title='bbox 933 3244 1376 3315; x_wconf 83' lang='lat' dir='ltr'><strong>epitulationibus</strong></span> <span class='ocrx_word' id='word_1_422' title='bbox 1416 3257 1635 3310; x_wconf 86' lang='lat' dir='ltr'><strong>precum</strong></span> <span class='ocrx_word' id='word_1_423' title='bbox 1674 3244 1912 3311; x_wconf 88' lang='lat' dir='ltr'><strong>illorum,</strong></span> <span class='ocrx_word' id='word_1_424' title='bbox 1948 3247 2101 3309; x_wconf 83' lang='lat' dir='ltr'><strong>ut,si</strong></span> <span class='ocrx_word' id='word_1_425' title='bbox 2128 3262 2169 3315; x_wconf 70' lang='grc' dir='ltr'><strong>ρ</strong></span> <span class='ocrx_word' id='word_1_426' title='bbox 2199 3270 2295 3308; x_wconf 77' lang='lat' dir='ltr'><strong>ora</strong></span> <span class='ocrx_word' id='word_1_427' title='bbox 2324 3263 2434 3307; x_wconf 68' lang='lat' dir='ltr'><strong>tam</strong></span> <span class='ocrx_word' id='word_1_428' title='bbox 2470 3264 2851 3309; x_wconf 51' lang='lat' dir='ltr'><strong>accusatorum’</strong></span> <span class='ocrx_word' id='word_1_429' title='bbox 2870 3274 3031 3326; x_wconf 73' lang='lat' dir='ltr'><strong>quam</strong></span> <span class='ocrx_word' id='word_1_430' title='bbox 3061 3259 3276 3311; x_wconf 52' lang='lat' dir='ltr'><strong>testium</strong></span> <span class='ocrx_word' id='word_1_431' title='bbox 3298 3297 3312 3321; x_wconf 58' lang='lat'>.</span> <span class='ocrx_word' id='word_1_432' title='bbox 3343 3266 3395 3309; x_wconf 70' lang='grc' dir='ltr'>ει</span> <span class='ocrx_word' id='word_1_433' title='bbox 3422 3262 3743 3324; x_wconf 63' lang='lat' dir='ltr'><strong>Coopcrante</strong></span> 
     </span>
    </p>
   </div>
   <div class='ocr_carea' id='block_1_61' title="bbox 550 3331 2099 3404">
    <p class='ocr_par' dir='ltr' id='par_1_61' title="bbox 550 3331 2099 3404">
     <span class='ocr_line' id='line_1_61' title="bbox 550 3331 2099 3404; baseline -0.001 -17"><span class='ocrx_word' id='word_1_434' title='bbox 550 3335 764 3404; x_wconf 85' lang='lat' dir='ltr'><strong>quando</strong></span> <span class='ocrx_word' id='word_1_435' title='bbox 792 3350 900 3389; x_wconf 92' lang='lat' dir='ltr'><strong>non</strong></span> <span class='ocrx_word' id='word_1_436' title='bbox 927 3334 1247 3387; x_wconf 88' lang='lat' dir='ltr'><strong>liberaretur</strong></span> <span class='ocrx_word' id='word_1_437' title='bbox 1289 3332 1358 3384; x_wconf 90' lang='lat' dir='ltr'><strong>ab</strong></span> <span class='ocrx_word' id='word_1_438' title='bbox 1391 3331 1822 3397; x_wconf 82' lang='lat' dir='ltr'><strong>adversitatibus,</strong></span> <span class='ocrx_word' id='word_1_439' title='bbox 1860 3334 2099 3387; x_wconf 85' lang='lat' dir='ltr'><strong>cer-tissi—</strong></span> 
     </span>
    </p>
   </div>
   <div class='ocr_carea' id='block_1_62' title="bbox 551 3412 2100 3491">
    <p class='ocr_par' dir='ltr' id='par_1_62' title="bbox 551 3412 2100 3491">
     <span class='ocr_line' id='line_1_62' title="bbox 551 3412 2100 3491; baseline 0 -16"><span class='ocrx_word' id='word_1_440' title='bbox 551 3438 698 3476; x_wconf 88' lang='lat' dir='ltr'><strong>mum</strong></span> <span class='ocrx_word' id='word_1_441' title='bbox 723 3422 774 3477; x_wconf 89' lang='lat' dir='ltr'><strong>ei</strong></span> <span class='ocrx_word' id='word_1_442' title='bbox 796 3423 1006 3491; x_wconf 88' lang='lat' dir='ltr'><strong>signum</strong></span> <span class='ocrx_word' id='word_1_443' title='bbox 1031 3420 1197 3485; x_wconf 84' lang='lat' dir='ltr'><strong>fieret,</strong></span> <span class='ocrx_word' id='word_1_444' title='bbox 1217 3420 1444 3488; x_wconf 89' lang='lat' dir='ltr'><strong>alicujus</strong></span> <span class='ocrx_word' id='word_1_445' title='bbox 1460 3419 1643 3477; x_wconf 86' lang='lat' dir='ltr'><strong>delicti</strong></span> <span class='ocrx_word' id='word_1_446' title='bbox 1663 3412 2100 3488; x_wconf 78' lang='lat' dir='ltr'><strong>impedimentum</strong></span> 
     </span>
    </p>
   </div>
   <div class='ocr_carea' id='block_1_63' title="bbox 550 3508 2100 3579">
    <p class='ocr_par' dir='ltr' id='par_1_63' title="bbox 550 3508 2100 3579">
     <span class='ocr_line' id='line_1_63' title="bbox 550 3508 2100 3579; baseline 0.001 -16"><span class='ocrx_word' id='word_1_447' title='bbox 550 3525 669 3566; x_wconf 88' lang='lat' dir='ltr'><strong>esse</strong></span> <span class='ocrx_word' id='word_1_448' title='bbox 695 3518 832 3564; x_wconf 87' lang='lat' dir='ltr'><strong>mter</strong></span> <span class='ocrx_word' id='word_1_449' title='bbox 855 3526 949 3564; x_wconf 90' lang='lat' dir='ltr'><strong>eos</strong></span> <span class='ocrx_word' id='word_1_450' title='bbox 991 3529 1005 3563; x_wconf 88' lang='lat'><strong>:</strong></span> <span class='ocrx_word' id='word_1_451' title='bbox 1043 3525 1151 3579; x_wconf 90' lang='lat' dir='ltr'><strong>quo</strong></span> <span class='ocrx_word' id='word_1_452' title='bbox 1196 3508 1444 3578; x_wconf 89' lang='lat' dir='ltr'><strong>prasenti</strong></span> <span class='ocrx_word' id='word_1_453' title='bbox 1485 3508 1655 3576; x_wconf 90' lang='lat' dir='ltr'><strong>ipsius</strong></span> <span class='ocrx_word' id='word_1_454' title='bbox 1700 3512 2100 3565; x_wconf 78' lang='lat' dir='ltr'><strong>examinatione</strong></span> 
     </span>
    </p>
   </div>
   <div class='ocr_carea' id='block_1_64' title="bbox 540 3596 2099 3664">
    <p class='ocr_par' dir='ltr' id='par_1_64' title="bbox 540 3596 2099 3664">
     <span class='ocr_line' id='line_1_64' title="bbox 540 3596 2099 3664; baseline -0.001 -11"><span class='ocrx_word' id='word_1_455' title='bbox 540 3608 810 3663; x_wconf 77' lang='lat' dir='ltr'><strong>correcta,</strong></span> <span class='ocrx_word' id='word_1_456' title='bbox 840 3599 996 3652; x_wconf 89' lang='lat' dir='ltr'><strong>solito</strong></span> <span class='ocrx_word' id='word_1_457' title='bbox 1023 3610 1184 3653; x_wconf 90' lang='lat' dir='ltr'><strong>cursu</strong></span> <span class='ocrx_word' id='word_1_458' title='bbox 1212 3596 1580 3651; x_wconf 84' lang='lat' dir='ltr'><strong>liberationem</strong></span> <span class='ocrx_word' id='word_1_459' title='bbox 1604 3598 1722 3664; x_wconf 84' lang='lat' dir='ltr'><strong>ejus</strong></span> <span class='ocrx_word' id='word_1_460' title='bbox 1748 3598 2099 3651; x_wconf 85' lang='lat' dir='ltr'><strong>aceeleratam</strong></span> 
     </span>
    </p>
   </div>
   <div class='ocr_carea' id='block_1_65' title="bbox 552 3683 2101 3755">
    <p class='ocr_par' dir='ltr' id='par_1_65' title="bbox 552 3683 2101 3755">
     <span class='ocr_line' id='line_1_65' title="bbox 552 3683 2101 3755; baseline 0.001 -17"><span class='ocrx_word' id='word_1_461' title='bbox 552 3686 756 3740; x_wconf 84' lang='lat' dir='ltr'><strong>ferebat</strong></span> <span class='ocrx_word' id='word_1_462' title='bbox 786 3688 961 3740; x_wconf 88' lang='lat' dir='ltr'><strong>oratio</strong></span> <span class='ocrx_word' id='word_1_463' title='bbox 988 3686 1131 3755; x_wconf 82' lang='lat' dir='ltr'><strong>(Gal.</strong></span> <span class='ocrx_word' id='word_1_464' title='bbox 1172 3687 1269 3752; x_wconf 79' lang='lat' dir='ltr'><strong>vi).</strong></span> <span class='ocrx_word' id='word_1_465' title='bbox 1308 3684 1504 3736; x_wconf 85' lang='lat' dir='ltr'><strong>Beatus</strong></span> <span class='ocrx_word' id='word_1_466' title='bbox 1536 3684 1694 3750; x_wconf 89' lang='lat' dir='ltr'><strong>plane</strong></span> <span class='ocrx_word' id='word_1_467' title='bbox 1719 3683 1909 3750; x_wconf 85' lang='lat' dir='ltr'><strong>Pater,</strong></span> <span class='ocrx_word' id='word_1_468' title='bbox 1958 3686 2101 3740; x_wconf 85' lang='lat' dir='ltr'><strong>beati</strong></span> 
     </span>
    </p>
   </div>
   <div class='ocr_carea' id='block_1_66' title="bbox 552 3770 2103 3842">
    <p class='ocr_par' dir='ltr' id='par_1_66' title="bbox 552 3770 2103 3842">
     <span class='ocr_line' id='line_1_66' title="bbox 552 3770 2103 3842; baseline -0.001 -15"><span class='ocrx_word' id='word_1_469' title='bbox 552 3774 646 3828; x_wconf 76' lang='lat' dir='ltr'><strong>ﬁlii</strong></span> <span class='ocrx_word' id='word_1_470' title='bbox 666 3814 680 3838; x_wconf 94' lang='lat'><strong>,</strong></span> <span class='ocrx_word' id='word_1_471' title='bbox 707 3788 844 3842; x_wconf 90' lang='lat' dir='ltr'><strong>quos</strong></span> <span class='ocrx_word' id='word_1_472' title='bbox 871 3774 1009 3826; x_wconf 90' lang='lat' dir='ltr'><strong>inter</strong></span> <span class='ocrx_word' id='word_1_473' title='bbox 1037 3772 1338 3841; x_wconf 84' lang='lat' dir='ltr'><strong>ignorantia</strong></span> <span class='ocrx_word' id='word_1_474' title='bbox 1367 3779 1420 3823; x_wconf 92' lang='lat' dir='ltr'><strong>et</strong></span> <span class='ocrx_word' id='word_1_475' title='bbox 1448 3770 1740 3837; x_wconf 87' lang='lat' dir='ltr'><strong>impunitas</strong></span> <span class='ocrx_word' id='word_1_476' title='bbox 1776 3773 1945 3841; x_wconf 82' lang='lat' dir='ltr'><strong>culpa</strong></span> <span class='ocrx_word' id='word_1_477' title='bbox 1985 3790 2103 3827; x_wconf 89' lang='lat' dir='ltr'><strong>mo-</strong></span> 
     </span>
    </p>
   </div>
   <div class='ocr_carea' id='block_1_67' title="bbox 466 3858 2103 3939">
    <p class='ocr_par' dir='ltr' id='par_1_67' title="bbox 466 3858 2103 3939">
     <span class='ocr_line' id='line_1_67' title="bbox 466 3858 2103 3939; baseline 0 -22"><span class='ocrx_word' id='word_1_478' title='bbox 466 3928 469 3931; x_wconf 25' lang='lat'><strong>,</strong></span> <span class='ocrx_word' id='word_1_479' title='bbox 552 3878 670 3918; x_wconf 82' lang='lat' dir='ltr'><strong>rum</strong></span> <span class='ocrx_word' id='word_1_480' title='bbox 693 3858 1003 3939; x_wconf 58' lang='lat' dir='ltr'><strong>nonfpotuit</strong></span> <span class='ocrx_word' id='word_1_481' title='bbox 1028 3861 1253 3924; x_wconf 87' lang='lat' dir='ltr'><strong>habere,</strong></span> <span class='ocrx_word' id='word_1_482' title='bbox 1291 3860 1403 3924; x_wconf 83' lang='lat' dir='ltr'><strong>sed,</strong></span> <span class='ocrx_word' id='word_1_483' title='bbox 1435 3859 1676 3927; x_wconf 81' lang='lat' dir='ltr'><strong>exemplo</strong></span> <span class='ocrx_word' id='word_1_484' title='bbox 1706 3861 1919 3927; x_wconf 87' lang='lat' dir='ltr'><strong>quidem</strong></span> <span class='ocrx_word' id='word_1_485' title='bbox 1940 3862 2103 3918; x_wconf 84' lang='lat' dir='ltr'><strong>Josue</strong></span> 
     </span>
    </p>
   </div>
   <div class='ocr_carea' id='block_1_68' title="bbox 553 3947 2102 4019">
    <p class='ocr_par' dir='ltr' id='par_1_68' title="bbox 553 3947 2102 4019">
     <span class='ocr_line' id='line_1_68' title="bbox 553 3947 2102 4019; baseline 0.001 -15"><span class='ocrx_word' id='word_1_486' title='bbox 553 3952 783 4019; x_wconf 89' lang='lat' dir='ltr'><strong>prodita,</strong></span> <span class='ocrx_word' id='word_1_487' title='bbox 808 3950 861 4003; x_wconf 91' lang='lat' dir='ltr'><strong>in</strong></span> <span class='ocrx_word' id='word_1_488' title='bbox 882 3949 1077 4017; x_wconf 88' lang='lat' dir='ltr'><strong>spiritu</strong></span> <span class='ocrx_word' id='word_1_489' title='bbox 1098 3947 1353 4010; x_wconf 86' lang='lat' dir='ltr'><strong>lenitatis,</strong></span> <span class='ocrx_word' id='word_1_490' title='bbox 1377 3947 1671 4001; x_wconf 86' lang='lat' dir='ltr'><strong>secundum</strong></span> <span class='ocrx_word' id='word_1_491' title='bbox 1697 3948 1940 4016; x_wconf 85' lang='lat' dir='ltr'><strong>Apostoli</strong></span> <span class='ocrx_word' id='word_1_492' title='bbox 1966 3967 2102 4019; x_wconf 84' lang='lat' dir='ltr'><strong>pra-</strong></span> 
     </span>
    </p>
   </div>
   <div class='ocr_carea' id='block_1_69' title="bbox 555 4035 2101 4108">
    <p class='ocr_par' dir='ltr' id='par_1_69' title="bbox 555 4035 2101 4108">
     <span class='ocr_line' id='line_1_69' title="bbox 555 4035 2101 4108; baseline 0 -15"><span class='ocrx_word' id='word_1_493' title='bbox 555 4049 786 4108; x_wconf 88' lang='lat' dir='ltr'><strong>ceptum,</strong></span> <span class='ocrx_word' id='word_1_494' title='bbox 808 4038 1067 4106; x_wconf 84' lang='lat' dir='ltr'><strong>castigata</strong></span> <span class='ocrx_word' id='word_1_495' title='bbox 1094 4044 1177 4090; x_wconf 89' lang='lat' dir='ltr'><strong>est</strong></span> <span class='ocrx_word' id='word_1_496' title='bbox 1205 4038 1218 4089; x_wconf 80' lang='lat' dir='ltr'><strong>l</strong></span> <span class='ocrx_word' id='word_1_497' title='bbox 1246 4035 1303 4089; x_wconf 89' lang='lat' dir='ltr'><strong>Si</strong></span> <span class='ocrx_word' id='word_1_498' title='bbox 1324 4037 1418 4105; x_wconf 91' lang='lat' dir='ltr'><strong>qui</strong></span> <span class='ocrx_word' id='word_1_499' title='bbox 1438 4045 1637 4102; x_wconf 87' lang='lat' dir='ltr'><strong>tamen,</strong></span> <span class='ocrx_word' id='word_1_500' title='bbox 1661 4038 1948 4106; x_wconf 86' lang='lat' dir='ltr'><strong>cujuslibet</strong></span> <span class='ocrx_word' id='word_1_501' title='bbox 1974 4056 2101 4107; x_wconf 91' lang='lat' dir='ltr'><strong>pro-</strong></span> 
     </span>
    </p>
   </div>
   <div class='ocr_carea' id='block_1_70' title="bbox 468 4119 2103 4201">
    <p class='ocr_par' dir='ltr' id='par_1_70' title="bbox 468 4119 2103 4201">
     <span class='ocr_line' id='line_1_70' title="bbox 468 4119 2103 4201; baseline 0.001 -20"><span class='ocrx_word' id='word_1_502' title='bbox 468 4200 471 4201; x_wconf 3' lang='lat'><strong>,</strong></span> <span class='ocrx_word' id='word_1_503' title='bbox 554 4127 805 4183; x_wconf 86' lang='lat' dir='ltr'><strong>fessionis</strong></span> <span class='ocrx_word' id='word_1_504' title='bbox 828 4124 1045 4191; x_wconf 83' lang='lat' dir='ltr'><strong>fuerint,</strong></span> <span class='ocrx_word' id='word_1_505' title='bbox 1065 4125 1297 4193; x_wconf 85' lang='lat' dir='ltr'><strong>majores</strong></span> <span class='ocrx_word' id='word_1_506' title='bbox 1330 4127 1549 4193; x_wconf 77' lang='lat' dir='ltr'><strong>culpas,</strong></span> <span class='ocrx_word' id='word_1_507' title='bbox 1572 4134 1625 4179; x_wconf 90' lang='lat' dir='ltr'><strong>et</strong></span> <span class='ocrx_word' id='word_1_508' title='bbox 1653 4119 1885 4181; x_wconf 74' lang='lat' dir='ltr'><strong>maxime</strong></span> <span class='ocrx_word' id='word_1_509' title='bbox 1914 4130 1979 4182; x_wconf 90' lang='lat' dir='ltr'><strong>ad</strong></span> <span class='ocrx_word' id='word_1_510' title='bbox 2003 4131 2103 4183; x_wconf 88' lang='lat' dir='ltr'><strong>im-</strong></span> 
     </span>
    </p>
   </div>
   <div class='ocr_carea' id='block_1_71' title="bbox 554 4214 2103 4282">
    <p class='ocr_par' dir='ltr' id='par_1_71' title="bbox 554 4214 2103 4282">
     <span class='ocr_line' id='line_1_71' title="bbox 554 4214 2103 4282; baseline 0 -12"><span class='ocrx_word' id='word_1_511' title='bbox 554 4215 874 4270; x_wconf 75' lang='lat' dir='ltr'><strong>munditiam</strong></span> <span class='ocrx_word' id='word_1_512' title='bbox 889 4214 974 4267; x_wconf 84' lang='lat' dir='ltr'><strong>vel</strong></span> <span class='ocrx_word' id='word_1_513' title='bbox 994 4214 1331 4281; x_wconf 87' lang='lat' dir='ltr'><strong>sacrilegium</strong></span> <span class='ocrx_word' id='word_1_514' title='bbox 1354 4215 1699 4282; x_wconf 86' lang='lat' dir='ltr'><strong>pertinentes,</strong></span> <span class='ocrx_word' id='word_1_515' title='bbox 1723 4216 1862 4282; x_wconf 86' lang='lat' dir='ltr'><strong>apud</strong></span> <span class='ocrx_word' id='word_1_516' title='bbox 1886 4215 1940 4269; x_wconf 93' lang='grc'><strong>8.</strong></span> <span class='ocrx_word' id='word_1_517' title='bbox 1965 4216 2103 4270; x_wconf 92' lang='lat' dir='ltr'><strong>Pau-</strong></span> 
     </span>
    </p>
   </div>
   <div class='ocr_carea' id='block_1_72' title="bbox 556 4303 2103 4373">
    <p class='ocr_par' dir='ltr' id='par_1_72' title="bbox 556 4303 2103 4373">
     <span class='ocr_line' id='line_1_72' title="bbox 556 4303 2103 4373; baseline 0.003 -18"><span class='ocrx_word' id='word_1_518' title='bbox 556 4305 666 4356; x_wconf 88' lang='lat' dir='ltr'><strong>lum</strong></span> <span class='ocrx_word' id='word_1_519' title='bbox 691 4303 1023 4355; x_wconf 88' lang='lat' dir='ltr'><strong>committere</strong></span> <span class='ocrx_word' id='word_1_520' title='bbox 1055 4311 1533 4371; x_wconf 85' lang='lat' dir='ltr'><strong>prasumpserunt,</strong></span> <span class='ocrx_word' id='word_1_521' title='bbox 1566 4318 1691 4356; x_wconf 78' lang='lat' dir='ltr'><strong>mox</strong></span> <span class='ocrx_word' id='word_1_522' title='bbox 1733 4304 1787 4356; x_wconf 90' lang='lat' dir='ltr'><strong>in</strong></span> <span class='ocrx_word' id='word_1_523' title='bbox 1834 4305 2103 4373; x_wconf 81' lang='lat' dir='ltr'><strong>Apostoli-</strong></span> 
     </span>
    </p>
   </div>
   <div class='ocr_carea' id='block_1_73' title="bbox 556 4390 2101 4462">
    <p class='ocr_par' dir='ltr' id='par_1_73' title="bbox 556 4390 2101 4462">
     <span class='ocr_line' id='line_1_73' title="bbox 556 4390 2101 4462; baseline 0.004 -20"><span class='ocrx_word' id='word_1_524' title='bbox 556 4404 635 4442; x_wconf 83' lang='lat' dir='ltr'><strong>ea</strong></span> <span class='ocrx_word' id='word_1_525' title='bbox 674 4390 983 4455; x_wconf 85' lang='lat' dir='ltr'><strong>reverentia</strong></span> <span class='ocrx_word' id='word_1_526' title='bbox 1011 4390 1312 4458; x_wconf 90' lang='lat' dir='ltr'><strong>(honorem)</strong></span> <span class='ocrx_word' id='word_1_527' title='bbox 1350 4393 1421 4444; x_wconf 89' lang='lat' dir='ltr'><strong>ab</strong></span> <span class='ocrx_word' id='word_1_528' title='bbox 1458 4392 1874 4459; x_wconf 12' lang='lat' dir='ltr'><strong>e‘xterminatore</strong></span> <span class='ocrx_word' id='word_1_529' title='bbox 1924 4396 2101 4462; x_wconf 84' lang='lat' dir='ltr'><strong>perie-</strong></span> 
     </span>
    </p>
   </div>
   <div class='ocr_carea' id='block_1_74' title="bbox 558 4475 2097 4549">
    <p class='ocr_par' dir='ltr' id='par_1_74' title="bbox 558 4475 2097 4549">
     <span class='ocr_line' id='line_1_74' title="bbox 558 4475 2097 4549; baseline 0.005 -20"><span class='ocrx_word' id='word_1_530' title='bbox 558 4484 702 4529; x_wconf 72' lang='lat' dir='ltr'><strong>runt.</strong></span> <span class='ocrx_word' id='word_1_531' title='bbox 758 4475 908 4527; x_wconf 89' lang='lat' dir='ltr'><strong>Sicut</strong></span> <span class='ocrx_word' id='word_1_532' title='bbox 949 4476 1115 4539; x_wconf 84' lang='lat' dir='ltr'><strong>enim,</strong></span> <span class='ocrx_word' id='word_1_533' title='bbox 1152 4476 1228 4542; x_wconf 84' lang='lat'>(9)</span> <span class='ocrx_word' id='word_1_534' title='bbox 1262 4477 1421 4542; x_wconf 89' lang='lat' dir='ltr'><strong>primi</strong></span> <span class='ocrx_word' id='word_1_535' title='bbox 1464 4478 1705 4545; x_wconf 84' lang='lat' dir='ltr'><strong>Gregorii</strong></span> <span class='ocrx_word' id='word_1_536' title='bbox 1752 4488 2009 4549; x_wconf 86' lang='lat' dir='ltr'><strong>tempore,</strong></span> <span class='ocrx_word' id='word_1_537' title='bbox 2038 4484 2097 4537; x_wconf 86' lang='grc' dir='ltr'>Β.</span> 
     </span>
    </p>
   </div>
   <div class='ocr_carea' id='block_1_75' title="bbox 560 4562 2106 4631">
    <p class='ocr_par' dir='ltr' id='par_1_75' title="bbox 560 4562 2106 4631">
     <span class='ocr_line' id='line_1_75' title="bbox 560 4562 2106 4631; baseline 0.006 -17"><span class='ocrx_word' id='word_1_538' title='bbox 560 4563 798 4616; x_wconf 75' lang='lat' dir='ltr'><strong>Andreas</strong></span> <span class='ocrx_word' id='word_1_539' title='bbox 810 4562 1096 4629; x_wconf 79' lang='lat' dir='ltr'><strong>ApostOlus</strong></span> <span class='ocrx_word' id='word_1_540' title='bbox 1106 4563 1249 4615; x_wconf 87' lang='lat' dir='ltr'><strong>ultor</strong></span> <span class='ocrx_word' id='word_1_541' title='bbox 1264 4563 1531 4616; x_wconf 82' lang='lat' dir='ltr'><strong>exstitisse</strong></span> <span class='ocrx_word' id='word_1_542' title='bbox 1547 4565 1737 4631; x_wconf 88' lang='lat' dir='ltr'><strong>legitur</strong></span> <span class='ocrx_word' id='word_1_543' title='bbox 1752 4570 1836 4619; x_wconf 90' lang='lat' dir='ltr'><strong>sui</strong></span> <span class='ocrx_word' id='word_1_544' title='bbox 1851 4562 2106 4625; x_wconf 78' lang='lat' dir='ltr'><strong>sanctua-</strong></span> 
     </span>
    </p>
   </div>
   <div class='ocr_carea' id='block_1_76' title="bbox 560 4649 2106 4726">
    <p class='ocr_par' dir='ltr' id='par_1_76' title="bbox 560 4649 2106 4726">
     <span class='ocr_line' id='line_1_76' title="bbox 560 4649 2106 4726; baseline 0.007 -26"><span class='ocrx_word' id='word_1_545' title='bbox 560 4650 658 4714; x_wconf 85' lang='lat' dir='ltr'><strong>rii;</strong></span> <span class='ocrx_word' id='word_1_546' title='bbox 692 4652 764 4703; x_wconf 86' lang='lat' dir='ltr'><strong>ita</strong></span> <span class='ocrx_word' id='word_1_547' title='bbox 788 4658 843 4704; x_wconf 90' lang='lat' dir='ltr'><strong>et</strong></span> <span class='ocrx_word' id='word_1_548' title='bbox 865 4650 918 4702; x_wconf 90' lang='lat' dir='ltr'><strong>in</strong></span> <span class='ocrx_word' id='word_1_549' title='bbox 947 4650 1136 4703; x_wconf 88' lang='lat' dir='ltr'><strong>diebus</strong></span> <span class='ocrx_word' id='word_1_550' title='bbox 1157 4649 1486 4703; x_wconf 83' lang='lat' dir='ltr'><strong>lliltebrandi</strong></span> <span class='ocrx_word' id='word_1_551' title='bbox 1527 4652 1872 4722; x_wconf 89' lang='lat' dir='ltr'><strong>ejusdemque</strong></span> <span class='ocrx_word' id='word_1_552' title='bbox 1905 4656 2106 4726; x_wconf 81' lang='lat' dir='ltr'><strong>Grego-</strong></span> 
     </span>
    </p>
   </div>
   <div class='ocr_carea' id='block_1_77' title="bbox 563 4725 2104 4805">
    <p class='ocr_par' dir='ltr' id='par_1_77' title="bbox 563 4725 2104 4805">
     <span class='ocr_line' id='line_1_77' title="bbox 563 4725 2104 4805; baseline 0.007 -16"><span class='ocrx_word' id='word_1_553' title='bbox 563 4738 627 4791; x_wconf 91' lang='lat' dir='ltr'><strong>rii</strong></span> <span class='ocrx_word' id='word_1_554' title='bbox 644 4738 749 4789; x_wconf 78' lang='lat' dir='ltr'><strong>Vll.</strong></span> <span class='ocrx_word' id='word_1_555' title='bbox 770 4725 1044 4790; x_wconf 68' lang='lat' dir='ltr'><strong>B.Paulus</strong></span> <span class='ocrx_word' id='word_1_556' title='bbox 1058 4737 1348 4805; x_wconf 81' lang='lat' dir='ltr'><strong>Apostolus</strong></span> <span class='ocrx_word' id='word_1_557' title='bbox 1373 4739 1568 4791; x_wconf 83' lang='lat' dir='ltr'><strong>vindex</strong></span> <span class='ocrx_word' id='word_1_558' title='bbox 1580 4740 1771 4794; x_wconf 89' lang='lat' dir='ltr'><strong>enituit</strong></span> <span class='ocrx_word' id='word_1_559' title='bbox 1796 4744 1879 4796; x_wconf 91' lang='lat' dir='ltr'><strong>sui</strong></span> <span class='ocrx_word' id='word_1_560' title='bbox 1895 4725 2104 4800; x_wconf 82' lang='lat' dir='ltr'><strong>sanctiti</strong></span> 
     </span>
    </p>
   </div>
   <div class='ocr_carea' id='block_1_78' title="bbox 561 4826 2107 4903">
    <p class='ocr_par' dir='ltr' id='par_1_78' title="bbox 561 4826 2107 4903">
     <span class='ocr_line' id='line_1_78' title="bbox 561 4826 2107 4903; baseline 0.008 -27"><span class='ocrx_word' id='word_1_561' title='bbox 561 4826 651 4891; x_wconf 74' lang='lat' dir='ltr'><strong>cii,</strong></span> <span class='ocrx_word' id='word_1_562' title='bbox 681 4834 906 4893; x_wconf 89' lang='lat' dir='ltr'><strong>utroque</strong></span> <span class='ocrx_word' id='word_1_563' title='bbox 926 4826 1129 4879; x_wconf 90' lang='lat' dir='ltr'><strong>scilicet</strong></span> <span class='ocrx_word' id='word_1_564' title='bbox 1151 4827 1407 4895; x_wconf 80' lang='lat' dir='ltr'><strong>Apostolo</strong></span> <span class='ocrx_word' id='word_1_565' title='bbox 1440 4838 1761 4896; x_wconf 90' lang='lat' dir='ltr'><strong>cooperante</strong></span> <span class='ocrx_word' id='word_1_566' title='bbox 1788 4846 1887 4885; x_wconf 90' lang='lat' dir='ltr'><strong>suo</strong></span> <span class='ocrx_word' id='word_1_567' title='bbox 1917 4848 2107 4903; x_wconf 90' lang='lat' dir='ltr'><strong>opera-</strong></span> 
     </span>
    </p>
   </div>
   <div class='ocr_carea' id='block_1_79' title="bbox 565 4928 668 4967">
    <p class='ocr_par' dir='ltr' id='par_1_79' title="bbox 565 4928 668 4967">
     <span class='ocr_line' id='line_1_79' title="bbox 565 4928 668 4967; baseline 0 -2"><span class='ocrx_word' id='word_1_568' title='bbox 565 4928 668 4967; x_wconf 77' lang='grc'>1⁵10.</span> 
     </span>
    </p>
   </div>
   <div class='ocr_carea' id='block_1_80' title="bbox 633 5092 2105 5163">
    <p class='ocr_par' dir='ltr' id='par_1_80' title="bbox 633 5092 2105 5163">
     <span class='ocr_line' id='line_1_80' title="bbox 633 5092 2105 5163; baseline 0.014 -20"><span class='ocrx_word' id='word_1_569' title='bbox 633 5092 707 5163; x_wconf 77' lang='grc'><strong>(7)</strong></span> <span class='ocrx_word' id='word_1_570' title='bbox 732 5093 991 5148; x_wconf 76' lang='lat' dir='ltr'><strong>Damasus</strong></span> <span class='ocrx_word' id='word_1_571' title='bbox 1037 5095 1115 5149; x_wconf 83' lang='lat' dir='ltr'><strong>II.</strong></span> <span class='ocrx_word' id='word_1_572' title='bbox 1162 5107 1373 5153; x_wconf 88' lang='lat' dir='ltr'><strong>creatus</strong></span> <span class='ocrx_word' id='word_1_573' title='bbox 1416 5108 1498 5155; x_wconf 88' lang='lat' dir='ltr'><strong>est</strong></span> <span class='ocrx_word' id='word_1_574' title='bbox 1538 5101 1624 5156; x_wconf 90' lang='lat' dir='ltr'><strong>die</strong></span> <span class='ocrx_word' id='word_1_575' title='bbox 1670 5103 1753 5156; x_wconf 87' lang='grc'><strong>17.</strong></span> <span class='ocrx_word' id='word_1_576' title='bbox 1799 5103 1925 5158; x_wconf 72' lang='lat' dir='ltr'><strong>Julii</strong></span> <span class='ocrx_word' id='word_1_577' title='bbox 1961 5121 2105 5163; x_wconf 87' lang='lat' dir='ltr'><strong>anno</strong></span> 
     </span>
    </p>
   </div>
   <div class='ocr_carea' id='block_1_81' title="bbox 558 5155 2106 5241">
    <p class='ocr_par' dir='ltr' id='par_1_81' title="bbox 558 5155 2106 5241">
     <span class='ocr_line' id='line_1_81' title="bbox 558 5155 2106 5241; baseline 0.015 -32"><span class='ocrx_word' id='word_1_578' title='bbox 776 5170 848 5225; x_wconf 92' lang='lat' dir='ltr'><strong>et,</strong></span> <span class='ocrx_word' id='word_1_579' title='bbox 895 5178 1016 5215; x_wconf 90' lang='lat' dir='ltr'><strong>cum</strong></span> <span class='ocrx_word' id='word_1_580' title='bbox 1047 5165 1273 5220; x_wconf 90' lang='lat' dir='ltr'><strong>sedisset</strong></span> <span class='ocrx_word' id='word_1_581' title='bbox 1311 5167 1425 5223; x_wconf 90' lang='lat' dir='ltr'><strong>dies</strong></span> <span class='ocrx_word' id='word_1_582' title='bbox 1470 5169 1558 5222; x_wconf 74' lang='grc'><strong>25.</strong></span> <span class='ocrx_word' id='word_1_583' title='bbox 1583 5155 2106 5241; x_wconf 45' lang='lat' dir='ltr'><strong>extinctus—cstw</strong></span> 
     </span>
    </p>
   </div>
   <div class='ocr_carea' id='block_1_82' title="bbox 567 5226 1073 5289">
    <p class='ocr_par' dir='ltr' id='par_1_82' title="bbox 567 5226 1073 5289">
     <span class='ocr_line' id='line_1_82' title="bbox 567 5226 1073 5289; baseline 0.01 -12"><span class='ocrx_word' id='word_1_584' title='bbox 567 5226 819 5289; x_wconf 80' lang='lat' dir='ltr'><strong>creditur,</strong></span> <span class='ocrx_word' id='word_1_585' title='bbox 849 5244 1073 5283; x_wconf 85' lang='lat' dir='ltr'><strong>veneno.</strong></span> 
     </span>
    </p>
   </div>
   <div class='ocr_carea' id='block_1_83' title="bbox 637 5290 2103 5377">
    <p class='ocr_par' dir='ltr' id='par_1_83' title="bbox 637 5290 2103 5377">
     <span class='ocr_line' id='line_1_83' title="bbox 637 5290 2103 5377; baseline 0.018 -36"><span class='ocrx_word' id='word_1_586' title='bbox 945 5294 1000 5347; x_wconf 91' lang='lat' dir='ltr'><strong>S.</strong></span> <span class='ocrx_word' id='word_1_587' title='bbox 1026 5297 1211 5377; x_wconf 53' lang='lat' dir='ltr'><strong>Leonis</strong></span> <span class='ocrx_word' id='word_1_588' title='bbox 1227 5300 1335 5377; x_wconf 91' lang='lat'><strong>.</strong></span> <span class='ocrx_word' id='word_1_589' title='bbox 1360 5303 1602 5363; x_wconf 88' lang='lat' dir='ltr'><strong>dedimus</strong></span> <span class='ocrx_word' id='word_1_590' title='bbox 1628 5309 1710 5362; x_wconf 91' lang='grc'><strong>19.</strong></span> <span class='ocrx_word' id='word_1_591' title='bbox 1734 5310 1965 5377; x_wconf 78' lang='lat' dir='ltr'><strong>Aprilis.</strong></span> <span class='ocrx_word' id='word_1_592' title='bbox 1994 5312 2103 5368; x_wconf 82' lang='lat' dir='ltr'><strong>An-</strong></span> 
     </span>
    </p>
   </div>
   <div class='ocr_carea' id='block_1_84' title="bbox 568 5366 1343 5419">
    <p class='ocr_par' dir='ltr' id='par_1_84' title="bbox 568 5366 1343 5419">
     <span class='ocr_line' id='line_1_84' title="bbox 568 5366 1343 5419; baseline 0.009 -7"><span class='ocrx_word' id='word_1_593' title='bbox 568 5372 672 5412; x_wconf 81' lang='lat' dir='ltr'><strong>nus</strong></span> <span class='ocrx_word' id='word_1_594' title='bbox 692 5367 870 5414; x_wconf 82' lang='lat' dir='ltr'><strong>autem</strong></span> <span class='ocrx_word' id='word_1_595' title='bbox 902 5369 1029 5416; x_wconf 91' lang='lat' dir='ltr'><strong>tunc</strong></span> <span class='ocrx_word' id='word_1_596' title='bbox 1053 5374 1169 5417; x_wconf 88' lang='lat' dir='ltr'><strong>erat</strong></span> <span class='ocrx_word' id='word_1_597' title='bbox 1192 5366 1343 5419; x_wconf 72' lang='grc'>1084.</span> 
     </span>
    </p>
   </div>
   <div class='ocr_carea' id='block_1_85' title="bbox 638 5425 2113 5505">
    <p class='ocr_par' dir='ltr' id='par_1_85' title="bbox 638 5425 2113 5505">
     <span class='ocr_line' id='line_1_85' title="bbox 638 5425 2113 5505; baseline 0.018 -29"><span class='ocrx_word' id='word_1_598' title='bbox 638 5425 866 5505; x_wconf 51' lang='lat' dir='ltr'><strong>(9)&quot;erc</strong></span> <span class='ocrx_word' id='word_1_599' title='bbox 887 5429 1149 5505; x_wconf 84' lang='lat' dir='ltr'><strong>habentur</strong></span> <span class='ocrx_word' id='word_1_600' title='bbox 1179 5432 1231 5485; x_wconf 90' lang='lat' dir='ltr'><strong>in</strong></span> <span class='ocrx_word' id='word_1_601' title='bbox 1259 5433 1468 5505; x_wconf 82' lang='lat' dir='ltr'><strong>Vita_S.</strong></span> <span class='ocrx_word' id='word_1_602' title='bbox 1504 5437 1757 5505; x_wconf 78' lang='lat' dir='ltr'><strong>Gregorii,</strong></span> <span class='ocrx_word' id='word_1_603' title='bbox 1782 5459 1813 5495; x_wconf 91' lang='lat' dir='ltr'><strong>a</strong></span> <span class='ocrx_word' id='word_1_604' title='bbox 1836 5447 1989 5501; x_wconf 88' lang='lat' dir='ltr'><strong>nobis</strong></span> <span class='ocrx_word' id='word_1_605' title='bbox 2013 5450 2113 5502; x_wconf 53' lang='lat'><strong>12$</strong></span> 
     </span>
    </p>
   </div>
   <div class='ocr_carea' id='block_1_86' title="bbox 567 5491 2081 5615">
    <p class='ocr_par' dir='ltr' id='par_1_86' title="bbox 567 5491 2081 5615">
     <span class='ocr_line' id='line_1_86' title="bbox 567 5491 2081 5615; baseline 0.016 -70"><span class='ocrx_word' id='word_1_606' title='bbox 567 5491 1067 5615; x_wconf 39' lang='lat' dir='ltr'><strong>Hggﬁigéllustrata,</strong></span> <span class='ocrx_word' id='word_1_607' title='bbox 1117 5508 1335 5554; x_wconf 88' lang='lat' dir='ltr'><strong>auctore</strong></span> <span class='ocrx_word' id='word_1_608' title='bbox 1377 5502 1580 5556; x_wconf 84' lang='lat' dir='ltr'><strong>Joanne</strong></span> <span class='ocrx_word' id='word_1_609' title='bbox 1606 5491 2081 5581; x_wconf 43' lang='lat' dir='ltr'><strong>&quot;Diacono-</strong></span> 
     </span>
     <span class='ocr_line' id='line_1_87' title="bbox 568 5578 830 5615; baseline 0 0"><span class='ocrx_word' id='word_1_610' title='bbox 568 5578 605 5615; x_wconf 78' lang='grc' dir='ltr'><strong><em>ιι</em></strong></span> <span class='ocrx_word' id='word_1_611' title='bbox 705 5601 717 5614; x_wconf 93' lang='grc'><strong>.</strong></span> <span class='ocrx_word' id='word_1_612' title='bbox 817 5603 830 5615; x_wconf 97' lang='grc'><strong>.</strong></span> 
     </span>
    </p>
   </div>
   <div class='ocr_carea' id='block_1_87' title="bbox 641 5601 2102 5713">
    <p class='ocr_par' dir='ltr' id='par_1_87' title="bbox 641 5601 2102 5713">
     <span class='ocr_line' id='line_1_88' title="bbox 641 5601 2102 5713; baseline 0.012 -30"><span class='ocrx_word' id='word_1_613' title='bbox 641 5601 911 5713; x_wconf 50' lang='grc' dir='ltr'><strong>ίῖρῘῖξιι-ιη</strong></span> <span class='ocrx_word' id='word_1_614' title='bbox 1041 5633 1220 5713; x_wconf 50' lang='grc' dir='ltr'><strong>¹ξτροηὶ</strong></span> <span class='ocrx_word' id='word_1_615' title='bbox 1271 5634 1757 5713; x_wconf 45' lang='lat' dir='ltr'><strong>lli;__s_uecessisset</strong></span> <span class='ocrx_word' id='word_1_616' title='bbox 1804 5642 1987 5713; x_wconf 85' lang='lat' dir='ltr'><strong>Victor</strong></span> <span class='ocrx_word' id='word_1_617' title='bbox 2039 5648 2102 5702; x_wconf 89' lang='lat' dir='ltr'><strong>ll.</strong></span> 
     </span>
    </p>
   </div>
   <div class='ocr_carea' id='block_1_88' title="bbox 573 5700 2107 5844">
    <p class='ocr_par' dir='ltr' id='par_1_88' title="bbox 573 5700 2107 5844">
     <span class='ocr_line' id='line_1_89' title="bbox 573 5700 2107 5769; baseline 0.014 -22"><span class='ocrx_word' id='word_1_618' title='bbox 573 5706 782 5765; x_wconf 55' lang='lat' dir='ltr'><strong>creatus</strong></span> <span class='ocrx_word' id='word_1_619' title='bbox 811 5701 892 5752; x_wconf 80' lang='grc'>13.</span> <span class='ocrx_word' id='word_1_620' title='bbox 926 5700 1123 5769; x_wconf 81' lang='lat' dir='ltr'><strong>Aprilis</strong></span> <span class='ocrx_word' id='word_1_621' title='bbox 1146 5720 1287 5756; x_wconf 85' lang='lat' dir='ltr'><strong>anno</strong></span> <span class='ocrx_word' id='word_1_622' title='bbox 1312 5705 1462 5759; x_wconf 80' lang='grc'>1055.</span> <span class='ocrx_word' id='word_1_623' title='bbox 1490 5708 1714 5763; x_wconf 87' lang='lat' dir='ltr'><strong>missum</strong></span> <span class='ocrx_word' id='word_1_624' title='bbox 1740 5726 1797 5764; x_wconf 89' lang='lat' dir='ltr'><strong>se</strong></span> <span class='ocrx_word' id='word_1_625' title='bbox 1835 5712 1886 5765; x_wconf 90' lang='lat' dir='ltr'><strong>in</strong></span> <span class='ocrx_word' id='word_1_626' title='bbox 1910 5700 2107 5769; x_wconf 81' lang='lat' dir='ltr'><strong>Gallias</strong></span> 
     </span>
     <span class='ocr_line' id='line_1_90' title="bbox 577 5768 2104 5844; baseline 0.016 -31"><span class='ocrx_word' id='word_1_627' title='bbox 577 5769 797 5819; x_wconf 82' lang='lat' dir='ltr'><strong>testatur</strong></span> <span class='ocrx_word' id='word_1_628' title='bbox 837 5768 950 5838; x_wconf 84' lang='lat' dir='ltr'><strong>ipse</strong></span> <span class='ocrx_word' id='word_1_629' title='bbox 992 5769 1377 5828; x_wconf 81' lang='lat' dir='ltr'><strong>Hildebraudus</strong></span> <span class='ocrx_word' id='word_1_630' title='bbox 1418 5777 1555 5844; x_wconf 78' lang='lat' dir='ltr'><strong>apud</strong></span> <span class='ocrx_word' id='word_1_631' title='bbox 1580 5776 2104 5837; x_wconf 75' lang='lat' dir='ltr'><strong>DesideriumAbba-</strong></span> 
     </span>
    </p>
   </div>
   <div class='ocr_carea' id='block_1_89' title="bbox 2203 3345 3743 3411">
    <p class='ocr_par' dir='ltr' id='par_1_89' title="bbox 2203 3345 3743 3411">
     <span class='ocr_line' id='line_1_91' title="bbox 2203 3345 3743 3411; baseline 0.001 -14"><span class='ocrx_word' id='word_1_632' title='bbox 2203 3345 2505 3397; x_wconf 90' lang='lat' dir='ltr'><strong>securitatis</strong></span> <span class='ocrx_word' id='word_1_633' title='bbox 2548 3345 2864 3411; x_wconf 82' lang='lat' dir='ltr'><strong>insolentia,</strong></span> <span class='ocrx_word' id='word_1_634' title='bbox 2913 3348 3149 3401; x_wconf 90' lang='lat' dir='ltr'><strong>tumidus</strong></span> <span class='ocrx_word' id='word_1_635' title='bbox 3197 3348 3445 3400; x_wconf 84' lang='lat' dir='ltr'><strong>crastina</strong></span> <span class='ocrx_word' id='word_1_636' title='bbox 3486 3346 3743 3400; x_wconf 86' lang='lat' dir='ltr'><strong>sessionis</strong></span> 
     </span>
    </p>
   </div>
   <div class='ocr_carea' id='block_1_90' title="bbox 2197 3433 3744 3507">
    <p class='ocr_par' dir='ltr' id='par_1_90' title="bbox 2197 3433 3744 3507">
     <span class='ocr_line' id='line_1_92' title="bbox 2197 3433 3744 3507; baseline 0.001 -20"><span class='ocrx_word' id='word_1_637' title='bbox 2197 3434 2458 3507; x_wconf 83' lang='lat' dir='ltr'><strong>cognituri</strong></span> <span class='ocrx_word' id='word_1_638' title='bbox 2488 3433 2781 3500; x_wconf 83' lang='lat' dir='ltr'><strong>insultavit,</strong></span> <span class='ocrx_word' id='word_1_639' title='bbox 2814 3436 2994 3489; x_wconf 89' lang='lat' dir='ltr'><strong>dicens</strong></span> <span class='ocrx_word' id='word_1_640' title='bbox 3019 3455 3031 3488; x_wconf 90' lang='lat'><strong>:</strong></span> <span class='ocrx_word' id='word_1_641' title='bbox 3064 3434 3164 3489; x_wconf 90' lang='lat' dir='ltr'><strong>Ubi</strong></span> <span class='ocrx_word' id='word_1_642' title='bbox 3188 3444 3331 3501; x_wconf 90' lang='lat' dir='ltr'><strong>sunt,</strong></span> <span class='ocrx_word' id='word_1_643' title='bbox 3358 3436 3449 3503; x_wconf 89' lang='lat' dir='ltr'><strong>qui</strong></span> <span class='ocrx_word' id='word_1_644' title='bbox 3474 3451 3559 3488; x_wconf 92' lang='lat' dir='ltr'><strong>me</strong></span> <span class='ocrx_word' id='word_1_645' title='bbox 3585 3450 3744 3489; x_wconf 91' lang='lat' dir='ltr'><strong>accu-</strong></span> 
     </span>
    </p>
   </div>
   <div class='ocr_carea' id='block_1_91' title="bbox 2197 3510 3744 3580">
    <p class='ocr_par' dir='ltr' id='par_1_91' title="bbox 2197 3510 3744 3580">
     <span class='ocr_line' id='line_1_93' title="bbox 2197 3510 3744 3580; baseline 0.001 -4"><span class='ocrx_word' id='word_1_646' title='bbox 2197 3510 2422 3577; x_wconf 87' lang='lat' dir='ltr'><strong>sabant?</strong></span> <span class='ocrx_word' id='word_1_647' title='bbox 2449 3540 2606 3578; x_wconf 88' lang='lat' dir='ltr'><strong>nemo</strong></span> <span class='ocrx_word' id='word_1_648' title='bbox 2636 3540 2720 3577; x_wconf 92' lang='lat' dir='ltr'><strong>me</strong></span> <span class='ocrx_word' id='word_1_649' title='bbox 2742 3526 3135 3580; x_wconf 77' lang='lat' dir='ltr'><strong>condemnavit.</strong></span> <span class='ocrx_word' id='word_1_650' title='bbox 3172 3524 3250 3577; x_wconf 79' lang='lat' dir='ltr'><strong>Ad</strong></span> <span class='ocrx_word' id='word_1_651' title='bbox 3282 3525 3396 3578; x_wconf 82' lang='lat' dir='ltr'><strong>hac</strong></span> <span class='ocrx_word' id='word_1_652' title='bbox 3425 3526 3624 3579; x_wconf 82' lang='lat' dir='ltr'><strong>zelotes</strong></span> <span class='ocrx_word' id='word_1_653' title='bbox 3653 3524 3744 3578; x_wconf 81' lang='lat' dir='ltr'><strong>Dei</strong></span> 
     </span>
    </p>
   </div>
   <div class='ocr_carea' id='block_1_92' title="bbox 2198 3602 3744 3684">
    <p class='ocr_par' dir='ltr' id='par_1_92' title="bbox 2198 3602 3744 3684">
     <span class='ocr_line' id='line_1_94' title="bbox 2198 3602 3744 3684; baseline 0.003 -21"><span class='ocrx_word' id='word_1_654' title='bbox 2198 3611 2306 3664; x_wconf 87' lang='lat' dir='ltr'><strong>alto</strong></span> <span class='ocrx_word' id='word_1_655' title='bbox 2334 3614 2531 3679; x_wconf 84' lang='lat' dir='ltr'><strong>gemitu</strong></span> <span class='ocrx_word' id='word_1_656' title='bbox 2552 3602 2850 3680; x_wconf 83' lang='lat' dir='ltr'><strong>suspirans,</strong></span> <span class='ocrx_word' id='word_1_657' title='bbox 2874 3624 2926 3667; x_wconf 88' lang='lat' dir='ltr'><strong>et</strong></span> <span class='ocrx_word' id='word_1_658' title='bbox 2946 3613 3227 3668; x_wconf 79' lang='lat' dir='ltr'><strong>frixorium</strong></span> <span class='ocrx_word' id='word_1_659' title='bbox 3257 3615 3434 3667; x_wconf 88' lang='lat' dir='ltr'><strong>cordis</strong></span> <span class='ocrx_word' id='word_1_660' title='bbox 3462 3615 3544 3669; x_wconf 89' lang='lat' dir='ltr'><strong>sui</strong></span> <span class='ocrx_word' id='word_1_661' title='bbox 3582 3631 3744 3684; x_wconf 80' lang='lat' dir='ltr'><strong>super</strong></span> 
     </span>
    </p>
   </div>
   <div class='ocr_carea' id='block_1_93' title="bbox 2199 3700 3741 3771">
    <p class='ocr_par' dir='ltr' id='par_1_93' title="bbox 2199 3700 3741 3771">
     <span class='ocr_line' id='line_1_95' title="bbox 2199 3700 3741 3771; baseline 0.004 -20"><span class='ocrx_word' id='word_1_662' title='bbox 2199 3700 2304 3752; x_wconf 86' lang='lat' dir='ltr'><strong>iliis</strong></span> <span class='ocrx_word' id='word_1_663' title='bbox 2326 3705 2417 3768; x_wconf 90' lang='lat' dir='ltr'><strong>qui</strong></span> <span class='ocrx_word' id='word_1_664' title='bbox 2440 3702 2678 3767; x_wconf 88' lang='lat' dir='ltr'><strong>corrupti</strong></span> <span class='ocrx_word' id='word_1_665' title='bbox 2703 3710 2858 3768; x_wconf 84' lang='lat' dir='ltr'><strong>erant</strong></span> <span class='ocrx_word' id='word_1_666' title='bbox 2874 3703 3213 3770; x_wconf 82' lang='lat' dir='ltr'><strong>dedignativo</strong></span> <span class='ocrx_word' id='word_1_667' title='bbox 3237 3712 3387 3771; x_wconf 89' lang='lat' dir='ltr'><strong>gestu</strong></span> <span class='ocrx_word' id='word_1_668' title='bbox 3412 3704 3741 3770; x_wconf 85' lang='lat' dir='ltr'><strong>signiﬁcans,</strong></span> 
     </span>
    </p>
   </div>
   <div class='ocr_carea' id='block_1_94' title="bbox 2200 3788 3743 3858">
    <p class='ocr_par' dir='ltr' id='par_1_94' title="bbox 2200 3788 3743 3858">
     <span class='ocr_line' id='line_1_96' title="bbox 2200 3788 3743 3858; baseline 0.005 -18"><span class='ocrx_word' id='word_1_669' title='bbox 2200 3788 2275 3840; x_wconf 89' lang='lat' dir='ltr'><strong>ait</strong></span> <span class='ocrx_word' id='word_1_670' title='bbox 2297 3789 2363 3841; x_wconf 91' lang='lat' dir='ltr'><strong>ad</strong></span> <span class='ocrx_word' id='word_1_671' title='bbox 2388 3796 2755 3855; x_wconf 87' lang='lat' dir='ltr'><strong>corruptorem</strong></span> <span class='ocrx_word' id='word_1_672' title='bbox 2790 3807 2803 3840; x_wconf 89' lang='lat'><strong>:</strong></span> <span class='ocrx_word' id='word_1_673' title='bbox 2838 3788 3045 3855; x_wconf 88' lang='lat' dir='ltr'><strong>Credis,</strong></span> <span class='ocrx_word' id='word_1_674' title='bbox 3088 3806 3121 3843; x_wconf 90' lang='grc' dir='ltr'><strong>ο</strong></span> <span class='ocrx_word' id='word_1_675' title='bbox 3157 3792 3406 3858; x_wconf 83' lang='lat' dir='ltr'><strong>episc0pe</strong></span> <span class='ocrx_word' id='word_1_676' title='bbox 3428 3831 3442 3855; x_wconf 91' lang='lat'><strong>,</strong></span> <span class='ocrx_word' id='word_1_677' title='bbox 3484 3789 3743 3858; x_wconf 80' lang='lat' dir='ltr'><strong>Spiritum</strong></span> 
     </span>
    </p>
   </div>
   <div class='ocr_carea' id='block_1_95' title="bbox 2200 3877 3745 3973">
    <p class='ocr_par' dir='ltr' id='par_1_95' title="bbox 2200 3877 3745 3973">
     <span class='ocr_line' id='line_1_97' title="bbox 2200 3877 3745 3973; baseline 0.005 -43"><span class='ocrx_word' id='word_1_678' title='bbox 2200 3884 2445 3931; x_wconf 90' lang='lat' dir='ltr'><strong>sanctum</strong></span> <span class='ocrx_word' id='word_1_679' title='bbox 2468 3878 2626 3930; x_wconf 92' lang='lat' dir='ltr'><strong>unius</strong></span> <span class='ocrx_word' id='word_1_680' title='bbox 2646 3893 2768 3931; x_wconf 89' lang='lat' dir='ltr'><strong>eum</strong></span> <span class='ocrx_word' id='word_1_681' title='bbox 2792 3877 2948 3932; x_wconf 89' lang='lat' dir='ltr'><strong>Patre</strong></span> <span class='ocrx_word' id='word_1_682' title='bbox 2974 3889 3029 3933; x_wconf 93' lang='lat' dir='ltr'><strong>et</strong></span> <span class='ocrx_word' id='word_1_683' title='bbox 3054 3878 3191 3933; x_wconf 86' lang='lat' dir='ltr'><strong>Filio</strong></span> <span class='ocrx_word' id='word_1_684' title='bbox 3218 3896 3336 3973; x_wconf 53' lang='lat' dir='ltr'><strong>esse</strong></span> <span class='ocrx_word' id='word_1_685' title='bbox 3364 3882 3677 3938; x_wconf 87' lang='lat' dir='ltr'><strong>substantia</strong></span> <span class='ocrx_word' id='word_1_686' title='bbox 3695 3894 3745 3939; x_wconf 87' lang='lat' dir='ltr'><strong>et</strong></span> 
     </span>
    </p>
   </div>
   <div class='ocr_carea' id='block_1_96' title="bbox 2200 3964 3742 4040">
    <p class='ocr_par' dir='ltr' id='par_1_96' title="bbox 2200 3964 3742 4040">
     <span class='ocr_line' id='line_1_98' title="bbox 2200 3964 3742 4040; baseline 0.007 -22"><span class='ocrx_word' id='word_1_687' title='bbox 2200 3964 2447 4019; x_wconf 89' lang='lat' dir='ltr'><strong>deitatis?</strong></span> <span class='ocrx_word' id='word_1_688' title='bbox 2470 3965 2587 4030; x_wconf 84' lang='lat' dir='ltr'><strong>Quo</strong></span> <span class='ocrx_word' id='word_1_689' title='bbox 2621 3967 2997 4034; x_wconf 86' lang='lat' dir='ltr'><strong>respondente,</strong></span> <span class='ocrx_word' id='word_1_690' title='bbox 3023 3964 3366 4036; x_wconf 69' lang='lat' dir='ltr'><strong>Credo;&quot;Dic,</strong></span> <span class='ocrx_word' id='word_1_691' title='bbox 3398 3972 3589 4040; x_wconf 90' lang='lat' dir='ltr'><strong>inquit,</strong></span> <span class='ocrx_word' id='word_1_692' title='bbox 3615 3974 3742 4028; x_wconf 77' lang='lat' dir='ltr'><strong>Glo-</strong></span> 
     </span>
    </p>
   </div>
   <div class='ocr_carea' id='block_1_97' title="bbox 2200 4054 3743 4129">
    <p class='ocr_par' dir='ltr' id='par_1_97' title="bbox 2200 4054 3743 4129">
     <span class='ocr_line' id='line_1_99' title="bbox 2200 4054 3743 4129; baseline 0.008 -23"><span class='ocrx_word' id='word_1_693' title='bbox 2200 4054 2279 4106; x_wconf 89' lang='lat' dir='ltr'><strong>ria</strong></span> <span class='ocrx_word' id='word_1_694' title='bbox 2307 4055 2471 4120; x_wconf 87' lang='lat' dir='ltr'><strong>Patri,</strong></span> <span class='ocrx_word' id='word_1_695' title='bbox 2498 4064 2551 4108; x_wconf 90' lang='lat' dir='ltr'><strong>et</strong></span> <span class='ocrx_word' id='word_1_696' title='bbox 2582 4055 2738 4120; x_wconf 85' lang='lat' dir='ltr'><strong>Filio,</strong></span> <span class='ocrx_word' id='word_1_697' title='bbox 2763 4064 2818 4109; x_wconf 90' lang='lat' dir='ltr'><strong>et</strong></span> <span class='ocrx_word' id='word_1_698' title='bbox 2847 4056 3301 4126; x_wconf 35' lang='lat' dir='ltr'><strong>Spiz‘itui’sancto.</strong></span> <span class='ocrx_word' id='word_1_699' title='bbox 3334 4058 3578 4129; x_wconf 89' lang='lat' dir='ltr'><strong>Cumque</strong></span> <span class='ocrx_word' id='word_1_700' title='bbox 3601 4064 3743 4118; x_wconf 91' lang='lat' dir='ltr'><strong>hunc</strong></span> 
     </span>
    </p>
   </div>
   <div class='ocr_carea' id='block_1_98' title="bbox 2202 4141 3743 4209">
    <p class='ocr_par' dir='ltr' id='par_1_98' title="bbox 2202 4141 3743 4209">
     <span class='ocr_line' id='line_1_100' title="bbox 2202 4141 3743 4209; baseline 0.01 -16"><span class='ocrx_word' id='word_1_701' title='bbox 2202 4141 2533 4198; x_wconf 76' lang='lat' dir='ltr'><strong>Vcrsiculum</strong></span> <span class='ocrx_word' id='word_1_702' title='bbox 2558 4186 2573 4209; x_wconf 94' lang='lat'><strong>,</strong></span> <span class='ocrx_word' id='word_1_703' title='bbox 2618 4146 2684 4198; x_wconf 88' lang='lat' dir='ltr'><strong>ad</strong></span> <span class='ocrx_word' id='word_1_704' title='bbox 2724 4147 3200 4202; x_wconf 83' lang='lat' dir='ltr'><strong>commendandam</strong></span> <span class='ocrx_word' id='word_1_705' title='bbox 3240 4158 3437 4204; x_wconf 85' lang='lat' dir='ltr'><strong>sancta</strong></span> <span class='ocrx_word' id='word_1_706' title='bbox 3466 4150 3743 4209; x_wconf 86' lang='lat' dir='ltr'><strong>Trinitatis</strong></span> 
     </span>
    </p>
   </div>
   <div class='ocr_carea' id='block_1_99' title="bbox 2200 4232 3744 4308">
    <p class='ocr_par' dir='ltr' id='par_1_99' title="bbox 2200 4232 3744 4308">
     <span class='ocr_line' id='line_1_101' title="bbox 2200 4232 3744 4308; baseline 0.01 -25"><span class='ocrx_word' id='word_1_707' title='bbox 2200 4232 2358 4285; x_wconf 83' lang='lat' dir='ltr'><strong>fidem</strong></span> <span class='ocrx_word' id='word_1_708' title='bbox 2386 4249 2416 4286; x_wconf 89' lang='lat' dir='ltr'><strong>a</strong></span> <span class='ocrx_word' id='word_1_709' title='bbox 2445 4233 2673 4289; x_wconf 79' lang='lat' dir='ltr'><strong>Nicanis</strong></span> <span class='ocrx_word' id='word_1_710' title='bbox 2699 4234 2946 4291; x_wconf 72' lang='lat' dir='ltr'><strong>Patrilius</strong></span> <span class='ocrx_word' id='word_1_711' title='bbox 2966 4238 3322 4308; x_wconf 84' lang='lat' dir='ltr'><strong>hymnizando</strong></span> <span class='ocrx_word' id='word_1_712' title='bbox 3355 4236 3645 4308; x_wconf 80' lang='lat' dir='ltr'><strong>prolatum,</strong></span> <span class='ocrx_word' id='word_1_713' title='bbox 3692 4254 3744 4298; x_wconf 87' lang='lat' dir='ltr'><strong>ct</strong></span> 
     </span>
    </p>
   </div>
   <div class='ocr_carea' id='block_1_100' title="bbox 2202 4321 3744 4397">
    <p class='ocr_par' dir='ltr' id='par_1_100' title="bbox 2202 4321 3744 4397">
     <span class='ocr_line' id='line_1_102' title="bbox 2202 4321 3744 4397; baseline 0.008 -24"><span class='ocrx_word' id='word_1_714' title='bbox 2202 4321 2260 4395; x_wconf 77' lang='grc' dir='ltr'>Β.</span> <span class='ocrx_word' id='word_1_715' title='bbox 2290 4321 2611 4394; x_wconf 82' lang='lat' dir='ltr'><strong>Hieronymo</strong></span> <span class='ocrx_word' id='word_1_716' title='bbox 2649 4340 2746 4393; x_wconf 91' lang='lat' dir='ltr'><strong>pro</strong></span> <span class='ocrx_word' id='word_1_717' title='bbox 2789 4330 3043 4381; x_wconf 87' lang='lat' dir='ltr'><strong>succentu</strong></span> <span class='ocrx_word' id='word_1_718' title='bbox 3082 4328 3191 4397; x_wconf 86' lang='grc'>(11)</span> <span class='ocrx_word' id='word_1_719' title='bbox 3223 4329 3554 4397; x_wconf 87' lang='lat' dir='ltr'><strong>singulorum</strong></span> <span class='ocrx_word' id='word_1_720' title='bbox 3593 4330 3744 4387; x_wconf 89' lang='lat' dir='ltr'><strong>Psal-</strong></span> 
     </span>
    </p>
   </div>
   <div class='ocr_carea' id='block_1_101' title="bbox 2202 4403 3745 4499">
    <p class='ocr_par' dir='ltr' id='par_1_101' title="bbox 2202 4403 3745 4499">
     <span class='ocr_line' id='line_1_103' title="bbox 2202 4403 3745 4499; baseline 0.009 -36"><span class='ocrx_word' id='word_1_721' title='bbox 2202 4427 2412 4465; x_wconf 90' lang='lat' dir='ltr'><strong>morum</strong></span> <span class='ocrx_word' id='word_1_722' title='bbox 2452 4413 2681 4485; x_wconf 78' lang='lat' dir='ltr'><strong>Damaso</strong></span> <span class='ocrx_word' id='word_1_723' title='bbox 2728 4414 2885 4484; x_wconf 82' lang='lat' dir='ltr'><strong>Papa</strong></span> <span class='ocrx_word' id='word_1_724' title='bbox 2929 4420 3381 4499; x_wconf 77' lang='lat' dir='ltr'><strong>commendatum,</strong></span> <span class='ocrx_word' id='word_1_725' title='bbox 3428 4403 3745 4477; x_wconf 70' lang='lat' dir='ltr'><strong>fiducialiter</strong></span> 
     </span>
    </p>
   </div>
   <div class='ocr_carea' id='block_1_102' title="bbox 2203 4502 3740 4575">
    <p class='ocr_par' dir='ltr' id='par_1_102' title="bbox 2203 4502 3740 4575">
     <span class='ocr_line' id='line_1_104' title="bbox 2203 4502 3740 4575; baseline 0.008 -22"><span class='ocrx_word' id='word_1_726' title='bbox 2203 4502 2430 4554; x_wconf 88' lang='lat' dir='ltr'><strong>adorsus</strong></span> <span class='ocrx_word' id='word_1_727' title='bbox 2456 4502 2664 4569; x_wconf 78' lang='lat' dir='ltr'><strong>fuisset;</strong></span> <span class='ocrx_word' id='word_1_728' title='bbox 2695 4504 2876 4558; x_wconf 87' lang='lat' dir='ltr'><strong>Gloria</strong></span> <span class='ocrx_word' id='word_1_729' title='bbox 2900 4506 3045 4559; x_wconf 88' lang='lat' dir='ltr'><strong>Patri</strong></span> <span class='ocrx_word' id='word_1_730' title='bbox 3069 4509 3123 4559; x_wconf 78' lang='lat' dir='ltr'><strong>et</strong></span> <span class='ocrx_word' id='word_1_731' title='bbox 3158 4506 3311 4571; x_wconf 82' lang='lat' dir='ltr'><strong>Filio,</strong></span> <span class='ocrx_word' id='word_1_732' title='bbox 3353 4507 3581 4572; x_wconf 86' lang='lat' dir='ltr'><strong>dicebat;</strong></span> <span class='ocrx_word' id='word_1_733' title='bbox 3630 4514 3740 4575; x_wconf 76' lang='lat' dir='ltr'><strong>sed,</strong></span> 
     </span>
    </p>
   </div>
   <div class='ocr_carea' id='block_1_103' title="bbox 2136 4564 3743 4655">
    <p class='ocr_par' dir='ltr' id='par_1_103' title="bbox 2136 4564 3743 4655">
     <span class='ocr_line' id='line_1_105' title="bbox 2136 4564 3743 4655; baseline 0.006 -15"><span class='ocrx_word' id='word_1_734' title='bbox 2136 4564 2181 4617; x_wconf 69' lang='grc' dir='ltr'><strong>Β</strong></span> <span class='ocrx_word' id='word_1_735' title='bbox 2206 4586 2744 4655; x_wconf 76' lang='lat' dir='ltr'><strong>Spiritum‘sauctum</strong></span> <span class='ocrx_word' id='word_1_736' title='bbox 2791 4595 3068 4647; x_wconf 89' lang='lat' dir='ltr'><strong>nominare</strong></span> <span class='ocrx_word' id='word_1_737' title='bbox 3104 4595 3326 4648; x_wconf 89' lang='lat' dir='ltr'><strong>minime</strong></span> <span class='ocrx_word' id='word_1_738' title='bbox 3366 4596 3595 4649; x_wconf 83' lang='lat' dir='ltr'><strong>valebat.</strong></span> 
     </span>
    </p>
   </div>
   <div class='ocr_carea' id='block_1_104' title="bbox 2202 4677 3742 4747">
    <p class='ocr_par' dir='ltr' id='par_1_104' title="bbox 2202 4677 3742 4747">
     <span class='ocr_line' id='line_1_106' title="bbox 2202 4677 3742 4747; baseline 0.01 -20"><span class='ocrx_word' id='word_1_739' title='bbox 2202 4677 2378 4729; x_wconf 72' lang='lat' dir='ltr'><strong>eundo”</strong></span> <span class='ocrx_word' id='word_1_740' title='bbox 2401 4686 2603 4735; x_wconf 88' lang='lat' dir='ltr'><strong>tentare</strong></span> <span class='ocrx_word' id='word_1_741' title='bbox 2623 4680 3167 4747; x_wconf 61' lang='lat' dir='ltr'><strong>admonitus,&#39;defecit</strong></span> <span class='ocrx_word' id='word_1_742' title='bbox 3190 4684 3245 4736; x_wconf 92' lang='lat' dir='ltr'><strong>in</strong></span> <span class='ocrx_word' id='word_1_743' title='bbox 3268 4683 3421 4739; x_wconf 86' lang='lat' dir='ltr'><strong>Filio.</strong></span> <span class='ocrx_word' id='word_1_744' title='bbox 3450 4684 3635 4742; x_wconf 86' lang='lat' dir='ltr'><strong>Tertio</strong></span> <span class='ocrx_word' id='word_1_745' title='bbox 3658 4704 3742 4742; x_wconf 87' lang='lat' dir='ltr'><strong>rc—</strong></span> 
     </span>
    </p>
   </div>
   <div class='ocr_carea' id='block_1_105' title="bbox 2202 4768 3740 4834">
    <p class='ocr_par' dir='ltr' id='par_1_105' title="bbox 2202 4768 3740 4834">
     <span class='ocr_line' id='line_1_107' title="bbox 2202 4768 3740 4834; baseline 0.01 -18"><span class='ocrx_word' id='word_1_746' title='bbox 2202 4772 2397 4832; x_wconf 86' lang='lat' dir='ltr'><strong>petere-</strong></span> <span class='ocrx_word' id='word_1_747' title='bbox 2416 4768 2730 4834; x_wconf 84' lang='lat' dir='ltr'><strong>permissus,</strong></span> <span class='ocrx_word' id='word_1_748' title='bbox 2774 4770 2999 4823; x_wconf 90' lang='lat' dir='ltr'><strong>obticuit</strong></span> <span class='ocrx_word' id='word_1_749' title='bbox 3044 4772 3097 4825; x_wconf 91' lang='lat' dir='ltr'><strong>in</strong></span> <span class='ocrx_word' id='word_1_750' title='bbox 3141 4771 3316 4827; x_wconf 88' lang='lat' dir='ltr'><strong>Patre.</strong></span> <span class='ocrx_word' id='word_1_751' title='bbox 3350 4773 3499 4828; x_wconf 88' lang='lat' dir='ltr'><strong>Tunc</strong></span> <span class='ocrx_word' id='word_1_752' title='bbox 3522 4776 3740 4832; x_wconf 89' lang='lat' dir='ltr'><strong>demum</strong></span> 
     </span>
    </p>
   </div>
   <div class='ocr_carea' id='block_1_106' title="bbox 2201 4853 3743 4927">
    <p class='ocr_par' dir='ltr' id='par_1_106' title="bbox 2201 4853 3743 4927">
     <span class='ocr_line' id='line_1_108' title="bbox 2201 4853 3743 4927; baseline 0.01 -23"><span class='ocrx_word' id='word_1_753' title='bbox 2201 4853 2425 4921; x_wconf 88' lang='lat' dir='ltr'><strong>pedibus</strong></span> <span class='ocrx_word' id='word_1_754' title='bbox 2473 4855 2818 4923; x_wconf 82' lang='lat' dir='ltr'><strong>Apocrisiarii</strong></span> <span class='ocrx_word' id='word_1_755' title='bbox 2869 4863 3199 4927; x_wconf 86' lang='lat' dir='ltr'><strong>provolutus,</strong></span> <span class='ocrx_word' id='word_1_756' title='bbox 3256 4862 3623 4919; x_wconf 88' lang='lat' dir='ltr'><strong>Simoniacum</strong></span> <span class='ocrx_word' id='word_1_757' title='bbox 3685 4883 3743 4922; x_wconf 86' lang='lat' dir='ltr'><strong>se</strong></span> 
     </span>
    </p>
   </div>
   <div class='ocr_carea' id='block_1_107' title="bbox 2202 4943 3741 5024">
    <p class='ocr_par' dir='ltr' id='par_1_107' title="bbox 2202 4943 3741 5024">
     <span class='ocr_line' id='line_1_109' title="bbox 2202 4943 3741 5024; baseline 0.009 -30"><span class='ocrx_word' id='word_1_758' title='bbox 2202 4955 2320 4995; x_wconf 89' lang='lat' dir='ltr'><strong>esse</strong></span> <span class='ocrx_word' id='word_1_759' title='bbox 2341 4943 2613 5008; x_wconf 85' lang='lat' dir='ltr'><strong>professus</strong></span> <span class='ocrx_word' id='word_1_760' title='bbox 2630 4954 2731 4999; x_wconf 91' lang='lat' dir='ltr'><strong>est.</strong></span> <span class='ocrx_word' id='word_1_761' title='bbox 2782 4946 2881 5011; x_wconf 86' lang='lat' dir='ltr'><strong>Qui</strong></span> <span class='ocrx_word' id='word_1_762' title='bbox 2903 4966 3024 5004; x_wconf 83' lang='lat' dir='ltr'><strong>mox</strong></span> <span class='ocrx_word' id='word_1_763' title='bbox 3050 4960 3108 5005; x_wconf 88' lang='lat' dir='ltr'><strong>ut</strong></span> <span class='ocrx_word' id='word_1_764' title='bbox 3135 4953 3202 5005; x_wconf 90' lang='lat' dir='ltr'><strong>ab</strong></span> <span class='ocrx_word' id='word_1_765' title='bbox 3231 4952 3548 5021; x_wconf 88' lang='lat' dir='ltr'><strong>Episcopatu</strong></span> <span class='ocrx_word' id='word_1_766' title='bbox 3577 4955 3741 5024; x_wconf 87' lang='lat' dir='ltr'><strong>depo-</strong></span> 
     </span>
    </p>
   </div>
   <div class='ocr_carea' id='block_1_108' title="bbox 2201 5112 3735 5192">
    <p class='ocr_par' dir='ltr' id='par_1_108' title="bbox 2201 5112 3735 5192">
     <span class='ocr_line' id='line_1_110' title="bbox 2201 5112 3735 5192; baseline 0.011 -28"><span class='ocrx_word' id='word_1_767' title='bbox 2201 5112 2692 5192; x_wconf 49' lang='lat' dir='ltr'><strong>t&#39;emCasinensem,</strong></span> <span class='ocrx_word' id='word_1_768' title='bbox 2738 5121 2861 5192; x_wconf 78' lang='lat' dir='ltr'><strong>dein</strong></span> <span class='ocrx_word' id='word_1_769' title='bbox 2900 5122 3165 5183; x_wconf 87' lang='lat' dir='ltr'><strong>Victorem</strong></span> <span class='ocrx_word' id='word_1_770' title='bbox 3204 5124 3265 5176; x_wconf 86' lang='lat' dir='ltr'><strong>ll.</strong></span> <span class='ocrx_word' id='word_1_771' title='bbox 3300 5124 3498 5192; x_wconf 84' lang='lat' dir='ltr'><strong>Papam</strong></span> <span class='ocrx_word' id='word_1_772' title='bbox 3539 5127 3633 5181; x_wconf 91' lang='lat' dir='ltr'><strong>lib.</strong></span> <span class='ocrx_word' id='word_1_773' title='bbox 3684 5131 3735 5186; x_wconf 81' lang='grc'>5.</span> 
     </span>
    </p>
   </div>
   <div class='ocr_carea' id='block_1_109' title="bbox 2202 5180 3735 5274">
    <p class='ocr_par' dir='ltr' id='par_1_109' title="bbox 2202 5180 3735 5274">
     <span class='ocr_line' id='line_1_111' title="bbox 2202 5180 3735 5274; baseline 0.015 -43"><span class='ocrx_word' id='word_1_774' title='bbox 2202 5180 2571 5274; x_wconf 41' lang='grc' dir='ltr'><strong>Ρξὲιὲεοιᾙιῃέ</strong></span> <span class='ocrx_word' id='word_1_775' title='bbox 2585 5180 2803 5274; x_wconf 24' lang='lat' dir='ltr'><strong>etrapud</strong></span> <span class='ocrx_word' id='word_1_776' title='bbox 2828 5180 3051 5274; x_wconf 86' lang='lat' dir='ltr'><strong>Petrum</strong></span> <span class='ocrx_word' id='word_1_777' title='bbox 3085 5192 3327 5274; x_wconf 74' lang='lat' dir='ltr'><strong>Damiani</strong></span> <span class='ocrx_word' id='word_1_778' title='bbox 3352 5180 3631 5274; x_wconf 58' lang='lat' dir='ltr'><strong>Gpusculo</strong></span> <span class='ocrx_word' id='word_1_779' title='bbox 3652 5180 3735 5274; x_wconf 63' lang='grc' dir='ltr'>1οξ</span> 
     </span>
    </p>
   </div>
   <div class='ocr_carea' id='block_1_110' title="bbox 2199 5251 3737 5395">
    <p class='ocr_par' dir='ltr' id='par_1_110' title="bbox 2199 5251 3737 5395">
     <span class='ocr_line' id='line_1_112' title="bbox 2199 5251 3737 5371; baseline 0.014 -70"><span class='ocrx_word' id='word_1_780' title='bbox 2199 5265 2299 5371; x_wconf 76' lang='lat' dir='ltr'><strong>csap</strong></span> <span class='ocrx_word' id='word_1_781' title='bbox 2434 5254 2574 5319; x_wconf 90' lang='lat' dir='ltr'><strong>apud</strong></span> <span class='ocrx_word' id='word_1_782' title='bbox 2616 5251 2753 5324; x_wconf 79' lang='lat' dir='ltr'><strong>quos</strong></span> <span class='ocrx_word' id='word_1_783' title='bbox 2793 5273 3024 5326; x_wconf 88' lang='lat' dir='ltr'><strong>sequens</strong></span> <span class='ocrx_word' id='word_1_784' title='bbox 3064 5268 3315 5337; x_wconf 78' lang='lat' dir='ltr'><strong>narratur</strong></span> <span class='ocrx_word' id='word_1_785' title='bbox 3358 5251 3601 5329; x_wconf 79' lang='lat' dir='ltr'><strong>historia,</strong></span> <span class='ocrx_word' id='word_1_786' title='bbox 3645 5251 3737 5322; x_wconf 77' lang='lat' dir='ltr'><strong>sed</strong></span> 
     </span>
     <span class='ocr_line' id='line_1_113' title="bbox 2217 5318 3736 5395; baseline 0.013 -26"><span class='ocrx_word' id='word_1_787' title='bbox 2217 5318 2558 5395; x_wconf 74' lang='lat' dir='ltr'><strong>_ubdtaconus</strong></span> <span class='ocrx_word' id='word_1_788' title='bbox 2584 5326 2895 5395; x_wconf 67' lang='lat' dir='ltr'><strong>appellatur.</strong></span> <span class='ocrx_word' id='word_1_789' title='bbox 2931 5325 3287 5395; x_wconf 15' lang='lat' dir='ltr'><strong>Verumimfra</strong></span> <span class='ocrx_word' id='word_1_790' title='bbox 3320 5330 3458 5395; x_wconf 84' lang='lat' dir='ltr'><strong>apud</strong></span> <span class='ocrx_word' id='word_1_791' title='bbox 3489 5330 3736 5389; x_wconf 84' lang='lat' dir='ltr'><strong>Berthol-</strong></span> 
     </span>
    </p>
   </div>
   <div class='ocr_carea' id='block_1_111' title="bbox 2200 5387 3735 5481">
    <p class='ocr_par' dir='ltr' id='par_1_111' title="bbox 2200 5387 3735 5481">
     <span class='ocr_line' id='line_1_114' title="bbox 2200 5387 3735 5481; baseline 0.013 -45"><span class='ocrx_word' id='word_1_792' title='bbox 2200 5387 2553 5481; x_wconf 41' lang='lat' dir='ltr'><strong>(ll‘l&#39;lzlnlitl‘lll-l;i</strong></span> <span class='ocrx_word' id='word_1_793' title='bbox 2566 5387 2668 5481; x_wconf 47' lang='grc' dir='ltr'><strong>,νέξ</strong></span> <span class='ocrx_word' id='word_1_794' title='bbox 2686 5392 3239 5481; x_wconf 48' lang='lat' dir='ltr'><strong>apudﬁrutmundum</strong></span> <span class='ocrx_word' id='word_1_795' title='bbox 3262 5387 3735 5481; x_wconf 49' lang='lat' dir='ltr'><strong>Archiep.isc0purn</strong></span> 
     </span>
    </p>
   </div>
   <div class='ocr_carea' id='block_1_112' title="bbox 2202 5452 3735 5534">
    <p class='ocr_par' dir='ltr' id='par_1_112' title="bbox 2202 5452 3735 5534">
     <span class='ocr_line' id='line_1_115' title="bbox 2202 5452 3735 5534; baseline 0.014 -30"><span class='ocrx_word' id='word_1_796' title='bbox 2202 5453 2533 5534; x_wconf 46' lang='lat' dir='ltr'><strong>Aves-sanum</strong></span> <span class='ocrx_word' id='word_1_797' title='bbox 2576 5457 2667 5534; x_wconf 73' lang='lat' dir='ltr'><strong>lih.</strong></span> <span class='ocrx_word' id='word_1_798' title='bbox 2695 5452 2855 5534; x_wconf 84' lang='lat' dir='ltr'><strong>_de</strong></span> <span class='ocrx_word' id='word_1_799' title='bbox 2876 5458 3118 5534; x_wconf 75' lang='lat' dir='ltr'><strong>Veritate</strong></span> <span class='ocrx_word' id='word_1_800' title='bbox 3148 5461 3399 5531; x_wconf 86' lang='lat' dir='ltr'><strong>Corporis</strong></span> <span class='ocrx_word' id='word_1_801' title='bbox 3440 5452 3735 5524; x_wconf 47' lang='lat' dir='ltr'><strong>Christith</strong></span> 
     </span>
    </p>
   </div>
   <div class='ocr_carea' id='block_1_113' title="bbox 2203 5519 3212 5585">
    <p class='ocr_par' dir='ltr' id='par_1_113' title="bbox 2203 5519 3212 5585">
     <span class='ocr_line' id='line_1_116' title="bbox 2203 5519 3212 5585; baseline 0.01 -13"><span class='ocrx_word' id='word_1_802' title='bbox 2203 5519 2558 5585; x_wconf 88' lang='lat' dir='ltr'><strong>Eucharistia,</strong></span> <span class='ocrx_word' id='word_1_803' title='bbox 2581 5523 2988 5585; x_wconf 73' lang='lat' dir='ltr'><strong>Archidiaconus</strong></span> <span class='ocrx_word' id='word_1_804' title='bbox 3017 5529 3212 5582; x_wconf 87' lang='lat' dir='ltr'><strong>dicitur</strong></span> 
     </span>
    </p>
   </div>
   <div class='ocr_carea' id='block_1_114' title="bbox 2275 5588 3737 5669">
    <p class='ocr_par' dir='ltr' id='par_1_114' title="bbox 2275 5588 3737 5669">
     <span class='ocr_line' id='line_1_117' title="bbox 2275 5588 3737 5669; baseline 0.014 -30"><span class='ocrx_word' id='word_1_805' title='bbox 2275 5588 2384 5669; x_wconf 80' lang='lat' dir='ltr'><strong>(ti)</strong></span> <span class='ocrx_word' id='word_1_806' title='bbox 2414 5589 2488 5669; x_wconf 75' lang='lat' dir='ltr'><strong>De</strong></span> <span class='ocrx_word' id='word_1_807' title='bbox 2514 5592 2616 5643; x_wconf 90' lang='lat' dir='ltr'><strong>hoc</strong></span> <span class='ocrx_word' id='word_1_808' title='bbox 2648 5602 2910 5669; x_wconf 64' lang='lat' dir='ltr'><strong>sacceum,</strong></span> <span class='ocrx_word' id='word_1_809' title='bbox 2942 5594 3081 5669; x_wconf 41' lang='grc' dir='ltr'>ἐι-8.</span> <span class='ocrx_word' id='word_1_810' title='bbox 3114 5596 3434 5669; x_wconf 61' lang='lat' dir='ltr'><strong>Hieronymo</strong></span> <span class='ocrx_word' id='word_1_811' title='bbox 3462 5618 3737 5659; x_wconf 79' lang='lat' dir='ltr'><strong>commen-</strong></span> 
     </span>
    </p>
   </div>
   <div class='ocr_carea' id='block_1_115' title="bbox 2202 5653 3737 5739">
    <p class='ocr_par' dir='ltr' id='par_1_115' title="bbox 2202 5653 3737 5739">
     <span class='ocr_line' id='line_1_118' title="bbox 2202 5653 3737 5739; baseline 0.014 -33"><span class='ocrx_word' id='word_1_812' title='bbox 2202 5653 2615 5739; x_wconf 43' lang='lat' dir='ltr'><strong>datm&#39;egimus.</strong></span> <span class='ocrx_word' id='word_1_813' title='bbox 2649 5660 2703 5739; x_wconf 80' lang='lat' dir='ltr'><strong>in</strong></span> <span class='ocrx_word' id='word_1_814' title='bbox 2765 5653 3161 5739; x_wconf 65' lang='lat' dir='ltr'><strong>Annotatis_ad</strong></span> <span class='ocrx_word' id='word_1_815' title='bbox 3209 5653 3737 5739; x_wconf 35' lang='lat' dir='ltr'><strong>Epistolas&#39;pra&#39;vizs</strong></span> 
     </span>
    </p>
   </div>
   <div class='ocr_carea' id='block_1_116' title="bbox 2204 5726 3736 5808">
    <p class='ocr_par' dir='ltr' id='par_1_116' title="bbox 2204 5726 3736 5808">
     <span class='ocr_line' id='line_1_119' title="bbox 2204 5726 3736 5808; baseline 0.014 -36"><span class='ocrx_word' id='word_1_816' title='bbox 2204 5726 2418 5808; x_wconf 51' lang='lat' dir='ltr'><strong>utrique</strong></span> <span class='ocrx_word' id='word_1_817' title='bbox 2444 5726 2909 5808; x_wconf 31' lang='lat' dir='ltr'><strong>adscriptasuante‘</strong></span> <span class='ocrx_word' id='word_1_818' title='bbox 2933 5730 3215 5803; x_wconf 80' lang='lat' dir='ltr'><strong>Catalogos</strong></span> <span class='ocrx_word' id='word_1_819' title='bbox 3241 5726 3442 5808; x_wconf 62' lang='lat' dir='ltr'><strong>veteres</strong></span> <span class='ocrx_word' id='word_1_820' title='bbox 3483 5726 3736 5808; x_wconf 65' lang='lat' dir='ltr'><strong>antiqqu</strong></span> 
     </span>
    </p>
   </div>
   <div class='ocr_carea' id='block_1_117' title="bbox 2206 5789 3734 5882">
    <p class='ocr_par' dir='ltr' id='par_1_117' title="bbox 2206 5789 3734 5882">
     <span class='ocr_line' id='line_1_120' title="bbox 2206 5789 3734 5882; baseline 0.015 -44"><span class='ocrx_word' id='word_1_821' title='bbox 2206 5789 2689 5862; x_wconf 31' lang='lat' dir='ltr'><strong>rum’POntiﬁcum,</strong></span> <span class='ocrx_word' id='word_1_822' title='bbox 2714 5796 2883 5853; x_wconf 87' lang='lat' dir='ltr'><strong>editos</strong></span> <span class='ocrx_word' id='word_1_823' title='bbox 2921 5789 3269 5882; x_wconf 39' lang='lat' dir='ltr'><strong>ante‘to‘mum</strong></span> <span class='ocrx_word' id='word_1_824' title='bbox 3300 5789 3734 5876; x_wconf 43' lang='lat' dir='ltr'><strong>aliiensi}.</strong></span> 
     </span>
    </p>
   </div>
  </div>
