3902 6352
177 527 240 585 £5
755 541 758 544 ί
1158 518 1680 576 PROLECOMENA.
1711 551 1754 561 -

1858 521 1988 576 CTA
2012 523 2067 578 S.
2106 524 2449 581 GREGOB".

3263 513 3389 585 40³

180 637 306 691 situs
340 640 440 694 est,
473 629 666 685 Gloria
696 627 864 692 Patri,
889 618 946 682 et
975 627 1131 693 Filio,
1172 638 1225 683 et
1265 629 1488 700 Spiritui
1527 640 1734 695 sancto,
1766 633 1809 688 A
1836 633 2264 701 properationem
2301 635 2598 703 indixisset;
2635 644 2718 702 et,
2759 633 2902 706 quod
2928 636 3240 706 praedictum
3265 650 3350 697 est
3370 681 3386 708 ,

179 725 312 778 clara
365 735 497 774 voce
544 719 854 790 personuit.
918 717 982 770 Et
1038 719 1122 773 his
1171 720 1368 773 divinae
1414 721 1740 790 cognitionis

182 812 380 867 indiciis
411 809 673 863 feruntur
705 807 948 861 nonnulli
974 801 1561 877 Pseudoepiscoporum
1591 824 1740 863 com-

182 901 373 970 puneti,
421 900 599 952 malas
645 895 1010 952 conscientias
1058 890 1363 966 spontanea'
1398 897 1740 953 confessione

182 991 488 1060 prodidisse,
516 998 576 1042 et
602 988 808 1056 injuste
841 987 1135 1056 acquisitas
1168 985 1457 1056 dignitates
1473 989 1619 1057 justc
1643 988 1740 1042 de-

183 1081 405 1134 misisse.
1185 1087 1188 1090 ‘

248 1170 326 1222 12.
364 1167 508 1221 Idem
549 1162 880 1218 venerabilis
902 1161 1331 1219 Archidiaconus
1355 1163 1629 1235 Synodum
1663 1175 1744 1220 te-

186 1258 312 1319 nuit,
337 1258 422 1309 cui
448 1254 608 1323 Hugo
633 1253 747 1323 (19.)
777 1251 1147 1306 Cluniacensis
1179 1252 1358 1326 Abbas
1378 1255 1658 1310 interfuit:
1690 1257 1742 1310 in

186 1362 281 1417 qua
299 1345 628 1414 Episcopum
653 1342 944 1412 quemdam
970 1342 1158 1408 ordine
1174 1343 1462 1411 judiciario
1474 1345 1740 1415 deposuit.

186 1431 302 1486 Inde
321 1434 478 1488 simul
517 1433 686 1487 ambo
713 1431 956 1502 profecti,
994 1432 1060 1486 ad
1093 1431 1290 1488 ﬂumen
1324 1436 1593 1504 quoddam
1626 1454 1746 1507 per-

188 1525 447 1578 venientes
472 1523 901 1578 transvadabant
930 1540 947 1582 .:
986 1521 1411 1579 Archidiaconus
1439 1541 1569 1579 vero
1611 1543 1747 1596 pra:-

187 1615 336 1667 cessit
360 1614 646 1667 Abh-tem.
677 1611 1024 1666 Transmisso
1050 1612 1212 1682 igitur
1239 1612 1480 1679 flumine,
1517 1631 1744 1670 conver-

185 1717 273 1756 sus
304 1711 444 1756 retro
475 1702 741 1771 respexit,
767 1710 820 1755 et
845 1701 980 1755 dixit
1005 1720 1016 1754 :
1047 1700 1157 1754 Cur
1183 1701 1308 1755 talia
1333 1703 1400 1757 de
1428 1719 1513 1758 me
1537 1707 1746 1775 cogita-

186 1792 285 1845 sti?
304 1793 481 1848 Abbas
502 1807 640 1848 vero
666 1792 943 1860 respondit
968 1809 982 1844 :
1022 1790 1172 1845 Tune
1205 1806 1265 1846 es
1296 1791 1438 1847 Deus
1460 1834 1475 1858 ,
1523 1795 1616 1861 qui
1655 1811 1748 1850 co-

185 1880 460 1951 gitationes
497 1882 787 1935 hominum
830 1889 883 1934 te
922 1881 1062 1935 scire
1106 1884 1422 1935 asseveras'!
1449 1881 1611 1939 Deus.
1660 1888 1746 1939 ln-

185 1971 312 2040 quit,
347 1988 452 2025 non
483 1987 610 2025 sum
641 1989 654 2024 :
687 1969 779 2025 sed
812 1963 1012 2035 tamen,
1047 1986 1169 2040 qua“:
1197 1971 1252 2024 in
1277 1972 1462 2026 animo
1494 1973 1747 2030 volvebas

184 2061 374 2116 audivi.
407 2060 608 2116 Dixisti
632 2060 775 2114 enim
803 2061 856 2114 in
881 2061 1044 2114 corde
1070 2069 1182 2124 tuo,
1209 2076 1296 2114 me
1327 2063 1498 2131 magis
1523 2062 1748 2131 Episco-

184 2165 304 2220 pum
353 2152 505 2204 illum
547 2165 719 2205 causa
757 2149 1059 2219 iactantiae,
1102 2163 1266 2218 quam
1298 2148 1416 2202 zelo
1457 2148 1550 2204 Dei
1582 2153 1749 2222 depo-

186 2241 371 2313 suisse.
419 2238 717 2294 Perculsus
760 2239 940 2293 Abbas
975 2237 1304 2292 conscientia
1332 2256 1345 2291 :
1377 2237 1527 2309 Rogo
1554 2251 1625 2307 te,
1666 2243 1751 2297 in-

185 2332 313 2399 quit,
341 2346 434 2400 par
475 2331 764 2384 caritatem
794 2328 920 2393 Dei,
973 2338 1034 2382 ut
1058 2329 1240 2384 edieas
1281 2327 1414 2382 mihi
1477 2334 1750 2399 quomodo

187 2419 282 2471 hoc
309 2421 507 2473 sentire
532 2418 807 2487 potuisti?
832 2417 970 2483 Quia
999 2417 1303 2474 venientem
1333 2425 1404 2483 te,
1432 2419 1624 2489 inquit,
1657 2437 1752 2490 per

186 2507 385 2562 alveum
416 2507 662 2562 ﬂuminis
683 2507 927 2575 respexi;
962 2515 1036 2569 et,
1061 2508 1214 2576 quasi
1244 2510 1390 2564 filum
1415 2521 1623 2565 tensum
1647 2510 1752 2580 [fo-

191 2597 284 2669 ret]
312 2600 379 2651 ab
416 2613 512 2652 ore
540 2607 637 2651 tuo
666 2612 838 2666 usque
867 2595 934 2650 ad
963 2611 1124 2650 aures
1155 2613 1324 2662 meas,
1367 2598 1489 2652 inde
1509 2600 1612 2652 hoc
1631 2613 1753 2666 per-

188 2687 430 2754 pendissc
456 2695 508 2740 te
546 2686 696 2740 sensi

255 2775 335 2828 15.
365 2775 548 2829 Altera
600 2773 730 2827 item
777 2773 882 2838 die,
915 2788 1037 2827 cum
1084 2775 1244 2830 ambo
1268 2817 1284 2841 ,
1325 2774 1753 2831 Arehidiaconus

189 2865 418 2919 videlicet
450 2875 506 2919 et
528 2864 824 2934 pradictus
851 2863 1034 2918 Abbas
1053 2864 1443 2930 Cluniacensis,
1471 2866 1754 2919 ecclesiam

189 2956 472 3016 quamdam
532 2953 765 3022 ingrcssi
818 2951 1088 3018 fuissent;
1137 2953 1480 3007 Camerarius
1530 2953 1754 3007 Abbatis

189 3053 333 3097 stans
353 3044 419 3097 ad
443 3043 777 3106 orationem,
805 3041 944 3096 clam
971 3042 1183 3110 aliquos
1214 3057 1465 3118 nummos
1489 3057 1520 3094 e
1544 3057 1754 3094 marsu-

188 3134 274 3202 pio
297 3134 545 3204 protulit,
574 3140 738 3200 atque
759 3146 857 3200 pro
883 3131 1135 3200 expensis
1162 3131 1478 3185 tribuendos
1502 3129 1568 3184 de
1590 3144 1754 3183 manu

190 3222 240 3275 in
285 3238 504 3276 manum
533 3219 840 3274 calculavit.
882 3219 1286 3289 lnterrumpens
1329 3219 1755 3297 autcmoratio—
1781 3241 1823 3297 ρ

190 3326 305 3365 nem
325 3311 756 3366 Archidiaconus
783 3307 1163 3364 vociferando:
1185 3309 1302 3375 Exi,
1320 3309 1548 3373 diabale;
1577 3294 1751 3362 eccle-

191 3402 320 3454 siam
367 3416 494 3454 eum
543 3399 851 3466 relinquere
893 3399 1086 3466 coegit.
1143 3398 1278 3450 Tum
1325 3398 1507 3450 Abbas
1539 3415 1552 3448 :
1589 3396 1751 3448 Inhu—

190 3507 362 3554 mane,
390 3489 591 3558 inquit,
621 3487 758 3556 agis,
789 3487 931 3555 quod
957 3501 1131 3555 neque
1156 3486 1455 3539 orationem
1483 3500 1584 3538 nos
1605 3499 1754 3539 com-

192 3581 330 3650 plere
354 3578 646 3648 permittis.
680 3574 1012 3640 Orationem,
1049 3575 1143 3648 ait,
1176 3575 1429 3628 monachi
1460 3574 1537 3627 tui
1567 3574 1755 3628 scisci-

191 3678 321 3733 tare,
349 3676 405 3724 et
441 3683 544 3723 cur
590 3667 644 3720 id
687 3664 905 3719 fecerim
935 3706 950 3728 ,
1001 3665 1205 3733 poteris
1256 3679 1599 3734 cognoscere.
1648 3663 1754 3718 Re-

191 3764 410 3828 quirens
448 3759 618 3827 igitur
644 3755 826 3809 Abbas
847 3795 862 3818 ,
892 3754 1094 3808 invenit
1141 3755 1288 3821 quod
1323 3769 1574 3807 nummos
1607 3769 1756 3807 com-

193 3855 448 3917 pntassct.
495 3846 908 3911 Conscquentcr
953 3841 1380 3895 Archidiaconus
1427 3841 1648 3894 intulit:
1692 3841 1760 3894 Et

193 3951 288 4006 ego
316 3935 655 3989 teterrimum
685 3931 932 4002 spiritum
979 3939 1104 3984 ante
1146 3929 1321 3998 ipsum
1362 3929 1465 3983 hoc
1495 3929 1634 3983 idem
1679 3930 1754 3984 si-

195 4027 396 4080 mulare
420 4025 535 4079 vidi

262 4116 346 4169 11.
379 4115 585 4168 Eodem
618 4113 808 4166 itinere
836 4117 1099 4165 venerunt
1137 4109 1204 4163 ad
1245 4108 1532 4178 quamdam
1571 4109 1761 4164 civita-

197 4213 321 4265 tetn,
349 4205 524 4256 multa
551 4201 877 4253 mortalitate
903 4200 1260 4263 laborantem;
1290 4199 1342 4256 in
1365 4214 1472 4267 qua
1498 4198 1629 4253 vidit
1652 4200 1761 4252 An-

199 4293 370 4360 gelum
413 4291 510 4344 Dei
558 4303 738 4342 erecto
787 4287 963 4355 gladio
1005 4296 1254 4354 paratum
1300 4288 1366 4340 ad
1412 4288 1756 4341 occisionem.

201 4379 368 4446 Unde,
397 4395 526 4436 cum
555 4380 693 4432 irent
722 4383 788 4430 ad
809 4385 1106 4430 oratorium
1137 4377 1432 4428 secundum
1472 4384 1762 4429 consuetu-

200 4471 410 4535 dinem,
477 4470 699 4540 rogabat
748 4468 1006 4520 Ahbatem
1050 4473 1109 4518 ut
1162 4465 1426 4518 breviaret
1461 4465 1760 4519 orationem

1839 722 2063 776 audivit.

1911 810 1994 864 15.
2032 811 2176 866 Inter
2203 814 2336 878 hzcc,
2373 814 2599 869 Romam
2633 816 2997 884 proficiscens,
3045 832 3166 870 cum
3210 819 3392 874 audis-

1841 907 1922 952 set
1973 910 2186 955 mortuo
2223 903 2496 972 Stephano
2522 904 2667 974 Papa
2693 904 2803 974 (15)
2836 904 3177 962 Benedictum
3205 923 3395 977 quem-

1841 989 1964 1044 dam
2024 991 2092 1044 ab
2125 991 2326 1062 iniquis
2361 1001 2415 1047 et
2461 993 2784 1062 importunis
2832 994 3141 1064 hominibus
3205 1004 3394 1050 contra

1839 1077 2087 1134 Canones
2115 1081 2168 1133 in
2193 1081 2499 1150 Apostolica
2531 1081 2667 1136 Sede
2703 1083 3072 1149 substitutum,
3105 1085 3274 1155 magis
3299 1099 3392 1139 ac-

1841 1168 2093 1222 celeravit
2132 1170 2232 1223 iter
2270 1187 2428 1226 suum
2471 1190 2484 1224 :
2538 1171 2868 1239 collectoque
2911 1171 3128 1242 Synodo
3177 1173 3398 1244 Episco-

1842 1272 2035 1326 porum
2079 1259 2132 1312 in
2179 1258 2374 1315 Tuscia
2398 1301 2414 1325 ,
2460 1261 2806 1314 Benedictum
2835 1262 3050 1329 quidem
3077 1265 3246 1318 sancti
3269 1263 3396 1334 Spi-

1844 1345 1981 1401 ritus
2017 1348 2224 1416 judicio
2259 1347 2636 1404 condemnavit
2665 1390 2679 1414 ,
2728 1349 3061 1405 Gerhardum
3093 1369 3236 1418 vero,
3273 1354 3398 1409 Flo-

1840 1423 2070 1491 rentinze
2122 1438 2355 1494 civitatis
2409 1440 2768 1494 venerabilem
2829 1438 3153 1509 Episcopum
3179 1483 3194 1507 ,
3242 1442 3396 1498 cum-

1846 1527 1996 1578 muni
2034 1526 2299 1582 bonorum
2342 1545 2609 1584 consensu
2644 1529 2871 1584 eiectum
2911 1532 3244 1598 Apostolocte
3271 1531 3398 1586 Scdi

1845 1612 2248 1682 inthronizavit,
2300 1626 2461 1686 atque
2505 1617 2783 1672 Nicolaum
2829 1617 2870 1670 ll
2919 1620 3028 1688 (14)
3079 1621 3394 1676 nominavit.

1847 1703 1976 1765 Hoc:
2030 1711 2208 1758 autem
2267 1717 2389 1775 post
2443 1707 2721 1761 biennium
2782 1707 3078 1774 defuncto,
3141 1711 3403 1766 successit

1847 1790 2150 1845 Alexander
2176 1790 2237 1846 ll.

1919 1880 2003 1934 16.
2031 1879 2201 1950 Hujus
2231 1883 2582 1948 camerarius,
2619 1883 2837 1937 nomine
2876 1879 3144 1948 Joannes,
3180 1901 3400 1942 narrare

1848 1970 2056 2024 solebat
2086 1969 2284 2026 factum
2322 1973 2375 2027 in
2412 1974 2701 2041 semetipso
2731 1973 2924 2026 divinae
2963 1973 3260 2029 curationis
3295 1978 3398 2029 mi-

1847 2059 2113 2126 raculum,
2148 2076 2244 2129 per
2269 2061 2622 2115 venerabilem
2652 2060 3065 2116 Hildebrandum
3087 2063 3262 2117 adhuc
3296 2065 3400 2118 Ar-

1847 2147 2244 2223 chidiaconum.
2280 2148 2414 2203 Nam
2441 2165 2564 2203 cum
2593 2150 2732 2203 idem
2763 2149 2997 2205 Joannes
3018 2153 3158 2220 apud
3190 2151 3402 2208 Tuscu-

1847 2236 2032 2290 lanum
2059 2237 2220 2292 nimis
2246 2237 2357 2292 acri
2399 2237 2630 2306 febrium
2658 2238 2842 2293 dolore
2872 2238 3206 2308 fatigaretur,
3234 2243 3404 2298 misso

1850 2326 2040 2379 nuntio
2062 2327 2275 2380 beatum
2296 2327 2476 2381 virum
2499 2327 2706 2398 rogavit
2729 2328 2925 2382 obnixe
2969 2343 3036 2382 ne
3062 2329 3406 2399 pigritaretur

1848 2413 2032 2468 venire
2054 2431 2226 2484 usque
2248 2415 2315 2470 ad
2341 2432 2419 2470 se.
2450 2414 2559 2471 Nec
2583 2427 2754 2482 mora,
2784 2417 2910 2486 quia
2943 2418 3069 2471 boni
3105 2421 3279 2475 nuntii
3303 2422 3407 2475 ho-

1849 2503 2049 2556 minem
2093 2518 2214 2558 esse
2255 2505 2509 2572 cOgnovit
2533 2545 2548 2569 ,
2579 2505 2762 2558 venire
2791 2521 2896 2558 non
2933 2508 3128 2560 renuit.
3185 2507 3251 2562 At
3295 2510 3384 2564 ille

1849 2591 2018 2643 nimio
2051 2592 2248 2661 gaudio
2295 2591 2526 2661 repletus
2561 2593 2616 2647 in
2650 2594 2881 2649 adventu
2915 2595 3034 2663 ejus
3056 2635 3070 2660 ,
3116 2597 3326 2652 traditis
3354 2600 3405 2653 ei

1849 2679 2101 2735 omnibus
2134 2681 2279 2747 suis,
2311 2683 2715 2737 commendavit
2736 2684 2897 2737 etiam
2923 2711 2960 2750 ,~
2982 2668 3255 2741 humiliter
3303 2689 3408 2742 im-

1849 2768 2087 2837 plorans,
2119 2779 2180 2824 ut
2207 2786 2546 2826 communem
2583 2771 2868 2828 Dominum
2901 2789 3000 2842 pro
3029 2789 3086 2828 se
3109 2776 3407 2845 deprecari,

1851 2873 1915 2912 ac
1942 2859 2222 2928 religiosos
2244 2860 2489 2914 homines
2518 2861 2570 2913 in
2599 2861 2831 2929 idipsum
2862 2871 3078 2916 curaret
3107 2866 3405 2922 adhortari.

1853 2946 2003 3002 Tunc
2032 2949 2117 3001 vir
2149 2948 2263 3012 Dei,
2297 2949 2593 3002 domestica
2626 2950 2820 3017 pietate
2851 2950 2921 3002 ab
2953 2950 3157 3006 intimis
3186 2955 3409 3010 visceri-

1851 3035 1954 3088 bus
1994 3044 2318 3101 commotus,
2349 3035 2534 3105 ejectis
2579 3037 2853 3104 omnibus,
2901 3053 2960 3092 se
3003 3039 3306 3098 diutissime
3350 3044 3407 3099 in

1852 3120 2162 3179 orationem
2185 3141 2310 3180 cum
2335 3125 2587 3196 lacrymis
2621 3127 2824 3196 absque
2853 3128 3141 3184 verborum
3181 3134 3409 3202 strepitu

1853 3204 2015 3268 dedit.
2069 3213 2344 3284 Completa
2394 3216 2659 3281 oratione,
2707 3215 3073 3283 Comitissam,
3127 3235 3249 3274 cum
3302 3239 3410 3291 qua

1853 3304 1994 3356 idem
2027 3302 2263 3359 Joannes
2295 3292 2629 3370 morabatur,
2676 3304 2926 3372 vocavit;
2958 3323 3184 3378 eamque
3223 3319 3282 3364 ut
3321 3328 3410 3366 re-

1851 3391 2159 3455 fectionem,
2195 3393 2398 3461 pullum
2430 3393 2676 3448 videlicet
2709 3396 2937 3463 gallinas,
2961 3397 3174 3452 infirmo
3200 3414 3408 3468 praepa-

1852 3489 1996 3534 raret
2030 3482 2293 3535 hortatur.
2354 3481 2454 3534 Cui
2489 3483 2761 3547 renitenti,
2797 3498 2860 3536 eo
2894 3486 3037 3552 quod
3068 3486 3225 3556 longa
3254 3489 3410 3543 debi-

1853 3569 2003 3625 litate
2045 3571 2383 3625 stomachum
2418 3561 2552 3626 adeo
2583 3571 2910 3625 infirmatum
2940 3588 3060 3628 esse
3101 3591 3208 3630 non
3252 3577 3410 3648 igno-

1855 3660 2032 3724 ravit,
2082 3668 2141 3714 ut
2189 3662 2351 3715 etiam
2399 3670 2524 3716 ante
2569 3661 2778 3732 aliquot
2819 3662 3181 3720 hebdomadas
3232 3667 3413 3723 cibum

1856 3750 2128 3817 percipere
2159 3748 2465 3816 fastidierit,
2489 3751 2571 3826 vir
2592 3744 2687 3805 Dei
2714 3752 3004 3821 respondet
3031 3771 3044 3807 :
3083 3754 3209 3810 Sine
3230 3759 3409 3813 modo.

1858 3835 2008 3904 Scias
2048 3838 2192 3891 enim
2247 3839 2390 3906 quod
2426 3847 2534 3892 tam
2593 3839 2909 3894 festinanter
2948 3857 3057 3895 non
3089 3847 3416 3914 praiparabi-

1858 3935 1945 3980 tur
1986 3926 2258 3995 quomodo
2299 3926 2412 3995 ipse
2441 3927 2782 3982 desiderabit.
2840 3927 2953 3984 Hoc
2988 3930 3061 3984 ita
3102 3948 3188 3987 res
3221 3937 3417 4002 proba-

1856 4019 1951 4072 vit.
1987 4016 2120 4070 Nam
2166 4017 2498 4072 sufficienter
2534 4017 2765 4074 refectus
2791 4060 2806 4083 ,
2835 4020 3159 4076 obdormivit
3192 4040 3418 4094 50pora~

1858 4117 1946 4163 tus
1970 4149 1984 4173 ,
2017 4124 2081 4162 ac
2108 4109 2174 4162 de
2206 4108 2354 4162 omni
2399 4108 2488 4162 illa
2521 4109 2848 4164 validissima
2890 4111 3252 4166 invaletudine
3296 4115 3415 4169 sine

1861 4214 2012 4253 mora
2045 4198 2333 4252 convaluit.

1932 4288 2016 4340 17.
2044 4287 2239 4339 lterum
2264 4285 2345 4336 vir
2366 4284 2556 4338 beatus
2583 4284 2648 4338 ad
2673 4282 3032 4340 Ecelesiarum
3063 4287 3412 4346 directionem

1859 4391 1891 4429 a
1918 4375 2146 4428 Domino
2179 4373 2323 4442 Papa
2356 4373 2676 4440 destinatus,
2719 4390 2842 4429 cum
2885 4376 3024 4430 inter
3062 4378 3229 4431 muita
3274 4381 3414 4437 bona

1862 4479 2022 4533 Opera
2043 4479 2163 4532 qua:
2182 4471 2436 4532 operatus
2461 4473 2563 4528 est,
2597 4465 2902 4519 Antistitem
2931 4467 3238 4534 quemdam,
3265 4469 3417 4547 falsis

201 4561 600 4631 ctquantoeius
630 4556 952 4626 relinqueret
976 4557 1269 4622 civitatem,
1303 4555 1543 4624 alioquin
1571 4570 1762 4609 omnes
1793 4547 1837 4600 D
1862 4555 2178 4609 criminibus
2215 4555 2514 4623 impetitum
2538 4594 2553 4619 ,
2595 4569 2626 4607 a
2676 4555 3079 4622 malignantium
3131 4556 3416 4616 calumniis

201 4652 426 4722 perituri
456 4657 662 4704 essent.
696 4647 851 4700 Dicto
876 4663 1070 4716 parens
1096 4647 1278 4700 Abbas
1307 4646 1562 4700 velociter
1585 4661 1764 4721 rever—

203 4755 297 4794 sus
338 4746 423 4791 est
469 4737 537 4790 ad
583 4737 919 4804 hospitium,
968 4744 1022 4788 et
1061 4750 1186 4788 ecce
1234 4733 1431 4801 reperit
1478 4734 1616 4788 duos
1665 4733 1764 4787 via:

203 4827 383 4884 socios
429 4823 709 4894 repentina
740 4831 912 4876 morte
954 4833 1273 4891 prostratos.
1322 4821 1566 4890 Cumque
1611 4821 1763 4876 festi-

204 4917 529 4972 nantissime
571 4912 938 4989 deseruissent
981 4912 1158 4966 locum
1205 4911 1538 4989 pestilentize,
1585 4911 1764 4964 Abbas

202 5005 315 5076 jam
349 5008 556 5075 potitus
587 4987 1224 5076 'sciscitaudiglibertate,
1267 5009 1646 5068 percunctatus
1683 5008 1765 5052 est

207 5095 570 5154 venerabilem
616 5092 855 5146 Levitam
925 5089 1054 5158 quid
1089 5091 1326 5154 vidisset,
1374 5089 1518 5158 quod
1561 5096 1763 5141 tantam

303 5269 392 5332 li)
415 5267 546 5323 Acta
569 5266 720 5320 varia
745 5263 799 5318 S.
835 5263 1068 5332 [lagonis
1093 5265 1338 5320 dedimus
1364 5263 1451 5317 29.
1478 5261 1694 5330 Aprilis.

303 5269 392 5328 li)
415 5269 546 5323 Acta
569 5269 720 5320 varia
745 5269 799 5318 S.
835 5269 1068 5332 Ilugonis
1093 5269 1338 5320 dedimus
1364 5269 1451 5317 29.
1478 5269 1694 5330 Aprilis.

275 5269 396 5405 ἱ-Ιῖἐ)
421 5336 638 5391 Mortuo
657 5349 799 5405 anno
836 5333 982 5405 lilii}.
1012 5332 1068 5385 S.
1098 5333 1264 5405 Leone
1305 5332 1406 5386 IX.
1445 5332 1768 5405 substitutus

215 5400 649 5474 annoaeque-nte
681 5402 856 5474 Victor
880 5400 962 5474 I_I.
1007 5410 1061 5454 et
1101 5401 1227 5474 l_u_t_ic
1266 5417 1409 5474 anno
1452 5400 1606 5455 1057.
1635 5401 1768 5474 vita

215 5468 763 5536 [mwlsuocesscrat
784 5471 1069 5537 Stephanus
1099 5468 1199 5521 IX.
1225 5471 1317 5537 qui
1359 5478 1482 5536 post
1513 5468 1639 5537 octo
1659 5470 1767 5522 cir-

217 5541 356 5598 ἀίει
395 5557 610 5596 menses
645 5536 880 5595 decessit
933 5555 964 5593 e
1005 5539 1157 5592 vivis.
1223 5536 1336 5600 llic,
1405 5545 1540 5590 teste
1592 5536 1770 5590 Leone

219 5605 452 5670 Ostiensi
475 5611 568 5665 lib.
595 5609 653 5662 2.
679 5608 931 5662 Chronici
966 5607 1278 5663 Casinensis
1311 5620 1429 5673 cap.
1467 5603 1584 5656 100.
1618 5620 1772 5673 mane

221 5677 368 5735 divit
422 5687 482 5734 ut
522 5677 709 5734 nullus
741 5691 770 5730 a
816 5690 920 5750 suo
953 5677 1098 5730 obitu
1134 5672 1418 5745 eligeretur
1459 5673 1623 5744 Papa,
1664 5672 1769 5728 nisi

1862 4645 1996 4698 duce
2023 4643 2227 4719 Spiritu.
2259 4645 2500 4705 veritatis
2527 4643 2829 4710 eripuisset;
2874 4642 3100 4697 Romam
3145 4663 3413 4717 reversus,

1864 4733 2143 4787 Basilicam
2168 4733 2309 4785 Petri
2337 4731 2596 4799 Apostoli,
2631 4746 2794 4785 causa
2837 4734 3098 4790 orationis
3127 4746 3180 4791 et
3212 4741 3415 4808 gratia-

1865 4838 1982 4875 rum
2013 4820 2259 4885 actionis,
2287 4820 2562 4889 ingressus
2582 4829 2682 4874 est.
2709 4820 2837 4875 Erat
2864 4824 2914 4876 ei
2943 4822 3206 4880 familiare
3235 4829 3411 4881 diver-

1865 4911 2107 4975 ticulum,
2152 4918 2212 4962 ut
2252 4909 2319 4964 ad
2366 4909 2424 4962 Β.
2472 4908 2656 4964 Maria:
2693 4909 2784 4964 Dei
2831 4912 3116 4967 Genitricis
3165 4920 3370 4971 iconena
3398 4959 3412 4982 ,

1863 5001 2244 5055 consistentem
2283 4999 2423 5053 intra
2465 5001 2705 5055 eamdem
2757 5000 3040 5054 Basilicam
3066 5043 3081 5067 ,
3124 5012 3248 5059 ante
3297 5021 3416 5061 eam

1865 5092 2070 5146 orando
2091 5090 2410 5160 procideret,
2439 5099 2492 5144 et
2516 5088 2774 5157 plorando
2802 5104 2896 5142 cor
2917 5105 3075 5145 suum
3097 5093 3411 5151 effunderct.

1866 5263 2076 5316 adesset
2103 5259 2512 5329 Hildebrandus.
2559 5328 2567 5329 ί
2702 5328 2721 5329 7
3314 5325 3323 5329 _

1939 5329 2047 5397 (14)
2091 5328 2341 5382 Nicotaus
2379 5327 2440 5379 ΙΙ
2483 5328 2617 5382 sedit
2640 5345 2670 5383 a
2693 5328 2950 5383 Januario
2973 5332 3099 5383 anni
3124 5332 3278 5388 l059.
3308 5327 3418 5389 fere

1868 5413 2038 5466 usque
2071 5399 2137 5451 ad
2179 5397 2398 5466 Junium
2453 5399 2580 5466 anni
2641 5399 2788 5450 1061.
2847 5400 2937 5466 cui
2979 5409 3106 5454 tunc
3159 5405 3418 5456 Successit

1867 5465 2162 5537 Alexander
2186 5465 2269 5537 ll,
2287 5483 2318 5520 a
2339 5465 2886 5537 qtlorllitdepranrlmn
2909 5465 3167 5522 Cancellis
3191 5472 3415 5537 Aposto-

1868 5535 2039 5604 lorum
2085 5536 2386 5604 praefectum
2419 5536 2495 5604 ait
2545 5534 3056 5604 Malmcshuriensis,
3111 5538 3200 5589 lib.
3238 5534 3304 5590 ’5.
3351 5537 3418 5591 de

1869 5603 2046 5672 Cestis
2087 5602 2294 5672 Regum
2342 5602 2658 5672 Anglorum,
2704 5617 2822 5672 pag.
2889 5603 3006 5656 107.
3059 5620 3124 5657 ex
3183 5604 3417 5660 editione

1871 5671 2327 5728 Francofurtensi.
