  <div class='ocr_page' id='page_1' title='image "/cluster/home/n/w/nwhite01/storage/ocr_20150623/148/uva.x000829792/031.png"; bbox 0 0 3902 6404; ppageno 0'>
   <div class='ocr_carea' id='block_1_1' title="bbox 539 435 3737 533">
    <p class='ocr_par' dir='ltr' id='par_1_1' title="bbox 539 435 3737 533">
     <span class='ocr_line' id='line_1_1' title="bbox 539 435 3737 533; baseline -0.002 -8"><span class='ocrx_word' id='word_1_1' title='bbox 539 462 607 527; x_wconf 75' lang='lat' dir='ltr'><strong>t7</strong></span> <span class='ocrx_word' id='word_1_2' title='bbox 1228 489 1234 500; x_wconf 72' lang='grc' dir='ltr'><strong>ι</strong></span> <span class='ocrx_word' id='word_1_3' title='bbox 1719 465 1774 518; x_wconf 92' lang='lat' dir='ltr'><strong>s.</strong></span> <span class='ocrx_word' id='word_1_4' title='bbox 1814 435 2205 520; x_wconf 70' lang='lat' dir='ltr'><strong>Caesonius</strong></span> <span class='ocrx_word' id='word_1_5' title='bbox 2243 464 2329 518; x_wconf 87' lang='lat' dir='ltr'><strong>vn</strong></span> <span class='ocrx_word' id='word_1_6' title='bbox 2364 466 2550 522; x_wconf 66' lang='lat' dir='ltr'><strong>mea.</strong></span> <span class='ocrx_word' id='word_1_7' title='bbox 3674 479 3737 533; x_wconf 66' lang='lat' dir='ltr'><strong>4g</strong></span> 
     </span>
    </p>
   </div>
   <div class='ocr_carea' id='block_1_2' title="bbox 542 572 3734 652">
    <p class='ocr_par' dir='ltr' id='par_1_2' title="bbox 542 572 3734 652">
     <span class='ocr_line' id='line_1_2' title="bbox 542 572 3734 652; baseline 0.001 -17"><span class='ocrx_word' id='word_1_8' title='bbox 542 582 709 652; x_wconf 81' lang='lat' dir='ltr'><strong>igitur</strong></span> <span class='ocrx_word' id='word_1_9' title='bbox 730 595 853 635; x_wconf 91' lang='lat' dir='ltr'><strong>cum</strong></span> <span class='ocrx_word' id='word_1_10' title='bbox 883 579 983 635; x_wconf 86' lang='lat' dir='ltr'><strong>hac</strong></span> <span class='ocrx_word' id='word_1_11' title='bbox 1016 579 1129 634; x_wconf 86' lang='lat' dir='ltr'><strong>vice</strong></span> <span class='ocrx_word' id='word_1_12' title='bbox 1156 578 1449 633; x_wconf 87' lang='lat' dir='ltr'><strong>secundum</strong></span> <span class='ocrx_word' id='word_1_13' title='bbox 1477 572 1620 631; x_wconf 87' lang='lat' dir='ltr'><strong>hanc</strong></span> <span class='ocrx_word' id='word_1_14' title='bbox 1645 575 2089 630; x_wconf 77' lang='lat' dir='ltr'><strong>consuetudinem</strong></span> <span class='ocrx_word' id='word_1_15' title='bbox 2118 580 2162 634; x_wconf 81' lang='grc' dir='ltr'><strong>Α</strong></span> <span class='ocrx_word' id='word_1_16' title='bbox 2187 576 2354 629; x_wconf 85' lang='lat' dir='ltr'><strong>dens:</strong></span> <span class='ocrx_word' id='word_1_17' title='bbox 2379 575 2575 644; x_wconf 87' lang='lat' dir='ltr'><strong>Sancta</strong></span> <span class='ocrx_word' id='word_1_18' title='bbox 2619 576 2864 643; x_wconf 82' lang='lat' dir='ltr'><strong>Domina,</strong></span> <span class='ocrx_word' id='word_1_19' title='bbox 2898 577 2991 631; x_wconf 85' lang='lat' dir='ltr'><strong>Dei</strong></span> <span class='ocrx_word' id='word_1_20' title='bbox 3011 579 3275 648; x_wconf 85' lang='lat' dir='ltr'><strong>Gcnitrix,</strong></span> <span class='ocrx_word' id='word_1_21' title='bbox 3301 583 3559 651; x_wconf 88' lang='lat' dir='ltr'><strong>quoniam</strong></span> <span class='ocrx_word' id='word_1_22' title='bbox 3602 585 3734 640; x_wconf 78' lang='lat' dir='ltr'><strong>viam</strong></span> 
     </span>
    </p>
   </div>
   <div class='ocr_carea' id='block_1_3' title="bbox 543 665 2094 735">
    <p class='ocr_par' dir='ltr' id='par_1_3' title="bbox 543 665 2094 735">
     <span class='ocr_line' id='line_1_3' title="bbox 543 665 2094 735; baseline -0.005 -11"><span class='ocrx_word' id='word_1_23' title='bbox 543 671 785 726; x_wconf 79' lang='lat' dir='ltr'><strong>facturus</strong></span> <span class='ocrx_word' id='word_1_24' title='bbox 814 669 1148 734; x_wconf 80' lang='lat' dir='ltr'><strong>accessisset;</strong></span> <span class='ocrx_word' id='word_1_25' title='bbox 1176 669 1325 733; x_wconf 89' lang='lat' dir='ltr'><strong>vidit,</strong></span> <span class='ocrx_word' id='word_1_26' title='bbox 1357 667 1501 735; x_wconf 89' lang='lat' dir='ltr'><strong>quod</strong></span> <span class='ocrx_word' id='word_1_27' title='bbox 1525 666 1671 722; x_wconf 91' lang='lat' dir='ltr'><strong>dictu</strong></span> <span class='ocrx_word' id='word_1_28' title='bbox 1700 665 1946 720; x_wconf 91' lang='lat' dir='ltr'><strong>mirabile</strong></span> <span class='ocrx_word' id='word_1_29' title='bbox 1985 673 2094 732; x_wconf 85' lang='lat' dir='ltr'><strong>est,-</strong></span> 
     </span>
    </p>
   </div>
   <div class='ocr_carea' id='block_1_4' title="bbox 542 754 2092 829">
    <p class='ocr_par' dir='ltr' id='par_1_4' title="bbox 542 754 2092 829">
     <span class='ocr_line' id='line_1_4' title="bbox 542 754 2092 829; baseline -0.004 -15"><span class='ocrx_word' id='word_1_30' title='bbox 542 761 715 829; x_wconf 89' lang='lat' dir='ltr'><strong>ipsam</strong></span> <span class='ocrx_word' id='word_1_31' title='bbox 753 757 1040 827; x_wconf 83' lang='lat' dir='ltr'><strong>imaginem</strong></span> <span class='ocrx_word' id='word_1_32' title='bbox 1060 758 1324 827; x_wconf 82' lang='lat' dir='ltr'><strong>lacrymas</strong></span> <span class='ocrx_word' id='word_1_33' title='bbox 1348 756 1549 811; x_wconf 74' lang='lat' dir='ltr'><strong>stillare</strong></span> <span class='ocrx_word' id='word_1_34' title='bbox 1564 796 1578 821; x_wconf 93' lang='lat'><strong>,</strong></span> <span class='ocrx_word' id='word_1_35' title='bbox 1601 765 1656 809; x_wconf 91' lang='lat' dir='ltr'><strong>et</strong></span> <span class='ocrx_word' id='word_1_36' title='bbox 1674 755 1830 825; x_wconf 89' lang='lat' dir='ltr'><strong>quasi</strong></span> <span class='ocrx_word' id='word_1_37' title='bbox 1850 754 2092 809; x_wconf 86' lang='lat' dir='ltr'><strong>dolorem</strong></span> 
     </span>
    </p>
   </div>
   <div class='ocr_carea' id='block_1_5' title="bbox 543 841 2092 917">
    <p class='ocr_par' dir='ltr' id='par_1_5' title="bbox 543 841 2092 917">
     <span class='ocr_line' id='line_1_5' title="bbox 543 841 2092 917; baseline -0.003 -14"><span class='ocrx_word' id='word_1_38' title='bbox 543 865 702 903; x_wconf 86' lang='lat' dir='ltr'><strong>suum</strong></span> <span class='ocrx_word' id='word_1_39' title='bbox 729 864 828 917; x_wconf 92' lang='lat' dir='ltr'><strong>pro</strong></span> <span class='ocrx_word' id='word_1_40' title='bbox 847 848 1026 916; x_wconf 91' lang='lat' dir='ltr'><strong>aliqua</strong></span> <span class='ocrx_word' id='word_1_41' title='bbox 1047 847 1226 901; x_wconf 90' lang='lat' dir='ltr'><strong>dilecti</strong></span> <span class='ocrx_word' id='word_1_42' title='bbox 1249 848 1332 900; x_wconf 90' lang='lat' dir='ltr'><strong>sui</strong></span> <span class='ocrx_word' id='word_1_43' title='bbox 1359 846 1604 899; x_wconf 75' lang='lat' dir='ltr'><strong>molestia</strong></span> <span class='ocrx_word' id='word_1_44' title='bbox 1627 844 1950 914; x_wconf 84' lang='lat' dir='ltr'><strong>signiﬁcare.</strong></span> <span class='ocrx_word' id='word_1_45' title='bbox 1975 841 2092 911; x_wconf 87' lang='lat' dir='ltr'><strong>Ipse</strong></span> 
     </span>
    </p>
   </div>
   <div class='ocr_carea' id='block_1_6' title="bbox 541 933 2088 1007">
    <p class='ocr_par' dir='ltr' id='par_1_6' title="bbox 541 933 2088 1007">
     <span class='ocr_line' id='line_1_6' title="bbox 541 933 2088 1007; baseline -0.004 -15"><span class='ocrx_word' id='word_1_46' title='bbox 541 948 721 992; x_wconf 90' lang='lat' dir='ltr'><strong>autem</strong></span> <span class='ocrx_word' id='word_1_47' title='bbox 749 938 983 1007; x_wconf 90' lang='lat' dir='ltr'><strong>repletus</strong></span> <span class='ocrx_word' id='word_1_48' title='bbox 1007 944 1230 1005; x_wconf 88' lang='lat' dir='ltr'><strong>stupore</strong></span> <span class='ocrx_word' id='word_1_49' title='bbox 1251 944 1304 990; x_wconf 89' lang='lat' dir='ltr'><strong>et</strong></span> <span class='ocrx_word' id='word_1_50' title='bbox 1329 935 1546 1000; x_wconf 89' lang='lat' dir='ltr'><strong>ecstasi,</strong></span> <span class='ocrx_word' id='word_1_51' title='bbox 1568 942 1854 1004; x_wconf 82' lang='lat' dir='ltr'><strong>postquam</strong></span> <span class='ocrx_word' id='word_1_52' title='bbox 1879 933 2013 988; x_wconf 86' lang='lat' dir='ltr'><strong>satis</strong></span> <span class='ocrx_word' id='word_1_53' title='bbox 2036 933 2088 986; x_wconf 94' lang='lat' dir='ltr'><strong>in</strong></span> 
     </span>
    </p>
   </div>
   <div class='ocr_carea' id='block_1_7' title="bbox 543 1023 2090 1096">
    <p class='ocr_par' dir='ltr' id='par_1_7' title="bbox 543 1023 2090 1096">
     <span class='ocr_line' id='line_1_7' title="bbox 543 1023 2090 1096; baseline -0.005 -13"><span class='ocrx_word' id='word_1_54' title='bbox 543 1030 953 1084; x_wconf 66' lang='lat' dir='ltr'><strong>admirationem</strong></span> <span class='ocrx_word' id='word_1_55' title='bbox 983 1027 1190 1082; x_wconf 83' lang='lat' dir='ltr'><strong>deﬁxus</strong></span> <span class='ocrx_word' id='word_1_56' title='bbox 1210 1036 1313 1093; x_wconf 90' lang='lat' dir='ltr'><strong>est,</strong></span> <span class='ocrx_word' id='word_1_57' title='bbox 1337 1025 1590 1096; x_wconf 85' lang='lat' dir='ltr'><strong>lacrymis</strong></span> <span class='ocrx_word' id='word_1_58' title='bbox 1622 1025 1888 1095; x_wconf 85' lang='lat' dir='ltr'><strong>lacrymas</strong></span> <span class='ocrx_word' id='word_1_59' title='bbox 1926 1023 2090 1077; x_wconf 89' lang='lat' dir='ltr'><strong>uber-</strong></span> 
     </span>
    </p>
   </div>
   <div class='ocr_carea' id='block_1_8' title="bbox 539 1103 2089 1186">
    <p class='ocr_par' dir='ltr' id='par_1_8' title="bbox 539 1103 2089 1186">
     <span class='ocr_line' id='line_1_8' title="bbox 539 1103 2089 1186; baseline -0.005 -13"><span class='ocrx_word' id='word_1_60' title='bbox 539 1121 640 1173; x_wconf 92' lang='lat' dir='ltr'><strong>tim</strong></span> <span class='ocrx_word' id='word_1_61' title='bbox 679 1117 947 1174; x_wconf 84' lang='lat' dir='ltr'><strong>reddidit:</strong></span> <span class='ocrx_word' id='word_1_62' title='bbox 980 1103 1034 1172; x_wconf 86' lang='lat' dir='ltr'><strong>ct</strong></span> <span class='ocrx_word' id='word_1_63' title='bbox 1082 1117 1472 1186; x_wconf 84' lang='lat' dir='ltr'><strong>supplicatione</strong></span> <span class='ocrx_word' id='word_1_64' title='bbox 1517 1114 1782 1184; x_wconf 87' lang='lat' dir='ltr'><strong>completa</strong></span> <span class='ocrx_word' id='word_1_65' title='bbox 1808 1155 1823 1179; x_wconf 95' lang='lat'><strong>,</strong></span> <span class='ocrx_word' id='word_1_66' title='bbox 1865 1111 2089 1167; x_wconf 83' lang='lat' dir='ltr'><strong>Latera-</strong></span> 
     </span>
    </p>
   </div>
   <div class='ocr_carea' id='block_1_9' title="bbox 539 1206 2090 1277">
    <p class='ocr_par' dir='ltr' id='par_1_9' title="bbox 539 1206 2090 1277">
     <span class='ocr_line' id='line_1_9' title="bbox 539 1206 2090 1277; baseline -0.002 -15"><span class='ocrx_word' id='word_1_67' title='bbox 539 1225 707 1265; x_wconf 83' lang='lat' dir='ltr'><strong>nense</strong></span> <span class='ocrx_word' id='word_1_68' title='bbox 733 1211 1019 1277; x_wconf 78' lang='lat' dir='ltr'><strong>Palatium,</strong></span> <span class='ocrx_word' id='word_1_69' title='bbox 1055 1212 1386 1265; x_wconf 88' lang='lat' dir='ltr'><strong>salutaturus</strong></span> <span class='ocrx_word' id='word_1_70' title='bbox 1417 1210 1683 1264; x_wconf 84' lang='lat' dir='ltr'><strong>Domuum</strong></span> <span class='ocrx_word' id='word_1_71' title='bbox 1705 1206 2090 1276; x_wconf 25' lang='lat' dir='ltr'><strong>Papam-,‘revi-</strong></span> 
     </span>
    </p>
   </div>
   <div class='ocr_carea' id='block_1_10' title="bbox 539 1296 2089 1370">
    <p class='ocr_par' dir='ltr' id='par_1_10' title="bbox 539 1296 2089 1370">
     <span class='ocr_line' id='line_1_10' title="bbox 539 1296 2089 1370; baseline -0.001 -19"><span class='ocrx_word' id='word_1_72' title='bbox 539 1301 610 1352; x_wconf 91' lang='lat' dir='ltr'><strong>slt</strong></span> <span class='ocrx_word' id='word_1_73' title='bbox 655 1300 761 1366; x_wconf 86' lang='lat' dir='ltr'><strong>Qui</strong></span> <span class='ocrx_word' id='word_1_74' title='bbox 785 1317 909 1355; x_wconf 88' lang='lat' dir='ltr'><strong>mox</strong></span> <span class='ocrx_word' id='word_1_75' title='bbox 939 1301 1128 1370; x_wconf 90' lang='lat' dir='ltr'><strong>perlati</strong></span> <span class='ocrx_word' id='word_1_76' title='bbox 1162 1301 1229 1353; x_wconf 90' lang='lat' dir='ltr'><strong>ad</strong></span> <span class='ocrx_word' id='word_1_77' title='bbox 1260 1315 1384 1364; x_wconf 86' lang='lat' dir='ltr'><strong>eum</strong></span> <span class='ocrx_word' id='word_1_78' title='bbox 1419 1299 1541 1353; x_wconf 81' lang='lat' dir='ltr'><strong>falsi</strong></span> <span class='ocrx_word' id='word_1_79' title='bbox 1564 1298 1798 1352; x_wconf 91' lang='lat' dir='ltr'><strong>rumoris</strong></span> <span class='ocrx_word' id='word_1_80' title='bbox 1818 1296 2089 1366; x_wconf 75' lang='lat' dir='ltr'><strong>excipiens</strong></span> 
     </span>
    </p>
   </div>
   <div class='ocr_carea' id='block_1_11' title="bbox 485 1389 2088 1459">
    <p class='ocr_par' dir='ltr' id='par_1_11' title="bbox 485 1389 2088 1459">
     <span class='ocr_line' id='line_1_11' title="bbox 485 1389 2088 1459; baseline -0.002 -18"><span class='ocrx_word' id='word_1_81' title='bbox 485 1389 487 1392; x_wconf 84' lang='grc'><em>’</em></span> <span class='ocrx_word' id='word_1_82' title='bbox 538 1391 817 1457; x_wconf 81' lang='lat' dir='ltr'><strong>Indicium;</strong></span> <span class='ocrx_word' id='word_1_83' title='bbox 841 1389 1248 1459; x_wconf 50' lang='lat' dir='ltr'><strong>quodxvidelicet</strong></span> <span class='ocrx_word' id='word_1_84' title='bbox 1271 1404 1368 1458; x_wconf 91' lang='lat' dir='ltr'><strong>pro</strong></span> <span class='ocrx_word' id='word_1_85' title='bbox 1390 1389 1703 1442; x_wconf 82' lang='lat' dir='ltr'><strong>muneribus</strong></span> <span class='ocrx_word' id='word_1_86' title='bbox 1733 1393 2088 1456; x_wconf 65' lang='lat' dir='ltr'><strong>prmnotatum</strong></span> 
     </span>
    </p>
   </div>
   <div class='ocr_carea' id='block_1_12' title="bbox 531 1468 2089 1549">
    <p class='ocr_par' dir='ltr' id='par_1_12' title="bbox 531 1468 2089 1549">
     <span class='ocr_line' id='line_1_12' title="bbox 531 1468 2089 1549; baseline -0.003 -18"><span class='ocrx_word' id='word_1_87' title='bbox 531 1468 882 1549; x_wconf 77' lang='lat' dir='ltr'><strong>justiﬁcasset</strong></span> <span class='ocrx_word' id='word_1_88' title='bbox 898 1480 1241 1549; x_wconf 85' lang='lat' dir='ltr'><strong>Episcopum,</strong></span> <span class='ocrx_word' id='word_1_89' title='bbox 1265 1486 1505 1547; x_wconf 85' lang='lat' dir='ltr'><strong>patenter</strong></span> <span class='ocrx_word' id='word_1_90' title='bbox 1529 1477 1676 1531; x_wconf 91' lang='lat' dir='ltr'><strong>dedit</strong></span> <span class='ocrx_word' id='word_1_91' title='bbox 1703 1475 1921 1544; x_wconf 78' lang='lat' dir='ltr'><strong>intelligi</strong></span> <span class='ocrx_word' id='word_1_92' title='bbox 1958 1475 2089 1544; x_wconf 90' lang='lat' dir='ltr'><strong>quid</strong></span> 
     </span>
    </p>
   </div>
   <div class='ocr_carea' id='block_1_13' title="bbox 538 1564 2083 1639">
    <p class='ocr_par' dir='ltr' id='par_1_13' title="bbox 538 1564 2083 1639">
     <span class='ocr_line' id='line_1_13' title="bbox 538 1564 2083 1639; baseline -0.002 -19"><span class='ocrx_word' id='word_1_93' title='bbox 538 1569 592 1621; x_wconf 92' lang='lat' dir='ltr'><strong>in</strong></span> <span class='ocrx_word' id='word_1_94' title='bbox 617 1586 771 1625; x_wconf 91' lang='lat' dir='ltr'><strong>sacra</strong></span> <span class='ocrx_word' id='word_1_95' title='bbox 795 1569 1402 1639; x_wconf 28' lang='lat' dir='ltr'><strong>imagine’signiﬁcasset</strong></span> <span class='ocrx_word' id='word_1_96' title='bbox 1429 1566 1723 1622; x_wconf 90' lang='lat' dir='ltr'><strong>similitudo</strong></span> <span class='ocrx_word' id='word_1_97' title='bbox 1745 1564 2083 1620; x_wconf 88' lang='lat' dir='ltr'><strong>condoleudi.</strong></span> 
     </span>
    </p>
   </div>
   <div class='ocr_carea' id='block_1_14' title="bbox 475 1653 2087 1728">
    <p class='ocr_par' dir='ltr' id='par_1_14' title="bbox 475 1653 2087 1728">
     <span class='ocr_line' id='line_1_14' title="bbox 475 1653 2087 1728; baseline -0.006 -13"><span class='ocrx_word' id='word_1_98' title='bbox 475 1723 477 1726; x_wconf 30' lang='grc' dir='ltr'><strong>η</strong></span> <span class='ocrx_word' id='word_1_99' title='bbox 537 1660 736 1714; x_wconf 74' lang='lat' dir='ltr'><strong>Verum</strong></span> <span class='ocrx_word' id='word_1_100' title='bbox 759 1676 880 1714; x_wconf 93' lang='lat' dir='ltr'><strong>cum</strong></span> <span class='ocrx_word' id='word_1_101' title='bbox 905 1659 1186 1728; x_wconf 89' lang='lat' dir='ltr'><strong>sapientia,</strong></span> <span class='ocrx_word' id='word_1_102' title='bbox 1210 1673 1330 1727; x_wconf 68' lang='lat' dir='ltr'><strong>quae</strong></span> <span class='ocrx_word' id='word_1_103' title='bbox 1352 1657 1566 1711; x_wconf 87' lang='lat' dir='ltr'><strong>lucebat</strong></span> <span class='ocrx_word' id='word_1_104' title='bbox 1590 1655 1646 1710; x_wconf 91' lang='lat' dir='ltr'><strong>in</strong></span> <span class='ocrx_word' id='word_1_105' title='bbox 1666 1655 1816 1709; x_wconf 88' lang='lat' dir='ltr'><strong>vultu</strong></span> <span class='ocrx_word' id='word_1_106' title='bbox 1838 1653 1976 1723; x_wconf 89' lang='lat' dir='ltr'><strong>ejus,</strong></span> <span class='ocrx_word' id='word_1_107' title='bbox 1998 1669 2087 1707; x_wconf 87' lang='lat' dir='ltr'><strong>ra—</strong></span> 
     </span>
    </p>
   </div>
   <div class='ocr_carea' id='block_1_15' title="bbox 535 1745 2085 1819">
    <p class='ocr_par' dir='ltr' id='par_1_15' title="bbox 535 1745 2085 1819">
     <span class='ocr_line' id='line_1_15' title="bbox 535 1745 2085 1819; baseline -0.004 -16"><span class='ocrx_word' id='word_1_108' title='bbox 535 1752 736 1804; x_wconf 87' lang='lat' dir='ltr'><strong>tionem</strong></span> <span class='ocrx_word' id='word_1_109' title='bbox 762 1751 1013 1819; x_wconf 87' lang='lat' dir='ltr'><strong>coepisset</strong></span> <span class='ocrx_word' id='word_1_110' title='bbox 1039 1749 1279 1814; x_wconf 88' lang='lat' dir='ltr'><strong>reddere;</strong></span> <span class='ocrx_word' id='word_1_111' title='bbox 1310 1747 1700 1802; x_wconf 86' lang='lat' dir='ltr'><strong>erubescebant</strong></span> <span class='ocrx_word' id='word_1_112' title='bbox 1729 1761 1950 1810; x_wconf 84' lang='lat' dir='ltr'><strong>omnes,</strong></span> <span class='ocrx_word' id='word_1_113' title='bbox 1991 1745 2085 1814; x_wconf 86' lang='lat' dir='ltr'><strong>qui</strong></span> 
     </span>
    </p>
   </div>
   <div class='ocr_carea' id='block_1_16' title="bbox 534 1833 2086 1909">
    <p class='ocr_par' dir='ltr' id='par_1_16' title="bbox 534 1833 2086 1909">
     <span class='ocr_line' id='line_1_16' title="bbox 534 1833 2086 1909; baseline -0.005 -15"><span class='ocrx_word' id='word_1_114' title='bbox 534 1841 591 1894; x_wconf 92' lang='lat' dir='ltr'><strong>in</strong></span> <span class='ocrx_word' id='word_1_115' title='bbox 617 1842 899 1909; x_wconf 61' lang='lat' dir='ltr'><strong>praesentia</strong></span> <span class='ocrx_word' id='word_1_116' title='bbox 928 1847 1101 1904; x_wconf 86' lang='lat' dir='ltr'><strong>erant,</strong></span> <span class='ocrx_word' id='word_1_117' title='bbox 1125 1837 1418 1894; x_wconf 76' lang='lat' dir='ltr'><strong>adversarii</strong></span> <span class='ocrx_word' id='word_1_118' title='bbox 1442 1836 1560 1906; x_wconf 88' lang='lat' dir='ltr'><strong>ejus</strong></span> <span class='ocrx_word' id='word_1_119' title='bbox 1587 1855 1599 1890; x_wconf 91' lang='lat'><strong>:</strong></span> <span class='ocrx_word' id='word_1_120' title='bbox 1629 1835 1853 1905; x_wconf 88' lang='lat' dir='ltr'><strong>etjuxta</strong></span> <span class='ocrx_word' id='word_1_121' title='bbox 1877 1833 1937 1886; x_wconf 86' lang='grc' dir='ltr'><strong>Β.</strong></span> <span class='ocrx_word' id='word_1_122' title='bbox 1962 1833 2086 1887; x_wconf 84' lang='lat' dir='ltr'><strong>Hie-</strong></span> 
     </span>
    </p>
   </div>
   <div class='ocr_carea' id='block_1_17' title="bbox 533 1926 2105 2000">
    <p class='ocr_par' dir='ltr' id='par_1_17' title="bbox 533 1926 2105 2000">
     <span class='ocr_line' id='line_1_17' title="bbox 533 1926 2105 2000; baseline -0.004 -18"><span class='ocrx_word' id='word_1_123' title='bbox 533 1945 840 2000; x_wconf 87' lang='lat' dir='ltr'><strong>ronymum,</strong></span> <span class='ocrx_word' id='word_1_124' title='bbox 874 1929 1044 1983; x_wconf 81' lang='lat' dir='ltr'><strong>falsus</strong></span> <span class='ocrx_word' id='word_1_125' title='bbox 1069 1942 1256 1982; x_wconf 88' lang='lat' dir='ltr'><strong>rumor</strong></span> <span class='ocrx_word' id='word_1_126' title='bbox 1279 1927 1386 1982; x_wconf 91' lang='lat' dir='ltr'><strong>cito</strong></span> <span class='ocrx_word' id='word_1_127' title='bbox 1419 1926 1841 1996; x_wconf 87' lang='lat' dir='ltr'><strong>opprimebatur,</strong></span> <span class='ocrx_word' id='word_1_128' title='bbox 1865 1931 1919 1978; x_wconf 86' lang='lat' dir='ltr'><strong>et</strong></span> <span class='ocrx_word' id='word_1_129' title='bbox 1940 1939 2105 1977; x_wconf 86' lang='lat' dir='ltr'><strong>mor--</strong></span> 
     </span>
    </p>
   </div>
   <div class='ocr_carea' id='block_1_18' title="bbox 489 2013 2138 2089">
    <p class='ocr_par' dir='ltr' id='par_1_18' title="bbox 489 2013 2138 2089">
     <span class='ocr_line' id='line_1_18' title="bbox 489 2013 2138 2089; baseline -0.007 -15"><span class='ocrx_word' id='word_1_130' title='bbox 489 2015 497 2017; x_wconf 50' lang='grc'><em>⁷”</em></span> <span class='ocrx_word' id='word_1_131' title='bbox 535 2021 640 2074; x_wconf 89' lang='lat' dir='ltr'><strong>dax</strong></span> <span class='ocrx_word' id='word_1_132' title='bbox 685 2021 864 2089; x_wconf 84' lang='lat' dir='ltr'><strong>lingua</strong></span> <span class='ocrx_word' id='word_1_133' title='bbox 901 2020 1011 2073; x_wconf 92' lang='lat' dir='ltr'><strong>cito</strong></span> <span class='ocrx_word' id='word_1_134' title='bbox 1039 2016 1445 2072; x_wconf 76' lang='lat' dir='ltr'><strong>confodiebatur</strong></span> <span class='ocrx_word' id='word_1_135' title='bbox 1475 2034 1488 2070; x_wconf 86' lang='lat'><strong>:</strong></span> <span class='ocrx_word' id='word_1_136' title='bbox 1530 2016 1727 2085; x_wconf 85' lang='lat' dir='ltr'><strong>quippe</strong></span> <span class='ocrx_word' id='word_1_137' title='bbox 1763 2014 1874 2068; x_wconf 90' lang='lat' dir='ltr'><strong>vita</strong></span> <span class='ocrx_word' id='word_1_138' title='bbox 1915 2013 2087 2082; x_wconf 83' lang='lat' dir='ltr'><strong>ipsius</strong></span> <span class='ocrx_word' id='word_1_139' title='bbox 2131 2058 2138 2063; x_wconf 91' lang='lat'><strong>.</strong></span> 
     </span>
    </p>
   </div>
   <div class='ocr_carea' id='block_1_19' title="bbox 532 2103 2083 2177">
    <p class='ocr_par' dir='ltr' id='par_1_19' title="bbox 532 2103 2083 2177">
     <span class='ocr_line' id='line_1_19' title="bbox 532 2103 2083 2177; baseline -0.004 -15"><span class='ocrx_word' id='word_1_140' title='bbox 532 2125 664 2164; x_wconf 86' lang='lat' dir='ltr'><strong>voce</strong></span> <span class='ocrx_word' id='word_1_141' title='bbox 708 2118 762 2164; x_wconf 91' lang='lat' dir='ltr'><strong>et</strong></span> <span class='ocrx_word' id='word_1_142' title='bbox 797 2110 1041 2177; x_wconf 89' lang='lat' dir='ltr'><strong>exemplo</strong></span> <span class='ocrx_word' id='word_1_143' title='bbox 1079 2106 1575 2161; x_wconf 86' lang='lat' dir='ltr'><strong>commendabatur.</strong></span> <span class='ocrx_word' id='word_1_144' title='bbox 1609 2103 1737 2159; x_wconf 81' lang='lat' dir='ltr'><strong>Inde</strong></span> <span class='ocrx_word' id='word_1_145' title='bbox 1778 2119 1903 2158; x_wconf 90' lang='lat' dir='ltr'><strong>cum</strong></span> <span class='ocrx_word' id='word_1_146' title='bbox 1943 2117 2083 2171; x_wconf 74' lang='lat' dir='ltr'><strong>prte-</strong></span> 
     </span>
    </p>
   </div>
   <div class='ocr_carea' id='block_1_20' title="bbox 529 2193 2083 2267">
    <p class='ocr_par' dir='ltr' id='par_1_20' title="bbox 529 2193 2083 2267">
     <span class='ocr_line' id='line_1_20' title="bbox 529 2193 2083 2267; baseline -0.005 -14"><span class='ocrx_word' id='word_1_147' title='bbox 529 2201 675 2253; x_wconf 90' lang='lat' dir='ltr'><strong>dicto</strong></span> <span class='ocrx_word' id='word_1_148' title='bbox 696 2214 847 2252; x_wconf 90' lang='lat' dir='ltr'><strong>more</strong></span> <span class='ocrx_word' id='word_1_149' title='bbox 866 2198 1026 2253; x_wconf 91' lang='lat' dir='ltr'><strong>solito</strong></span> <span class='ocrx_word' id='word_1_150' title='bbox 1036 2203 1296 2267; x_wconf 86' lang='lat' dir='ltr'><strong>repeteret</strong></span> <span class='ocrx_word' id='word_1_151' title='bbox 1316 2195 1624 2266; x_wconf 77' lang='lat' dir='ltr'><strong>imaginem,</strong></span> <span class='ocrx_word' id='word_1_152' title='bbox 1639 2207 1901 2249; x_wconf 89' lang='lat' dir='ltr'><strong>converso</strong></span> <span class='ocrx_word' id='word_1_153' title='bbox 1915 2193 2083 2246; x_wconf 85' lang='lat' dir='ltr'><strong>mira-</strong></span> 
     </span>
    </p>
   </div>
   <div class='ocr_carea' id='block_1_21' title="bbox 533 2283 2079 2354">
    <p class='ocr_par' dir='ltr' id='par_1_21' title="bbox 533 2283 2079 2354">
     <span class='ocr_line' id='line_1_21' title="bbox 533 2283 2079 2354; baseline -0.004 -13"><span class='ocrx_word' id='word_1_154' title='bbox 533 2289 825 2352; x_wconf 89' lang='lat' dir='ltr'><strong>culo,vidit</strong></span> <span class='ocrx_word' id='word_1_155' title='bbox 855 2303 976 2341; x_wconf 90' lang='lat' dir='ltr'><strong>eam</strong></span> <span class='ocrx_word' id='word_1_156' title='bbox 1002 2287 1244 2340; x_wconf 85' lang='lat' dir='ltr'><strong>arridere</strong></span> <span class='ocrx_word' id='word_1_157' title='bbox 1271 2285 1376 2342; x_wconf 80' lang='lat' dir='ltr'><strong>sibi</strong></span> <span class='ocrx_word' id='word_1_158' title='bbox 1403 2294 1657 2354; x_wconf 85' lang='lat' dir='ltr'><strong>tanquam</strong></span> <span class='ocrx_word' id='word_1_159' title='bbox 1680 2283 2079 2352; x_wconf 88' lang='lat' dir='ltr'><strong>triumphatori.</strong></span> 
     </span>
    </p>
   </div>
   <div class='ocr_carea' id='block_1_22' title="bbox 602 2371 2081 2442">
    <p class='ocr_par' dir='ltr' id='par_1_22' title="bbox 602 2371 2081 2442">
     <span class='ocr_line' id='line_1_22' title="bbox 602 2371 2081 2442; baseline -0.003 -13"><span class='ocrx_word' id='word_1_160' title='bbox 602 2377 686 2429; x_wconf 89' lang='grc'><strong>18.</strong></span> <span class='ocrx_word' id='word_1_161' title='bbox 725 2375 802 2430; x_wconf 86' lang='lat' dir='ltr'><strong>Ne</strong></span> <span class='ocrx_word' id='word_1_162' title='bbox 827 2385 1006 2430; x_wconf 88' lang='lat' dir='ltr'><strong>autem</strong></span> <span class='ocrx_word' id='word_1_163' title='bbox 1030 2375 1146 2429; x_wconf 81' lang='lat' dir='ltr'><strong>haec</strong></span> <span class='ocrx_word' id='word_1_164' title='bbox 1185 2373 1468 2439; x_wconf 89' lang='lat' dir='ltr'><strong>miracula,</strong></span> <span class='ocrx_word' id='word_1_165' title='bbox 1497 2373 1747 2442; x_wconf 88' lang='lat' dir='ltr'><strong>quamvis</strong></span> <span class='ocrx_word' id='word_1_166' title='bbox 1767 2372 1834 2426; x_wconf 89' lang='lat' dir='ltr'><strong>de</strong></span> <span class='ocrx_word' id='word_1_167' title='bbox 1858 2371 2081 2442; x_wconf 85' lang='lat' dir='ltr'><strong>sanctis,</strong></span> 
     </span>
    </p>
   </div>
   <div class='ocr_carea' id='block_1_23' title="bbox 532 2448 2080 2529">
    <p class='ocr_par' dir='ltr' id='par_1_23' title="bbox 532 2448 2080 2529">
     <span class='ocr_line' id='line_1_23' title="bbox 532 2448 2080 2529; baseline -0.003 -9"><span class='ocrx_word' id='word_1_168' title='bbox 532 2476 712 2520; x_wconf 90' lang='lat' dir='ltr'><strong>tamen</strong></span> <span class='ocrx_word' id='word_1_169' title='bbox 741 2466 807 2520; x_wconf 89' lang='lat' dir='ltr'><strong>de</strong></span> <span class='ocrx_word' id='word_1_170' title='bbox 849 2464 1138 2520; x_wconf 86' lang='lat' dir='ltr'><strong>insensatis</strong></span> <span class='ocrx_word' id='word_1_171' title='bbox 1165 2463 1349 2529; x_wconf 87' lang='lat' dir='ltr'><strong>rebus,</strong></span> <span class='ocrx_word' id='word_1_172' title='bbox 1389 2462 1721 2517; x_wconf 86' lang='lat' dir='ltr'><strong>incredibilia</strong></span> <span class='ocrx_word' id='word_1_173' title='bbox 1760 2448 2080 2516; x_wconf 82' lang='lat' dir='ltr'><strong>videantur:</strong></span> 
     </span>
    </p>
   </div>
   <div class='ocr_carea' id='block_1_24' title="bbox 529 2551 2083 2626">
    <p class='ocr_par' dir='ltr' id='par_1_24' title="bbox 529 2551 2083 2626">
     <span class='ocr_line' id='line_1_24' title="bbox 529 2551 2083 2626; baseline -0.005 -15"><span class='ocrx_word' id='word_1_174' title='bbox 529 2573 594 2612; x_wconf 85' lang='lat' dir='ltr'><strong>ex</strong></span> <span class='ocrx_word' id='word_1_175' title='bbox 617 2555 1066 2626; x_wconf 87' lang='lat' dir='ltr'><strong>probabilioribus</strong></span> <span class='ocrx_word' id='word_1_176' title='bbox 1097 2551 1524 2607; x_wconf 87' lang='lat' dir='ltr'><strong>orthodoxorum</strong></span> <span class='ocrx_word' id='word_1_177' title='bbox 1542 2551 1763 2605; x_wconf 86' lang='lat' dir='ltr'><strong>Patrum</strong></span> <span class='ocrx_word' id='word_1_178' title='bbox 1785 2551 1998 2620; x_wconf 88' lang='lat' dir='ltr'><strong>scriptis</strong></span> <span class='ocrx_word' id='word_1_179' title='bbox 2027 2551 2083 2604; x_wconf 81' lang='lat' dir='ltr'><strong>li-</strong></span> 
     </span>
    </p>
   </div>
   <div class='ocr_carea' id='block_1_25' title="bbox 530 2639 2084 2712">
    <p class='ocr_par' dir='ltr' id='par_1_25' title="bbox 530 2639 2084 2712">
     <span class='ocr_line' id='line_1_25' title="bbox 530 2639 2084 2712; baseline -0.003 -11"><span class='ocrx_word' id='word_1_180' title='bbox 530 2647 652 2702; x_wconf 89' lang='lat' dir='ltr'><strong>dem</strong></span> <span class='ocrx_word' id='word_1_181' title='bbox 705 2639 841 2700; x_wconf 67' lang='lat' dir='ltr'><strong>‘dare</strong></span> <span class='ocrx_word' id='word_1_182' title='bbox 888 2645 1161 2709; x_wconf 88' lang='lat' dir='ltr'><strong>volumus,</strong></span> <span class='ocrx_word' id='word_1_183' title='bbox 1231 2641 1478 2712; x_wconf 58' lang='lat' dir='ltr'><strong>quaedam</strong></span> <span class='ocrx_word' id='word_1_184' title='bbox 1524 2657 1592 2697; x_wconf 88' lang='lat' dir='ltr'><strong>ex</strong></span> <span class='ocrx_word' id='word_1_185' title='bbox 1639 2641 1727 2696; x_wconf 91' lang='lat' dir='ltr'><strong>his</strong></span> <span class='ocrx_word' id='word_1_186' title='bbox 1775 2649 2084 2696; x_wconf 85' lang='lat' dir='ltr'><strong>mutuantes</strong></span> 
     </span>
    </p>
   </div>
   <div class='ocr_carea' id='block_1_26' title="bbox 530 2730 2083 2804">
    <p class='ocr_par' dir='ltr' id='par_1_26' title="bbox 530 2730 2083 2804">
     <span class='ocr_line' id='line_1_26' title="bbox 530 2730 2083 2804; baseline -0.005 -14"><span class='ocrx_word' id='word_1_187' title='bbox 530 2735 772 2804; x_wconf 87' lang='lat' dir='ltr'><strong>exempla</strong></span> <span class='ocrx_word' id='word_1_188' title='bbox 806 2749 928 2803; x_wconf 67' lang='lat' dir='ltr'><strong>quae</strong></span> <span class='ocrx_word' id='word_1_189' title='bbox 956 2741 1144 2787; x_wconf 88' lang='lat' dir='ltr'><strong>contra</strong></span> <span class='ocrx_word' id='word_1_190' title='bbox 1174 2732 1485 2800; x_wconf 86' lang='lat' dir='ltr'><strong>hujusmodi</strong></span> <span class='ocrx_word' id='word_1_191' title='bbox 1509 2730 1938 2784; x_wconf 88' lang='lat' dir='ltr'><strong>incredulitatem</strong></span> <span class='ocrx_word' id='word_1_192' title='bbox 1973 2744 2083 2782; x_wconf 92' lang='lat' dir='ltr'><strong>non</strong></span> 
     </span>
    </p>
   </div>
   <div class='ocr_carea' id='block_1_27' title="bbox 529 2819 2084 2894">
    <p class='ocr_par' dir='ltr' id='par_1_27' title="bbox 529 2819 2084 2894">
     <span class='ocr_line' id='line_1_27' title="bbox 529 2819 2084 2894; baseline -0.005 -14"><span class='ocrx_word' id='word_1_193' title='bbox 529 2834 785 2894; x_wconf 88' lang='lat' dir='ltr'><strong>putamus</strong></span> <span class='ocrx_word' id='word_1_194' title='bbox 827 2822 1078 2877; x_wconf 90' lang='lat' dir='ltr'><strong>invalida.</strong></span> <span class='ocrx_word' id='word_1_195' title='bbox 1118 2819 1208 2876; x_wconf 85' lang='lat' dir='ltr'><strong>Sic</strong></span> <span class='ocrx_word' id='word_1_196' title='bbox 1251 2821 1396 2873; x_wconf 91' lang='lat' dir='ltr'><strong>enim</strong></span> <span class='ocrx_word' id='word_1_197' title='bbox 1430 2820 1624 2890; x_wconf 87' lang='lat' dir='ltr'><strong>legitur</strong></span> <span class='ocrx_word' id='word_1_198' title='bbox 1662 2820 1718 2873; x_wconf 92' lang='lat' dir='ltr'><strong>in</strong></span> <span class='ocrx_word' id='word_1_199' title='bbox 1765 2820 2084 2873; x_wconf 89' lang='lat' dir='ltr'><strong>Actionibus</strong></span> 
     </span>
    </p>
   </div>
   <div class='ocr_carea' id='block_1_28' title="bbox 529 2907 2084 2984">
    <p class='ocr_par' dir='ltr' id='par_1_28' title="bbox 529 2907 2084 2984">
     <span class='ocr_line' id='line_1_28' title="bbox 529 2907 2084 2984; baseline -0.005 -16"><span class='ocrx_word' id='word_1_200' title='bbox 529 2915 744 2984; x_wconf 83' lang='lat' dir='ltr'><strong>septimi</strong></span> <span class='ocrx_word' id='word_1_201' title='bbox 818 2911 1139 2967; x_wconf 83' lang='lat' dir='ltr'><strong>universalis</strong></span> <span class='ocrx_word' id='word_1_202' title='bbox 1211 2909 1461 2975; x_wconf 89' lang='lat' dir='ltr'><strong>Concilii,</strong></span> <span class='ocrx_word' id='word_1_203' title='bbox 1523 2909 1869 2963; x_wconf 84' lang='lat' dir='ltr'><strong>auctoritate</strong></span> <span class='ocrx_word' id='word_1_204' title='bbox 1922 2907 2084 2976; x_wconf 88' lang='lat' dir='ltr'><strong>primi</strong></span> 
     </span>
    </p>
   </div>
   <div class='ocr_carea' id='block_1_29' title="bbox 526 2998 2084 3072">
    <p class='ocr_par' dir='ltr' id='par_1_29' title="bbox 526 2998 2084 3072">
     <span class='ocr_line' id='line_1_29' title="bbox 526 2998 2084 3072; baseline -0.005 -14"><span class='ocrx_word' id='word_1_205' title='bbox 526 3005 749 3059; x_wconf 87' lang='lat' dir='ltr'><strong>Adriani</strong></span> <span class='ocrx_word' id='word_1_206' title='bbox 767 3004 925 3072; x_wconf 74' lang='lat' dir='ltr'><strong>Papa:</strong></span> <span class='ocrx_word' id='word_1_207' title='bbox 945 3001 1154 3057; x_wconf 83' lang='lat' dir='ltr'><strong>collecti</strong></span> <span class='ocrx_word' id='word_1_208' title='bbox 1175 3001 1284 3070; x_wconf 83' lang='lat' dir='ltr'><strong>(l5)</strong></span> <span class='ocrx_word' id='word_1_209' title='bbox 1310 3018 1325 3052; x_wconf 86' lang='lat'><strong>:</strong></span> <span class='ocrx_word' id='word_1_210' title='bbox 1351 2998 1600 3054; x_wconf 86' lang='lat' dir='ltr'><strong>Narravit</strong></span> <span class='ocrx_word' id='word_1_211' title='bbox 1620 3001 1778 3052; x_wconf 91' lang='lat' dir='ltr'><strong>nobis</strong></span> <span class='ocrx_word' id='word_1_212' title='bbox 1796 2999 2084 3071; x_wconf 80' lang='lat' dir='ltr'><strong>Dionysius</strong></span> 
     </span>
    </p>
   </div>
   <div class='ocr_carea' id='block_1_30' title="bbox 525 3079 2084 3164">
    <p class='ocr_par' dir='ltr' id='par_1_30' title="bbox 525 3079 2084 3164">
     <span class='ocr_line' id='line_1_30' title="bbox 525 3079 2084 3164; baseline -0.005 -16"><span class='ocrx_word' id='word_1_213' title='bbox 525 3085 807 3164; x_wconf 77' lang='lat' dir='ltr'><strong>presbyter</strong></span> <span class='ocrx_word' id='word_1_214' title='bbox 854 3079 1110 3147; x_wconf 71' lang='lat' dir='ltr'><strong>Ecclesia:</strong></span> <span class='ocrx_word' id='word_1_215' title='bbox 1153 3089 1438 3144; x_wconf 85' lang='lat' dir='ltr'><strong>Ascalonis</strong></span> <span class='ocrx_word' id='word_1_216' title='bbox 1456 3130 1471 3154; x_wconf 93' lang='lat'><strong>,</strong></span> <span class='ocrx_word' id='word_1_217' title='bbox 1524 3089 1592 3144; x_wconf 92' lang='lat' dir='ltr'><strong>de</strong></span> <span class='ocrx_word' id='word_1_218' title='bbox 1648 3089 1841 3143; x_wconf 84' lang='lat' dir='ltr'><strong>abbate</strong></span> <span class='ocrx_word' id='word_1_219' title='bbox 1875 3088 2084 3142; x_wconf 78' lang='lat' dir='ltr'><strong>Joanne</strong></span> 
     </span>
    </p>
   </div>
   <div class='ocr_carea' id='block_1_31' title="bbox 2191 664 3736 735">
    <p class='ocr_par' dir='ltr' id='par_1_31' title="bbox 2191 664 3736 735">
     <span class='ocr_line' id='line_1_31' title="bbox 2191 664 3736 735; baseline 0.01 -19"><span class='ocrx_word' id='word_1_220' title='bbox 2191 664 2364 718; x_wconf 86' lang='lat' dir='ltr'><strong>habeo</strong></span> <span class='ocrx_word' id='word_1_221' title='bbox 2387 666 2602 735; x_wconf 85' lang='lat' dir='ltr'><strong>longam</strong></span> <span class='ocrx_word' id='word_1_222' title='bbox 2659 666 2725 720; x_wconf 91' lang='lat' dir='ltr'><strong>ad</strong></span> <span class='ocrx_word' id='word_1_223' title='bbox 2760 668 3168 735; x_wconf 83' lang='lat' dir='ltr'><strong>ambulandum,</strong></span> <span class='ocrx_word' id='word_1_224' title='bbox 3197 671 3493 726; x_wconf 90' lang='lat' dir='ltr'><strong>multorum</strong></span> <span class='ocrx_word' id='word_1_225' title='bbox 3532 675 3736 732; x_wconf 88' lang='lat' dir='ltr'><strong>dierum</strong></span> 
     </span>
    </p>
   </div>
   <div class='ocr_carea' id='block_1_32' title="bbox 2189 753 3735 834">
    <p class='ocr_par' dir='ltr' id='par_1_32' title="bbox 2189 753 3735 834">
     <span class='ocr_line' id='line_1_32' title="bbox 2189 753 3735 834; baseline 0.01 -28"><span class='ocrx_word' id='word_1_226' title='bbox 2189 753 2422 822; x_wconf 89' lang='lat' dir='ltr'><strong>spatium</strong></span> <span class='ocrx_word' id='word_1_227' title='bbox 2462 754 2766 822; x_wconf 87' lang='lat' dir='ltr'><strong>habentem,</strong></span> <span class='ocrx_word' id='word_1_228' title='bbox 2804 757 2871 811; x_wconf 92' lang='lat' dir='ltr'><strong>de</strong></span> <span class='ocrx_word' id='word_1_229' title='bbox 2911 759 3129 813; x_wconf 88' lang='lat' dir='ltr'><strong>candela</strong></span> <span class='ocrx_word' id='word_1_230' title='bbox 3169 768 3262 814; x_wconf 86' lang='lat' dir='ltr'><strong>tua</strong></span> <span class='ocrx_word' id='word_1_231' title='bbox 3316 777 3501 817; x_wconf 91' lang='lat' dir='ltr'><strong>curam</strong></span> <span class='ocrx_word' id='word_1_232' title='bbox 3525 765 3735 834; x_wconf 88' lang='lat' dir='ltr'><strong>habeto,</strong></span> 
     </span>
    </p>
   </div>
   <div class='ocr_carea' id='block_1_33' title="bbox 2189 843 3736 926">
    <p class='ocr_par' dir='ltr' id='par_1_33' title="bbox 2189 843 3736 926">
     <span class='ocr_line' id='line_1_33' title="bbox 2189 843 3736 926; baseline 0.009 -31"><span class='ocrx_word' id='word_1_233' title='bbox 2189 853 2238 896; x_wconf 87' lang='lat' dir='ltr'><strong>et</strong></span> <span class='ocrx_word' id='word_1_234' title='bbox 2299 843 2758 914; x_wconf 84' lang='lat' dir='ltr'><strong>inextinguibilem</strong></span> <span class='ocrx_word' id='word_1_235' title='bbox 2811 863 2931 900; x_wconf 90' lang='lat' dir='ltr'><strong>eam</strong></span> <span class='ocrx_word' id='word_1_236' title='bbox 2985 850 3279 904; x_wconf 89' lang='lat' dir='ltr'><strong>secundum</strong></span> <span class='ocrx_word' id='word_1_237' title='bbox 3326 867 3504 906; x_wconf 89' lang='lat' dir='ltr'><strong>meum</strong></span> <span class='ocrx_word' id='word_1_238' title='bbox 3542 871 3736 926; x_wconf 90' lang='lat' dir='ltr'><strong>pr0po-</strong></span> 
     </span>
    </p>
   </div>
   <div class='ocr_carea' id='block_1_34' title="bbox 2188 934 3736 1008">
    <p class='ocr_par' dir='ltr' id='par_1_34' title="bbox 2188 934 3736 1008">
     <span class='ocr_line' id='line_1_34' title="bbox 2188 934 3736 1008; baseline 0.008 -21"><span class='ocrx_word' id='word_1_239' title='bbox 2188 934 2352 988; x_wconf 90' lang='lat' dir='ltr'><strong>situm</strong></span> <span class='ocrx_word' id='word_1_240' title='bbox 2406 935 2659 989; x_wconf 87' lang='lat' dir='ltr'><strong>custodi:</strong></span> <span class='ocrx_word' id='word_1_241' title='bbox 2699 951 2802 1006; x_wconf 83' lang='lat' dir='ltr'><strong>ego</strong></span> <span class='ocrx_word' id='word_1_242' title='bbox 2870 938 3015 991; x_wconf 91' lang='lat' dir='ltr'><strong>cnim</strong></span> <span class='ocrx_word' id='word_1_243' title='bbox 3073 939 3399 1008; x_wconf 88' lang='lat' dir='ltr'><strong>adjutorium</strong></span> <span class='ocrx_word' id='word_1_244' title='bbox 3449 952 3600 997; x_wconf 91' lang='lat' dir='ltr'><strong>tuum</strong></span> <span class='ocrx_word' id='word_1_245' title='bbox 3651 962 3736 1000; x_wconf 89' lang='lat' dir='ltr'><strong>co-</strong></span> 
     </span>
    </p>
   </div>
   <div class='ocr_carea' id='block_1_35' title="bbox 2188 1024 3736 1100">
    <p class='ocr_par' dir='ltr' id='par_1_35' title="bbox 2188 1024 3736 1100">
     <span class='ocr_line' id='line_1_35' title="bbox 2188 1024 3736 1100; baseline 0.008 -24"><span class='ocrx_word' id='word_1_246' title='bbox 2188 1024 2370 1077; x_wconf 88' lang='lat' dir='ltr'><strong>mitem</strong></span> <span class='ocrx_word' id='word_1_247' title='bbox 2413 1025 2619 1080; x_wconf 87' lang='lat' dir='ltr'><strong>habens</strong></span> <span class='ocrx_word' id='word_1_248' title='bbox 2647 1027 2860 1080; x_wconf 89' lang='lat' dir='ltr'><strong>vadam.</strong></span> <span class='ocrx_word' id='word_1_249' title='bbox 2902 1026 2969 1080; x_wconf 84' lang='lat' dir='ltr'><strong>Et</strong></span> <span class='ocrx_word' id='word_1_250' title='bbox 3015 1027 3098 1083; x_wconf 89' lang='lat' dir='ltr'><strong>his</strong></span> <span class='ocrx_word' id='word_1_251' title='bbox 3128 1029 3195 1082; x_wconf 92' lang='lat' dir='ltr'><strong>ad</strong></span> <span class='ocrx_word' id='word_1_252' title='bbox 3242 1029 3526 1100; x_wconf 88' lang='lat' dir='ltr'><strong>imaginem</strong></span> <span class='ocrx_word' id='word_1_253' title='bbox 3563 1035 3736 1099; x_wconf 88' lang='lat' dir='ltr'><strong>dictis,</strong></span> 
     </span>
    </p>
   </div>
   <div class='ocr_carea' id='block_1_36' title="bbox 2187 1113 3734 1189">
    <p class='ocr_par' dir='ltr' id='par_1_36' title="bbox 2187 1113 3734 1189">
     <span class='ocr_line' id='line_1_36' title="bbox 2187 1113 3734 1189; baseline 0.008 -24"><span class='ocrx_word' id='word_1_254' title='bbox 2187 1113 2365 1167; x_wconf 82' lang='lat' dir='ltr'><strong>abibat</strong></span> <span class='ocrx_word' id='word_1_255' title='bbox 2398 1132 2410 1166; x_wconf 90' lang='lat'><strong>:</strong></span> <span class='ocrx_word' id='word_1_256' title='bbox 2446 1121 2502 1166; x_wconf 90' lang='lat' dir='ltr'><strong>et</strong></span> <span class='ocrx_word' id='word_1_257' title='bbox 2519 1115 2799 1184; x_wconf 82' lang='lat' dir='ltr'><strong>proposito</strong></span> <span class='ocrx_word' id='word_1_258' title='bbox 2836 1116 3028 1171; x_wconf 89' lang='lat' dir='ltr'><strong>itinere</strong></span> <span class='ocrx_word' id='word_1_259' title='bbox 3059 1119 3327 1186; x_wconf 81' lang='lat' dir='ltr'><strong>completo</strong></span> <span class='ocrx_word' id='word_1_260' title='bbox 3356 1124 3734 1189; x_wconf 87' lang='lat' dir='ltr'><strong>revertebatur,</strong></span> 
     </span>
    </p>
   </div>
   <div class='ocr_carea' id='block_1_37' title="bbox 2187 1194 3738 1278">
    <p class='ocr_par' dir='ltr' id='par_1_37' title="bbox 2187 1194 3738 1278">
     <span class='ocr_line' id='line_1_37' title="bbox 2187 1194 3738 1278; baseline 0.006 -21"><span class='ocrx_word' id='word_1_261' title='bbox 2187 1194 2476 1273; x_wconf 84' lang='lat' dir='ltr'><strong>aliquando</strong></span> <span class='ocrx_word' id='word_1_262' title='bbox 2501 1200 2719 1273; x_wconf 85' lang='lat' dir='ltr'><strong>quidem</strong></span> <span class='ocrx_word' id='word_1_263' title='bbox 2746 1219 2932 1260; x_wconf 87' lang='lat' dir='ltr'><strong>mense</strong></span> <span class='ocrx_word' id='word_1_264' title='bbox 2955 1222 3084 1272; x_wconf 91' lang='lat' dir='ltr'><strong>uno,</strong></span> <span class='ocrx_word' id='word_1_265' title='bbox 3121 1209 3410 1278; x_wconf 89' lang='lat' dir='ltr'><strong>aliquando</strong></span> <span class='ocrx_word' id='word_1_266' title='bbox 3441 1211 3570 1263; x_wconf 83' lang='lat' dir='ltr'><strong>vero</strong></span> <span class='ocrx_word' id='word_1_267' title='bbox 3615 1213 3738 1266; x_wconf 85' lang='lat' dir='ltr'><strong>duo-</strong></span> 
     </span>
    </p>
   </div>
   <div class='ocr_carea' id='block_1_38' title="bbox 2188 1279 3739 1367">
    <p class='ocr_par' dir='ltr' id='par_1_38' title="bbox 2188 1279 3739 1367">
     <span class='ocr_line' id='line_1_38' title="bbox 2188 1279 3739 1367; baseline 0.005 -19"><span class='ocrx_word' id='word_1_268' title='bbox 2188 1294 2289 1348; x_wconf 91' lang='lat' dir='ltr'><strong>bus</strong></span> <span class='ocrx_word' id='word_1_269' title='bbox 2327 1295 2412 1347; x_wconf 87' lang='lat' dir='ltr'><strong>vel</strong></span> <span class='ocrx_word' id='word_1_270' title='bbox 2438 1279 2633 1361; x_wconf 81' lang='lat' dir='ltr'><strong>tribus,</strong></span> <span class='ocrx_word' id='word_1_271' title='bbox 2662 1309 3052 1364; x_wconf 87' lang='lat' dir='ltr'><strong>nonnunquam</strong></span> <span class='ocrx_word' id='word_1_272' title='bbox 3086 1298 3327 1367; x_wconf 90' lang='lat' dir='ltr'><strong>quinque</strong></span> <span class='ocrx_word' id='word_1_273' title='bbox 3360 1307 3452 1353; x_wconf 89' lang='lat' dir='ltr'><strong>aut</strong></span> <span class='ocrx_word' id='word_1_274' title='bbox 3500 1316 3593 1354; x_wconf 86' lang='lat' dir='ltr'><strong>sex</strong></span> <span class='ocrx_word' id='word_1_275' title='bbox 3628 1316 3739 1354; x_wconf 92' lang='lat' dir='ltr'><strong>mo-</strong></span> 
     </span>
    </p>
   </div>
   <div class='ocr_carea' id='block_1_39' title="bbox 2186 1375 3737 1444">
    <p class='ocr_par' dir='ltr' id='par_1_39' title="bbox 2186 1375 3737 1444">
     <span class='ocr_line' id='line_1_39' title="bbox 2186 1375 3737 1444; baseline 0.005 -8"><span class='ocrx_word' id='word_1_276' title='bbox 2186 1390 2375 1436; x_wconf 88' lang='lat' dir='ltr'><strong>ratus:</strong></span> <span class='ocrx_word' id='word_1_277' title='bbox 2404 1392 2460 1437; x_wconf 91' lang='lat' dir='ltr'><strong>et</strong></span> <span class='ocrx_word' id='word_1_278' title='bbox 2488 1382 2567 1438; x_wconf 89' lang='lat' dir='ltr'><strong>sic</strong></span> <span class='ocrx_word' id='word_1_279' title='bbox 2590 1375 2896 1438; x_wconf 83' lang='lat' dir='ltr'><strong>inveniebat</strong></span> <span class='ocrx_word' id='word_1_280' title='bbox 2916 1387 3192 1440; x_wconf 87' lang='lat' dir='ltr'><strong>candelam</strong></span> <span class='ocrx_word' id='word_1_281' title='bbox 3230 1389 3534 1443; x_wconf 88' lang='lat' dir='ltr'><strong>ordinatam</strong></span> <span class='ocrx_word' id='word_1_282' title='bbox 3564 1400 3618 1444; x_wconf 92' lang='lat' dir='ltr'><strong>et</strong></span> <span class='ocrx_word' id='word_1_283' title='bbox 3656 1407 3737 1443; x_wconf 88' lang='lat' dir='ltr'><strong>ar—</strong></span> 
     </span>
    </p>
   </div>
   <div class='ocr_carea' id='block_1_40' title="bbox 2185 1474 3718 1547">
    <p class='ocr_par' dir='ltr' id='par_1_40' title="bbox 2185 1474 3718 1547">
     <span class='ocr_line' id='line_1_40' title="bbox 2185 1474 3718 1547; baseline 0.005 -20"><span class='ocrx_word' id='word_1_284' title='bbox 2185 1474 2420 1539; x_wconf 91' lang='lat' dir='ltr'><strong>dentem,</strong></span> <span class='ocrx_word' id='word_1_285' title='bbox 2456 1482 2643 1529; x_wconf 88' lang='lat' dir='ltr'><strong>uteam</strong></span> <span class='ocrx_word' id='word_1_286' title='bbox 2666 1475 2734 1529; x_wconf 88' lang='lat' dir='ltr'><strong>ad</strong></span> <span class='ocrx_word' id='word_1_287' title='bbox 2762 1475 2863 1529; x_wconf 86' lang='lat' dir='ltr'><strong>iter</strong></span> <span class='ocrx_word' id='word_1_288' title='bbox 2883 1477 3146 1546; x_wconf 85' lang='lat' dir='ltr'><strong>agendum</strong></span> <span class='ocrx_word' id='word_1_289' title='bbox 3167 1492 3484 1547; x_wconf 77' lang='lat' dir='ltr'><strong>egressurus</strong></span> <span class='ocrx_word' id='word_1_290' title='bbox 3511 1483 3718 1536; x_wconf 88' lang='lat' dir='ltr'><strong>sinebat</strong></span> 
     </span>
    </p>
   </div>
   <div class='ocr_carea' id='block_1_41' title="bbox 2186 1550 3738 1635">
    <p class='ocr_par' dir='ltr' id='par_1_41' title="bbox 2186 1550 3738 1635">
     <span class='ocr_line' id='line_1_41' title="bbox 2186 1550 3738 1635; baseline 0.006 -20"><span class='ocrx_word' id='word_1_291' title='bbox 2186 1576 2479 1630; x_wconf 85' lang='lat' dir='ltr'><strong>numquam</strong></span> <span class='ocrx_word' id='word_1_292' title='bbox 2507 1563 2652 1617; x_wconf 89' lang='lat' dir='ltr'><strong>illam</strong></span> <span class='ocrx_word' id='word_1_293' title='bbox 2669 1563 2957 1633; x_wconf 89' lang='lat' dir='ltr'><strong>aliquando</strong></span> <span class='ocrx_word' id='word_1_294' title='bbox 2978 1581 3008 1620; x_wconf 90' lang='lat' dir='ltr'><strong>a</strong></span> <span class='ocrx_word' id='word_1_295' title='bbox 3029 1550 3315 1635; x_wconf 81' lang='lat' dir='ltr'><strong>semetipsa</strong></span> <span class='ocrx_word' id='word_1_296' title='bbox 3341 1569 3633 1623; x_wconf 84' lang='lat' dir='ltr'><strong>extinctam</strong></span> <span class='ocrx_word' id='word_1_297' title='bbox 3662 1571 3738 1624; x_wconf 81' lang='lat' dir='ltr'><strong>vi-</strong></span> 
     </span>
    </p>
   </div>
   <div class='ocr_carea' id='block_1_42' title="bbox 2183 1647 3743 1724">
    <p class='ocr_par' dir='ltr' id='par_1_42' title="bbox 2183 1647 3743 1724">
     <span class='ocr_line' id='line_1_42' title="bbox 2183 1647 3743 1724; baseline 0.005 -18"><span class='ocrx_word' id='word_1_298' title='bbox 2183 1651 2281 1716; x_wconf 90' lang='lat' dir='ltr'><strong>dit,</strong></span> <span class='ocrx_word' id='word_1_299' title='bbox 2303 1666 2476 1720; x_wconf 88' lang='lat' dir='ltr'><strong>neque</strong></span> <span class='ocrx_word' id='word_1_300' title='bbox 2500 1668 2531 1706; x_wconf 93' lang='lat' dir='ltr'><strong>a</strong></span> <span class='ocrx_word' id='word_1_301' title='bbox 2553 1665 2746 1707; x_wconf 84' lang='lat' dir='ltr'><strong>somno</strong></span> <span class='ocrx_word' id='word_1_302' title='bbox 2769 1669 3018 1723; x_wconf 83' lang='lat' dir='ltr'><strong>surgens,</strong></span> <span class='ocrx_word' id='word_1_303' title='bbox 3042 1671 3215 1724; x_wconf 90' lang='lat' dir='ltr'><strong>neque</strong></span> <span class='ocrx_word' id='word_1_304' title='bbox 3233 1657 3303 1710; x_wconf 90' lang='lat' dir='ltr'><strong>ab</strong></span> <span class='ocrx_word' id='word_1_305' title='bbox 3317 1647 3504 1712; x_wconf 86' lang='lat' dir='ltr'><strong>eremo</strong></span> <span class='ocrx_word' id='word_1_306' title='bbox 3525 1648 3743 1714; x_wconf 84' lang='lat' dir='ltr'><strong>rediens</strong></span> 
     </span>
    </p>
   </div>
   <div class='ocr_carea' id='block_1_43' title="bbox 2185 1741 2596 1808">
    <p class='ocr_par' dir='ltr' id='par_1_43' title="bbox 2185 1741 2596 1808">
     <span class='ocr_line' id='line_1_43' title="bbox 2185 1741 2596 1808; baseline -0.002 -13"><span class='ocrx_word' id='word_1_307' title='bbox 2185 1741 2241 1795; x_wconf 90' lang='lat' dir='ltr'><strong>in</strong></span> <span class='ocrx_word' id='word_1_308' title='bbox 2263 1741 2596 1808; x_wconf 88' lang='lat' dir='ltr'><strong>speluncam.</strong></span> 
     </span>
    </p>
   </div>
   <div class='ocr_carea' id='block_1_44' title="bbox 2255 1824 3734 1906">
    <p class='ocr_par' dir='ltr' id='par_1_44' title="bbox 2255 1824 3734 1906">
     <span class='ocr_line' id='line_1_44' title="bbox 2255 1824 3734 1906; baseline 0.009 -24"><span class='ocrx_word' id='word_1_309' title='bbox 2255 1830 2340 1883; x_wconf 87' lang='grc'><strong>19.</strong></span> <span class='ocrx_word' id='word_1_310' title='bbox 2385 1828 2518 1885; x_wconf 86' lang='lat' dir='ltr'><strong>Item</strong></span> <span class='ocrx_word' id='word_1_311' title='bbox 2569 1846 2638 1885; x_wconf 92' lang='lat' dir='ltr'><strong>ex</strong></span> <span class='ocrx_word' id='word_1_312' title='bbox 2670 1831 2870 1886; x_wconf 92' lang='lat' dir='ltr'><strong>eisdem</strong></span> <span class='ocrx_word' id='word_1_313' title='bbox 2911 1832 3230 1888; x_wconf 88' lang='lat' dir='ltr'><strong>Actionibus</strong></span> <span class='ocrx_word' id='word_1_314' title='bbox 3270 1849 3337 1889; x_wconf 91' lang='lat' dir='ltr'><strong>ex</strong></span> <span class='ocrx_word' id='word_1_315' title='bbox 3375 1824 3496 1890; x_wconf 76' lang='lat' dir='ltr'><strong>Vita</strong></span> <span class='ocrx_word' id='word_1_316' title='bbox 3533 1837 3645 1906; x_wconf 86' lang='lat' dir='ltr'><strong>(l9)</strong></span> <span class='ocrx_word' id='word_1_317' title='bbox 3677 1837 3734 1894; x_wconf 87' lang='lat' dir='ltr'><strong>S.</strong></span> 
     </span>
    </p>
   </div>
   <div class='ocr_carea' id='block_1_45' title="bbox 2184 1918 3735 1996">
    <p class='ocr_par' dir='ltr' id='par_1_45' title="bbox 2184 1918 3735 1996">
     <span class='ocr_line' id='line_1_45' title="bbox 2184 1918 3735 1996; baseline 0.007 -25"><span class='ocrx_word' id='word_1_318' title='bbox 2184 1918 2453 1974; x_wconf 88' lang='lat' dir='ltr'><strong>Theodori</strong></span> <span class='ocrx_word' id='word_1_319' title='bbox 2476 1920 2944 1988; x_wconf 68' lang='lat' dir='ltr'><strong>Archimandritte,</strong></span> <span class='ocrx_word' id='word_1_320' title='bbox 2979 1939 3102 1977; x_wconf 91' lang='lat' dir='ltr'><strong>cum</strong></span> <span class='ocrx_word' id='word_1_321' title='bbox 3125 1932 3271 1978; x_wconf 91' lang='lat' dir='ltr'><strong>esset</strong></span> <span class='ocrx_word' id='word_1_322' title='bbox 3287 1940 3552 1980; x_wconf 88' lang='lat' dir='ltr'><strong>annorum</strong></span> <span class='ocrx_word' id='word_1_323' title='bbox 3585 1930 3735 1996; x_wconf 90' lang='lat' dir='ltr'><strong>quasi</strong></span> 
     </span>
    </p>
   </div>
   <div class='ocr_carea' id='block_1_46' title="bbox 2182 2006 3736 2082">
    <p class='ocr_par' dir='ltr' id='par_1_46' title="bbox 2182 2006 3736 2082">
     <span class='ocr_line' id='line_1_46' title="bbox 2182 2006 3736 2082; baseline 0.008 -23"><span class='ocrx_word' id='word_1_324' title='bbox 2182 2023 2282 2072; x_wconf 87' lang='lat' dir='ltr'><strong>xu,</strong></span> <span class='ocrx_word' id='word_1_325' title='bbox 2301 2006 2440 2062; x_wconf 82' lang='lat' dir='ltr'><strong>facta</strong></span> <span class='ocrx_word' id='word_1_326' title='bbox 2463 2019 2546 2064; x_wconf 90' lang='lat' dir='ltr'><strong>est</strong></span> <span class='ocrx_word' id='word_1_327' title='bbox 2567 2010 2868 2065; x_wconf 86' lang='lat' dir='ltr'><strong>mortalitas</strong></span> <span class='ocrx_word' id='word_1_328' title='bbox 2887 2028 2950 2064; x_wconf 87' lang='lat' dir='ltr'><strong>ex</strong></span> <span class='ocrx_word' id='word_1_329' title='bbox 2980 2012 3192 2079; x_wconf 84' lang='lat' dir='ltr'><strong>bubone</strong></span> <span class='ocrx_word' id='word_1_330' title='bbox 3217 2011 3270 2065; x_wconf 91' lang='lat' dir='ltr'><strong>in</strong></span> <span class='ocrx_word' id='word_1_331' title='bbox 3292 2013 3380 2067; x_wconf 93' lang='lat' dir='ltr'><strong>illa</strong></span> <span class='ocrx_word' id='word_1_332' title='bbox 3406 2014 3550 2082; x_wconf 87' lang='lat' dir='ltr'><strong>villa,</strong></span> <span class='ocrx_word' id='word_1_333' title='bbox 3581 2017 3654 2070; x_wconf 83' lang='lat' dir='ltr'><strong>ita</strong></span> <span class='ocrx_word' id='word_1_334' title='bbox 3682 2027 3736 2071; x_wconf 91' lang='lat' dir='ltr'><strong>ut</strong></span> 
     </span>
    </p>
   </div>
   <div class='ocr_carea' id='block_1_47' title="bbox 2181 2097 3739 2168">
    <p class='ocr_par' dir='ltr' id='par_1_47' title="bbox 2181 2097 3739 2168">
     <span class='ocr_line' id='line_1_47' title="bbox 2181 2097 3739 2168; baseline 0.008 -20"><span class='ocrx_word' id='word_1_335' title='bbox 2181 2105 2236 2149; x_wconf 93' lang='lat' dir='ltr'><strong>et</strong></span> <span class='ocrx_word' id='word_1_336' title='bbox 2250 2097 2362 2164; x_wconf 89' lang='lat' dir='ltr'><strong>ipse</strong></span> <span class='ocrx_word' id='word_1_337' title='bbox 2389 2098 2753 2153; x_wconf 77' lang='lat' dir='ltr'><strong>inﬁrmamtur</strong></span> <span class='ocrx_word' id='word_1_338' title='bbox 2776 2114 2914 2168; x_wconf 87' lang='lat' dir='ltr'><strong>pene</strong></span> <span class='ocrx_word' id='word_1_339' title='bbox 2945 2101 3012 2154; x_wconf 91' lang='lat' dir='ltr'><strong>ad</strong></span> <span class='ocrx_word' id='word_1_340' title='bbox 3054 2109 3302 2156; x_wconf 89' lang='lat' dir='ltr'><strong>mortem.</strong></span> <span class='ocrx_word' id='word_1_341' title='bbox 3333 2101 3506 2157; x_wconf 90' lang='lat' dir='ltr'><strong>Porro</strong></span> <span class='ocrx_word' id='word_1_342' title='bbox 3542 2106 3739 2160; x_wconf 84' lang='lat' dir='ltr'><strong>detule-</strong></span> 
     </span>
    </p>
   </div>
   <div class='ocr_carea' id='block_1_48' title="bbox 2179 2189 3734 2262">
    <p class='ocr_par' dir='ltr' id='par_1_48' title="bbox 2179 2189 3734 2262">
     <span class='ocr_line' id='line_1_48' title="bbox 2179 2189 3734 2262; baseline 0.008 -23"><span class='ocrx_word' id='word_1_343' title='bbox 2179 2193 2309 2240; x_wconf 91' lang='lat' dir='ltr'><strong>runt</strong></span> <span class='ocrx_word' id='word_1_344' title='bbox 2328 2201 2452 2240; x_wconf 90' lang='lat' dir='ltr'><strong>eum</strong></span> <span class='ocrx_word' id='word_1_345' title='bbox 2480 2189 2536 2241; x_wconf 94' lang='lat' dir='ltr'><strong>in</strong></span> <span class='ocrx_word' id='word_1_346' title='bbox 2561 2191 2854 2244; x_wconf 89' lang='lat' dir='ltr'><strong>oratoriam</strong></span> <span class='ocrx_word' id='word_1_347' title='bbox 2877 2191 3095 2244; x_wconf 89' lang='lat' dir='ltr'><strong>domum</strong></span> <span class='ocrx_word' id='word_1_348' title='bbox 3122 2191 3180 2245; x_wconf 90' lang='lat' dir='ltr'><strong>S.</strong></span> <span class='ocrx_word' id='word_1_349' title='bbox 3219 2190 3443 2247; x_wconf 83' lang='lat' dir='ltr'><strong>Joannis</strong></span> <span class='ocrx_word' id='word_1_350' title='bbox 3467 2193 3734 2262; x_wconf 73' lang='lat' dir='ltr'><strong>Baptistae,</strong></span> 
     </span>
    </p>
   </div>
   <div class='ocr_carea' id='block_1_49' title="bbox 2181 2277 3733 2346">
    <p class='ocr_par' dir='ltr' id='par_1_49' title="bbox 2181 2277 3733 2346">
     <span class='ocr_line' id='line_1_49' title="bbox 2181 2277 3733 2346; baseline 0.006 -17"><span class='ocrx_word' id='word_1_351' title='bbox 2181 2290 2304 2343; x_wconf 68' lang='lat' dir='ltr'><strong>quae</strong></span> <span class='ocrx_word' id='word_1_352' title='bbox 2335 2277 2611 2346; x_wconf 85' lang='lat' dir='ltr'><strong>eratjuxta</strong></span> <span class='ocrx_word' id='word_1_353' title='bbox 2640 2279 2842 2343; x_wconf 87' lang='lat' dir='ltr'><strong>villam,</strong></span> <span class='ocrx_word' id='word_1_354' title='bbox 2885 2287 2939 2333; x_wconf 90' lang='lat' dir='ltr'><strong>et</strong></span> <span class='ocrx_word' id='word_1_355' title='bbox 2973 2288 3280 2333; x_wconf 84' lang='lat' dir='ltr'><strong>straverunt</strong></span> <span class='ocrx_word' id='word_1_356' title='bbox 3310 2296 3433 2334; x_wconf 89' lang='lat' dir='ltr'><strong>eum</strong></span> <span class='ocrx_word' id='word_1_357' title='bbox 3463 2285 3529 2335; x_wconf 91' lang='lat' dir='ltr'><strong>ad</strong></span> <span class='ocrx_word' id='word_1_358' title='bbox 3564 2285 3733 2338; x_wconf 91' lang='lat' dir='ltr'><strong>intro-</strong></span> 
     </span>
    </p>
   </div>
   <div class='ocr_carea' id='block_1_50' title="bbox 2182 2364 3736 2439">
    <p class='ocr_par' dir='ltr' id='par_1_50' title="bbox 2182 2364 3736 2439">
     <span class='ocr_line' id='line_1_50' title="bbox 2182 2364 3736 2439; baseline 0.007 -23"><span class='ocrx_word' id='word_1_359' title='bbox 2182 2364 2317 2419; x_wconf 89' lang='lat' dir='ltr'><strong>itum</strong></span> <span class='ocrx_word' id='word_1_360' title='bbox 2340 2365 2548 2436; x_wconf 64' lang='lat' dir='ltr'><strong>altaris.</strong></span> <span class='ocrx_word' id='word_1_361' title='bbox 2575 2365 2746 2439; x_wconf 82' lang='lat' dir='ltr'><strong>Porro</strong></span> <span class='ocrx_word' id='word_1_362' title='bbox 2774 2382 2935 2438; x_wconf 87' lang='lat' dir='ltr'><strong>supra</strong></span> <span class='ocrx_word' id='word_1_363' title='bbox 2975 2368 3124 2422; x_wconf 92' lang='lat' dir='ltr'><strong>illum</strong></span> <span class='ocrx_word' id='word_1_364' title='bbox 3164 2369 3217 2421; x_wconf 94' lang='lat' dir='ltr'><strong>in</strong></span> <span class='ocrx_word' id='word_1_365' title='bbox 3244 2372 3583 2438; x_wconf 85' lang='lat' dir='ltr'><strong>receptaculo</strong></span> <span class='ocrx_word' id='word_1_366' title='bbox 3603 2372 3736 2426; x_wconf 86' lang='lat' dir='ltr'><strong>Cru-</strong></span> 
     </span>
    </p>
   </div>
   <div class='ocr_carea' id='block_1_51' title="bbox 2182 2455 3734 2531">
    <p class='ocr_par' dir='ltr' id='par_1_51' title="bbox 2182 2455 3734 2531">
     <span class='ocr_line' id='line_1_51' title="bbox 2182 2455 3734 2531; baseline 0.006 -25"><span class='ocrx_word' id='word_1_367' title='bbox 2182 2455 2262 2508; x_wconf 87' lang='lat' dir='ltr'><strong>cis</strong></span> <span class='ocrx_word' id='word_1_368' title='bbox 2307 2455 2486 2507; x_wconf 89' lang='lat' dir='ltr'><strong>stabat</strong></span> <span class='ocrx_word' id='word_1_369' title='bbox 2528 2455 2706 2526; x_wconf 87' lang='lat' dir='ltr'><strong>imago</strong></span> <span class='ocrx_word' id='word_1_370' title='bbox 2737 2456 3032 2513; x_wconf 88' lang='lat' dir='ltr'><strong>Salvatoris</strong></span> <span class='ocrx_word' id='word_1_371' title='bbox 3073 2457 3201 2512; x_wconf 87' lang='lat' dir='ltr'><strong>Jesu</strong></span> <span class='ocrx_word' id='word_1_372' title='bbox 3230 2458 3472 2525; x_wconf 89' lang='lat' dir='ltr'><strong>Christi;</strong></span> <span class='ocrx_word' id='word_1_373' title='bbox 3504 2477 3734 2531; x_wconf 87' lang='lat' dir='ltr'><strong>cumque</strong></span> 
     </span>
    </p>
   </div>
   <div class='ocr_carea' id='block_1_52' title="bbox 2180 2538 3735 2625">
    <p class='ocr_par' dir='ltr' id='par_1_52' title="bbox 2180 2538 3735 2625">
     <span class='ocr_line' id='line_1_52' title="bbox 2180 2538 3735 2625; baseline 0.005 -23"><span class='ocrx_word' id='word_1_374' title='bbox 2180 2564 2246 2602; x_wconf 90' lang='lat' dir='ltr'><strong>ex</strong></span> <span class='ocrx_word' id='word_1_375' title='bbox 2280 2551 2466 2606; x_wconf 91' lang='lat' dir='ltr'><strong>dolore</strong></span> <span class='ocrx_word' id='word_1_376' title='bbox 2493 2538 2724 2608; x_wconf 81' lang='lat' dir='ltr'><strong>bubonis</strong></span> <span class='ocrx_word' id='word_1_377' title='bbox 2760 2553 3114 2618; x_wconf 89' lang='lat' dir='ltr'><strong>cruciaretur,</strong></span> <span class='ocrx_word' id='word_1_378' title='bbox 3146 2563 3362 2622; x_wconf 83' lang='lat' dir='ltr'><strong>repente</strong></span> <span class='ocrx_word' id='word_1_379' title='bbox 3399 2556 3461 2608; x_wconf 62' lang='lat' dir='ltr'><strong>de</strong></span> <span class='ocrx_word' id='word_1_380' title='bbox 3504 2557 3735 2625; x_wconf 78' lang='lat' dir='ltr'><strong>imagine</strong></span> 
     </span>
    </p>
   </div>
   <div class='ocr_carea' id='block_1_53' title="bbox 2179 2641 3734 2714">
    <p class='ocr_par' dir='ltr' id='par_1_53' title="bbox 2179 2641 3734 2714">
     <span class='ocr_line' id='line_1_53' title="bbox 2179 2641 3734 2714; baseline 0.003 -20"><span class='ocrx_word' id='word_1_381' title='bbox 2179 2641 2490 2696; x_wconf 86' lang='lat' dir='ltr'><strong>ceciderunt</strong></span> <span class='ocrx_word' id='word_1_382' title='bbox 2515 2657 2676 2712; x_wconf 87' lang='lat' dir='ltr'><strong>super</strong></span> <span class='ocrx_word' id='word_1_383' title='bbox 2702 2657 2826 2696; x_wconf 91' lang='lat' dir='ltr'><strong>eum</strong></span> <span class='ocrx_word' id='word_1_384' title='bbox 2863 2643 3003 2698; x_wconf 89' lang='lat' dir='ltr'><strong>roris</strong></span> <span class='ocrx_word' id='word_1_385' title='bbox 3025 2651 3220 2711; x_wconf 67' lang='lat' dir='ltr'><strong>guttae;</strong></span> <span class='ocrx_word' id='word_1_386' title='bbox 3251 2652 3307 2698; x_wconf 89' lang='lat' dir='ltr'><strong>et</strong></span> <span class='ocrx_word' id='word_1_387' title='bbox 3341 2645 3544 2710; x_wconf 90' lang='lat' dir='ltr'><strong>statim,</strong></span> <span class='ocrx_word' id='word_1_388' title='bbox 3567 2647 3734 2714; x_wconf 89' lang='lat' dir='ltr'><strong>gratia</strong></span> 
     </span>
    </p>
   </div>
   <div class='ocr_carea' id='block_1_54' title="bbox 2181 2727 3736 2808">
    <p class='ocr_par' dir='ltr' id='par_1_54' title="bbox 2181 2727 3736 2808">
     <span class='ocr_line' id='line_1_54' title="bbox 2181 2727 3736 2808; baseline 0.005 -27"><span class='ocrx_word' id='word_1_389' title='bbox 2181 2727 2297 2794; x_wconf 87' lang='lat' dir='ltr'><strong>Dei,</strong></span> <span class='ocrx_word' id='word_1_390' title='bbox 2336 2745 2368 2783; x_wconf 93' lang='lat' dir='ltr'><strong>a</strong></span> <span class='ocrx_word' id='word_1_391' title='bbox 2400 2731 2587 2785; x_wconf 92' lang='lat' dir='ltr'><strong>dolore</strong></span> <span class='ocrx_word' id='word_1_392' title='bbox 2626 2731 2920 2808; x_wconf 82' lang='lat' dir='ltr'><strong>convaluit,</strong></span> <span class='ocrx_word' id='word_1_393' title='bbox 2955 2740 3011 2786; x_wconf 89' lang='lat' dir='ltr'><strong>et</strong></span> <span class='ocrx_word' id='word_1_394' title='bbox 3054 2748 3222 2786; x_wconf 91' lang='lat' dir='ltr'><strong>sanus</strong></span> <span class='ocrx_word' id='word_1_395' title='bbox 3271 2734 3493 2789; x_wconf 68' lang='lat' dir='ltr'><strong>effectus</strong></span> <span class='ocrx_word' id='word_1_396' title='bbox 3536 2744 3644 2802; x_wconf 89' lang='lat' dir='ltr'><strong>est,</strong></span> <span class='ocrx_word' id='word_1_397' title='bbox 3684 2745 3736 2789; x_wconf 89' lang='lat' dir='ltr'><strong>et</strong></span> 
     </span>
    </p>
   </div>
   <div class='ocr_carea' id='block_1_55' title="bbox 2182 2809 3734 2891">
    <p class='ocr_par' dir='ltr' id='par_1_55' title="bbox 2182 2809 3734 2891">
     <span class='ocr_line' id='line_1_55' title="bbox 2182 2809 3734 2891; baseline 0.005 -19"><span class='ocrx_word' id='word_1_398' title='bbox 2182 2818 2279 2872; x_wconf 82' lang='lat' dir='ltr'><strong>ivit</strong></span> <span class='ocrx_word' id='word_1_399' title='bbox 2299 2819 2522 2874; x_wconf 89' lang='lat' dir='ltr'><strong>domum</strong></span> <span class='ocrx_word' id='word_1_400' title='bbox 2572 2835 2748 2874; x_wconf 85' lang='lat' dir='ltr'><strong>suam.</strong></span> <span class='ocrx_word' id='word_1_401' title='bbox 2781 2809 2878 2873; x_wconf 77' lang='lat' dir='ltr'><strong>uis</strong></span> <span class='ocrx_word' id='word_1_402' title='bbox 2905 2822 3184 2891; x_wconf 76' lang='lat' dir='ltr'><strong>exemplis,</strong></span> <span class='ocrx_word' id='word_1_403' title='bbox 3231 2823 3300 2876; x_wconf 86' lang='lat' dir='ltr'><strong>ad</strong></span> <span class='ocrx_word' id='word_1_404' title='bbox 3353 2824 3734 2880; x_wconf 87' lang='lat' dir='ltr'><strong>adstruendam</strong></span> 
     </span>
    </p>
   </div>
   <div class='ocr_carea' id='block_1_56' title="bbox 2181 2907 3734 2978">
    <p class='ocr_par' dir='ltr' id='par_1_56' title="bbox 2181 2907 3734 2978">
     <span class='ocr_line' id='line_1_56' title="bbox 2181 2907 3734 2978; baseline 0.005 -17"><span class='ocrx_word' id='word_1_405' title='bbox 2181 2907 2340 2962; x_wconf 81' lang='lat' dir='ltr'><strong>ﬁdem</strong></span> <span class='ocrx_word' id='word_1_406' title='bbox 2383 2909 2625 2964; x_wconf 82' lang='lat' dir='ltr'><strong>sullicere</strong></span> <span class='ocrx_word' id='word_1_407' title='bbox 2666 2910 2991 2978; x_wconf 87' lang='lat' dir='ltr'><strong>valentibus,</strong></span> <span class='ocrx_word' id='word_1_408' title='bbox 3043 2912 3112 2966; x_wconf 89' lang='lat' dir='ltr'><strong>ad</strong></span> <span class='ocrx_word' id='word_1_409' title='bbox 3161 2921 3362 2968; x_wconf 72' lang='lat' dir='ltr'><strong>nostra:</strong></span> <span class='ocrx_word' id='word_1_410' title='bbox 3403 2916 3734 2970; x_wconf 82' lang='lat' dir='ltr'><strong>narrationis</strong></span> 
     </span>
    </p>
   </div>
   <div class='ocr_carea' id='block_1_57' title="bbox 2183 2998 3212 3054">
    <p class='ocr_par' dir='ltr' id='par_1_57' title="bbox 2183 2998 3212 3054">
     <span class='ocr_line' id='line_1_57' title="bbox 2183 2998 3212 3054; baseline 0.009 -5"><span class='ocrx_word' id='word_1_411' title='bbox 2183 2998 2425 3051; x_wconf 90' lang='lat' dir='ltr'><strong>ordinem</strong></span> <span class='ocrx_word' id='word_1_412' title='bbox 2449 2999 2755 3054; x_wconf 87' lang='lat' dir='ltr'><strong>redeamus.</strong></span> <span class='ocrx_word' id='word_1_413' title='bbox 3201 3045 3212 3052; x_wconf 74' lang='lat'><strong>.</strong></span> 
     </span>
    </p>
   </div>
   <div class='ocr_carea' id='block_1_58' title="bbox 2250 3086 3732 3168">
    <p class='ocr_par' dir='ltr' id='par_1_58' title="bbox 2250 3086 3732 3168">
     <span class='ocr_line' id='line_1_58' title="bbox 2250 3086 3732 3168; baseline 0.007 -30"><span class='ocrx_word' id='word_1_414' title='bbox 2250 3086 2522 3156; x_wconf 78' lang='lat' dir='ltr'><strong>20.1gitur</strong></span> <span class='ocrx_word' id='word_1_415' title='bbox 2541 3088 2865 3143; x_wconf 88' lang='lat' dir='ltr'><strong>venerabilis</strong></span> <span class='ocrx_word' id='word_1_416' title='bbox 2890 3087 3270 3168; x_wconf 82' lang='lat' dir='ltr'><strong>Hiltebrandus</strong></span> <span class='ocrx_word' id='word_1_417' title='bbox 3297 3092 3732 3160; x_wconf 90' lang='lat' dir='ltr'><strong>viditvisionem,</strong></span> 
     </span>
    </p>
   </div>
   <div class='ocr_carea' id='block_1_59' title="bbox 529 3175 3734 3251">
    <p class='ocr_par' dir='ltr' id='par_1_59' title="bbox 529 3175 3734 3251">
     <span class='ocr_line' id='line_1_59' title="bbox 529 3175 3734 3251; baseline 0 -14"><span class='ocrx_word' id='word_1_418' title='bbox 529 3184 873 3248; x_wconf 87' lang='lat' dir='ltr'><strong>anachoreta,</strong></span> <span class='ocrx_word' id='word_1_419' title='bbox 915 3183 1100 3236; x_wconf 87' lang='lat' dir='ltr'><strong>dicens</strong></span> <span class='ocrx_word' id='word_1_420' title='bbox 1130 3199 1144 3234; x_wconf 89' lang='lat'><strong>:</strong></span> <span class='ocrx_word' id='word_1_421' title='bbox 1182 3179 1319 3246; x_wconf 84' lang='lat' dir='ltr'><strong>Quia</strong></span> <span class='ocrx_word' id='word_1_422' title='bbox 1367 3180 1456 3233; x_wconf 92' lang='lat' dir='ltr'><strong>hic</strong></span> <span class='ocrx_word' id='word_1_423' title='bbox 1484 3193 1711 3248; x_wconf 86' lang='lat' dir='ltr'><strong>magnus</strong></span> <span class='ocrx_word' id='word_1_424' title='bbox 1740 3178 1794 3231; x_wconf 93' lang='lat' dir='ltr'><strong>in</strong></span> <span class='ocrx_word' id='word_1_425' title='bbox 1831 3177 2083 3251; x_wconf 62' lang='lat' dir='ltr'><strong>prasepti</strong></span> <span class='ocrx_word' id='word_1_426' title='bbox 2109 3189 2150 3244; x_wconf 73' lang='grc' dir='ltr'>ο</span> <span class='ocrx_word' id='word_1_427' title='bbox 2180 3175 2502 3244; x_wconf 70' lang='lat' dir='ltr'><strong>Apostolica:</strong></span> <span class='ocrx_word' id='word_1_428' title='bbox 2531 3177 2745 3246; x_wconf 90' lang='lat' dir='ltr'><strong>pietatis</strong></span> <span class='ocrx_word' id='word_1_429' title='bbox 2790 3178 2845 3232; x_wconf 93' lang='lat' dir='ltr'><strong>in</strong></span> <span class='ocrx_word' id='word_1_430' title='bbox 2875 3180 3123 3249; x_wconf 89' lang='lat' dir='ltr'><strong>proximo</strong></span> <span class='ocrx_word' id='word_1_431' title='bbox 3163 3182 3516 3250; x_wconf 63' lang='lat' dir='ltr'><strong>suscipienda:</strong></span> <span class='ocrx_word' id='word_1_432' title='bbox 3551 3186 3734 3244; x_wconf 65' lang='lat' dir='ltr'><strong>praesi-</strong></span> 
     </span>
    </p>
   </div>
   <div class='ocr_carea' id='block_1_60' title="bbox 512 3265 2083 3341">
    <p class='ocr_par' dir='ltr' id='par_1_60' title="bbox 512 3265 2083 3341">
     <span class='ocr_line' id='line_1_60' title="bbox 512 3265 2083 3341; baseline -0.004 -16"><span class='ocrx_word' id='word_1_433' title='bbox 512 3273 871 3341; x_wconf 32' lang='lat' dir='ltr'><strong>vgeneratione</strong></span> <span class='ocrx_word' id='word_1_434' title='bbox 894 3271 994 3324; x_wconf 82' lang='lat' dir='ltr'><strong>fuit</strong></span> <span class='ocrx_word' id='word_1_435' title='bbox 1031 3272 1215 3334; x_wconf 90' lang='lat' dir='ltr'><strong>homo,</strong></span> <span class='ocrx_word' id='word_1_436' title='bbox 1244 3276 1299 3321; x_wconf 88' lang='lat' dir='ltr'><strong>et</strong></span> <span class='ocrx_word' id='word_1_437' title='bbox 1323 3268 1391 3321; x_wconf 90' lang='lat' dir='ltr'><strong>ad</strong></span> <span class='ocrx_word' id='word_1_438' title='bbox 1418 3276 1618 3321; x_wconf 86' lang='lat' dir='ltr'><strong>statum</strong></span> <span class='ocrx_word' id='word_1_439' title='bbox 1642 3281 1801 3320; x_wconf 89' lang='lat' dir='ltr'><strong>suum</strong></span> <span class='ocrx_word' id='word_1_440' title='bbox 1825 3265 1937 3319; x_wconf 86' lang='lat' dir='ltr'><strong>Deo</strong></span> <span class='ocrx_word' id='word_1_441' title='bbox 1968 3265 2083 3334; x_wconf 89' lang='lat' dir='ltr'><strong>pla-</strong></span> 
     </span>
    </p>
   </div>
   <div class='ocr_carea' id='block_1_61' title="bbox 529 3354 2079 3424">
    <p class='ocr_par' dir='ltr' id='par_1_61' title="bbox 529 3354 2079 3424">
     <span class='ocr_line' id='line_1_61' title="bbox 529 3354 2079 3424; baseline -0.005 -9"><span class='ocrx_word' id='word_1_442' title='bbox 529 3370 739 3416; x_wconf 83' lang='lat' dir='ltr'><strong>centem</strong></span> <span class='ocrx_word' id='word_1_443' title='bbox 779 3361 884 3414; x_wconf 91' lang='lat' dir='ltr'><strong>hoc</strong></span> <span class='ocrx_word' id='word_1_444' title='bbox 919 3361 986 3414; x_wconf 93' lang='lat' dir='ltr'><strong>de</strong></span> <span class='ocrx_word' id='word_1_445' title='bbox 1033 3373 1100 3413; x_wconf 90' lang='lat' dir='ltr'><strong>eo</strong></span> <span class='ocrx_word' id='word_1_446' title='bbox 1124 3356 1444 3413; x_wconf 88' lang='lat' dir='ltr'><strong>miraculum</strong></span> <span class='ocrx_word' id='word_1_447' title='bbox 1470 3357 1773 3411; x_wconf 87' lang='lat' dir='ltr'><strong>asserebat:</strong></span> <span class='ocrx_word' id='word_1_448' title='bbox 1808 3354 1868 3408; x_wconf 89' lang='lat' dir='ltr'><strong>In</strong></span> <span class='ocrx_word' id='word_1_449' title='bbox 1894 3369 2079 3424; x_wconf 89' lang='lat' dir='ltr'><strong>specu,</strong></span> 
     </span>
    </p>
   </div>
   <div class='ocr_carea' id='block_1_62' title="bbox 529 3445 2081 3520">
    <p class='ocr_par' dir='ltr' id='par_1_62' title="bbox 529 3445 2081 3520">
     <span class='ocr_line' id='line_1_62' title="bbox 529 3445 2081 3520; baseline -0.005 -15"><span class='ocrx_word' id='word_1_450' title='bbox 529 3452 799 3520; x_wconf 90' lang='lat' dir='ltr'><strong>inquiens,</strong></span> <span class='ocrx_word' id='word_1_451' title='bbox 822 3463 988 3503; x_wconf 82' lang='lat' dir='ltr'><strong>senex</strong></span> <span class='ocrx_word' id='word_1_452' title='bbox 1010 3448 1230 3502; x_wconf 87' lang='lat' dir='ltr'><strong>sedebat</strong></span> <span class='ocrx_word' id='word_1_453' title='bbox 1251 3447 1305 3500; x_wconf 89' lang='lat' dir='ltr'><strong>in</strong></span> <span class='ocrx_word' id='word_1_454' title='bbox 1331 3447 1575 3516; x_wconf 89' lang='lat' dir='ltr'><strong>partibus</strong></span> <span class='ocrx_word' id='word_1_455' title='bbox 1607 3445 1838 3510; x_wconf 86' lang='lat' dir='ltr'><strong>Sochus,</strong></span> <span class='ocrx_word' id='word_1_456' title='bbox 1863 3459 2081 3514; x_wconf 83' lang='lat' dir='ltr'><strong>posses-</strong></span> 
     </span>
    </p>
   </div>
   <div class='ocr_carea' id='block_1_63' title="bbox 528 3533 2080 3608">
    <p class='ocr_par' dir='ltr' id='par_1_63' title="bbox 528 3533 2080 3608">
     <span class='ocr_line' id='line_1_63' title="bbox 528 3533 2080 3608; baseline -0.006 -11"><span class='ocrx_word' id='word_1_457' title='bbox 528 3541 700 3597; x_wconf 81' lang='lat' dir='ltr'><strong>sienis</strong></span> <span class='ocrx_word' id='word_1_458' title='bbox 757 3541 827 3593; x_wconf 87' lang='lat' dir='ltr'><strong>ab</strong></span> <span class='ocrx_word' id='word_1_459' title='bbox 878 3537 1266 3608; x_wconf 79' lang='lat' dir='ltr'><strong>Hierosolymis</strong></span> <span class='ocrx_word' id='word_1_460' title='bbox 1324 3536 1590 3591; x_wconf 82' lang='lat' dir='ltr'><strong>milliariis</strong></span> <span class='ocrx_word' id='word_1_461' title='bbox 1638 3551 1693 3589; x_wconf 73' lang='grc' dir='ltr'><strong>ιι</strong></span> <span class='ocrx_word' id='word_1_462' title='bbox 1751 3533 1864 3604; x_wconf 86' lang='grc'><strong>(16)</strong></span> <span class='ocrx_word' id='word_1_463' title='bbox 1910 3533 2080 3588; x_wconf 78' lang='lat' dir='ltr'><strong>ferme</strong></span> 
     </span>
    </p>
   </div>
   <div class='ocr_carea' id='block_1_64' title="bbox 528 3625 2079 3697">
    <p class='ocr_par' dir='ltr' id='par_1_64' title="bbox 528 3625 2079 3697">
     <span class='ocr_line' id='line_1_64' title="bbox 528 3625 2079 3697; baseline -0.006 -13"><span class='ocrx_word' id='word_1_464' title='bbox 528 3629 798 3684; x_wconf 87' lang='lat' dir='ltr'><strong>distantis.</strong></span> <span class='ocrx_word' id='word_1_465' title='bbox 826 3627 1117 3697; x_wconf 70' lang='lat' dir='ltr'><strong>Imaginem</strong></span> <span class='ocrx_word' id='word_1_466' title='bbox 1146 3634 1326 3679; x_wconf 87' lang='lat' dir='ltr'><strong>autem</strong></span> <span class='ocrx_word' id='word_1_467' title='bbox 1351 3625 1580 3678; x_wconf 90' lang='lat' dir='ltr'><strong>habebat</strong></span> <span class='ocrx_word' id='word_1_468' title='bbox 1626 3639 1790 3679; x_wconf 84' lang='lat' dir='ltr'><strong>senex</strong></span> <span class='ocrx_word' id='word_1_469' title='bbox 1823 3625 1879 3676; x_wconf 92' lang='lat' dir='ltr'><strong>in</strong></span> <span class='ocrx_word' id='word_1_470' title='bbox 1915 3638 2079 3692; x_wconf 90' lang='lat' dir='ltr'><strong>specu</strong></span> 
     </span>
    </p>
   </div>
   <div class='ocr_carea' id='block_1_65' title="bbox 423 3695 2081 3778">
    <p class='ocr_par' dir='ltr' id='par_1_65' title="bbox 423 3695 2081 3778">
     <span class='ocr_line' id='line_1_65' title="bbox 423 3695 2081 3778; baseline -0.008 0"><span class='ocrx_word' id='word_1_471' title='bbox 423 3695 436 3778; x_wconf 43' lang='grc' dir='ltr'><em>ί</em></span> <span class='ocrx_word' id='word_1_472' title='bbox 530 3727 732 3775; x_wconf 57' lang='lat' dir='ltr'><strong>sancta</strong></span> <span class='ocrx_word' id='word_1_473' title='bbox 755 3725 810 3776; x_wconf 84' lang='lat' dir='ltr'><strong>et</strong></span> <span class='ocrx_word' id='word_1_474' title='bbox 851 3695 1183 3771; x_wconf 71' lang='lat' dir='ltr'><strong>intemerata:</strong></span> <span class='ocrx_word' id='word_1_475' title='bbox 1207 3713 1448 3768; x_wconf 69' lang='lat' dir='ltr'><strong>Domina:</strong></span> <span class='ocrx_word' id='word_1_476' title='bbox 1479 3721 1699 3778; x_wconf 66' lang='lat' dir='ltr'><strong>nostrae,</strong></span> <span class='ocrx_word' id='word_1_477' title='bbox 1727 3713 1821 3767; x_wconf 90' lang='lat' dir='ltr'><strong>Dei</strong></span> <span class='ocrx_word' id='word_1_478' title='bbox 1847 3712 2081 3767; x_wconf 83' lang='lat' dir='ltr'><strong>Genitri-</strong></span> 
     </span>
    </p>
   </div>
   <div class='ocr_carea' id='block_1_66' title="bbox 529 3798 2080 3876">
    <p class='ocr_par' dir='ltr' id='par_1_66' title="bbox 529 3798 2080 3876">
     <span class='ocr_line' id='line_1_66' title="bbox 529 3798 2080 3876; baseline -0.003 -12"><span class='ocrx_word' id='word_1_479' title='bbox 529 3810 609 3864; x_wconf 89' lang='lat' dir='ltr'><strong>cis</strong></span> <span class='ocrx_word' id='word_1_480' title='bbox 654 3817 710 3863; x_wconf 92' lang='lat' dir='ltr'><strong>et</strong></span> <span class='ocrx_word' id='word_1_481' title='bbox 748 3822 959 3876; x_wconf 87' lang='lat' dir='ltr'><strong>semper</strong></span> <span class='ocrx_word' id='word_1_482' title='bbox 983 3805 1220 3875; x_wconf 85' lang='lat' dir='ltr'><strong>Virginis</strong></span> <span class='ocrx_word' id='word_1_483' title='bbox 1251 3803 1453 3871; x_wconf 67' lang='lat' dir='ltr'><strong>Mariae,</strong></span> <span class='ocrx_word' id='word_1_484' title='bbox 1475 3798 1781 3859; x_wconf 82' lang='lat' dir='ltr'><strong>habentem</strong></span> <span class='ocrx_word' id='word_1_485' title='bbox 1835 3805 1891 3872; x_wconf 87' lang='lat' dir='ltr'><strong>in</strong></span> <span class='ocrx_word' id='word_1_486' title='bbox 1936 3803 2080 3859; x_wconf 84' lang='lat' dir='ltr'><strong>ulnis</strong></span> 
     </span>
    </p>
   </div>
   <div class='ocr_carea' id='block_1_67' title="bbox 528 3893 2078 3970">
    <p class='ocr_par' dir='ltr' id='par_1_67' title="bbox 528 3893 2078 3970">
     <span class='ocr_line' id='line_1_67' title="bbox 528 3893 2078 3970; baseline -0.003 -18"><span class='ocrx_word' id='word_1_487' title='bbox 528 3898 804 3970; x_wconf 82' lang='lat' dir='ltr'><strong>Christum</strong></span> <span class='ocrx_word' id='word_1_488' title='bbox 827 3896 1114 3951; x_wconf 89' lang='lat' dir='ltr'><strong>Dominum</strong></span> <span class='ocrx_word' id='word_1_489' title='bbox 1142 3898 1410 3949; x_wconf 86' lang='lat' dir='ltr'><strong>nostrum.</strong></span> <span class='ocrx_word' id='word_1_490' title='bbox 1435 3893 1890 3964; x_wconf 81' lang='lat' dir='ltr'><strong>Quotiescumque</strong></span> <span class='ocrx_word' id='word_1_491' title='bbox 1914 3894 2078 3965; x_wconf 88' lang='lat' dir='ltr'><strong>igitur-</strong></span> 
     </span>
    </p>
   </div>
   <div class='ocr_carea' id='block_1_68' title="bbox 531 3984 2080 4054">
    <p class='ocr_par' dir='ltr' id='par_1_68' title="bbox 531 3984 2080 4054">
     <span class='ocr_line' id='line_1_68' title="bbox 531 3984 2080 4054; baseline -0.003 -14"><span class='ocrx_word' id='word_1_492' title='bbox 531 3987 744 4042; x_wconf 89' lang='lat' dir='ltr'><strong>volebat</strong></span> <span class='ocrx_word' id='word_1_493' title='bbox 793 4000 1067 4054; x_wconf 90' lang='lat' dir='ltr'><strong>quoquam</strong></span> <span class='ocrx_word' id='word_1_494' title='bbox 1109 3999 1350 4053; x_wconf 86' lang='lat' dir='ltr'><strong>pergere,</strong></span> <span class='ocrx_word' id='word_1_495' title='bbox 1379 3993 1475 4038; x_wconf 90' lang='lat' dir='ltr'><strong>aut</strong></span> <span class='ocrx_word' id='word_1_496' title='bbox 1519 3984 1587 4039; x_wconf 90' lang='lat' dir='ltr'><strong>ad</strong></span> <span class='ocrx_word' id='word_1_497' title='bbox 1625 3999 1836 4045; x_wconf 87' lang='lat' dir='ltr'><strong>eremos</strong></span> <span class='ocrx_word' id='word_1_498' title='bbox 1868 3984 2080 4053; x_wconf 86' lang='lat' dir='ltr'><strong>longin-</strong></span> 
     </span>
    </p>
   </div>
   <div class='ocr_carea' id='block_1_69' title="bbox 533 4072 2078 4147">
    <p class='ocr_par' dir='ltr' id='par_1_69' title="bbox 533 4072 2078 4147">
     <span class='ocr_line' id='line_1_69' title="bbox 533 4072 2078 4147; baseline -0.002 -15"><span class='ocrx_word' id='word_1_499' title='bbox 533 4093 690 4147; x_wconf 88' lang='lat' dir='ltr'><strong>quas,</strong></span> <span class='ocrx_word' id='word_1_500' title='bbox 738 4075 836 4128; x_wconf 82' lang='lat' dir='ltr'><strong>aut</strong></span> <span class='ocrx_word' id='word_1_501' title='bbox 880 4072 1304 4142; x_wconf 84' lang='lat' dir='ltr'><strong>Hierosolymam</strong></span> <span class='ocrx_word' id='word_1_502' title='bbox 1356 4073 1424 4126; x_wconf 87' lang='lat' dir='ltr'><strong>ad</strong></span> <span class='ocrx_word' id='word_1_503' title='bbox 1469 4073 1795 4129; x_wconf 88' lang='lat' dir='ltr'><strong>adorandam</strong></span> <span class='ocrx_word' id='word_1_504' title='bbox 1837 4082 2078 4129; x_wconf 84' lang='lat' dir='ltr'><strong>sanctam</strong></span> 
     </span>
    </p>
   </div>
   <div class='ocr_carea' id='block_1_70' title="bbox 533 4162 2080 4228">
    <p class='ocr_par' dir='ltr' id='par_1_70' title="bbox 533 4162 2080 4228">
     <span class='ocr_line' id='line_1_70' title="bbox 533 4162 2080 4228; baseline -0.002 -7"><span class='ocrx_word' id='word_1_505' title='bbox 533 4168 763 4221; x_wconf 85' lang='lat' dir='ltr'><strong>Crucem</strong></span> <span class='ocrx_word' id='word_1_506' title='bbox 817 4173 871 4219; x_wconf 88' lang='lat' dir='ltr'><strong>et</strong></span> <span class='ocrx_word' id='word_1_507' title='bbox 907 4171 1092 4217; x_wconf 90' lang='lat' dir='ltr'><strong>sancta</strong></span> <span class='ocrx_word' id='word_1_508' title='bbox 1119 4164 1256 4228; x_wconf 87' lang='lat' dir='ltr'><strong>loca,</strong></span> <span class='ocrx_word' id='word_1_509' title='bbox 1303 4162 1387 4215; x_wconf 90' lang='lat' dir='ltr'><strong>vel</strong></span> <span class='ocrx_word' id='word_1_510' title='bbox 1424 4163 1584 4216; x_wconf 90' lang='lat' dir='ltr'><strong>etiam</strong></span> <span class='ocrx_word' id='word_1_511' title='bbox 1626 4163 1681 4217; x_wconf 90' lang='lat' dir='ltr'><strong>in</strong></span> <span class='ocrx_word' id='word_1_512' title='bbox 1731 4162 1860 4217; x_wconf 89' lang='lat' dir='ltr'><strong>Sina</strong></span> <span class='ocrx_word' id='word_1_513' title='bbox 1897 4173 2080 4218; x_wconf 90' lang='lat' dir='ltr'><strong>monte</strong></span> 
     </span>
    </p>
   </div>
   <div class='ocr_carea' id='block_1_71' title="bbox 526 4252 2078 4324">
    <p class='ocr_par' dir='ltr' id='par_1_71' title="bbox 526 4252 2078 4324">
     <span class='ocr_line' id='line_1_71' title="bbox 526 4252 2078 4324; baseline 0 -17"><span class='ocrx_word' id='word_1_514' title='bbox 526 4263 807 4318; x_wconf 80' lang='lat' dir='ltr'><strong>oraturus,</strong></span> <span class='ocrx_word' id='word_1_515' title='bbox 863 4261 955 4306; x_wconf 89' lang='lat' dir='ltr'><strong>aut</strong></span> <span class='ocrx_word' id='word_1_516' title='bbox 1005 4253 1073 4306; x_wconf 81' lang='lat' dir='ltr'><strong>ad</strong></span> <span class='ocrx_word' id='word_1_517' title='bbox 1119 4260 1384 4321; x_wconf 81' lang='lat' dir='ltr'><strong>martyres</strong></span> <span class='ocrx_word' id='word_1_518' title='bbox 1435 4253 1528 4323; x_wconf 92' lang='lat' dir='ltr'><strong>qui</strong></span> <span class='ocrx_word' id='word_1_519' title='bbox 1575 4253 1645 4308; x_wconf 89' lang='lat' dir='ltr'><strong>ab</strong></span> <span class='ocrx_word' id='word_1_520' title='bbox 1694 4252 2078 4324; x_wconf 80' lang='lat' dir='ltr'><strong>Hierosolymis</strong></span> 
     </span>
    </p>
   </div>
   <div class='ocr_carea' id='block_1_72' title="bbox 533 4341 2076 4416">
    <p class='ocr_par' dir='ltr' id='par_1_72' title="bbox 533 4341 2076 4416">
     <span class='ocr_line' id='line_1_72' title="bbox 533 4341 2076 4416; baseline 0.001 -18"><span class='ocrx_word' id='word_1_521' title='bbox 533 4344 718 4398; x_wconf 88' lang='lat' dir='ltr'><strong>multis</strong></span> <span class='ocrx_word' id='word_1_522' title='bbox 739 4343 926 4412; x_wconf 90' lang='lat' dir='ltr'><strong>spatiis</strong></span> <span class='ocrx_word' id='word_1_523' title='bbox 960 4341 1181 4395; x_wconf 88' lang='lat' dir='ltr'><strong>aberant</strong></span> <span class='ocrx_word' id='word_1_524' title='bbox 1204 4341 1340 4409; x_wconf 90' lang='lat' dir='ltr'><strong>(erat</strong></span> <span class='ocrx_word' id='word_1_525' title='bbox 1373 4343 1516 4395; x_wconf 90' lang='lat' dir='ltr'><strong>enim</strong></span> <span class='ocrx_word' id='word_1_526' title='bbox 1555 4344 1761 4399; x_wconf 89' lang='lat' dir='ltr'><strong>amicus</strong></span> <span class='ocrx_word' id='word_1_527' title='bbox 1787 4343 2076 4416; x_wconf 78' lang='lat' dir='ltr'><strong>Martyrum</strong></span> 
     </span>
    </p>
   </div>
   <div class='ocr_carea' id='block_1_73' title="bbox 470 4430 2076 4504">
    <p class='ocr_par' dir='ltr' id='par_1_73' title="bbox 470 4430 2076 4504">
     <span class='ocr_line' id='line_1_73' title="bbox 470 4430 2076 4504; baseline -0.001 -15"><span class='ocrx_word' id='word_1_528' title='bbox 470 4480 475 4489; x_wconf 92' lang='lat'><strong>.</strong></span> <span class='ocrx_word' id='word_1_529' title='bbox 533 4434 730 4504; x_wconf 86' lang='lat' dir='ltr'><strong>oppido</strong></span> <span class='ocrx_word' id='word_1_530' title='bbox 750 4447 948 4497; x_wconf 89' lang='lat' dir='ltr'><strong>senex;</strong></span> <span class='ocrx_word' id='word_1_531' title='bbox 994 4445 1141 4495; x_wconf 88' lang='lat' dir='ltr'><strong>nam,</strong></span> <span class='ocrx_word' id='word_1_532' title='bbox 1180 4444 1325 4482; x_wconf 91' lang='lat' dir='ltr'><strong>nunc</strong></span> <span class='ocrx_word' id='word_1_533' title='bbox 1362 4430 1576 4498; x_wconf 85' lang='lat' dir='ltr'><strong>quidem</strong></span> <span class='ocrx_word' id='word_1_534' title='bbox 1623 4434 1691 4486; x_wconf 91' lang='lat' dir='ltr'><strong>ad</strong></span> <span class='ocrx_word' id='word_1_535' title='bbox 1730 4431 1786 4487; x_wconf 89' lang='lat' dir='ltr'><strong>S.</strong></span> <span class='ocrx_word' id='word_1_536' title='bbox 1814 4432 2076 4489; x_wconf 82' lang='lat' dir='ltr'><strong>Joannem</strong></span> 
     </span>
    </p>
   </div>
   <div class='ocr_carea' id='block_1_74' title="bbox 2181 3265 3764 3340">
    <p class='ocr_par' dir='ltr' id='par_1_74' title="bbox 2181 3265 3764 3340">
     <span class='ocr_line' id='line_1_74' title="bbox 2181 3265 3764 3340; baseline 0.006 -25"><span class='ocrx_word' id='word_1_537' title='bbox 2181 3265 2509 3330; x_wconf 89' lang='lat' dir='ltr'><strong>gnationem.</strong></span> <span class='ocrx_word' id='word_1_538' title='bbox 2540 3267 2805 3335; x_wconf 83' lang='lat' dir='ltr'><strong>Apparuit</strong></span> <span class='ocrx_word' id='word_1_539' title='bbox 2821 3269 2872 3322; x_wconf 92' lang='lat' dir='ltr'><strong>ei</strong></span> <span class='ocrx_word' id='word_1_540' title='bbox 2900 3268 3089 3321; x_wconf 89' lang='lat' dir='ltr'><strong>Simon</strong></span> <span class='ocrx_word' id='word_1_541' title='bbox 3118 3269 3325 3338; x_wconf 79' lang='lat' dir='ltr'><strong>Magus,</strong></span> <span class='ocrx_word' id='word_1_542' title='bbox 3358 3273 3662 3340; x_wconf 89' lang='lat' dir='ltr'><strong>tripudians</strong></span> <span class='ocrx_word' id='word_1_543' title='bbox 3685 3283 3736 3326; x_wconf 84' lang='lat' dir='ltr'><strong>et</strong></span> <span class='ocrx_word' id='word_1_544' title='bbox 3761 3289 3764 3292; x_wconf 50' lang='grc' dir='ltr'><strong>λ</strong></span> 
     </span>
    </p>
   </div>
   <div class='ocr_carea' id='block_1_75' title="bbox 2177 3353 3732 3426">
    <p class='ocr_par' dir='ltr' id='par_1_75' title="bbox 2177 3353 3732 3426">
     <span class='ocr_line' id='line_1_75' title="bbox 2177 3353 3732 3426; baseline 0.006 -21"><span class='ocrx_word' id='word_1_545' title='bbox 2177 3353 2426 3417; x_wconf 89' lang='lat' dir='ltr'><strong>exultans</strong></span> <span class='ocrx_word' id='word_1_546' title='bbox 2455 3355 2509 3407; x_wconf 93' lang='lat' dir='ltr'><strong>in</strong></span> <span class='ocrx_word' id='word_1_547' title='bbox 2541 3357 2664 3408; x_wconf 92' lang='lat' dir='ltr'><strong>navi</strong></span> <span class='ocrx_word' id='word_1_548' title='bbox 2689 3375 2702 3409; x_wconf 93' lang='lat'><strong>:</strong></span> <span class='ocrx_word' id='word_1_549' title='bbox 2726 3365 2780 3410; x_wconf 91' lang='lat' dir='ltr'><strong>et</strong></span> <span class='ocrx_word' id='word_1_550' title='bbox 2802 3357 2918 3426; x_wconf 90' lang='lat' dir='ltr'><strong>ipse</strong></span> <span class='ocrx_word' id='word_1_551' title='bbox 2951 3358 3054 3411; x_wconf 89' lang='lat' dir='ltr'><strong>sibi</strong></span> <span class='ocrx_word' id='word_1_552' title='bbox 3082 3358 3365 3413; x_wconf 91' lang='lat' dir='ltr'><strong>videbatur</strong></span> <span class='ocrx_word' id='word_1_553' title='bbox 3406 3362 3555 3414; x_wconf 90' lang='lat' dir='ltr'><strong>illum</strong></span> <span class='ocrx_word' id='word_1_554' title='bbox 3604 3362 3732 3416; x_wconf 92' lang='lat' dir='ltr'><strong>insi-</strong></span> 
     </span>
    </p>
   </div>
   <div class='ocr_carea' id='block_1_76' title="bbox 2175 3442 3734 3515">
    <p class='ocr_par' dir='ltr' id='par_1_76' title="bbox 2175 3442 3734 3515">
     <span class='ocr_line' id='line_1_76' title="bbox 2175 3442 3734 3515; baseline 0.008 -21"><span class='ocrx_word' id='word_1_555' title='bbox 2175 3442 2297 3508; x_wconf 88' lang='lat' dir='ltr'><strong>lire,</strong></span> <span class='ocrx_word' id='word_1_556' title='bbox 2320 3451 2374 3496; x_wconf 93' lang='lat' dir='ltr'><strong>et</strong></span> <span class='ocrx_word' id='word_1_557' title='bbox 2407 3445 2748 3500; x_wconf 88' lang='lat' dir='ltr'><strong>colluctando</strong></span> <span class='ocrx_word' id='word_1_558' title='bbox 2773 3448 3001 3515; x_wconf 88' lang='lat' dir='ltr'><strong>pedibus</strong></span> <span class='ocrx_word' id='word_1_559' title='bbox 3044 3448 3327 3502; x_wconf 89' lang='lat' dir='ltr'><strong>subactum</strong></span> <span class='ocrx_word' id='word_1_560' title='bbox 3359 3451 3734 3506; x_wconf 82' lang='lat' dir='ltr'><strong>insolubilibus</strong></span> 
     </span>
    </p>
   </div>
   <div class='ocr_carea' id='block_1_77' title="bbox 2177 3529 3731 3610">
    <p class='ocr_par' dir='ltr' id='par_1_77' title="bbox 2177 3529 3731 3610">
     <span class='ocr_line' id='line_1_77' title="bbox 2177 3529 3731 3610; baseline 0.008 -26"><span class='ocrx_word' id='word_1_561' title='bbox 2177 3529 2408 3586; x_wconf 87' lang='lat' dir='ltr'><strong>nexibus</strong></span> <span class='ocrx_word' id='word_1_562' title='bbox 2453 3535 2676 3588; x_wconf 86' lang='lat' dir='ltr'><strong>vincire.</strong></span> <span class='ocrx_word' id='word_1_563' title='bbox 2719 3535 2876 3601; x_wconf 89' lang='lat' dir='ltr'><strong>Quod</strong></span> <span class='ocrx_word' id='word_1_564' title='bbox 2905 3538 3061 3590; x_wconf 89' lang='lat' dir='ltr'><strong>novis</strong></span> <span class='ocrx_word' id='word_1_565' title='bbox 3105 3537 3400 3594; x_wconf 87' lang='lat' dir='ltr'><strong>Ecclesiam</strong></span> <span class='ocrx_word' id='word_1_566' title='bbox 3449 3542 3731 3610; x_wconf 85' lang='lat' dir='ltr'><strong>signiﬁcet,</strong></span> 
     </span>
    </p>
   </div>
   <div class='ocr_carea' id='block_1_78' title="bbox 2177 3624 3733 3694">
    <p class='ocr_par' dir='ltr' id='par_1_78' title="bbox 2177 3624 3733 3694">
     <span class='ocr_line' id='line_1_78' title="bbox 2177 3624 3733 3694; baseline 0.006 -20"><span class='ocrx_word' id='word_1_567' title='bbox 2177 3635 2336 3674; x_wconf 90' lang='lat' dir='ltr'><strong>rarus</strong></span> <span class='ocrx_word' id='word_1_568' title='bbox 2357 3630 2440 3676; x_wconf 90' lang='lat' dir='ltr'><strong>est</strong></span> <span class='ocrx_word' id='word_1_569' title='bbox 2461 3624 2554 3691; x_wconf 89' lang='lat' dir='ltr'><strong>qui</strong></span> <span class='ocrx_word' id='word_1_570' title='bbox 2599 3625 2809 3693; x_wconf 85' lang='lat' dir='ltr'><strong>ignoret</strong></span> <span class='ocrx_word' id='word_1_571' title='bbox 2841 3626 2934 3678; x_wconf 82' lang='lat' dir='ltr'><strong>:‘in</strong></span> <span class='ocrx_word' id='word_1_572' title='bbox 2959 3642 3067 3694; x_wconf 90' lang='lat' dir='ltr'><strong>qua</strong></span> <span class='ocrx_word' id='word_1_573' title='bbox 3102 3628 3359 3681; x_wconf 88' lang='lat' dir='ltr'><strong>nimirum</strong></span> <span class='ocrx_word' id='word_1_574' title='bbox 3392 3629 3581 3684; x_wconf 88' lang='lat' dir='ltr'><strong>Simon</strong></span> <span class='ocrx_word' id='word_1_575' title='bbox 3625 3631 3733 3684; x_wconf 76' lang='lat' dir='ltr'><strong>Ma-</strong></span> 
     </span>
    </p>
   </div>
   <div class='ocr_carea' id='block_1_79' title="bbox 2177 3713 3730 3788">
    <p class='ocr_par' dir='ltr' id='par_1_79' title="bbox 2177 3713 3730 3788">
     <span class='ocr_line' id='line_1_79' title="bbox 2177 3713 3730 3788; baseline 0.008 -26"><span class='ocrx_word' id='word_1_576' title='bbox 2177 3724 2298 3779; x_wconf 88' lang='lat' dir='ltr'><strong>gus,</strong></span> <span class='ocrx_word' id='word_1_577' title='bbox 2325 3719 2448 3765; x_wconf 81' lang='lat' dir='ltr'><strong>ante</strong></span> <span class='ocrx_word' id='word_1_578' title='bbox 2477 3713 2621 3767; x_wconf 88' lang='lat' dir='ltr'><strong>beati</strong></span> <span class='ocrx_word' id='word_1_579' title='bbox 2655 3714 2757 3766; x_wconf 92' lang='lat' dir='ltr'><strong>viri</strong></span> <span class='ocrx_word' id='word_1_580' title='bbox 2785 3715 2947 3783; x_wconf 87' lang='lat' dir='ltr'><strong>hujus</strong></span> <span class='ocrx_word' id='word_1_581' title='bbox 2981 3714 3377 3784; x_wconf 86' lang='lat' dir='ltr'><strong>Apostolatum,</strong></span> <span class='ocrx_word' id='word_1_582' title='bbox 3403 3720 3566 3788; x_wconf 89' lang='lat' dir='ltr'><strong>longe</strong></span> <span class='ocrx_word' id='word_1_583' title='bbox 3599 3721 3730 3774; x_wconf 90' lang='lat' dir='ltr'><strong>late-</strong></span> 
     </span>
    </p>
   </div>
   <div class='ocr_carea' id='block_1_80' title="bbox 2176 3805 3729 3877">
    <p class='ocr_par' dir='ltr' id='par_1_80' title="bbox 2176 3805 3729 3877">
     <span class='ocr_line' id='line_1_80' title="bbox 2176 3805 3729 3877; baseline 0.008 -24"><span class='ocrx_word' id='word_1_584' title='bbox 2176 3815 2283 3869; x_wconf 91' lang='lat' dir='ltr'><strong>que</strong></span> <span class='ocrx_word' id='word_1_585' title='bbox 2309 3816 2404 3869; x_wconf 90' lang='lat' dir='ltr'><strong>per</strong></span> <span class='ocrx_word' id='word_1_586' title='bbox 2430 3816 2559 3857; x_wconf 89' lang='lat' dir='ltr'><strong>suos</strong></span> <span class='ocrx_word' id='word_1_587' title='bbox 2578 3817 2837 3873; x_wconf 89' lang='lat' dir='ltr'><strong>sequaces</strong></span> <span class='ocrx_word' id='word_1_588' title='bbox 2863 3805 3123 3874; x_wconf 88' lang='lat' dir='ltr'><strong>sacrilega</strong></span> <span class='ocrx_word' id='word_1_589' title='bbox 3156 3808 3446 3862; x_wconf 82' lang='lat' dir='ltr'><strong>venalitate</strong></span> <span class='ocrx_word' id='word_1_590' title='bbox 3489 3809 3729 3877; x_wconf 88' lang='lat' dir='ltr'><strong>luserat,</strong></span> 
     </span>
    </p>
   </div>
   <div class='ocr_carea' id='block_1_81' title="bbox 2175 3890 3731 3963">
    <p class='ocr_par' dir='ltr' id='par_1_81' title="bbox 2175 3890 3731 3963">
     <span class='ocr_line' id='line_1_81' title="bbox 2175 3890 3731 3963; baseline 0.008 -21"><span class='ocrx_word' id='word_1_591' title='bbox 2175 3890 2344 3945; x_wconf 89' lang='lat' dir='ltr'><strong>libere</strong></span> <span class='ocrx_word' id='word_1_592' title='bbox 2363 3891 2572 3946; x_wconf 90' lang='lat' dir='ltr'><strong>scilicet</strong></span> <span class='ocrx_word' id='word_1_593' title='bbox 2611 3902 2666 3946; x_wconf 90' lang='lat' dir='ltr'><strong>et</strong></span> <span class='ocrx_word' id='word_1_594' title='bbox 2699 3895 3037 3963; x_wconf 87' lang='lat' dir='ltr'><strong>impudenter</strong></span> <span class='ocrx_word' id='word_1_595' title='bbox 3072 3911 3258 3952; x_wconf 89' lang='lat' dir='ltr'><strong>emens</strong></span> <span class='ocrx_word' id='word_1_596' title='bbox 3286 3913 3351 3953; x_wconf 91' lang='lat' dir='ltr'><strong>ac</strong></span> <span class='ocrx_word' id='word_1_597' title='bbox 3379 3901 3618 3954; x_wconf 89' lang='lat' dir='ltr'><strong>vendens</strong></span> <span class='ocrx_word' id='word_1_598' title='bbox 3645 3915 3731 3957; x_wconf 91' lang='lat' dir='ltr'><strong>ec-</strong></span> 
     </span>
    </p>
   </div>
   <div class='ocr_carea' id='block_1_82' title="bbox 2175 3980 3730 4057">
    <p class='ocr_par' dir='ltr' id='par_1_82' title="bbox 2175 3980 3730 4057">
     <span class='ocr_line' id='line_1_82' title="bbox 2175 3980 3730 4057; baseline 0.01 -26"><span class='ocrx_word' id='word_1_599' title='bbox 2175 3980 2508 4034; x_wconf 85' lang='lat' dir='ltr'><strong>clesiasticas</strong></span> <span class='ocrx_word' id='word_1_600' title='bbox 2557 3982 2867 4051; x_wconf 89' lang='lat' dir='ltr'><strong>dignitates.</strong></span> <span class='ocrx_word' id='word_1_601' title='bbox 2916 3983 3198 4050; x_wconf 89' lang='lat' dir='ltr'><strong>Quomodo</strong></span> <span class='ocrx_word' id='word_1_602' title='bbox 3238 3995 3418 4042; x_wconf 89' lang='lat' dir='ltr'><strong>autem</strong></span> <span class='ocrx_word' id='word_1_603' title='bbox 3460 4004 3560 4057; x_wconf 91' lang='lat' dir='ltr'><strong>per</strong></span> <span class='ocrx_word' id='word_1_604' title='bbox 3590 3991 3730 4048; x_wconf 87' lang='lat' dir='ltr'><strong>hunc</strong></span> 
     </span>
    </p>
   </div>
   <div class='ocr_carea' id='block_1_83' title="bbox 2177 4067 3730 4143">
    <p class='ocr_par' dir='ltr' id='par_1_83' title="bbox 2177 4067 3730 4143">
     <span class='ocr_line' id='line_1_83' title="bbox 2177 4067 3730 4143; baseline 0.01 -24"><span class='ocrx_word' id='word_1_605' title='bbox 2177 4067 2433 4122; x_wconf 87' lang='lat' dir='ltr'><strong>athletam</strong></span> <span class='ocrx_word' id='word_1_606' title='bbox 2480 4069 2576 4125; x_wconf 85' lang='lat' dir='ltr'><strong>Dei</strong></span> <span class='ocrx_word' id='word_1_607' title='bbox 2621 4081 2926 4141; x_wconf 88' lang='lat' dir='ltr'><strong>prostratus</strong></span> <span class='ocrx_word' id='word_1_608' title='bbox 2961 4082 3017 4127; x_wconf 91' lang='lat' dir='ltr'><strong>et</strong></span> <span class='ocrx_word' id='word_1_609' title='bbox 3045 4075 3294 4143; x_wconf 87' lang='lat' dir='ltr'><strong>alligatus</strong></span> <span class='ocrx_word' id='word_1_610' title='bbox 3335 4078 3427 4143; x_wconf 88' lang='lat' dir='ltr'><strong>sit,</strong></span> <span class='ocrx_word' id='word_1_611' title='bbox 3475 4093 3580 4132; x_wconf 88' lang='lat' dir='ltr'><strong>suo</strong></span> <span class='ocrx_word' id='word_1_612' title='bbox 3613 4081 3730 4136; x_wconf 91' lang='lat' dir='ltr'><strong>loco</strong></span> 
     </span>
    </p>
   </div>
   <div class='ocr_carea' id='block_1_84' title="bbox 2175 4157 3730 4239">
    <p class='ocr_par' dir='ltr' id='par_1_84' title="bbox 2175 4157 3730 4239">
     <span class='ocr_line' id='line_1_84' title="bbox 2175 4157 3730 4239; baseline 0.01 -29"><span class='ocrx_word' id='word_1_613' title='bbox 2175 4157 2438 4239; x_wconf 77' lang='lat' dir='ltr'><strong>dicemus.</strong></span> <span class='ocrx_word' id='word_1_614' title='bbox 2461 4158 2565 4213; x_wconf 89' lang='lat' dir='ltr'><strong>Per</strong></span> <span class='ocrx_word' id='word_1_615' title='bbox 2584 4161 2724 4215; x_wconf 91' lang='lat' dir='ltr'><strong>idem</strong></span> <span class='ocrx_word' id='word_1_616' title='bbox 2759 4170 2971 4231; x_wconf 81' lang='lat' dir='ltr'><strong>tempus</strong></span> <span class='ocrx_word' id='word_1_617' title='bbox 2993 4164 3213 4232; x_wconf 90' lang='lat' dir='ltr'><strong>quidam</strong></span> <span class='ocrx_word' id='word_1_618' title='bbox 3238 4164 3418 4220; x_wconf 88' lang='lat' dir='ltr'><strong>Pisani</strong></span> <span class='ocrx_word' id='word_1_619' title='bbox 3445 4181 3730 4238; x_wconf 86' lang='lat' dir='ltr'><strong>pernocta-</strong></span> 
     </span>
    </p>
   </div>
   <div class='ocr_carea' id='block_1_85' title="bbox 2175 4241 3729 4327">
    <p class='ocr_par' dir='ltr' id='par_1_85' title="bbox 2175 4241 3729 4327">
     <span class='ocr_line' id='line_1_85' title="bbox 2175 4241 3729 4327; baseline 0.013 -29"><span class='ocrx_word' id='word_1_620' title='bbox 2175 4246 2306 4300; x_wconf 88' lang='lat' dir='ltr'><strong>ba’nt</strong></span> <span class='ocrx_word' id='word_1_621' title='bbox 2343 4248 2399 4301; x_wconf 91' lang='lat' dir='ltr'><strong>in</strong></span> <span class='ocrx_word' id='word_1_622' title='bbox 2426 4241 2655 4322; x_wconf 69' lang='lat' dir='ltr'><strong>Basilica</strong></span> <span class='ocrx_word' id='word_1_623' title='bbox 2701 4251 2761 4305; x_wconf 91' lang='grc' dir='ltr'><strong>Β.</strong></span> <span class='ocrx_word' id='word_1_624' title='bbox 2794 4252 2938 4310; x_wconf 85' lang='lat' dir='ltr'><strong>Petri</strong></span> <span class='ocrx_word' id='word_1_625' title='bbox 2977 4256 3147 4323; x_wconf 87' lang='lat' dir='ltr'><strong>gratia</strong></span> <span class='ocrx_word' id='word_1_626' title='bbox 3176 4258 3369 4310; x_wconf 89' lang='lat' dir='ltr'><strong>orandi</strong></span> <span class='ocrx_word' id='word_1_627' title='bbox 3402 4276 3415 4310; x_wconf 92' lang='lat'><strong>:</strong></span> <span class='ocrx_word' id='word_1_628' title='bbox 3457 4274 3585 4327; x_wconf 76' lang='lat' dir='ltr'><strong>cum</strong></span> <span class='ocrx_word' id='word_1_629' title='bbox 3609 4277 3729 4317; x_wconf 88' lang='lat' dir='ltr'><strong>ecce</strong></span> 
     </span>
    </p>
   </div>
   <div class='ocr_carea' id='block_1_86' title="bbox 2176 4336 3728 4410">
    <p class='ocr_par' dir='ltr' id='par_1_86' title="bbox 2176 4336 3728 4410">
     <span class='ocr_line' id='line_1_86' title="bbox 2176 4336 3728 4410; baseline 0.012 -22"><span class='ocrx_word' id='word_1_630' title='bbox 2176 4336 2356 4390; x_wconf 89' lang='lat' dir='ltr'><strong>vident</strong></span> <span class='ocrx_word' id='word_1_631' title='bbox 2379 4337 2557 4407; x_wconf 86' lang='lat' dir='ltr'><strong>ipsum</strong></span> <span class='ocrx_word' id='word_1_632' title='bbox 2581 4339 2887 4410; x_wconf 83' lang='lat' dir='ltr'><strong>Principem</strong></span> <span class='ocrx_word' id='word_1_633' title='bbox 2918 4343 3300 4410; x_wconf 87' lang='lat' dir='ltr'><strong>Apostolorum</strong></span> <span class='ocrx_word' id='word_1_634' title='bbox 3338 4347 3394 4400; x_wconf 90' lang='lat' dir='ltr'><strong>in</strong></span> <span class='ocrx_word' id='word_1_635' title='bbox 3416 4349 3608 4404; x_wconf 87' lang='lat' dir='ltr'><strong>eadem</strong></span> <span class='ocrx_word' id='word_1_636' title='bbox 3635 4353 3728 4406; x_wconf 88' lang='lat' dir='ltr'><strong>do-</strong></span> 
     </span>
    </p>
   </div>
   <div class='ocr_carea' id='block_1_87' title="bbox 2177 4429 3727 4500">
    <p class='ocr_par' dir='ltr' id='par_1_87' title="bbox 2177 4429 3727 4500">
     <span class='ocr_line' id='line_1_87' title="bbox 2177 4429 3727 4500; baseline 0.012 -22"><span class='ocrx_word' id='word_1_637' title='bbox 2177 4440 2268 4478; x_wconf 93' lang='lat' dir='ltr'><strong>mo</strong></span> <span class='ocrx_word' id='word_1_638' title='bbox 2283 4442 2399 4493; x_wconf 89' lang='lat' dir='ltr'><strong>sua,</strong></span> <span class='ocrx_word' id='word_1_639' title='bbox 2422 4443 2544 4482; x_wconf 90' lang='lat' dir='ltr'><strong>cum</strong></span> <span class='ocrx_word' id='word_1_640' title='bbox 2577 4429 2684 4484; x_wconf 91' lang='lat' dir='ltr'><strong>hoc</strong></span> <span class='ocrx_word' id='word_1_641' title='bbox 2714 4431 3093 4500; x_wconf 63' lang='lat' dir='ltr'><strong>pradestinato</strong></span> <span class='ocrx_word' id='word_1_642' title='bbox 3125 4433 3321 4490; x_wconf 90' lang='lat' dir='ltr'><strong>herede</strong></span> <span class='ocrx_word' id='word_1_643' title='bbox 3340 4452 3439 4491; x_wconf 86' lang='lat' dir='ltr'><strong>suo</strong></span> <span class='ocrx_word' id='word_1_644' title='bbox 3468 4439 3727 4496; x_wconf 59' lang='lat' dir='ltr'><strong>deambw</strong></span> 
     </span>
    </p>
   </div>
   <div class='ocr_carea' id='block_1_88' title="bbox 441 4510 3725 4597">
    <p class='ocr_par' dir='ltr' id='par_1_88' title="bbox 441 4510 3725 4597">
     <span class='ocr_line' id='line_1_88' title="bbox 441 4510 3725 4597; baseline 0 -19"><span class='ocrx_word' id='word_1_645' title='bbox 441 4551 443 4554; x_wconf 62' lang='grc' dir='ltr'><strong><em>ι</em></strong></span> <span class='ocrx_word' id='word_1_646' title='bbox 533 4525 828 4593; x_wconf 85' lang='lat' dir='ltr'><strong>Ephesum,</strong></span> <span class='ocrx_word' id='word_1_647' title='bbox 870 4536 1015 4576; x_wconf 90' lang='lat' dir='ltr'><strong>nunc</strong></span> <span class='ocrx_word' id='word_1_648' title='bbox 1050 4534 1178 4573; x_wconf 92' lang='lat' dir='ltr'><strong>vero</strong></span> <span class='ocrx_word' id='word_1_649' title='bbox 1218 4518 1284 4572; x_wconf 89' lang='lat' dir='ltr'><strong>ad</strong></span> <span class='ocrx_word' id='word_1_650' title='bbox 1314 4517 1372 4572; x_wconf 90' lang='lat' dir='ltr'><strong>S.</strong></span> <span class='ocrx_word' id='word_1_651' title='bbox 1423 4517 1764 4574; x_wconf 85' lang='lat' dir='ltr'><strong>Theodorum</strong></span> <span class='ocrx_word' id='word_1_652' title='bbox 1821 4522 1936 4593; x_wconf 86' lang='grc'><strong>[17]</strong></span> <span class='ocrx_word' id='word_1_653' title='bbox 1969 4523 2076 4578; x_wconf 77' lang='lat' dir='ltr'><strong>Eu-</strong></span> <span class='ocrx_word' id='word_1_654' title='bbox 2106 4510 2152 4561; x_wconf 83' lang='grc' dir='ltr'><strong>Ι)</strong></span> <span class='ocrx_word' id='word_1_655' title='bbox 2175 4515 2395 4581; x_wconf 74' lang='lat' dir='ltr'><strong>lantem‘,</strong></span> <span class='ocrx_word' id='word_1_656' title='bbox 2414 4519 2573 4585; x_wconf 88' lang='lat' dir='ltr'><strong>eique</strong></span> <span class='ocrx_word' id='word_1_657' title='bbox 2595 4519 2990 4597; x_wconf 59' lang='lat' dir='ltr'><strong>pracipientem</strong></span> <span class='ocrx_word' id='word_1_658' title='bbox 3032 4530 3091 4574; x_wconf 92' lang='lat' dir='ltr'><strong>ut</strong></span> <span class='ocrx_word' id='word_1_659' title='bbox 3122 4531 3358 4578; x_wconf 90' lang='lat' dir='ltr'><strong>stercora</strong></span> <span class='ocrx_word' id='word_1_660' title='bbox 3390 4521 3725 4584; x_wconf 68' lang='lat' dir='ltr'><strong>diversorum</strong></span> 
     </span>
    </p>
   </div>
   <div class='ocr_carea' id='block_1_89' title="bbox 535 4606 2075 4679">
    <p class='ocr_par' dir='ltr' id='par_1_89' title="bbox 535 4606 2075 4679">
     <span class='ocr_line' id='line_1_89' title="bbox 535 4606 2075 4679; baseline -0.003 -9"><span class='ocrx_word' id='word_1_661' title='bbox 535 4615 791 4679; x_wconf 85' lang='lat' dir='ltr'><strong>chaitam,</strong></span> <span class='ocrx_word' id='word_1_662' title='bbox 828 4620 922 4666; x_wconf 91' lang='lat' dir='ltr'><strong>aut</strong></span> <span class='ocrx_word' id='word_1_663' title='bbox 957 4611 1023 4664; x_wconf 88' lang='lat' dir='ltr'><strong>ad</strong></span> <span class='ocrx_word' id='word_1_664' title='bbox 1062 4608 1119 4662; x_wconf 91' lang='lat' dir='ltr'><strong>S.</strong></span> <span class='ocrx_word' id='word_1_665' title='bbox 1167 4607 1422 4661; x_wconf 85' lang='lat' dir='ltr'><strong>Theclam</strong></span> <span class='ocrx_word' id='word_1_666' title='bbox 1472 4606 1768 4671; x_wconf 87' lang='lat' dir='ltr'><strong>Seleuciam</strong></span> <span class='ocrx_word' id='word_1_667' title='bbox 1807 4612 2075 4679; x_wconf 84' lang='lat' dir='ltr'><strong>pergebat,</strong></span> 
     </span>
    </p>
   </div>
   <div class='ocr_carea' id='block_1_90' title="bbox 536 4695 2078 4769">
    <p class='ocr_par' dir='ltr' id='par_1_90' title="bbox 536 4695 2078 4769">
     <span class='ocr_line' id='line_1_90' title="bbox 536 4695 2078 4769; baseline -0.008 -12"><span class='ocrx_word' id='word_1_668' title='bbox 536 4703 622 4757; x_wconf 91' lang='lat' dir='ltr'><strong>vel</strong></span> <span class='ocrx_word' id='word_1_669' title='bbox 649 4700 797 4755; x_wconf 76' lang='lat' dir='ltr'><strong>ads.</strong></span> <span class='ocrx_word' id='word_1_670' title='bbox 827 4699 1073 4769; x_wconf 84' lang='lat' dir='ltr'><strong>Sergium</strong></span> <span class='ocrx_word' id='word_1_671' title='bbox 1090 4698 1362 4766; x_wconf 86' lang='lat' dir='ltr'><strong>Araphani</strong></span> <span class='ocrx_word' id='word_1_672' title='bbox 1383 4695 1551 4768; x_wconf 77' lang='lat'><strong>[18]),</strong></span> <span class='ocrx_word' id='word_1_673' title='bbox 1573 4700 1924 4766; x_wconf 63' lang='lat' dir='ltr'><strong>prmstruebat</strong></span> <span class='ocrx_word' id='word_1_674' title='bbox 1951 4718 2078 4756; x_wconf 90' lang='lat' dir='ltr'><strong>can-</strong></span> 
     </span>
    </p>
   </div>
   <div class='ocr_carea' id='block_1_91' title="bbox 524 4786 2082 4850">
    <p class='ocr_par' dir='ltr' id='par_1_91' title="bbox 524 4786 2082 4850">
     <span class='ocr_line' id='line_1_91' title="bbox 524 4786 2082 4850; baseline 0.003 -9"><span class='ocrx_word' id='word_1_675' title='bbox 524 4793 713 4848; x_wconf 86' lang='lat' dir='ltr'><strong>.delam</strong></span> <span class='ocrx_word' id='word_1_676' title='bbox 756 4797 811 4843; x_wconf 92' lang='lat' dir='ltr'><strong>et</strong></span> <span class='ocrx_word' id='word_1_677' title='bbox 852 4786 1224 4850; x_wconf 87' lang='lat' dir='ltr'><strong>succendehat,</strong></span> <span class='ocrx_word' id='word_1_678' title='bbox 1269 4787 1426 4841; x_wconf 90' lang='lat' dir='ltr'><strong>sicuti</strong></span> <span class='ocrx_word' id='word_1_679' title='bbox 1471 4787 1703 4842; x_wconf 89' lang='lat' dir='ltr'><strong>habebat</strong></span> <span class='ocrx_word' id='word_1_680' title='bbox 1745 4792 2082 4845; x_wconf 85' lang='lat' dir='ltr'><strong>consuetudi-</strong></span> 
     </span>
    </p>
   </div>
   <div class='ocr_carea' id='block_1_92' title="bbox 539 4875 2082 4954">
    <p class='ocr_par' dir='ltr' id='par_1_92' title="bbox 539 4875 2082 4954">
     <span class='ocr_line' id='line_1_92' title="bbox 539 4875 2082 4954; baseline -0.003 -17"><span class='ocrx_word' id='word_1_681' title='bbox 539 4896 660 4937; x_wconf 86' lang='lat' dir='ltr'><strong>nem</strong></span> <span class='ocrx_word' id='word_1_682' title='bbox 684 4899 700 4933; x_wconf 86' lang='lat'><strong>:</strong></span> <span class='ocrx_word' id='word_1_683' title='bbox 729 4889 784 4933; x_wconf 92' lang='lat' dir='ltr'><strong>et</strong></span> <span class='ocrx_word' id='word_1_684' title='bbox 800 4877 870 4931; x_wconf 90' lang='lat' dir='ltr'><strong>ad</strong></span> <span class='ocrx_word' id='word_1_685' title='bbox 890 4875 1317 4944; x_wconf 83' lang='lat' dir='ltr'><strong>deprecationem</strong></span> <span class='ocrx_word' id='word_1_686' title='bbox 1355 4884 1524 4940; x_wconf 88' lang='lat' dir='ltr'><strong>stans,</strong></span> <span class='ocrx_word' id='word_1_687' title='bbox 1554 4885 1628 4954; x_wconf 22' lang='lat' dir='ltr'><strong>uti</strong></span> <span class='ocrx_word' id='word_1_688' title='bbox 1639 4877 1739 4932; x_wconf 90' lang='lat' dir='ltr'><strong>iter</strong></span> <span class='ocrx_word' id='word_1_689' title='bbox 1768 4879 1870 4932; x_wconf 90' lang='lat' dir='ltr'><strong>sibi</strong></span> <span class='ocrx_word' id='word_1_690' title='bbox 1893 4880 2082 4949; x_wconf 85' lang='lat' dir='ltr'><strong>dirige-</strong></span> 
     </span>
    </p>
   </div>
   <div class='ocr_carea' id='block_1_93' title="bbox 538 4963 2084 5035">
    <p class='ocr_par' dir='ltr' id='par_1_93' title="bbox 538 4963 2084 5035">
     <span class='ocr_line' id='line_1_93' title="bbox 538 4963 2084 5035; baseline -0.001 -10"><span class='ocrx_word' id='word_1_691' title='bbox 538 4979 709 5034; x_wconf 87' lang='lat' dir='ltr'><strong>retur,</strong></span> <span class='ocrx_word' id='word_1_692' title='bbox 733 4968 943 5024; x_wconf 88' lang='lat' dir='ltr'><strong>dicebat</strong></span> <span class='ocrx_word' id='word_1_693' title='bbox 965 4965 1031 5019; x_wconf 88' lang='lat' dir='ltr'><strong>ad</strong></span> <span class='ocrx_word' id='word_1_694' title='bbox 1051 4963 1355 5028; x_wconf 88' lang='lat' dir='ltr'><strong>Dominam,</strong></span> <span class='ocrx_word' id='word_1_695' title='bbox 1377 4963 1432 5016; x_wconf 91' lang='lat' dir='ltr'><strong>in</strong></span> <span class='ocrx_word' id='word_1_696' title='bbox 1459 4964 1746 5034; x_wconf 84' lang='lat' dir='ltr'><strong>imaginem</strong></span> <span class='ocrx_word' id='word_1_697' title='bbox 1773 4968 1891 5035; x_wconf 87' lang='lat' dir='ltr'><strong>ejus</strong></span> <span class='ocrx_word' id='word_1_698' title='bbox 1914 4977 2084 5023; x_wconf 88' lang='lat' dir='ltr'><strong>atten-</strong></span> 
     </span>
    </p>
   </div>
   <div class='ocr_carea' id='block_1_94' title="bbox 613 5115 2078 5192">
    <p class='ocr_par' dir='ltr' id='par_1_94' title="bbox 613 5115 2078 5192">
     <span class='ocr_line' id='line_1_94' title="bbox 613 5115 2078 5192; baseline 0.002 -20"><span class='ocrx_word' id='word_1_699' title='bbox 613 5119 1023 5192; x_wconf 61' lang='lat' dir='ltr'><strong>(l§)_Habcntur</strong></span> <span class='ocrx_word' id='word_1_700' title='bbox 1055 5117 1168 5170; x_wconf 55' lang='lat' dir='ltr'><strong>haec</strong></span> <span class='ocrx_word' id='word_1_701' title='bbox 1196 5117 1252 5170; x_wconf 92' lang='lat' dir='ltr'><strong>in</strong></span> <span class='ocrx_word' id='word_1_702' title='bbox 1269 5115 1433 5192; x_wconf 85' lang='lat' dir='ltr'><strong>P_rato</strong></span> <span class='ocrx_word' id='word_1_703' title='bbox 1455 5117 1733 5192; x_wconf 88' lang='lat' dir='ltr'><strong>Spi_r_itua_li</strong></span> <span class='ocrx_word' id='word_1_704' title='bbox 1756 5133 1850 5173; x_wconf 90' lang='lat' dir='ltr'><strong>seu</strong></span> <span class='ocrx_word' id='word_1_705' title='bbox 1873 5120 1974 5192; x_wconf 73' lang='lat' dir='ltr'><strong>lib.</strong></span> <span class='ocrx_word' id='word_1_706' title='bbox 1993 5121 2078 5192; x_wconf 66' lang='grc'><strong>10.</strong></span> 
     </span>
    </p>
   </div>
   <div class='ocr_carea' id='block_1_95' title="bbox 542 5183 2077 5257">
    <p class='ocr_par' dir='ltr' id='par_1_95' title="bbox 542 5183 2077 5257">
     <span class='ocr_line' id='line_1_95' title="bbox 542 5183 2077 5257; baseline -0.001 -13"><span class='ocrx_word' id='word_1_707' title='bbox 542 5183 774 5244; x_wconf 68' lang='grc' dir='ltr'><strong>(ιε’νὶῐὶε</strong></span> <span class='ocrx_word' id='word_1_708' title='bbox 799 5187 1040 5257; x_wconf 73' lang='lat' dir='ltr'><strong>Patrum,</strong></span> <span class='ocrx_word' id='word_1_709' title='bbox 1064 5193 1282 5257; x_wconf 65' lang='lat' dir='ltr'><strong>auctore</strong></span> <span class='ocrx_word' id='word_1_710' title='bbox 1301 5183 1511 5257; x_wconf 75' lang='lat' dir='ltr'><strong>Joanne</strong></span> <span class='ocrx_word' id='word_1_711' title='bbox 1543 5185 1764 5257; x_wconf 82' lang='lat' dir='ltr'><strong>Moscho</strong></span> <span class='ocrx_word' id='word_1_712' title='bbox 1803 5204 1922 5257; x_wconf 90' lang='lat' dir='ltr'><strong>cap.</strong></span> <span class='ocrx_word' id='word_1_713' title='bbox 1959 5190 2077 5243; x_wconf 88' lang='grc'><strong>180.</strong></span> 
     </span>
    </p>
   </div>
   <div class='ocr_carea' id='block_1_96' title="bbox 611 5251 2082 5330">
    <p class='ocr_par' dir='ltr' id='par_1_96' title="bbox 611 5251 2082 5330">
     <span class='ocr_line' id='line_1_96' title="bbox 611 5251 2082 5330; baseline 0.003 -22"><span class='ocrx_word' id='word_1_714' title='bbox 611 5255 956 5330; x_wconf 63' lang='lat' dir='ltr'><strong>(l§)_lbidem</strong></span> <span class='ocrx_word' id='word_1_715' title='bbox 1007 5251 1341 5330; x_wconf 55' lang='lat' dir='ltr'><strong>mulieribus</strong></span> <span class='ocrx_word' id='word_1_716' title='bbox 1373 5254 1480 5330; x_wconf 75' lang='lat' dir='ltr'><strong>fere</strong></span> <span class='ocrx_word' id='word_1_717' title='bbox 1543 5256 1746 5330; x_wconf 70' lang='lat' dir='ltr'><strong>viginti.</strong></span> <span class='ocrx_word' id='word_1_718' title='bbox 1807 5251 2082 5330; x_wconf 63' lang='lat' dir='ltr'><strong>Scriptura</strong></span> 
     </span>
    </p>
   </div>
   <div class='ocr_carea' id='block_1_97' title="bbox 544 5321 2085 5393">
    <p class='ocr_par' dir='ltr' id='par_1_97' title="bbox 544 5321 2085 5393">
     <span class='ocr_line' id='line_1_97' title="bbox 544 5321 2085 5393; baseline 0.002 -16"><span class='ocrx_word' id='word_1_719' title='bbox 544 5321 713 5393; x_wconf 77' lang='lat' dir='ltr'><strong>variis</strong></span> <span class='ocrx_word' id='word_1_720' title='bbox 742 5324 876 5393; x_wconf 77' lang='lat' dir='ltr'><strong>locis</strong></span> <span class='ocrx_word' id='word_1_721' title='bbox 899 5321 1073 5375; x_wconf 53' lang='lat' dir='ltr'><strong>&#39;Socho</strong></span> <span class='ocrx_word' id='word_1_722' title='bbox 1105 5321 1367 5382; x_wconf 83' lang='lat' dir='ltr'><strong>nominat,</strong></span> <span class='ocrx_word' id='word_1_723' title='bbox 1411 5321 1778 5393; x_wconf 55' lang='lat' dir='ltr'><strong>wsqu_e_inter</strong></span> <span class='ocrx_word' id='word_1_724' title='bbox 1820 5321 1999 5393; x_wconf 77' lang='lat' dir='ltr'><strong>ipsum</strong></span> <span class='ocrx_word' id='word_1_725' title='bbox 2031 5335 2085 5380; x_wconf 89' lang='lat' dir='ltr'><strong>et</strong></span> 
     </span>
    </p>
   </div>
   <div class='ocr_carea' id='block_1_98' title="bbox 547 5389 2084 5455">
    <p class='ocr_par' dir='ltr' id='par_1_98' title="bbox 547 5389 2084 5455">
     <span class='ocr_line' id='line_1_98' title="bbox 547 5389 2084 5455; baseline 0.002 -10"><span class='ocrx_word' id='word_1_726' title='bbox 547 5392 750 5445; x_wconf 69' lang='lat' dir='ltr'><strong>Aucha</strong></span> <span class='ocrx_word' id='word_1_727' title='bbox 780 5391 949 5444; x_wconf 78' lang='lat' dir='ltr'><strong>factas</strong></span> <span class='ocrx_word' id='word_1_728' title='bbox 977 5397 1179 5455; x_wconf 90' lang='lat' dir='ltr'><strong>narrat,</strong></span> <span class='ocrx_word' id='word_1_729' title='bbox 1203 5396 1286 5443; x_wconf 92' lang='lat' dir='ltr'><strong>est</strong></span> <span class='ocrx_word' id='word_1_730' title='bbox 1304 5395 1482 5440; x_wconf 89' lang='lat' dir='ltr'><strong>autem</strong></span> <span class='ocrx_word' id='word_1_731' title='bbox 1513 5389 1579 5440; x_wconf 90' lang='lat' dir='ltr'><strong>ad</strong></span> <span class='ocrx_word' id='word_1_732' title='bbox 1609 5389 1943 5447; x_wconf 70' lang='lat' dir='ltr'><strong>Euronotum</strong></span> <span class='ocrx_word' id='word_1_733' title='bbox 1964 5409 2084 5448; x_wconf 85' lang='lat' dir='ltr'><strong>ver-</strong></span> 
     </span>
    </p>
   </div>
   <div class='ocr_carea' id='block_1_99' title="bbox 547 5458 2084 5664">
    <p class='ocr_par' dir='ltr' id='par_1_99' title="bbox 547 5458 2084 5664">
     <span class='ocr_line' id='line_1_99' title="bbox 547 5458 2084 5648; baseline 0.005 -73"><span class='ocrx_word' id='word_1_734' title='bbox 547 5458 1054 5648; x_wconf 46' lang='lat' dir='ltr'><strong>suir§533$r$m</strong></span> <span class='ocrx_word' id='word_1_735' title='bbox 1100 5503 1420 5604; x_wconf 79' lang='lat' dir='ltr'><strong>impressum</strong></span> <span class='ocrx_word' id='word_1_736' title='bbox 1453 5523 1825 5606; x_wconf 60' lang='grc' dir='ltr'><strong>ΕιιεΙιᾳιτιαγης</strong></span> <span class='ocrx_word' id='word_1_737' title='bbox 1848 5525 2084 5584; x_wconf 81' lang='lat' dir='ltr'><strong>ConSule</strong></span> 
     </span>
     <span class='ocr_line' id='line_1_100' title="bbox 549 5593 2080 5664; baseline 0.004 -18"><span class='ocrx_word' id='word_1_738' title='bbox 549 5610 672 5664; x_wconf 70' lang='lat' dir='ltr'><strong>qua:</strong></span> <span class='ocrx_word' id='word_1_739' title='bbox 728 5609 758 5647; x_wconf 87' lang='lat' dir='ltr'><strong>e</strong></span> <span class='ocrx_word' id='word_1_740' title='bbox 788 5593 881 5664; x_wconf 35' lang='grc' dir='ltr'><strong>ξ.-</strong></span> <span class='ocrx_word' id='word_1_741' title='bbox 915 5593 1164 5664; x_wconf 36' lang='lat' dir='ltr'><strong>Aheodoro</strong></span> <span class='ocrx_word' id='word_1_742' title='bbox 1207 5593 1441 5649; x_wconf 75' lang='lat' dir='ltr'><strong>diximus</strong></span> <span class='ocrx_word' id='word_1_743' title='bbox 1467 5594 1532 5647; x_wconf 90' lang='lat' dir='ltr'><strong>ad</strong></span> <span class='ocrx_word' id='word_1_744' title='bbox 1565 5593 1741 5647; x_wconf 80' lang='lat' dir='ltr'><strong>Vitam</strong></span> <span class='ocrx_word' id='word_1_745' title='bbox 1778 5611 1897 5664; x_wconf 82' lang='lat' dir='ltr'><strong>ejus</strong></span> <span class='ocrx_word' id='word_1_746' title='bbox 1919 5596 2006 5650; x_wconf 90' lang='lat' dir='ltr'><strong>die</strong></span> <span class='ocrx_word' id='word_1_747' title='bbox 2031 5598 2080 5652; x_wconf 87' lang='lat'><strong>7.</strong></span> 
     </span>
    </p>
   </div>
   <div class='ocr_carea' id='block_1_100' title="bbox 594 5659 2076 5799">
    <p class='ocr_par' dir='ltr' id='par_1_100' title="bbox 594 5659 2076 5799">
     <span class='ocr_line' id='line_1_101' title="bbox 594 5659 1821 5725; baseline -0.009 -7"><span class='ocrx_word' id='word_1_748' title='bbox 594 5662 830 5718; x_wconf 83' lang='lat' dir='ltr'><strong>ebruarii</strong></span> <span class='ocrx_word' id='word_1_749' title='bbox 860 5659 887 5725; x_wconf 64' lang='grc' dir='ltr'>ᾗ</span> <span class='ocrx_word' id='word_1_750' title='bbox 908 5660 962 5711; x_wconf 75' lang='grc'><strong>2.</strong></span> <span class='ocrx_word' id='word_1_751' title='bbox 1807 5659 1821 5664; x_wconf 81' lang='grc'><em>’</em></span> 
     </span>
     <span class='ocr_line' id='line_1_102' title="bbox 619 5726 2076 5799; baseline 0.003 -17"><span class='ocrx_word' id='word_1_752' title='bbox 619 5729 730 5799; x_wconf 83' lang='grc'><strong>(18)</strong></span> <span class='ocrx_word' id='word_1_753' title='bbox 763 5729 876 5783; x_wconf 82' lang='grc' dir='ltr'><strong>Ιωο</strong></span> <span class='ocrx_word' id='word_1_754' title='bbox 900 5726 1183 5796; x_wconf 79' lang='lat' dir='ltr'><strong>Saraphas,</strong></span> <span class='ocrx_word' id='word_1_755' title='bbox 1213 5727 1290 5781; x_wconf 91' lang='lat' dir='ltr'><strong>uti</strong></span> <span class='ocrx_word' id='word_1_756' title='bbox 1314 5726 1517 5780; x_wconf 87' lang='lat' dir='ltr'><strong>dicetur</strong></span> <span class='ocrx_word' id='word_1_757' title='bbox 1542 5728 1608 5782; x_wconf 88' lang='lat' dir='ltr'><strong>ad</strong></span> <span class='ocrx_word' id='word_1_758' title='bbox 1639 5731 1756 5798; x_wconf 85' lang='lat' dir='ltr'><strong>ejus</strong></span> <span class='ocrx_word' id='word_1_759' title='bbox 1784 5740 1838 5785; x_wconf 90' lang='lat' dir='ltr'><strong>et</strong></span> <span class='ocrx_word' id='word_1_760' title='bbox 1863 5732 1917 5784; x_wconf 91' lang='lat' dir='ltr'><strong>S.</strong></span> <span class='ocrx_word' id='word_1_761' title='bbox 1950 5732 2076 5788; x_wconf 76' lang='lat' dir='ltr'><strong>Bac—</strong></span> 
     </span>
    </p>
   </div>
   <div class='ocr_carea' id='block_1_101' title="bbox 2173 4603 3724 4686">
    <p class='ocr_par' dir='ltr' id='par_1_101' title="bbox 2173 4603 3724 4686">
     <span class='ocr_line' id='line_1_103' title="bbox 2173 4603 3724 4686; baseline 0.012 -31"><span class='ocrx_word' id='word_1_762' title='bbox 2173 4603 2561 4672; x_wconf 90' lang='lat' dir='ltr'><strong>jumentorum,</strong></span> <span class='ocrx_word' id='word_1_763' title='bbox 2593 4623 2714 4676; x_wconf 62' lang='lat' dir='ltr'><strong>quae</strong></span> <span class='ocrx_word' id='word_1_764' title='bbox 2743 4610 2971 4678; x_wconf 87' lang='lat' dir='ltr'><strong>sparsim</strong></span> <span class='ocrx_word' id='word_1_765' title='bbox 3006 4611 3138 4664; x_wconf 90' lang='lat' dir='ltr'><strong>inibi</strong></span> <span class='ocrx_word' id='word_1_766' title='bbox 3168 4613 3346 4679; x_wconf 84' lang='lat' dir='ltr'><strong>jacere</strong></span> <span class='ocrx_word' id='word_1_767' title='bbox 3387 4615 3724 4686; x_wconf 89' lang='lat' dir='ltr'><strong>videbantur,</strong></span> 
     </span>
    </p>
   </div>
   <div class='ocr_carea' id='block_1_102' title="bbox 2176 4696 3725 4778">
    <p class='ocr_par' dir='ltr' id='par_1_102' title="bbox 2176 4696 3725 4778">
     <span class='ocr_line' id='line_1_104' title="bbox 2176 4696 3725 4778; baseline 0.01 -31"><span class='ocrx_word' id='word_1_768' title='bbox 2176 4696 2232 4748; x_wconf 92' lang='lat' dir='ltr'><strong>in</strong></span> <span class='ocrx_word' id='word_1_769' title='bbox 2252 4710 2487 4762; x_wconf 90' lang='lat' dir='ltr'><strong>saccum,</strong></span> <span class='ocrx_word' id='word_1_770' title='bbox 2514 4699 2610 4767; x_wconf 88' lang='lat' dir='ltr'><strong>qui</strong></span> <span class='ocrx_word' id='word_1_771' title='bbox 2634 4697 2882 4752; x_wconf 89' lang='lat' dir='ltr'><strong>cominus</strong></span> <span class='ocrx_word' id='word_1_772' title='bbox 2903 4699 3087 4753; x_wconf 88' lang='lat' dir='ltr'><strong>haberi</strong></span> <span class='ocrx_word' id='word_1_773' title='bbox 3110 4702 3448 4770; x_wconf 89' lang='lat' dir='ltr'><strong>cernebatur,</strong></span> <span class='ocrx_word' id='word_1_774' title='bbox 3471 4721 3725 4778; x_wconf 61' lang='lat' dir='ltr'><strong>congere.</strong></span> 
     </span>
    </p>
   </div>
   <div class='ocr_carea' id='block_1_103' title="bbox 2178 4786 3725 4866">
    <p class='ocr_par' dir='ltr' id='par_1_103' title="bbox 2178 4786 3725 4866">
     <span class='ocr_line' id='line_1_105' title="bbox 2178 4786 3725 4866; baseline 0.01 -30"><span class='ocrx_word' id='word_1_775' title='bbox 2178 4792 2277 4848; x_wconf 89' lang='lat' dir='ltr'><strong>ret,</strong></span> <span class='ocrx_word' id='word_1_776' title='bbox 2311 4793 2366 4837; x_wconf 91' lang='lat' dir='ltr'><strong>ct</strong></span> <span class='ocrx_word' id='word_1_777' title='bbox 2399 4786 2563 4841; x_wconf 89' lang='lat' dir='ltr'><strong>dorso</strong></span> <span class='ocrx_word' id='word_1_778' title='bbox 2589 4787 2838 4855; x_wconf 86' lang='lat' dir='ltr'><strong>imposita</strong></span> <span class='ocrx_word' id='word_1_779' title='bbox 2862 4797 3121 4858; x_wconf 87' lang='lat' dir='ltr'><strong>egereret.</strong></span> <span class='ocrx_word' id='word_1_780' title='bbox 3155 4790 3221 4845; x_wconf 84' lang='lat' dir='ltr'><strong>Et</strong></span> <span class='ocrx_word' id='word_1_781' title='bbox 3249 4793 3465 4866; x_wconf 77' lang='lat' dir='ltr'><strong>quidem</strong></span> <span class='ocrx_word' id='word_1_782' title='bbox 3489 4811 3589 4864; x_wconf 89' lang='lat' dir='ltr'><strong>per</strong></span> <span class='ocrx_word' id='word_1_783' title='bbox 3617 4799 3725 4864; x_wconf 55' lang='lat' dir='ltr'><strong>hate</strong></span> 
     </span>
    </p>
   </div>
   <div class='ocr_carea' id='block_1_104' title="bbox 2179 4875 3724 4943">
    <p class='ocr_par' dir='ltr' id='par_1_104' title="bbox 2179 4875 3724 4943">
     <span class='ocr_line' id='line_1_106' title="bbox 2179 4875 3724 4943; baseline 0.009 -17"><span class='ocrx_word' id='word_1_784' title='bbox 2179 4879 2436 4939; x_wconf 91' lang='lat' dir='ltr'><strong>stercora,</strong></span> <span class='ocrx_word' id='word_1_785' title='bbox 2461 4875 2707 4927; x_wconf 86' lang='lat' dir='ltr'><strong>luxurias</strong></span> <span class='ocrx_word' id='word_1_786' title='bbox 2742 4883 2797 4927; x_wconf 92' lang='lat' dir='ltr'><strong>et</strong></span> <span class='ocrx_word' id='word_1_787' title='bbox 2836 4878 3121 4943; x_wconf 87' lang='lat' dir='ltr'><strong>spurcitias</strong></span> <span class='ocrx_word' id='word_1_788' title='bbox 3169 4879 3504 4936; x_wconf 85' lang='lat' dir='ltr'><strong>diversorum</strong></span> <span class='ocrx_word' id='word_1_789' title='bbox 3551 4886 3724 4940; x_wconf 86' lang='lat' dir='ltr'><strong>homi-</strong></span> 
     </span>
    </p>
   </div>
   <div class='ocr_carea' id='block_1_105' title="bbox 2179 4963 3724 5040">
    <p class='ocr_par' dir='ltr' id='par_1_105' title="bbox 2179 4963 3724 5040">
     <span class='ocr_line' id='line_1_107' title="bbox 2179 4963 3724 5040; baseline 0.01 -24"><span class='ocrx_word' id='word_1_790' title='bbox 2179 4977 2330 5027; x_wconf 89' lang='lat' dir='ltr'><strong>num,</strong></span> <span class='ocrx_word' id='word_1_791' title='bbox 2357 4964 2589 5017; x_wconf 88' lang='lat' dir='ltr'><strong>maxime</strong></span> <span class='ocrx_word' id='word_1_792' title='bbox 2608 4972 2789 5018; x_wconf 87' lang='lat' dir='ltr'><strong>autem</strong></span> <span class='ocrx_word' id='word_1_793' title='bbox 2813 4963 3281 5034; x_wconf 82' lang='lat' dir='ltr'><strong>Nicolaitarum,et</strong></span> <span class='ocrx_word' id='word_1_794' title='bbox 3301 4976 3478 5040; x_wconf 89' lang='lat' dir='ltr'><strong>quarti</strong></span> <span class='ocrx_word' id='word_1_795' title='bbox 3511 4975 3724 5032; x_wconf 78' lang='lat' dir='ltr'><strong>Henrici</strong></span> 
     </span>
    </p>
   </div>
   <div class='ocr_carea' id='block_1_106' title="bbox 2180 5109 3722 5186">
    <p class='ocr_par' dir='ltr' id='par_1_106' title="bbox 2180 5109 3722 5186">
     <span class='ocr_line' id='line_1_108' title="bbox 2180 5109 3722 5186; baseline 0.01 -23"><span class='ocrx_word' id='word_1_796' title='bbox 2180 5111 2267 5186; x_wconf 81' lang='lat' dir='ltr'><strong>chi</strong></span> <span class='ocrx_word' id='word_1_797' title='bbox 2299 5109 2480 5186; x_wconf 78' lang='lat' dir='ltr'><strong>Vitam</strong></span> <span class='ocrx_word' id='word_1_798' title='bbox 2520 5111 2570 5164; x_wconf 91' lang='lat'><strong>7.</strong></span> <span class='ocrx_word' id='word_1_799' title='bbox 2608 5110 2873 5167; x_wconf 90' lang='lat' dir='ltr'><strong>Octobris.</strong></span> <span class='ocrx_word' id='word_1_800' title='bbox 2918 5112 3152 5186; x_wconf 89' lang='lat' dir='ltr'><strong>Consule</strong></span> <span class='ocrx_word' id='word_1_801' title='bbox 3203 5130 3365 5174; x_wconf 87' lang='lat' dir='ltr'><strong>notas</strong></span> <span class='ocrx_word' id='word_1_802' title='bbox 3401 5119 3621 5178; x_wconf 83' lang='lat' dir='ltr'><strong>Baronii</strong></span> <span class='ocrx_word' id='word_1_803' title='bbox 3657 5125 3722 5180; x_wconf 87' lang='lat' dir='ltr'><strong>ad</strong></span> 
     </span>
    </p>
   </div>
   <div class='ocr_carea' id='block_1_107' title="bbox 2179 5180 2591 5233">
    <p class='ocr_par' dir='ltr' id='par_1_107' title="bbox 2179 5180 2591 5233">
     <span class='ocr_line' id='line_1_109' title="bbox 2179 5180 2591 5233; baseline -0.002 0"><span class='ocrx_word' id='word_1_804' title='bbox 2179 5180 2384 5233; x_wconf 91' lang='lat' dir='ltr'><strong>dictum</strong></span> <span class='ocrx_word' id='word_1_805' title='bbox 2429 5181 2591 5233; x_wconf 92' lang='lat' dir='ltr'><strong>diem.</strong></span> 
     </span>
    </p>
   </div>
   <div class='ocr_carea' id='block_1_108' title="bbox 2251 5238 3774 5321">
    <p class='ocr_par' dir='ltr' id='par_1_108' title="bbox 2251 5238 3774 5321">
     <span class='ocr_line' id='line_1_110' title="bbox 2251 5238 3774 5321; baseline 0.011 -23"><span class='ocrx_word' id='word_1_806' title='bbox 2251 5238 2476 5321; x_wconf 4' lang='lat' dir='ltr'><strong>(1,9);Ex</strong></span> <span class='ocrx_word' id='word_1_807' title='bbox 2511 5249 2719 5321; x_wconf 84' lang='lat' dir='ltr'><strong>actione</strong></span> <span class='ocrx_word' id='word_1_808' title='bbox 2741 5249 2796 5321; x_wconf 43' lang='lat' dir='ltr'><strong>fi.</strong></span> <span class='ocrx_word' id='word_1_809' title='bbox 2837 5259 3048 5306; x_wconf 85' lang='lat' dir='ltr'><strong>constat</strong></span> <span class='ocrx_word' id='word_1_810' title='bbox 3087 5253 3230 5307; x_wconf 89' lang='lat' dir='ltr'><strong>hunc</strong></span> <span class='ocrx_word' id='word_1_811' title='bbox 3257 5269 3379 5309; x_wconf 87' lang='lat' dir='ltr'><strong>esse</strong></span> <span class='ocrx_word' id='word_1_812' title='bbox 3409 5253 3464 5310; x_wconf 92' lang='lat' dir='ltr'><strong>S.</strong></span> <span class='ocrx_word' id='word_1_813' title='bbox 3494 5257 3722 5314; x_wconf 78' lang='lat' dir='ltr'><strong>Theodo-</strong></span> <span class='ocrx_word' id='word_1_814' title='bbox 3771 5277 3774 5280; x_wconf 60' lang='lat'><em>‘</em></span> 
     </span>
    </p>
   </div>
   <div class='ocr_carea' id='block_1_109' title="bbox 2182 5312 3720 5388">
    <p class='ocr_par' dir='ltr' id='par_1_109' title="bbox 2182 5312 3720 5388">
     <span class='ocr_line' id='line_1_111' title="bbox 2182 5312 3720 5388; baseline 0.013 -26"><span class='ocrx_word' id='word_1_815' title='bbox 2342 5312 2609 5388; x_wconf 51' lang='lat' dir='ltr'><strong>Sicani-unt</strong></span> <span class='ocrx_word' id='word_1_816' title='bbox 2652 5316 2899 5388; x_wconf 64' lang='lat' dir='ltr'><strong>Algbalem</strong></span> <span class='ocrx_word' id='word_1_817' title='bbox 2917 5336 2936 5381; x_wconf 89' lang='lat'><strong>;</strong></span> <span class='ocrx_word' id='word_1_818' title='bbox 2967 5321 3124 5388; x_wconf 88' lang='lat' dir='ltr'><strong>cujus</strong></span> <span class='ocrx_word' id='word_1_819' title='bbox 3151 5321 3282 5375; x_wconf 89' lang='lat' dir='ltr'><strong>Acta</strong></span> <span class='ocrx_word' id='word_1_820' title='bbox 3310 5323 3464 5379; x_wconf 84' lang='lat' dir='ltr'><strong>valde</strong></span> <span class='ocrx_word' id='word_1_821' title='bbox 3496 5312 3720 5384; x_wconf 80' lang='lat' dir='ltr'><strong>illustria</strong></span> 
     </span>
    </p>
   </div>
   <div class='ocr_carea' id='block_1_110' title="bbox 2181 5382 3720 5461">
    <p class='ocr_par' dir='ltr' id='par_1_110' title="bbox 2181 5382 3720 5461">
     <span class='ocr_line' id='line_1_112' title="bbox 2181 5382 3720 5461; baseline 0.008 -26"><span class='ocrx_word' id='word_1_822' title='bbox 2181 5382 2427 5461; x_wconf 84' lang='lat' dir='ltr'><strong>dedimus</strong></span> <span class='ocrx_word' id='word_1_823' title='bbox 2448 5383 2784 5461; x_wconf 69' lang='lat' dir='ltr'><strong>22._Aprilis;</strong></span> <span class='ocrx_word' id='word_1_824' title='bbox 2826 5401 2920 5439; x_wconf 88' lang='lat' dir='ltr'><strong>sex</strong></span> <span class='ocrx_word' id='word_1_825' title='bbox 2947 5382 3178 5461; x_wconf 49' lang='lat' dir='ltr'><strong>ex&#39;sola</strong></span> <span class='ocrx_word' id='word_1_826' title='bbox 3221 5393 3464 5447; x_wconf 86' lang='lat' dir='ltr'><strong>versione</strong></span> <span class='ocrx_word' id='word_1_827' title='bbox 3510 5382 3720 5461; x_wconf 82' lang='lat' dir='ltr'><strong>Latina,</strong></span> 
     </span>
    </p>
   </div>
   <div class='ocr_carea' id='block_1_111' title="bbox 2180 5449 3725 5593">
    <p class='ocr_par' dir='ltr' id='par_1_111' title="bbox 2180 5449 3725 5593">
     <span class='ocr_line' id='line_1_113' title="bbox 2183 5449 3725 5527; baseline 0.01 -24"><span class='ocrx_word' id='word_1_828' title='bbox 2183 5458 2370 5503; x_wconf 89' lang='lat' dir='ltr'><strong>curata</strong></span> <span class='ocrx_word' id='word_1_829' title='bbox 2410 5466 2504 5518; x_wconf 86' lang='lat' dir='ltr'><strong>per</strong></span> <span class='ocrx_word' id='word_1_830' title='bbox 2533 5449 2927 5519; x_wconf 82' lang='lat' dir='ltr'><strong>Lipomanum:</strong></span> <span class='ocrx_word' id='word_1_831' title='bbox 2957 5455 3012 5507; x_wconf 92' lang='lat' dir='ltr'><strong>in</strong></span> <span class='ocrx_word' id='word_1_832' title='bbox 3043 5471 3155 5527; x_wconf 66' lang='lat' dir='ltr'><strong>qua.</strong></span> <span class='ocrx_word' id='word_1_833' title='bbox 3179 5474 3302 5512; x_wconf 91' lang='lat' dir='ltr'><strong>cum</strong></span> <span class='ocrx_word' id='word_1_834' title='bbox 3346 5462 3450 5516; x_wconf 83' lang='lat' dir='ltr'><strong>hoc</strong></span> <span class='ocrx_word' id='word_1_835' title='bbox 3486 5449 3725 5519; x_wconf 57' lang='lat' dir='ltr'><strong>mirae»:-</strong></span> 
     </span>
     <span class='ocr_line' id='line_1_114' title="bbox 2180 5519 3725 5593; baseline 0.003 -22"><span class='ocrx_word' id='word_1_836' title='bbox 2180 5519 2293 5571; x_wconf 91' lang='lat' dir='ltr'><strong>lum</strong></span> <span class='ocrx_word' id='word_1_837' title='bbox 2315 5519 2472 5593; x_wconf 66' lang='lat' dir='ltr'><strong>desit,</strong></span> <span class='ocrx_word' id='word_1_838' title='bbox 2497 5528 2719 5585; x_wconf 83' lang='lat' dir='ltr'><strong>apparet</strong></span> <span class='ocrx_word' id='word_1_839' title='bbox 2772 5536 2891 5593; x_wconf 79' lang='lat' dir='ltr'><strong>nec</strong></span> <span class='ocrx_word' id='word_1_840' title='bbox 2931 5522 3106 5593; x_wconf 88' lang='lat' dir='ltr'><strong>ipsum</strong></span> <span class='ocrx_word' id='word_1_841' title='bbox 3153 5527 3530 5593; x_wconf 85' lang='lat' dir='ltr'><strong>Lipomanum,</strong></span> <span class='ocrx_word' id='word_1_842' title='bbox 3588 5532 3725 5590; x_wconf 58' lang='grc' dir='ltr'>ὶιιω-</span> 
     </span>
    </p>
   </div>
   <div class='ocr_carea' id='block_1_112' title="bbox 2163 5586 3722 5663">
    <p class='ocr_par' dir='ltr' id='par_1_112' title="bbox 2163 5586 3722 5663">
     <span class='ocr_line' id='line_1_115' title="bbox 2163 5586 3722 5663; baseline 0.012 -26"><span class='ocrx_word' id='word_1_843' title='bbox 2163 5603 2337 5663; x_wconf 58' lang='grc' dir='ltr'><strong>,ες-ιιω</strong></span> <span class='ocrx_word' id='word_1_844' title='bbox 2363 5586 2606 5663; x_wconf 68' lang='grc' dir='ltr'><strong>ϐτωουῳ</strong></span> <span class='ocrx_word' id='word_1_845' title='bbox 2636 5594 2838 5663; x_wconf 71' lang='lat' dir='ltr'><strong>textum</strong></span> <span class='ocrx_word' id='word_1_846' title='bbox 2878 5586 3151 5659; x_wconf 82' lang='lat' dir='ltr'><strong>habuisse,</strong></span> <span class='ocrx_word' id='word_1_847' title='bbox 3173 5586 3334 5663; x_wconf 80' lang='lat' dir='ltr'><strong>quem</strong></span> <span class='ocrx_word' id='word_1_848' title='bbox 3357 5595 3440 5650; x_wconf 87' lang='lat' dir='ltr'><strong>vel</strong></span> <span class='ocrx_word' id='word_1_849' title='bbox 3464 5586 3585 5654; x_wconf 77' lang='lat' dir='ltr'><strong>ideo</strong></span> <span class='ocrx_word' id='word_1_850' title='bbox 3603 5586 3722 5660; x_wconf 63' lang='lat' dir='ltr'><strong>vn;-</strong></span> 
     </span>
    </p>
   </div>
   <div class='ocr_carea' id='block_1_113' title="bbox 2179 5653 2820 5739">
    <p class='ocr_par' dir='ltr' id='par_1_113' title="bbox 2179 5653 2820 5739">
     <span class='ocr_line' id='line_1_116' title="bbox 2179 5653 2820 5739; baseline 0.002 -29"><span class='ocrx_word' id='word_1_851' title='bbox 2179 5653 2265 5722; x_wconf 57' lang='grc' dir='ltr'>ᾖε</span> <span class='ocrx_word' id='word_1_852' title='bbox 2295 5664 2546 5723; x_wconf 86' lang='lat' dir='ltr'><strong>optamus</strong></span> <span class='ocrx_word' id='word_1_853' title='bbox 2570 5653 2820 5739; x_wconf 77' lang='lat' dir='ltr'><strong>inveniri.</strong></span> 
     </span>
    </p>
   </div>
  </div>
