3902 6348
158 466 215 519 49

1065 420 1615 533 ῬηθιεοουεΝΑ.
1641 504 1713 515 --
1737 473 1917 540 acra
1944 451 2001 531 ὲ.
2035 471 2373 529 essanun.

3265 470 3336 524 ω
3357 482 3366 495 ..

158 578 346 647 patroni
368 591 556 633 eorum
580 581 907 652 signiﬁcari,
932 583 997 639 in
1013 583 1260 656 promptu
1290 594 1405 644 est.
1432 585 1537 641 Sed
1557 600 1693 655 quo-
1719 586 1765 640 A
1791 582 2014 649 tionem,
2042 580 2398 651 eleemosynis
2440 578 2732 642 conditam,
2757 577 2938 632 divino
2981 576 3100 631 fulti
3134 578 3337 632 auxilio

161 666 303 721 modo
340 676 391 722 et
434 678 650 737 portata
688 680 746 727 et
804 683 1077 743 exportata
1126 676 1252 739 sint,
1295 692 1397 731 suo
1432 677 1690 747 tempore,

160 756 255 811 Deo
272 758 556 826 aspirante,
582 761 1083 845 demonstrabimus
1341 759 1345 763 ’
1689 767 1692 771 ’

745 874 971 929 CAPUT
997 874 1083 929 Ill.

164 978 342 1050 Electio
365 980 434 1033 ad
462 980 736 1050 Papatum‘
776 994 827 1037 et
866 986 998 1038 hanc
1031 990 1207 1039 secuta
1240 989 1371 1040 visio
1398 987 1647 1041 columba:
1675 1004 1693 1041 :

402 1049 943 1123 divinitusb'regorio
989 1055 1215 1109 immissi
1246 1066 1311 1110 et.
1343 1057 1530 1124 ablati,
1566 1058 1693 1128 α’σή

213 1131 332 1171 ωηο
356 1133 395 1171 t.

217 1205 297 1259 21.
328 1206 479 1263 Nunc
507 1209 793 1266 electionis
815 1206 957 1282 ejus,
980 1222 1100 1283 post
1148 1222 1377 1268 mortem
1406 1214 1693 1271 Alexandri

160 1292 315 1365 Papa,
344 1296 647 1367 legitimum
682 1303 927 1356 ordinem
948 1344 962 1367 ,
992 1312 1151 1372 prout
1178 1305 1281 1374 ipsi
1300 1306 1558 1361 electores
1576 1306 1695 1375 ejus

160 1388 601 1457 conscripserunt,
678 1407 1065 1461 preponamus,
1104 1390 1401 1465 "regnante
1467 1395 1695 1451 Domino

160 1484 328 1532 nostro
354 1477 482 1533 Jesu
513 1480 759 1547 Christo,
800 1499 943 1548 anno
976 1486 1409 1541 clementissimae
1443 1486 1695 1543 lncarna-

160 1566 307 1621 tionis
331 1568 448 1635 ejus
481 1569 609 1636 185,
639 1570 932 1630 lndictione
969 1582 1020 1630 et
1052 1575 1204 1631 Luna
1241 1593 1316 1643 ιι,
1341 1575 1550 1641 (1εοίωο
1584 1578 1692 1632 Ka-

160 1654 286 1709 lend.
331 1657 453 1713 Maii
498 1658 639 1716 feria
691 1665 947 1732 secunda,
1000 1665 1087 1721 die
1148 1668 1439 1735 sepultura:
1480 1666 1693 1722 Domini

158 1744 426 1804 Alexandri
453 1752 617 1807 bona:
643 1757 916 1810 memoria:
958 1757 1179 1811 secundi
1210 1757 1385 1828 Papae.
1433 1756 1511 1812 Ne
1539 1758 1695 1822 sedes

159 1834 444 1905 Apostolica
482 1843 582 1897 diu
644 1845 825 1916 lugeat
867 1848 1084 1917 proprio
1137 1849 1393 1904 destituta
1446 1850 1689 1917 Pastore,

158 1932 449 2001 congregati
495 1933 554 1988 in
609 1934 836 1991 Basilica
884 1938 943 1992 Β.
993 1938 1138 1993 Petri
1181 1940 1249 1993 ad
1295 1938 1545 2007 Vincula,
1595 1956 1696 2009 nos

158 2029 338 2074 sancta
374 2021 637 2080 Romana:
664 2026 955 2084 Catholica:
998 2039 1052 2084 et
1094 2026 1418 2099 Apostolicaa
1444 2030 1698 2087 Ecclesia:

156 2106 467 2178 Cardinales,
516 2112 736 2182 Clerici,
766 2116 1034 2189 Acolytbi,
1071 2112 1420 2185 Subdlaconi,
1450 2119 1695 2185 Diaconi,

126 2196 475 2271 Presbyteri;
537 2209 898 2275 praesentibus
940 2210 1338 2265 venerabilibus
1378 2208 1693 2279 Episcopis;

157 2287 456 2361 Abbatibus,
498 2295 729 2355 Clericis
779 2308 835 2354 et
879 2300 1157 2355 Monachis
1197 2301 1693 2365 consentientibus;

158 2381 381 2448 plurimis
409 2387 586 2442 turbis
612 2386 897 2459 utriusque
946 2405 1110 2445 sexus
1140 2390 1445 2461 diversique
1492 2392 1698 2447 ordinis

156 2472 597 2544 acclamantibus;
617 2479 879 2549 elegimus
904 2481 1061 2535 nobis
1080 2481 1135 2535 in
1159 2480 1436 2536 Pastorem
1466 2491 1522 2537 et
1537 2483 1698 2535 Sum-

158 2578 292 2616 mum
310 2563 647 2633 Pontiﬁcem,
682 2570 861 2623 virum
895 2571 1226 2640 religioSum,
1258 2571 1486 2641 gemina:
1520 2572 1696 2627 scien-

157 2652 237 2707 tia:
276 2656 558 2723 prudentia
597 2659 907 2730 pollentem,
941 2662 1211 2729 :equitatis
1233 2669 1287 2716 et
1310 2662 1533 2732 justitize
1559 2678 1698 2732 prte-

155 2745 535 2803 stantissimum
602 2758 922 2816 amatorem,
974 2751 1031 2808 in
1094 2752 1337 2808 adversis
1378 2752 1595 2818 fortem,
1641 2753 1695 2806 in

154 2836 410 2904 prosperis
432 2846 898 2910 temperatum,et,
916 2840 1322 2913 jux'taApostoli
1350 2843 1572 2906 dictum,
1600 2843 1696 2897 bo-

154 2923 233 2997 nis
269 2928 507 2985 moribus
573 2938 847 2997 ornatum,
893 2932 1167 3001 pudicum,
1227 2934 1551 2999 modestum,
1601 2947 1695 2988 so-

154 3012 338 3083 brium,
387 3028 625 3086 castum,
682 3017 1024 3090 hospitalem,
1069 3021 1292 3077 domum
1356 3039 1512 3079 suam
1559 3025 1696 3079 bene

155 3117 430 3175 regentem,
451 3110 510 3165 in
541 3111 751 3181 gremio
797 3110 961 3180 hujus
1003 3110 1191 3169 Matris
1223 3112 1477 3172 Ecclesiae
1497 3131 1528 3170 a
1564 3130 1697 3185 pue—

154 3286 265 3343 vita
274 3282 467 3348 merito
490 3292 549 3350 in
562 3282 1053 3369 Archidiaconatus
1064 3295 1325 3353 honorem
1352 3313 1522 3368 usque
1538 3298 1698 3353 hodie

155 3378 487 3436 sublinntum
505 3424 522 3448 ,
567 3382 1009 3443 Hildebra’ndum
1044 3381 1294 3467 videlicet
1342 3388 1696 3444 Archidiaco-

154 3483 301 3536 num;
335 3485 499 3541 quem
528 3475 727 3530 amodo
764 3492 939 3547 usque
966 3471 1038 3539 in
1077 3479 1462 3556 sempiternum
1502 3487 1557 3534 et
1579 3470 1700 3535 esse

152 3567 201 3613 et
220 3558 321 3616 dici
346 3560 668 3635 Gregorium
708 3563 911 3636 Papam
952 3576 1007 3622 et
1044 3567 1415 3638 Apostolicum
1450 3572 1699 3627 volumus

152 3655 202 3704 et
227 3655 607 3724 Ipprohamus.
660 3655 843 3713 Placet
891 3658 1080 3714 vobis?
1113 3658 1316 3717 Placet.
1339 3661 1517 3720 Vultis
1540 3664 1702 3719 eum?

160 3736 421 3798 Volumus.
446 3742 707 3800 Laudatis
724 3761 850 3813 eum
866 3747 891 3799 Ἰ
918 3746 1249 3806 Laudamus.
1298 3752 1439 3807 Acta
1450 3753 1639 3809 Romae
1664 3770 1699 3808 χ

154 3824 363 3886 Kalend.
398 3831 549 3901 Maii,
583 3834 880 3891 lndlctione
915 3853 991 3891 ιι.
1156 3856 1159 3857 ⁷
1304 3886 1308 3891 .
1481 3907 1487 3917 ε

210 3919 295 3976 22.
328 3920 447 3994 Ipse
467 3940 688 3997 quoque
720 3927 1008 3997 Gregorius
1026 3928 1094 3983 de
1117 3929 1380 3986 electione
1409 3947 1506 3987 sua
1528 3933 1700 3988 conti-

154 4023 255 4065 nuo
285 4012 385 4069 has
432 4016 582 4072 misit
611 4017 889 4086 epistolas.
922 4016 1239 4089 Gregorius,
1284 4020 1340 4075 in
1391 4004 1698 4076 Romanum

155 4097 455 4158 Pontiﬁcem
517 4108 741 4171 electus,
816 4107 1091 4164 Desiderio
1141 4108 1336 4165 Abbati
1388 4110 1700 4167 Monas‘terii

156 4186 209 4243 6.
236 4188 507 4249 Benedicti
532 4196 927 4252 montisCasini
943 4239 958 4263 ,
982 4195 1207 4254 s'alutem
1230 4202 1285 4256 in
1302 4201 1519 4257 Christo
1550 4203 1696 4261 Iesu.

1730 1916 1771 1970 Β

154 4277 403 4340 Dominus
425 4283 569 4355 Papa
601 4286 906 4341 Alexander
944 4296 1191 4345 mortuus
1212 4300 1296 4345 est
1331 4293 1526 4361 :cujus
1552 4309 1701 4349 mors
1738 4344 1740 4348 _

154 4383 304 4439 super
328 4390 415 4428 me
436 4378 648 4445 cecidit,
684 4386 740 4432 et
759 4378 941 4433 omnia
968 4380 1177 4435 viscera
1212 4395 1333 4435 mea
1362 4383 1697 4449 concutiens,

1791 678 2152 726 statueremus
2174 670 2318 739 quod
2344 670 2536 724 melius
2562 669 2628 723 de
2649 669 2908 723 electione
2940 667 3170 723 Romani
3195 667 3341 724 Pon-

1793 762 1951 816 tiﬁcis
1972 760 2260 816 videretur.
2308 760 2411 815 Sed
2449 761 2648 826 subito,
2675 775 2797 814 eum
2835 760 3122 829 praedictus
3155 758 3331 814 Domi.

1794 867 1896 906 nus
1928 859 2113 905 noster
2143 849 2286 920 Papa
2323 851 2381 904 in
2438 850 2675 906 Ecclesia
2714 850 3008 904 Salvatoris
3051 846 3342 919 sepultura

1792 941 2113 1008 traderetur,
2148 948 2303 996 ortus
2349 948 2434 995 est
2479 956 2708 1012 magnus
2762 942 3022 995 tumultus
3061 941 3247 1011 populi
3288 948 3344 995 et

1792 1029 2059 1097 fremitus,
2087 1040 2141 1085 et
2166 1032 2223 1085 in
2256 1047 2343 1087 me
2366 1032 2523 1101 quasi
2564 1033 2747 1086 vesani
2795 1032 3240 1097 insurrexerunt;
3265 1030 3343 1086 ita

1794 1130 1854 1176 ut
1875 1137 1999 1176 cum
2035 1120 2301 1192 Propheta
2330 1122 2533 1191 possim
2577 1122 2755 1177 dicere
2794 1140 2807 1176 :
2848 1120 2982 1177 Veni
3022 1122 3076 1175 in
3107 1121 3345 1175 altitudi-

1794 1228 1918 1267 nem
1975 1211 2165 1277 maris,
2208 1220 2263 1266 et
2319 1220 2611 1282 tempestas
2650 1213 2908 1267 demersit
2934 1226 3053 1279 me;
3080 1210 3344 1265 Laboravi

1794 1303 2054 1367 clamans,
2090 1316 2268 1357 raucae
2292 1302 2447 1357 facta:
2471 1311 2598 1357 sunt
2636 1302 2817 1358 fauces
2848 1317 3010 1368 meae;
3041 1310 3133 1356 et:
3160 1300 3351 1358 Timor

1794 1399 1847 1446 et
1883 1400 2086 1447 tremor
2129 1400 2399 1447 venerunt
2418 1408 2580 1461 super
2604 1409 2709 1458 me,
2761 1401 2816 1448 et
2861 1400 3217 1447 contexerant
3242 1399 3347 1445 ~me

1795 1482 2044 1553 tenebrae.
2086 1481 2191 1536 Sed
2230 1483 2358 1553 quia
2411 1483 2466 1537 in
2488 1484 2627 1537 lecto
2671 1484 2861 1553 jacens
2912 1482 3063 1536 valde
3094 1480 3347 1551 fatigatus

1795 1573 1927 1627 satis
1966 1572 2171 1628 dictare
2214 1589 2446 1644 nequeo,
2482 1576 2763 1645 angustias
2794 1589 2943 1629 meas
2971 1587 3224 1628 enarrare
3254 1587 3349 1629 su-

1794 1662 2070 1730 persedeo.
2120 1661 2196 1717 Te
2249 1664 2416 1734 igitur
2453 1679 2549 1734 per
2592 1666 3017 1734 omnipotentem
3058 1662 3346 1716 Dominum

1798 1766 1949 1822 rogo,
1988 1762 2050 1808 ut
2100 1752 2469 1825 suﬂraganeos
2518 1754 2734 1809 Fratres
2780 1764 2835 1809 et
2889 1754 3074 1818 Filios,
3123 1767 3263 1822 quos
3294 1751 3351 1804 in
3398 1768 3423 1790 ι

1796 1839 2042 1900 Christos
2060 1845 2265 1912 nutris,
2295 1844 2363 1899 ad
2392 1845 2725 1899 exorandum
2753 1843 2923 1897 Deum
2959 1857 3062 1911 pro
3099 1856 3187 1895 me
3222 1854 3350 1908 pro-

1796 1950 1975 2001 voces,
1996 1944 2052 1989 et
2070 1950 2145 1989 er
2164 1947 2285 1991 vera
2336 1936 2561 1991 caritate
2600 1922 2793 1989 invites
2824 1941 3125 2004 :quatenus
3152 1928 3348 1994 oratio,

1796 2039 1917 2092 qua:
1938 2040 2025 2083 me
2054 2026 2284 2081 liberare
2311 2027 2515 2091 debuit,
2552 2041 2619 2080 ne
2650 2026 2995 2081 incurrerern.
3026 2022 3348 2093 periculum,

1796 2108 1986 2167 saltem
2026 2122 2241 2169 tueatur
2287 2115 2344 2169 in
2374 2116 2614 2186 periculo
2643 2118 2896 2185 positum.
2923 2115 3003 2169 Tu
3030 2122 3207 2169 autem
3237 2112 3353 2180 ipse

1796 2203 2119 2273 quantocius
2172 2205 2241 2260 ad
2280 2221 2387 2262 .nos
2426 2206 2610 2261 venire
2668 2222 2778 2261 non
2816 2194 3215 2275 praetermittas,
3258 2202 3356 2279 qui

1796 2287 2057 2362 quantum
2093 2295 2344 2351 Remana
2372 2295 2611 2369 Ecclesia
2661 2304 2711 2351 te
2747 2296 3011 2367 indigeat,
3055 2303 3110 2349 et
3140 2293 3192 2348 in
3220 2304 3354 2364 pru-

1795 2383 1977 2437 dentia
2019 2393 2115 2463 tua
2162 2386 2415 2443 ﬁduciam
2460 2386 2676 2452 habeat,
2715 2400 2824 2440 non
2877 2375 3131 2456 ignoras.
3170 2384 3360 2463 Domi-

1795 2487 1921 2526 nam
1938 2462 2197 2542 Agtietem
2221 2473 2619 2544 Imperatrieem
2654 2474 2788 2546 (20),
2815 2483 2870 2529 et
2892 2475 3213 2529 Rainaldum
3238 2473 3355 2543 (21)

1795 2564 2149 2619 venerabilem
2189 2565 2492 2621 Cumanum
2528 2568 2841 2637 episcOpum
2874 2582 2937 2622 ex
2973 2573 3162 2621 nostra
3204 2572 3359 2635 parte

1797 2653 1972 2707 saluta
2004 2662 2093 2709 :et
2120 2664 2384 2725 quantum
2414 2673 2541 2729 erga
2576 2673 2677 2712 nos
2706 2657 3011 2713 dilectionis
3048 2656 3357 2721 habuerint,
3397 2710 3401 2717 ,

1796 2746 1961 2799 nunc.
1988 2754 2050 2799 ut
2091 2749 2399 2814 ostendant,
2442 2758 2630 2804 nostra
2672 2750 2789 2804 vice
2830 2750 3062 2804 ﬁdeliter
3112 2748 3360 2803 obsecra.

1796 2832 1929 2887 Data
1952 2834 2159 2904 Roma,
2198 2854 2254 2892 ιι
2284 2838 2404 2894 Kal.
2436 2838 2581 2905 Maii,
2613 2838 2909 2894 lndictione
2942 2840 3244 2895 undecima.
3353 2824 3358 2852 ⁸

1863 2924 1952 2979 25.
1986 2924 2299 2998 Gregorius,
2326 2929 2379 2983 in
2422 2928 2726 2995 Romanum
2766 2928 3080 2984 Pontificem
3133 2930 3356 2995 electus,

1796 3013 2095 3071 Gottifredo
2159 3019 2274 3090 (22)
2345 3019 2482 3076 Duci
2540 3022 2768 3076 salutem
2828 3021 2883 3075 in
2944 3019 3175 3074 Domino
3230 3019 3355 3075 Jesu

1790 3102 2031 3160 Christo.
2056 3104 2219 3163 Grata
2247 3110 2403 3165 nobis
2425 3120 2509 3166 est
2528 3111 2712 3167 laetitia
2737 3120 2850 3176 tua,
2891 3127 3054 3181 quam
3078 3111 3132 3164 in
3164 3110 3356 3165 litteris
3464 3140 3467 3143 -

130 3194 265 3250 ’ritia
301 3199 712 3262 satisgnobiliter
737 3202 1023 3283 educatum
1058 3211 1113 3265 et
1142 3204 1385 3273 doctum,
1412 3215 1573 3277 atque
1595 3221 1696 3277 pro
1723 3231 1765 3287 Ο
1796 3195 1906 3249 tuis
1926 3196 1995 3250 de
2033 3194 2377 3287 promotione
2416 3210 2603 3286 nostra
2634 3211 2686 3257 te
2729 3204 2927 3258 habere
2973 3202 3358 3275 cognovimus;
3465 3247 3469 3251 .

1797 3300 1907 3342 non
1954 3294 2015 3345 ut
2042 3274 2374 3367 boc\aliqua
2424 3283 2605 3354 cauas:
2636 3305 2839 3352 nostrae
2864 3274 3148 3351 delectatio
3176 3293 3360 3363 faciat,

1797 3379 1891 3433 sed
1914 3382 2059 3448 quod
2078 3376 2312 3447 eam‘xex
2360 3384 2508 3441 fonte
2543 3388 2768 3443 sincera:
2795 3388 3099 3442 dilectionis
3140 3393 3193 3441 et
3221 3385 3360 3445 fideli

1797 3477 1978 3537 mente
2013 3460 2313 3535 derivata‘m
2336 3490 2477 3541 esse,
2508 3490 2618 3530 non
2645 3464 2973 3532 dubitamus.
2998 3472 3196 3531 Nostra
3215 3479 3356 3532 enim

1798 3561 2088 3629 promotio,
2111 3578 2233 3633 quae
2257 3564 2357 3635 tibi
2377 3566 2679 3637 ceterisque
2700 3568 2947 3623 ﬁdelibus
2983 3567 3128 3637 piam
3162 3570 3229 3622 de
3256 3585 3353 3622 no-

1798 3649 1883 3705 bis
1911 3652 2467 3715 existimationem\et
2503 3660 2759 3728 gaudium
2805 3660 3170 3725 administrat,
3205 3661 3363 3723 nobis

1799 3739 1996 3795 interni
2045 3743 2250 3800 doloris
2292 3733 2705 3821 amaritudinem
2743 3758 2797 3803 et
2845 3750 3026 3804 nimia:
3075 3752 3363 3805 anxietatis

1798 3832 2329 3903 angustias‘generat.
2365 3822 2623 3893 Vidémus
2674 3840 2816 3893 enim
2857 3849 3058 3909 quanta
3105 3856 3204 3894 nos
3234 3842 3365 3895 soli-

1798 3919 1980 3974 citudo
2013 3922 2374 3980 circumstat:
2438 3917 2705 3987 sentimus
2744 3945 2909 3997 quam
2964 3945 3063 3985 nos
3122 3931 3381 4000 suscepti

1797 4010 1979 4064 oneris
2037 4014 2250 4069 sarcina
2293 4026 2484 4086 gravat
2521 4037 2534 4073 :
2575 4020 2678 4073 sub
2728 4020 2948 4087 quibus,
2997 4020 3125 4074 dum
3164 4030 3362 4074 nostra:

1799 4100 2130 4159 infirmitatis
2185 4107 2517 4163 conscientia
2550 4110 2764 4173 tremit,
2823 4110 3002 4161 anima
3077 4119 3261 4162 nostra
3304 4110 3361 4163 in

1798 4190 2017 4248 Christo
2044 4197 2221 4263 potius
2248 4197 2620 4251 dissolutionis
2659 4197 2921 4265 requiem,
2950 4212 3111 4265 quem
3156 4197 3209 4250 in
3236 4206 3359 4251 lan-

1799 4281 1870 4336 tis
1901 4283 2154 4349 periculis
2166 4286 2329 4339 vitam
2356 4290 2520 4356 cupit.
2549 4286 2607 4340 In
2636 4290 2845 4341 tantum
2868 4287 3064 4357 quippe
3084 4290 3363 4344 commissi

1800 4371 1957 4424 nobis
1985 4372 2143 4427 officii
2171 4377 2534 4433 consideratio
2568 4394 2669 4434 nos
2713 4366 2993 4445 sollicitat,
3020 4388 3104 4446 ut,
3132 4371 3258 4435 nisi
3307 4382 3363 4436 in

152 4461 351 4528 penitus
380 4470 733 4525 :onturbavit.
766 4470 897 4525 Nam
925 4471 979 4527 in
1010 4480 1183 4527 morte
1205 4472 1419 4543 quidem
1445 4473 1563 4543 ejus
1588 4472 1699 4529 Ro-
1801 4461 2140 4519 οτεῑίοηίδυε
2211 4468 2575 4536 spiritualium
2641 4462 2943 4537 hominum:
2998 4478 3121 4539 Ροδῑ
3168 4467 3361 4537 Deum.

154 4550 339 4610 mu"
380 4560 615 4629 populus
672 4569 861 4615 contra
910 4579 1116 4617 morem
1136 4563 1231 4623 ita
1276 4565 1500 4635 quievit,
1546 4576 1600 4621 ει
1644 4567 1699 4621 in
1731 4549 1775 4603 D
1798 4555 1981 4625 aliqua
2008 4556 2202 4614 fiducia
2222 4574 2322 4615 nos
2344 4568 2692 4627 sustentaret,
2717 4576 2970 4614 curarum
3003 4561 3366 4625 immensitate

152 4655 307 4699 manu
350 4657 540 4704 nostra
592 4651 804 4705 ςυυείιιί
848 4650 998 4708 frena
1044 4654 1268 4722 dimisit,
1314 4664 1373 4711 ιιι
1429 4658 1703 4713 evidenter
1802 4664 1957 4703 mens
1988 4659 2174 4704 nostra
2204 4653 2599 4713 succumberet.
2644 4650 2889 4709 Pcccatis
2926 4652 3072 4710 enim
3114 4648 3363 4711 facienti-

152 4744 422 4802 appareret
476 4754 541 4793 ex
601 4732 699 4794 Dei
754 4742 1129 4799 misericordia
1196 4745 1300 4800 hoc
1364 4749 1696 4815 provenisse.

155 4818 297 4881 Unde
315 4837 535 4899 accepto
568 4830 800 4885 consilio
833 4832 936 4888 hoc
964 4836 1275 4901 statuimus,
1328 4844 1390 4889 ut
1435 4848 1559 4907 post
1603 4842 1700 4894 tri-

153 4910 381 4972 duanum
401 4918 693 4990 jejunium,
728 4931 853 5002 post
895 4922 1137 4978 Litanias
1171 4932 1227 4979 et
1254 4927 1548 4982 multorum
1575 4922 1699 4984 era-

215 5086 328 5169 (301
348 5090 773 5169 Henriciqnarti
806 5106 981 5152 mater
996 5098 1192 5169 .Agnes
1242 5098 1581 5169 Imperatriat.
1630 5119 1697 5159 eo

152 5166 520 5249 ΕἯ
535 5166 639 5219 viri
660 5172 895 5249 mortem
918 5166 1289 5249 gubernacula.
1303 5166 1453 5249 regni
1476 5174 1697 5249 pacilioe

541 5253 556 5288 :
584 5234 678 5289 sed
700 5241 906 5303 postea,
920 5230 1257 5309 Principum,
1276 5230 1491 5309 invidia'
1510 5241 1696 5297 videns

154 5292 500 5355 Εὶξίιιίωιιω
524 5320 556 5358 a
585 5320 645 5360 se
668 5292 919 5359 aversum
954 5292 1205 5362 discessit
1245 5308 1299 5361 in
1344 5292 1559 5362 Italiam
1572 5292 1695 5364 Téi

151 5366 661 5447 ῃοαείίξη-[εζς
719 5375 853 5447 anni
897 5375 1147 5447 spatium,
1186 5386 1262 5447 ut
1306 5377 1548 5447 loquitur
1586 5378 1694 5433 Leo

152 5428 409 5492 Ostiensis
438 5438 476 5492 l.
510 5428 567 5493 ΞΣ
593 5441 858 5496 .Chroniei
915 5428 1259 5501 Casinensis'
1279 5428 1347 5501 c.
1367 5428 1471 5499 iii.
1490 5428 1693 5501 "60:63?

152 5515 577 5581 ωῃοτειςαε,
597 5524 665 5581 ac
690 5511 915 5580 proinde
943 5527 1062 5567 eam
1091 5521 1219 5571 tunc
1258 5515 1332 5570 ibi
1374 5516 1691 5581 existentem

354 5573 426 5651 ἓξ
438 5568 669 5651 .Greseri
676 5568 760 5635 άε-
778 5604 783 5651 :

216 5638 889 5719 (RQVidetuFRuinaldus
919 5657 1048 5705 tunc
1085 5654 1230 5719 exul,
1270 5652 1453 5707 Casini
1496 5652 1685 5709 fuisse.

156 5706 283 5762 sum
304 5706 363 5765 S.
384 5711 673 5791 Gregorius
693 5706 1239 5791 consolaturepistola
1260 5706 1346 5776 ἑο.
1362 5706 1487 5775 libri
1510 5706 1687 5791 primi,

156 5791 293 5833 uno
315 5786 561 5851 sequuti
581 5788 703 5843 data
724 5829 738 5853 ,
771 5789 826 5843 in
856 5805 963 5858 qua
998 5786 1240 5846 meminit
1283 5793 1439 5848 dictae
1475 5786 1688 5862 .l'guatis

1800 4738 1922 4803 bus,
1947 4740 2021 4792 ita
2055 4756 2189 4809 pene
2220 4750 2367 4797 totus
2394 4745 2630 4799 mundus
2659 4740 2713 4799 in
2757 4747 2995 4817 maligno
3024 4756 3107 4802 est
3131 4750 3361 4819 positus,

1799 4837 1859 4882 ut
1910 4844 2098 4883 omnes
2152 4829 2226 4900 (et
2266 4833 2535 4902 praecipue
2590 4836 2683 4905 qui
2740 4838 2793 4890 in
2852 4836 3090 4893 Ecclesia
3147 4839 3360 4892 Pmlati

1796 4920 1943 4985 sunt)
1968 4934 2088 4973 eam
2121 4923 2299 4978 notius
2323 4926 2667 4993 conturbare,
2699 4943 2863 4997 quam
2892 4927 3032 4981 fideli
3077 4929 3362 4983 devotione

1800 5092 2182 5172 Im-peratricig.
2213 5095 2408 5172 Eidem
2420 5098 2703 5172 epistolam
2728 5098 2867 5152 libro
2895 5098 2927 5153 6
2953 5098 3116 5153 etiam
3143 5103 3363 5172 scripsit

1798 5163 2099 5217 lndictione
2128 5165 2179 5216 2.
2206 5180 2351 5218 anno
2387 5163 2542 5219 1079.

1867 5232 1978 5301 (22)
2013 5230 2337 5307 Cotti/"reditas
2361 5249 2467 5307 seu
2485 5233 2821 5305 Codefridus,
2839 5247 3199 5307 cognomento
3227 5240 3363 5294 Bar—

1796 5299 1965 5372 batus;
1988 5316 2083 5353 seu
2113 5299 2325 5367 Senitir,
2349 5299 2709 5372 Lotharing'ia:
2737 5315 2790 5359 et
2809 5299 3021 5360 'Tusvciae
3051 5307 3201 5372 Dux,
3227 5312 3362 5362 duas
3404 5334 3410 5340 -

1796 5369 1985 5444 habuit
2025 5385 2254 5444 Ἤρᾳ-εκ
2300 5373 2478 5444 primo
2505 5369 2728 5444 Dodoni,
2752 5391 2817 5427 ex
2842 5391 2947 5442 qua
2978 5378 3162 5444 genuit
3188 5369 3357 5429 Code-

1820 5437 1992 5507 ridum
2030 5437 2331 5507 Gibbosuni,
2363 5451 2417 5495 et
2445 5442 2509 5495 Β.
2546 5442 2700 5493 Idam
2731 5437 3359 5507 vidnnmfijomitissam

1839 5506 2054 5580 olonize,
2102 5504 2266 5580 cujt'is‘
2307 5504 2483 5580 Vitam
2519 5510 2766 5580 dedimus
2818 5512 2900 5564 15.
2955 5504 3185 5580 Aprilis-
3226 5510 3357 5566 Dein

1794 5575 1950 5648 duxit
2012 5592 2156 5648 anno
2190 5577 2363 5648 1054.
2421 5579 2755 5648 Beatricem,
2814 5575 3025 5632 t'iduan't
3089 5580 3357 5648 Bonifacii
3414 5576 3419 5580 ’

1800 5644 2005 5699 Tuscia:
2026 5645 2519 5720 yarcfiionisduae
2543 5644 2748 5720 ‘eid‘em'
2773 5648 3052 5720 Bonifacio
3092 5644 3237 5720 ante
3260 5666 3354 5720 ge-

1794 5723 1987 5771 nuerat
2015 5712 2323 5766 Hatllildem
2351 5712 2807 5781 Murchionissam,
2832 5730 2928 5769 seu
2952 5712 3308 5773 Comitissatri.
