3902 6380
519 407 583 469 ει
1163 469 1170 484 ,
1708 406 1748 462 s
1795 365 2105 460 essedum

2226 397 2312 464 \‘ll
2348 395 2536 454 PAPA.
3659 390 3725 444 52

526 522 811 578 defendere
864 521 947 575 vel
979 519 1248 576 celebrare
1290 517 1634 580 contendant,
1677 525 1750 579 et,
1781 516 1909 568 dum
1960 513 2074 568 suis
2103 512 2146 568 Α
2173 511 2314 564 unde
2343 499 2581 571 venerat,
2607 505 2750 558 illico
2777 516 2989 555 reversa
3043 509 3140 553 est.
3182 496 3524 568 Stupefactus
3553 499 3727 568 igitur

528 622 622 666 aut
664 612 831 666 lucris
863 609 1262 680 aut’praesentis
1295 608 1480 677 gloriae
1519 605 1797 661 desideriis
1846 603 2074 668 inhiant,

528 702 800 766 omnibus,
823 716 942 770 qua:
969 701 1034 753 ad
1065 699 1380 768 religionem
1402 704 1454 750 et
1485 695 1750 765 justitiam
1785 693 1878 747 Dei
1909 693 2076 762 perti-

529 799 678 854 nent,
729 805 786 844 se
838 790 982 843 velut
1013 789 1198 842 hostes
1226 795 1514 856 opponant.
1564 784 1683 850 Quo
1720 783 1892 853 magis
1922 783 2079 836 nobis
2117 850 2121 854 _

529 879 814 933 dolendum
841 887 949 942 est,
979 878 1072 946 qui
1111 884 1416 946 susceptum
1462 873 1778 928 universalis
1832 871 2080 927 Ecclesia:

495 1016 497 1019 .
530 969 767 1037 regimen
802 967 855 1020 in
878 974 1023 1021 tanta
1053 965 1376 1029 diﬁicultate,
1419 980 1518 1018 nec
1540 964 1640 1018 rite
1680 962 2077 1026 administrare,

530 1072 632 1112 nec
671 1065 786 1111 tuto
813 1043 1059 1111 deserere
1099 1070 1405 1124 possumus.
1431 1054 1702 1119 Ceterum,
1732 1054 1859 1122 quia
1881 1053 2000 1107 ﬁdei
2029 1062 2082 1108 et

533 1146 849 1201 constantiae
871 1146 1124 1200 virtutem
1148 1146 1401 1214 (donante
1422 1143 1552 1213 Deo)
1584 1144 1638 1198 in
1678 1152 1728 1198 te
1765 1144 1924 1197 sitam
1962 1157 2081 1197 esse

533 1235 917 1304 cognovimus;
954 1251 1187 1301 onmem,
1225 1251 1385 1305 quam
1431 1241 1640 1304 oportet
1693 1235 1747 1288 in
1800 1232 2081 1288 carissimo

538 1323 595 1376 S.
638 1323 780 1378 Petti
823 1324 952 1390 ﬁlio,
1006 1325 1058 1379 in
1097 1332 1148 1378 te
1190 1325 1440 1380 ﬁduciam
1494 1324 1772 1387 habentes,
1841 1323 2079 1376 animum

536 1421 687 1468 tuum
718 1415 785 1468 de
817 1392 1001 1469 nosti'a
1035 1415 1216 1468 itidem
1242 1413 1678 1468 eonstantissima
1701 1412 2002 1476 dilectione,
2031 1420 2084 1465 et

537 1516 665 1573 erga
707 1503 942 1558 honores
983 1514 1106 1560 tuos
1133 1504 1535 1574 promptissima
1566 1503 1866 1566 voluntate,
1882 1517 2084 1572 nequa-

538 1607 702 1661 quam
727 1593 972 1648 dubitare
1005 1596 1274 1650 volumus.
1307 1593 1380 1648 De
1408 1611 1530 1664 rege
1550 1609 1678 1648 vero
1715 1599 1949 1648 mentem
1987 1607 2085 1645 uo-

515 1690 706 1739 stram
730 1691 786 1737 et
819 1683 1144 1740 desiderium
1183 1687 1336 1755 plene
1365 1697 1687 1756 cognoscere
1707 1690 1892 1753 potes;
1919 1681 2083 1750 quod,

539 1782 798 1842 quantum
827 1774 879 1828 in
902 1773 1128 1829 Domino
1151 1775 1410 1844 sapimus,
1432 1775 1700 1838 neminem
1721 1773 1788 1828 de
1813 1771 1933 1841 ejus
1950 1785 2086 1841 prae-

2177 613 2318 652 novo
2349 595 2614 651 miraculo
2657 591 2914 655 rusticus,
2959 598 3120 657 atque
3162 597 3283 657 post
3331 600 3546 656 paulum
3577 591 3644 641 ad
3669 603 3725 650 se

2176 703 2446 743 reversus.
2481 683 2546 739 ad
2569 680 2786 751 propria
2819 679 3077 733 remeavit

2245 798 2336 851 25.
2366 793 2623 864 Sequenti
2653 800 2809 846 nocte
2851 799 2960 844 tres
2989 791 3112 856 viri,
3157 791 3340 844 habitu
3377 790 3573 842 decoro
3619 787 3729 840 vul-

2176 896 2340 956 tuque
2391 884 2687 954 splendido,
2738 881 2787 944 ei
2847 888 3209 950 apparuerunt
3240 898 3252 933 :
3281 893 3512 933 auorum
3563 893 3728 942 unus,

2177 977 2371 1030 vestitu
2399 974 2672 1028 suecincto
2700 970 3010 1040 canicieque
3043 967 3274 1034 decenti,
3301 969 3528 1036 ﬁguram
3563 966 3725 1030 Petri,

2180 1066 2262 1135 (ut
2296 1066 2350 1118 in
2385 1062 2617 1132 picturis
2656 1061 2838 1114 videre
2874 1059 3100 1126 solebat)
3130 1058 3231 1112 sibi
3253 1065 3556 1126 expressut:
3592 1057 3729 1110 alius

2179 1155 2328 1209 vultu
2347 1153 2677 1222 splendidus,
2705 1159 2910 1204 statura
2933 1164 3210 1218 procerus,
3240 1147 3293 1200 in
3319 1146 3730 1201 admirationem

2180 1227 2340 1298 simul
2383 1245 2438 1296 et
2483 1225 2729 1295 timorem
2759 1239 3021 1293 convertit
3056 1237 3444 1306 inspectorem;
3490 1236 3729 1299 tertium,

2180 1333 2336 1400 cujus
2362 1330 2638 1400 qualitatis
2663 1339 2827 1394 esset,
2868 1343 2976 1383 non
3023 1327 3157 1382 adeo
3203 1327 3416 1382 curiose
3462 1327 3732 1396 quasivit.

2179 1421 2410 1476 Proinde
2435 1421 2697 1475 aii‘abilior
2718 1416 2909 1474 horum
2933 1418 3118 1482 trium,
3144 1417 3267 1485 quis
3288 1424 3430 1471 esset
3455 1415 3547 1470 diu
3576 1414 3738 1470 haesi—

2181 1519 2323 1575 tans,
2349 1512 2563 1565 tandem
2593 1525 2787 1563 canum
2817 1509 2968 1562 illum
2999 1521 3253 1562 sermone
3276 1520 3580 1578 aggressus,
3613 1504 3737 1573 quis

2182 1602 2270 1656 ille
2281 1602 2452 1670 major
2461 1591 2620 1663 esset,
2637 1599 2718 1651 vel
2741 1612 2850 1666 quo
2861 1604 3169 1650 censeretur
3179 1595 3415 1658 nomine,
3429 1593 3738 1648 sciscitatus

2182 1699 2266 1746 est
2287 1708 2300 1744 :
2323 1706 2353 1744 a
2374 1705 2483 1759 quo
2507 1703 2843 1756 responsum,
2859 1685 3003 1756 quod
3018 1684 3110 1739 Sol
3130 1675 3434 1750 vocaretur,
3448 1683 3736 1752 accipiens,
3827 1721 3830 1724 .

2185 1779 2404 1847 insuper
2428 1779 2499 1832 ita
2530 1778 2836 1847 increpatus
2872 1785 2956 1830 est
2981 1795 2993 1830 :
3021 1775 3200 1841 Quare
3246 1790 3354 1828 non
3407 1771 3740 1828 annuntiasti

539 1862 757 1917 sentiae
778 1861 956 1919 futura
978 1865 1145 1935 gloria
1170 1874 1264 1920 aut
1280 1863 1666 1928 sollicitiorem,
1689 1869 1785 1916 aut
1799 1859 2086 1930 copiosiori
2118 1859 2163 1923 ην
2189 1867 2478 1938 Gregorio,
2500 1868 2644 1937 quod
2679 1867 2794 1920 heri
2824 1866 3043 1920 νίάίειίν
3090 1864 3181 1919 me
3224 1880 3356 1919 νοιεο
3400 1863 3738 1934 pel-territus,

541 1951 810 2008 desiderio
843 1953 1000 2010 nobis
1049 1953 1288 2024 praferri
1324 1940 1747 2010 credimus.iEst
1787 1951 1949 2006 etiam
1976 1949 2091 2023 haec

542 2043 796 2098 voluntas
825 2053 1034 2110 nostra,
1069 2054 1151 2113 ut,
1188 2044 1423 2115 primum
1451 2044 1628 2099 oblata
1649 2042 1808 2113 nobis
1834 2050 2092 2110 opportu-

541 2132 730 2198 nitate,
764 2149 860 2203 per
882 2136 1100 2189 nuntios
1127 2142 1366 2201 nostros,
1395 2149 1566 2203 super
1607 2134 1692 2188 his
1725 2123 1934 2200 quaead
1961 2143 2091 2199 pro-

544 2220 744 2281 fectum
786 2222 1038 2280 Ecclesiae
1063 2232 1119 2278 et
1154 2225 1412 2278 honorem
1455 2222 1635 2292 [legite
1662 2219 1938 2291 dignitatis
1980 2231 2095 2274 suae

545 2311 817 2380 pertinere
869 2313 1225 2380 arbitramur,
1265 2321 1649 2383 paterna.eum
1708 2310 1996 2366 dilectione
2042 2315 2097 2363 et

547 2401 913 2457 admonitione
945 2403 1347 2459 conveniamus.
1391 2402 1546 2469 Quod
1588 2402 1635 2456 si
1679 2416 1780 2456 uos
1832 2398 2093 2464 audierit,

547 2502 656 2543 non
715 2491 872 2546 aliter
918 2492 986 2548 de
1023 2492 1144 2562 ejus
1183 2507 1347 2563 quam
1386 2492 1453 2547 de
1499 2500 1685 2547 nostra
1745 2490 1918 2546 salute
1959 2505 2096 2560 gau-

519 2579 828 2648 debimus;
876 2597 1042 2652 quam
1097 2590 1228 2636 tunc
1275 2581 1574 2636 certissime
1612 2580 1716 2635 sibi
1755 2579 1956 2633 lucrari
2000 2592 2100 2648 po-

550 2670 697 2735 terit,
718 2670 786 2736 si,
811 2670 866 2727 in
886 2664 1114 2726 tenenda
1137 2671 1364 2740 justitia,
1388 2670 1588 2725 nostris
1614 2669 1835 2724 monitis
1856 2677 1911 2724 et
1922 2669 2102 2723 consi-

551 2757 641 2815 liis
658 2759 1012 2829 'acquievcrit.
1044 2760 1139 2815 Sin
1167 2777 1297 2815 vero
1321 2760 1491 2830 (quod
1520 2775 1630 2826 non
1652 2759 2102 2829 optamus)pnobis

553 2848 859 2918 odiumpro
881 2850 1202 2916 dilectione;
1224 2850 1578 2920 omnipotenti
1613 2856 1793 2904 autem
1831 2849 1962 2915 Deo,
2003 2864 2102 2918 pro

554 2945 706 2992 tanto
735 2938 940 2994 honore
995 2941 1098 2996 sibi
1134 2941 1365 3007 collato,
1403 2941 1791 2996 dissimulando
1837 2940 2100 3010 justitiam

555 3027 694 3095 ejus,
716 3035 1080 3097 contemptum
1125 3027 1235 3084 non
1270 3045 1336 3084 ex
1387 3045 1543 3098 aequo
1589 3031 1912 3096 reddiderit;
1937 3031 2106 3103 inter-

2188 1958 2322 2012 nihil
2333 1973 2403 2012 se
2418 1957 2615 2012 vidisse
2626 1965 2874 2011 testatur.
2887 1954 3167 2009 Oblitusne
3183 1970 3260 2018 es,
3281 1953 3476 2023 inquit,
3487 1951 3636 2021 quod
3651 1965 3742 2005 co-

2187 2048 2425 2102 lumbam
2471 2047 2587 2101 hcri
2624 2047 2766 2100 inter
2792 2046 3078 2101 Missarum
3112 2039 3372 2099 solemnia
3415 2032 3744 2112 requievisse

2189 2153 2351 2206 super
2371 2137 2655 2190 humerum
2677 2137 2795 2205 ejus
2819 2135 3054 2211 videris?
3080 2143 3359 2204 totamque
3378 2133 3667 2197 visionem,
3687 2138 3746 2184 ut

2190 2226 2416 2292 viderat,
2438 2225 2541 2281 sibi
2572 2227 2818 2280 retexuit.
2843 2225 3045 2280 Deinde
3068 2224 3321 2294 praecepit
3343 2224 3394 2278 ei
3438 2231 3496 2281 ut
3521 2230 3749 2291 quanto—

2191 2316 2311 2377 cius
2330 2316 2398 2370 ad
2421 2315 2737 2386 Gregorium
2773 2316 2894 2382 iret,
2935 2315 3063 2384 quia
3100 2314 3287 2368 eadem
3327 2313 3416 2368 die
3463 2313 3589 2367 inde
3633 2319 3748 2366 erat

2193 2407 2553 2474 transiturus,
2575 2407 2737 2476 atque
2762 2420 2830 2478 ex
2863 2405 3052 2459 ordine
3084 2403 3136 2458 ei
3160 2404 3423 2458 visionem
3475 2402 3745 2456 recitaret.

2195 2496 2350 2551 Hane
2377 2495 2523 2563 facto
2556 2495 2813 2566 rusticus,
2857 2495 2987 2564 quid
3044 2501 3226 2564 ageret
3266 2492 3541 2559 dubitans,
3589 2500 3750 2560 atque

2196 2585 2460 2640 visionem
2488 2584 2797 2640 illusionem
2834 2599 2957 2638 esse
2986 2599 3168 2638 secum
3195 2590 3548 2653 pertractans,
3569 2595 3752 2652 quem-

2197 2675 2324 2729 dam
2351 2674 2593 2743 ejusdem
2627 2674 2734 2728 loci
2770 2674 3084 2743 religiosum
3123 2673 3301 2726 virum
3348 2672 3480 2736 adit,
3525 2679 3584 2724 et
3624 2667 3751 2739 quid

2199 2765 2302 2819 sibi
2325 2764 2501 2818 visum
2531 2762 2721 2818 fuisset
2746 2762 3030 2823 mtimavit.
3053 2760 3116 2819 ld'
3137 2769 3316 2816 autem
3350 2760 3565 2816 consilii
3604 2772 3753 2815 acce-

2201 2854 2299 2923 pit,
2339 2863 2609 2923 quatenus
2667 2851 2956 2908 Dominum
2987 2851 3201 2918 ⁵οἱξῐιίιιξ
3248 2852 3629 2922 deprecaretur
3676 2855 3752 2913 ut,

2202 2944 2251 2999 si
2285 2960 2352 2998 ex
2373 2944 2464 2998 illo
2493 2944 2608 2998 hac
2643 2943 2779 2998 visio
2802 2943 3014 3008 fuisset,
3045 2941 3284 2997 secundo
3311 2957 3374 2996 ac
3402 2941 3564 2994 tertio
3586 2939 3639 2993 ei
3666 2951 3754 2990 re-

2205 3034 2380 3087 velare
2399 3034 2712 3106 dignaretur
2731 3052 2748 3086 :
2772 3033 2917 3101 quod
2950 3034 3022 3087 ita
3057 3033 3293 3086 rusticus
3317 3031 3508 3085 devote
3532 3024 3756 3098 peregit.

564 3115 812 3181 minatio,
838 3132 947 3185 qua
973 3111 1202 3172 dicitur:
1230 3137 1248 3169 ι
1269 3104 1578 3172 Dialedictus
1600 3120 1784 3184 homo,
1811 3120 1904 3188 qui
1925 3119 2109 3189 prohi-
2133 3133 2174 3190 ε
2207 3104 2471 3176 δεουηὼι
2491 3121 2656 3190 igitur
2708 3129 2865 3175 nocte
2913 3121 3043 3179 item
3093 3118 3478 3183 commonitus,
3506 3114 3756 3172 obnixius

557 3205 650 3263 bet
669 3206 903 3275 gladium
937 3221 1097 3261 suum
1117 3223 1148 3261 a
1179 3208 1487 3278 sanguine,»
1516 3223 1679 3278 super
1702 3223 1822 3275 nos,
1844 3208 1954 3264 Deo
1979 3225 2105 3279 pro-

533 3295 793 3362 .vidente,
827 3312 936 3352 non
969 3299 1162 3353 veniet.
1189 3296 1373 3367 Neque
1391 3299 1532 3352 enim
1570 3299 1798 3354 liberum
1821 3299 1979 3358 nobis
2002 3309 2106 3370 est,

560 3385 790 3460 alicujus
814 3388 1086 3460 personali
1115 3374 1480 3461 gratia'legem
1505 3391 1598 3445 Dei
1633 3400 1976 3463 postponere,
2016 3400 2111 3446 aut

563 3496 595 3534 a
617 3480 830 3534 tramite
853 3480 1192 3536 rectitudinis
1219 3495 1318 3550 pro
1364 3481 1600 3534 humano
1632 3480 1828 3534 favore‘
1843 3480 2110 3546 recedere,

567 3569 778 3624 dicente
825 3568 1082 3636 Apostolo
1118 3587 1132 3622 :
1181 3568 1239 3622 Si
1280 3568 1592 3623 hominibus
1653 3569 1862 3637 placere
1899 3569 2111 3634 vellem,

571 3671 760 3712 servus
796 3655 889 3710 Dei
932 3671 1036 3710 non
1071 3671 1267 3712 essem.
1314 3655 1448 3712 Data
1480 3656 1662 3711 Romae
1693 3657 1756 3711 “n.-
1779 3655 1918 3711 Non.
1966 3656 2112 3723 Maii,

549 3756 552 3760 '
571 3743 866 3800 lndictione
893 3761 971 3799 ιι.
1028 3770 1033 3775 -

641 3835 730 3890 24.
756 3834 884 3890 Post
904 3835 1037 3901 haec,
1057 3823 1355 3892 Pontiﬁcali
1367 3837 1732 3892 benedictione
1745 3835 2114 3904 conﬁrmatus,

574 3939 736 3994 quam
767 3919 1019 3994 acceptus
1041 3926 1144 3979 sibi
1174 3925 1334 3980 fuerit
1359 3968 1374 3991 ,
1405 3927 1470 3980 ad
1517 3926 1818 3995 exemplum
1847 3925 2120 3996 Evangelii

2204 3211 2453 3281 precibus
2484 3210 2698 3264 institit.
2727 3209 2911 3266 Tertia
2940 3223 3068 3262 vero
3096 3217 3283 3273 nocte,
3308 3222 3432 3262 cum
3475 3206 3637 3261 iidem
3659 3203 3756 3258 viri

2205 3301 2499 3358 terribilius
2527 3303 2688 3357 solito
2715 3318 2772 3358 se
2799 3299 3152 3373 ingessisseut
3192 3319 3206 3354 :
3250 3296 3502 3369 przecepit
3524 3296 3577 3350 ei
3619 3308 3760 3349 unus

2207 3402 2288 3458 ιι,
2318 3393 2366 3446 si
2393 3401 2557 3446 vitam
2597 3393 2908 3461 aliquandiu
2940 3393 3096 3446 vellet
3116 3390 3348 3454 dillerre,
3382 3403 3451 3443 ne
3471 3388 3756 3449 dubitaret,

2208 3481 2352 3548 quod
2377 3481 2564 3548 jussus
2604 3482 2797 3544 fuerat,
2819 3474 3049 3534 Domino
3077 3479 3385 3547 Apostolico
3411 3476 3758 3537 denuntiare;

2210 3586 2275 3624 ac
2302 3570 2614 3624 submtulit:
2637 3569 2697 3624 Si
2715 3573 2932 3634 tu,cu‘m
2967 3581 3134 3636 prope
3161 3565 3538 3634 fuerat,jussis
3566 3562 3764 3619 nostris

2214 3660 2436 3728 minime
2457 3661 2859 3729 obtemperasti,
2881 3672 3099 3712 necesse
3139 3666 3223 3709 est
3254 3664 3304 3709 te
3338 3662 3462 3724 post
3489 3668 3614 3708 eum
3649 3653 3762 3707 lon-

2213 3750 2534 3820 giuscundo
2570 3750 2837 3804 laborare.
2864 3747 2968 3801 Sed
3004 3746 3113 3800 ille.
3134 3744 3336 3805 certius
3359 3744 3536 3798 adhuc
3568 3742 3761 3812 aliquid

2216 3840 2285 3893 ab
2307 3840 2395 3893 his
2416 3839 2608 3894 elicere
2643 3838 2876 3908 gestiens
2895 3877 2909 3900 ,
2936 3835 3070 3890 dixit
3102 3853 3116 3886 :
3149 3833 3260 3903 Ego
3284 3833 3497 3902 quidem
3533 3834 3762 3888 rusticus

2219 3945 2338 3983 sum
2368 3937 2422 3982 et
2448 3929 2718 3992 indoctus,
2745 3927 2874 3997 quid
2905 3926 3042 3980 mihi
3059 3926 3114 3978 in
3138 3925 3350 3993 signum
3377 3923 3615 3988 dabitur,
3647 3931 3704 3975 ut
3733 3936 3760 3973 a

574 4015 733 4079 Pater
785 4015 1021 4070 crelcstis
1065 4007 1316 4081 ostendit,
1365 4007 1622 4085 quoniam
1676 4015 1947 4085 mySteria,
1999 4032 2123 4085 qua:
2219 4019 2312 4072 tali
2341 4033 2570 4087 persona
2595 4017 2880 4073 credatur?
2921 4015 3073 4069 Unus
3097 4014 3420 4083 eorum,qui
3450 4021 3660 4069 tantum
3686 4025 3766 4064 so-

559 4106 856 4160 .abscondit
891 4121 923 4159 a
969 4106 1300 4175 sapientibus
1355 4115 1409 4158 et
1450 4105 1822 4174 prudentibus,
1870 4105 2125 4160 revelavit
2220 4109 2363 4163 lebat
2387 4124 2483 4178 pro
2504 4109 2697 4163 ceteris
2717 4107 2893 4178 loqui,
2916 4103 3304 4164 dicebatzllrec
3323 4105 3468 4160 dices
3489 4101 3763 4172 Gregorio,

505 4199 523 4275 ’λ
577 4193 831 4260 parvulis.
864 4192 1002 4248 Nam.
1023 4195 1133 4248 duo
1164 4195 1374 4259 rustici,
1397 4211 1502 4249 non
1525 4195 1859 4264 improbabili
1887 4197 2122 4250 curiosi-
2222 4201 2364 4270 quod
2407 4201 2569 4269 etiam
2622 4199 2736 4269 ipse
2775 4213 2961 4253 verum
3002 4210 3122 4250 esse
3165 4193 3440 4264 cognoscit
3473 4210 3486 4245 :
3514 4189 3766 4260 quoniam

579 4288 689 4335 tate
716 4282 883 4343 ducti,
917 4298 1044 4345 eum
1059 4283 1344 4336 adventum
1369 4285 1494 4336 novi
1518 4283 1798 4338 Pontiﬁcis
1817 4285 1872 4337 in
1900 4283 2122 4340 Latera-
2223 4290 2484 4344 accedens
2512 4289 2580 4343 a'd
2607 4289 2796 4354 altare,
2817 4286 2962 4356 quod
3000 4284 3189 4356 eodem
3223 4283 3309 4336 dic
3334 4280 3611 4349 cogitavit,
3634 4275 3768 4346 apud

583 4385 708 4424 nam
765 4369 1038 4425 dioecesim
1084 4372 1493 4438 comperissent,
1546 4372 1612 4424 ad
1665 4371 1954 4426 videndum
1997 4387 2122 4427 eum

2227 4378 2645 4446 omnipotentem
2666 4376 2954 4429 Dominum
2976 4374 3263 4441 impetrare
3281 4369 3494 4424 meruit.
3519 4367 3769 4423 Rusticus

585 4460 789 4514 mutuis
845 4460 1305 4514 cohortationibus
1394 4459 1667 4529 instigati,
1724 4459 1792 4512 ad
1847 4461 2129 4514 ecclesiam
2161 4448 2204 4501 Ῑ)
2230 4466 2296 4519 ad
2320 4465 2634 4536 Gregorium
2659 4464 2992 4534 perveniens,
3025 4469 3290 4516 secretum
3325 4459 3394 4514 ab
3415 4474 3480 4514 eo
3511 4458 3695 4530 petiit;
3721 4463 3771 4510 et

536 4602 538 4604 ,
586 4556 891 4618 properant.
924 4548 1044 4613 Quo
1081 4564 1202 4602 cum
1249 4549 1636 4618 pervenissent,
1660 4549 1977 4604 invenerunt
2007 4565 2131 4605 eum

484 4627 490 4631 ’
583 4639 738 4708 juxta
762 4638 930 4692 altare
957 4637 1238 4693 Missarum
1275 4639 1534 4694 solemnia
1558 4641 1934 4694 celebrantem.
1964 4639 2134 4706 Quem

588 4729 802 4790 curiose
842 4731 1203 4798 inspicientes,
1227 4745 1414 4784 omnes
1427 4738 1606 4784 motus
1623 4729 1866 4798 corporis
1885 4737 1940 4782 et
1955 4739 2136 4799 gestus

482 4864 487 4868 .
590 4823 708 4890 ejus
756 4820 995 4890 diligenti
1040 4820 1501 4884 animadversione
1535 4825 1812 4873 notarunt.
1861 4817 1964 4872 Sed
2002 4820 2138 4873 alter

590 4924 778 4963 eorum
805 4912 950 4965 velut
979 4911 1032 4964 in
1057 4911 1287 4965 ecstasin
1317 4910 1672 4979 raptus,vidit
1694 4909 1999 4964 columbam
2023 4909 2135 4979 (23)

591 4998 659 5051 de
705 4999 841 5051 coelo
886 5000 1226 5064 descendere,
1263 5001 1594 5069 humeroque
1645 4997 1887 5068 Gregorii
1917 4998 2138 5052 dextero

595 5085 912 5139 insidentem
933 5087 1033 5139 alis
1061 5089 1296 5142 extensis
1318 5098 1480 5158 caput
1503 5091 1622 5160 ejus
1643 5089 1839 5144 velare.
1860 5086 2139 5158 Conipleto

595 5188 725 5228 vero
762 5171 1003 5237 Canone,
1051 5174 1298 5228 columba
1348 5177 1545 5230 collum
1584 5178 1929 5246 protendens,
1985 5178 2138 5232 calici

598 5273 855 5328 rostrum,
896 5271 956 5315 ut
996 5263 1097 5317 sibi
1131 5263 1307 5319 visum
1328 5271 1431 5330 est,
1457 5264 1684 5319 immisit
1708 5284 1727 5318 εν
1758 5281 1873 5335 quo
1887 5275 2138 5333 retracto,

672 5410 797 5484 (ἓξ),
813 5411 1029 5482 Aliquid
1053 5411 1228 5484 simile
1253 5411 1424 5484 eidem
1454 5410 1944 5484 Gregoriompostea;
1959 5403 2141 5484 (Ζξείῃί

604 5476 890 5560 contigisse
899 5476 1100 5560 “inerrat
1120 5479 1228 5534 Leo
1247 5478 1534 5545 Ostiensis,
1558 5476 1594 5532 l.
1615 5479 1667 5531 5.
1693 5476 1950 5533 Chrenici
1990 5476 2144 5530 Casi-

609 5561 802 5685 ner‘is‘ij
1010 5579 1212 5672 scilicet
1233 5616 1474 5685 sequenti
1500 5615 1652 5685 [074.
1678 5614 1977 5685 aegrotavit,
1997 5628 2144 5685 sese

611 5694 642 5733 a
673 5683 858 5738 morbo
888 5687 1221 5741 convaluisse
1253 5682 1462 5740 indicat
1499 5682 1744 5738 Beatrici’
1766 5683 1986 5752 ejusque
2035 5682 2146 5751 [illa

2231 4571 2352 4626 qua:
2386 4555 2592 4610 itineris
2617 4563 2670 4609 ct
2691 4553 2892 4609 laboris
2915 4553 3033 4621 ejus
3058 4567 3216 4606 causa
3243 4551 3533 4616 extitisset,
3556 4548 3770 4627 ﬁdeliter

2223 4645 2540 4700 insinuavit.
2571 4645 2664 4700 llle
2711 4658 2842 4697 vero
2875 4642 3101 4712 benigne
3134 4642 3448 4706 subridens,
3471 4656 3534 4694 ac
3566 4640 3770 4709 signum

2232 4749 2693 4803 pmcognoscens,
2723 4733 3004 4796 rusticum,
3029 4739 3189 4785 tanta:
3206 4730 3487 4800 legationis
3507 4726 3770 4788 nuntium,

2233 4824 2300 4878 ad
2322 4839 2422 4877 sua
2440 4823 2646 4892 regredi
2659 4838 2781 4876 cum
2800 4821 3104 4890 Apostolica
3125 4819 3491 4874 benedictione
3512 4813 3770 4892 permisit.

2302 4913 2390 4966 26.
2414 4889 2534 4965 Alio
2547 4927 2759 4981 quoque
2783 4889 3020 4979 tempore
3050 4909 3183 4980 (2i),
3199 4923 3320 4962 cum
3341 4907 3575 4961 maxima
3588 4889 3774 4960 detine-

2236 5010 2382 5056 retur
2409 5000 2653 5070 corporis
2700 4999 3029 5063 inﬁmitate,
3065 4998 3310 5066 quaedam
3360 4989 3554 5064 neptis.
3577 5008 3674 5050 sua
3713 4989 3774 5043 ad

2234 5107 2356 5147 eum
2395 5091 2651 5145 visitandi
2686 5089 2855 5160 gratia
2907 5093 3145 5149 venerat,
3166 5093 3221 5138 et
3258 5084 3491 5152 qualiter
3517 5073 3774 5140 seconti—

2237 5187 2405 5245 neret,
2428 5179 2750 5249 inquirebat.
2764 5176 2902 5230 Tum
2917 5175 3017 5228 ille
3042 5182 3102 5227 ut
3128 5172 3270 5242 nepti
3294 5188 3454 5241 super
3471 5169 3775 5243 egritudine

2237 5285 2334 5325 sua
2348 5269 2590 5324 animum
2611 5265 2884 5335 levigaret.
2900 5263 3119 5317 monilia
3132 5261 3371 5330 ejusdem
3393 5278 3554 5316 manu
3574 5271 3773 5319 tenens.

2191 5430 2194 5432 ν
2238 5416 2504 5485 natium,
2531 5393 2758 5485 epistola
2781 5412 3007 5485 9.Alibri.
3049 5410 3103 5465 2.
3152 5411 3350 5485 scripta
3394 5412 3478 5466 ιε.
3521 5407 3776 5485 Kalendas

2241 5478 2604 5540 Novembris:
2635 5498 2740 5550 qua
2770 5481 2915 5534 dolet
2948 5495 3007 5550 se
3026 5496 3090 5534 ea:
3120 5478 3407 5550 periculoso
3427 5483 3604 5536 morbo
3623 5488 3776 5533 mer-

2151 5586 2156 5592 -
2241 5554 2391 5616 siue,
2412 5555 2478 5605 hc
2497 5549 2755 5604 servatum
2780 5551 2848 5602 ad
2878 5549 3262 5602 solicitudincm
3286 5566 3411 5618 pene
3462 5549 3774 5620 naufragat!-

2245 5622 2312 5673 tis
2339 5621 2608 5674 Ecclesiw.

3853 120 3869 254 l
