3902 6344
150 353 210 408 53
538 365 542 368 ‘
731 358 734 360 '
1133 334 1660 396 PROLEGOMENA.
1698 361 1768 371 -—
1801 333 1981 389 ACTA
2013 333 2067 388 S.
2097 333 2436 388 GREGORII.
3310 334 3381 388 5.],

176 483 240 519 an
257 465 448 519 nubere
469 460 670 524 *vellet,
709 441 1017 528 requisivit.
1060 454 1208 521 Post,
1237 461 1447 522 recepta
1476 451 1726 512 sanitate,
1759 444 1803 498 Α
1895 445 1982 498 28.
2010 443 2152 498 Inter
2179 445 2293 498 hiee
2313 485 2326 509 ,
2368 450 2565 512 quanta
2599 440 2898 495 obedientia
2919 448 3068 493 tanto
3093 441 3207 493 viro
3231 443 3387 494 exiti-

181 554 296 607 dum
325 551 498 607 solitis
522 549 836 603 rationibus
861 545 1211 609 incumberet,
1239 559 1335 598 nec
1366 540 1735 603 recordatione

181 643 558 712 praeteritorum
576 639 878 702 malorum,
892 650 990 690 nec
1009 650 1102 706 spe
1117 633 1421 688 futurorum
1441 632 1708 686 bonorum
1719 671 1731 695 ,

179 741 265 786 aut
297 730 586 793 desiderio,
628 736 707 792 et,
757 735 820 780 ut
860 726 1092 780 breviter
1133 722 1550 780 concludamus.
1589 720 1735 775 nullo

181 821 331 876 modo
356 819 579 882 adhoc,
605 827 668 871 ut
707 817 900 871 saltem
942 828 1102 867 unam
1153 811 1504 880 lacrymulam
1560 809 1737 876 expri-

183 925 321 964 mere
355 911 586 970 valeret,
610 907 915 976 pertingere
952 903 1141 972 potuit.
1193 901 1292 954 Diu
1334 899 1498 969 igitur
1543 906 1737 952 maesto

179 1001 352 1054 animo
391 998 688 1051 revolvens
727 994 860 1062 quid
892 993 1106 1060 egisset,
1152 1006 1262 1059 quo
1299 977 1522 1042 delicto
1567 987 1734 1040 Deum

181 1082 502 1150 oil‘endisset,
529 1101 644 1154 qua
675 1083 907 1151 denique
932 1081 1087 1149 culpa
1123 1080 1304 1133 datam
1341 1079 1444 1132 sibi
1476 1076 1738 1144 comme-

178 1177 361 1232 ctionis
385 1176 623 1245 gratiam
645 1172 997 1242 perdidisset;
1029 1169 1266 1234 tandem,
1292 1176 1584 1236 temperato
1605 1181 1738 1220 mte-

179 1281 310 1329 rore,
333 1266 386 1319 id
411 1264 638 1319 consilii
664 1263 869 1330 accepit
890 1269 948 1314 ut
989 1259 1272 1329 religiosos
1291 1260 1447 1312 viros
1477 1274 1658 1312 secum
1684 1258 1737 1310 in

172 1356 384 1424 jejuniis
421 1363 478 1408 et
515 1349 1200 1419 orationibus‘supplicare
1226 1349 1454 1402 Domino
1483 1350 1740 1416 deposce-

164 1438 284 1506 ret;
321 1451 603 1511 quatenus
630 1442 681 1493 ei
725 1441 961 1494 revelare
985 1439 1296 1508 dignaretur
1343 1453 1444 1507 pro
1470 1454 1576 1508 qua
1598 1453 1738 1491 noxa

173 1533 366 1587 donum
415 1531 519 1595 illi,
570 1529 720 1599 quod
769 1529 974 1597 pridem
1027 1527 1294 1591 habuerit,
1327 1529 1596 1581 sublatum
1645 1528 1734 1581 sit.

174 1619 321 1684 Quod
355 1636 610 1690 congrua
646 1619 930 1674 devotione
981 1625 1258 1687 peractum
1301 1625 1402 1671 est.
1447 1617 1739 1687 Complctis

173 1708 347 1779 Itaque
369 1710 614 1763 duarum
650 1708 1106 1788 hebdomadarum
1143 1709 1362 1778 vigiliis,
1406 1710 1635 1778 jejunio,
1684 1717 1737 1763 et
1769 1742 1811 1796 Β

175 1800 435 1867 corporali
457 1799 774 1868 disciplina,
794 1798 979 1867 piuset
994 1798 1148 1852 velox
1171 1799 1385 1852 auditor
1410 1799 1735 1864 desiderium

175 1889 349 1963 cordis
371 1889 573 1942 tribuit
599 1889 667 1941 ei.
700 1886 835 1940 Nam
862 1888 1073 1940 cuidam
1101 1888 1372 1942 innocenti
1415 1897 1470 1942 et
1508 1889 1737 1958 simplici

175 1978 290 2031 viro
322 1977 489 2031 Beata
531 1976 634 2030 Dei
663 1976 908 2031 Genitrix
935 1976 989 2028 in
1025 1976 1234 2030 visione
1279 1977 1546 2045 apparuit,
1581 1977 1739 2046 eique

175 2067 421 2136 pracepit
445 2060 646 2122 dicens
673 2085 686 2119 :
724 2064 890 2131 Vade,
915 2073 968 2119 et
1005 2065 1092 2119 dic
1136 2064 1415 2136 Gregorio,
1441 2067 1586 2135 quod
1614 2083 1750 2121 eum

176 2170 272 2224 ego
304 2157 456 2210 illum
488 2158 548 2210 in
575 2157 804 2210 chorum
833 2155 961 2224 (non
1006 2155 1228 2209 dubium
1265 2156 1396 2225 quin
1434 2156 1736 2226 Virginum)

177 2246 443 2315 elcgerim,
471 2247 596 2314 ipse
619 2261 650 2299 e
677 2245 954 2299 contrario
977 2244 1133 2298 aliter
1154 2259 1319 2315 quam
1356 2245 1734 2316 deberet-egit.

177 2331 322 2388 Novo
348 2323 532 2390 autem
556 2343 836 2404 permotus
864 2333 1038 2404 elogio
1057 2329 1368 2403 Gregorius,
1389 2336 1560 2405 magis
1581 2336 1741 2390 haesi-

180 2417 287 2477 tare
310 2427 507 2493 erupit;
537 2425 908 2492 intentiusque
950 2438 1126 2488 orare,
1162 2432 1222 2475 ut
1247 2424 1485 2491 apertius
1515 2425 1616 2476 sibi
1644 2424 1739 2478 Dei

181 2513 572 2578 misericordia,
610 2514 740 2582 quid
761 2521 934 2577 esset,
956 2512 1279 2566 ostenderet.
1317 2510 1515 2566 lterum
1542 2513 1737 2579 eidem,

179 2603 264 2657 cui
287 2618 472 2672 supra,
497 2601 848 2656 sanctissima
869 2599 1033 2671 Virgo
1055 2599 1224 2656 Maria
1248 2610 1419 2656 mater
1444 2602 1659 2658 Domini
1684 2604 1738 2657 in

181 2693 383 2748 somnis
401 2707 700 2762 apparens,
724 2690 898 2760 inquit
928 2710 943 2744 :
980 2689 1104 2746 Hinc
1126 2691 1275 2754 dices
1295 2689 1587 2761 Gregorio;
1611 2709 1743 2762 quo-

183 2781 322 2834 niam
370 2783 488 2852 ipse
541 2789 733 2837 contra
788 2781 1101 2850 gravitatem
1148 2780 1502 2835 institutionis
1540 2791 1741 2837 nostra:

183 2871 398 2928 monilia
420 2871 678 2926 tractavit
701 2870 875 2938 neptis
899 2885 1010 2923 sure
1039 2888 1053 2922 :
1084 2869 1285 2922 ideirco
1309 2870 1558 2939 gratiam,
1573 2887 1737 2940 quam

182 2959 385 3029 habuit,
415 2960 624 3014 amisit.
655 2957 761 3012 Sed
789 2974 953 3024 nunc,
974 2957 1103 3027 quia
1122 2949 1490 3026 paenitentiam
1517 2961 1584 3015 de
1613 2976 1740 3030 pec-

1834 533 2007 588 benda
2033 533 2191 597 foret,
2218 533 2524 587 Hermanno
2545 540 2672 584 tunc
2701 531 2954 598 temporis
2981 530 3273 593 Cardinali,
3291 531 3380 584 sed

1835 624 2171 692 postmodum
2186 621 2476 676 Brixiensis
2489 619 2738 673 Ecclesia:
2759 619 2971 687 praesuli
2985 619 3113 688 (‘25),
3127 619 3382 672 divinitus

1835 720 2109 766 ostensum
2135 721 2234 765 est.
2282 710 2415 764 Nam
2436 725 2558 763 cum
2589 709 2656 761 ah
2680 722 2744 761 co
2779 707 2844 760 ad
2881 723 3122 762 mensam
3153 709 3381 776 quadam

1835 801 1920 854 die
1945 810 2165 855 vocatus
2195 816 2301 854 non
2317 799 2575 861 venisset,
2610 805 2762 858 nocte
2802 796 3134 865 insequenti,
3167 797 3381 850 terribi-

1837 889 1903 943 lis
1927 891 1976 944 ei
2003 893 2245 960 quaedam
2268 889 2472 958 species
2501 886 2766 956 apparuit,
2789 901 3017 954 eumque
3043 886 3384 938 vehementer

1838 981 2147 1049 increpavit,
2175 981 2360 1034 dicens
2390 996 2401 1031 :
2436 975 2505 1031 Ut
2529 976 2678 1046 quid,
2706 975 3140 1039 miser,imitatus
3173 988 3231 1028 es
3255 987 3382 1026 eon-

1840 1071 2124 1124 tumaeiam
2156 1070 2363 1123 Dathaa
2389 1075 2443 1120 et
2476 1066 2698 1128 Abiron,
2723 1063 3116 1133 supersedendo
3145 1061 3386 1131 Gregorii

1837 1159 1903 1212 ad
1933 1160 2239 1213 convivium
2270 1157 2600 1231 invitatione,
2626 1154 2766 1207 sicut
2792 1153 2866 1204 illi
2897 1152 3124 1220 superbe
3167 1165 3385 1218 respue-

1836 1257 1965 1302 runt
1999 1248 2164 1318 Moysi
2203 1247 2268 1301 ad
2298 1246 2585 1300 concilium
2639 1242 3009 1296 vocationem?
3061 1241 3143 1293 An
3191 1239 3386 1316 excidit

1837 1338 1933 1390 tibi
1953 1345 2195 1405 ,‘quauta
2218 1335 2382 1389 millia
2410 1333 2638 1386 millium
2683 1331 2736 1384 in
2775 1329 2985 1383 inferno
3008 1329 3252 1382 demersa
3281 1328 3387 1381 sint

1836 1419 2052 1495 propter
2097 1427 2258 1480 unius
2301 1421 2623 1491 Protoplasti
2666 1417 3117 1473 inobedientiam?
3169 1415 3385 1478 Festina

1837 1532 1965 1586 ergo
2006 1515 2073 1569 ad
2114 1513 2557 1573 satisfactionem,
2594 1509 2637 1562 si
2692 1509 2914 1562 evadere
2957 1505 3106 1574 cupis
3153 1504 3384 1565 debitam

1837 1605 2124 1660 rebellibus
2149 1602 2565 1658 damnationem.
2589 1598 2772 1666 Itaque
2788 1613 2931 1660 mox,
2947 1594 3380 1664 utopportunitas

1837 1695 1961 1749 data
1982 1702 2085 1759 est,
2104 1693 2420 1763 provolutus
2433 1698 2515 1744 est
2529 1689 2751 1758 pedibus
2771 1687 3176 1742 clementissimi
3197 1684 3382 1753 Papae:

1839 1800 1937 1838 nec
1964 1800 2144 1849 mora,
2170 1783 2382 1837 veniam
2427 1779 2728 1848 impetravit
2774 1779 3074 1849 laerymosa
3115 1774 3389 1843 supplica-

1839 1874 2002 1927 tione.

1903 1963 1993 2016 29.
2059 1961 2212 2017 Nunc
2258 1961 2387 2014 libet
2443 1960 2552 2013 duo
2606 1956 2865 2011 miracula
2929 1951 3227 2010 sanctitatis
3289 1964 3384 2018 per

1837 2051 1896 2104 Β.
1921 2042 2240 2119 Gregorium
2266 2048 2520 2103 divinitus
2548 2045 2688 2102 facta
2714 2047 2947 2100 breviter
2973 2043 3247 2112 assignare
3273 2057 3285 2092 :
3317 2053 3385 2091 ne

1838 2140 1976 2195 forte
1998 2139 2255 2210 ingressis
2283 2138 2438 2192 nobis
2461 2137 2648 2191 silvam
2668 2135 2935 2190 densioris
2962 2133 3222 2195 historiae,
3243 2128 3388 2183 exci-

1838 2231 1968 2284 dant
1991 2229 2284 2284 memoriae.
2309 2227 2554 2294 Quodam
2599 2241 2831 2295 namque
2867 2232 3125 2293 tempore,
3169 2235 3293 2274 cum
3321 2217 3388 2271 de

1838 2335 1988 2373 more
2022 2335 2205 2372 sacras
2229 2333 2424 2372 manus
2455 2315 2714 2379 ablueret,
2749 2315 2868 2382 ipsa
2919 2310 3208 2367 ablutionis
3247 2322 3386 2376 aqua

1838 2409 2010 2462 instar
2032 2409 2186 2462 lactis
2215 2407 2375 2471 facta,
2396 2419 2598 2476 :egrum
2628 2405 2936 2474 quemdam,
2956 2418 3080 2456 cum
3108 2401 3211 2454 ﬁde
3239 2413 3390 2453 recu-

1838 2498 2087 2567 peranda:
2115 2497 2363 2552 sanitatis
2386 2511 2506 2551 eam
2534 2496 2588 2548 in
2635 2509 2794 2547 usum
2845 2499 3164 2554 sumentem,
3202 2486 3389 2543 conte.-

1796 2611 1806 2617 ι
1839 2589 1964 2643 stim
1993 2590 2062 2642 ab
2087 2588 2401 2658 aegritudine
2429 2585 2694 2640 liberavit.
2719 2582 2872 2649 Item,
2899 2598 3021 2637 cum
3051 2583 3104 2635 in
3134 2579 3393 2634 comitatu

1838 2679 2087 2748 gloriosa:
2111 2677 2381 2732 Mathildis
2413 2677 2766 2738 delitesceret,
2805 2681 2859 2728 et
2898 2672 3101 2726 rabiem
3145 2683 3396 2739 persccu-
3425 2707 3429 2710 ρ

1841 2769 2022 2832 tionis,
2050 2767 2116 2822 de
2139 2782 2247 2836 qua
2279 2768 2508 2836 posthac
2551 2764 2764 2833 plenius
2802 2762 2996 2816 dicturi
3038 2775 3248 2824 sumus,
3301 2758 3395 2811 de-

1838 2858 2095 2921 clinaret;
2154 2856 2388 2924 quadam
2447 2854 2534 2908 die
2588 2851 2908 2906 venerabilis
2969 2849 3241 2904 liubalduc
3279 2846 3392 2916 (26)

1838 2946 2159 3013 Mantuanus
2192 2944 2487 3014 Episcopus
2511 2941 2764 2997 indicavit
2786 2941 2836 2995 ei
2855 2939 2999 3009 quod
3025 2953 3231 3007 coquus
3253 2935 3395 3004 ejus.

183 3056 301 3104 cato
316 3028 419 3105 suo
438 3049 670 3120 peregit,
696 3047 898 3102 donum
941 3048 1302 3119 lacrymarum
1332 3049 1573 3119 recipiet.
1604 3028 1740 3107 [dine

1844 3037 2006 3090 nimia
2046 3035 2359 3090 inﬁmitate
2386 3042 2772 3104 praegravatus,
2820 3031 2886 3099 de
2934 3028 3129 3083 lectulo
3175 3039 3396 3096 surgere

185 3138 547 3204 admonemur,
565 3138 711 3196 illius
746 3137 874 3193 dicti
899 3157 912 3192 :
938 3158 957 3189 ι
985 3136 1196 3192 Bonum
1221 3144 1305 3192 est
1323 3138 1527 3193 homini
1552 3141 1743 3195 mulie-

185 3243 294 3284 rem
315 3245 424 3283 non
449 3239 677 3300 tangere
703 3226 758 3298 (1
786 3226 908 3284 Cor.
933 3228 1050 3296 vn).
1085 3246 1104 3277 ι

242 3305 335 3372 ~2'1.
371 3317 620 3384 Quadam
655 3325 996 3388 aestate,quie
1025 3315 1210 3370 Romae
1235 3315 1489 3371 humanis
1504 3317 1744 3386 corpori-

187 3404 286 3460 bus
308 3408 464 3462 valde
491 3409 772 3464 contraria
796 3416 900 3474 est,
921 3407 1051 3463 dum
1074 3406 1213 3461 idem
1249 3407 1335 3460 vir
1366 3405 1460 3460 Dei
1491 3409 1743 3463 maximis

187 3510 279 3565 per
301 3497 570 3569 integram
597 3498 986 3554 hebdomadam
1006 3506 1259 3553 aestuaret
1277 3497 1551 3564 febribus;
1581 3514 1746 3569 appa-

190 3585 293 3640 ruit
324 3588 374 3642 ei
401 3588 463 3640 B.
495 3588 596 3642 Dei
616 3587 857 3643 Genitrix
886 3603 1098 3655 semper
1125 3585 1290 3654 Virgo
1322 3586 1523 3653 Maria;
1547 3598 1742 3657 atque,

190 3683 247 3728 ut
305 3676 733 3746 indignationem
787 3676 1112 3741 ostenderet,
1140 3684 1380 3730 ventrem
1423 3677 1542 3746 ejus
1579 3693 1744 3731 manu

192 3777 339 3819 versa
367 3764 703 3834 percutiens,
719 3765 962 3820 recessit.
985 3764 1188 3820 Deinde
1215 3782 1310 3836 per
1338 3767 1562 3820 alteram
1590 3767 1748 3834 septi-

192 3871 399 3910 manam
429 3856 570 3910 adeo
595 3857 904 3910 debilitatus
925 3865 1029 3920 est,
1053 3864 1112 3908 ut
1159 3855 1423 3922 respirare
1466 3869 1612 3920 eum,
1652 3855 1748 3924 qui

191 3947 386 3998 exitum
416 3949 539 4013 ejus
582 3947 1054 4014 praestolabantur,
1096 3943 1186 3996 vix
1251 3943 1450 3997 sentire
1501 3953 1742 4013 possent.

194 4033 360 4088 Finita
421 4034 758 4088 hebdomada
799 4035 908 4098 illa,
937 4049 1130 4088 rursus
1157 4033 1223 4087 ad
1269 4048 1392 4086 eum
1444 4032 1606 4088 Beata
1651 4034 1748 4091 Dei

194 4122 450 4188 Genitrix,
487 4123 623 4177 hora
651 4123 758 4178 diei
782 4124 937 4193 quasi
957 4132 1130 4189 sexta,
1157 4123 1412 4188 accessit;
1465 4126 1642 4193 qualis
1689 4141 1748 4179 se

197 4213 428 4278 haberet,
447 4201 504 4268 et
541 4215 588 4268 si
617 4214 796 4268 adhuc
827 4214 957 4269 satis
975 4227 1257 4283 poenarum
1291 4211 1455 4264 luisse
1479 4213 1582 4267 sibi
1610 4215 1750 4268 vide-

196 4313 357 4368 retur,
385 4308 455 4365 ab
476 4321 545 4360 eo
569 4306 896 4360 sciscitatur.
921 4301 1022 4355 Cui
1046 4301 1133 4355 ille
1167 4300 1441 4368 respondit
1467 4319 1480 4354 :
1520 4301 1746 4355 Domina

1843 3142 1950 3179 non
1972 3127 2192 3180 valeret.
2223 3126 2296 3184 ‘At
2329 3125 2435 3190 ille,
2465 3124 2754 3177 necessarii
2784 3119 3259 3176 commutationem
3288 3131 3397 3172 non

1841 3215 2046 3266 habens
2068 3214 2226 3266 oIlicii
2245 3255 2260 3278 ,
2297 3229 2419 3286 cum
2455 3213 2556 3265 Iide
2582 3226 2751 3280 grano
2787 3211 2988 3280 sinapis
3015 3207 3396 3277 comparanda,

1841 3301 2115 3355 transtulit
2141 3311 2379 3355 montem
2411 3295 2741 3353 inﬁrmitatis
2759 3340 2774 3364 ,
2797 3307 2851 3352 et
2880 3300 3046 3352 crevit
3081 3299 3135 3351 in
3161 3297 3397 3351 validum

1842 3392 2011 3461 gratia
2037 3391 2334 3460 sospitatis.
2362 3388 2561 3444 Eadem
2599 3388 2796 3458 quippe
2837 3389 2968 3441 hora
2988 3428 3002 3452 ,
3025 3403 3131 3455 qua
3155 3384 3399 3454 iubentis

1842 3498 2028 3538 vocem
2057 3483 2281 3546 audivit,
2310 3479 2564 3546 surrexit,
2603 3495 2666 3533 ac
2725 3477 3030 3533 necessaria
3070 3473 3394 3546 preparavit.

2444 3630 2670 3688 CAPUT
2698 3629 2786 3684 IV.

1846 3743 2082 3813 Gregorii
2120 3740 2415 3795 Decretales
2471 3735 2724 3813 Epistolis:
2756 3747 2937 3790 contra
2985 3735 3309 3792 Simoniacos
3350 3747 3440 3790 et.‘

2453 3809 2786 3878 fornicarios.

1914 3919 2145 3976 50.1am
2174 3928 2387 3989 tempus
2423 3920 2609 3989 exigit,
2658 3919 2865 3987 aliquot
2918 3916 3221 3972 Decretalcs
3260 3918 3401 3972 beati

1844 4013 2098 4069 Przesulis
2127 4011 2428 4082 Epistolas,
2451 4018 2639 4065 contra
2669 4008 3007 4061 Simoniacos
3036 4015 3087 4058 et
3112 4005 3401 4059 Nicolaitim

1848 4105 1962 4176 (27)
1986 4105 2040 4157 in
2062 4101 2292 4155 Galliam
2327 4108 2488 4166 atque
2515 4095 2854 4151 Germaniam
2908 4095 3258 4150 transmissus
3311 4110 3405 4162 pe-

1847 4209 2015 4247 nere:
2045 4199 2098 4244 et
2127 4189 2374 4251 subinde,
2401 4185 2528 4256 quid
2559 4185 2662 4239 sibi
2715 4183 2840 4237 velit
2895 4198 3085 4238 saccus
3128 4186 3216 4239 ille
3260 4196 3402 4241 ster-

1859 4282 2080 4337 coribus
2107 4281 2357 4344 refertus,
2373 4293 2532 4348 quem
2564 4290 2722 4351 supra
2764 4273 2976 4326 Pisanis
3026 4276 3197 4329 visum
3255 4294 3405 4332 com-

197 4399 454 4467 piissima,
474 4405 534 4450 ut
562 4395 656 4449 tibi
687 4393 916 4447 videtur.
939 4389 1076 4445 Tum
1102 4391 1211 4446 leni
1234 4363 1419 4455 manu,
1445 4391 1604 4460 quasi
1624 4405 1743 4446 cor-

1852 4373 2296 4437 memoravimus,
2337 4371 2592 4438 aliquam,
2628 4374 2688 4420 ut
2730 4363 3096 4433 promisimus,
3139 4367 3405 4436 conjectu-

199 4501 296 4555 pus
317 4489 434 4557 ejus
455 4500 786 4557 pertingens,
806 4483 875 4538 ab
901 4483 1076 4538 oculis
1098 4483 1218 4554 ejus
1233 4481 1470 4535 evanuit.
1516 4480 1638 4536 Mox
1661 4481 1752 4535 illo

199 4577 514 4630 vestimenta
563 4592 682 4640 sua,
735 4573 891 4644 quasi
945 4573 1013 4628 ad
1069 4571 1348 4627 ecclesiam
1401 4585 1754 4640 processurus

202 4673 356 4730 esset,
374 4665 716 4734 requirente;
757 4665 832 4724 hi,
859 4663 953 4733 qui
988 4663 1228 4726 aderant,
1260 4676 1370 4729 pra:
1407 4661 1574 4715 nimia
1609 4663 1756 4716 inﬁr-

179 4755 382 4810 'mita‘tc
405 4755 588 4808 minus
622 4768 816 4808 sanum
846 4753 1045 4807 sentire
1068 4751 1427 4806 aestimabant.
1458 4751 1659 4817 Atille,
1679 4753 1754 4806 nil

205 4845 405 4900 malise
441 4843 638 4898 habere
671 4843 962 4910 allirmans,
997 4847 1280 4910 extorquet
1325 4848 1386 4893 ut
1429 4841 1666 4894 vestibus
1695 4856 1755 4895 se

207 4933 442 4997 induant,
465 4940 627 5002 atque
651 4933 720 4985 ad
748 4928 1027 4986 ecclesiam
1055 4929 1368 4997 perducant.
1417 4928 1537 4995 Quo
1587 4928 1750 4996 facto,

206 5022 259 5078 in
293 5031 502 5078 tantum
525 5023 755 5076 sanitate
781 5030 990 5090 recepta
1013 5019 1306 5083 convaluit,
1335 5019 1576 5073 utetiam
1601 5035 1754 5074 sacra

205 5108 484 5168 lissarnm
513 5112 778 5168 solemnia
824 5111 1034 5180 publice
1081 5109 1136 5163 in
1189 5110 1411 5164 ecclesia
1461 5108 1756 5166 Salvatoris

209 5202 446 5273 sequenti
470 5202 558 5257 die
581 5201 898 5257 celebraret.
919 5261 922 5266 _

280 5374 386 5449 (25)
417 5375 1284 5449 germanitas,_sive_fl_rima_mms,
1325 5380 1418 5425 aut
1455 5371 1752 5449 firmantis,

209 5440 385 5510 [aiore
419 5444 730 5500 Gomitissa:
774 5441 1040 5498 Mathildis
1081 5445 1286 5497 electus
1329 5449 1413 5494 est
1455 5440 1756 5510 Episcopus

213 5509 502 5571 Brixiensis
528 5528 678 5568 anno
705 5510 852 5564 1096.

279 5579 387 5650 (‘38)
441 5581 741 5650 Habaldus
769 5581 876 5634 sive
918 5579 1171 5650 Ubuldus,
1203 5587 1418 5650 creatus
1455 5579 1754 5648 Episcopus

216 5647 527 5706 “mittimus
558 5666 654 5704 an.
693 5649 836 5714 l082.
865 5651 956 5705 sed
986 5651 1051 5725 ab
1081 5648 1310 5703 llenrieo
1341 5647 1747 5718 ltcgcipulsus,

1851 4479 1967 4517 ram
2008 4461 2202 4516 facere.
2250 4459 2594 4514 Denuntiatio
2654 4456 2850 4523 quippe
2902 4458 3164 4528 regularis
3191 4455 3405 4529 judicii,

1849 4551 2232 4623 praedictorum
2262 4550 2638 4603 haereticorum
2662 4542 2848 4616 eisque
2873 4547 3168 4603 faventium
3205 4565 3406 4604 concu-

1849 4643 1990 4695 tiens
2019 4649 2074 4693 et
2097 4653 2352 4692 coercens
2381 4637 2750 4706 ignominiam,
2781 4653 2888 4692 non
2929 4639 3158 4694 absurde
3195 4641 3405 4694 videtur

1849 4728 2154 4798 comparari
2172 4742 2331 4782 sacco
2353 4735 2591 4782 stercora
2622 4730 2950 4795 continenti;
2981 4746 3139 4798 quem
3164 4729 3404 4784 videlicet

1811 4859 1816 4862 μ
1850 4821 1933 4873 vir
1976 4825 2195 4874 sanctus
2227 4818 2626 4887 quodammodo
2659 4819 2920 4888 portavit,
2951 4819 3100 4882 dum,
3138 4819 3404 4888 Epistolas

1851 4910 2134 4974 mittendo,
2168 4911 2576 4963 conversionem
2612 4923 2820 4970 eorum,
2858 4923 2996 4976 quos
3040 4909 3263 4975 notavit,
3311 4910 3404 4965 diu

1852 5003 2116 5070 patienter
2141 4999 2438 5068 expectavit
2461 5017 2474 5050 :
2496 4997 2795 5066 exportavit
2823 5007 3023 5064 autem,
3051 5000 3266 5068 quando
3291 5016 3412 5069 per-

1854 5091 2059 5144 tinaces
2090 5090 2143 5141 in
2179 5103 2384 5152 errore,
2429 5088 2675 5158 synodali
2727 5103 2996 5144 consensu
3051 5093 3133 5144 ab-
3169 5091 3402 5148 Ecclesia

1854 5178 2140 5247 separavit.
2169 5176 2371 5232 llarum
2419 5178 2581 5248 igitur
2626 5177 2986 5247 Epistolarum
3038 5182 3218 5248 prima
3250 5182 3405 5235 nobis

1853 5353 2016 5406 etiam
2039 5349 2164 5404 exul
2190 5349 2562 5418 degebat'cum
2592 5349 2647 5401 S.
2672 5348 2951 5417 Gregorio.

1926 5420 2036 5487 (27)
2062 5418 2219 5487 Extat
2257 5417 2370 5487 haec
2415 5418 2637 5486 epistola
2688 5419 2888 5471 inserta
2919 5417 3163 5487 concilio
3201 5417 3403 5487 nimo,

1926 5431 2036 5487 (27)
2062 5431 2219 5470 ωωι
2257 5431 2370 5471 nch
2415 5431 2637 5486 eprstona
2688 5431 2888 5471 inserta
2919 5431 3163 5472 boneiuo
3200 5431 3403 5537 immo,

1860 5491 2042 5563 Itonia:
2072 5485 2535 5563 sub.S._Gregorio
2565 5488 2747 5541 habito
2769 5502 2911 5540 anno
2943 5485 3094 5551 1074,
3122 5485 3177 5540 in
3245 5486 3404 5557 polo.-

1857 5559 2027 5630 getico
2046 5597 2059 5620 ,
2083 5555 2315 5624 capitulo
2355 5556 2400 5608 I.
