3902 6360
133 444 193 497 57
1144 404 1763 497 Romaenam..—
1796 426 1977 493 acra
2008 437 2064 494 s.
2098 438 2439 495 cneconu.

3316 442 3383 496 58

134 551 527 622 exetuplunset
547 551 799 621 populus
823 559 1023 606 sancta:
1035 549 1289 604 Ecclesia!
1309 550 1438 603 olim
1468 557 1715 601 nostrum
1745 550 1791 606 A
1817 548 2150 614 hmreticum,
2180 547 2409 603 Romam
2444 549 2797 613 conductum,
2821 550 2935 621 (54)
2963 551 3201 621 hospitio
3237 570 3384 607 rece-

138 644 387 698 saculum
414 642 596 697 fuisse
624 651 929 712 cognoscat
954 644 1057 697 sub
1081 650 1233 695 tanto
1266 641 1468 709 talique
1493 638 1717 692 Pastore

138 734 464 804 prolapsum.
499 732 777 788 lndeeens
800 735 945 788 enim
974 743 1029 787 et
1060 733 1447 787 inconveniens
1476 744 1598 784 esse
1636 729 1717 782 vi-

138 826 289 877 detur
325 824 546 878 tradere
580 825 853 879 oblivioni
882 824 1063 879 Patris
1096 826 1259 894 hujus
1289 825 1559 887 laborem,
1591 836 1719 876 cum

139 912 296 965 etiam
331 912 707 981 profanarum
745 930 1039 970 causarum
1067 916 1329 982 memoria
1364 929 1528 984 penes
1563 928 1720 967 secus

142 1000 277 1055 lares
318 1017 421 1071 pro
464 1002 819 1061 fortitudinis
843 1006 1091 1075 exemplo
1136 1006 1246 1059 fiat.
1290 1005 1463 1075 Hujus
1499 1005 1718 1075 quidem

142 1092 439 1161 exemplum
470 1094 520 1147 si
563 1096 751 1150 tenaci
791 1097 1068 1151 memoriae
1105 1097 1370 1162 tradatur,
1418 1097 1479 1149 fit
1520 1103 1721 1149 sancta:

145 1178 390 1237 Ecclesia:
415 1185 901 1254 supplementum,
930 1186 1131 1241 Christi
1158 1187 1395 1241 fidelium
1432 1200 1721 1239 ornamen-

146 1278 282 1337 tum;
327 1282 383 1327 et
432 1276 491 1329 in
564 1275 856 1330 harescon
914 1276 1270 1346 profanarum
1328 1276 1507 1330 veniet
1555 1273 1722 1328 detri-

146 1372 399 1417 mentum.
429 1362 575 1419 Hinc
599 1366 752 1419 enim
774 1367 1047 1436 justorum
1075 1367 1311 1437 (pugna)
1334 1368 1526 1420 iterum
1548 1366 1723 1433 prima

149 1465 421 1521 sumpsere
462 1455 743 1525 principia
787 1475 800 1509 :
850 1458 977 1513 hinc
1009 1457 1385 1514 Ecclesiastica
1412 1455 1638 1510 victoria
1671 1464 1725 1509 et

148 1552 411 1612 perpetua:
434 1544 724 1602 felicitatis
749 1548 1151 1616 quodammodo
1176 1564 1271 1618 per
1294 1548 1465 1602 lilium
1494 1546 1722 1601 haeredi-

152 1637 229 1686 tas
255 1632 668 1705 (propagatur).

214 1722 459 1783 ‘0..Fuit
485 1726 683 1796 itaque
702 1727 926 1797 quidam
950 1728 1035 1782 vir
1058 1729 1113 1782 in
1145 1727 1306 1797 Urbe,
1328 1728 1649 1797 perditionis
1672 1728 1728 1780 tl-

214 1746 459 1783 W-.l'llll
486 1746 683 1796 ιωφιε
702 1746 926 1797 quidam
950 1746 1035 1782 Vll'
1058 1746 1113 1782 ιιι
1146 1746 1183 1782 U
1222 1746 1306 1793 υε,
1328 1746 1649 1797 ρει-(ιιιιοηιδ
1672 1746 1727 1780 ΙΙ·

153 1808 271 1877 lius,
286 1815 535 1869 omnium
566 1816 856 1872 hominum
885 1746 1335 1875 sceleratissimus
1356 1826 1410 1872 ct
1449 1816 1727 1886 iniquissi—

154 1915 295 1967 mus;
322 1904 484 1973 cujus
508 1908 737 1976 quidem
780 1911 1041 1965 memoria
1070 1925 1249 1965 aerem
1280 1909 1457 1978 ipsum
1485 1922 1726 1961 comma-

155 1993 329 2047 culet?
351 1997 441 2050 cui
468 2013 577 2066 pro
609 2000 895 2056 dulcedine
916 2002 1175 2071 periuria,
1202 2000 1446 2065 fallaciae,
1473 1999 1723 2064 luxuriaz,

156 2083 386 2152 traditio,
427 2089 755 2153 homicidia.
797 2092 1257 2157 machinationes,
1301 2090 1725 2150 susurrationes,

157 2188 609 2247 conspirationes,
668 2181 912 2247 fraudes,
954 2183 1319 2251 deceptiones,
1354 2179 1727 2235 conventicula

162 2262 401 2333 fuerant;
442 2280 501 2323 et
532 2271 803 2341 quidquid
840 2273 1029 2325 virtuti
1054 2287 1178 2327 esse
1215 2278 1393 2340 potest
1426 2268 1726 2330 inimicum,

160 2355 256 2409 sibi
278 2361 581 2426 peremnia
609 2362 819 2431 (licere)
846 2363 1130 2428 credebat;
1164 2371 1317 2430 pater
1338 2352 1521 2414 furum
1560 2366 1615 2411 et
1639 2372 1729 2411 so-
1754 2416 1755 2423 χ

162 2446 271 2501 cius
290 2450 686 2515 periuriorum.
721 2454 944 2522 clypeus
988 2452 1199 2507 fallacis
1227 2459 1283 2505 et
1321 2452 1476 2504 hasta
1507 2448 1728 2511 moechi,

163 2537 303 2605 galea
326 2540 733 2597 homicidarum
760 2554 815 2597 et
839 2551 1055 2598 scutum
1097 2536 1428 2607 traditionis,
1458 2550 1733 2610 tegumen-

164 2634 272 2681 tum
308 2631 759 2705 machinationis,
787 2643 975 2689 custos
1022 2633 1435 2698 susurrationis,
1488 2630 1733 2685 anxietas

164 2720 604 2789 muspirationis,
634 2724 899 2779 coloratio
919 2724 1149 2789 fraudis,
1176 2724 1432 2794 risusque
1454 2722 1733 2791 deceptio-

165 2808 263 2873 nis,
283 2818 336 2864 et
360 2821 553 2881 crypta
585 2814 742 2869 malae
782 2815 1201 2870 conventionis:
1234 2815 1301 2870 ad
1346 2814 1505 2883 cujus
1542 2810 1735 2869 confu-

166 2900 303 2968 gium
327 2903 509 2957 omnis
537 2904 828 2960 hmreticns
848 2906 1141 2976 omnisque
1168 2906 1435 2961 scelestus
1474 2894 1741 2975 propera?

167 2988 291 3042 bant
316 3009 329 3043 :
356 2993 519 3061 cujus
538 2994 627 3049 ala
666 2995 879 3050 velabat
902 2997 1181 3062 scandala,
1212 2999 1315 3051 sub
1344 2998 1502 3067 cujus
1540 2996 1735 3051 umbra

168 3078 452 3137 Leviathan
474 3084 595 3154 ipse
611 3094 893 3155 tortuosus
918 3087 1141 3142 coluber
1162 3088 1395 3143 dulciter
1414 3074 1472 3143 et
1496 3090 1737 3143 suaviter

1815 640 1925 709 pit;
1955 647 2009 692 et
2052 640 2234 709 praelia
2276 639 2468 704 multa,
2492 640 2636 695 illius
2660 641 2732 695 ob
2776 641 3125 709 adjutorium,
3161 644 3216 697 in
3251 645 3388 698 urbe

1816 729 2133 784 commisit:
2170 730 2260 785 cui
2290 730 2545 785 solatium
2590 746 2784 785 omnes
2826 731 3062 786 haeretici
3090 732 3387 790 Simoniaci

1816 834 1916 888 pro
1943 834 2103 888 posse
2138 821 2541 889 impendebant,
2573 829 2626 873 et
2652 836 2747 889 per
2786 820 2964 891 ipsum
2992 832 3239 877 sanctam
3281 822 3386 878 Ec-

1817 912 2038 973 clesiam
2080 912 2414 967 confundere
2452 912 2837 980 disponebant.
2867 911 2993 977 Sed,
3025 914 3388 968 haeresiarcha

1818 1002 2036 1056 tandem
2070 1003 2168 1067 illo,
2198 1012 2421 1073 mortuo
2456 1004 2593 1073 (55),
2635 1002 2903 1057 confusus
2939 1003 3041 1057 iste
3077 1015 3291 1073 pactum
3331 1021 3391 1059 se

1819 1109 1944 1148 cum
1977 1092 2209 1147 Domino
2234 1092 2375 1161 Papa
2398 1094 2595 1159 facere,
2624 1104 2678 1147 et
2712 1094 3021 1147 fidelitatem
3038 1095 3226 1163 jurare
3265 1112 3391 1164 spo-

1820 1183 2026 1252 pondit.
2072 1183 2229 1248 Quod
2249 1192 2303 1236 ct
2341 1182 2504 1237 fecit:
2538 1184 2631 1237 sed
2665 1196 2788 1253 qua:
2816 1184 2947 1237 fides
2970 1185 3023 1237 ei
3050 1202 3172 1239 esse
3193 1187 3391 1255 potuit,

1821 1274 1907 1328 cui
1937 1274 2139 1327 veritas
2167 1270 2445 1342 nunquam
2481 1273 2740 1343 adhaesit?
2771 1272 2960 1327 Stabat
2984 1276 3224 1341 quidem,
3265 1291 3393 1332 nro-

1820 1372 1941 1430 pter
1962 1364 2166 1428 summi
2196 1363 2502 1417 Sacerdotis
2530 1364 2851 1432 potentiam,
2879 1372 2937 1417 ut
2957 1366 3139 1434 praedo
3166 1366 3394 1436 ligatus:

1823 1454 1917 1507 sed
1948 1468 2086 1523 quas
2131 1461 2342 1522 poterat
2388 1454 2606 1508 fraudes
2648 1456 2832 1508 animo
2874 1464 3033 1509 tenus
3080 1466 3398 1526 perpetrare

1824 1560 1933 1597 non
1961 1545 2240 1598 desinebat
2268 1553 2540 1598 tartareus
2568 1546 2761 1599 luercs.
2805 1545 2861 1599 Si
2888 1546 3109 1614 quando
3136 1563 3261 1601 cum
3306 1562 3399 1599 ve-

1824 1636 2081 1690 nerabilis
2110 1635 2270 1689 Pater
2312 1634 2605 1704 Gregorius
2647 1645 2705 1689 ut
2762 1652 2793 1690 a
2840 1638 3039 1691 talibus
3079 1638 3267 1706 pedem
3308 1653 3398 1690 re—

1826 1728 2063 1779 traheret
2100 1726 2527 1789 hortabatur,'iu
2564 1728 2716 1795 pejus
2742 1728 2985 1795 quotidie
3020 1743 3180 1783 suum
3220 1744 3403 1781 verre-

1827 1816 1921 1869 bat
1962 1824 2151 1884 pectus
2194 1833 2206 1865 :
2258 1816 2447 1884 sicque
2486 1814 2688 1869 factum
2732 1828 2815 1871 est
2866 1826 2929 1870 ut
2984 1819 3037 1871 in
3085 1819 3199 1886 ipsa
3242 1818 3400 1883 turri,

1826 1921 1990 1975 quam
2034 1906 2185 1959 mira:
2234 1906 2625 1975 magnitudinis
2664 1921 2827 1975 supra
2872 1918 3093 1976 pontem
3153 1908 3209 1962 S.
3256 1908 3404 1962 Petri

1826 2004 2227 2059 construxerat,
2240 1996 2386 2051 viros
2398 1996 2626 2050 sicarios
2641 2007 2892 2065 poneret;
2917 2000 3030 2067 qui,
3049 2000 3118 2052 ab
3142 1999 3403 2053 omnibus

1828 2087 2227 2141 introeuntibus
2248 2095 2301 2139 et
2326 2086 2672 2152 exeuntibus,
2696 2104 2759 2142 cx
2793 2089 2958 2144 rebus
2994 2106 3117 2159 quae
3149 2088 3401 2143 fereban-

1829 2187 1919 2230 tur
1949 2176 2183 2244 pnedam
2213 2185 2488 2244 caperent.

1898 2267 2007 2319 ω’.
2051 2265 2165 2331 Qua
2196 2266 2263 2317 de
2292 2282 2455 2319 causa
2486 2266 2778 2320 Przeli‘ctus
2817 2266 3007 2332 l'rhis,
3048 2268 3272 2322 Cincius
3294 2269 3405 2337 (Sil)

1832 2356 2070 2420 nomine,
2094 2356 2177 2409 vir
2203 2356 2389 2424 utique
2425 2358 2681 2425 prudens,
2714 2373 2876 2411 carus
2918 2358 3029 2413 Deo
3067 2367 3123 2414 et
3164 2359 3405 2413 homini-

1832 2447 1933 2505 bus
1966 2447 2083 2515 (qui
2113 2462 2221 2499 non
2252 2455 2313 2500 ut
2340 2447 2531 2512 laicus,
2562 2448 2655 2502 sed
2691 2449 2857 2502 veluti
2881 2449 3055 2504 fidelis
3076 2450 3403 2513 monachus,

1834 2536 1943 2588 Deo
1972 2537 2212 2590 serviens
2238 2537 2508 2605 justitiam
2541 2538 2821 2592 excolebat
2842 2539 2895 2592 in
2934 2539 3232 2609 omnibus),
3264 2554 3405 2608 qua-

1832 2626 1956 2679 dam
1986 2626 2073 2679 die
2098 2640 2223 2679 cum
2251 2626 2411 2695 cepit,
2433 2634 2487 2680 ct
2511 2627 2565 2679 in
2605 2627 2842 2681 carceris
2890 2628 3257 2699 squalloribus
3287 2637 3412 2682 tan-

1834 2714 2259 2781 tum‘latroncm,
2298 2724 2358 2769 ut
2397 2717 2622 2786 dignum
2663 2716 2861 2782 fuerat,
2890 2718 3133 2772 tradidit.
3166 2717 3410 2773 Tandem

1836 2804 2141 2859 interventu
2168 2808 2529 2875 quorumdam
2558 2807 2829 2862 Nobilium
2866 2808 3259 2874 Romanorum,
3285 2824 3411 2878 pcr-

1836 2896 2083 2949 mittente
2112 2897 2215 2950 hoc
2242 2897 2527 2951 clementia
2551 2898 2764 2970 Domini
2790 2898 2968 2968 Papa),
2991 2899 3227 2969 peractis
3248 2914 3415 2967 supra

1836 2986 2012 3041 sancti
2046 2985 2188 3039 Petri
2212 3002 2413 3055 corpus
2455 2990 2815 3043 sacramentis
2844 3005 2971 3043 suze
2998 2989 3449 3051 meliorationisﬂ.

1836 3076 2085 3145 datisque
2114 3076 2395 3130 obsidibus
2421 3086 2475 3130 et
2504 3078 2713 3133 reddita
2742 3079 2879 3133 turri
2928 3081 2995 3134 de
3027 3095 3135 3150 qua
3173 3076 3416 3133 confide-

169 3173 494 3239 ςυίεςςεικιι,
530 3174 636 3240 Qui
662 3176 730 3229 ad
758 3185 1107 3246 augmentum
1134 3178 1268 3231 tam;
1287 3180 1599 3233 commercii
1624 3188 1739 3235 ωε-
1766 3181 1807 3237 C
1841 3165 1953 3229 bat,
1984 3165 2242 3219 dimissus
2266 3175 2369 3219 est.
2389 3165 2568 3246 ‘Tunc
2601 3168 2782 3222 allatis
2805 3169 3087 3235 arietibus,
3114 3179 3170 3223 et
3208 3168 3418 3223 machi-

172 3278 251 3316 res
275 3265 630 3334 quamplures
653 3267 707 3320 in
739 3264 883 3321 Urbe
901 3276 1393 3333 construxerat;et,
1412 3269 1734 3337 posthabitis

172 3363 275 3406 tam
310 3353 405 3408 Dei
452 3370 624 3424 quam
673 3356 913 3412 hominis
958 3358 1273 3422 inimicitiis,
1313 3360 1575 3427 quidquid
1611 3348 1738 3412 ante

174 3458 278 3498 sua:
300 3460 572 3515 perversa:
592 3448 790 3503 mentis
816 3448 1007 3501 oculos
1056 3448 1304 3503 incentor
1349 3450 1585 3503 malitiae.
1620 3449 1737 3503 dia-

175 3534 321 3590 bolus
352 3537 622 3601 videlicet,
653 3537 970 3601 adduxerat,
1008 3554 1263 3607 peragere
1298 3540 1595 3607 satagebat.
1640 3538 1737 3593 Lc-

117 3653 129 3665 ο
177 3626 255 3679 via
279 3627 499 3696 quidem
529 3628 631 3682 sibi
660 3636 715 3682 et
734 3627 912 3682 dulcia
942 3629 1123 3691 verba,
1147 3629 1240 3682 sed
1268 3629 1321 3681 in
1346 3628 1451 3682 fine
1476 3629 1657 3698 jacula
1680 3639 1733 3682 et

178 3717 518 3785 absynthium
574 3717 790 3772 fuerant
839 3737 852 3771 :
908 3719 1002 3788 qui
1062 3719 1129 3771 ad
1188 3721 1273 3774 sui
1315 3720 1737 3774 destructionem

180 3808 458 3875 quemdam
478 3824 640 3863 suum
653 3808 986 3878 compatrem
1007 3808 1232 3873 occidit:
1250 3809 1303 3862 in
1321 3810 1736 3880 cujusdomum,

182 3912 236 3950 re
262 3898 500 3951 nondum
528 3900 683 3967 plene
703 3899 940 3969 cognita,
968 3901 1227 3969 perrupit,
1258 3916 1420 3970 quam
1449 3903 1613 3955 etiam
1642 3904 1738 3957 de-

183 3990 374 4042 struxit
402 4007 415 4042 :
449 3998 504 4043 et
530 3998 748 4058 peracto
778 3998 930 4043 tanto
966 3988 1187 4055 scelere,
1217 3991 1271 4043 in
1309 3992 1524 4053 turrim,
1553 4008 1739 4061 quam,

186 4078 385 4133 vivente
431 4089 581 4149 patre
622 4096 724 4135 suo
776 4079 1051 4150 Stephano
1093 4080 1253 4136 Urbis
1294 4080 1572 4147 Prmfecto,
1612 4099 1743 4137 con-

190 4178 469 4233 struxerat,
495 4185 553 4224 se
590 4171 810 4240 recepit.
853 4170 1083 4245 (32)_Ad
1122 4172 1280 4240 cujus
1325 4170 1533 4227 facinus
1564 4174 1741 4227 vindi-

190 4260 406 4314 candum
430 4262 515 4314 vir
542 4260 637 4314 Dei
684 4276 965 4324 accensus,
998 4277 1105 4315 una
1135 4278 1259 4316 cum
1308 4263 1485 4316 adhuc
1531 4264 1743 4317 vivente

192 4347 324 4418 Papa
350 4352 670 4416 Alexandro,
701 4352 1098 4407 maledictionis
1119 4362 1172 4407 ct
1214 4352 1574 4406 anathematis
1617 4368 1741 4407 eum

194 4441 410 4496 vinculis
438 4442 823 4513 alligavit.llle,
850 4443 915 4496 ad
947 4452 1296 4513 augmentum
1324 4458 1435 4497 sua:
1460 4442 1742 4496 confusio-

1835 3256 1939 3317 nis,
1973 3254 2273 3323 ferreisque
2304 3236 2535 3321 malleis,
2570 3256 2817 3314 funditus
2861 3269 2945 3313 cst
2979 3275 3188 3323 eversa,
3229 3266 3283 3313 et
3332 3257 3419 3313 sic

1838 3342 1980 3397 Urbs
2028 3344 2420 3414 aliquantisper
2476 3347 2723 3415 quievit;
2771 3332 2840 3401 et.
2868 3348 3183 3419 iniquorum
3227 3346 3414 3413 factio,

1837 3434 2033 3487 timore
2058 3450 2256 3503 magno
2284 3450 2576 3503 concussa,
2607 3439 2887 3494 conticuit.
2940 3439 3045 3494 Sed
3085 3440 3215 3510 quid
3244 3439 3415 3493 miser

1836 3524 2077 3578 faceret?
2110 3525 2407 3595 Quousque
2443 3529 2641 3595 potuit,
2689 3529 2928 3599 iniquos,
2967 3531 3092 3585 licet
3122 3532 3281 3601 longe
3312 3544 3415 3597 po-

1838 3615 2007 3679 situs,
2041 3624 2150 3668 tam
2203 3631 2299 3683 per
2347 3633 2409 3669 se
2452 3632 2617 3685 quam
2680 3634 2777 3688 per
2815 3634 2946 3674 suos
2986 3621 3207 3674 nuntios
3260 3619 3413 3673 adiit.

1839 3703 1956 3772 Ipse
1990 3705 2235 3759 lustravit
2266 3706 2537 3774 Apuliam,
2581 3707 2896 3771 Lucaniam,
2929 3708 3129 3763 Ducem
3160 3710 3418 3763 Guiscar-

1838 3795 1965 3848 dum
1983 3795 2095 3863 (57)
2108 3804 2161 3849 et
2174 3804 2383 3851 ceteros
2393 3799 2894 3855 excommunicatos
2916 3800 3171 3866 visitans;
3196 3800 3416 3853 statuit-

1838 3901 1945 3953 que
1968 3901 2091 3939 cum
2121 3886 2247 3955 ipsis
2274 3896 2488 3956 tempus
2519 3898 2910 3957 opportunum,
2931 3890 3205 3960 quomodo
3228 3889 3416 3943 Domi-

1840 3991 1969 4028 num
1996 3975 2195 4045 Papam
2218 3988 2431 4045 caperet
2454 3988 2507 4031 et
2540 3980 2807 4033 occideret
2834 3999 2845 4032 :
2882 3979 3053 4034 ﬁlium
3087 3996 3217 4045 vero
3246 3996 3408 4033 suum

1841 4066 1907 4117 ad
1939 4065 2256 4119 Guibcrtum
2289 4063 2599 4121 lizereticu'm
2636 4067 3002 4123 Ravennatem
3037 4068 3148 4139 (58)
3190 4070 3408 4131 direxit,

1842 4158 1980 4211 idem
2008 4166 2223 4226 paetum
2246 4159 2704 4226 compositurum:
2733 4159 2918 4227 sicque
2940 4175 3001 4213 ac
3026 4159 3221 4228 Regem
3246 4160 3411 4212 etiam

1842 4261 1953 4300 suze
1980 4247 2205 4301 fallacia:
2228 4248 2518 4301 destinavit
2548 4249 2775 4312 litteras,
2809 4251 3131 4318 promittens
3162 4250 3415 4303 eumdem

1841 4335 2056 4392 Patrem
2100 4339 2247 4409 regio
2286 4340 2598 4409 conspectui
2627 4341 3145 4409 repra-sentandum.
3178 4341 3417 4407 Compo-

1844 4429 1964 4481 sitis
2024 4430 2205 4498 itaque
2247 4430 2559 4499 hujusmodi
2606 4430 3001 4492 molitionibus,
3068 4430 3133 4483 ad
3199 4438 3411 4496 tempus

196 4532 292 4596 nis,
333 4548 454 4586 ωω
490 4534 815 4602 quibusdam
863 4548 1004 4602 quos
1049 4533 1151 4588 sibi
1203 4533 1489 4596 asciverat,
1524 4531 1743 4587 Nicolao
1777 4521 2081 4589 unievit;
2125 4531 2447 4589 exspectans
2504 4522 2762 4574 nimirum
2822 4520 3282 4589 opportunitatem
3356 4530 3415 4572 ut

196 4622 427 4677 videl'cet
450 4632 502 4677 et
523 4623 866 4686 Berthramo,
896 4624 961 4677 ad
990 4622 1306 4692 perditionis
1329 4624 1519 4686 filium,
1542 4624 1748 4678 scilicet

200 4710 473 4788 Henricum
493 4713 687 4783 Regem
714 4714 1055 4782 properavit;
1082 4722 1155 4781 et,
1191 4714 1594 4768 communicato
1632 4731 1746 4769 ma-

200 4816 306 4870 gna
331 4803 616 4873 impietatis
635 4804 888 4868 consilio,
905 4803 1201 4859 Cadaloum
1228 4803 1574 4859 Parmensem
1599 4806 1742 4876 (55);

264 4950 369 5021 (39.)
386 4952 443 5006 in
472 4952 646 5008 Gestis
670 4953 799 5009 Mss.
823 4953 1148 5009 Pontificum
1172 4970 1344 5022 usque
1366 4955 1432 5007 ad
1457 4953 1745 5009 Martinum

204 5018 387 5092 Eapam
425 5022 490 5092 γε
527 5024 795 5092 deductis,
844 5025 1146 5092 appellatur
1196 5018 1409 5078 (Ie-mins
1462 5023 1744 5091 Stephani;

206 5087 439 5147 Deﬁnitio
457 5090 687 5146 Cincius.
712 5087 931 5146 Nomen
942 5094 1028 5147 hic
1048 5094 1259 5147 videtur
1282 5092 1497 5146 silentio
1525 5087 1743 5157 tectum,

207 5171 407 5230 pmpter
440 5161 718 5225 familiam,
748 5170 803 5215 et
831 5160 1077 5216 Cincium
1110 5161 1430 5218 Prazfcctum
1469 5161 1629 5217 Urbis
1669 5165 1745 5217 vi—

209 5242 319 5300 ratu
341 5231 757 5295 sanctissimum,
794 5231 871 5284 uti
908 5230 1045 5285 infra
1072 5234 1292 5300 patebit.

272 5297 661 5369 (33)}Iadalous
694 5300 993 5369 Episcopus.
1042 5297 1373 5365 Parmensis,
1415 5315 1557 5354 novo
1602 5302 1748 5355 schi-

211 5366 368 5441 smate
378 5366 430 5441 fe
448 5377 567 5441 :mat
581 5383 607 5419 τ
628 5366 973 5441 Pseudopapa
1004 5372 1334 5441 constitutus
1348 5381 1746 5441 est,assumpto

215 5429 420 5490 Honorii
448 5436 511 5489 l‘.
541 5479 553 5488 .
613 5438 774 5500 mine,
798 5429 887 5491 28.
911 5429 1166 5494 Octobris
1198 5456 1343 5493 anno
1378 5429 1533 5492 l06l.

277 5502 382 5573 (54)
418 5505 475 5559 In
507 5505 679 5560 Gestis
718 5504 1085 5563 Romanorum
1115 5509 1434 5564 Pontificum
1460 5525 1488 5561 a
1527 5508 1747 5563 Nicolao

218 5564 776 5649 émm¢sguittcciis
799 5578 937 5649 apud
961 5578 1251 5632 Baronium
1284 5596 1371 5631 an.
1405 5578 1556 5631 106-5.
1593 5596 1740 5631 num.

218 5634 532 5717 δρτδαιξὶιτς
582 5634 1002 5717 μηνίεςιηῑιίαε,
1038 5650 1116 5700 vir
1146 5665 1367 5717 nequam
1397 5657 1443 5699 et
1471 5650 1743 5717 pessimus,

398 5709 517 5764 συί
574 5729 631 5761 ac
668 5704 864 5775 astitit}
892 5704 1102 5786 «ltitique
1132 5720 1184 5769 in
1211 5704 1425 5770 castello
1470 5704 1523 5769 Β.
1563 5704 1746 5780 .inqeli

220 5786 470 5846 We”,
502 5791 839 5842 Inminentem:
876 5788 973 5853 ipsi
1018 5798 1064 5839 et
1103 5788 1451 5855 dcﬁmiuncm
1476 5790 1740 5855 pra‘slilir.

1848 4627 1971 4663 cum
2000 4621 2233 4679 caperet,
2259 4620 2312 4664 et
2338 4612 2651 4680 iniquorum
2676 4612 2872 4679 populo
2899 4610 2964 4662 ad
2988 4610 3287 4662 necandum
3312 4617 3419 4662 tra-

1848 4701 2014 4754 deret.
2068 4700 2172 4754 Sed
2209 4700 2471 4755 Dominus
2496 4701 2861 4769 omnipoteus,
2898 4700 2991 4769 qui
3024 4698 3273 4767 captione
3316 4714 3415 4753 sua

1848 4792 2109 4845 mundum
2146 4792 2381 4845 liberans
2407 4790 2683 4845 diabolum
2712 4792 3024 4861 eaptivavit,
3062 4789 3238 4845 Patris
3260 4789 3416 4843 istius

1918 4945 2031 5013 (55)
2066 4943 2264 4997 Ibidem
2295 4956 2453 4995 num.‘
2472 4942 2557 4995 59.
2581 4943 2719 4996 idem
2742 4942 2990 5013 Nicolaus
3013 4941 3379 5013 Aragunensis
3403 4963 3414 4995 :

1849 5012 1995 5065 Idem
2014 5011 2215 5082 "quoque
2238 5012 2503 5066 Cadulous
2525 5022 2638 5079 post
2661 5029 2853 5078 paucos
2888 5011 2999 5063 dies
3034 5027 3100 5064 ex
3126 5012 3301 5063 divino
3319 5011 3417 5077 jn-

1847 5084 1985 5135 dicio
2013 5084 2289 5151 pessimam
2315 5091 2528 5151 mortem
2560 5082 2802 5151 incurrit.

1918 5147 2029 5219 (56)
2055 5152 2296 5206 Cinthius
2324 5150 2383 5202 D.
2426 5149 2583 5202 Petro
2608 5149 2889 5213 Damiano,
2916 5148 3009 5219 qui
3034 5148 3126 5201 lib.
3160 5148 3214 5201 8.
3254 5147 3411 5215 epist.

1851 5224 1900 5275 1.
1938 5230 1990 5273 et
2023 5222 2074 5273 ‘2.
2114 5236 2238 5273 eum
2266 5221 2467 5272 laudat.

1918 5290 2029 5357 (57)
2064 5290 2315 5341 Robcr'us
2364 5288 2687 5357 Cuisrardus
2735 5282 3410 5357 ΝοιίΙηηιιηηοηρηε-ῡυιε

1847 5354 2345 5431 excomnnm_icai._us
2372 5358 2469 5410 fuit
2500 5375 2527 5410 a
2568 5356 2635 5431 S._
2659 5356 2919 5431 Gregorio
2943 5371 3089 5431 anno
3136 5354 3233 5431 l0?
3248 5354 3293 5431 l,_
3319 5354 3411 5430 sed

1847 5428 2099 5481 Ecclesiae
2132 5428 2390 5481 obediens
2424 5442 2567 5479 anno
2617 5422 2788 5477 1080f
2806 5424 3085 5478 absolutus
3109 5442 3119 5475 :
3143 5422 3217 5473 uti
3244 5422 3411 5489 pluri-

1849 5499 1950 5552 bus
1984 5498 2200 5568 deducit
2225 5496 2507 5568 Baronius,
2542 5496 2605 5568 ad
2630 5495 2813 5568 dictos
2840 5510 3029 5545 annos.
3152 5558 3162 5568 .

1919 5568 2029 5633 (58)
2044 5566 2318 5618 (Suibertus
2331 5568 2369 5617 Α
2380 5565 2757 5631 rchiepiscvpus
2775 5563 3209 5634 Rari'mmueusis,
3224 5564 3409 5634 postea

1850 5628 2132 5703 Antipapa,
2162 5636 2216 5686 ὃ.
2244 5628 2750 5703 ϐτυᾳοι·ἰι›“δυιηήκη·
2789 5631 3035 5693 infestus,
3066 5628 3407 5681 adversarios

1851 5702 2001 5771 fovit,
2025 5702 2075 5758 et
2110 5703 2606 5759 exeonuuunicatus
2629 5702 2747 5756 fuit.
