3902 6406
1868 42 1907 59 ’⁵³-
1984 46 2037 67 ἰ-ι·
2066 48 2323 72 “---.-.-..-.,.

3662 112 3843 319 ίἺ

559 389 626 445 59
1738 401 1796 457 S.
1836 400 2116 463 ϐίη-2608

2219 403 2231 457 i
2270 401 2356 458 VII
2390 403 2585 464 PAPA.
3679 418 3736 470 ευ
3836 360 3841 383 Ι

552 504 800 572 captione
827 515 880 559 ct
899 508 1180 576 sanguine,
1212 508 1464 564 Ecclesiae
1485 519 1689 565 ﬂatum
1713 514 1765 566 in
1783 513 1976 567 melius
1995 527 2115 581 pro-
2141 516 2188 573 Α
2211 527 2420 582 pusque
2438 513 2790 570 .Dominieum
2816 525 2923 570 tam
2956 517 3070 586 ipse
3124 533 3289 587 quam
3309 519 3498 576 Clerus
3525 525 3641 591 ejus
3659 540 3736 577 su-

553 595 725 658 vexit;
754 605 803 648 et
835 597 1003 650 filium
1029 598 1327 667 iniquitatis
1350 615 1456 653 non
1480 603 1857 672 soluuLpuero
1887 620 1989 659 suo
2013 618 2112 657 uo-

553 698 674 737 cere
709 685 1001 752 prohibuit,
1027 688 1123 740 sed
1151 690 1313 742 etiam
1339 692 1574 758 propriis
1599 694 1761 748 rebus
1789 695 2037 762 privavit.

622 772 708 825 41.
743 772 1003 843 Prolapso
1049 777 1229 847 itaque
1270 778 1382 834 fere
1426 796 1591 847 anno,
1637 784 1874 840 ministri
1909 786 2111 841 diaboli

553 868 764 929 tempus
790 864 1022 920 advenit.
1054 865 1210 931 Nam,
1243 868 1479 923 instante
1509 870 1797 928 festivitate
1821 874 2112 933 Dominicae

552 946 881 1018 Nativitatis,
915 957 1316 1024 conspiraturcs
1342 975 1494 1025 suos,
1524 978 1648 1016 cum
1691 965 1890 1032 quibus
1915 969 2109 1035 conju-

552 1050 783 1106 raverat,
807 1043 1007 1098 hortari
1033 1048 1192 1114 euepit
1247 1058 1305 1107 ut
1328 1051 1393 1103 ad
1419 1060 1627 1106 tantum
1647 1053 1908 1123 flagitium
1934 1067 2111 1113 mente

552 1132 786 1199 prompti
825 1146 1229 1201 concurrerent,
1260 1141 1610 1210 animamque
1659 1153 1936 1211 aptarcnt;
1980 1163 2109 1215 pro—

504 1294 509 1299 ,
553 1217 771 1275 mittens
796 1223 877 1277 eis
906 1225 1213 1293 ineffabilia,
1242 1230 1541 1285 libertatem
1569 1233 2107 1304 futuram,qu:estum

552 1307 669 1360 sine
703 1325 977 1379 mensura,
1001 1316 1241 1372 imitator
1258 1335 1354 1390 per
1374 1323 1554 1375 omnia
1585 1321 1768 1378 fratris
1793 1335 1847 1379 ct
1867 1316 2108 1397 magistri

551 1397 635 1448 sui
661 1398 884 1468 diaboli;
924 1405 1018 1472 qui
1057 1408 1225 1462 solius
1267 1421 1438 1465 morte
1466 1411 1682 1468 Domini
1710 1431 1838 1469 mun
1861 1417 1969 1472 tum
2005 1421 2108 1474 sil.i

551 1493 724 1542 totum
778 1488 1553 1567 possilendumpromittebat.
1613 1502 1741 1569 Sed,
1789 1507 1930 1561 sicut
1970 1511 2107 1563 scri-

552 1585 702 1644 ptum
724 1590 807 1633 cst
832 1623 846 1645 ,
869 1583 996 1637 dum
1029 1588 1193 1655 capit,
1215 1591 1457 1658 capitur;
1486 1593 1614 1647 dum
1639 1597 1866 1663 pnedari
1900 1592 2106 1668 incipit,

548 1670 727 1734 prmia
756 1672 849 1736 lit;
895 1681 949 1727 et
982 1675 1110 1730 dum
1137 1681 1306 1733 ambit
1339 1682 1521 1736 illicita
1560 1700 1682 1753 qum
1708 1688 1948 1743 nondum
1978 1704 2107 1757 pos-

553 1757 785 1823 sederat,
801 1763 1030 1830 perdidit
1055 1769 1320 1836 acquisita
1346 1786 1469 1840 qua:
1493 1775 1776 1829 retinebat.
1830 1776 1918 1832 Sic
1942 1780 2106 1833 etiam

547 1845 670 1911 iste,
700 1850 949 1907 minister
970 1857 1154 1925 utique
1196 1858 1360 1924 illius,
1400 1864 1447 1915 si
1474 1866 1636 1918 corde
1663 1866 2108 1935 deprehendisset

547 1950 619 2022 se.
633 1940 797 1993 tantis
828 1943 990 1997 rebus
1014 1947 1416 2016 expoliamlum,
1448 1954 1681 2016 fortasse
1706 1970 1929 2026 quoquo
1948 1943 2106 2027 pacto

546 2040 577 2077 a
608 2029 740 2081 tanti
771 2032 989 2087 sceleris
1023 2041 1432 2106 perpetratione,
1461 2057 1646 2098 amore
1679 2061 1901 2101 suarum
1925 2065 2107 2106 rerum

546 2118 722 2187 magis
763 2136 927 2189 quam
965 2123 1078 2188 Dei,
1114 2144 1333 2183 nuntium
1365 2134 1678 2188 retraheret.
1712 2136 1815 2191 Sed
1847 2141 2105 2208 quoniam

544 2206 838 2265 obcmcavit
862 2228 987 2267 eum
1013 2217 1217 2272 malitia
1253 2237 1373 2285 sua,
1398 2237 1506 2292 qua
1541 2206 1924 2285 sull'arebiatus
1956 2231 2107 2285 ince-

544 2297 727 2365 debat,
761 2317 873 2357 rem
905 2305 971 2360 ad
995 2305 1243 2363 effectum
1269 2313 1560 2381 perducere
1589 2327 1818 2374 conatus
1862 2329 1973 2386 est;
2000 2337 2110 2381 non

547 2388 769 2480 timens,
805 2393 917 2449 imo
947 2407 1287 2468 postponens
1310 2405 1504 2480 anima:
1528 2422 1642 2461 suae
1664 2408 1962 2477 periculum
1986 2430 2000 2477 ;
2031 2413 2111 2467 al—

546 2487 630 2532 ter
652 2479 838 2548 Judas,
880 2501 1073 2542 manus
1125 2489 1179 2544 in
1216 2490 1504 2550 Dominum
1547 2513 1706 2552 suum
1737 2508 1793 2553 et
1832 2499 2110 2558 Christum

546 2566 764 2656 Domini
808 2575 1010 2645 injecit.
1054 2579 1328 2637 Prresente
1374 2585 1564 2656 itaque"
1595 2596 1757 2644 tantae
1805 2589 2112 2650 festivitatis

547 2659 637 2714 die
669 2654 737 2716 ad
782 2669 1145 2737 peragendum
1192 2654 1511 2743 Vigiliarum
1553 2678 1811 2749 obsequia
1842 2679 2110 2751 Pontifex,
2160 2679 2168 2684 ’

548 2758 609 2805 ut
632 2767 751 2808 mos
778 2764 882 2823 est,
924 2758 990 2814 ad
1016 2760 1075 2814 Β.
1111 2760 1295 2818 Mariae
1318 2767 1624 2833 ecclesiam,
1657 2786 1801 2839 quae,
1833 2777 1913 2826 oo“
1932 2781 2113 2829 tanta-

549 2857 672 2897 rum
720 2844 1068 2906 devotionum
1125 2853 1338 2920 merita,
1378 2855 1560 2928 Major
1602 2871 1792 2917 vocata
1837 2872 1941 2929 est,
1987 2881 2113 2923 cum

549 2947 717 3026 parvo
744 2935 1078 2996 Clericorum
1109 2952 1164 2997 et
1193 2943 1480 3004 Laicorum
1526 2966 1754 3026 numero
1784 2968 2110 3024 properam.

553 3023 690 3080 Nam
718 3044 837 3084 mos
861 3028 1022 3087 Urbis
1052 3030 1229 3089 fuerat
1263 3051 1494 3106 semper,
1527 3041 1583 3095 in
1618 3023 1783 3097 tantm
1803 3023 2115 3107 solemnita-

2212 612 2489 671 sceperat;
2526 604 2718 672 reliqui
2765 620 2891 659 vero
2932 607 3025 674 qui
3059 606 3303 672 aderant,
3343 610 3528 664 eadem
3578 613 3738 667 adhuc

2213 689 2560 747 Sacramenta
2589 693 2982 763 percipiebant;
3011 710 3135 749 cum
3172 713 3401 767 magnus
3429 700 3607 754 subito
3639 703 3738 755 cla-

2210 776 2351 847 mor,
2380 798 2610 853 magnus
2650 792 2705 836 et
2738 784 2973 840 ululatus
3003 801 3069 838 ex
3101 787 3394 854 improviso
3417 788 3664 856 intonuit,
3694 802 3739 846 ct

2209 872 2493 927 ecclesiam
2518 874 2690 942 ipsam
2725 873 2980 943 implevit.
3018 874 3169 937 Tunc
3205 877 3440 946 undique
3468 878 3740 934 lustrantes

2208 963 2516 1029 ecclesiam,
2547 964 2844 1033 cvaginatis
2869 966 3219 1020 mucronibus
3243 967 3598 1034 percutientes
3618 984 3741 1038 quas

2210 1062 2477 1121 poterant,
2507 1055 2575 1107 ad
2601 1054 2779 1107 locum
2812 1053 3083 1122 Praescpii,
3111 1071 3221 1123 quo
3243 1054 3388 1116 Papa
3412 1058 3641 1112 eximius
3666 1075 3741 1111 re-

2209 1143 2437 1208 sidebat,
2459 1152 2825 1198 convenerunt
2854 1162 2867 1197 :
2894 1147 3272 1215 percussisque
3295 1145 3489 1213 ibidem
3514 1147 3745 1215 aliquan-

2209 1233 2300 1298 tis,
2333 1236 2613 1304 ruptis’que
2652 1233 2862 1289 ostioiis
2898 1234 3023 1301 illis,
3062 1236 3318 1304 angulum
3358 1236 3575 1290 brevem
3612 1236 3745 1291 Prm-

2208 1325 2342 1393 sepii
2385 1325 2573 1378 interni
2623 1324 2784 1403 Regis
2823 1333 2878 1378 et
2927 1323 3113 1378 Matris
3153 1325 3470 1379 truculentis
3511 1310 3747 1380 ntatzibus

2208 1416 2564 1469 intraverunt.
2599 1415 2751 1471 Tunc
2776 1414 3074 1484 injccerunt
3106 1415 3161 1468 in
3196 1429 3321 1468 eum
3344 1430 3557 1478 manus,
3577 1423 3648 1469 .et
3678 1417 3749 1469 te-

2209 1517 2460 1560 nuerunt.
2519 1506 2763 1572 Quorum
2804 1521 2946 1559 unus
2983 1506 3177 1559 educto
3218 1505 3392 1574 gladio
3435 1512 3597 1574 caput
3642 1505 3749 1573 ejus

2208 1597 2521 1651 abscindere
2564 1597 2753 1660 voluit,
2789 1596 2885 1649 sed
2913 1603 3091 1648 tamen
3139 1593 3368 1647 Domino
3402 1593 3615 1648 volente
3651 1609 3750 1648 non

2207 1686 2400 1756 potuit.
2453 1684 2780 1739 l‘ercussum
2828 1692 3009 1738 tamen
3062 1685 3117 1737 in
3168 1682 3379 1748 fronte,
3422 1683 3753 1751 graviterque

2210 1776 2571 1841 vulneratum,
2604 1776 2671 1829 de
2710 1774 2870 1830 Missa
2906 1775 3148 1828 nondum
3189 1772 3340 1826 finita
3375 1772 3624 1827 violentis
3648 1786 3754 1826 ma-

2209 1866 2368 1919 nibus
2409 1866 2821 1931 abstraxerunt,
2865 1865 3131 1919 candentes
3170 1872 3225 1915 et
3251 1863 3631 1931 percutientes.
3671 1860 3754 1916 llle

2206 1969 2354 2033 νέῳ,
2393 1966 2453 2009 ut
2489 1972 2661 2025 agnus
2689 1956 2952 2010 innocens
2993 1963 3048 2008 ct
3095 1962 3430 2017 mansuetas,
3467 1952 3535 2006 ad
3569 1952 3755 2006 coelum

2205 2046 2393 2100 oculos
2430 2046 2670 2115 erigens,
2719 2045 2925 2099 nullum
2972 2046 3052 2099 eis
3092 2044 3239 2098 dedit
3268 2057 3626 2111 responsum,
3657 2054 3756 2095 non

2206 2135 2541 2199 reclamavit,
2570 2150 2679 2187 non
2710 2134 3003 2187 reluctatus
3032 2141 3138 2197 est,
3161 2148 3338 2202 neque
3359 2142 3419 2187 ut
3447 2132 3552 2187 sibi
3586 2132 3642 2186 in
3668 2130 3766 2183 ali?

2206 2240 2317 2294 quo
2351 2218 2683 2279 miserentur
2715 2225 2942 2294 rogavit.
2973 2223 3475 2288 Tandem,exutum
3508 2222 3680 2275 Pallio
3710 2228 3760 2274 et

2206 2314 2406 2368 Casula
2437 2329 2530 2368 seu
2563 2313 2857 2368 Dalmatica
2887 2321 2943 2368 et
2965 2312 3171 2368 Tunica
3192 2328 3318 2367 cum
3353 2311 3616 2374 Camisia,
3642 2310 3760 2364 reli-

2209 2404 2311 2459 ctis
2347 2404 2397 2457 ei
2429 2412 2639 2457 tantum
2673 2405 2876 2457 amictu
2919 2411 2974 2458 et
3013 2404 3175 2468 stola,
3212 2411 3273 2456 ut
3311 2400 3486 2456 finem
3511 2408 3760 2466 tractum,

2209 2502 2333 2564 post
2356 2496 2578 2550 dorsum
2595 2494 2876 2564 cujusdam
2899 2494 3147 2565 sacrilegi
3171 2500 3488 2563 posuerunt.
3504 2490 3600 2545 Ille
3619 2505 3757 2553 vero,

2211 2584 2305 2654 qui
2335 2580 2565 2639 frontem
2587 2586 2764 2656 gladio
2788 2592 3150 2654 percusserat,
3169 2591 3417 2652 arreptus
3433 2579 3760 2645 adaemonio,

2211 2684 2336 2731 ante
2361 2665 2606 2744 eiusdem
2636 2675 2879 2729 ecclesize
2907 2676 3107 2729 atrium
3127 2674 3220 2730 diu
3241 2674 3515 2728 volutatus
3538 2681 3625 2727 est
3645 2687 3762 2741 spu-

2210 2780 2393 2833 mans,
2424 2779 2705 2836 equusque
2732 2764 2853 2834 ejus
2900 2763 3115 2835 fugiens
3154 2779 3498 2835 nequaquam
3545 2762 3763 2817 ulterius

2212 2855 2463 2911 'mventns
2482 2862 2587 2910 est.

2282 2946 2371 3000 45.
2405 2943 2565 3000 Tanti
2601 2944 2747 3001 fama
2775 2944 2905 3010 mali
2930 2953 3100 3001 totam
3143 2945 3257 3000 cito
3276 2942 3505 3014 perculit
3549 2940 3760 2998 Urbem.
3845 2955 3848 3090 |

2282 3037 2349 3090 iis
2378 3051 2617 3090 unuuam
2641 3045 2789 3090 tanta
2812 3035 3053 3090 ﬂentium
3078 3042 3339 3090 tantaque
3367 3031 3619 3090 funebria
3647 3046 3766 3086 nar-

2213 3033 2349 3102 Quis
2378 3051 2617 3105 unquam
2641 3045 2789 3093 tanta
2812 3035 3053 3091 ﬂentium
3078 3042 3339 3105 tantaque
3367 3031 3619 3122 funebria
3647 3046 3766 3122 nar:-

554 3116 624 3172 tis
648 3120 982 3189 excellentia,
1010 3138 1200 3182 omnes
1223 3127 1289 3182 ad
1308 3131 1552 3185 eamdem
1573 3133 1856 3189 ecclesiam
1879 3137 2116 3193 conflue-

2219 3140 2339 3180 rare
2358 3126 2596 3180 lamenta
2637 3126 2865 3195 poterit?
2899 3124 3053 3180 Sient
3076 3126 3222 3180 enim
3256 3125 3324 3180 de
3347 3116 3566 3179 Domini
3603 3119 3764 3177 nostri

555 3223 633 3267 re.
659 3217 939 3281 totamque
968 3222 1181 3268 noctein
1224 3217 1368 3271 illam
1401 3220 1617 3290 hymnis
1655 3232 1714 3276 et
1739 3224 1986 3281 laudibus
2028 3228 2126 3282 in--

555 3305 736 3358 tentus
758 3303 1067 3372 pervigilem
1094 3304 1309 3361 ducere.
1341 3307 1466 3376 Sed,
1504 3309 1736 3366 Domino
1776 3314 2115 3383 disponente,

556 3387 624 3442 ad
652 3390 957 3447 evitandam
989 3403 1193 3450 tantam
1233 3400 1519 3455 ecclesiam
1551 3402 1684 3456 tanti
1721 3401 1962 3460 Pastoris
1991 3421 2118 3462 san-

556 3477 718 3543 guine
745 3482 996 3550 perfundi
1020 3527 1036 3545 .
1068 3494 1127 3539 ut
1158 3488 1390 3544 ministri
1411 3491 1613 3548 diui-soli
1639 3488 1875 3554 animus.
1903 3497 2120 3555 inhians

558 3570 642 3622 sui
676 3571 742 3625 ad
773 3571 1222 3645 destwctiuncm,
1259 3596 1382 3650 quae
1416 3583 1556 3637 male
1597 3585 1843 3638 voluerat
1864 3588 2119 3655 perﬁcere

560 3663 753 3730 possit,
792 3667 1021 3736 populus
1055 3678 1184 3724 tunc
1222 3674 1511 3727 convenire
1543 3674 1848 3744 prohibitus
1875 3686 1978 3731 est.
2007 3677 2118 3733 Diei

558 3766 792 3821 namque
844 3757 963 3825 ipso
1006 3757 1323 3833 Vigiliarum
1380 3772 1585 3817 tantam
1631 3767 1800 3821 aither
1850 3782 2117 3837 aquarum

558 3840 966 3930 inundationem
996 3848 1332 3930 profuderat,
1366 3862 1425 3906 ut
1459 3853 1637 3922 ipsum
1672 3856 1841 3924 primi
1863 3860 2121 3927 temporis

560 3928 841 3989 imminere
871 3936 1133 3993 diluvium
1181 3928 1436 3998 omnibus
1485 3944 1777 4000 videretur.
1828 3946 1929 4002 Vix
1975 3949 2121 4003 enim
2167 3947 2173 3958 ’

560 4022 759 4092 aliquis
802 4025 998 4084 domus
1028 4045 1141 4086 suae
1186 4032 1352 4087 limen
1399 4033 1667 4103 linquere,
1713 4037 1985 4109 vicinique
2017 4040 2122 4095 sibi

555 4114 733 4183 juncti
759 4122 965 4185 casam,
991 4121 1038 4176 si
1072 4124 1366 4201 necessitas
1396 4125 1576 4194 aliqua
1601 4127 1857 4196 exigeret,
1898 4129 2121 4197 intrare,

561 4221 630 4260 ne
663 4207 793 4261 dum
819 4210 1104 4267 ecclesiam
1139 4223 1248 4269 tam
1287 4215 1446 4286 longe
1475 4215 1635 4271 sitam
1699 4226 1983 4287 penetrare
2025 4234 2117 4275 va-

563 4298 725 4356 lebat.
764 4301 1152 4374 Loquebantur
1191 4306 1339 4360 enim
1363 4307 1767 4375 quodammodo
1799 4310 1986 4366 mundi
2010 4310 2123 4366 ele-

564 4402 743 4448 menta
778 4394 1020 4451 futurum
1055 4395 1253 4462 scelus,
1276 4405 1331 4450 et
1361 4395 1662 4452 inauditum
1685 4396 1897 4457 facinus
1924 4414 2126 4471 praesa—

564 4482 803 4553 giebant.
970 4553 974 4556 ἠ
1370 4544 1377 4549 γ

631 4575 719 4629 42.
760 4574 865 4630 Sed
898 4576 1028 4646 quid
1053 4575 1247 4645 plura?
1274 4576 1441 4631 Adest
1468 4593 1599 4641 nox,
1635 4578 1690 4633 in
1730 4594 1840 4649 qua
1871 4579 2124 4636 tenebra-

564 4681 684 4744 rum
711 4668 853 4721 filius
875 4667 1014 4723 lucis
1039 4666 1347 4738 aggreditur
1366 4668 1698 4724 ministrum.
1733 4668 1915 4726 Missis
1944 4673 2127 4742 itaque

494 4798 502 4806 .
561 4758 993 4829 exploratoribus
1025 4759 1094 4813 ad
1117 4758 1253 4815 alios
1286 4758 1648 4829 exquisitores
1670 4768 1936 4815 venerunt
1961 4780 1975 4816 :
2000 4777 2126 4816 nam

565 4851 857 4920 quamdam
904 4849 1235 4913 societatem,
1269 4850 1422 4918 juxta
1452 4851 1698 4906 eamdem
1731 4852 2037 4919 ecclesiam,
2061 4867 2127 4907 ex

567 4942 738 5014 ipsius
759 4943 863 4997 vici
889 4942 1284 4998 habitatoribus
1305 4941 1407 4997 sibi
1433 4942 1759 4996 asciverant:
1784 4953 1857 5007 et,
1881 4953 2129 4998 notantes

568 5034 772 5099 omnia,
816 5033 883 5087 a-l
930 5034 1176 5087 notitiam
1225 5033 1437 5088 scelesti
1486 5033 1631 5088 illius
1683 5032 1941 5086 miserant
2009 5048 2131 5101 qua:

526 5166 529 5168 -
568 5126 794 5181 scrutati
827 5123 1061 5179 fuerant.
1100 5120 1255 5178 Tunc
1283 5125 1371 5179 ille
1414 5124 1681 5194 legionem
1725 5138 1901 5188 suam,
1949 5123 2131 5178 loricis

570 5215 844 5279 indutam,
885 5230 1010 5270 cum
1056 5214 1403 5269 festinatione
1448 5214 1738 5280 conduxit;
1781 5231 1990 5285 ponens
2032 5214 2131 5278 ita,

571 5311 634 5359 ut
665 5314 789 5375 post
821 5313 1094 5374 peractam
1138 5305 1252 5361 sive
1283 5305 1352 5360 de
1387 5320 1520 5359 nece
1565 5305 1873 5369 victoriam,
1922 5321 2018 5360 seu
2043 5304 2132 5369 ~de

570 5397 697 5449 vivo
727 5381 940 5466 portato
968 5396 1325 5465 triumphum,
1347 5390 1754 5467 quemcumque
1776 5410 1974 5463 equum
2009 5394 2133 5464 quis

574 5487 772 5541 habere
818 5495 1020 5561 posset,
1065 5486 1381 5542 ascenderet
1424 5506 1437 5542 :
1472 5503 1542 5541 ne
1587 5486 1711 5556 quis
1749 5493 1936 5538 contra
1987 5486 2135 5553 ipsos

575 5577 925 5631 meditaretur
950 5578 1246 5648 insurgere.
1274 5575 1505 5632 Ventum
1524 5579 1736 5632 tandem
1769 5576 1836 5630 ad
1850 5575 2132 5630 ecclesiam

575 5677 657 5719 cst
686 5687 698 5720 :
733 5667 876 5735 Papa
901 5682 1026 5721 vero
1049 5667 1320 5737 gloriosus
1348 5668 1400 5721 in
1425 5667 1655 5736 Praesepi
1679 5667 1887 5735 positus
1914 5663 2131 5720 Missam

579 5756 752 5811 nm-tis
788 5757 1036 5826 primam,
1059 5758 1209 5834 sicut.
1230 5758 1387 5817 docet
1411 5757 1618 5828 religio,
1638 5758 1988 5819 deeantabat;
2015 5771 2136 5809 eor-

2212 3212 2441 3269 Nativita
2450 3224 2501 3269 te
2533 3214 2675 3272 Urbs
2708 3215 2905 3272 ceteris
2941 3215 3252 3270 civitatibus
3283 3214 3447 3268 altius
3480 3204 3765 3293 congratu-

2212 3304 2316 3358 lari
2341 3306 2505 3359 solita
2522 3304 2728 3373 fuerat;
2762 3307 2844 3362 sic
2865 3305 3028 3361 modo
3046 3313 3340 3369 commota,
3369 3292 3650 3357 tristitiam
3669 3298 3769 3353 sibi
3845 3263 3848 3342 ‘

2214 3407 2324 3449 non
2336 3393 2606 3451 modicam
2622 3396 2905 3452 advenisse
2928 3395 3314 3464 proclamabat.
3333 3392 3561 3462 Expavit
3573 3382 3769 3460 pariter
3844 3388 3848 3455 Ι

2215 3485 2333 3539 hoc.
2355 3484 2557 3541 factum
2595 3488 2791 3544 cmlum
2835 3494 2886 3542 et
2916 3496 3086 3553 terra,
3122 3498 3177 3543 et
3215 3487 3281 3543 ad
3309 3489 3520 3542 tantum
3564 3484 3770 3540 facinus
3842 3472 3845 3561 ll

2217 3574 2599 3629 vindicandum
2660 3577 2824 3632 corda
2874 3585 3247 3646 prmparantur
3299 3576 3566 3631 omnium.
3623 3575 3769 3629 Tunc

2217 3581 2599 3629 vindicandum
2660 3581 2824 3632 corda
2874 3585 3247 3646 prmparantur
3299 3581 3566 3631 omnium.
3623 3581 3769 3629 Tunc

2217 3664 2496 3734 impletum
2546 3674 2632 3721 est
2685 3668 2831 3736 quod
2877 3666 3082 3721 dictum
3124 3674 3209 3723 est
3252 3682 3349 3737 per
3407 3666 3767 3736 Prophetam:
3844 3581 3848 3773 Ι

2224 3775 2243 3807 ι
2280 3755 2404 3811 Dies
2428 3755 2553 3812 festi
2583 3754 2747 3813 vestri
2770 3765 3153 3813 convertentur
3178 3758 3235 3812 in
3257 3757 3701 3811 lamentationem
3723 3762 3772 3809 et
3844 3754 3845 3805 1

2218 3846 2443 3911 luctum,
2468 3856 2525 3901 ct
2547 3849 2801 3917 gaudium
2824 3857 3066 3902 vestrum
3091 3848 3146 3902 in
3162 3848 3435 3917 planctum
3455 3866 3475 3897 ι
3506 3845 3664 3916 (Τοῦ.
3692 3845 3769 3911 ιι.)

2222 3935 2287 3990 Et
2317 3937 2477 3990 illud:
2504 3936 2761 3993 «Plorans
2774 3937 3007 4008 ploravit
3028 3938 3084 3990 in
3111 3945 3291 4002 nocte,
3307 3944 3360 3990 et
3384 3929 3642 4004 lacrymte
3662 3932 3773 4001 ejus

2220 4028 2278 4083 in
2311 4027 2545 4084 maxillis
2580 4028 2700 4099 ejus
2735 4048 2747 4083 :
2787 4043 2895 4083 non
2944 4036 3027 4083 est
3070 4026 3166 4097 qui
3205 4025 3520 4081 consoletur
3559 4040 3684 4080 eam
3714 4038 3774 4077 ex

2222 4120 2478 4172 omnibus
2507 4120 2650 4173 caris
2672 4118 2792 4189 ejus
2820 4137 2838 4169 ›
2858 4118 3072 4188 (Thren.
3095 4117 3169 4187 ἰ.)
3200 4115 3355 4171 Tunc
3374 4122 3565 4170 sancta
3593 4114 3773 4170 Eccle-

2224 4207 2303 4262 sia
2332 4206 2427 4262 Dei
2449 4207 2661 4263 dicebat
2685 4226 2697 4262 :
2742 4225 2762 4261 ‹
2789 4206 2923 4274 Quis
2956 4208 3107 4263 dabit
3128 4206 3294 4276 capiti
3323 4220 3447 4260 meo
3480 4220 3709 4274 aquam,
3728 4210 3777 4257 et
3844 4208 3845 4217 ‘

2224 4299 2398 4355 oculis
2427 4299 2561 4355 meis
2596 4297 2799 4354 fontem
2839 4288 3228 4369 lacrymarum,
3249 4303 3305 4350 et
3327 4293 3556 4364 plorabo
3592 4295 3683 4349 die
3720 4307 3778 4347 ac

2226 4389 2422 4445 nocte?
2448 4407 2467 4440 ι
2505 4387 2678 4458 (Hier.
2704 4389 2805 4459 is.)
2836 4388 2901 4443 Et
2932 4388 3062 4442 illud
3092 4405 3105 4441 :
3131 4384 3347 4451 Audite,
3373 4370 3628 4452 obsecro,
3660 4385 3777 4439 uni-

3842 3901 3848 4105 Α

3842 4221 3848 4436 1

2155 4491 2199 4545 ι)
2222 4479 2363 4535 versi
2392 4476 2597 4549 populi,
2632 4487 2689 4534 et
2708 4479 2880 4533 videte
2910 4478 3150 4533 dolorem
3172 4491 3372 4532 meum.
3407 4474 3584 4541 Tunc,
3607 4475 3778 4529 omnis

2229 4572 2459 4627 maritus
2507 4571 2737 4640 sumpsit
2784 4570 3108 4634 tamentam;
3157 4575 3213 4623 et
3255 4581 3377 4635 quae.
3427 4565 3694 4620 sedebant
3730 4565 3781 4618 in

2230 4673 2351 4718 toro
2385 4662 2639 4727 maritali,
2676 4661 2948 4731 lugebant.
3008 4655 3199 4710 Omnis
3222 4654 3410 4725 itaque
3429 4653 3647 4721 Clerus,
3685 4654 3780 4708 Pa-

2230 4762 2376 4809 store
2401 4752 2817 4820 percusso,‘huc
2862 4749 3094 4818 illucque
3122 4746 3478 4811 discurrebat,
3511 4755 3568 4800 et
3593 4755 3784 4801 cuncta

2230 4858 2366 4914 pene.
2406 4842 2599 4897 altaria
2651 4847 2912 4897 exeuntes
2955 4838 3318 4893 denudabant.
3370 4833 3517 4888 Nihil
3566 4834 3782 4895 alicubi,

2231 4942 2424 5004 prmter
2453 4933 2597 5003 quod
2626 4940 2751 4986 ante
2778 4931 2980 4986 dictum
3011 4927 3206 4992 fuerat,
3247 4926 3300 4981 in
3331 4922 3581 4979 ecclesiis
3621 4920 3785 4978 divini

2232 5023 2399 5079 Oliicii
2429 5024 2520 5078 illo
2539 5022 2626 5078 die
2652 5022 2851 5077 factum
2881 5018 3000 5072 fuit.
3023 5015 3296 5072 Elementa
3326 5014 3530 5078 tamen,
3562 5012 3635 5065 ad
3657 5021 3787 5066 tein-

2234 5131 2337 5185 pus
2366 5103 2539 5184 usque
2563 5113 2692 5167 illud
2720 5110 2955 5175 turbata,
2985 5124 3054 5163 ne
3085 5106 3345 5178 pupulum
3380 5102 3655 5157 zelantem
3693 5100 3788 5155 Do-

2236 5206 2369 5260 mini
2419 5205 2594 5259 zelum
2648 5200 3033 5271 prmpedircnt,
3086 5204 3278 5267 pacata
3325 5193 3787 5248 monstrabantur.

2237 5294 2400 5350 Terra
2428 5309 2560 5349 vero
2592 5307 2789 5361 aquam
2830 5305 2967 5360 pene
2994 5294 3270 5350 cunctam,
3297 5296 3461 5352 quam
3498 5283 3676 5338 nimia
3716 5282 3793 5337 in-

2237 5386 2532 5440 undatione
2553 5383 2906 5446 sustinuerat,
2942 5375 3260 5441 absorbens,
3300 5375 3496 5427 iterum
3529 5372 3795 5447 quodam-

2239 5478 2400 5532 modo
2420 5476 2624 5532 siccum
2648 5474 2715 5528 ad
2745 5474 2849 5526 hoc
2868 5468 3121 5523 omnibus
3141 5463 3510 5521 ulciscendum
3537 5461 3790 5517 ostendit.

2241 5568 2375 5622 Tota
2407 5569 2589 5636 itaque
2619 5572 2775 5618 nocte
2800 5559 2972 5630 signis
2997 5558 3250 5639 tubisque
3280 5549 3631 5619 sonantibus,
3656 5549 3797 5608 mili-

2240 5660 2490 5727 tibusque
2512 5670 2701 5710 omnes
2732 5652 2912 5707 aditus
2938 5645 3314 5707 lustrantibus,
3348 5655 3417 5696 ne
3444 5640 3637 5711 aliquo
3674 5654 3797 5711 por-

2242 5758 2447 5805 taretur
2470 5757 2619 5802 extra
2645 5744 2842 5800 l'rbem
2870 5740 3104 5811 ingenio,
3134 5734 3341 5790 nullum
3370 5745 3610 5802 usquam
3642 5728 3798 5787 vesti
