3902 6350
1092 349 1616 408 PROLEGOMENA.
1648 377 1713 386 -ρ
1739 343 1916 400 ACTA
1947 350 2000 403 S.
2035 352 2376 409 GlllitiOlill.

3277 365 3347 421 62

119 450 264 522 'iium
288 447 459 519 patuit
489 467 502 500 :
548 448 692 502 s‘ane
723 464 785 503 re
812 447 970 501 dubia
996 447 1352 513 omnibusque
1383 439 1684 512 ignoranti-
1716 438 1758 492 Α
1785 440 1850 492 ad
1903 450 2099 496 terram
2152 433 2470 501 morientem
2523 449 2980 521 palpitantemque
3030 459 3356 522 prostravit,-

119 549 211 594 bus
260 549 440 592 utrum
466 540 630 592 vivus
658 554 731 592 an
759 545 1004 590 mortuus
1045 544 1208 598 esset,
1233 535 1430 603 pOpulo
1453 547 1679 600 congre-

120 641 230 697 gato
255 629 306 680 in
329 628 632 696 Capitolio,
668 627 1031 698 referentibus
1089 626 1414 696 quibusdam
1447 621 1681 676 innotuit

118 717 247 788 quod
274 718 324 770 in
354 718 598 786 quadam
637 719 777 770 turri
805 727 994 786 captus
1007 724 1294 770 teneretur.
1313 714 1464 770 Tunc
1490 728 1679 774 omnes

118 795 287 876 gentes
313 809 486 862 tulere
507 823 683 862 voces
707 808 776 861 ad
805 809 998 861 sidera.

179 899 261 951 li.
305 897 533 961 Verum,
573 899 672 950 ubi
712 899 960 966 primum
984 897 1096 950 dies
1133 897 1292 956 terris
1322 907 1414 950 est-
1452 895 1676 956 reddita,

117 1003 293 1055 omnes
331 989 474 1041 inter
511 1005 575 1042 se
616 989 899 1042 hortantes
942 987 1120 1056 populi
1159 987 1576 1043 innmnerabiles
1611 986 1678 1038 ad

117 1077 322 1132 domum
351 1079 685 1134 Antichristi
723 1087 1001 1132 venerunt.
1048 1077 1263 1145 luet-pta
1288 1078 1468 1145 itaque
1499 1091 1676 1144 pugna

117 1177 226 1222 est:
264 1169 352 1222 sed
379 1170 563 1236 primo
588 1184 888 1238 congressu
923 1183 1048 1237 pars
1080 1168 1293 1221 hostilis
1323 1165 1504 1236 fugam
1542 1166 1678 1218 arri-

118 1258 242 1326 puit,
275 1259 565 1327 omnisque
601 1259 771 1313 factio
801 1260 855 1311 in
887 1259 1072 1311 eadem
1116 1273 1173 1312 sc
1209 1257 1345 1310 turri
1389 1256 1673 1310 conclusit.

119 1347 256 1402 Tunc
279 1349 422 1402 omni
452 1357 615 1416 parte
646 1350 860 1402 vallata:
880 1349 1017 1417 ignis
1043 1348 1321 1415 appositus
1347 1355 1448 1410 est,
1473 1347 1678 1400 allatis-

118 1453 212 1506 que
233 1439 497 1492 machinis
521 1449 578 1491 et
620 1440 900 1504 arietibus,
934 1439 1201 1506 rumpitur
1224 1454 1432 1502 murus,
1455 1447 1678 1490 cuncta-

117 1544 210 1595 qtie
234 1529 358 1582 inibi
381 1531 648 1583 conclusa
687 1532 746 1584 tit
788 1529 996 1584 Domini
1044 1528 1242 1597 populo
1271 1529 1469 1597 praeda.
1509 1526 1677 1580 Nemo

116 1633 259 1671 suum
287 1621 594 1689 periculum
630 1621 855 1685 vitabat,
885 1621 978 1675 sed
1018 1619 1102 1673 sui
1145 1620 1346 1674 oblitus
1385 1633 1483 1686 pro
1519 1633 1678 1686 posse

1781 532 1966 607 sicque
1996 534 2063 587 ad
2091 544 2354 589 tartarmn
2381 536 2555 590 misit.'

1849 623 1934 676 ιιι.
1957 622 2205 679 Traditur
2225 637 2423 691 autem,
2443 628 2552 696 jam
2573 630 2793 698 jamque
2819 631 3003 684 videns
3026 633 3342 700 capiendam

1778 729 1900 765 esse
1959 716 2172 778 turrim,
2217 725 2269 770 et
2305 719 2407 771 sibi
2444 720 2740 786 perieulum
2800 723 2989 774 mortis
3039 710 3341 787 imminere,

1779 814 1999 858 coactus
2030 807 2258 874 procidit
2289 809 2352 861 ad
2387 811 2550 876 pedes
2581 811 2878 863 beatissimi
2918 811 3092 880 Papar,
3125 813 3338 868 dicens:

1781 893 2003 962 Semper
2029 898 2477 961 misericordiam,
2505 901 2679 964 l‘atrr,
2708 902 2960 967 docuisti,
2989 906 3189 956 docens
3218 919 3342 972 per-

1779 985 1983 1051 feeisti;
2020 998 2370 1057 errantesque
2414 1003 2752 1055 convertens,
2790 1009 3082 1046 conversos
3136 995 3185 1046 in
3238 995 3340 1048 fide

1779 1078 2042 1140 solialasti,
2077 1080 2292 1147 suscipe
2320 1090 2612 1145 errantem,
2645 1091 2700 1135 et
2735 1085 2801 1134 ab
2853 1085 3228 1152 iniquitatibus
3282 1102 3340 1139 sc

1778 1177 2210 1233 convertentem;
2291 1188 2609 1224 conversum
2686 1174 2876 1236 soli-ia,
2961 1191 3024 1227 nc
3079 1190 3164 1228 me.
3211 1176 3337 1230 des-

1779 1259 2070 1326 perationis
2121 1260 2459 1327 profunditas
2495 1264 2801 1335 tilssoi'lural.
2854 1264 3096 1328 Peccavi,
3141 1267 3336 1329 erravi,

1778 1349 2009 1413 tradidi,
2068 1349 2332 1412 interfeci,
2394 1353 2739 1420 sacrilegium
2795 1355 3116 1430 perpetravi.
3155 1351 3367 1409 Matris

1779 1435 1939 1505 [legis
2000 1439 2143 1491 enim
2188 1441 2482 1493 thalamum
2529 1444 2775 1510 corrupi,
2822 1445 3174 1512 violentisque
3223 1463 3339 1500 nia-

1777 1527 1936 1581 nibus
1989 1529 2101 1595 (59)
2145 1531 2417 1597 tugurium
2468 1542 2518 1584 et
2566 1549 2788 1600 parvum
2843 1535 3192 1607 secretarium
3244 1535 3336 1591 Dei

1779 1615 1896 1669 Filii
1941 1619 2154 1671 violavi.
2194 1619 2268 1673 'I'e
2313 1620 2548 1684 Patrem,
2603 1631 2656 1674 et
2711 1639 2886 1676 meum
2938 1623 3246 1690 Dominum,
3279 1636 3340 1682 ut
3413 1673 3418 1678 .

116 1709 388 1778 pugnabat.
429 1709 612 1765 Porro
649 1713 868 1780 quidam
918 1711 1019 1776 vir,
1068 1725 1194 1763 cum
1231 1710 1464 1779 quadam
1511 1708 1675 1761 nobiii
1710 1748 1750 1801 Β
1778 1708 2063 1773 parricida,
2099 1711 2368 1778 pcrjnriis,
2399 1714 2716 1781 sacrilegiis,
2754 1714 3000 1766 manilms
3027 1715 3242 1782 pollutis
3269 1733 3334 1773 cx

114 1808 364 1864 matrona,
385 1800 618 1855 Patrem
658 1800 973 1871 Gregorium
1009 1809 1228 1855 secutus
1251 1809 1354 1864 est,
1378 1799 1472 1868 qui
1493 1799 1540 1852 ei
1578 1814 1670 1852 so-
1704 1827 1708 1831 -

113 1887 284 1944 latium
313 1891 718 1960 aliquantisper
746 1891 979 1959 fuerunt.
1010 1878 1104 1943 val
1129 1905 1363 1959 namque
1383 1891 1489 1952 ille,
1515 1890 1671 1943 tzedio

111 1979 467 2046 detractionis,
503 1982 788 2050 etalgore
834 1981 1126 2035 biberualis
1170 1981 1346 2034 noctis
1387 1980 1667 2044 alllictum,

113 2069 276 2125 allatis
306 2070 560 2125 calcfecit
616 2071 864 2141 pellibus,
888 2072 1152 2141 pedesque
1172 2071 1292 2140 ejus
1319 2071 1372 2123 in
1405 2072 1528 2124 sinu
1568 2086 1668 2124 suo

113 2164 420 2230 composuit.
466 2162 722 2217 Matrona
749 2177 880 2216 vero
910 2163 1044 2231 ipsa,
1079 2161 1319 2215 fomento
1359 2162 1668 2230 medicami-

117 2253 195 2306 nis
220 2252 319 2317 sui,
348 2251 533 2308 Patris
560 2254 742 2308 nostri
772 2253 1004 2323 plagam,
1027 2253 1196 2318 niniio
1227 2253 1504 2322 sanguinis
1525 2253 1667 2306 rosei

114 2342 360 2410 proﬂuvio
389 2343 659 2409 tabidum,
690 2343 1018 2413 deplorando
1046 2343 1343 2406 mulcebat;
1369 2343 1666 2411 omnesque

115 2431 224 2486 illos
253 2431 343 2487 Dei
369 2434 652 2499 inimicos,
681 2435 976 2487 homicidas
997 2433 1291 2502 sacrilegos
1311 2432 1662 2496 acelamabat,

114 2523 267 2576 altera
301 2523 562 2578 nimirum
595 2522 763 2576 Maria
795 2522 1001 2577 effecta.
1041 2520 1175 2596 Nam
1207 2521 1662 2590 quemadmodum

66 2601 72 2605 ’
111 2611 214 2676 illa,
246 2611 374 2667 ﬂens
412 2629 516 2668 sua
561 2614 780 2679 delicta,
803 2600 1037 2666 Domini
1064 2611 1288 2681 vestigia
1318 2612 1664 2682 iacrymaudo

113 2703 404 2768 perfuderat
429 2723 443 2758 :
470 2705 555 2760 sic
573 2704 700 2770 ista,
730 2703 1228 2758 omnium'c‘rimina
1255 2695 1549 2772 perferens,
1580 2703 1662 2755 la-

113 2793 299 2861 erjmis
322 2795 437 2849 suis
469 2802 690 2865 tantum
722 2793 998 2849 Pastorem
1023 2786 1324 2863 proluebat.
1361 2790 1681 2846 05culaba--

117 2890 197 2936 tur
229 2883 314 2937 illa
351 2885 516 2954 pedes
557 2884 777 2938 Domini
815 2881 1132 2952 Salv'atoris,
1167 2885 1278 2952 quo
1318 2881 1509 2937 deinde
1551 2883 1658 2936 lota

113 2980 263 3040 caput
285 2974 350 3027 ad
382 2958 563 3046 usque
605 2975 942 3044 perveniret:
974 2976 1089 3030 haec
1119 2981 1299 3028 autem
1339 2971 1430 3027 Dei
1471 2982 1525 3027 et
1548 2973 1657 3028 Do-

115 3061 234 3116 mini
283 3061 468 3119 famuli
527 3066 708 3135 primo
752 3065 1070 3139 baptismate
1119 3065 1338 3128 munda,
1381 3073 1654 3132 postremo
1681 3055 1724 3110 C

115 3155 332 3219 pectoris
356 3157 558 3212 ardore
585 3157 798 3222 adusta,
827 3166 988 3227 caput
1021 3166 1318 3225 pectusque
1335 3155 1657 3210 deosculans

115 3239 350 3311 lac'rymis
371 3247 610 3316 rigabat.
653 3244 699 3299 0
719 3246 1065 3300 memorabile
1095 3246 1311 3315 pectus!
1337 3241 1383 3297 0
1419 3241 1656 3298 devotis-

117 3330 256 3387 sima:
286 3331 500 3391 femina:
539 3335 810 3390 laudabile
845 3329 1028 3407 jecur"!
1053 3325 1404 3406 quantustibi
1421 3343 1547 3389 tunc
1561 3352 1659 3391 ca-

117 3420 276 3478 ritatis
300 3425 461 3480 ardor
481 3426 811 3480 inhaeserat?
835 3431 959 3480 cum
979 3435 1100 3480 ante
1124 3426 1312 3481 oculos
1333 3434 1453 3478 tuos
1471 3425 1656 3478 aeterni

119 3508 265 3584 Regis
295 3517 634 3581 ministrum,
665 3518 969 3586 iniquorum
1011 3517 1261 3571 manibus
1287 3517 1426 3570 male
1457 3525 1658 3570 tracta-

117 3611 221 3658 tum
246 3607 701 3678 vulneratamque
729 3608 1096 3678 prospiceres;
1133 3622 1232 3660 nec
1268 3615 1470 3661 satana:
1495 3608 1657 3661 mini-

117 3695 234 3752 stris
257 3713 320 3752 ex
347 3714 444 3754 one
464 3698 685 3769 pudico,
735 3699 1042 3768 sanctisque
1061 3699 1264 3756 osculis
1290 3715 1409 3767 quae
1437 3702 1658 3768 pedibus

118 3787 457 3860 anibusque
479 3799 538 3845 et
560 3790 720 3861 capiti
747 3790 880 3844 tanti
905 3787 1078 3844 Patris
1100 3790 1306 3844 feceras
1322 3790 1432 3858 jam
1462 3807 1658 3859 purga-

119 3883 189 3939 to,
212 3881 449 3935 convicia
462 3881 630 3950 digna
655 3889 709 3935 et
736 3881 1129 3936 maledictionis
1152 3880 1332 3951 jacula
1369 3883 1655 3936 subtrahe-

121 3960 224 4017 δας».
254 3963 387 4022 Vere
410 3969 668 4024 credibile
692 3979 797 4034 est,
831 3972 1066 4025 animam
1097 3980 1246 4026 tuam
1271 3981 1322 4026 te
1349 3988 1448 4041 pro
1481 3973 1656 4028 Patris

122 4053 218 4107 vita
237 4070 428 4124 ponere
457 4057 613 4128 velle,
640 4067 694 4111 et
725 4065 992 4114 tormenta
1019 4049 1200 4129 potius
1221 4063 1657 4120 inexistimabilia

122 4158 430 4212 percurrere,
472 4131 644 4218 quam
686 4147 972 4202 Dominum
1006 4160 1223 4217 captum
1267 4158 1321 4203 et
1359 4159 1471 4205 tam
1519 4154 1657 4208 male

124 4243 389 4292 tractatum
413 4239 618 4293 videre.
651 4237 933 4309 Pugnabat
958 4239 1207 4294 manibus
1227 4242 1468 4295 omnium
1497 4246 1654 4312 gene-

125 4339 301 4384 uerosa
323 4331 532 4402 virago,
567 4337 622 4384 et
647 4330 946 4391 immodica:
973 4333 1233 4386 mercedis
1263 4335 1503 4388 omnium
1531 4350 1654 4405 par-
1687 4370 1728 4425 θ

125 4414 294 4487 ticeps,
318 4432 580 4490 quantum
609 4423 710 4477 sibi
736 4424 1124 4478 accumulabat.

187 4507 266 4584 ιδ,
297 4510 529 4589 Verum,
571 4521 774 4583 quanto
813 4508 974 4569 istius
1005 4515 1250 4568 animosa
1297 4516 1449 4581 ﬁdes,
1505 4526 1666 4573 tanto.

127 4595 326 4654 alterius
354 4600 600 4654 mulieris
621 4602 868 4672 linguosa
892 4603 1133 4674 perﬁdia.
1170 4602 1303 4659 Nam
1337 4606 1476 4659 sicut
1503 4608 1652 4672 olim,

128 4683 686 4745 Dominiczehssionis
706 4698 964 4761 tempore,
978 4692 1170 4746 ancilla
1190 4695 1414 4750 ostiaria
1435 4695 1653 4752 Petrum

126 4783 397 4847 terruerat;
423 4781 508 4836 sic
533 4781 637 4835 ista
661 4779 934 4852 Vicarium
953 4782 1071 4850 ejus
1093 4785 1436 4856 mordacibus
1460 4803 1656 4857 oppro-

127 4865 247 4923 briis
267 4870 617 4925 conturbabat
639 4888 652 4923 :
675 4884 798 4939 quae
813 4869 1028 4940 quidem
1044 4871 1188 4929 illius
1203 4875 1478 4931 traditoris
1500 4894 1657 4933 soror

129 4954 301 5025 fuerat,
328 4970 382 5015 et
405 4961 609 5016 idcirco
635 4967 788 5015 tanto
813 4959 957 5015 Patri
979 4963 1296 5018 maledicere
1329 4981 1437 5020 non
1464 4968 1653 5022 formi-

130 5042 292 5103 dabat.
314 5051 459 5106 Alter
473 5065 628 5117 vero,
649 5049 890 5120 ejusdem
915 5050 1192 5108 traditoris
1223 5053 1469 5109 minister
1488 5066 1542 5110 et
1568 5073 1655 5112 se-

129 5133 353 5207 anim,
395 5142 743 5213 evaginatum
787 5140 1019 5210 gladium
1075 5143 1334 5208 retinens,
1379 5146 1509 5198 tanti
1553 5147 1652 5200 viri

131 5233 274 5293 caPII!
294 5227 514 5299 ipsodie
541 5247 605 5288 se
634 5232 1019 5296 abscissurum,
1054 5232 1472 5302 blasphemando
1504 5251 1654 5289 asse-
1687 5230 1692 5234 ’

129 5309 282 5369 ποι-ι.
325 5315 490 5389 Cujus
541 5318 836 5393 impietatis
907 5321 1194 5377 vindictam
1249 5325 1650 5381 velocissimum

355 5407 622 5477 judicium
673 5428 783 5488 non
803 5412 1024 5468 distulit.
1059 5411 1192 5488 Nam
1225 5414 1431 5480 lancea,
1464 5431 1493 5468 a
1520 5415 1652 5472 foris

130 5489 333 5559 vitata,
362 5507 548 5568 guttur
576 5502 706 5571 ejus
729 5502 859 5557 dine
888 5503 1033 5558 vocis
1060 5517 1252 5559 venam
1298 5507 1646 5576 obtruncans,

1777 1797 1922 1850 illius
1948 1800 2151 1865 gremio
2177 1802 2392 1854 attraxi.
2426 1802 2668 1871 Suscipe,
2698 1803 2886 1867 libera,
2921 1813 3088 1867 tuere,
3123 1808 3336 1861 ini5eri~

1771 1891 2012 1943 Cordiam
2046 1892 2152 1955 l'er;
2187 1893 2252 1944 da
2283 1895 2600 1958 remedium,
2632 1895 2943 1959 Consilium,
2974 1899 3288 1966 su‘ll’ragium
3318 1919 3330 1953 τ

1771 1979 1988 2048 injungc
2017 1998 2250 2048 pmnam,
2268 1999 2406 2050 pone
2429 1986 2798 2052 pmnitentiam
2815 1989 3069 2052 careeris,
3091 1990 3330 2053 exilium,

1769 2072 1956 2138 patriae
1991 2071 2302 2140 dill‘ugium;
2333 2084 2385 2134 et
2411 2074 2502 2128 Dei
2546 2076 2750 2143 judicio
2797 2078 2851 2130 in
2897 2094 2982 2131 me
3029 2079 3332 2147 justissime

1768 2172 2120 2227 commotum,
2153 2181 2214 2216 ex
2246 2181 2414 2227 more,
2454 2166 2602 2235 placa
2637 2169 2911 2237 populum.
2941 2167 3074 2222 Tuis
3105 2186 3190 2224 me
3217 2172 3333 2240 pol—

1769 2252 1940 2305 lutum
1967 2255 2169 2308 sanctis
2204 2257 2421 2324 suscipe
2453 2260 2703 2312 manibus
2735 2267 2823 2312 :et
2857 2259 3018 2320 huius
3048 2259 3153 2314 diei
3197 2262 3330 2315 mihi

1766 2343 2044 2409 pmuitenti
2071 2347 2301 2400 concede
2325 2349 2578 2414 spatium.
2603 2349 2806 2402 Furcas
2822 2349 2952 2402 mihi
2970 2350 3086 2402 =ure
3113 2360 3330 2414 paratas

1764 2433 1924 2486 corde
1959 2435 2254 2503 conspicio,
2283 2439 2496 2507 dignam
2524 2455 2734 2508 pmnam
2769 2439 3010 2500 intueor;
3045 2447 3098 2492 et
3127 2440 3329 2494 idcirco

1763 2539 1992 2593 corpore
2027 2537 2317 2592 prostrato,
2344 2529 2504 2581 corde
2537 2530 2776 2583 demisso
2825 2546 2911 2582 me
2943 2529 3193 2599 potentia:
3221 2539 3327 2586 tua:
3424 2574 3427 2577 -

1764 2616 1937 2668 trado.
1977 2613 2128 2669 Tunc
2149 2615 2292 2686 Papa
2323 2619 2801 2686 clementissimus,
2839 2621 2929 2689 pio
2962 2630 3021 2673 ut
3076 2630 3192 2674 erat
3228 2637 3320 2690 pe—

1761 2715 1933 2768 ctore,
1959 2713 2108 2760 tanta
2138 2709 2528 2776 supplicantem
2552 2711 2783 2771 adorsus
2803 2710 3100 2778 est:\'ideo
3131 2710 3326 2780 te_fe!le

1759 2794 2142 2848 amaritudinis
2165 2797 2481 2866 obligatum,
2514 2806 2569 2851 et
2593 2808 2701 2852 tua:
2731 2801 2928 2872 mentis
2953 2802 3143 2854 oculos
3171 2810 3321 2867 tuae-

1760 2884 1925 2938 hroso
1969 2885 2222 2952 squalore
2265 2895 2576 2952 contectus;
2610 2889 2703 2957 qni
2758 2890 2937 2944 lumen
2982 2903 3128 2946 vera:~
3163 2893 3322 2956 lucis,

1761 2976 1918 3028 nobis
1961 2984 2112 3029 tanto
2162 2985 2403 3046 tempore
2449 2978 2842 3046 laborantibus,
2877 2997 3202 3052 cognoscere
3231 3000 3325 3037 ue-

1755 3068 2064 3135 quiveruut.
2101 3067 2181 3120 Tu
2216 3067 2330 3135 ipse.
2377 3069 2522 3121 nosti
2551 3071 2770 3137 quantis
2805 3088 2843 3123 ιη
2865 3071 3069 3140 ligiosis
3108 3073 3239 3128 viris
3273 3081 3325 3126 te

1756 3173 2205 3223 commonuerim,
2241 3153 2565 3229 quantisque
2589 3177 2683 3229 per
2719 3163 3094 3232 memetipsum
3118 3165 3325 3230 patien-

1757 3247 1982 3299 tissimis
2012 3248 2475 3301 admonitionibus
2506 3239 2932 3316 'sollieitaverim,
2979 3253 3176 3320 quibus
3212 3266 3319 3304 non

1757 3327 1931 3390 selum
1977 3353 2084 3390 non
2129 3339 2468 3416 acquiet'isti,
2514 3342 2714 3392 rerum
2749 3341 2909 3393 etiam
2956 3341 3010 3393 in
3052 3324 3319 3395 deteriora

1756 3429 2049 3497 prorupisti
2077 3448 2089 3482 :
2115 3429 2207 3482 sed
2242 3423 2632 3500 tamenadbue
2653 3431 2816 3499 janua
2861 3431 2954 3485 tibi
3000 3431 3122 3485 vita:
3154 3441 3322 3501 patet,

1757 3527 1965 3572 tantum
2015 3529 2075 3573 ut
2115 3523 2447 3575 convertat-is
2489 3522 2668 3580 corde.
2720 3521 2822 3586 Qui
2859 3537 2982 3575 mox
3017 3523 3083 3575 ad
3115 3531 3314 3608 terram

1756 3623 2038 3672 corruens,
2082 3615 2268 3663 verum
2321 3627 2378 3665 se
2425 3628 2577 3664 reum
2631 3607 2998 3681 miserumque
3032 3607 3318 3666 confessus
3359 3661 3364 3669 .

1756 3705 1860 3760 est,
1905 3698 2225 3771 promittens
2270 3701 2451 3753 omnia
2505 3702 2607 3753 sibi
2663 3701 2901 3769 injuncta
2944 3702 3319 3755 incunctanter

1757 3787 2029 3855 perﬁcere.
2067 3787 2302 3858 Tandem
2325 3781 2766 3853 viriuitissimus,
2802 3792 2959 3844 solita
2993 3792 3094 3846 sibi
3125 3793 3321 3860 pietate

1757 3888 2079 3941 commotus,
2135 3881 2412 3948 respondit
2447 3881 2797 3944 :Quid'mibi
2852 3899 2916 3936 ex
2962 3881 3077 3952 ipsa
3124 3883 3320 3951 injuria

1758 3968 2028 4036 irrogasti,
2062 3978 2278 4036 paterne
2302 3971 2571 4038 indulgeo.
2597 3971 2752 4034 Quod
2781 3980 2960 4023 autem
2992 3972 3043 4022 in
3070 3970 3238 4023 Deum
3266 3979 3320 4023 et

1758 4057 1982 4110 Matrem
2011 4059 2146 4124 ejus,
2193 4057 2589 4126 Apostolosquc
2631 4073 2726 4111 seu
2768 4072 2983 4112 omnem
3024 4059 3316 4113 Ecclesiam

1755 4145 2094 4209 contraxisti,
2142 4147 2397 4200 luendum
2446 4147 2559 4201 fore
2602 4149 2892 4216 pronuntio
2922 4168 2932 4201 :
2961 4150 3032 4202 ita
3060 4157 3118 4201 ut
3145 4150 3319 4217 primo

1757 4235 2182 4306 Hierosolymam
2207 4237 2425 4303 tendas;
2455 4247 2508 4291 et
2539 4239 2905 4308 postmodum,
2933 4240 2979 4292 si
3011 4239 3165 4292 vivus
3195 4239 3318 4292 inde

1757 4343 2009 4382 reversus
2041 4327 2228 4395 fueris,
2268 4331 2472 4384 nostris
2501 4339 2552 4383 te
2594 4329 2843 4382 manibus
2873 4337 2925 4381 et
2956 4328 3183 4380 consilio
3231 4342 3318 4379 re-
3379 4395 3382 4401 ‘

1754 4430 2067 4490 praesentes,
2097 4430 2155 4474 ut
2196 4421 2274 4474 sic
2317 4422 2505 4474 ‘saltem
2540 4420 2700 4473 modo
2744 4418 2925 4486 aliquo
2967 4416 3191 4481 gratiam
3222 4416 3316 4468 tibi

1753 4512 2042 4566 conciliare
2077 4511 2459 4578 onmipetentis
2499 4509 2592 4561 Dei
2621 4509 2822 4561 valeas.
2867 4507 2934 4560 Et
2963 4497 3316 4576 quoiuadmo-

1753 4583 1883 4655 dum
1931 4601 2156 4654 cunctis.
2189 4599 2313 4653 filiis
2349 4599 2619 4664 Ecclesiae,
2652 4599 3024 4653 subversionis
3054 4599 3319 4652 hactenus

1753 4691 2023 4759 exemplar
2045 4689 2211 4756 fuisti,
2236 4691 2307 4744 ita
2345 4691 2410 4744 de
2433 4680 2609 4743 ectero
2638 4690 3010 4743 conversionis
3045 4674 3163 4742 ﬁas.
3192 4687 3316 4742 Haec

1755 4784 1933 4852 itaque
1962 4790 2175 4846 cuncta,
2223 4790 2382 4852 prout
2425 4781 2640 4850 jussum
2669 4789 2777 4834 est.
2805 4789 2862 4831 ut
2897 4779 3197 4841 videbatur,
3223 4795 3316 4832 ex-

1754 4875 1899 4942 plere
1920 4874 2272 4939 libentissime
2295 4872 2581 4943 spopondit
2605 4888 2618 4921 :
2642 4875 2696 4921 et
2716 4867 2813 4932 sic,
2847 4867 2952 4920 diei
2992 4867 3136 4920 illius
3179 4868 3303 4921 libe-

1754 4967 2015 5020 rationem
2040 4965 2356 5032 promeruit.

1823 5055 1910 5107 47.
1957 5039 2194 5105 Tandem
2243 5051 2385 5120 Papa
2436 5051 2558 5121 pius
2614 5038 2682 5104 ad
2730 5050 3018 5103 fenestram
3075 5058 3310 5112 erectus,

1744 5145 1923 5197 turbae
1965 5142 2162 5196 furenti
2189 5143 2442 5212 expansis
2477 5142 2746 5204 manibus,
2791 5150 2848 5192 ut
2874 5151 3312 5209 componeretur,

1751 5243 1806 5288 et
1832 5234 2088 5302 aliquanti
2135 5234 2324 5302 majori
2350 5250 2399 5286 ιιι
2444 5233 2635 5288 turrim
2680 5231 3050 5295 ascenderem,
3114 5231 3308 5284 innuit.

1752 5324 2006 5378 Nonnulli
2078 5339 2207 5376 vero
2243 5364 2260 5389 ,
2333 5331 2582 5392 putantes
2659 5322 2805 5390 quod
2881 5337 2976 5372 eos
3045 5320 3113 5371 ad
3175 5334 3312 5386 opus
3377 5329 3380 5331 ‘

1751 5416 1894 5485 quod
1965 5415 2310 5480 inceperunt,
2368 5413 2690 5474 hortaretur,
2771 5408 3067 5460 fortissimo
3138 5409 3309 5474 impe-

1752 5517 1806 5560 tu
1861 5504 2051 5557 turrim
2117 5491 2399 5554 scandunt.
2457 5499 2521 5552 Et
2573 5501 2651 5554 sic
2681 5499 2850 5571 tonas
2901 5495 3167 5550 adductus
3207 5506 3307 5562 est,

195 5665 296 5737 βο)
324 5667 562 5740 Prmrpe
585 5669 821 5728 Domini.
854 5689 884 5726 a
909 5689 1018 5742 quo
1044 5678 1100 5730 S.
1129 5678 1430 5752 ‘Gtcgorius
1455 5679 1736 5736 abstracus
1763 5681 1956 5741 fuerat,
1984 5675 2315 5744 intelligitur.
