3902 6360
157 455 216 507 65

1100 443 1618 501 PROLEGOMENA.
1649 473 1715 481 —
1747 441 1920 495 ACTA
1951 443 2005 494 S.
2041 441 2381 518 ι;ιι·ι;ι;ιιιιιι.

3209 465 3216 474 ’
3286 447 3354 498 66

213 556 293 610 50.
324 553 406 620 Et,
456 562 518 608 ut
561 553 748 607 nullus
795 537 971 608 sexus»
1006 558 1357 622 pertranseat,
1411 549 1692 603 veniamus
1722 556 1764 608 Α
1793 565 1920 602 ιιιιιιι
1958 551 2305 618 exsjuretarit,
2343 568 2451 619 quo
2479 550 2776 605 Romanam
2822 552 3109 608 Ecclesiam
3131 597 3144 616 ,
3179 563 3234 607 ιιι
3264 574 3350 604 ι·ιό

155 646 297 698 etiam
327 645 392 698 ad
432 645 719 706 honestas,
770 651 825 696 et
865 651 973 696 tam
1015 642 1274 710 religione
1323 654 1486 708 quam
1530 637 1693 691 etiam

154 734 456 807 mlarinm
487 747 673 785 rerum
705 728 1072 806 potentatibus
1097 730 1388 797 locupletes
1419 728 1693 793 mulieres,

155 822 391 892 Reginam
439 821 692 875 videlicet
735 821 1013 890 Agnetem,
1070 819 1311 887 ejusdem
1369 817 1694 885 iniquissimi

156 910 298 981 Regis
319 919 567 974 matrem,
593 919 651 963 et
673 924 798 962 vere
820 909 1107 978 Reginam;
1140 923 1279 976 qua),
1309 908 1474 974 regali
1513 907 1696 960 diade-

155 1009 280 1054 mate
303 1000 546 1061 dimisso,
585 999 831 1051 seculum
875 998 1014 1051 istud
1047 999 1321 1059 deserens,
1350 995 1442 1049 Dei
1473 996 1697 1064 ejusque

155 1087 320 1142 llatris
346 1086 850 1155 Apostolorumquc
869 1087 988 1163 ej‘us
1011 1085 1151 1138 Petri
1176 1094 1231 1139 et
1272 1085 1421 1138 Pauli
1455 1085 1697 1152 vestigiis

155 1177 586 1231 inremissibiliter
612 1176 867 1239 adlnesit;
893 1175 1189 1228 Rcatricem
1213 1175 1450 1243 insuper,
1474 1171 1698 1242 ejusque

156 1268 524 1320 nobilissimam
570 1266 778 1334 prolem
820 1265 1157 1329 Mathildem;
1201 1280 1342 1332 qum,
1385 1264 1509 1316 licet
1540 1279 1697 1316 umn—

155 1357 276 1410 dana
325 1371 452 1410 cura
508 1354 723 1408 Ducum
770 1355 1027 1419 cilicium,
1074 1353 1280 1406 Italiam
1325 1353 1693 1422 gubernamlo,

155 1452 412 1515 gesserunt
443 1445 529 1512 (ut
567 1443 815 1496 Debbora
845 1444 1102 1496 nimirum
1130 1443 1349 1507 elfcctm,
1391 1458 1512 1510 qua:
1549 1442 1695 1508 judi-

154 1551 270 1590 cans
294 1533 474 1598 Israel,
499 1532 665 1586 Jaliin
706 1548 830 1586 cum
863 1529 977 1586 suis
1015 1532 1268 1586 omnibus
1307 1533 1362 1584 in
1404 1539 1695 1584 torrentem

155 1624 304 1677 Cison
331 1622 618 1692 dispersit)
657 1622 871 1689 iniquos
900 1622 1177 1674 multoties
1197 1619 1545 1674 confusihiles
1568 1635 1698 1672 cou-

156 1713 586 1781 triveruntzqua:
629 1711 846 1780 quidem
889 1711 1028 1764 inter
1069 1710 1356 1762 Dominum
1396 1709 1594 1778 Papam
1645 1717 1700 1761 et

156 1802 333 1872 Regem
377 1801 728 1856 mediatrices
774 1800 1013 1865 fuerunt,
1045 1808 1098 1853 et
1132 1800 1283 1869 regni
1313 1807 1512 1853 statum
1545 1814 1697 1852 com-

154 1906 333 1962 ponere
370 1899 426 1946 et
466 1891 799 1945 conﬁrmare
832 1890 1156 1944 desideranti
1205 1886 1472 1943 desiderio
1515 1889 1696 1956 cupie-

154 1983 285 2035 bant.
305 1981 511 2035 Horum
532 1982 780 2056 omnium
801 1980 1139 2048 aliorumque
1152 1979 1509 2047 probabilium
1525 1978 1697 2055 totius

153 2073 458 2126 conditionis
508 2070 840 2126 testimoniis
879 2084 984 2122 non
1031 2070 1407 2137 acquiescerc,’
1439 2067 1570 2120 nihil
1613 2075 1699 2121 est

155 2160 283 2214 aliud
330 2175 492 2229 quam
521 2159 618 2214 Dei
644 2160 775 2213 iram
804 2159 1119 2228 promereri,
1145 2165 1521 2226 [Harpe-tuaeque
1544 2157 1698 2209 dam-2

153 2250 369 2304 nationis
424 2250 614 2306 subim
659 2249 1001 2304 sententiam.
1060 2246 1154 2299 llis
1207 2247 1387 2313 itaque
1437 2245 1504 2297 ad
1560 2244 1699 2298 tanti-

151 2337 309 2392 Patris
343 2337 724 2399 innocentiam
777 2335 1164 2389 ostendendam
1219 2335 1694 2399 commemoratis,

153 2426 282 2486 illius
320 2424 483 2505 Regis
536 2426 780 2491 fraudes,
838 2424 1285 2487 machinationes,
1332 2431 1387 2476 et
1427 2423 1695 2475 interdum

149 2516 298 2569 etiam
342 2516 396 2569 in
427 2515 486 2570 S.
530 2513 754 2569 Petrum
785 2513 1162 2577 contumelias,
1199 2519 1399 2565 nostra:
1429 2511 1696 2565 schedula:

151 2603 542 2674 conjungentes,
590 2619 660 2659 ne
707 2605 762 2658 in
817 2603 1022 2656 erroris
1072 2601 1344 2656 tenebrosi
1394 2600 1692 2669 ignorantia

151 2693 276 2746 scire
297 2693 535 2748 volentes
549 2693 735 2762 jacere
756 2691 1152 2761 permittamus,
1177 2706 1275 2760 pro
1297 2690 1506 2744 viribus
1521 2698 1692 2758 empta

150 2796 438 2850 sequamur.

209 2870 290 2923 5|.
317 2869 500 2925 Tertio
542 2871 715 2940 igitur
757 2869 990 2924 Henrico
1030 2876 1246 2922 mortuo
1283 2866 1417 2936 (50),
1466 2874 1694 2934 quartus

150 2958 228 3011 illc
265 2956 524 3014 Henricus
568 2958 706 3024 Rex,
756 2958 1098 3029 permittente
1148 2956 1393 3011 Romano
1439 2954 1695 3011 Pontilice

150 3045 366 3113 Victore,
391 3049 484 3118 qui
513 3057 646 3103 tunc
669 3048 918 3102 morienti
946 3063 1183 3116 prmsens
1205 3054 1340 3110 erat,
1368 3046 1693 3099 hereditario

1729 1857 1771 1910 Β

1794 647 1958 702 teras,
2005 639 2106 692 sibi
2158 639 2424 707 subjicere
2470 650 2692 708 posset:
2740 643 2806 694 ad
2852 645 2994 711 quod
3045 653 3264 712 postea.
3299 655 3356 696 ιιι

1795 728 1972 796 reipsa
2011 730 2203 796 patuit,
2241 729 2435 781 aunisu
2479 743 2588 797 quo
2632 732 2800 784 valuit
2824 742 3035 785 erectus
3078 733 3178 786 est.
3220 733 3354 786 Nam

1795 827 2012 871 mortuo
2042 817 2262 871 Nicolao
2297 817 2336 869 ΙΙ
2389 817 2552 887 l’apa,
2598 819 3118 889 subiutrmluctoque
3155 832 3356 874 sam-ta:

1796 908 2070 960 memorim
2100 909 2421 972 Alexandro,
2458 910 2677 962 vesania
2725 927 2837 962 sua-
2867 908 3060 964 mentis
3085 923 3352 980 arreptus,

1796 995 2104 1049 lia-relicum
2133 998 2448 1060 Cadaloum,
2478 997 2821 1052 Parmensi-ni
2858 1002 2994 1052 male
3019 1001 3353 1054 nominatum

1797 1086 2140 1155 Episcopum,
2185 1088 2306 1139 data
2339 1103 2432 1155 per
2472 1103 2690 1139 manqu
2735 1105 2886 1141 suam
2936 1090 3272 1151 investitura,
3302 1092 3353 1142 in

1797 1175 1992 1243 Papam
2029 1176 2234 1244 erigere
2269 1191 2374 1227 non
2422 1176 2748 1229 formidavit.
2798 1177 3016 1241 Verum,
3043 1179 3356 1232 cedentibus

1796 1266 2069 1326 omnibus,
2127 1273 2509 1317 coutrm'etsus
2559 1265 2685 1325 De",
2746 1267 2890 1334 quod
2946 1269 3354 1330 deliberaverat,

1797 1369 2136 1422 nequaquam
2171 1355 2234 1406 ad
2268 1355 2515 1406 νηὶ-(³111111
2543 1356 2835 1421 perducere
2862 1358 3052 1424 potuit.
3079 1357 3199 1422 Quo
3223 1367 3356 1409 tem-

1797 1457 1924 1508 pore
1949 1443 2166 1509 quantis
2193 1445 2260 1496 sit
2299 1445 2537 1512 paternis
2574 1444 2765 1496 litteris
2796 1446 3181 1505 commonitus,
3207 1447 3355 1514 ejus—

1795 1533 1915 1583 dem
1945 1531 2119 1585 Patris
2153 1533 2438 1584 Alexandri
2470 1533 2586 1583 libri
2618 1534 2728 1600 (5|)
2764 1527 3047 1586 leStautar.

1865 1621 1951 1673 5:2.
1984 1620 2084 1672 Cui
2108 1619 2591 1687 l‘aterliregorius,
2617 1630 2899 1690 postquam
2929 1623 3140 1676 Domini
3169 1626 3356 1674 \oltzu-

1797 1718 1925 1773 tate,
1969 1709 2180 1779 fugiens
2215 1719 2269 1763 et
2307 1711 2563 1772 renitens,
2595 1711 2882 1762 succedere.
2917 1698 3136 1763 emit-tus
3162 1722 3263 1770 est,
3301 1722 3359 1763 ut

1796 1801 2058 1862 decebat,
2097 1810 2349 1868 ‘paterna
2415 1800 2562 1851 illum
2618 1800 2854 1852 visitavit
2905 1802 3352 1864 commouitione;

1796 1905 1960 1942 orans
2007 1899 2060 1942 et
2106 1890 2386 1957 postulans
2436 1896 2496 1940 ut
2533 1902 2630 1955 pro
2673 1903 2854 1940 amore
2894 1890 3135 1941 oumium
3166 1888 3353 1959 ,Ιιιιμίςη

1796 1980 1956 2031 etiam
1981 1995 2078 2047 pro
2105 1979 2189 2031 sui
2220 1987 2394 2032 status
2427 1978 2620 2044 salute,
2658 1991 2757 2044 pro
2778 1961 2984 2029 anima:
3025 1993 3137 2029 suae
3177 1993 3356 2030 reme-

1795 2068 1906 2132 dio,
1933 2069 2002 2121 ab
2024 2069 2178 2132 actis,
2201 2069 2398 2137 quibus
2421 2066 2702 2133 oportebat
2722 2074 2929 2119 tantmn
2954 2076 3150 2118 sanetze
3176 2065 3356 2118 lieele—

1796 2158 1890 2211 size
1912 2158 2080 2210 tilium
2105 2167 2159 2212 et
2183 2157 2483 2210 membrum
2504 2155 2795 2220 abstinere,
2815 2151 3001 2224 pedem
3031 2157 3352 2217 retraheret;

1795 2257 2216 2316 agnosceretque
2250 2246 2447 2315 Regem
2473 2244 2678 2312 Regum
2703 2259 2864 2312 super
2894 2260 2952 2298 se
2977 2245 3355 2312 inspectorem,

1795 2336 1908 2404 qui,
1934 2337 2176 2390 cordinm
2205 2333 2430 2389 consilia
2455 2340 2508 2404 et
2546 2333 2889 2385 tenebrarum
2924 2334 3236 2386 abscondita
3264 2349 3357 2384 co-

1795 2440 2080 2494 gnoscens,
2127 2424 2419 2492 unicuique
2460 2422 2756 2476 secundum
2803 2435 2968 2488 opera
3011 2436 3108 2472 sua
3150 2421 3352 2480 reddit;

1795 2529 1992 2582 regans
2029 2514 2192 2566 etiam
2246 2521 2306 2564 ut
2345 2511 2685 2566 consiliarios
2724 2511 3010 2576 pessimos,
3046 2509 3140 2576 qui
3184 2509 3356 2573 magis

1745 2589 1750 2594 θ
1795 2620 1890 2656 sua
1918 2619 2080 2672 quam
2105 2619 2227 2655 eum
2263 2602 2571 2668 diligebant,
2607 2599 2894 2651 dimitteret
2923 2616 2934 2650 :
2961 2597 3216 2666 quoniam
3269 2607 3353 2648 ta-

1795 2695 1924 2746 lium
1977 2693 2218 2748 consiliis
2267 2691 2604 2753 Consentire,
2644 2688 2775 2740 nihil
2825 2687 2968 2739 aliud
3017 2702 3138 2738 esse
3187 2701 3350 2754 quam

1794 2792 2022 2835 mortem
2049 2782 2346 2851 acquirere,
2371 2793 2704 2848 regnumque
2741 2777 3068 2838 subvertere,
3098 2784 3153 2828 et
3189 2777 3251 2826 in
3275 2777 3353 2826 fa-

1793 2871 1972 2925 bulam
2007 2880 2217 2926 cunctts
2251 2870 2501 2939 gentibus
2536 2867 2650 2920 fieri
2690 2868 2844 2927 velle,
2885 2866 3240 2930 signiticaluu.
3273 2865 3348 2916 Ad

1794 2963 1896 3016 hoc
1933 2962 2043 3015 Rex
2076 2962 2189 3030 ipse
2211 2974 2500 3030 parumper
2527 2964 2829 3008 commotus
2858 2956 3061 3006 litteras
3083 2955 3350 3021 supplices

1795 3052 1932 3120 (iii),
1958 3062 2011 3105 et
2058 3052 2229 3120 magis
2269 3051 2350 3117 (ut
2377 3058 2561 3118 postea
2586 3047 2803 3111 claruit)
2839 3044 3127 3106 subdolas,
3165 3060 3349 3095 emen-

144 3135 273 3202 jure,
315 3137 576 3190 nimirum
614 3152 770 3205 puer,
801 3138 1082 3191 successit.
1131 3135 1232 3190 Sed
1276 3135 1588 3204 (Salomone
1611 3144 1694 3188 at-
1717 3158 1760 3214 ο
1790 3140 2061 3194 dationem
2085 3141 2477 3209 promittentes,
2505 3135 2668 3203 misit.
2705 3134 2895 3186 Allatis
2927 3135 3105 3201 itaque
3135 3125 3346 3194 litteris,

149 3232 381 3289 testante,
411 3235 467 3280 et
493 3227 711 3281 dicente
738 3245 750 3278 :
783 3225 876 3280 Va:
901 3227 996 3279 tibi
1026 3234 1190 3288 terra,
1219 3225 1376 3291 cujus
1412 3223 1522 3274 Rex
1558 3238 1693 3290 puer

147 3321 238 3376 est,
261 3321 315 3366 et
334 3314 493 3381 cujus
521 3314 796 3382 principes
826 3314 1296 3384 manecpmedunt
1314 3311 1351 3379 !)
1381 3310 1446 3364 ad
1477 3311 1691 3364 destru-

147 3399 362 3454 ctionem
384 3402 466 3454 sui
495 3409 551 3454 et
572 3402 742 3455 totius
757 3403 927 3470 regni,
950 3389 1208 3491 quidquid
1231 3415 1456 3469 usquam
1475 3403 1692 3454 sceleris

114 3501 257 3542 .esse
298 3497 476 3556 potest
517 3489 774 3559 patravit.
819 3487 1161 3544 Caeeor'c'rrde
1196 3490 1442 3558 petulans
1479 3487 1689 3542 Patrem

149 3590 248 3628 non
291 3577 488 3644 timuit,
527 3577 624 3632 sed
677 3574 1022 3632 reddentibus
1067 3580 1278 3633 cunctis
1325 3579 1690 3632 testimonium

148 3665 821 3737 pueritiaeimperl’ectaaque
835 3669 999 3731 astati,
1025 3668 1297 3733 lasciviam
1323 3667 1441 3735 ejus
1463 3667 1691 3719 Romani

147 3749 417 3808 Pontiﬁces
462 3739 884 3834 supper-tarum;
929 3756 1298 3810 existimantes
1345 3755 1493 3808 illum
1537 3755 1692 3808 virile

148 3841 386 3897 scandere
430 3850 668 3912 tempus,
711 3858 822 3912 quo
854 3844 1050 3914 eorrigi
1092 3852 1274 3912 posset
1317 3843 1428 3913 per'
1451 3858 1538 3908 se;
1583 3859 1691 3897 non

148 3932 464 3988 attendentes
495 3933 648 4004 quod
687 3933 946 4001 scriptum
985 3941 1068 3987 est
1105 3953 1117 3986 :
1175 3933 1276 3998 Qui
1303 3934 1475 4001 parcit
1506 3933 1688 4002 virgm,

147 4019 250 4071 odit
279 4019 446 4075 tilium
481 4038 669 4077 suum.
701 4022 950 4077 Nutritur
980 4039 1212 4093 namque
1238 4024 1458 4076 vitium:
1484 4031 1538 4077 et
1561 4025 1689 4077 dum

149 4120 316 4162 ramus
345 4117 496 4165 tener
533 4113 648 4166 non
678 4113 968 4186 mandatur
1006 4121 1109 4189 aut
1136 4113 1401 4176 evellitur,
1429 4113 1482 4164 in
1511 4121 1688 4164 matu-

149 4194 343 4250 ritatem
365 4201 614 4263 veniens,
647 4215 808 4252 manu
839 4200 927 4253 vix
955 4209 1049 4254 aut
1080 4200 1225 4254 ferro
1249 4198 1570 4267 prmciditur.
1601 4199 1691 4254 Sic

149 4283 385 4341 nimirum
418 4289 530 4353 ille,
569 4288 837 4357 majorum
860 4289 1156 4346 ascendens
1194 4301 1437 4351 currum,
1472 4301 1687 4341 omnem

150 4367 423 4430 Ecclesiam
453 4379 788 4447 superbienn
822 4379 1075 4432 calcaneo
1105 4390 1426 4447 supponere,
1477 4376 1689 4430 calean-

1790 3235 1900 3279 tota
1942 3229 2180 3282 Ecclesia
2225 3229 2400 3281 lanata
2441 3235 2551 3289 est;
2595 3239 2820 3292 sperans
2857 3222 3238 3274 Sacerdotium
3295 3231 3349 3272 et

1789 3314 2054 3386 Regnum,
2100 3317 2193 3368 Dei
2242 3315 2412 3384 gratia
2455 3307 2984 3376 coadunandnm,ad
3010 3311 3366 3379 purgandum.-

1786 3420 1944 3458 omne
1965 3406 2109 3478 quod
2144 3405 2197 3457 in
2243 3405 2359 3472 ipsa
2398 3403 2629 3472 sparsim
2670 3400 3013 3453 incumbebat
3040 3400 3341 3478 sordidum.

1787 3491 1939 3555 Tunc
1972 3475 2254 3546 Lcommuni
2279 3493 2505 3546 consilio
2526 3491 2807 3552 deﬁnitum
2844 3497 2928 3540 est
2961 3496 3018 3540 ut
3057 3472 3162 3555 pro
3199 3497 3344 3542 tanta

1786 3599 1969 3647 causa,
1995 3593 2210 3652 tamque
2254 3583 2362 3635 Deo
2383 3583 2541 3650 digna
2566 3581 2794 3641 ratione,
2819 3578 2996 3646 Agnes
3033 3587 3203 3630 mater
3227 3579 3346 3646 ejus

1785 3672 2047 3740 Augusta,
2076 3687 2183 3723 una
2206 3686 2329 3722 eum
2352 3669 2750 3721 venorabilibns
2785 3665 3083 3733 Episcopis,
3109 3664 3343 3720 Ostiensi

1786 3761 2030 3814 videlicet
2050 3770 2104 3815 et
2125 3760 2476 3833 Praenestino,
2501 3774 2529 3810 a
2554 3760 2719 3810 latere
2735 3741 2944 3807 Domini
2962 3754 3116 3822 Papa:
3135 3756 3343 3817 missis,

1786 3851 1898 3919 (55)
1917 3849 2111 3918 Regem
2140 3864 2262 3901 cum
2286 3847 2608 3915 Apostolicis
2649 3845 2841 3897 litteris
2863 3845 3054 3904 adiret,
3086 3851 3163 3906 ut,
3198 3852 3344 3896 tanta

1787 3940 2144 4009 promissione
2157 3938 2484 4006 pereognita,
2504 3945 2708 3989 certum
2731 3936 2887 3985 linem
2903 3933 3056 3985 mala:
3073 3934 3146 3984 rei
3164 3934 3345 3984 haete-

1787 4044 1890 4081 nus
1933 4028 2236 4082 commissa:
2288 4028 2563 4094 imponere
2612 4024 2788 4075 vellet.
2833 4021 3004 4084 Quam
3075 4019 3183 4071 Rex
3230 4020 3344 4086 ipse

1786 4134 1909 4172 cum
1933 4117 2246 4171 memoratis
2272 4114 2596 4182 Apostolieis
2617 4111 2819 4163 nuntiis
2844 4108 3136 4162 honoriﬁce
3159 4124 3341 4160 susce-

1785 4205 1893 4272 pit:
1920 4218 2275 4270 reversusque
2304 4203 2369 4255 ad
2391 4217 2507 4264 cor,
2531 4200 2812 4267 ntjustum
2856 4196 2975 4258 fuit,
3005 4197 3057 4248 in
3089 4199 3342 4249 onuiibus

1786 4292 1896 4346 Deo
1935 4301 1990 4346 et
2037 4292 2094 4345 S.
2135 4293 2295 4346 Petro
2328 4291 2607 4344 satisfecit.
2635 4289 2904 4356 Quidquid
2952 4289 3112 4340 etiam
3159 4287 3340 4354 Legati

1785 4382 1887 4435 sibi
1929 4391 2412 4451 superposuerunt,
2454 4381 2752 4443 humillima
2782 4385 2958 4431 mente
2982 4385 3194 4442 portare
3223 4391 3342 4443 pro-

149 4459 365 4532 damqne
399 4466 664 4534 praebere,
705 4465 865 4518 vilem
913 4475 974 4520 ut
1021 4467 1293 4536 ancillam,
1339 4480 1440 4534 pro
1484 4466 1687 4520 viribus
1719 4469 1934 4524 Dmisit
1981 4471 2038 4523 in
2084 4472 2333 4524 manibus
2381 4483 2590 4530 eorum,
2636 4469 2703 4520 de
2733 4474 2912 4518 cetero
2956 4478 3012 4518 se
3041 4464 3352 4530 custodire,

141 4551 446 4606 conabatur.
476 4553 636 4619 Quod
689 4553 864 4607 scelus
912 4552 1155 4607 Romana
1189 4553 1424 4606 Ecclesia
1459 4568 1566 4606 non
1594 4553 1689 4628 te:
1725 4578 1732 4585 ο

152 4651 285 4703 rens,
315 4656 436 4708 qua
461 4652 628 4710 caput
667 4644 835 4697 totius
873 4641 1166 4711 Religionis
1189 4649 1243 4694 et
1276 4641 1529 4710 magistra
1573 4650 1685 4707 est;

150 4732 200 4777 et
217 4727 300 4780 cui
319 4739 548 4783 uinctos
577 4731 744 4785 seculi
783 4739 1026 4799 potentes
1050 4745 1160 4800 pm
1181 4730 1374 4784 ceteris
1397 4731 1684 4799 corrigere,

151 4814 553 4886 vatillantesqne
571 4819 907 4876 eonsolidare
925 4820 1198 4889 proprium
1213 4825 1315 4882 est,
1328 4818 1444 4887 ipso
1460 4819 1687 4874 Domino

153 4903 474 4972 μωρίωιε
491 4905 753 4974 Apostolo
780 4906 941 4962 Petro
970 4926 984 4961 :
1016 4906 1081 4959 Et
1118 4913 1176 4959 tu
1214 4907 1506 4976 aliquando
1555 4925 1687 4963 con-

153 5002 346 5049 venas.
383 4994 650 5048 conﬁrma
680 4993 876 5051 fratres
904 5010 1056 5062 tuos;
1102 4995 1293 5050 litteris
1338 5011 1462 5049 eum
1491 5012 1688 5052 conve-

153 5091 280 5146 nire,
309 5091 366 5136 et
400 5081 869 5138 commonefacere
901 5093 956 5139 et
987 5085 1276 5155 praedicare
1303 5085 1483 5159 cmpit.
1517 5086 1687 5154 Cujus

153 5165 335 5222 colam
354 5168 561 5231 Christi
585 5171 775 5239 iugum
815 5169 954 5228 ferre
996 5175 1258 5237 nescium,
1284 5173 1545 5227 libertatis
1574 5191 1687 5230 sua:

154 5251 715 5324 arﬁtrioinduratnm,
749 5258 849 5313 hac
881 5260 1108 5332 illaeque
1132 5260 1416 5318 avertendo
1447 5261 1682 5332 ditl‘ugit;

154 5354 284 5398 ,πο
297 5353 515 5414 more
532 5362 675 5402 nova
698 5361 917 5402 versans
933 5352 1180 5418 consilia,
1197 5361 1405 5420 tempus
1425 5334 1694 5419 Opportu:

467 5495 525 5576 δε
550 5495 974 5555 Octobris-anno
1004 5500 1158 5556 £056.
1193 5501 1472 5557 Borl‘eldia:
1520 5518 1686 5574 prope

217 5571 446 5616 mm
477 5565 696 5617 silvam.

157 5579 446 5616 ιιιπωιιιι
477 5579 696 5619 suram.

155 5625 710 5750 ³’(ξιίέινιῖιόιίωίιιιιι
737 5633 828 5687 lib.
863 5634 916 5688 2.
937 5649 1026 5735 ep.
1051 5635 1139 5701 50,
1161 5647 1217 5692 et
1236 5639 1297 5692 31
1333 5656 1346 5703 ;
1378 5638 1470 5691 lib.
1505 5639 1555 5692 5.
1593 5656 1680 5709 ep.

157 5733 208 5762 ν’
247 5733 262 5746 ι
292 5733 346 5749 ub
373 5733 454 5751 sv.
691 5745 696 5749 ι
937 5734 942 5735 ⁷
993 5749 998 5755 .

149 5765 160 5778 δ

165 6189 430 6261 me;
443 6243 480 6261 J
507 6253 518 6261 .

1788 4574 2085 4628 omnesque
2123 4558 2460 4611 Simoniacos
2493 4557 2770 4624 malosque
2794 4553 3136 4608 consiliarios
3169 4563 3223 4606 et
3244 4571 3341 4607 ex-

1786 4646 2210 4700 communicatos
2237 4662 2268 4699 a
2301 4655 2358 4700 Se
2399 4647 2583 4714 procul
2619 4645 2891 4712 repellere,
2931 4653 2985 4697 et
3019 4643 3112 4698 Dei
3157 4644 3340 4698 Eccle-

1786 4735 1944 4799 siam,
1969 4736 2265 4789 secundum
2290 4735 2617 4788 Canonicam
2655 4722 3066 4797 institutionem,
3091 4717 3183 4801 per
3207 4748 3338 4788 con-
3366 4734 3370 4739 ’
3413 4757 3418 4761 ·

1741 4895 1745 4899 _
1785 4824 1965 4878 silium
2006 4824 2163 4893 Papa:
2199 4824 2551 4878 ordinandam
2582 4825 3112 4891 componendamquc
3149 4822 3335 4876 dimit-

1784 4923 1912 4968 tere.
1928 4914 2024 4970 llis
2045 4915 2270 4982 aliisque
2286 4914 2466 4967 causis
2477 4911 2864 4974 determinatis,
2882 4910 2946 4963 ad
2968 4910 3338 4979 Apostolicum

1784 5006 1983 5058 reversi
2018 5013 2163 5058 sunt.

1850 5093 1938 5146 53.
1963 5091 2075 5144 Rex
2107 5082 2322 5157 quoque
2348 5103 2595 5157 reversus
2613 5088 2785 5142 estad
2829 5089 3014 5142 eadem
3054 5089 3333 5146 volutabra
3418 5125 3423 5128 -

1783 5180 1980 5248 quibus
2023 5179 2222 5230 involvi
2256 5156 2570 5244 consuerai;
2601 5179 2825 5233 credens
2871 5177 3126 5230 nimirum
3162 5168 3336 5246 magis

1783 5283 1895 5322 sua:
1916 5267 2208 5321 blandienti
2222 5268 2484 5322 voluntati
2507 5268 2769 5334 malisque
2789 5265 3137 5331 consiliariis,
3168 5283 3330 5334 quam

1783 5372 1929 5410 sana:
1971 5356 2240 5426 religioni.
2291 5357 2370 5411 Ad
2391 5356 2534 5426 quod
2576 5354 2951 5424 corrigendum
2995 5363 3166 5408 mater
3211 5355 3332 5420 ejus

1853 5507 2195 5582 (52)_§xtant
2219 5509 2304 5561 ba:
2337 5509 2527 5564 littera:
2558 5509 2699 5577 apud
2732 5506 3021 5582 Baronium
3053 5521 3140 5557 an.
3167 5502 3333 5559 1073.-

1783 5577 2699 5711 9u&)‘ﬁambcrtus'Scal'nabitrg.
2731 5635 2919 5693 asserit
2956 5616 3159 5711 Regem,
3195 5631 3329 5711 (de;
3426 5631 3433 5640 ’

1783 5708 2006 5762 bt'nmiu
2039 5710 2325 5779 Bumbcrgu
2357 5711 2606 5762 Pusrlmli
2643 5708 2963 5763 solemnitut:
3024 5708 3330 5776 A'ut‘enberg
