3902 6414
518 565 581 619 ω
1668 556 1671 559 ’
1713 569 1772 623 s.
1812 564 2071 622 ulti-Jour

2174 566 2202 616 5
2227 563 2253 615 κ
2270 565 2313 618 ll
2347 567 2539 622 PAPA.
3656 577 3724 636 (ἕο

519 678 758 747 Augusta
789 677 982 731 iterum
1010 699 1041 737 a
1064 682 1201 738 Sede
1221 690 1462 735 rtemann
1484 689 1652 734 nttssa
1675 689 1760 733 est
1786 696 1940 734 :cum
1961 695 2072 747 quo
2100 678 2145 731 Α
2170 692 2332 744 quam
2374 678 2606 736 infandae
2630 685 2996 752 permistionis
3037 687 3222 742 lolium
3246 691 3487 758 protulit.
3521 690 3724 751 Monuit

519 779 761 843 tempore.
781 771 963 841 aliquo
999 781 1335 833 conversata,
1375 770 1579 823 Sanctae
1616 767 1801 824 Matris
1826 768 2077 823 Ecclesiae

517 875 642 928 erga
667 862 814 914 illum
837 861 1085 914 allectum
1108 876 1322 915 outncm
1358 858 1587 927 aperuit.
1614 856 1708 912 Ille
1728 872 1855 913 vero
1870 859 2077 927 jactum

519 950 664 1003 verbi
719 966 901 1004 semen
945 950 1126 1003 cordis
1171 963 1302 1029 agro
1334 948 1559 1017 recepit;
1618 949 1734 1012 sed,
1778 948 2074 1003 secundum

520 1037 891 1108 Evangelicatn
923 1038 1254 1107 parabolam,
1284 1036 1414 1090 dum
1447 1045 1620 1090 mater
1641 1037 1791 1101 serit,
1814 1037 1961 1091 aliud
1984 1052 2075 1091 ce-

517 1128 649 1181 cidit
680 1142 838 1182 secus
864 1128 1026 1189 viam,
1063 1126 1207 1195 quod
1232 1134 1341 1179 tam
1375 1124 1629 1180 humanis
1649 1126 1927 1194 gressibus
1947 1140 2077 1180 con-

517 1216 808 1277 culcatumt
831 1229 993 1285 quam
1024 1230 1053 1268 a
1077 1214 1391 1269 volucribus
1404 1224 1487 1269 est
1504 1223 1747 1283 raptum;
1783 1215 1929 1269 aliud
1951 1229 2078 1281 vero

519 1305 659 1358 inter
688 1305 892 1373 spinas,
908 1312 962 1357 et
977 1305 1045 1357 ab
1072 1305 1276 1358 exortis
1297 1303 1641 1368 suﬁocatum,
1671 1301 1917 1359 fructum
1938 1304 2078 1360 ferre

521 1409 626 1447 non
652 1394 845 1456 valuit;
874 1393 1017 1446 aliud
1053 1407 1180 1446 vero
1208 1407 1369 1460 super
1393 1393 1583 1462 rapidei
1609 1392 1789 1447 cordis
1820 1394 2076 1449 duritiam

513 1483 740 1551 jactutn,
771 1482 1021 1536 adustum
1060 1482 1191 1535 solis
1219 1482 1433 1545 ardore,
1472 1482 1682 1536 radices
1721 1480 1920 1536 habere
1967 1472 2105 1537 non-

519 1573 707 1638 potuit.
764 1570 864 1624 Per
908 1571 1175 1624 humanos
1224 1569 1443 1638 quidem
1489 1585 1748 1640 gressus,
1808 1571 2076 1625 malorum

519 1661 819 1723 hominum,
853 1660 1049 1728 quibus
1096 1659 1364 1722 utebatur,
1400 1657 1657 1722 consilia;
1695 1674 1790 1727 per
1827 1660 2076 1715 volucres

516 1764 663 1811 vero,
690 1748 1088 1802 immundorum
1112 1745 1398 1816 spirituum
1424 1747 1823 1819 suggestioncs;
1847 1763 1942 1816 per
1961 1748 2074 1816 spi-

498 1853 615 1891 nas
645 1851 793 1898 vero,
825 1836 1041 1889 divitias
1088 1835 1366 1903 regiasque
1395 1835 1718 1903 voluptates,
1753 1851 1848 1905 per
1870 1845 2073 1904 petram
2102 1876 2109 1881 ρ

514 1940 674 1994 vero,
689 1926 944 1979 duritiam
977 1925 1155 1977 cordis
1178 1923 1494 1993 signiﬁcari,
1529 1925 1826 1993 intelligere
1851 1926 2077 1993 quilibet

513 2025 761 2068 sensatus
806 2014 1021 2083 poterit.
1067 2013 1272 2066 Moram
1334 2021 1517 2067 autem
1559 2013 1792 2068 faciente
1848 2011 2074 2082 Regina,

2176 770 2425 838 equidem
2473 772 2698 844 Regem,
2723 777 2936 832 interim
2962 793 3020 832 se
3060 779 3130 833 ab
3152 780 3319 835 armis
3347 784 3721 851 suspenderet,

2174 858 2347 915 donec
2373 878 2404 916 e
2452 862 2728 941 Sasonum
2772 852 3016 936 partibus
3046 870 3265 924 nuntios
3307 871 3566 948 haberet:
3610 872 3720 929 Rex

2176 965 2326 1017 vero,
2366 968 2475 1006 non
2516 956 2868 1024 acquiescens
2898 959 3091 1012 litteris
3131 968 3184 1012 ct
3213 962 3722 1018 commonitionibus

2175 1037 2382 1108 Patris,
2432 1053 2606 1098 terras
2650 1044 2898 1102 Saxonize
2937 1048 3188 1113 intravit;
3245 1050 3339 1103 ubi
3379 1066 3445 1104 ex
3500 1058 3723 1120 utraque

2175 1139 2363 1198 parte,
2399 1132 2677 1189 hominum
2713 1138 2945 1204 peccatis
2975 1139 3334 1212 exigentibus,
3375 1139 3578 1194 multus
3617 1139 3721 1195 hu-

2178 1236 2373 1279 manus
2399 1227 2622 1296 sanguis
2660 1225 2870 1282 effusus
2903 1238 3003 1282 est.
3057 1227 3219 1299 Regis
3250 1235 3430 1283 tamen
3468 1229 3524 1281 in
3551 1229 3722 1283 mani-

2176 1312 2299 1380 bus,
2318 1318 2468 1385 justo
2507 1316 2601 1373 Dei
2628 1318 2857 1386 judicio,
2893 1318 3115 1378 victoria
3155 1320 3279 1373 data
3316 1319 3450 1387 (56),
3476 1331 3576 1387 pro
3593 1332 3721 1388 qua,

2176 1405 2281 1458 sub
2330 1393 2583 1462 manibbs
2634 1394 2849 1463 Domini
2893 1408 3166 1463 humiliari
3221 1407 3427 1473 debuit,
3467 1416 3721 1475 tanquam

2177 1493 2379 1562 ignitus
2409 1505 2464 1550 et
2498 1498 2690 1565 spiritu
2728 1489 2981 1558 dlationis
3019 1497 3271 1563 inﬂatus,
3309 1505 3498 1552 contra
3547 1496 3721 1565 ipsum

2176 1582 2450 1639 intumuit.
2473 1585 2608 1641 Nam
2637 1599 2833 1644 cuncta
2875 1605 2996 1658 qua:
3022 1589 3229 1659 pridem
3250 1603 3346 1657 νει·
3361 1584 3602 1648 Μθίνθων
3628 1599 3725 1662 Pe"
3752 1644 3755 1647 ι

2176 1672 2491 1745 Ευίεεθβοε,
2530 1694 2625 1748 pcr
2648 1679 2907 1746 Clericos,
2945 1695 3041 1749 per
3071 1692 3384 1734 communes
3418 1675 3633 1729 nuntios
3671 1681 3726 1729 et

2176 1765 2416 1834 privatos
2458 1778 2614 1822 antea
2645 1771 2968 1839 promiserat
3011 1786 3025 1822 :
3055 1768 3430 1841 postmodum,
3468 1766 3595 1834 quia
3633 1778 3723 1818 se-

2174 1869 2360 1920 curus,
2400 1857 2453 1910 in
2500 1858 2708 1913 irritum
2734 1861 2905 1914 duxit.
2945 1859 3219 1928 Siquidem
3264 1854 3551 1918 Ecclesias,
3588 1869 3726 1922 quas

2108 1979 2151 2033 Β
2178 1943 2232 1996 in
2257 1946 2508 2001 manibus
2528 1946 2742 2003 Domini
2761 1947 3277 2020 Papzecorrigendas
3300 1945 3403 1999 sub
3415 1944 3726 2013 juramento

2182 2045 2455 2102 posuerat,
2498 2053 2605 2092 non
2662 2041 2837 2095 solum
2880 2056 2986 2094 non
3015 2037 3250 2103 dimisit;
3276 2050 3476 2096 verum
3524 2034 3723 2101 etiam,

514 2119 641 2195 ξνθδ
672 2103 1094 2195 ί¹⁰ν¹Ἶ¹¹ξΨιίξτ²⁵
1125 2102 1265 2181 Papa
1303 2101 1471 2195 mis“:
1502 2110 1565 2155 ¹¹ί
1594 2102 2011 2195 ίηδυτθίῘθτιξο
2027 2112 2082 2157 εί
2179 2101 2366 2181 contra
2404 2127 2695 2184 decretales
2720 2129 2937 2185 Patrum
2983 2101 3363 2191 institutiones,
3403 2124 3725 2195 quibusdam

512 2192 814 2245 liberationi
838 2191 961 2255 ﬁlii;
987 2191 1270 2259 ipsumque.
1289 2191 1496 2259 rogavit
1519 2200 1600 2253 ut,
1622 2191 2078 2260 quemadmodum

509 2289 566 2341 in
598 2282 789 2335 litteris
819 2281 920 2336 sibi
944 2280 1071 2334 olim
1109 2280 1294 2334 missis
1320 2280 1432 2349 (54)
1466 2281 1870 2347 continebatur,
1905 2280 2078 2350 Lega-

512 2378 801 2438 torumque
832 2370 888 2423 iu
917 2369 1168 2421 manibus
1189 2369 1479 2436 promissio
1508 2379 1561 2423 et
1584 2369 1717 2423 ﬁdes
1743 2370 1869 2424 data
1893 2378 2080 2423 osten-

508 2460 681 2522 derat,
723 2459 801 2511 sic
841 2473 900 2511 se
935 2457 1260 2522 custodiret;
1298 2467 1352 2510 et
1407 2459 1642 2513 maxime
1688 2474 1718 2512 a
1767 2457 2077 2514 Simoniaea

510 2547 723 2613 haeresi,
766 2563 873 2616 qua
933 2545 1241 2609 insudabat,
1278 2547 1527 2615 spiritum
1565 2563 1726 2603 suum
1771 2549 2074 2616 cohiberet;

507 2637 1009 2692 cxcommunicatos
1042 2634 1404 2700 consiliarios,
1455 2651 1593 2705 quos
1626 2651 1727 2705 pro
1773 2638 1945 2692 salute
1977 2653 2074 2692 sua

509 2728 771 2797 regnique
813 2734 955 2781 statu
1000 2724 1309 2793 Apostolica
1357 2724 1523 2780 Sedes
1555 2735 1610 2779 et
1644 2725 1894 2796 Synodus
1929 2727 2076 2795 juste

509 2820 882 2878 damnaverat,
909 2815 1095 2883 procul
1119 2813 1398 2881 abjiccret,
1431 2830 1498 2867 ne
1529 2815 1583 2867 in
1616 2816 1861 2868 eamdem
1901 2815 2073 2868 ntale-

504 2907 799 2959 dictionem
833 2903 1110 2957 incideret.
1150 2901 1351 2972 Regina
1404 2901 1631 2957 Romam
1673 2912 1968 2968 revertens,
2005 2907 2072 2958 li-

507 2996 638 3049 lium
667 2995 735 3048 ad
786 2992 879 3046 Dei
906 2992 1173 3062 justitiam
1204 3001 1259 3045 et
1292 2992 1552 3046 honorem
1593 2992 1908 3046 inclinatum
1956 2992 2072 3049 fore

505 3085 736 3139 asseruit
761 3102 773 3137 :
797 3083 885 3136 cui
922 3096 1031 3135 non
1068 3082 1239 3134 multo
1264 3091 1387 3150 post
1425 3082 1701 3136 vacillanti
1732 3080 2071 3139 blandientes

440 3160 447 3166 '
500 3183 559 3227 et
584 3174 789 3227 idonea:
822 3172 1012 3224 littcrte
1048 3168 1132 3223 bis
1163 3170 1343 3224 missae
1377 3179 1506 3224 sunt
1537 3171 1669 3241 (53).

698 3260 791 3314 Illo
810 3260 1028 3329 quidem
1058 3268 1299 3329 tempore
1324 3259 1589 3329 Saxones,
1626 3260 1896 3329 quoniam
1918 3261 2069 3315 vide-
2098 3280 2139 3336 (ι
2171 3259 2460 3330 ξ³¹τδ”¹¹“³
2499 3259 2618 3330 fw",
2657 3259 2930 3330 ‘""“"f“"'
2978 3259 3333 3330 ‘f"_"’“"f"',‘“°
3387 3259 3488 3285 δι’
3547 3259 3725 3301 “ww

575 3361 627 3389 nl
659 3352 725 3389 ειι.
747 3351 1141 3389 ρηυιιιίιιιίιηη
1165 3348 1454 3389 nrmlnlilm-
1477 3349 1695 3389 h-nntnri
1744 3349 2071 3389 unanimitat-
2174 3326 2376 3372 "nerea
2430 3326 2622 3387 agna"
2678 3319 2864 3373 mulus
2908 3319 3358 3372 solhcnudmlbus
3390 3338 3403 3370 ἶ
3461 3322 3725 3389 quoniam

459 3394 463 3398 .
501 3352 632 3405 bant
657 3352 725 3404 ab
747 3366 820 3404 eo
839 3366 896 3403 se.
915 3351 1141 3401 nimium
1165 3348 1454 3402 crudeliter
1477 3349 1718 3414 tractari,
1744 3349 2071 3403 unanimiter

502 3441 945 3508 conspiraverunt
994 3446 1053 3491 ut
1115 3453 1212 3505 pro
1258 3435 1399 3506 Rege
1459 3438 1611 3491 illum
1680 3440 1913 3507 amplius
1959 3455 2069 3493 non

502 3530 780 3583 haberent.
822 3527 973 3581 Tunc
1017 3537 1239 3582 coactus
1269 3526 1539 3595 supplices
1578 3527 1643 3580 ad
1696 3526 2068 3596 Apostolicum

502 3618 706 3673 litteras
730 3618 944 3681 direxit,
993 3633 1159 3671 orans
1193 3624 1252 3670 ut
1272 3617 1386 3671 s‘uis
1416 3616 1764 3671 orationibus
1788 3632 2067 3671 commen-

501 3708 685 3760 datum
712 3708 1010 3774 susciperet
1022 3715 1290 3774 quatenus
1309 3720 1431 3758 eum
1459 3705 1525 3758 de
1547 3713 1657 3758 tam
1681 3705 1952 3759 horrendo
1973 3721 2071 3773 pa:

503 3795 997 3866 vendoquejudicio
1022 3796 1136 3865 jam
1161 3794 1486 3858 imminenti,
1502 3794 1619 3847 suis
1643 3794 1849 3847 meritis
1869 3795 2068 3848 excelsi

480 3877 662 3957 Regis
675 3888 875 3941 dextra:
888 3887 1152 3954 eriperet;
1196 3886 1390 3937 iterum
1415 3885 1721 3952 iterumque
1744 3885 2066 3952 promittens

501 3977 577 4031 nil
624 3991 865 4046 unquam
923 3974 1158 4043 amplius
1207 3972 1275 4027 de
1321 3972 1568 4027 ecclesiis
1597 3971 1691 4025 Dei
1718 3963 1895 4027 faeere
1923 3974 2069 4041 quod

502 4067 674 4118 sancti
696 4067 946 4119 (lationes
968 4063 1358 4132 reprehendere
1373 4071 1614 4130 possent.
1627 4048 1805 4132 Cujus
1820 4063 2070 4132 precibus

503 4161 685 4208 motus
724 4153 864 4223 Papa
926 4153 1128 4207 eisdem
1175 4150 1484 4206 Saxonibus
1511 4152 1718 4206 litteras
1754 4160 1809 4206 et
1848 4153 2067 4207 nuntios

501 4243 648 4297 misit
672 4262 687 4308 ;
723 4252 778 4298 et
798 4244 942 4297 circa
967 4243 1211 4311 ejusdem
1252 4240 1413 4311 Regis
1444 4242 1654 4296 radices
1676 4240 1906 4304 fodiens,
1927 4256 2067 4308 pne-

501 4334 812 4388 dicationis-
840 4349 953 4388 sua:
989 4333 1251 4402 cophinos
1278 4332 1446 4395 misit,
1491 4340 1817 4400 exspectans
1863 4330 2072 4385 scilicet

502 4432 561 4477 ut
585 4438 804 4494 grossos
824 4438 887 4476 ex
908 4422 1011 4475 ﬁcu
1039 4422 1291 4489 colligere
1311 4430 1516 4489 posset,
1543 4421 1668 4482 Sed,
1689 4421 1829 4474 unde
1854 4435 2069 4475 sumere

502 4513 746 4567 humoris
782 4513 907 4566 boui
936 4511 1325 4580 plenitudinem
1368 4510 1573 4573 debuit,
1598 4510 1721 4562 inde
1765 4517 1888 4577 post
1923 4525 2067 4564 mar-

2178 2218 2435 2272 atlulteris
2464 2226 2518 2272 et
2541 2218 2865 2276 Simoniaeis
2903 2221 3004 2275 sub
3029 2219 3341 2293 investitura
3381 2214 3722 2272 contradidit.

2179 2306 2322 2361 Inter
2352 2323 2490 2379 quos
2510 2309 2672 2363 etiam
2711 2309 3044 2364 Gotcl‘ridum
3072 2309 3206 2377 (57),
3233 2316 3451 2378 propter
3472 2306 3727 2362 Ecclesia!

2175 2396 2589 2453 Mediolanensis
2617 2399 2950 2455 invasionem
2980 2399 3504 2453 excommunicatum
3523 2437 3538 2461 ,
3575 2397 3725 2466 ejus-

2176 2487 2296 2541 dem
2321 2487 2616 2542 invasionis
2639 2487 2903 2542 adulterio
2922 2489 3190 2543 investivit
3206 2505 3222 2555 ;
3238 2488 3434 2542 Altono
3460 2484 3572 2557 (58)
3599 2501 3726 2542 cum

2174 2575 2317 2645 Papa
2355 2562 2632 2640 morante,
2678 2591 2841 2645 quem
2883 2577 3342 2647 archiepiscopum
3367 2578 3562 2631 melior
3599 2591 3728 2645 pars

2174 2667 2333 2731 cleri,
2380 2675 2434 2720 et
2464 2666 2647 2735 populi
2699 2682 2856 2721 suum
2902 2665 3188 2721 Dominum
3229 2667 3520 2738 elegerant.
3570 2665 3729 2723 Dedit

2172 2757 2334 2811 etiam
2358 2755 2684 2825 Eirmanam,
2700 2765 2755 2810 et
2782 2755 3121 2826 Spoletanam
3147 2756 3372 2829 (59).....
3543 2754 3561 2772 '

2756 2867 2984 2922 CAPUT
3023 2867 3134 2923 VII.

2172 2957 2412 3029 Synodus
2449 2958 2628 3013 Romen
2651 2976 2684 3012 a
2732 2958 2979 3029 Gregorio
3007 2957 3265 3029 celebrata
3308 2968 3492 3012 contra
3522 2959 3731 3016 Henri-

2341 3030 2552 3083 ct'anum
2581 3025 2994 3082 conventiculum
3030 3025 3317 3096 Moguntina
3349 3036 3544 3082 actum.

2238 3141 2324 3194 55.
2346 3138 2440 3194 llis
2456 3134 2634 3194 autem
2651 3139 2717 3194 ad
2739 3138 3098 3208 Apostolicam
3116 3138 3306 3194 Sedem
3322 3141 3560 3211 perlatis,
3578 3141 3724 3212 Papa

2170 3228 2460 3298 Gregorius
2505 3244 2612 3282 non
2656 3229 2930 3283 modicum
2978 3228 3333 3283 conturbatus
3387 3239 3488 3285 est.
3547 3230 3728 3301 Ocepit

2171 3416 2367 3463 cuncta
2402 3423 2522 3476 quae
2578 3408 2645 3462 ad
2688 3421 2875 3477 pacem
2904 3397 3189 3476 provenire
3217 3416 3542 3476 speraverat,
3585 3412 3727 3466 verti

2172 3498 2225 3550 in
2256 3498 2526 3551 contraria
2563 3484 2936 3566 perspiciebat.
2970 3498 3206 3555 Tandem
3257 3514 3451 3554 causas
3487 3500 3727 3568 aliquas,

2170 3588 2271 3642 sibi
2289 3604 2382 3657 per
2395 3590 2657 3658 quosdam
2679 3588 2907 3659 Legatos
2927 3598 3130 3645 secrete
3157 3591 3373 3655 missas,
3394 3589 3727 3658 quibusdam

2168 3679 2415 3745 personis
2460 3679 2812 3747 honestisque
2841 3681 2973 3734 viris
3018 3679 3299 3748 patefecit;
3339 3689 3399 3732 ut
3424 3680 3730 3748 perpende.

2169 3775 2288 3818 rent
2304 3767 2431 3835 quid
2471 3782 2630 3836 super
2658 3771 2744 3824 bis
2769 3771 3110 3824 statuendum
3144 3768 3301 3823 foret.
3326 3767 3516 3824 Tantis
3538 3769 3731 3839 itaque

2168 3860 2636 3926 promissionibus,
2655 3862 2765 3915 imo
2778 3862 3212 3917 simulationibus
3231 3861 3506 3930 inspectis,
3530 3875 3731 3916 omnes

2169 3948 2355 4001 mirari
2391 3959 2689 4018 cmperunt.
2719 3949 2951 4016 Verum,
2981 3966 3048 4005 ne
3095 3950 3338 4006 Romana
3378 3950 3544 4006 Sedes
3570 3951 3732 4007 vide-

2169 4047 2320 4107 retur
2340 4036 2542 4108 aliquid
2559 4040 2758 4109 injuste
2782 4057 2875 4096 seu
2893 4043 3291 4112 prmcipitanter
3319 4057 3498 4112 agere,
3527 4042 3728 4095 deﬁni-

2169 4138 2284 4182 tum
2301 4139 2385 4183 est
2417 4138 2478 4183 ut
2513 4131 2685 4187 eidem
2706 4131 2835 4202 Regi
2855 4123 3292 4188 acrioreslitterae
3316 4132 3692 4186 scriberentur
3708 4173 3726 4198 ,

2169 4221 2223 4274 in
2246 4224 2444 4290 quibus
2466 4224 2621 4293 plene
2664 4233 3015 4293 cognosceret
3046 4224 3194 4279 nullo
3239 4223 3432 4280 timore
3468 4239 3730 4280 amoreve

2162 4310 2433 4377 justitiam
2491 4315 2759 4370 dimittere
2819 4330 2978 4385 posse
3044 4314 3347 4370 Romanum
3414 4315 3725 4370 Pastorem.

2171 4402 2397 4472 Scripsit
2422 4412 2599 4459 autem
2632 4406 2699 4459 ad
2737 4405 3033 4461 Beatriccm
3067 4410 3291 4474 ejusque
3313 4405 3475 4458 tiliam
3505 4403 3731 4459 Mathil-
3778 4440 3785 4443 -

2167 4497 2322 4563 dem,
2351 4513 2472 4568 quae
2495 4508 2622 4552 tunc
2647 4498 2907 4567 temporis
2929 4494 3133 4550 Italiam
3162 4502 3332 4548 totam
3375 4509 3485 4563 pra:
3507 4496 3730 4552 caeteris

502 4602 657 4657 cidus
690 4604 870 4655 aruit:
923 4610 978 4654 et
1015 4606 1325 4669 exspectata
1370 4598 1497 4652 vitis
1523 4598 1589 4652 ad
1631 4597 1857 4668 pingues
1880 4599 2067 4654 botros
2099 4590 2569 4661 oaubcrnabant,
2622 4588 2691 4642 ad
2734 4588 2982 4641 eumdem
3039 4600 3253 4655 regem.
3298 4586 3366 4639 ad
3410 4585 3726 4639 invasol‘em

502 4691 802 4755 ferendum,
828 4690 1108 4743 labruscas
1128 4690 1261 4742 viles
1284 4697 1339 4742 et
1357 4688 1524 4742 exiles
1540 4688 1774 4757 portavit
1799 4706 1813 4753 ;
1836 4696 1890 4741 et
1909 4704 2062 4758 seges

502 4781 650 4836 l'uliis
669 4780 1069 4850 pulchrioribus
1090 4785 1301 4842 ornata,
1342 4778 1539 4830 messis
1558 4788 1797 4847 tempore
1826 4779 1900 4832 nil
1915 4779 2061 4833 aliud

568 4957 786 5009 rrext'sse
807 4949 1234 5018 obricmtlmgntis
1261 4947 1549 5018 Apotolicre
1579 4946 1749 5011 Sedis,
1773 4957 1827 5003 et
1849 4950 2061 5005 duobus

568 4974 786 5009 rrextsse
807 4974 1011 5005 ostrum
1026 4974 1234 5018 hrgmrn
1261 4974 1549 5016 :lpUlUtu'ﬂ?
1579 4974 1749 5011 acuta,
1773 4974 1827 5003 υι
1849 4974 2060 5005 tiu-Imus

503 4974 591 5080 me
606 5024 861 5086 indicatis
887 5020 1160 5074 adduntur
1179 5016 1466 5085 Episcopus
1484 5015 1753 5072 Curicust's
1772 5030 1820 5072 et
1841 5018 2060 5088 Episco-

502 5110 598 5163 pus
623 5090 916 5163 Cupiens“.

575 5163 687 5236 ea)
724 5158 820 5236 ,εει
848 5172 911 5236 ea
941 5153 1413 5236 evj§t°l9.§5-.!ib-
1433 5153 1496 5236 ,ι-

573 5223 687 5298 (55;
712 5227 860 5298 sum
889 5223 1079 5298 esse:
1105 5233 1159 5298 et
1181 5224 1268 5298 st.
1301 5223 1392 5298 lib.
1427 5224 1476 5298 ᾳ.

575 5290 685 5368 (56)
710 5296 1006 5368 Monachus
1023 5290 1411 5368 llerl’eldensis,
1428 5292 1483 5345 in
1503 5290 1777 5368 Chronico
1798 5292 2059 5368 historico

504 5359 827 5425 Germanias,
861 5365 968 5418 late
996 5362 1125 5416 'hoc
1151 5359 1361 5430 bellum
1380 5360 1658 5430 describit,
1690 5377 1721 5414 a
1775 5376 1895 5430 pag.
1934 5362 2056 5416 7M.

492 5446 654 5499 ,tomo
699 5432 737 5485 Ι.
797 5434 1132 5501 Scriptorum
1170 5429 1464 5501 illustrium
1521 5427 2059 5501 Germaniaehcuso

506 5505 725 5560 ltasilea:
753 5517 896 5556 anno
920 5498 1084 5554 15η.
1115 5498 1244 5553 item
1268 5498 1450 5550 Bruno
1480 5498 1778 5550 monachus
1818 5498 1884 5550 de
1914 5498 2060 5552 Bello

506 5571 794 5635 Saxonico,
813 5579 960 5623 tonto
985 5568 1024 5621 l.
1044 5568 1377 5635 Scriptorum
1396 5565 1839 5620 Germanicarum
1860 5565 2059 5621 Rerutn

503 5643 601 5710 per
625 5641 913 5710 Preller-um
938 5640 1101 5710 edito.

574 5711 685 5777 (ΞΠ)
713 5707 1119 5778 Ξείὶιιρςοήειε,
1166 5705 1388 5778 epistola
1439 5706 1504 5758 15
1540 5705 1633 5778 lib.
1666 5704 1713 5757 Ι.
1762 5703 1826 5757 ad
1871 5719 2060 5760 omnes

503 5774 702 5833 Christi
728 5774 1004 5832 tidele‘s'in
1032 5774 1376 5838 Lombardia,
1403 5774 1615 5826 nuntiat
1645 5787 1704 5824 se
1743 5787 2059 5826 excommu-

504 5848 712 5901 tticasse
742 5845 1093 5915 (.‘otefrrdmn,
1123 5842 1266 5909 quod
1293 5841 1598 5896 Simoniace
1617 5839 1907 5895 Ecclesiatn
1951 5842 2060 5897 Meo

2166 4681 2634 4744 Mcdiolanensem,
2662 4679 2728 4732 ad
2760 4676 3142 4748 Suffraganeos
3169 4691 3377 4730 omnes.

2234 4775 2321 4830 56.
2353 4773 2504 4827 Tunc
2530 4771 2663 4836 Rex,
2688 4770 2837 4841 gravi
2861 4781 3092 4824 mmrore
3109 4773 3164 4820 et
3189 4765 3384 4819 timore
3409 4773 3728 4833 correptus,

2162 4948 2529 5000 diolanenscm
2551 4944 2913 5001 occupaverit.

2232 5015 2634 5097 (ἒίδωιιριιιρςο
2680 5006 2903 5097 Haec"?
2924 5012 3081 5097 Ανκξν
3106 5006 3729 5097 ςιετὲἓὲὶὲξῐῑιὶὶθξίὲξιί

2160 5073 2404 5154 collegii,
2442 5073 2644 5154 electus
2675 5073 2833 5154 1076,
2859 5084 2927 5154 de
2958 5073 3077 5151 quo
3094 5088 3159 5154 et_
3166 5077 3592 5154 perturbatione
3614 5073 3729 5154 1:39-

2158 5143 2340 5212 clesia?
2362 5143 2775 5217 Mediolanensis
2804 5143 2907 5219 legi
2940 5143 3120 5203 potest
3138 5143 3395 5215 Ugbellus
3430 5146 3485 5198 in
3517 5143 3729 5199 Archi-

2159 5218 2918 5290 episc.hlediolan.col.l5li.
3220 5286 3252 5290 _
3360 5281 3375 5290 _
3419 5277 3465 5290 η
3569 5277 3582 5290 ,

2230 5290 2341 5363 (59)
2379 5289 2451 5363 S._
2481 5289 2774 5359 Gregorius
2796 5287 2953 5363 epist.
2982 5285 3068 5363 l_5.
3100 5286 3193 5363 lib.
3220 5286 3275 5363 '5.
3300 5281 3377 5363 ad
3419 5277 3726 5363 genrieum

2160 5346 2358 5429 Regem
2372 5346 2848 5429 κείϐοηιινιῖσιαιιιεαξ
2876 5357 3071 5429 inquit,
3098 5351 3412 5429 Apostoljcw
3427 5346 3589 5429 Sedis.
3599 5357 3729 5429 tra-

2158 5418 2341 5484 didisti
2358 5428 2669 5483 Firmanant
2686 5435 2737 5480 et
2762 5418 3474 5492 Spoletinamr-Ecglesiam...
3497 5418 3731 5492 egitra-

2158 5500 2283 5552 dum
2306 5497 2729 5580 perueniant)“:
2756 5483 2915 5580 ‘ct't'a‘r‘n
2943 5491 3154 5580 ignotis.
3196 5490 3483 5580 FirmJan‘an

2158 5552 2364 5637 accepit
2420 5564 2762 5621 Griffo.anus
2780 5604 2795 5629 ,
2851 5552 3193 5630 Spoletanam
3225 5558 3442 5627 quidam
3502 5552 3731 5634 nation!

2163 5636 2441 5701 Teutonus,
2461 5651 2599 5705 quos
2620 5634 2809 5705 ambos
2833 5629 2897 5705 δ’ἒ
2914 5629 3204 5705 Gregorrqs
3223 5628 3732 5705 excommttmcavtt

2157 5689 2219 5761 et,
2242 5689 2507 5761 desedi".
2558 5689 3093 5772 deposuit:_(19ns_ttvle
3141 5689 3423 5765 Ughellum
3462 5689 3519 5753 in
3552 5689 3731 5747 dictis

2160 5759 2457 5846 Episcopis,
2494 5759 2663 5827 tome.
2692 5770 2712 5822 l
2735 5777 2789 5823 et
2810 5765 2872 5821 ll.
2904 5759 3067 5821 italis
3095 5759 3278 5821 satiat.
