3902 6360
128 505 186 559 tit)
577 550 582 554 .
1146 505 1669 561 PROLEGOMENA.
1713 533 1784 544 -ν

1809 501 1989 556 ACTA
2027 504 2082 556 ὃ.
2123 502 2466 590 Ulli-360R".
2729 587 2733 590 ι
3363 507 3432 560 70

138 620 233 672 hac
257 617 514 688 illacquc
548 629 768 675 mente
822 618 1109 674 furibunda
1137 626 1516 673 transcurrens
1536 658 1552 683 ,
1575 631 1764 671 omnes
1794 617 1837 670 Α
1863 623 1946 668 est
1972 623 2029 668 ut
2065 613 2208 692 facto
2259 616 2588 668 anathemati
2624 614 3040 673 subscribereut.
3071 621 3422 693 Congregatis

150 724 272 762 suos
310 724 572 778 nequam
623 710 1002 764 consiliarios
1043 707 1323 762 advocavit
1374 725 1387 760 :
1425 706 1671 762 deductis
1710 705 1763 757 in

158 800 394 853 medium
411 800 727 854 nonnullis
749 799 1130 865 seductoribus
1145 805 1272 850 ante
1287 811 1550 865 perversa:
1573 794 1766 848 mentis

168 889 408 951 occultis,
433 890 538 957 qui
564 890 768 957 plura,
796 889 1002 958 quibus
1027 887 1264 941 humana
1293 900 1445 939 mens
1466 884 1576 938 falli
1608 884 1763 950 solet,

178 987 625 1048 proposuerunt;
684 993 849 1044 regni
892 977 1152 1030 honorem
1191 989 1222 1027 a
1259 973 1418 1027 Patre
1457 974 1763 1035 dimissum,

187 1069 414 1122 liberum
436 1067 769 1130 arbitrium,
799 1081 931 1135 opes
950 1064 1206 1128 inﬁnitas,
1230 1062 1766 1116 militum-abundan-

195 1159 318 1211 tiam
343 1165 399 1210 et
444 1156 859 1218 fortitudinem,
893 1153 1206 1222 Episcopos,
1239 1151 1432 1216 Duces,
1462 1149 1764 1221 Tyrannos,

193 1256 249 1300 et
294 1247 398 1300 sub
426 1246 695 1298 ﬁdelitate
727 1244 1011 1312 Principes
1031 1243 1377 1307 constrictos,
1409 1244 1766 1312 superborum

195 1335 358 1386 etiam
409 1334 550 1387 colla
608 1349 713 1388 suo
756 1334 890 1403 jugo
931 1332 1192 1395 contrita,
1239 1341 1506 1400 qumstum
1549 1333 1768 1399 insuper

197 1423 571 1478 Eeclesiarurn
598 1424 717 1478 suis
738 1423 988 1476 manibus
1011 1421 1353 1485 traditarum,
1378 1431 1433 1475 et
1454 1421 1620 1475 multa
1663 1421 1766 1474 alia

195 1529 342 1583 quae,
376 1523 438 1566 ut
454 1513 720 1575 diximus,
739 1511 1062 1571 secularium
1099 1518 1306 1563 mentes
1332 1511 1596 1564 illiciunt:
1630 1511 1768 1564 inter

193 1618 342 1670 quos
370 1601 485 1671 (60)
513 1601 863 1672 Moguntinus
906 1599 1008 1653 fuit
1055 1599 1529 1668 Archiepiscopus,
1550 1608 1604 1652 et
1639 1598 1765 1652 reli-

191 1691 292 1758 qui
335 1691 434 1745 oui
480 1689 583 1744 sub
609 1690 728 1758 ipso
765 1690 1028 1758 degebant
1053 1687 1411 1755 Suffraganei.
1441 1687 1602 1742 Facta
1637 1701 1767 1741 vero

190 1783 291 1834 tali
314 1796 342 1833 η
382 1788 696 1846 mentione,
718 1787 1025 1833 statuerunt
1063 1777 1432 1846 utlmperialis
1454 1778 1766 1831 constitutio

191 1877 434 1922 cunctos
459 1870 518 1922 in
549 1855 650 1923 suo
673 1884 842 1938 regno
877 1875 1155 1922 manentes
1183 1867 1499 1936 Episcopos,
1523 1868 1766 1920 cursori-

190 1960 304 2012 bus
343 1959 550 2027 ubique
576 1959 780 2024 missis,
826 1967 950 2012 ante
991 1973 1146 2012 suam
1189 1959 1528 2026 prtescntiam
1556 1958 1769 2026 juberct

189 2048 464 2103 assistere
497 2046 636 2116 (6|);
662 2055 736 2113 et,
772 2047 1089 2101 coadunatis
1116 2047 1368 2101 omnibus
1441 2049 1768 2104 anathemati

186 2136 350 2204 quod
390 2134 740 2204 Moguntinus
783 2136 1069 2192 haereticus
1098 2148 1288 2193 contra
1335 2138 1394 2190 B.
1421 2137 1565 2190 Petri
1607 2137 1764 2191 Vica—

189 2227 369 2290 rimn,
404 2225 519 2278 imo
561 2225 616 2278 in
647 2223 935 2281 Dominum
963 2237 1018 2281 et
1042 2227 1362 2296 Apostolnm
1398 2227 1516 2296 ejus
1546 2243 1766 2295 compo-

189 2324 393 2380 neret,
446 2316 866 2370 subscriberent.
915 2317 1068 2382 Quod
1103 2317 1151 2370 si
1197 2315 1337 2370 forte
1374 2327 1558 2372 motus
1586 2318 1764 2386 aliqua

189 2407 506 2459 reverentia
532 2407 655 2475 quis
698 2422 888 2461 earum
929 2423 988 2461 se
1033 2407 1354 2476 subtrahere
1403 2402 1580 2472 vellet,
1604 2408 1765 2461 rebus

189 2495 462 2548 omnibus
487 2503 535 2548 ct
562 2496 820 2566 dignitate
850 2498 1113 2567 privatus,
1139 2506 1199 2550 ut
1221 2490 1434 2566 Regalis
1466 2497 1765 2564 majestatis

186 2583 509 2648 obnoxius,
573 2586 859 2654 capitalem
898 2585 1103 2640 subiret
1141 2585 1483 2639 sententiam.
1534 2584 1760 2649 Interea,

188 2669 420 2738 Legatis
443 2654 681 2742 undique
700 2675 885 2730 missis
903 2670 1037 2745 (62),
1064 2675 1132 2729 ab
1160 2673 1304 2728 Urbe
1335 2676 1555 2743 quidam
1587 2673 1759 2742 llugo,

187 2759 332 2812 alim
359 2758 682 2826 Cardinalis,
727 2771 856 2818 tunc
877 2771 1058 2817 autem
1101 2765 1243 2817 inter
1269 2763 1566 2832 Episcopos
1594 2765 1762 2817 luere-

190 2849 698 2919 tioosprtecipuum
714 2862 871 2919 caput
898 2853 1011 2922 (Qui
1035 2853 1148 2920 jam
1175 2852 1331 2905 tertio
1361 2854 1430 2907 ab
1455 2853 1761 2921 Apostolica
1789 2888 1797 2894 -

188 2936 341 2992 Sede
381 2938 669 2994 damnatus
714 2941 919 3006 fuerat,
947 2943 1075 3011 quia
1125 2943 1388 3010 quosdam
1424 2941 1760 2994 Simoniacos

184 3026 555 3081 recenciliare
613 3029 1094 3099 prasumpserat),
1129 3029 1330 3084 ﬁctitiis
1391 3031 1506 3084 suis
1565 3031 1760 3084 litteris

184 3118 741 3188 Archiepiscoporum
797 3127 854 3173 et
917 3118 1305 3190 Episc0porum
1362 3137 1620 3190 personas
1669 3135 1756 3173 re-

1864 717 1993 772 crgo
2020 690 2270 758 omnibus
2320 704 2502 773 Papiae
2549 719 2617 758 ex
2657 717 2922 776 precepto
2951 708 3132 779 Regis,
3172 690 3225 765 et
3252 690 3422 784 magis

1864 807 1926 844 ex
1957 795 2172 861 propria
2197 794 2570 848 malevolentia
2591 804 2644 848 ct
2673 797 2816 862 odio,
2853 807 2911 850 ut
2940 814 3026 853 res
3064 802 3252 868 patuit,
3285 817 3420 856 ana-

1866 881 2088 934 themati
2116 882 2570 950 subscripserunt.
2599 883 2734 938 Nam
2767 885 2833 938 ad
2851 888 3242 942 ostendendum
3268 891 3422 944 mala:

1865 969 2158 1023 voluntatis
2177 972 2475 1036 cumulum,
2499 973 2691 1040 positis
2712 977 3073 1030 sacresaactis
3095 977 3420 1046 Evangeliis,

1862 1058 2172 1126 juramento
2221 1061 2571 1113 ﬁrmaverunt
2630 1063 2779 1115 nullo
2843 1065 3004 1117 modo
3060 1080 3120 1119 se
3167 1066 3420 1136 deinceps

1867 1147 2184 1215 Gregorium
2238 1163 2336 1217 pro
2383 1148 2527 1217 Papa
2575 1151 2875 1217 habituros,
2925 1153 3008 1206 vel
3060 1155 3419 1209 obedientiam

1868 1238 2225 1302 cxhihituros,
2244 1239 2535 1307 missisque
2567 1241 2943 1306 nuntiis,idem
2967 1250 3026 1296 ut
3053 1243 3144 1296 alii
3185 1242 3424 1299 facerent

1866 1324 2184 1380 effecerunt.

1898 1415 2023 1468 '57.
2065 1414 2291 1484 Scripsit
2339 1424 2517 1469 autem
2557 1417 2696 1484 idem
2743 1416 2854 1472 Rex
2899 1417 3127 1473 Romam
3187 1420 3418 1487 litteras,

1865 1505 2016 1558 omni
2051 1505 2246 1572 injuria
2272 1505 2604 1569 inhonestas,
2632 1505 2970 1576 falsitateque
3001 1511 3254 1577 repfctas,
3286 1525 3422 1579 pra:-

1867 1593 2072 1661 cipiens
2093 1594 2322 1647 Domino
2342 1595 2498 1665 Papae
2513 1607 2568 1650 ut
2592 1599 2657 1650 de
2686 1597 2820 1652 Sede
2839 1610 3079 1667 surgeret
3099 1600 3423 1656 Ecclesium-

1867 1697 1972 1750 quc
1999 1684 2290 1738 dimitteret
2318 1704 2330 1736 :
2364 1701 2564 1740 vocans
2595 1703 2717 1740 eum
2753 1689 3054 1756 perjurnm,
3088 1691 3420 1755 invasorem,

1867 1781 1920 1825 et
1945 1771 2121 1842 Regia:
2141 1771 2414 1842 dignitatis
2426 1776 2826 1839 diminutorem,
2851 1780 3080 1840 maxime
3101 1777 3421 1833 Simoniaeis

1868 1860 2255 1930 Lougobardite
2295 1867 2715 1919 elaborantibus.
2772 1866 3086 1920 Statuerunt
3137 1869 3298 1920 etiam
3364 1878 3423 1920 ut

1870 1966 1979 2003 non
2008 1961 2131 2006 ante
2157 1953 2346 2007 littera:
2380 1956 2640 2008 darentur
2665 1966 2719 2011 et
2739 1959 2921 2022 verba,
2967 1973 3127 2026 quam
3172 1956 3420 2026 Synodus
3462 2005 3464 2008 ,

1867 2057 1988 2110 quin
2017 2054 2335 2114 congregata
2366 2045 2418 2098 in
2452 2045 2691 2102 llotmna
2717 2047 2892 2099 fuerat
2921 2046 3160 2100 Ecclesia
3211 2047 3422 2116 plenius

1869 2139 1970 2188 hoc
1999 2133 2186 2188 audire
2224 2143 2428 2202 posset,
2457 2137 2790 2203 quodetiam
2827 2136 3028 2190 factum
3063 2146 3164 2190 est.
3197 2135 3330 2190 Nam
3367 2145 3423 2190 et

1866 2221 2009 2292 Papa
2029 2222 2302 2295 Synodum
2325 2225 2548 2279 faciente
2563 2226 2804 2294 ,quidam
2827 2224 3134 2279 Parmensis
3159 2210 3419 2290 Cfericus,

1867 2311 2080 2368 Domini
2105 2316 2400 2388 Apostolici
2436 2317 2504 2371 ad
2529 2316 2807 2385 iujuriam,
2836 2331 2960 2369 cum
2990 2316 3192 2368 eisdem
3231 2316 3424 2369 litteris

1865 2414 2190 2473 pnesentare
2215 2421 2274 2459 se
2288 2422 2394 2460 non
2413 2407 2725 2470 abhorruit;
2743 2414 2796 2458 et
2831 2405 3046 2459 easdem
3061 2406 3422 2475 blaSphcmias

1863 2494 1918 2545 in
1973 2493 2110 2547 facie
2142 2497 2308 2549 totius
2340 2497 2591 2549 Ecclesiae
2617 2506 2672 2547 ct
2697 2510 2994 2550 conventus
3043 2495 3283 2565 proferre
3311 2511 3422 2550 non

1863 2580 2189 2638 formidavit.
2240 2584 2344 2638 Per
2389 2585 2528 2639 idem
2559 2593 2771 2654 tempus
2796 2585 3119 2654 prodigium,
3159 2588 3224 2640 ad
3277 2587 3422 2641 illius

1862 2672 2165 2742 iniquitatis
2219 2674 2476 2727 indicium
2506 2682 2561 2727 et
2599 2675 3068 2728 confirmationem
3097 2674 3291 2730 futura:
3320 2677 3420 2740 rei,

1862 2763 1916 2814 in
1949 2761 2090 2816 Urbe
2127 2763 2280 2831 juxta
2320 2763 2377 2816 Β.
2409 2763 2554 2816 Petri
2600 2763 2898 2837 Ecclesium
2939 2773 3118 2817 ortum
3146 2775 3248 2828 est,
3276 2767 3421 2834 quod

1859 2853 2103 2904 omnium
2160 2853 2322 2906 corda
2346 2853 2575 2904 nimium
2625 2851 2681 2904 in
2731 2859 3006 2920 stuporem
3043 2864 3417 2910 converterat:

1859 2957 2020 2995 nemo
2069 2943 2213 2994 enim
2256 2942 2492 3009 aliquam
2552 2940 3003 3008 signiﬁcationem
3053 2945 3216 3011 seper
3242 2945 3418 3012 ipsum

1857 3035 1989 3087 dare
2034 3040 2088 3086 et
2146 3030 2387 3100 proferre
2429 3029 2590 3098 digne
2655 3029 3144 3101 convenienterque
3187 3035 3414 3101 poterat.

1860 3121 2134 3192 Siquidem
2161 3123 2356 3192 gallina
2378 3135 2539 3175 ovum
2553 3120 2780 3176 miriﬁco
2806 3124 3058 3176 cmlatum
3080 3140 3242 3194 opere
3255 3142 3418 3196 pt-pe-

1800 1919 1842 1971 B

182 3202 566 3276 praesentans,
609 3209 858 3273 advenit;
878 3255 890 3266 .
929 3208 1154 3263 laudans
1196 3211 1377 3263 omnia
1422 3226 1542 3279 qua:
1599 3226 1759 3279 super
1785 3219 1826 3274 C
1859 3215 1928 3267 rit
1949 3215 2155 3284 (6-i),in
2181 3227 2290 3281 quo
2309 3213 2417 3266 duo
2438 3213 2574 3265 mira
2600 3213 2853 3286 insignita
2883 3212 3128 3268 fuerant:
3154 3221 3418 3286 serpentis

185 3294 491 3350 Dominum
539 3297 733 3366 Papam
758 3296 1205 3367 composuerant;
1245 3299 1505 3366 projectts
1538 3304 1592 3352 in
1646 3297 1759 3353 me-

181 3385 351 3437 dium
377 3386 500 3439 aliis
522 3386 764 3452 epistolis
811 3386 914 3437 sub
934 3379 1176 3437 omnium
1203 3384 1567 3439 Cardinalium
1591 3387 1759 3440 Sena-

184 3481 398 3540 tusquc
429 3487 496 3525 ac
525 3474 709 3541 populi
737 3473 955 3527 nomine
977 3458 1220 3545 titulatis,
1244 3476 1441 3542 quibus
1480 3476 1754 3545 signiﬁca-

191 3539 400 3614 bantur
462 3539 707 3630 qu‘mdam
774 3539 1227 3630 proclamat’iones
1261 3539 1346 3617 ad
1414 3539 1754 3634 praesentiam

189 3650 408 3718 regiam
427 3650 643 3715 delatze;
670 3653 760 3706 ubi
781 3652 966 3706 etiam
1005 3645 1423 3718 continebantur
1463 3658 1755 3724 postulatio

189 3739 326 3792 novi
350 3738 646 3805 Pontiﬁcis,
674 3749 728 3795 et
757 3723 1235 3811 abjeetio’legitimi
1261 3723 1501 3798 Pastoris
1525 3787 1537 3797 .
1564 3747 1754 3799 subin-

188 3828 323 3881 tulit
369 3829 533 3880 etiam
575 3830 772 3900 multas
810 3830 1155 3895 inimicitias,
1198 3847 1334 3899 quas
1383 3833 1685 3905 patiebatur
1723 3852 1754 3889 a

185 3915 554 3971 Nortmanuis
596 3935 624 3971 a
646 3919 1154 3994 circumiacentibus
1176 3919 1476 3973 Comitibus
1526 3923 1595 3975 ab
1624 3924 1756 3978 iosis

185 4007 370 4060 etiam
422 4009 773 4062 traditorihus
825 4009 881 4061 in
943 4006 1083 4062 Urbe
1135 4011 1493 4064 manentibus.
1545 4010 1755 4072 Ouibus

185 4095 338 4150 visis
354 4095 469 4147 Rex
481 4111 586 4148 non
607 4099 815 4164 modice
829 4097 1055 4164 hetatus,
1082 4100 1148 4151 ad
1173 4115 1306 4167 opus
1327 4103 1754 4168 componendum
1787 4091 1792 4096 ⁸

189 4181 506 4235 fomentum
573 4185 935 4261 desideratum
1009 4189 1230 4256 accepit.
1274 4189 1530 4244 Adductis
1576 4193 1755 4261 itaque

188 4272 252 4324 in
293 4271 535 4324 medium
575 4243 855 4326 diabolicis
880 4243 1247 4341 Pontificibus,
1288 4243 1757 4347 anathemasuper

189 4359 494 4416 Dominum
542 4360 761 4430 Papam,
786 4361 896 4414 imo
923 4378 1084 4430 super
1136 4365 1342 4432 seipsos
1394 4369 1748 4434 protulerunt.

189 4450 321 4516 (εὖ)
361 4449 538 4504 Missis
562 4452 721 4504 etiam
770 4453 824 4505 in
856 4442 1280 4520 Langobardiam
1315 4462 1369 4506 et
1399 4453 1691 4516 Marchiam
1720 4474 1750 4511 a

1858 3303 2063 3355 scilicet
2093 3311 2148 3354 et
2171 3301 2308 3356 scuti
2331 3295 2653 3366 similitudo,
2677 3303 2846 3356 nimio
2863 3305 3089 3358 horrore
3103 3308 3412 3364 tenebrosa.

1859 3389 2090 3458 Serpens
2115 3401 2244 3442 vero
2282 3391 2374 3458 qui
2402 3390 2454 3441 in
2481 3391 2745 3458 triplicem
2784 3409 2848 3448 ex
2879 3394 3066 3446 eodem
3090 3397 3178 3448 ovi
3217 3399 3420 3455 cortice

1856 3496 1915 3534 se
1940 3481 2299 3534 sinuationcm
2325 3473 2588 3544 erexerat,
2617 3482 2829 3535 vertice
2854 3499 2912 3535 se
2959 3500 3176 3539 sursum
3215 3481 3420 3558 erigere

1856 3571 1988 3624 velle
2016 3571 2082 3623 ad
2122 3569 2486 3623 suinmitatem
2521 3571 2621 3623 Tovi
2657 3573 2993 3625 conabatur:
3020 3577 3246 3629 caudam
3288 3595 3418 3633 vero

1855 3660 1910 3713 in
1939 3669 2144 3729 partem
2171 3662 2514 3714 tenebrarum
2551 3661 2694 3715 illius
2711 3665 3049 3718 extenderat.
3069 3665 3170 3719 Sed
3196 3668 3322 3722 dum
3347 3671 3416 3735 ad

1855 3752 1940 3804 ovi
1973 3751 2286 3820 dignitatem
2321 3752 2581 3814 tenderet,
2613 3753 2849 3819 quodam
2882 3753 2990 3806 ictu
3037 3747 3410 3822 repercussus,

1853 3854 2040 3897 ventre
2072 3852 2228 3896 tenus
2265 3850 2427 3908 caput
2449 3841 2748 3893 reﬂexcrat.
2784 3843 2989 3910 Scupea
3015 3859 3142 3894 vero
3162 3845 3278 3912 ejus
3301 3843 3412 3914 (65)

1854 3952 1963 3991 non
2014 3937 2222 4003 depicta
2253 3975 2266 3995 ,
2308 3934 2401 3985 sed
2451 3941 2601 3984 extra
2657 3933 2876 3985 corticis
2925 3934 3166 3986 ordinem
3213 3937 3410 4002 posita,

1856 4043 2016 4082 manu
2040 4025 2361 4094 deprehendi
2386 4065 2399 4087 ,
2428 4033 2481 4074 et
2513 4019 2755 4087 tractari,
2797 4023 2941 4076 velut
2988 4025 3088 4076 alia
3123 4029 3414 4081 materialis

1856 4135 1977 4181 res,
2029 4123 2257 4184 poterat.
2301 4113 2783 4168 Considerantihss
2833 4122 3010 4165 autem
3056 4117 3307 4168 omnibus
3357 4127 3414 4170 et

1845 4208 2180 4260 mirantibus
2203 4204 2481 4272 Episcopis
2521 4202 2820 4266 ceterisque
2843 4201 2934 4266 qui
2966 4202 3018 4252 in
3045 4199 3260 4269 Synodo
3279 4220 3412 4258 con-

1853 4298 2134 4356 sederant,
2162 4295 2383 4346 nuntius
2408 4293 2494 4344 ille
2529 4290 2846 4343 Antichristi
2875 4289 3106 4344 advenit.

1920 4384 2006 4436 58.
2056 4383 2347 4450 Postquam
2371 4397 2518 4445 vero,
2559 4383 2708 4434 ﬁnito
2741 4378 2970 4449 llymno,
3017 4377 3258 4435 facturus
3293 4397 3411 4437 ser-

1855 4487 2045 4525 mones
2079 4472 2471 4526 exhortationis
2525 4464 2809 4534 omnibus,
2856 4469 3000 4538 Papa
3061 4473 3407 4539 consederat;

186 4541 376 4595 latere
425 4539 583 4610 Regis
647 4550 758 4595 tam
798 4538 1006 4600 nuntiis
1045 4557 1207 4610 quam
1260 4543 1538 4617 apicibus,
1581 4548 1753 4601 visum

1863 4562 1944 4614 ille
1992 4577 2293 4630 przecnrsor
2333 4562 2682 4623 Antichristi,
2719 4576 2826 4613 non
2865 4560 3107 4614 tribuens
3146 4561 3412 4619 honorem

269 4648 413 4720 (60)_
432 4648 498 4700 Ut
523 4651 671 4720 [ει-ξιξ
679 4653 906 4720 secunda
925 4653 1162 4720 secunda:
1182 4652 1514 4707 hebdomade:
1548 4657 1603 4708 in
1618 4655 1778 4720 Qua-.

187 4716 503 4786 drngesima
525 4716 904 4786 ’adSynodum
932 4719 1107 4773 Romae
1128 4731 1447 4786 occurreret,
1480 4725 1543 4774 de
1578 4716 1755 4778 crimi-

403 4798 520 4862 qua
579 4783 925 4862 objirerentur
973 4803 1184 4862 causam
1218 4783 1753 4862 dicturusynlioquin

191 4853 383 4914 sciret,
397 4852 588 4919 absque
607 4854 748 4903 omni
765 4856 1250 4919 procrastinationc,
1273 4860 1447 4911 eadem
1463 4861 1546 4912 die
1560 4863 1622 4913 de
1636 4852 1752 4914 cor—

189 4936 340 4990 you;
357 4920 604 4973 Ecclesia:
629 4931 826 4990 sancta:
852 4921 1145 4990 Apostolico
1179 4927 1503 4980 anathemate
1547 4931 1752 4983 abscin-

193 4986 429 5059 geadum
467 5004 617 5059 ειςε.Δ
643 4986 1289 5059 lta_l‘.ambertusadan.
1331 4995 1484 5059 1076,
1536 5008 1752 5051 econtra

195 5053 689 5128 Mdg-synodus
713 5055 1138 5128 wormatiensis,
1161 5058 1227 5110 de
1253 5075 1362 5128 qua
1389 5053 1532 5126 mox,
1555 5065 1751 5120 indicta

197 5122 382 5192 fuitin
400 5121 739 5192 Dominicam
767 5121 1192 5192 Septuagesimte.

271 5191 387 5265 (ὃς)
407 5191 512 5265 Hie
526 5201 613 5246 est
634 5191 1094 5265 tjdus,"qui_
1108 5192 1318 5265 prgfuit
1343 5193 1595 5251 Ecciesite
1635 5200 1751 5252 Mo-

195 5259 534 5332 guntiuzeab
555 5259 709 5332 anno
729 5259 878 5332 ιυελεξ.
908 5259 1313 5332 ad‘l08jt._Ejus
1361 5279 1446 5332 res
1471 5275 1648 5332 gestas
1671 5269 1750 5320 Ia-

427 5326 926 5399 dedueit_Serat'ius
961 5326 1358 5399 lib.5._Rerum
1384 5326 1749 5399 Moguntiaca-

191 5405 343 5469 ιιι-ι,
363 5407 396 5447 a
419 5409 544 5464 pag.
571 5396 686 5469 742
733 5394 947 5469 adpag.
978 5396 1108 5469 _788.
1141 5396 1280 5469 Infra
1309 5394 1749 5469 _no_tnen_cxpri-

187 5459 380 5534 luitur,
397 5459 630 5534 quintio
647 5459 1197 5534 transivit'ad‘partes
1225 5465 1504 5534 Ruldolphi
1538 5459 1711 5534 Regis.

249 5527 375 5600 ωε)
401 5527 592 5602 ἸιεςυΔ
613 5537 956 5602 cognomento
986 5527 1213 5602 Hlancus
1237 5574 1252 5595 ,
1283 5527 1458 5602 inquit
1492 5527 1748 5592 Lamber-

183 5595 761 5672 mcgui'npiua
786 5595 979 5672 habet:
1019 5609 1072 5652 ct
1104 5595 1440 5655 Domnizo'iu
1476 5603 1596 5656 vna
1641 5606 1722 5661 Ma

179 5666 364 5724 tllildis
381 5665 464 5720 lib
485 5681 528 5730 ι,
563 5666 654 5719 sic
673 5665 831 5715 canit
853 5679 865 5714 :

295 5757 408 5808 nuc
427 5755 586 5816 nugo
609 5758 746 5800 tunc
767 5749 914 5798 fabul
935 5756 1080 5816 venit,
1102 5759 1184 5818 qui
1213 5759 1386 5808 dicitur
1411 5761 1586 5823 Aio-.3;

1977 4669 2126 4720 O'Vert
2150 4675 2225 4719 hic
2247 4673 2407 4718 multis
2428 4672 2648 4718 Romamn
2672 4669 2930 4731 Presbyter
2957 4666 3098 4715 L'rbis
3123 4684 3134 4716 :

1976 4733 2075 4779 Τιιι·
2097 4734 2344 4778 άειιιηειιυς
2364 4733 2494 4788 erat,‘
2520 4739 2675 4788 pretio
2699 4733 2805 4786 quia
2834 4743 2885 4774 re
2915 4733 3127 4776 tttuebat

1978 4796 2227 4841 [firmiores
2247 4795 2418 4838 lihristi
2441 4790 2634 4848 templo!
2651 4805 2749 4839 llfll,
2773 4791 2957 4841 iunctus
2982 4799 3031 4834 et
3060 4791 3175 4847 ipsis
3209 4806 3235 4844 η·

1978 4853 2218 4899 Atlversns
2245 4852 2438 4907 l':t;i..tn,
2466 4854 2652 4904 lingeus
2677 4851 2816 4900 mala.
2847 4850 3117 4896 lzrttchJbat

1973 4913 2120 4961 Corda
2145 4914 2474 4966 malignorum,
2499 4910 2646 4968 Regis
2664 4910 2803 4957 simul
2829 4923 2873 4955 et
2901 4919 3158 4954 sacrorum.

1923 4993 2033 5058 (63)
2073 4989 2215 5044 Idem
2241 4991 2501 5043 Domnizo
2541 4990 2610 5040 ita
2634 4987 2995 5055 prosequitur:

1973 5080 2136 5126 Audax
2160 5079 2370 5124 Antistes
2392 5074 2694 5134 Mog'unjluns
2718 5073 2856 5119 nimis
2881 5069 2980 5128 ille,

1976 5140 2077 5186 Non
2103 5139 2336 5183 Christum
2363 5132 2534 5190 timuit,
2561 5133 2734 5192 Papam
2758 5137 2949 5190 quando
2969 5132 3244 5194 maledixit,

1969 5196 2135 5244 Cuncti
2157 5195 2490 5240 subseribuut:
2517 5206 2669 5250 magis
2701 5196 2786 5251 ipsi
2811 5204 2865 5238 se
2891 5191 3195 5242 maledicunt.

1921 5276 2030 5344 ((i—t)
2069 5273 2208 5344 idem
2238 5273 2498 5344 Domnizo
2529 5274 2766 5326 insinuat
2786 5276 3109 5344 orumqtmsi
3139 5277 3402 5344 scalptum

1849 5341 2035 5398 fuisse.
2073 5342 2208 5394 Dum
2239 5341 2348 5395 haec
2379 5343 2758 5413 imprimuntur
2785 5383 2798 5402 ,
2827 5341 3077 5413 audimus
3109 5345 3226 5413 ejus
3256 5341 3399 5413 ligu—

1849 5429 1968 5466 ram
2001 5419 2406 5479 exstat‘e,quam
2438 5413 2481 5464 si
2510 5411 2904 5479 acceperimus,
2933 5410 3127 5464 Lector
3169 5410 3400 5479 inveniet

1848 5491 1970 5550 post
1997 5491 2202 5534 tomum
2227 5475 2335 5544 VII,
2367 5482 2420 5532 in
2449 5475 2862 5548 Appenitieibus.
2890 5478 2966 5531 Ita
2992 5495 3112 5545 ego,
3143 5487 3244 5529 etc.
3267 5475 3397 5531 Vide

1955 5591 1966 5604 .
1997 5551 2146 5604 HM.
2169 5551 2272 5602 col.
2296 5566 2332 5601 ι.
3403 5590 3406 5592 .

1847 5567 1966 5620 pag.
1997 5567 2013 5602 I
2028 5567 2146 5613 144,
2169 5567 2272 5602 cor.
2296 5567 2332 5601 ι.

1920 5621 2031 5688 (ϋὸ)
2048 5616 2389 5688 Perﬁcnpeos
2409 5617 2654 5688 intelligit
2669 5615 2952 5688 Grctserus
2967 5613 3156 5680 pellem
3171 5627 3359 5688 squam
3376 5643 3393 5654 -

1849 5681 2054 5741 mnsam
2085 5706 2096 5738 :
2142 5681 2422 5739 Germanis
2439 5681 2871 5748 enim'Scltuppcu
2899 5695 3190 5749 squamma:
3210 5681 3391 5734 (liena.

1849 5768 1954 5809 ῑιιτ.
