3902 6402
350 2661 354 2664 ν
416 2595 574 2665 ‘Papa
639 2597 775 2651 dixit
821 2615 834 2650 :

356 453 362 459 ‘
437 504 498 560 7i
1653 495 1709 547 S.
1749 491 2141 549 CREGORlUS
2162 489 2468 544 VllPAPA.
3588 487 3658 542 ’Β

437 614 571 680 Deo,
593 611 869 681 magisque
887 581 1115 678 diligens
1140 613 1413 660 terrenum
1443 618 1606 673 quam
1636 603 1855 658 caeleste
1889 603 1992 656 im-
2019 611 2064 667 Α
2090 615 2220 654 cens
2259 640 2272 650 .
2309 616 2326 648 ι
2371 595 2474 661 Qui
2503 593 2811 648 vuitvenire
2839 601 2962 662 post
2988 605 3107 656 me,
3151 591 3378 662 abneget
3397 596 3656 675 semctip-

433 703 664 772 perium,
700 701 781 756 sic
805 699 1052 754 eumdem
1084 696 1286 766 Papam
1316 685 1612 764 alloquitur
1638 713 1651 746 :
1681 712 1700 744 ι
1729 693 1991 747 Dominus

433 807 587 846 meus
602 791 736 856 Rex,
756 797 812 845 et
826 787 1074 859 Episcopi
1097 801 1289 841 omnes
1308 783 1708 838 Ultramontani
1729 791 1785 836 et
1800 781 1988 846 ltalici,

431 879 788 950 pmcipiendo
809 878 1069 954 mandant
1093 885 1154 930 ut
1184 874 1428 935 invasam
1451 871 1646 927 Sedem
1677 871 1737 925 B.
1776 870 1920 925 Petri
1939 879 1994 924 et

435 969 738 1024 Romanam
757 967 1052 1025 Ecelcsiam
1082 965 1278 1020 amodo
1303 963 1564 1020 dimittas.
1601 960 1718 1014 Non
1739 969 1824 1016 est
1846 961 1990 1014 enim
2047 971 2051 974 ‘

431 1061 654 1130 dignum
701 1060 819 1112 sine
863 1064 1131 1128 praecepto
1177 1055 1394 1110 illorum
1451 1062 1506 1107 et
1529 1049 1797 1121 lmpcriali
1846 1051 1995 1106 dono

430 1158 640 1203 tantum
669 1149 930 1202 honorem
953 1147 1232 1202 scandere.
1246 1165 1264 1196 ι
1290 1144 1358 1198 Et
1373 1158 1686 1206 conversus,
1708 1141 1865 1194 Clero
1880 1139 1991 1193 Ro-

434 1253 596 1292 mano
619 1238 755 1291 dixit
781 1256 794 1291 :
833 1236 1032 1291 «Vobis
1057 1237 1274 1301 dicitur,
1311 1235 1548 1297 Fratres,
1576 1241 1635 1286 ut
1654 1232 1722 1285 ad
1753 1231 1990 1284 futuram

426 1327 778 1383 ‘Pentecostes
856 1326 1254 1382 solemnitatem
1297 1325 1466 1394 Regio
1519 1321 1832 1391 conspectui
1893 1335 1991 1374 vos

326 1451 331 1454 -
431 1417 850 1502 reprazsmtetis,
878 1415 1181 1484 suscepturi
1219 1415 1286 1468 de
1311 1413 1561 1467 manibus
1602 1411 1762 1480 Regis
1791 1409 1989 1479 Papam
2025 1491 2036 1501 .

431 1516 484 1560 et
506 1506 722 1561 Patrem
755 1525 767 1559 :
801 1500 927 1576 qtiia
972 1506 1060 1560 hic
1113 1520 1224 1558 non
1257 1503 1424 1572 Papa,
1455 1502 1546 1556 sed
1569 1502 1728 1570 lupus
1771 1515 1891 1555 esse
1909 1500 1992 1555 di-
2025 1503 2028 1506 ’

375 1642 377 1649 .
431 1597 712 1665 gnoscitur
737 1611 924 1665 rapax.
953 1614 972 1646 ›
1001 1594 1082 1647 Ad
1108 1594 1266 1661 cujus
1289 1593 1449 1646 verba
1475 1607 1598 1644 mox
1620 1591 1730 1660 (66)
1757 1590 1992 1644 Joannes

431 1683 749 1738 Portuensis
776 1683 1093 1754 Episcopus,
1121 1697 1334 1736 morum
1367 1683 1648 1736 honestate
1661 1689 1716 1734 et
1736 1680 1991 1760 religione

429 1774 512 1828 vir
539 1775 846 1842 prmelarus,
875 1772 1018 1826 facto
1040 1772 1242 1842 impetu
1288 1787 1537 1841 surgens,
1575 1771 1836 1831 immensa
1859 1784 1991 1824 voce

429 1864 710 1918 clamavit:
733 1863 1072 1933 «Capiatura
1105 1862 1256 1918 Tunc
1276 1860 1588 1926 Praefectus,
1613 1859 1758 1914 facto
1787 1860 1987 1927 impetu

429 1968 570 2027 cum.
597 1953 890 2022 judicibus,
942 1954 1223 2019 militibus,
1263 1961 1318 2006 et
1366 1952 1629 2006 Romanis
1691 1949 1982 2014 nobilibus,

430 2051 637 2096 tantum
689 2043 1072 2111 impostorem,
1128 2043 1425 2116 evaginatis
1487 2042 1541 2094 in
1586 2041 1702 2111 ipsa
1747 2039 1984 2095 Ecclesia
2040 2039 2042 2041 ’

429 2131 727 2188 Salvatoris
755 2134 971 2203 gladiis,
1018 2142 1142 2187 ante
1183 2132 1397 2186 Domini
1445 2131 1602 2202 Papa:
1645 2131 1986 2201 prmscntiam

427 2221 732 2276 interimere
754 2223 963 2276 voluit:
994 2231 1050 2276 et
1079 2222 1316 2285 fecisset,
1346 2223 1450 2275 nisi
1494 2222 1617 2289 pius
1667 2221 1826 2273 Pater
1872 2228 1987 2273 toto

428 2324 654 2378 corpore
682 2325 741 2364 se
781 2326 944 2379 super
979 2327 1102 2366 eum
1135 2311 1469 2380 projecissct,
1495 2309 1748 2363 omnibus
1781 2307 1848 2363 de
1869 2308 1987 2377 ejus

428 2407 602 2454 morte
628 2399 1008 2454 clamantibus.
1531 2413 1536 2416 '
1699 2404 1702 2407 ’

525 2508 612 2563 59.
657 2505 895 2562 Tandem
919 2548 934 2572 ,
973 2507 1063 2560 vix
1104 2507 1391 2577 impetrato
1434 2507 1681 2571 silentio,
1727 2506 1987 2560 Dominus

887 2616 905 2646 ι
933 2595 1144 2660 Nolite,
1188 2596 1318 2660 ﬁlii,
1369 2589 1618 2650 Ecclesia:
1646 2605 1846 2649 sancta:
1883 2585 1989 2647 Do?

428 2686 561 2738 mini
615 2683 707 2737 Dei
758 2685 932 2737 nostri
983 2683 1220 2752 quietem
1281 2683 1339 2736 in
1389 2682 1706 2736 seditionem
1753 2679 1988 2749 aliquam

422 2783 790 2824 commovere.
821 2767 1045 2837 Oportet
1071 2767 1214 2821 enim
1261 2767 1464 2821 instare
1494 2775 1759 2836 tempora,
1791 2781 1988 2820 secun-

425 2860 554 2913 dum
611 2858 926 2911 divinarum
985 2855 1390 2925 Scripturarum
1439 2855 1635 2911 seriem
1705 2852 1802 2924 (11
1853 2852 1986 2908 Tim.

427 2949 559 3016 in),
611 2947 912 3016 periculosa
963 2965 976 2999 :
1027 2946 1080 2998 in
1159 2945 1358 3015 quibus
1418 2944 1667 3014 homines
1726 2959 1786 2998 se
1844 2944 1991 3012 ipsos

430 3044 709 3099 amantes,
754 3034 1015 3102 cupidos,
1071 3034 1370 3100 superbos,
1395 3033 1630 3098 elatos,
1676 3032 1992 3101 parentibus

426 3119 797 3194 inobedientes
843 3133 964 3172 esse
1009 3118 1231 3172 necesse
1263 3126 1350 3194 est
1374 3137 1388 3170 :
1413 3126 1515 3187 .ut,
1558 3118 1818 3187 patientia
1855 3119 1993 3172 ﬁlio-

2095 708 2114 740 ‹
2155 703 2297 752 sum,
2325 685 2537 755 (Matth.
2568 689 2678 754 xvi)
2709 693 2764 739 et
2782 685 3009 753 reliqua.
3049 701 3069 734 ι

2087 802 2180 859 6οι
2199 796 2280 850 Ad
2302 797 2444 848 viam
2466 807 2596 864 ergo
2618 794 2743 847 vita:
2764 808 2864 846 nos
2879 793 3166 846 Deminum
3192 803 3472 848 vocantem
3497 798 3654 866 sequi

2088 895 2319 957 Oportet,
2345 887 2390 939 si
2406 883 2736 938 haereditatis
2771 890 2987 936 aeterna:
3021 881 3256 936 fructum
3279 883 3678 940 desideramus

2088 955 2326 1046 carpere.
2359 973 2488 1028 «Per
2504 973 2702 1026 multas
2724 971 3151 1036 tribulationcsn
3174 979 3231 1024 ut
3247 970 3446 1026 Doctor
3466 981 3655 1027 noster
3707 955 3709 958 ﬁ

2088 1066 2292 1130 docuit,
2319 1072 2559 1133 «oportet
2578 1077 2678 1117 nos
2693 1061 2894 1115 intrare
2907 1060 2958 1113 in
2972 1074 3196 1128 regnum
3212 1059 3303 1113 Dei
3322 1061 3460 1130 (Act.
3479 1062 3612 1130 xiv).
3627 1080 3646 1113 υ

2091 1153 2235 1210 Satis
2258 1162 2342 1209 est
2385 1150 2529 1222 Quod
2559 1153 2665 1219 huc
2686 1167 2859 1222 usque
2882 1151 2934 1204 in
2952 1165 3083 1221 pace
3104 1150 3339 1204 viximus
3358 1149 3613 1206 Ecclesiae
3636 1171 3651 1207 :

2089 1252 2234 1300 nunc
2263 1259 2390 1298 vero
2418 1243 2512 1312 diu
2561 1242 2770 1320 aridam
2810 1255 3039 1295 messem
3090 1239 3411 1294 Sanctorum
3454 1243 3651 1296 iterum

2089 1334 2351 1404 sanguine
2371 1332 2622 1387 convenit
2641 1331 2865 1394 irrorari
2893 1371 2910 1396 ,
2943 1339 3004 1384 ut
3039 1329 3253 1384 fructus
3278 1331 3422 1385 illius
3447 1373 3461 1396 ,
3487 1332 3650 1403 longo

2089 1431 2328 1492 tempore
2365 1421 2578 1476 tabidus
2606 1420 2759 1476 senio
2783 1461 2798 1485 ,
2856 1421 3058 1474 recenti
3102 1435 3225 1473 rore
3253 1419 3507 1489 perfusus
3528 1462 3544 1486 ,
3593 1422 3647 1475 in

2089 1513 2375 1580 pristinum
2429 1512 2611 1565 redeat
2644 1509 2856 1565 decoris
2897 1519 3196 1578 aspectum.
3243 1509 3500 1565 Videmus
3545 1527 3649 1580 pu-

2088 1617 2247 1672 gnam
2267 1602 2466 1656 diaboli
2498 1600 2550 1654 in
2572 1608 2818 1670 apertum
2844 1600 3090 1669 prosilire
3115 1615 3365 1668 campum
3393 1640 3410 1667 ,
3463 1601 3648 1669 hacte-

2089 1707 2193 1745 nus
2213 1691 2378 1755 t'uscis
2407 1692 2771 1767 squalloribus
2795 1691 3140 1759 adopertam:
3172 1690 3291 1742 ideo
3323 1706 3468 1743 nunc
3512 1691 3647 1744 tiro-

2088 1795 2186 1834 nes
2209 1780 2431 1846 Christi,
2458 1781 2648 1835 doctas
2672 1794 2866 1834 manus
2891 1779 2957 1832 ad
2984 1771 3166 1848 praelia
3201 1787 3494 1848 gestantes,
3516 1795 3648 1833 con-
3722 1845 3728 1856 λ

2089 1870 2233 1924 venit
2252 1859 2504 1924 obviare:
2537 1878 2806 1939 quatenus
2828 1869 3028 1923 Christi
3069 1869 3202 1923 ﬁdes
3230 1909 3246 1934 ,
3278 1884 3399 1937 qua:
3421 1910 3437 1934 ,
3459 1870 3666 1949 eodem
3751 1866 3758 1872 ’

2087 1959 2352 2014 inliciente
2372 1959 2587 2015 diabolo
2613 2001 2626 2024 ,
2652 1968 2765 2014 toto
2795 1975 2929 2029 pene
2950 1967 3214 2013 terrarum
3250 1959 3381 2012 orbe
3403 1958 3646 2028 dispersa

2085 2051 2378 2120 relictaque
2421 2050 2682 2116 cernitur,
2726 2058 2943 2114 cuncta,
2988 2047 3218 2102 Domino
3270 2048 3380 2102 Deo
3411 2063 3508 2117 per
3545 2063 3646 2103 nos

2084 2131 2757 2210 pugnante,instauretnr.
2793 2139 2873 2194 Ad
2903 2138 3287 2193 detrimentum
3327 2154 3520 2208 nempe
3544 2155 3644 2193 no-

2085 2241 2211 2286 strae
2258 2226 2448 2286 salutis
2509 2229 2796 2284 saeculares
2841 2228 3084 2297 quotidie
3121 2243 3463 2298 propugnare
3506 2243 3644 2283 con-

2086 2321 2345 2394 spicimus
2371 2361 2385 2385 ,
2413 2320 2506 2392 qui
2549 2318 2685 2373 nihil
2715 2317 2863 2395 aliud
2909 2332 3073 2386 quam
3103 2317 3401 2387 gehennam
3425 2319 3645 2387 acequi-

2085 2419 2245 2463 runt:
2277 2409 2370 2464 sic-
2388 2425 2508 2475 nos,
2533 2409 2730 2478 quibus
2760 2407 2938 2462 vivere
2973 2406 3224 2462 Christus
3236 2421 3356 2462 esse
3376 2407 3552 2473 debet,
3595 2417 3649 2462 et

2086 2503 2205 2571 ejus
2223 2501 2386 2554 etiam
2413 2513 2597 2553 amore
2618 2497 2756 2552 mori
2791 2497 3035 2562 lucrum;
3082 2496 3282 2564 quibus
3306 2495 3364 2552 in
3411 2498 3645 2552 retribu-

2088 2593 2256 2656 tione,
2287 2597 2409 2658 post
2451 2586 2612 2642 istam
2654 2587 2909 2662 miseram
2949 2595 3002 2639 et
3029 2585 3400 2656 imaginariam
3437 2586 3603 2640 vitam
3629 2627 3644 2651 ,

2089 2681 2316 2735 felicitas
2337 2663 2670 2748 praeparatur
2705 2685 2945 2742 aeterna;
2983 2690 3014 2729 a
3071 2675 3166 2729 Dei
3192 2675 3400 2746 legibus
3451 2684 3506 2731 ct
3547 2677 3647 2731 ﬁde

2089 2778 2274 2824 nostra
2297 2767 2616 2830 orthodoxa,
2640 2765 2849 2833 pedem,
2878 2765 3025 2818 hosti
3057 2765 3317 2830 cedendo,
3347 2782 3456 2820 non
3477 2775 3645 2821 retra-

2088 2859 2301 2913 hamus.
2325 2855 2798 2934 Commoveatnos
2820 2853 3010 2906 saltem
3032 2868 3135 2907 vox
3175 2851 3454 2910 Dominica
3478 2896 3493 2921 ,
3527 2871 3646 2925 qua:

2083 2949 2221 3004 dicit
2249 2968 2262 3003 :
2293 2965 2310 2999 ι
2338 2945 2441 3012 Qui
2469 2961 2554 2998 me
2576 2943 2848 2998 erueberit
2899 2949 2953 2996 et
2977 2957 3253 2998 sermones
3291 2960 3473 3011 meos,
3501 2946 3646 3000 hunc

2096 3059 2114 3091 ι
2131 3037 2310 3114 ‘Filius
2334 3035 2571 3091 hominis
2589 3023 2888 3099 erubescet,
2911 3048 3036 3086 cum
3058 3035 3265 3097 venerit
3289 3040 3342 3089 in
3366 3035 3644 3102 majestate

2097 3148 2117 3181 ι
2143 3126 2531 3192 sua,etPatris,
2559 3132 2614 3177 ct
2635 3131 2946 3190 sanctorum
2969 3122 3293 3191 Angelorum
3319 3122 3468 3192 (Luc.
3491 3123 3587 3192 ix).
3617 3141 3637 3176 ι

428 3225 552 3265 rum
583 3191 710 3275 Dei,
753 3209 1012 3284 exhibitio
1035 3209 1159 3263 ﬁdei
1183 3191 1578 3264 nostraamulto
1603 3210 1889 3279 pretiosior
1917 3211 1987 3265 sit
2011 3227 2054 3284 ο
2084 3191 2346 3272 Terribile
2359 3213 2514 3267 nobis
2530 3211 2696 3264 videri
2714 3200 2890 3280 ἀεικεῖ,
2907 3209 3203 3278 sitempore
3219 3191 3377 3276 illo,a
3394 3219 3544 3266 tanto
3557 3214 3648 3266 tri-

429 3300 732 3370 auroquod
750 3314 846 3368 per
867 3299 1041 3369 ignem
1065 3300 1342 3368 probatur.
1369 3299 1580 3354 Clamat
1596 3299 1754 3354 nobis
1775 3299 1988 3355 divinus

428 3405 636 3462 sermo,
667 3390 850 3444 dicens
886 3408 900 3443 :
935 3408 953 3441 ι
979 3388 1208 3445 Necesse
1237 3398 1340 3457 est,
1375 3399 1437 3444 ut
1464 3391 1691 3444 veniant
1711 3391 1984 3445 scandala:

435 3498 457 3532 ι
496 3495 579 3533 vae
603 3488 783 3534 autem
814 3480 1019 3533 homini
1041 3479 1152 3547 illi,
1183 3494 1280 3549 per
1296 3495 1460 3548 quem
1497 3479 1810 3533 scandalum
1842 3479 1989 3533 venit

438 3565 665 3639 ((Math.
698 3568 906 3638 “111).:
935 3569 1003 3622 Et
1019 3569 1236 3633 iterum,
1267 3569 1335 3623 ad
1368 3569 1756 3632 ostendendum
1790 3572 1990 3624 nostrae

432 3656 708 3727 qualitatis
731 3658 974 3724 modum,
1001 3657 1231 3726 qualiter
1249 3657 1316 3710 ad
1341 3657 1592 3733 inimicos
1615 3665 1831 3712 nostros
1858 3651 1990 3712 con-

430 3736 636 3801 versari
656 3747 966 3812 debeamus,
984 3746 1334 3814 subjunctum
1347 3752 1432 3799 est
1455 3764 1469 3798 :
1495 3763 1514 3795 ι
1534 3743 1692 3810 Ecce,
1717 3759 1816 3815 ego
1836 3747 1990 3800 mitto

440 3853 458 3884 ι
478 3849 578 3888 vos
604 3835 931 3903 sicut'agnos
960 3835 1100 3888 inter
1124 3831 1301 3903 lupos.
1333 3833 1519 3888 Estote
1549 3848 1678 3904 ergo
1703 3821 1990 3902 prudentes

401 3925 404 3940 ‘
441 3943 460 3974 ι
483 3923 624 3978 sicut
646 3931 952 3996 serpentes,
980 3931 1036 3976 et
1061 3923 1333 3991 simplices
1373 3923 1513 3976 sicut
1539 3923 1801 3976 columbas
1836 3921 1986 3992 (Luc.

442 4032 460 4063 ι
483 4021 534 4065 ει
560 4011 752 4084 itaut.
769 4011 876 4080 ι).·»
893 4010 1045 4066 Nunc
1064 4025 1214 4076 vero,
1227 4011 1350 4065 nm
1367 3996 1681 4079 Antichristi
1693 3999 1992 4085 praecurso:

432 4099 489 4153 in
513 4098 808 4153 Ecclesiam
829 4099 1083 4163 surrexit,
1115 4113 1217 4153 nos
1245 4106 1445 4164 tamen,
1467 4098 1652 4151 multis
1678 4113 1711 4152 a
1737 4097 1993 4166 tempori-

433 4188 536 4241 bus
556 4197 666 4248 tam
698 4205 731 4262 a_
763 4187 994 4242 Domino
1013 4204 1178 4258 quam
1208 4204 1240 4242 a
1291 4189 1493 4243 sanctis
1513 4188 1766 4241 Patribus
1791 4186 1989 4248 edocti,

341 4314 344 4318 ι
436 4277 516 4330 sic
540 4278 764 4350 geminae
788 4279 1027 4331 scientiae
1051 4292 1273 4332 munere
1302 4295 1519 4348 gressus
1561 4272 1872 4333 incedamus
1897 4294 1993 4347 per

435 4365 728 4435 pristinos,
777 4373 856 4431 ut,
907 4367 1358 4433 quemadmodum
1378 4366 1452 4433 pii
1487 4350 1694 4432 Patres,
1727 4367 1991 4435 serpentis

435 4455 776 4523 prudentiam
823 4455 1156 4523 simplicitati
1187 4455 1451 4508 columba:
1465 4454 1773 4523 jungentes,
1823 4457 1992 4517 haere-

2087 3305 2269 3376 bunali
2281 3302 2600 3359 sententiam
2617 3299 2817 3353 nostris
2828 3298 3163 3368 negligentiis
3175 3298 3504 3355 dirteverecu
3512 3303 3645 3356 ndiaa

2085 3379 2392 3466 capiamus;
2415 3403 2648 3461 quorum
2662 3388 2938 3458 laboribus
2955 3386 3126 3442 Judex
3141 3389 3384 3442 omnium
3399 3391 3537 3445 alios
3555 3407 3642 3446 re—

2087 3497 2370 3538 munerare
2389 3481 2502 3536 vult
2531 3478 2717 3550 (Num.
2739 3478 2880 3548 vin).
2947 3477 3071 3532 Ideo
3090 3479 3235 3531 enim
3286 3479 3483 3534 domus
3532 3495 3643 3535 suae

2087 3558 2449 3641 Speculatores
2487 3582 2589 3623 nos
2619 3575 2820 3622 aeterna
2863 3552 3148 3634 Sapientia
3178 3581 3298 3620 esse
3343 3569 3536 3634 voluit,
3585 3579 3645 3622 ut

2089 3658 2556 3729 ipsepostmodum
2589 3663 2851 3708 venturus
2878 3654 3217 3707 .inhabitator
3243 3655 3499 3710 mundam
3542 3657 3641 3711 do-

2088 3763 2237 3822 mum
2272 3759 2458 3801 nostro
2487 3745 2664 3798 studio
2689 3744 2886 3797 habere
2930 3743 3122 3812 possit.
3153 3742 3234 3796 Ad
3262 3743 3408 3811 quod
3441 3745 3645 3800 scilicet

2088 3835 2514 3906 Opus-egregium
2539 3833 2742 3888 instare
2757 3829 2971 3885 Domini
2996 3829 3316 3886 Sacerdotes
3335 3835 3640 3907 hortantur,

2088 3940 2218 3980 cum
2236 3926 2291 3978 in
2315 3932 2527 3977 maturo
2548 3931 2785 3991 tempore
2812 3921 3021 3990 legibus
3070 3919 3320 3986 Domini,
3357 3917 3641 3978 senescen-

2088 4023 2170 4070 tes
2197 4022 2322 4083 post
2339 4011 2843 4082 quinquagesimum
2865 4023 3090 4074 annum,
3118 4013 3372 4066 custodes
3389 4027 3640 4068 vasorum

2089 4102 2302 4157 Domini
2318 4101 2700 4171 praecipiuntur
2722 4099 2856 4153 ﬁeri.
2887 4097 3028 4153 Vasa
3054 4099 3272 4168 quippe,
3319 4108 3380 4154 ut
3416 4100 3477 4154 B.
3508 4101 3638 4156 Gre-

2091 4192 2274 4262 gorius
2317 4191 2410 4254 ait,
2442 4197 2626 4244 nostra
2651 4195 2779 4242 sunt
2807 4189 2989 4252 corda,
3012 4188 3210 4257 quibus
3250 4187 3476 4244 ferimus
3509 4205 3643 4244 cun-

2089 4289 2324 4349 ctaquzc
2369 4280 2688 4349 cogitamus.
2723 4277 2899 4331 Corda
2931 4278 3092 4331 etiam
3118 4277 3214 4331 Dei
3239 4278 3348 4331 vivi
3386 4279 3642 4346 templum

2087 4385 2229 4435 esse,
2277 4383 2430 4422 sacra
2443 4354 2723 4422 tcStantur
2745 4355 2960 4435 eloquia
2982 4365 3036 4434 (I
3081 4365 3203 4420 Cor.
3233 4365 3316 4432 ιιι)
3343 4380 3506 4432 εῳιω
3523 4366 3644 4434 qui-

2089 4456 2210 4510 dem
2233 4464 2384 4510 tanto
2407 4457 2657 4510 mundari
2709 4454 2956 4508 convenit
2993 4443 3300 4526 diligentius
3322 4459 3378 4506 et
3422 4453 3642 4519 ornari,

435 4545 574 4599 ticos
618 4547 926 4615 serpentina
955 4554 1166 4618 utentes
1213 4544 1413 4598 astutia
1457 4542 1778 4612 fugaverunt
1823 4543 1934 4613 (67)
1970 4561 1987 4610 ;
2021 4535 2066 4587 Ι)
2088 4553 2293 4612 quanto
2329 4546 2542 4599 illorum
2597 4543 3012 4596 inhabitatorem
3053 4542 3263 4614 caneris
3307 4541 3641 4595 mundiorem

433 4635 512 4689 ita
537 4643 592 4689 et
619 4650 718 4690 nos
744 4635 1212 4717 mansuetudinem
1237 4632 1360 4687 felle
1385 4632 1621 4704 carentis
1645 4632 1789 4686 alitis
1815 4640 1998 4686 tenea-

381 4741 392 4744 ‘
432 4742 578 4792 mus,
628 4733 685 4780 et
734 4727 1073 4796 prudentiam
1104 4723 1389 4792 .serpentis
1435 4737 1545 4781 non
1603 4721 1996 4790 relinquamus.

434 4811 732 4884 Utramque
757 4814 902 4868 enim
950 4819 1129 4865 mente
1157 4817 1368 4879 gestare
1415 4824 1526 4863 non
1563 4817 1646 4863 est
1663 4809 1874 4875 vitium,
1903 4809 1996 4863 sed

429 4891 610 4972 digna:
632 4901 978 4958 discretionis
1002 4913 1283 4954 arcanum.
1307 4896 1428 4950 Non
1443 4897 1588 4951 enim
1615 4897 1850 4966 aliquem
1872 4897 1998 4950 odio

434 4993 691 5060 prosequi
703 4994 980 5056 debemus,
995 4990 1110 5055 sed,
1127 4988 1484 5058 imprudentia
1497 4985 1809 5040 fatuitateve
1826 4985 1997 5054 legem

439 5077 656 5137 Domini
697 5079 939 5134 volentes
961 5077 1274 5152 infringere,
1304 5075 1652 5145 subportare.
1684 5073 1824 5128 Ecce
1850 5073 1996 5127 enim

432 5163 766 5233 acceptabile
830 5172 1042 5232 tempus
1083 5167 1266 5232 adest;
1315 5178 1444 5219 ecce
1501 5164 1698 5218 iterum
1733 5162 2008 5225 Dominus,

432 5253 790 5324 spiritualiter
819 5252 958 5310 inter
978 5253 1225 5308 homines
1245 5241 1488 5310 ambulat
1505 5295 1521 5321 ,
1549 5256 1812 5319 clamans,
1839 5261 1894 5307 et
1913 5252 1997 5312 di.

948 5430 1069 5484 lteri
1092 5425 1289 5484 Joanni
1333 5408 1596 5484 successit
1617 5428 1762 5482 circa
1780 5411 1807 5480 ἶ

477 5434 624 5558 nati)
659 5431 887 5486 Joannes
916 5431 1069 5486 alteri
1092 5431 1289 5485 Joanni
1333 5431 1596 5507 successit
1617 5431 1762 5482 circa
1787 5431 1994 5484 "anxium

441 5502 472 5558 l
582 5545 601 5570 ,
628 5511 683 5557 et
702 5502 758 5557 S.
790 5501 1048 5570 Gregorio
1071 5499 1643 5570 ﬁdelissimeadhzesu,
1687 5502 1868 5549 utnec
1891 5495 1997 5549 lm-

444 5567 706 5640 pcratoris
747 5567 921 5625 minui
943 5569 1298 5640 potentiaque
1344 5567 1498 5640 illum
1515 5572 1781 5640 avertere
1803 5571 1992 5640 potite-

446 5631 571 5692 iint.
595 5640 866 5694 Laudatur
888 5655 919 5692 a
943 5631 1101 5693 Petro
1124 5631 1360 5692 Ostiensi
1380 5636 1476 5689 lib.
1502 5635 1555 5688 ι.
1581 5631 1836 5686 Chronici
1884 5631 1992 5686 Ca-

443 5706 883 5774 sinensiscap.2,
926 5715 980 5760 et
1000 5708 1141 5760 aliis.
1385 5772 1395 5774 _
1616 5771 1630 5774 _
1732 5769 1743 5774 ,
1873 5719 1876 5722 ’

518 5773 628 5841 (67)
657 5769 806 5828 Hune
839 5769 1016 5829 tecum
1061 5776 1128 5829 de
1167 5772 1468 5842 serpentina
1498 5769 1778 5840 prudentia
1819 5777 1872 5822 et
1898 5783 1985 5823 co-

2095 4648 2214 4688 esse
2236 4633 2623 4703 dignoscimus.
2655 4629 2927 4698 Scriptum
2955 4631 3152 4699 quippe
3169 4638 3254 4685 est
3282 4645 3296 4682 :
3339 4636 3372 4681 ’σ
3415 4630 3643 4683 Mundus

2101 4741 2120 4774 ι
2148 4723 2417 4780 habitator
2439 4722 2694 4776 mundam
2726 4720 2920 4788 quatrit
2951 4721 3171 4794 domum
3214 4719 3270 4790 (I
3313 4719 3437 4774 Cor.
3469 4721 3580 4775 xvi.
3602 4712 3635 4771 ἰ

2094 4811 2399 4865 Etiternm:
2421 4830 2440 4861 ι
2461 4810 2717 4879 Evigiiate
2727 4809 2882 4878 justi,
2898 4817 2953 4863 et
2971 4809 3135 4863 nolite
3146 4825 3387 4878 peccare.
3403 4808 3598 4878 (κω.)
3615 4827 3634 4860 ι
3678 4841 3680 4843 ›

2095 4899 2163 4952 Ει
2187 4890 2461 4953 iterumu
2493 4899 2630 4952 Ecce
2656 4906 2740 4952 sto
2769 4899 2835 4952 ad
2881 4900 3102 4964 ostium,
3128 4907 3183 4952 et
3199 4899 3380 4967 pulso.
3433 4896 3492 4949 Si
3519 4895 3644 4964 quis
3678 4962 3684 4967 _

2101 4988 2358 5042 «audierit
2376 5001 2559 5041 vocem
2576 5002 2771 5053 meam,
2802 4996 2856 5041 et
2876 4988 3148 5056 aperuerit
3166 4986 3322 5050 mihi,
3339 4985 3552 5038 intrabo
3575 4984 3656 5037 ad

2102 5078 2301 5144 «illum,
2317 5086 2372 5131 et
2385 5074 2611 5131 cmnabo
2624 5092 2746 5131 cum
2760 5077 2872 5141 illo,
2889 5086 2944 5130 et
2954 5077 3067 5146 ipse
3077 5089 3288 5144 mecum
3303 5073 3484 5142 (Apoc.
3502 5075 3603 5141 ιιι).
3617 5092 3636 5123 ι

2096 5167 2352 5222 Videmus
2375 5168 2507 5236 jam,
2531 5166 2769 5232 Fratres,
2791 5167 2838 5220 si
2863 5166 3026 5220 corda
3086 5170 3272 5216 nostra
3307 5161 3522 5231 exigere
3549 5177 3641 5215 co-

2094 5272 2288 5312 nemur
2315 5258 2516 5312 intente
2530 5297 2544 5322 ,
2567 5256 2856 5313 Auctorem
2876 5262 3126 5313 nostrum
3155 5251 3372 5320 pulsare
3395 5291 3411 5317 ,
3438 5265 3641 5320 nosque

2093 5429 2331 5482 lumbina
2372 5425 2735 5488 simplicitate,
2786 5421 3036 5475 mutilum
3096 5417 3150 5472 in
3199 5433 3331 5472 mss.
3367 5426 3439 5484 et,
3475 5417 3636 5488 etiam

2092 5513 2217 5552 cum
2245 5496 2466 5551 editoris
2479 5484 2824 5547 Dellandiani
2873 5488 3263 5557 supplemento,
3295 5484 3640 5541 intricatissi-

2093 5580 2262 5629 mum,
2290 5579 2393 5618 nos
2422 5565 2524 5616 hac
2551 5561 2695 5629 illius
2727 5556 3048 5629 conjectura
3059 5556 3264 5629 innixi,
3310 5563 3514 5629 textum
3539 5567 3640 5606 au-

2093 5641 2199 5715 tem
2231 5623 2687 5747 adolatthaaiéx,‘
2719 5625 2807 5692 l6)
2841 5623 3020 5678 'verba
3050 5623 3260 5680 ﬁdelius
3303 5623 3639 5694 aﬂingentes,

2093 5708 2166 5747 ita
2196 5698 2568 5747 restrtmmusl
2616 5710 2728 5747 ΜΤ.
2753 5692 3014 5747 ΡΑτιοι.)

2091 5703 2166 5754 ita
2196 5700 2531 5754 restituimus
2551 5692 2728 5766 (Eutr.
2753 5692 3014 5769 Panos.)
