3902 6402
543 420 608 470 ’ῖεί
1151 441 1158 448 ~
1718 411 1772 465 S.
1799 409 2094 465 CRECURI

2229 410 2311 462 VII
2350 415 2518 464 l'.\l".\
3663 415 3723 468 76

538 546 656 584 eam
676 520 936 590 scindere,
965 525 1265 594 separando
1290 543 1303 590 ;
1333 524 1549 578 vinculo
1597 537 1721 575 eum
1769 522 2086 575 anathema-
2117 523 2160 577 A
2185 522 2395 576 catione
2417 537 2578 591 quam
2610 523 2662 575 in
2694 521 2887 590 Regem
2923 525 3444 592 t'ceirnus,dumtare,
3467 545 3484 575 ι
3502 535 3608 582 etc.
3638 528 3722 582 Vi-

541 621 609 674 tis
636 621 750 673 vice
771 626 861 672 tua
883 618 1043 686 alligo
1077 636 1089 670 :
1121 625 1175 669 et
1200 616 1276 669 sic
1299 629 1422 668 eum
1465 629 1530 666 ex
1559 611 1751 666 ﬁducia
1775 619 1868 664 tua
1887 611 2047 678 alligo
2070 651 2084 676 ,

541 719 600 763 ut
626 709 799 764 sciant
824 716 1008 777 gentes
1035 715 1090 761 et
1135 704 1487 774 comprobent
1527 702 1653 772 quia
1679 711 1736 755 tu
1776 716 1837 755 es
1874 700 2084 765 Petrus,

503 775 523 864 ,³
540 811 594 856 et
621 814 784 869 super
811 775 960 852 tuam
983 805 1191 866 petram
1212 794 1382 848 Filius
1410 792 1502 846 Dei
1522 792 1628 846 vivi
1665 790 1944 846 aediﬁcavit
1983 789 2086 844 Ec-

540 890 758 950 elesiam
780 902 933 944 suam
959 929 974 952 ,
994 895 1047 942 ct
1084 889 1253 955 portae
1287 883 1443 938 inferi
1465 898 1570 936 non
1598 881 1962 952 praevalebunt
1987 880 2086 936 ad-

539 996 729 1036 versus
748 994 868 1032 eam
900 977 1114 1048 (Matth.
1142 977 1271 1044 xvi).

549 1066 558 1074 ’
609 1069 699 1125 64.
724 1068 855 1124 Post
874 1067 989 1121 haec
1021 1067 1170 1121 misit
1207 1064 1278 1120 ad
1304 1065 1547 1118 diversos
1611 1062 1899 1131 Epistolas,
1948 1063 2087 1117 idem

543 1159 826 1213 anathema
847 1165 901 1210 et
923 1168 1114 1210 causas
1147 1154 1265 1222 ejus
1301 1151 1707 1207 manifestantes
1730 1192 1744 1216 ,
1765 1167 1831 1204 ex
1889 1152 2090 1219 quibus

544 1249 643 1304 has
660 1248 796 1302 duas
819 1245 1154 1315 interponere
1175 1242 1422 1312 praesenti
1457 1240 1718 1311 opusculo
1754 1229 2085 1296 curavimus.

551 1357 569 1387 ι
596 1335 888 1409 Gregorius
904 1333 1222 1403 Episcopus,
1245 1347 1432 1386 servus
1465 1345 1743 1386 servorum
1772 1329 1885 1395 Dei,
1909 1332 2088 1384 omni-

546 1426 756 1496 busqui
780 1421 1374 1493 cupiuntanuumerari
1413 1421 1550 1475 inter
1591 1435 1720 1475 oves
1746 1435 1884 1489 quas
1933 1419 2090 1473 Chri-

545 1527 662 1571 stus
688 1495 749 1569 B.
780 1513 936 1568 Petro
957 1495 1250 1576 commisit,
1287 1511 1514 1564 salutem
1542 1519 1595 1565 et
1622 1509 2090 1579 Apostolicambe—

546 1604 922 1660 nedictionem.
950 1601 1210 1665 Audistis,
1253 1599 1468 1654 Fratres
1494 1599 1796 1665 carissimi,
1823 1615 2015 1654 novam
2037 1609 2092 1654 et

547 1694 840 1747 inauditam
915 1691 1383 1760 prmsumptionem
1407 1730 1423 1753 ,
1486 1689 1712 1744 audistis
1777 1690 2089 1743 sceleratam

545 1782 1010 1837 schismaticoruin
1037 1822 1051 1846 ,
1077 1790 1133 1834 et
1152 1795 1346 1834 nomen
1368 1778 1578 1834 Domini
1618 1778 1671 1831 in
1698 1777 1756 1831 Β.
1787 1777 1944 1833 Petro
1971 1779 2088 1833 bla-

546 1871 962 1942 sphemantium,
1005 1869 1368 1940 garrulitatem
1411 1877 1466 1923 et
1507 1869 1824 1922 audaciam:
1863 1868 2091 1923 audistis

547 1960 872 2029 superbiam,
895 1959 962 2012 ad
982 1958 1233 2027 iniuriam
1253 1965 1306 2011 et
1332 1957 1710 2011 contumeliam
1732 1965 1930 2010 sancta:
1949 1955 2093 2025 Apo-

546 2050 747 2103 stolica:
776 2047 897 2101 Sedi
927 2047 1144 2111 illatam,
1169 2046 1379 2116 qualem
1411 2045 1571 2099 vestri
1597 2043 1782 2100 Patres
1820 2059 1917 2098 nec
1940 2044 2090 2099 vide-

547 2147 692 2202 runt,
723 2151 821 2192 nec
845 2137 1130 2190 audierunt
1153 2150 1407 2204 umquam
1433 2176 1448 2200 ,
1472 2148 1572 2188 nec
1591 2133 1980 2204 scripturarum
2003 2148 2091 2188 se-

547 2227 655 2281 rics
679 2217 966 2296 aliquando
988 2241 1018 2278 a
1047 2225 1268 2294 paganis
1305 2223 1386 2277 vel
1413 2223 1679 2277 haereticis
1727 2223 1884 2277 docet
1913 2238 2090 2278 emer-

549 2332 708 2376 sam:
748 2315 906 2384 cujus
950 2315 1095 2378 mali,
1126 2313 1227 2367 etsi
1257 2312 1470 2380 aliquod
1497 2327 1773 2382 umquam,
1804 2320 1926 2381 post
1964 2310 2090 2365 fun-

546 2406 726 2459 datam
785 2412 839 2458 ct
887 2412 1234 2473 propagatam
1281 2402 1438 2456 ﬁdem
1471 2400 1692 2465 Christi,
1733 2402 2095 2470 praecessisset

546 2495 849 2564 exemplum
876 2534 906 2557 ,.
935 2492 1185 2546 omnibus
1241 2499 1420 2546 tamen
1478 2490 1742 2556 ﬁdelibus,
1806 2507 1906 2561 pro
1939 2499 2090 2545 tanto

548 2591 854 2652 contemptu
875 2591 928 2636 et
953 2581 1355 2637 conculcatione
1385 2581 1723 2649 Apostolicae,
1765 2581 1876 2634 imo
1898 2581 2093 2636 divina:

546 2673 900 2735 auctoritatis,
922 2672 1210 2725 dolendum
1245 2669 1382 2724 foret
1397 2677 1452 2722 ot
1471 2670 1809 2739 gemendum.
1843 2669 2092 2738 Quapro-

546 2771 685 2832 pter,
728 2751 873 2816 si'B.
920 2759 1077 2814 Petro
1117 2760 1296 2813 claves
1319 2758 1468 2828 regni
1510 2759 1770 2812 caelorum
1802 2773 1832 2812 a
1864 2759 2092 2814 Domino
2129 2775 2134 2783 ’

545 2851 657 2906 Deo
680 2859 868 2922 nostro
893 2847 1022 2904 Jesu
1071 2848 1286 2903 Christo
1339 2847 1565 2902 traditas
1591 2863 1712 2903 esse
1739 2848 1959 2903 creditis
1986 2890 2001 2914 ,
2039 2857 2094 2903 et

521 2942 698 2995 vobis
728 2956 822 3010 per
865 2954 1058 3012 manus
1081 2937 1249 3007 ipsius
1285 2937 1353 2992 ad
1377 2945 1591 2992 aeternae
1634 2937 1757 2992 vitae
1785 2939 1978 3007 gaudia
2006 2935 2089 2990 ln-

545 3031 766 3083 troitum
793 3037 974 3097 patere
991 3026 1227 3105 cupitis;
1253 3026 1598 3095 cogitandum
1619 3026 1774 3080 vobis
1795 3035 1898 3091 est,
1919 3031 2094 3095 quan-

2117 1824 2167 1927 B.
2190 1880 2462 1940 gementes
2503 1876 2712 1922 tantum
2753 1865 2982 1932 facinus,
3029 1866 3097 1920 ad
3134 1824 3496 1935 Apostolircam
3520 1824 3750 1922 rSeduni-

2187 612 2258 664 de
2287 611 2423 665 inter
2441 612 2688 681 epistolas
2715 611 2771 665 S.
2798 611 3052 680 Gregorii.

2261 701 2348 756 69.
2397 700 2563 771 Igitur
2615 710 2735 770 post
2767 700 3374 758 excommunicationem
3428 714 3482 760 et
3522 707 3730 776 depast-

2187 790 2386 845 tionem
2410 790 2590 861 Regis,
2615 790 2827 844 Domini
2848 801 3114 860 przecunte
3133 795 3324 862 gratia,
3348 796 3500 849 multi
3526 799 3730 851 nobiles

2185 887 2241 934 et
2262 880 2576 946 mediocres,
2609 880 2675 934 ad
2701 879 2867 934 Deum
2898 888 3012 934 toto
3035 882 3194 935 corde
3235 885 3502 950 conversi,
3535 886 3731 955 praefa—

2151 1045 2154 1048 g
2187 977 2301 1022 tum
2327 967 2522 1038 Regem
2547 969 2893 1038 reliquerunt.
2916 968 3021 1038 Ipsi
3047 971 3229 1036 etiam,
3252 973 3345 1041 qui
3365 975 3514 1042 prius
3537 977 3729 1044 partim

2188 1059 2457 1128 regalibus
2501 1059 2812 1125 blanditiis,
2863 1059 3058 1129 partim
3118 1063 3414 1117 terroribus
3463 1065 3518 1118 et
3569 1065 3731 1120 minis

2187 1158 2373 1203 contra
2397 1147 2757 1218 Apostolicam
2795 1148 2984 1204 Sedem
3027 1149 3458 1218 coniuraverant,
3488 1157 3731 1212 conversi

2187 1237 2552 1306 postmodum,
2602 1237 2764 1308 digno
2799 1239 2853 1291 in
2886 1237 3082 1308 Regem
3126 1241 3452 1296 anathemati
3499 1239 3735 1299 conscri-

2187 1336 2433 1396 pserunt,
2467 1325 2738 1382 mittentes
2770 1328 3036 1396 supplices
3058 1328 3124 1381 ad
3151 1328 3512 1397 Apostolicam
3535 1332 3728 1388 Sedem

2188 1417 2429 1496 nuntios,
2463 1416 2809 1485 epithemium
2859 1414 2969 1496 (69)
3011 1417 3336 1485 paenitentia;
3380 1420 3730 1488 postulantes.

2189 1494 2396 1572 Quibus
2420 1506 2801 1561 misericordia:
2829 1494 3142 1576 discipulus,
3177 1523 3284 1562 non
3306 1523 3552 1578 quaerens
3581 1522 3731 1566 satu-

2189 1598 2298 1652 rari
2329 1597 2502 1666 pmnis
2539 1611 2774 1660 reorum,
2806 1596 3069 1666 gremium
3109 1606 3306 1651 sancta
3335 1597 3582 1654 Ecclesia:
3616 1617 3734 1670 ape-

2187 1688 2328 1754 ruit;
2359 1697 2413 1741 ct
2439 1695 2500 1740 ut
2527 1687 2584 1740 in
2616 1684 2720 1739 ﬁde
2753 1683 2966 1738 Domini
2999 1685 3379 1752 solidarentur,
3423 1690 3732 1743 consolato-

2190 1781 2300 1834 rias
2332 1780 2413 1833 eis
2449 1779 2655 1832 litteras
2685 1773 3128 1830 misit.‘Nonnulli
3171 1791 3296 1830 vero
3326 1776 3732 1846 Episcopornm,

2190 1959 2529 2014 discalceatis
2554 1958 2778 2028 pedibus
2807 1965 3087 2020 venerunt,
3118 1965 3225 2010 tam
3268 1957 3359 2011 diu
3385 1958 3514 2012 inibi
3539 1959 3733 2027 perdu-

2190 2059 2368 2104 rantes
2411 2065 2518 2118 quo
2550 2063 2719 2117 usque
2742 2046 3001 2100 Dominus
3027 2045 3168 2115 Papa
3211 2047 3588 2102 misericordia:
3619 2065 3733 2101 ina-

2189 2157 2320 2196 num
2346 2149 2399 2194 et
2423 2139 2636 2208 pietatis
2663 2138 2890 2202 viscera,
2924 2137 3003 2191 eis
3025 2137 3386 2206 compatiens,
3416 2139 3665 2207 aperiret.

2261 2229 2345 2282 70.
2392 2227 2600 2282 Interea
2662 2226 2922 2280 Dominus
2976 2241 3229 2296 magnum
3293 2213 3612 2283 miraculum
3683 2229 3736 2282 in

2191 2319 2352 2390 Regis
2383 2327 2438 2372 et
2469 2317 2712 2370 omnium
2759 2316 2929 2370 oculis
2960 2314 3084 2370 fecit
3112 2335 3122 2368 :
3157 2331 3267 2385 quo
3309 2318 3552 2386 cognito,
3581 2317 3737 2371 multi

2189 2425 2314 2464 eum
2376 2408 2726 2476 reliquerunt.
2785 2403 2917 2458 Nam
2981 2414 3103 2473 post
3162 2400 3738 2460 eermmunicationis

2188 2501 2328 2555 diem
2374 2498 2506 2568 (70),
2551 2495 2827 2550 Paschalis
2877 2495 2984 2550 diei
3033 2495 3388 2560 solemnitate,
3419 2511 3543 2550 eum
3592 2498 3739 2566 regio

2189 2597 2445 2658 apparatu
2497 2595 2553 2641 et
2593 2585 2855 2640 comitatu
2903 2585 3218 2654 pompatiea:
3267 2586 3641 2651 multitudinis,
3673 2587 3738 2641 ad

2191 2675 2776 2745 Ecclesiam,divinitus
2795 2674 2904 2730 sibi
2916 2675 3174 2740 clausam,
3199 2676 3380 2730 venire
3399 2691 3738 2746 nequaquam

2191 2766 2488 2822 abhorruit.
2519 2763 2681 2818 Jussu
2712 2764 2892 2832 itaque
2915 2763 3077 2834 Regis
3117 2765 3333 2833 quidam
3377 2765 3488 2834 (7t)
3515 2765 3737 2835 Episco-

2191 2873 2312 2926 pus,
2357 2857 2405 2911 si
2452 2854 2534 2909 fas
2575 2862 2683 2919 est,
2730 2853 2840 2908 imo
2874 2854 3158 2908 haereticus
3187 2863 3242 2908 et
3271 2853 3631 2923 Simoniacus,
3674 2859 3740 2912 ad

2190 2946 2366 3000 Missa:
2385 2960 2443 3000 se
2463 2930 2781 3014 praeparavit
2792 2942 3043 2998 ofﬁcium.
3068 2943 3304 2998 Tandem
3319 2945 3553 3013 perlecto
3573 2946 3742 3000 Evan-

2192 3038 2350 3108 gelio,
2371 3052 2437 3090 ex
2470 3049 2620 3089 more
2651 3034 2892 3088 lecturus
2921 3035 3231 3103 popularem
3269 3050 3572 3089 sermonem
3599 3035 3740 3108 Pon-

546 3127 661 3172 tum
684 3132 828 3172 nunc
847 3117 912 3172 de
956 3116 1190 3185 irrogata
1225 3115 1338 3168 sibi
1367 3114 1564 3183 injuria
1612 3114 1795 3168 dolere
1832 3114 2089 3171 debeatis.
2113 3136 2162 3192 νο
2195 3125 2320 3180 me;
2347 3125 2515 3189 idem,
2551 3123 2816 3192 pulpitum
2852 3125 3183 3178 conscendit,
3233 3123 3429 3178 Parum
3466 3133 3645 3180 autem
3676 3127 3742 3181 de

546 3207 660 3262 Nisi
688 3208 832 3262 enim
881 3206 990 3272 hic,
1017 3205 1109 3260 ubi
1135 3219 1228 3274 per
1253 3203 1567 3258 discrimina
1600 3205 1956 3258 tentationum
1999 3221 2089 3258 ve-

545 3309 656 3353 stra
681 3297 811 3352 ﬁdes
830 3304 883 3350 et
907 3296 1069 3350 corda
1097 3294 1394 3363 probantur
1414 3337 1431 3360 ,
1468 3295 1601 3349 socii
1638 3296 1951 3364 passionum
1977 3296 2089 3348 elli-

543 3385 760 3442 ciamini
785 3428 798 3452 ,
826 3385 1178 3456 proculdubio
1217 3399 1322 3437 non
1349 3383 1480 3440 estis
1503 3384 1669 3454 digni,
1712 3393 1774 3438 ut
1805 3385 2092 3455 participes

545 3477 737 3531 futurae
759 3473 1141 3529 consolationis
1165 3513 1180 3538 ,
1235 3482 1290 3526 et
1311 3473 1406 3526 ﬁlii
1426 3473 1576 3542 regni
1599 3513 1614 3538 ,
1644 3457 1916 3546 cmlestem
1937 3490 2095 3529 coro-

547 3581 671 3618 nam
724 3572 777 3617 et
819 3564 1046 3632 gloriam
1084 3561 1387 3616 sortiamini
1427 3560 1514 3629 (Il
1560 3561 1684 3615 Cor.
1712 3561 1774 3630 ι).
1819 3561 2095 3633 Rogamus

549 3653 709 3721 igitur
736 3651 1015 3704 caritatem
1044 3657 1280 3703 vestram
1306 3689 1322 3714 ,
1342 3657 1402 3703 ut
1436 3649 1700 3704 instanter
1726 3650 1963 3706 divinam
1988 3653 2092 3707 mi-

549 3740 896 3795 sericordiam
920 3739 1206 3808 implorare
1233 3739 1490 3792 studeatis
1517 3757 1532 3804 ;
1577 3749 1842 3808 quatenus
1863 3752 1956 3796 aut
1975 3759 2095 3798 cor-

489 3850 491 3852 ·
547 3833 614 3885 da
640 3830 926 3898 impiorum
949 3829 1014 3882 ad
1040 3829 1406 3897 paenitentiam
1424 3838 1613 3894 vertat,
1640 3839 1733 3884 aut
1754 3834 2095 3902 reprimendo

547 3934 736 3974 eorum
760 3917 990 3972 nefanda
1029 3918 1275 3983 consilia,
1297 3934 1462 3987 quam
1487 3919 1801 3988 insipientes
1841 3933 1896 3977 et
1945 3928 2095 3980 stulti

549 4013 676 4076 sint,
705 4010 798 4078 qui
825 4016 1028 4078 petram
1049 4022 1078 4060 a
1107 4005 1324 4071 Christo
1349 4007 1624 4063 fundatam
1665 4020 1902 4068 evertere
1935 4023 1990 4068 et
2015 4017 2098 4070 di-

547 4102 671 4155 vina
700 4098 977 4168 privilegia
1003 4097 1204 4151 violare
1223 4106 1490 4152 conantur
1513 4139 1527 4162 ,
1558 4101 1824 4156 ostendat.
1856 4101 2097 4169 Qualiter

550 4200 748 4252 autem,
777 4197 869 4242 aut
881 4203 978 4256 pro
1001 4188 1196 4256 quibus
1219 4188 1398 4255 causis
1423 4186 1482 4240 Β.
1513 4188 1702 4244 Petrus
1742 4193 2096 4249 anathematis

549 4276 764 4330 vinculo
785 4274 980 4343 Regem
999 4277 1310 4344 alligaverit,
1339 4280 1394 4331 in
1419 4277 1528 4347 (68)
1556 4281 1951 4352 chartula,quze
1971 4287 2097 4341 huic

551 4366 758 4419 inclusa
792 4371 892 4425 est,
920 4363 1074 4431 plene
1093 4366 1315 4432 potestis
1330 4380 1672 4434 cognoscere.
1716 4389 1734 4419 ι

620 4454 802 4509 65-68.
834 4473 854 4504 ι
885 4453 1170 4522 Gregorius
1181 4452 1474 4522 Episcopus
1490 4469 1676 4537 servus
1689 4473 1967 4516 servorum
1991 4463 2102 4538 Dei,

552 4545 802 4598 omnibus
814 4541 1110 4611 Episcopis,
1121 4541 1376 4607 Ducibus,
1389 4542 1690 4600 Comitibus
1709 4551 2026 4620 ueterisque
2040 4557 2103 4610 ﬁ-

553 4633 760 4686 delibus
785 4632 838 4684 in
869 4630 1050 4700 Regno
1097 4630 1514 4686 Teutonicorum
1544 4632 1904 4692 Christianam
1945 4641 2102 4700 ﬁdem

553 4721 976 4793 defendentibus,
1008 4720 1233 4774 salutem
1267 4729 1320 4773 et
1370 4722 1734 4790 Apostolieam
1773 4727 2102 4787 benedictio-

555 4827 694 4866 nem.
718 4810 1034 4865 Audivimus
1049 4809 1312 4879 quosdam
1344 4809 1485 4884 inter
1520 4825 1620 4865 vos
1643 4813 1709 4867 de
1728 4824 2103 4875 excommuni-

519 4983 535 4993 κ
627 4941 736 5008 (68)
777 4939 930 5013 Hanc
948 4939 1256 5013 Charmlam
1291 4938 1458 5013 fuisse
1494 4942 1674 5005 credo,
1699 4943 1780 4996 vel
1813 4944 1982 5013 ipsam
2005 4966 2101 5005 ex-

559 5008 1060 5081 communicationis
1106 5009 1425 5081 sententiam
1465 5024 1647 5081 supra
1698 5008 1962 5081 positam,
2018 5024 2102 5075 vel

560 5079 746 5155 eorum
777 5089 895 5190 (Lina:
917 5075 1251 5153 insequenti
1278 5076 1512 5145 Epistola
1535 5075 1784 5149 leguntur
1806 5075 2096 5157 exemplar.

635 5142 744 5190 lb9l
834 5151 1123 5190 mttmmm.
1156 5141 1335 5190 (ἒν-Μ
1355 5148 1596 5190 ὶπιτήηιν
1658 5151 1852 5190 mnlrln
1911 5172 2059 5190 nmnn

635 5140 1630 5226 (ἓνἕρξίῗηίξνξέἒ,ἒτεβεδέὲπξῖίμιυγῖ
1658 5151 1872 5226 malet“.
1909 5140 2059 5226 ρῶἰιῖέ

559 5203 889 5296 ia
896 5210 1020 5296 “sed:
1034 5203 1292 5296 *ἤιξε-ερὲς.
1303 5293 1318 5296 Α
1330 5203 1673 5296 ξρὶιιιὶιηὲάηι
1698 5234 1729 5272 a
1749 5203 2097 5296 ueéh'ﬁdhwo;

561 5270 941 5345 impositignem
969 5277 1058 5329 hic
1089 5270 1386 5345 signiﬁcat,"
1421 5299 1424 5303 -
1702 5270 1728 5272 "
1937 5270 2099 5297 μην,

634 5343 757 5416 (70)-
781 5343 1159 5416 Pass/tinnitu
1181 5344 1314 5416 {976
1333 5347 1659 5416 celebratum
1681 5356 1783 5406 hut
1803 5355 2074 5416 Bimanii

561 5424 616 5491 et
635 5407 846 5491 quidem
864 5409 1356 5491 'aanenri-coﬁege
1377 5411 1671 5491 Ultrajecti,
1699 5407 2103 5491 quemiéﬁéﬁé

561 5480 909 5552 Paschalibns
937 5480 1246 5552 feriisﬂinde
1281 5480 1612 5552 discessisse,
1653 5480 1815 5543 tradit
1847 5480 2100 5550 Rrunoin

563 5549 831 5617 Chronico
855 5565 970 5617 pag.
1008 5549 1127 5603 795.
1410 5553 1422 5568 ’

530 5678 534 5683 Ι
569 5685 585 5697 Δ
607 5695 613 5697 Δ
635 5615 741 5697 (741)
781 5615 1087 5670 Η⁷ἰ11ιὲιιιιιιδ
1125 5618 1516 5697 Ultrajectinus,
1547 5639 1757 5697 causam
1790 5626 1944 5697 Regis
1977 5646 2101 5683 con-

565 5685 646 5730 trg:
680 5682 865 5738 bonum
905 5696 952 5739 et
997 5703 1199 5756 mquam
1242 5682 1513 5746 obstinate
1537 5693 1807 5762 luebatur,
1847 5682 1895 5750 ἐξ
1928 5682 2101 5753 studio

2197 3223 2425 3270 tractatu
2453 3213 2665 3268 loeutus
2703 3211 3039 3281 Evangelico,
3073 3213 3252 3266 statim
3293 3228 3351 3267 se
3385 3214 3452 3268 ad
3490 3215 3740 3286 blasphe-

2195 3306 2360 3392 miam
2385 3302 2540 3372 Papae
2566 3301 2808 3370 Gregorii
2852 3316 2996 3356 caeco
3039 3302 3197 3357 corde
3232 3311 3516 3373 menteque
3546 3320 3741 3360 vesana

2195 3391 2458 3465 prorupit,
2481 3407 2601 3461 qua:
2619 3407 2716 3462 pro
2738 3391 2904 3445 nimio
2933 3392 3015 3446 sui
3032 3392 3256 3447 horrore
3281 3393 3492 3448 silentio
3525 3407 3744 3464 praster-

2189 3487 2273 3540 ire
2301 3483 2643 3552 complacuit.
2691 3478 2908 3536 Difﬁcile
2940 3491 3023 3536 est
3051 3484 3198 3537 enim
3224 3492 3284 3537 ut
3305 3484 3448 3540 bene
3478 3487 3582 3541 sibi
3606 3502 3739 3542 con-

2193 3573 2480 3628 scientium
2535 3571 2889 3645 probitatem,
2929 3571 3344 3626 obtrectantinm
3400 3575 3584 3644 lingua
3633 3591 3741 3631 non

2197 3662 2464 3726 mordeat,
2508 3668 2564 3714 et
2604 3660 2912 3728 iniquorum
2945 3660 3136 3714 evadat
3179 3663 3493 3729 opprobria,
3526 3665 3616 3718 cui
3661 3676 3744 3720 est

2195 3753 2368 3808 amica
2389 3751 2615 3822 justitia.
2640 3748 3020 3804 Verumtamen
3041 3751 3226 3806 eadem
3248 3752 3745 3826 blasphemia,qua-

2190 3844 2266 3898 .lis'
2293 3832 2349 3896 in
2382 3842 2554 3896 oculis
2580 3838 2794 3894 Domini
2823 3840 3004 3907 fuerit,
3037 3831 3293 3896 continuo
3319 3858 3551 3912 sequens
3577 3848 3741 3916 ultio,

2197 3935 2243 3988 si
2267 3932 2624 4002 perpendatur
2643 3971 2656 3994 ,
2682 3930 2985 3985 innotescit.
3014 3929 3148 3985 Nam
3177 3932 3453 3988 Paschalis
3491 3936 3595 3992 diei
3619 3955 3746 4009 gan-

2197 4022 2287 4076 dio
2317 4021 2556 4074 nondum
2583 4019 2756 4084 ﬁnito,
2798 4020 2976 4074 subito
3011 4022 3207 4076 cmlum
3241 4022 3450 4094 fragore
3490 4019 3741 4094 intonuit,

2199 4111 2252 4164 in
2274 4126 2382 4180 quo
2400 4109 2538 4179 ignis
2559 4109 2877 4165 descendere
2890 4111 3099 4167 caelitus
3113 4113 3262 4168 visus
3285 4123 3392 4182 est;
3408 4117 3501 4186 qui
3528 4133 3741 4179 omnem

2199 4201 2344 4276 illam
2371 4199 2672 4264 ecclesiam,
2720 4213 3015 4270 omnesque
3064 4202 3256 4258 domos
3298 4207 3464 4274 regali
3505 4211 3741 4280 receptui

2199 4297 2556 4364 praeparatas,
2578 4298 2794 4358 repente
2831 4293 3183 4370 consumpsit,
3211 4301 3266 4346 et
3293 4294 3533 4349 laetitiam
3563 4297 3744 4365 profa-

2198 4393 2391 4440 norum
2422 4380 2476 4431 in
2507 4394 2793 4432 mmrorem
2817 4383 3167 4436 commutavit
3196 4399 3207 4435 -.
3249 4381 3572 4450 Episcopum
3612 4401 3743 4442 vero

2136 4481 2180 4533 ι)
2205 4464 2356 4518 illum
2395 4466 2787 4534 blasphemum,
2819 4467 2998 4520 subito
3026 4467 3153 4537 (72)
3182 4483 3520 4537 percussum,
3564 4470 3743 4530 divina

2199 4555 2334 4610 ultio
2359 4554 2646 4608 interemit.
2685 4553 2794 4619 Sed
2823 4563 3110 4625 antequam
3141 4557 3304 4611 vitam
3346 4561 3559 4628 penitus
3586 4566 3745 4640 exha-

2202 4644 2355 4710 laret,
2377 4644 2653 4699 ministros
2673 4659 2772 4698 suo
2791 4645 2953 4699 exitio
2975 4656 3318 4715 praeparatos,
3336 4651 3521 4719 quales
3539 4667 3741 4719 essent,

2202 4735 2511 4810 compulsus
2531 4743 2614 4788 est
2632 4734 2807 4788 dicere
2831 4753 2844 4788 :
2874 4734 3038 4791 Video
3061 4752 3164 4802 me,
3193 4738 3384 4808 inquit,
3411 4742 3588 4810 igneis
3611 4745 3744 4800 loris

2201 4823 2502 4889 astrictum,
2527 4824 2678 4878 tetris
2699 4825 3034 4880 trahentibus
3063 4827 3389 4897 imaginibus
3417 4847 3483 4884 ex
3507 4833 3607 4887 hac
3633 4835 3742 4888 vita

2200 4955 2429 5026 partium
2462 4953 2612 5024 Regis
2641 4955 2804 5026 multa
2825 4957 3159 5026 in_injuriam
3199 4957 3416 5026 Romani
3445 4956 3741 5026 Pontiﬁcis,

2201 5024 2437 5076 omnibus
2469 5040 2594 5091 pene
2617 5025 2794 5076 diebus
2816 5024 3132 5086 solennibus,
3166 5026 3300 5077 inter
3338 5024 3620 5088 Missurum
3652 5045 3741 5082 so-

2201 5092 2395 5155 lemnia,
2419 5093 2603 5144 rabido
2625 5108 2712 5144 ore
2743 5092 3087 5159 declamabat,
3121 5093 3386 5159 perjurum
3411 5108 3548 5156 eum,
3583 5096 3740 5149 adul-

2202 5171 2387 5224 terum,
2417 5169 2464 5212 et
2487 5158 3012 5227 pseudo-Apostolum
3033 5158 3320 5227 appellans,
3355 5170 3456 5215 etc.
3487 5161 3561 5217 lla
3585 5163 3740 5218 Lam-

2199 5230 2385 5284 bertus
2429 5225 2931 5294 Seafnabnrgensis,
2971 5235 3025 5279 et
3059 5225 3182 5281 ante
3213 5229 3406 5282 citatus
3446 5229 3642 5285 Bruno.
3673 5234 3742 5285 At

2198 5297 2437 5370 Langigs
2478 5296 2532 5370 in
2572 5294 2841 5370 Chronico
2885 5294 3162 5370 Citii-ensi.
3192 5296 3322 5370 cum
3347 5297 3736 5370 _Re:r,iinquit,

2197 5362 2621 5431 esset'Trajecti,
2661 5369 2709 5413 et
2733 5364 3194 5416 excommunicatio
3234 5364 3402 5431 Regis,
3445 5362 3739 5421 aliainana

2202 5432 2456 5506 Romi/ioc
2472 5433 2643 5506 facta,
2656 5435 2966 5506 pretsentata
2989 5431 3186 5506 fuisset:
3199 5473 3232 5485 ..
3244 5474 3256 5486 .
3267 5474 3279 5486 .
3300 5431 3582 5506 Episcopus
3605 5439 3741 5489 inter

2204 5497 2392 5574 {fissas
2419 5497 2700 5574 sermonem
2718 5497 2912 5565 faciens
2933 5497 3000 5549 ad
3024 5501 3288 5574 populum,
3315 5497 3580 5572 derisoric,
3603 5507 3737 5574 quod

2201 5565 2310 5618 Rea:
2332 5566 2804 5619 excommunicatus
2837 5576 2987 5629 esset,
3016 5565 3281 5623 indicavit.

2272 5634 2382 5702 (72)
2421 5634 2542 5688 Hrec
2568 5634 2696 5702 dicti
2731 5633 3049 5692 Lambcrtus
3094 5648 3147 5692 et
3191 5639 3481 5696 Monachus
3520 5640 3736 5696 Hcrvel-

2202 5701 2383 5780 densis
2429 5704 2499 5756 ita
2531 5701 2798 5783 referunt.
2841 5703 3056 5772 Repente
3100 5710 3404 5776 grarissima
3435 5709 3736 5780 (egritudine
