3902 6378
138 427 188 475 77
1046 407 1562 465 1³1101.Ε1;οΜΕΝᾹ,
1595 438 1656 444 —

1771 405 1857 458 TA
1899 406 1953 456 ξς.
1996 403 2336 458 υκιίιςοιὶιι.
2929 410 2938 419 ’
3237 405 3300 457 78

133 535 328 592 comem
355 553 365 586 ε
390 531 481 587 53,1
506 540 696 586 tamen
723 530 815 594 ite,
841 537 894 583 et
927 526 1086 581 dicite
1111 524 1222 595 (75)
1250 522 1378 593 Regi
1427 530 1487 574 ut
1509 498 1663 590 ﬂagi-l
1682 522 1723 574 Α
1751 519 1818 572 ad
1855 534 1912 572 se
1958 516 2186 572 Romam
2214 515 2394 574 venire
2421 514 2780 583 pit-mitteret;
2813 529 2875 568 ea
2922 515 3106 585 utique
3136 515 3304 570 inten-

133 628 266 690 tium,
291 622 504 693 quodin
539 620 823 684 Deum,,et
849 617 907 670 Β.
950 615 1192 680 Petrum,
1235 614 1460 684 ejusque
1497 609 1653 665 Vica-

135 715 252 768 rium
269 710 546 775 commisit,
569 708 821 763 emendet
843 719 942 772 ;ne
961 721 1047 759 me
1069 711 1389 774 praeeuntem
1415 699 1481 755 ad
1500 699 1658 754 inferi

135 807 233 859 loca
250 794 525 870 sequatur;
557 807 614 853 et
648 798 763 870 haec
786 797 995 861 dicens,
1022 791 1332 862 exspiravit.
1355 789 1466 845 Hoc
1486 804 1661 846 exem-

136 895 210 964 pto
247 866 580 953 commoniti,
626 866 909 942 bo'rtamur
949 894 1004 940 et
1053 884 1401 960 obs-seramus
1443 894 1657 934 omnem

137 983 374 1036 hominem
403 979 492 1050 qui
519 981 639 1033 haec
668 978 866 1046 scripta
907 975 1115 1045 legerit,
1137 981 1208 1039 ut,
1219 972 1450 1027 declinet
1477 971 1658 1025 detra-

138 1070 346 1127 hentinm
386 1068 602 1139 linguis,
644 1068 688 1122 si
719 1066 920 1121 mavult
957 1063 1289 1120 consortium
1324 1063 1517 1117 habere
1536 1077 1660 1116 cum

136 1160 362 1229 Gregorio
381 1160 435 1212 in
459 1157 855 1212 resurrectione
880 1155 1022 1222 vitze,
1048 1169 1213 1224 quam
1233 1169 1357 1208 cum
1379 1153 1662 1208 detrahen-

140 1249 262 1302 tibns
299 1247 616 1317 supplicium
647 1247 847 1314 subire.
895 1242 1048 1298 Nunc
1095 1244 1184 1298 hic
1235 1243 1301 1298 ad
1345 1242 1660 1297 memoriam

143 1340 257 1394 redit
291 1352 392 1393 non
439 1339 625 1391 minus
674 1337 930 1392 terribilis
959 1333 1234 1388 davnnatio
1257 1333 1529 1403 Spirensis
1550 1332 1660 1402 (τι)

145 1427 381 1498 lipiscOpi,
407 1429 494 1496 qui
534 1427 723 1480 eadem
749 1427 856 1503 die,
887 1425 941 1479 id
973 1434 1058 1479 est
1084 1440 1136 1478 vt
1161 1423 1425 1478 Kalendas
1466 1423 1660 1487 Martii,

144 1518 234 1572 imo
254 1518 423 1571 eadem
446 1517 604 1581 hora,
641 1516 821 1572 subito
847 1515 1001 1584 quasi
1023 1515 1257 1584 quodam
1283 1515 1536 1568 invisibili
1560 1515 1664 1568 telo

143 1620 412 1672 percussus,
453 1607 596 1675 apud
629 1605 841 1675 Spiram
886 1604 1148 1659 inﬁrmari
1171 1606 1354 1674 carpit,
1380 1621 1487 1674 qua
1510 1605 1662 1685 liora

143 1703 187 1747 et
206 1711 404 1751 causam
429 1697 548 1766 ejus
575 1698 630 1750 in
662 1695 905 1751 Romana
931 1694 1147 1766 Synodo
1169 1705 1352 1751 noster
1376 1697 1664 1766 Gregorius

144 1781 266 1854 Papa
295 1788 544 1842 ventilare
570 1787 785 1858 incepit.
849 1785 992 1842 Idem
1034 1802 1248 1856 quoque
1281 1787 1439 1841 tertio
1477 1786 1581 1853 die,
1613 1787 1665 1842 id

1756 607 1922 672 tione,
1950 615 2010 659 ut
2043 614 2190 659 tanto
2211 604 2421 659 facilius
2445 603 2641 674 Papam
2669 603 2850 658 fallere
2870 613 3070 674 posset,
3101 615 3303 676 quanto

1756 697 2035 780 pauciores
2063 695 2233 765 Regni
2268 694 2563 765 Principes,
2581 694 2694 764 jam
2717 694 2912 764 saepius
2939 697 3166 752 astutias
3183 698 3305 768 ejus

1758 787 2018 857 perpessi,
2055 786 2406 840 discutienda
2431 786 2548 856 ejus
2587 800 2766 840 causae
2789 785 3127 841 interessent.
3153 785 3308 844 Unde

1758 887 1811 932 et
1832 877 1974 946 Papa
2002 877 2138 931 votis
2155 877 2273 946 ejus
2295 891 2400 930 non
2419 876 2630 941 annuit,
2653 875 2745 930 sed
2775 885 2832 930 ut
2851 875 3125 945 Principes
3155 893 3309 947 roga-

1758 976 1964 1033 veraut,
1987 968 2053 1021 ad
2075 967 2377 1022 condictum
2408 967 2550 1021 diem
2571 967 2754 1021 venire
2781 967 3072 1036 disposuit;
3105 977 3158 1023 et
3184 970 3308 1035 sub-

1761 1066 2043 1128 sequentes
2071 1056 2336 1127 Epistolas
2372 1055 2710 1126 Principibus
2743 1056 2942 1128 Regni,
2986 1074 3083 1128 pro
3124 1059 3306 1131 dispo-

1761 1147 1937 1203 nendo
1961 1148 2152 1202 itinere
2172 1163 2295 1213 suo,
2324 1147 2640 1202 transmisit.

1832 1239 1916 1292 72.
1944 1258 1962 1290 ι
2005 1237 2295 1308 Gregorius
2321 1237 2616 1308 Episcopus
2633 1279 2648 1304 ,
2674 1253 2861 1292 servus
2893 1253 3169 1294 servorum
3192 1239 3306 1308 Dei,

1761 1329 2214 1399 Arcbiepiseopis,
2250 1327 2555 1398 Episcopis,
2584 1327 2838 1394 Ducibus,
2863 1327 3186 1398 Comitibus,
3213 1348 3313 1388 nec

1763 1436 1871 1473 non
1901 1419 2196 1488 majoribus
2223 1427 2384 1488 atque
2413 1419 2711 1474 minoribus
2740 1419 2792 1473 in
2839 1417 3022 1490 Regno
3053 1419 3312 1476 Teutoni-

1761 1525 1946 1564 corum
1974 1509 2300 1575 constitutis,
2344 1508 2569 1564 salutem
2610 1519 2662 1563 et
2701 1509 3058 1579 Apostolicam
3101 1511 3316 1566 benedi-

1761 1599 2010 1654 ctionem.
2041 1597 2170 1665 Nos,
2200 1599 2402 1669 indigni
2427 1608 2479 1654 et
2521 1599 2734 1662 inutiles
2773 1599 3036 1670 Principis
3081 1601 3312 1672 Aposto-

1763 1690 1936 1744 lorum
1973 1689 2130 1754 servi,
2172 1707 2189 1740 ι
2217 1698 2318 1743 etc.
2365 1689 2492 1744 Vide
2520 1691 2661 1760 infra
2683 1692 2817 1744 inter
2849 1692 3105 1760 epistolas.

1835 1781 1918 1833 75.
1956 1799 1974 1831 ‹
2008 1779 2318 1850 Gregorius,
2368 1795 2555 1834 servus
2601 1795 2880 1835 servorum
2927 1781 3019 1837 Dei
3059 1785 3312 1840 omnibus

146 1884 215 1928 est
237 1892 281 1929 Iv
310 1876 566 1933 Kalendas
597 1877 792 1941 Martii,
821 1877 1199 1932 miserabiliter
1224 1877 1534 1946 exspiravit,
1559 1892 1664 1931 non
1697 1883 1739 1936 Β
1764 1870 2210 1939 Archiepiscopis,
2251 1877 2306 1923 et
2347 1867 2645 1938 Episcopis,
2685 1868 3000 1938 Abbatibus,
3051 1873 3308 1940 Ducibus.

149 1963 377 2032 imparem
439 1979 692 2037 expertus
732 1967 1019 2022 eilicaciam
1057 1968 1200 2020 illius
1241 1967 1517 2022 sententiae
1560 1983 1666 2036 qua

145 2051 309 2110 Petrus
334 2056 620 2126 Apostolus
641 2058 906 2111 Ananiam
936 2066 990 2111 et
1019 2057 1336 2137 Sapphiram
1367 2057 1662 2110 damnavit.

714 2168 940 2224 CAPUT
981 2168 1068 2222 l.\'.

149 2251 337 2310 llmrici
378 2259 987 2342 sintplatalpwuitentia:
1043 2259 1349 2342 Pii'ncipu'm
1392 2272 1665 2316 conventus

417 2327 604 2383 tum.
641 2327 875 2399 Gregorii
911 2330 979 2383 ad
1008 2345 1092 2382 eos
1122 2327 1356 2399 Legatio.

207 2415 281 2468 7t.
343 2416 474 2471 Cum
535 2420 697 2490 igitur
741 2419 981 2488 przedicti
1039 2418 1198 2490 Regis
1259 2421 1666 2477 conversionem

142 2502 238 2570 jam
265 2505 347 2560 diu
379 2517 430 2560 et
451 2507 648 2562 frustra
668 2507 942 2578 Principes
970 2518 1359 2578 exspectarent,
1392 2519 1445 2565 et
1465 2521 1665 2566 statum

148 2591 295 2662 Regni
322 2598 670 2664 periculosius
701 2599 761 2652 in”
791 2599 907 2652 dies
937 2599 1371 2664 disturbandum,
1415 2601 1524 2654 imo
1550 2603 1666 2655 sine

146 2685 302 2752 capite
323 2685 430 2754 jam
472 2689 685 2756 penitus
708 2688 1106 2742 destituendum
1149 2689 1420 2756 viderent;
1451 2692 1665 2746 tandem

145 2773 248 2826 zelo
269 2773 354 2828 Dei
379 2778 589 2843 armati,
631 2793 754 2832 eum
783 2775 994 2848 Legatis
1021 2778 1342 2847 Apostoliete
1374 2780 1527 2835 Sedis
1555 2781 1664 2852 (75)

144 2875 515 2931 convenerunt,
561 2876 616 2921 et
655 2868 936 2933 eumdem,
980 2876 1041 2922 ut
1089 2883 1276 2922 eorum
1316 2871 1541 2924 consilio
1585 2887 1670 2926 ac-

143 2953 417 3011 uniesceret
444 2965 493 3011 et
521 2958 878 3028 resipisccrct,
904 2959 1034 3012 satis
1065 2958 1284 3012 ﬁdeliter
1305 2969 1624 3029 rogaverunt
1649 2978 1661 3012 :

144 3042 384 3113 alioquin,
409 3062 467 3100 se
492 3061 602 3100 non
648 3047 874 3102 ulterius
897 3049 1294 3102 communicare
1318 3051 1401 3102 vel
1426 3051 1662 3116 obedire,

141 3136 401 3199 protestati
447 3146 591 3190 sunt.
625 3135 738 3192 Hac
780 3137 866 3192 ille
909 3138 1243 3197 necessitate.
1277 3139 1523 3196 simulate
1547 3143 1668 3211 qui-

142 3221 270 3287 dem,
301 3233 354 3278 ut
383 3228 720 3295 postmodum
743 3228 1009 3298 appayuit,
1035 3244 1092 3283 se
1115 3245 1211 3298 per
1234 3231 1435 3296 omnia,
1457 3241 1510 3285 et
1544 3247 1668 3287 con-

143 3313 266 3369 siliis
307 3315 606 3388 Principum
659 3327 713 3370 et
750 3313 1026 3388 praedeptis
1074 3320 1364 3386 Apostolici
1415 3320 1664 3384 Domini,

145 3404 460 3460 obediturum
485 3407 751 3476 promisit.
783 3404 908 3476 Erat
947 3415 1123 3462 autem
1149 3423 1335 3461 eorum
1361 3410 1664 3475 consilium,

145 3503 197 3546 ut
251 3493 497 3552 Dominus
542 3493 890 3568 Apostolicusl
933 3499 999 3553 ad
1048 3498 1291 3569 generale
1340 3500 1666 3570 colloquium

144 3582 416 3653 Augustam
445 3588 497 3642 in
543 3587 921 3644 Purilicatione
953 3588 1009 3644 S.
1053 3588 1232 3645 Mariae
1259 3599 1384 3646 tunc
1427 3592 1669 3660 proxima

141 3675 365 3730 veniret:
408 3689 670 3747 quatenus
711 3681 905 3735 ibidem
941 3696 1102 3736 causa
1136 3681 1253 3749 ejus
1304 3681 1356 3734 in
1403 3683 1670 3738 audientia

142 3765 295 3818 totius
312 3766 471 3837 Regni
491 3771 725 3838 legitime
745 3770 1085 3825 determinari
1109 3780 1308 3839 posset.
1329 3769 1432 3840 lpsi
1457 3788 1671 3842 quoque

141 3850 418 3924 Principes,
459 3859 623 3914 missa
679 3859 963 3928 legatione,
1018 3858 1302 3913 Dominum
1358 3860 1557 3930 Papam
1603 3865 1668 3918 ad

144 3945 432 4012 pnedictum
468 3949 607 4005 diem
650 3950 831 4005 venire
865 3950 1176 4020 suppliciter
1218 3963 1578 4021 rogaverunt;
1604 3957 1669 4010 ad

142 4036 275 4101 quod
303 4037 397 4092 iter
418 4040 698 4110 agendum,
739 4041 889 4095 illum
926 4042 1410 4112 promptissimum,
1456 4054 1515 4099 ut
1543 4048 1671 4102 sub-

143 4125 338 4192 scripta:
364 4130 472 4195 ejus
499 4131 688 4184 littera:
732 4141 1015 4193 testantur.
1052 4133 1387 4188 invenerunt.
1437 4135 1546 4190 Rex
1576 4155 1672 4192 au-

144 4223 260 4277 tem,
284 4225 460 4271 contra
488 4220 902 4288 promissionem
947 4238 1121 4287 suam,
1165 4233 1352 4278 contra
1384 4229 1669 4283 consilium

143 4300 449 4375 Principum,
478 4310 578 4364 hoc
605 4311 674 4363 ab
710 4310 1018 4379 Apostolieo
1045 4328 1141 4381 per
1179 4311 1407 4382 Legatos
1434 4331 1564 4370 suos
1582 4333 1671 4370 vo-

145 4393 235 4448 luit
258 4407 580 4469 extorquere,
616 4417 682 4454 ne
718 4401 1008 4471 Augustam
1040 4403 1244 4457 veniret
1265 4445 1278 4468 ,
1329 4404 1419 4459 sed
1460 4415 1518 4459 ut
1544 4423 1666 4462 eum

1648 4507 1687 4529 ο-

144 4583 521 4656 eali-repunt”...1
551 4577 836 4656 miserabili
856 4578 1059 4656 ejulattt
1088 4597 1260 4656 eorum
1297 4585 1550 4656 omnibus,
1579 4589 1667 4656 qui

141 4640 364 4718 aderant,
388 4647 763 4718 uociferabatur
788 4663 806 4699 :
839 4640 992 4700 Iusto
1017 4649 1115 4702 Dei
1137 4651 1341 4718 judicio
1373 4670 1426 4705 se
1453 4662 1502 4704 et
1532 4640 1666 4717 prle—

143 4717 324 4789 sentem
368 4714 518 4764 ritum
560 4717 801 4768 amisisse
841 4725 889 4790 et
941 4714 1207 4790 mternant,
1250 4722 1386 4788 quod
1427 4714 1554 4790 Regi
1597 4724 1665 4774 ad

143 4778 338 4842 omnia,
389 4797 500 4855 qua:
545 4799 813 4855 perperam
862 4778 1205 4850 intendisset,
1259 4778 1466 4855 operam
1500 4778 1664 4844 "suam

143 4861 331 4928 animo
355 4851 537 4928 (innisa
557 4851 869 4928 tribuisset;
914 4864 1064 4928 atque
1087 4857 1153 4928 in,
1170 4851 1308 4924 spem
1328 4856 1526 4928 gratim
1553 4862 1663 4928 ejus

144 4911 651 4992 Π⁰⁰”⁰-Ρ⁰³³¹ίβτίτ
689 4911 1016 4992 δαηττίδδίηίο
1043 4935 1090 4975 ct
1121 4911 1535 4992 .dltostolirarunt
1557 4911 1662 4982 ﬁtfit-7

146 4992 303 5059 tuum
335 4987 466 5065 tiro,
500 4987 680 5058 graues
721 4990 1084 5065 contumelias,
1125 4987 1291 5048 sciens
1330 5008 1378 5048 et
1414 5001 1659 5065 prudens,

143 5056 382 5132 innocenti
409 5056 707 5132 irrogasset.
721 5059 801 5132 ΔΙιι
823 5060 952 5132 lianc
977 5078 1162 5126 vocem,
1189 5076 1246 5116 ut
1267 5056 1520 5132 asserunt,
1555 5056 1662 5122 sine

145 5123 502 5201 comgunione,‘
518 5123 632 5201 sine
654 5128 764 5180 ulla
797 5123 1170 5201 satisfagtione,
1197 5135 1497 5201 exspirarit.

209 5189 313 5258 (ἦ)
347 5191 574 5270 langius
598 5196 669 5247 ita
696 5189 948 5265 exponit}
981 5198 1091 5251 Hoc
1118 5189 1265 5253 mitto
1288 5189 1420 5270 Ἰξιοθὶ
1451 5209 1662 5260 manda-

145 5263 286 5343 tum."
316 5265 439 5329 quod
469 5265 598 5343 ipse,
640 5274 688 5314 et
722 5263 901 5343 comet
925 5285 1094 5322 omnes
1135 5263 1402 5339 iniquitati
1412 5272 1540 5343 _ejus
1575 5277 1658 5343 fa-

144 5335 518 5407 rentes._sumus
564 5333 802 5407 damnati
840 5337 892 5386 in
925 5333 1352 5407 perpettmml...”
1403 5333 1534 5395 Erae
1573 5333 1661 5395 ile—

143 5408 304 5474 mottes
326 5398 505 5452 (crtum
545 5418 714 5477 meum
744 5398 1106 5477 _rircunistant,
1140 5419 1388 5476 quatenus
1431 5428 1570 5477 mox,
1605 5423 1661 5465 ut

140 5463 438 5546 capitonem,
470 5471 702 5538 rapiant.
736 5468 912 5546 Itaque
940 5491 1054 5546 eum
1078 5463 1283 5546 [uerae
1303 5463 1661 5546 corporeedu;

142 5539 270 5614 eius,
299 5549 406 5614 rogo
437 5551 596 5614 tonet
621 5555 798 5614 omnes
833 5539 1022 5614 ﬁdeles,
1059 5539 1118 5595 ne
1141 5561 1192 5596 sc
1213 5539 1430 5612 fatigent
1468 5564 1560 5614 pro
1585 5565 1660 5600 me

143 5599 364 5682 regem
399 5599 962 5682 supp‘licatimtesallic
1007 5599 1166 5681 igitur
1210 5599 1265 5666 in
1311 5599 1661 5682 llespei'atiotte

141 5667 428 5748 defunctus,
461 5667 571 5748 diu
611 5678 820 5740 jncebat
869 5667 1177 5748 insepultus:
1230 5667 1410 5735 donec'
1439 5683 1656 5735 Romam

143 5747 371 5802 nultum,
406 5754 451 5792 et
483 5746 600 5795 inde
634 5748 849 5811 azursito
888 5746 1115 5815 “manu,
1152 5770 1209 5805 ne
1232 5751 1447 5819 populus
1484 5755 1659 5822 [αξιολέ

1765 1961 2185 2026 Marcliionibus,
2216 1961 2571 2030 omnibusque
2594 1959 2950 2015 Christianam
2986 1972 3040 2017 et
3072 1963 3131 2018 B.
3170 1964 3340 2020 Petri'

1765 2053 1922 2106 ﬁdem
1961 2061 2015 2106 et
2040 2052 2340 2106 doctrinam
2379 2052 2785 2107 defendentibus
2811 2061 2863 2106 et
2883 2053 3310 2126 observantibus,

1764 2144 1993 2198 salutem
2034 2150 2088 2196 et
2130 2141 2412 2196 Beatorum
2463 2142 3030 2211 Apostolorum-Petri
3069 2156 3122 2201 et
3164 2147 3316 2207 Pauli

1764 2232 2186 2288 benedictionem
2217 2249 2228 2284 :
2265 2230 2617 2300 omniumque
2642 2241 2987 2301 peccatorum
3027 2237 3319 2296 absolutio-

1767 2340 1908 2379 nem.
1961 2322 2106 2393 Ego,
2153 2322 2541 2392 qualiscunque
2581 2321 2842 2378 Sacerdos
2865 2365 2880 2390 ,
2935 2324 3314 2396 Apostolorum

1765 2414 2030 2483 Principis
2055 2428 2262 2476 servus,
2299 2432 2318 2461 ι
2356 2421 2458 2465 etc.
2509 2411 2635 2466 Vide
2659 2415 2802 2484 infra
2824 2415 2959 2469 inter
2975 2419 3241 2487 epistolas.

1835 2504 1919 2558 τι.
1940 2502 2143 2556 interea
2163 2501 2292 2566 Rex,
2316 2503 2546 2572 propriae
2567 2519 2744 2559 causa:
2758 2505 3018 2572 ditlidens,
3048 2518 3102 2562 et
3114 2511 3316 2566 ideirco

1753 2592 2088 2652 audientiam
2108 2591 2264 2645 istius
2284 2590 2451 2660 Regni
2467 2588 2879 2664 subterlugiens,
2903 2595 3095 2653 furtive
3111 2598 3313 2658 Italiam

1765 2700 1888 2739 cum
1922 2683 2433 2748 excommunicatis,
2479 2693 2667 2738 contra
2704 2694 3026 2756 prmeeptlm
3063 2688 3220 2761 Papa:
3259 2705 3314 2749 et

1765 2775 1989 2830 consilia
2022 2773 2349 2843 Principum,
2387 2775 2638 2841 intravit;
2672 2784 2725 2830 et
2750 2776 3058 2846 Apostolico
3091 2783 3156 2837 ad
3179 2800 3316 2854 prae-

1765 2865 1966 2919 dictum
2003 2864 2142 2916 diem
2179 2863 2476 2932 Augustam
2515 2865 2787 2931 tendenti,
2819 2876 2943 2924 ante
2979 2869 3316 2930 Purillcatio-

1766 2970 1886 3007 nem
1907 2953 1962 3007 S.
1995 2951 2175 3006 Maria:
2201 2953 2342 3020 apud
2370 2951 2662 3008 Canusium
2684 2956 2945 3024 obviavit;
2988 2961 3166 3029 ibique
3191 2974 3317 3019 ante

1765 3053 1974 3114 portam
2021 3043 2185 3099 castri
2229 3059 2324 3113 per
2371 3044 2642 3112 triduum,
2687 3047 2930 3116 deposito
2973 3065 3121 3105 omni
3167 3055 3315 3125 regio

1767 3137 1941 3198 cultu,
1987 3135 2390 3201 miserabiliter,
2432 3143 2614 3206 utpote
2649 3137 3002 3195 discalceatus
3046 3151 3098 3196 et
3143 3143 3313 3201 laneis

1766 3227 2003 3282 vestibus
2039 3227 2278 3292 indutus,
2313 3227 2621 3296 persistens,
2663 3244 2768 3283 non
2803 3231 2952 3299 prius
2985 3248 3105 3287 cum
3142 3237 3311 3291 multo

1767 3317 1889 3369 ﬂetu
1932 3315 2256 3384 Apostolicae
2292 3317 2654 3372 miserationis
2690 3321 2949 3374 auxilium
2987 3330 3040 3377 et
3074 3327 3316 3381 consola-

1765 3407 1965 3460 tionem
1996 3405 2280 3473 implorare
2295 3406 2519 3473 destitit,
2549 3423 2709 3476 quam
2734 3424 2920 3464 omnes
2955 3413 3046 3481 qui
3069 3413 3310 3480 aderant,

1767 3505 1820 3550 et
1842 3496 1910 3550 ad
1942 3512 2079 3566 quos
2108 3496 2193 3550 ille
2213 3504 2399 3552 rumor
2426 3498 2692 3566 pervenit,
2725 3499 2794 3554 ad
2829 3507 3031 3555 tantam
3061 3505 3308 3573 pietatem

1768 3596 1822 3641 et
1865 3587 2258 3657 compassionis
2304 3587 2730 3645 misericordiam
2771 3593 2968 3659 movit,
3009 3605 3069 3648 ut
3109 3611 3207 3666 pro
3247 3613 3315 3653 eo

1769 3679 1951 3733 multis
1989 3679 2236 3747 precibus
2273 3688 2327 3733 et
2365 3680 2616 3755 laerymis
2662 3681 3080 3752 intercedentes,
3125 3704 3315 3744 omnes

1769 3768 1982 3836 quidem
2029 3769 2301 3822 insolitam
2342 3755 2548 3825 domini
2577 3771 2736 3840 Papa:
2772 3773 3024 3829 duritiam
3060 3778 3318 3834 miraren-
3368 3822 3373 3829 .

1711 3896 1729 3912 .
1769 3866 1882 3928 tur;
1914 3858 2155 3910 nonnulli
2176 3873 2302 3912 vero
2337 3860 2389 3912 in
2413 3875 2498 3925 eo,
2526 3875 2634 3914 non
2654 3861 2975 3930 Apostolica:
3011 3868 3317 3925 serenitatis

1768 3947 2116 4016 gravitatem,
2153 3949 2247 4003 sed
2286 3951 2442 4019 quasi
2475 3952 2765 4023 tyrannica:
2799 3955 3098 4011 severitatis
3131 3961 3320 4015 crude-

1768 4038 1973 4092 litatem
2005 4055 2124 4095 esse
2144 4041 2476 4097 clamarent:
2511 4042 2740 4113 denique
2776 4046 3029 4102 instantia
3063 4065 3318 4119 compun-

1769 4131 1963 4184 ctionis
2005 4130 2141 4200 ejus,
2191 4140 2411 4186 ettanta
2447 4135 2688 4186 omnium
2717 4136 2816 4202 qui
2847 4137 2919 4188 ibi
2946 4138 3167 4191 aderant
3193 4155 3316 4208 sup-

1768 4221 2051 4290 plicatione
2097 4221 2240 4290 Papa
2281 4222 2552 4288 devictus,
2597 4223 2813 4276 tandem
2867 4239 3026 4292 eum,
3073 4227 3313 4284 relaxato

1767 4310 2125 4364 anatliematis
2154 4311 2400 4372 vinculo.
2452 4313 2507 4366 in
2553 4315 2948 4370 communionis
2983 4319 3208 4387 gratiam
3259 4331 3314 4375 et

1772 4401 1948 4453 s'num
1977 4410 2178 4456 sanctae
2214 4401 2398 4459 Matris
2437 4404 2684 4462 Ecclesia:
2707 4408 2941 4477 recepit:
2980 4413 3212 4481 acceptis
3241 4416 3310 4468 ab

1769 4585 2214 4646 corrumperetur,
2248 4577 2547 4645 Apostoliro
2579 4580 2734 4646 jussu
2763 4582 2872 4634 sine
2908 4586 3314 4641 commendatio-

1769 4644 1918 4726 nibus
1945 4643 2209 4726 sepelitur.
2410 4643 2642 4717 Langius
2671 4665 2734 4702 ex
2769 4648 3054 4706 Cbronicis
3094 4653 3280 4726 Magdu

1767 4712 2044 4779 burgeusis
2073 4713 2338 4768 Ecclesiae.

1835 4780 1945 4859 (74)
1988 4780 2255 4861 Henricus
2278 4783 2563 4861 Episcopus
2587 4784 2889 4861 __$pirensjs,
2925 4805 2957 4845 a
2990 4807 3156 4861 puero
3185 4809 3304 4847 cum

1765 4847 1993 4931 llenriCO
2025 4847 2677 4931 Regemedut'atusgabillo
2704 4859 2769 4912 ad
2794 4847 3153 4931 Sedem'illam
3177 4878 3305 4931 prn-

1765 4927 1963 4995 tuotus,
1995 4937 2110 4971 cum
2138 4920 2423 4995 Tltesanros
2450 4924 2696 4995 Ecclesia:
2713 4930 2910 4995 puerili
2930 4922 3134 4982 levitate
3163 4920 3308 4985 dila-

1762 4988 2008 5070 piaasset,
2044 4999 2092 5042 et
2131 4992 2330 5070 prtedia
2375 4994 2627 5046 militibus
2756 4995 3056 5070 beneficium
3101 5015 3312 5070 erogas-

1762 5067 2018 5135 δίκτυα...
2064 5063 2224 5113 sensit
2261 5072 2462 5135 repente
2495 5062 2767 5129 parvulam
2806 5062 2907 5118 sibi
2951 5062 3215 5135 pustulati
3256 5073 3313 5124 iu

1761 5127 1895 5179 collo
1928 5145 2244 5198 exarescere;
2286 5127 2402 5198 qua
2422 5127 2786 5187 intumescente
2814 5144 2934 5188 ante
2952 5127 3184 5191 'mediam
3209 5155 3307 5191 uo-

1761 5205 1892 5314 rtelnt
1935 5197 2207 5263 defunctus
2234 5197 2344 5250 est.
2387 5197 2461 5253 Ita
2500 5199 2837 5270 Lambertus,
2864 5213 2918 5259 et
2945 5207 3125 5273 priora
3165 5207 3306 5262 Bru-

1763 5279 1819 5314 se
1843 5279 1965 5314 nus.
3074 5299 3082 5308 .
3191 5282 3196 5287 ι

1763 5279 1965 5316 SCIIIUS.
3074 5299 3082 5308 -
3191 5282 3196 5287 ’

1829 5299 2364 5413 ῖῆἒῖῗίέοῃινςηεςιιιιηε
2379 5321 2735 5413 pppenhentii,
2761 5342 2890 5395 urbe
2910 5349 3038 5413 tunc
3057 5342 3309 5413 Imperia-

1848 5402 2303 5478 postea__Palatino
2330 5401 2498 5461 Rheni
2528 5401 2895 5478 Oppignerata,
2925 5410 3061 5464 inter
3084 5401 3306 5478 Mogun-

1760 5425 1815 5461 ιι,
1848 5425 2030 5465 pusum
2063 5425 2303 5458 ratauno
2331 5425 2498 5461 nnem
2528 5425 2650 5476 ορρι

1760 5469 1888 5522 tiam
1916 5481 1970 5524 et
1996 5470 2370 5538 Wormatiam,
2402 5491 2544 5529 anno
2586 5425 2686 5528 toi

1759 5550 2126 5616 convenerunt
2157 5541 2428 5616 Trioni-inf,
2457 5559 2486 5597 c
2524 5545 2738 5616 regione
2765 5541 3134 5616 Oppenbemii,
3173 5547 3306 5599 urbe

1759 5608 1886 5660 olim
1917 5610 2106 5662 celebri
2134 5627 2146 5660 :
2176 5613 2316 5662 nunc
2342 5613 2459 5666 vilis
2485 5622 2565 5664 est
2586 5608 2737 5666 vicus
2783 5608 2870 5668 siu'l
2902 5615 3076 5665 adhuc
3105 5628 3299 5670 nomen

2690 5477 2738 5541 7,
2767 5480 2870 5543 vel,
2903 5488 2958 5532 ut
2985 5480 3070 5531 alii
3099 5477 3302 5540 volunt,

1763 5678 2008 5728 retinens.
