  <div class='ocr_page' id='page_1' title='image "/cluster/home/n/w/nwhite01/storage/ocr_20150623/148/uva.x000829792/047.png"; bbox 0 0 3902 6416; ppageno 0'>
   <div class='ocr_carea' id='block_1_1' title="bbox 574 457 2560 533">
    <p class='ocr_par' dir='ltr' id='par_1_1' title="bbox 574 457 2560 533">
     <span class='ocr_line' id='line_1_1' title="bbox 574 457 2560 533; baseline -0.002 -19"><span class='ocrx_word' id='word_1_1' title='bbox 574 464 639 514; x_wconf 75' lang='lat'><strong>79</strong></span> <span class='ocrx_word' id='word_1_2' title='bbox 1458 484 1463 489; x_wconf 60' lang='grc' dir='ltr'><strong><em>λ</em></strong></span> <span class='ocrx_word' id='word_1_3' title='bbox 1720 459 1773 512; x_wconf 78' lang='lat' dir='ltr'><strong>S.</strong></span> <span class='ocrx_word' id='word_1_4' title='bbox 1794 530 1795 533; x_wconf 14' lang='grc' dir='ltr'><strong>η</strong></span> <span class='ocrx_word' id='word_1_5' title='bbox 1815 458 2203 514; x_wconf 66' lang='grc' dir='ltr'><strong>(ιιιείιοηιιῖδ</strong></span> <span class='ocrx_word' id='word_1_6' title='bbox 2246 457 2328 510; x_wconf 69' lang='grc' dir='ltr'>ΠΙ</span> <span class='ocrx_word' id='word_1_7' title='bbox 2367 458 2560 511; x_wconf 68' lang='grc' dir='ltr'><strong>ΡΛΡΑ.</strong></span> 
     </span>
    </p>
   </div>
   <div class='ocr_carea' id='block_1_2' title="bbox 3766 104 3865 197">
    <p class='ocr_par' dir='ltr' id='par_1_2' title="bbox 3766 104 3865 197">
     <span class='ocr_line' id='line_1_2' title="bbox 3766 104 3865 197; baseline 0 -10"><span class='ocrx_word' id='word_1_8' title='bbox 3766 104 3865 197; x_wconf 73' lang='grc'><strong>’³1</strong></span> 
     </span>
    </p>
   </div>
   <div class='ocr_carea' id='block_1_3' title="bbox 3698 465 3773 518">
    <p class='ocr_par' dir='ltr' id='par_1_3' title="bbox 3698 465 3773 518">
     <span class='ocr_line' id='line_1_3' title="bbox 3698 465 3773 518; baseline 0.04 -3"><span class='ocrx_word' id='word_1_9' title='bbox 3698 465 3773 518; x_wconf 70' lang='grc' dir='ltr'><strong>εο</strong></span> 
     </span>
    </p>
   </div>
   <div class='ocr_carea' id='block_1_4' title="bbox 563 569 3759 644">
    <p class='ocr_par' dir='ltr' id='par_1_4' title="bbox 563 569 3759 644">
     <span class='ocr_line' id='line_1_4' title="bbox 563 569 3759 644; baseline 0 -21"><span class='ocrx_word' id='word_1_10' title='bbox 563 590 627 624; x_wconf 83' lang='lat' dir='ltr'><strong>eo</strong></span> <span class='ocrx_word' id='word_1_11' title='bbox 664 569 1061 634; x_wconf 66' lang='lat' dir='ltr'><strong>securitatibus,</strong></span> <span class='ocrx_word' id='word_1_12' title='bbox 1084 572 1313 640; x_wconf 79' lang='lat' dir='ltr'><strong>quarum</strong></span> <span class='ocrx_word' id='word_1_13' title='bbox 1334 570 1493 625; x_wconf 85' lang='lat' dir='ltr'><strong>etiam</strong></span> <span class='ocrx_word' id='word_1_14' title='bbox 1525 570 1987 625; x_wconf 77' lang='lat' dir='ltr'><strong>conﬁrmationem</strong></span> <span class='ocrx_word' id='word_1_15' title='bbox 2017 587 2114 641; x_wconf 81' lang='lat' dir='ltr'><strong>per</strong></span> <span class='ocrx_word' id='word_1_16' title='bbox 2144 581 2183 634; x_wconf 74' lang='grc' dir='ltr'>Α</span> <span class='ocrx_word' id='word_1_17' title='bbox 2284 577 2366 631; x_wconf 83' lang='grc'><strong>77.</strong></span> <span class='ocrx_word' id='word_1_18' title='bbox 2409 575 2525 632; x_wconf 74' lang='lat' dir='ltr'><strong>Non</strong></span> <span class='ocrx_word' id='word_1_19' title='bbox 2551 574 2717 628; x_wconf 85' lang='lat' dir='ltr'><strong>multo</strong></span> <span class='ocrx_word' id='word_1_20' title='bbox 2744 580 2865 642; x_wconf 82' lang='lat' dir='ltr'><strong>post</strong></span> <span class='ocrx_word' id='word_1_21' title='bbox 2888 581 3065 626; x_wconf 88' lang='lat' dir='ltr'><strong>tamen</strong></span> <span class='ocrx_word' id='word_1_22' title='bbox 3100 571 3206 626; x_wconf 74' lang='lat' dir='ltr'><strong>Rex</strong></span> <span class='ocrx_word' id='word_1_23' title='bbox 3230 573 3298 627; x_wconf 84' lang='lat' dir='ltr'><strong>ab</strong></span> <span class='ocrx_word' id='word_1_24' title='bbox 3322 573 3630 642; x_wconf 71' lang='lat' dir='ltr'><strong>Apcstolico</strong></span> <span class='ocrx_word' id='word_1_25' title='bbox 3652 577 3759 644; x_wconf 65' lang='lat' dir='ltr'><strong>jan</strong></span> 
     </span>
    </p>
   </div>
   <div class='ocr_carea' id='block_1_5' title="bbox 565 658 2114 726">
    <p class='ocr_par' dir='ltr' id='par_1_5' title="bbox 565 658 2114 726">
     <span class='ocr_line' id='line_1_5' title="bbox 565 658 2114 726; baseline 0.002 -13"><span class='ocrx_word' id='word_1_26' title='bbox 565 675 759 715; x_wconf 85' lang='lat' dir='ltr'><strong>manus</strong></span> <span class='ocrx_word' id='word_1_27' title='bbox 779 659 1000 716; x_wconf 78' lang='lat' dir='ltr'><strong>Abbatis</strong></span> <span class='ocrx_word' id='word_1_28' title='bbox 1018 658 1411 726; x_wconf 86' lang='lat' dir='ltr'><strong>Cluniacensis,</strong></span> <span class='ocrx_word' id='word_1_29' title='bbox 1434 669 1488 715; x_wconf 93' lang='lat' dir='ltr'><strong>et</strong></span> <span class='ocrx_word' id='word_1_30' title='bbox 1510 660 1771 714; x_wconf 84' lang='lat' dir='ltr'><strong>nobilium</strong></span> <span class='ocrx_word' id='word_1_31' title='bbox 1800 660 2114 716; x_wconf 84' lang='lat' dir='ltr'><strong>Comitissa—</strong></span> 
     </span>
    </p>
   </div>
   <div class='ocr_carea' id='block_1_6' title="bbox 564 749 2115 820">
    <p class='ocr_par' dir='ltr' id='par_1_6' title="bbox 564 749 2115 820">
     <span class='ocr_line' id='line_1_6' title="bbox 564 749 2115 820; baseline 0.001 -17"><span class='ocrx_word' id='word_1_32' title='bbox 564 765 684 804; x_wconf 86' lang='lat' dir='ltr'><strong>rum</strong></span> <span class='ocrx_word' id='word_1_33' title='bbox 706 749 974 805; x_wconf 78' lang='lat' dir='ltr'><strong>Mathildis</strong></span> <span class='ocrx_word' id='word_1_34' title='bbox 997 758 1051 805; x_wconf 89' lang='lat' dir='ltr'><strong>et</strong></span> <span class='ocrx_word' id='word_1_35' title='bbox 1072 750 1342 805; x_wconf 73' lang='lat' dir='ltr'><strong>Adalaidte</strong></span> <span class='ocrx_word' id='word_1_36' title='bbox 1365 750 1456 816; x_wconf 84' lang='lat'><strong>(75</strong></span> <span class='ocrx_word' id='word_1_37' title='bbox 1466 750 1655 820; x_wconf 74' lang='lat' dir='ltr'><strong>bis),et</strong></span> <span class='ocrx_word' id='word_1_38' title='bbox 1668 750 1894 804; x_wconf 89' lang='lat' dir='ltr'><strong>aliorum</strong></span> <span class='ocrx_word' id='word_1_39' title='bbox 1912 750 2115 807; x_wconf 82' lang='lat' dir='ltr'><strong>Princi-</strong></span> 
     </span>
    </p>
   </div>
   <div class='ocr_carea' id='block_1_7' title="bbox 564 838 2112 911">
    <p class='ocr_par' dir='ltr' id='par_1_7' title="bbox 564 838 2112 911">
     <span class='ocr_line' id='line_1_7' title="bbox 564 838 2112 911; baseline 0.002 -16"><span class='ocrx_word' id='word_1_40' title='bbox 564 854 711 909; x_wconf 88' lang='lat' dir='ltr'><strong>pum,</strong></span> <span class='ocrx_word' id='word_1_41' title='bbox 748 838 1134 911; x_wconf 79' lang='lat' dir='ltr'><strong>EpiscOporum</strong></span> <span class='ocrx_word' id='word_1_42' title='bbox 1175 848 1230 895; x_wconf 90' lang='lat' dir='ltr'><strong>et</strong></span> <span class='ocrx_word' id='word_1_43' title='bbox 1270 839 1579 906; x_wconf 83' lang='lat' dir='ltr'><strong>Laicorum,</strong></span> <span class='ocrx_word' id='word_1_44' title='bbox 1625 840 1718 910; x_wconf 87' lang='lat' dir='ltr'><strong>qui</strong></span> <span class='ocrx_word' id='word_1_45' title='bbox 1752 840 1855 896; x_wconf 87' lang='lat' dir='ltr'><strong>sibi</strong></span> <span class='ocrx_word' id='word_1_46' title='bbox 1901 842 1967 897; x_wconf 89' lang='lat' dir='ltr'><strong>ad</strong></span> <span class='ocrx_word' id='word_1_47' title='bbox 1999 842 2112 898; x_wconf 79' lang='lat' dir='ltr'><strong>haec</strong></span> 
     </span>
    </p>
   </div>
   <div class='ocr_carea' id='block_1_8' title="bbox 565 929 1794 1001">
    <p class='ocr_par' dir='ltr' id='par_1_8' title="bbox 565 929 1794 1001">
     <span class='ocr_line' id='line_1_8' title="bbox 565 929 1794 1001; baseline 0.001 -17"><span class='ocrx_word' id='word_1_48' title='bbox 565 930 720 987; x_wconf 91' lang='lat' dir='ltr'><strong>utiles</strong></span> <span class='ocrx_word' id='word_1_49' title='bbox 756 930 858 986; x_wconf 90' lang='lat' dir='ltr'><strong>visi</strong></span> <span class='ocrx_word' id='word_1_50' title='bbox 884 938 1028 996; x_wconf 90' lang='lat' dir='ltr'><strong>sunt,</strong></span> <span class='ocrx_word' id='word_1_51' title='bbox 1052 929 1107 985; x_wconf 92' lang='lat' dir='ltr'><strong>in</strong></span> <span class='ocrx_word' id='word_1_52' title='bbox 1129 930 1275 985; x_wconf 85' lang='lat' dir='ltr'><strong>hunc</strong></span> <span class='ocrx_word' id='word_1_53' title='bbox 1296 930 1516 985; x_wconf 90' lang='lat' dir='ltr'><strong>modum</strong></span> <span class='ocrx_word' id='word_1_54' title='bbox 1543 930 1794 1001; x_wconf 84' lang='lat' dir='ltr'><strong>suscepit.</strong></span> 
     </span>
    </p>
   </div>
   <div class='ocr_carea' id='block_1_9' title="bbox 632 1019 2113 1091">
    <p class='ocr_par' dir='ltr' id='par_1_9' title="bbox 632 1019 2113 1091">
     <span class='ocr_line' id='line_1_9' title="bbox 632 1019 2113 1091; baseline 0.003 -17"><span class='ocrx_word' id='word_1_55' title='bbox 632 1021 718 1076; x_wconf 85' lang='lat'><strong>75.</strong></span> <span class='ocrx_word' id='word_1_56' title='bbox 765 1041 783 1072; x_wconf 75' lang='grc' dir='ltr'>ι</span> <span class='ocrx_word' id='word_1_57' title='bbox 813 1019 924 1091; x_wconf 82' lang='lat' dir='ltr'><strong>Ego</strong></span> <span class='ocrx_word' id='word_1_58' title='bbox 944 1019 1207 1076; x_wconf 80' lang='lat' dir='ltr'><strong>Henricus</strong></span> <span class='ocrx_word' id='word_1_59' title='bbox 1230 1019 1362 1087; x_wconf 87' lang='lat' dir='ltr'><strong>Rex,</strong></span> <span class='ocrx_word' id='word_1_60' title='bbox 1383 1021 1450 1076; x_wconf 88' lang='lat' dir='ltr'><strong>de</strong></span> <span class='ocrx_word' id='word_1_61' title='bbox 1476 1022 1903 1078; x_wconf 90' lang='lat' dir='ltr'><strong>murmuratione</strong></span> <span class='ocrx_word' id='word_1_62' title='bbox 1921 1030 1975 1078; x_wconf 92' lang='lat' dir='ltr'><strong>et</strong></span> <span class='ocrx_word' id='word_1_63' title='bbox 2000 1023 2113 1079; x_wconf 91' lang='lat' dir='ltr'><strong>dis-</strong></span> 
     </span>
    </p>
   </div>
   <div class='ocr_carea' id='block_1_10' title="bbox 563 1110 2114 1184">
    <p class='ocr_par' dir='ltr' id='par_1_10' title="bbox 563 1110 2114 1184">
     <span class='ocr_line' id='line_1_10' title="bbox 563 1110 2114 1184; baseline -0.001 -16"><span class='ocrx_word' id='word_1_64' title='bbox 563 1111 841 1178; x_wconf 87' lang='lat' dir='ltr'><strong>sensione,</strong></span> <span class='ocrx_word' id='word_1_65' title='bbox 876 1125 1039 1180; x_wconf 87' lang='lat' dir='ltr'><strong>quam</strong></span> <span class='ocrx_word' id='word_1_66' title='bbox 1073 1124 1217 1165; x_wconf 90' lang='lat' dir='ltr'><strong>nunc</strong></span> <span class='ocrx_word' id='word_1_67' title='bbox 1253 1110 1452 1165; x_wconf 83' lang='lat' dir='ltr'><strong>habent</strong></span> <span class='ocrx_word' id='word_1_68' title='bbox 1493 1118 1684 1166; x_wconf 88' lang='lat' dir='ltr'><strong>contra</strong></span> <span class='ocrx_word' id='word_1_69' title='bbox 1716 1127 1803 1166; x_wconf 88' lang='lat' dir='ltr'><strong>me</strong></span> <span class='ocrx_word' id='word_1_70' title='bbox 1841 1112 2114 1184; x_wconf 78' lang='lat' dir='ltr'><strong>Arcliiepi-</strong></span> 
     </span>
    </p>
   </div>
   <div class='ocr_carea' id='block_1_11' title="bbox 562 1197 2113 1273">
    <p class='ocr_par' dir='ltr' id='par_1_11' title="bbox 562 1197 2113 1273">
     <span class='ocr_line' id='line_1_11' title="bbox 562 1197 2113 1273; baseline 0 -14"><span class='ocrx_word' id='word_1_71' title='bbox 562 1202 732 1273; x_wconf 88' lang='lat' dir='ltr'><strong>scopi,</strong></span> <span class='ocrx_word' id='word_1_72' title='bbox 754 1199 1034 1272; x_wconf 80' lang='lat' dir='ltr'><strong>Episcopi,</strong></span> <span class='ocrx_word' id='word_1_73' title='bbox 1077 1197 1251 1255; x_wconf 86' lang='lat' dir='ltr'><strong>Duces</strong></span> <span class='ocrx_word' id='word_1_74' title='bbox 1280 1208 1335 1255; x_wconf 90' lang='lat' dir='ltr'><strong>et</strong></span> <span class='ocrx_word' id='word_1_75' title='bbox 1366 1198 1632 1267; x_wconf 78' lang='lat' dir='ltr'><strong>Comites,</strong></span> <span class='ocrx_word' id='word_1_76' title='bbox 1663 1202 1931 1272; x_wconf 92' lang='lat' dir='ltr'><strong>ceterique</strong></span> <span class='ocrx_word' id='word_1_77' title='bbox 1962 1202 2113 1258; x_wconf 86' lang='lat' dir='ltr'><strong>Prin-</strong></span> 
     </span>
    </p>
   </div>
   <div class='ocr_carea' id='block_1_12' title="bbox 562 1289 2109 1364">
    <p class='ocr_par' dir='ltr' id='par_1_12' title="bbox 562 1289 2109 1364">
     <span class='ocr_line' id='line_1_12' title="bbox 562 1289 2109 1364; baseline 0 -16"><span class='ocrx_word' id='word_1_78' title='bbox 562 1294 708 1364; x_wconf 90' lang='lat' dir='ltr'><strong>cipes</strong></span> <span class='ocrx_word' id='word_1_79' title='bbox 737 1290 904 1362; x_wconf 91' lang='lat' dir='ltr'><strong>Regni</strong></span> <span class='ocrx_word' id='word_1_80' title='bbox 938 1289 1357 1344; x_wconf 81' lang='lat' dir='ltr'><strong>Teutonieorum</strong></span> <span class='ocrx_word' id='word_1_81' title='bbox 1378 1297 1434 1345; x_wconf 88' lang='lat' dir='ltr'><strong>et</strong></span> <span class='ocrx_word' id='word_1_82' title='bbox 1463 1289 1575 1357; x_wconf 85' lang='lat' dir='ltr'><strong>alii,</strong></span> <span class='ocrx_word' id='word_1_83' title='bbox 1600 1291 1693 1361; x_wconf 88' lang='lat' dir='ltr'><strong>qui</strong></span> <span class='ocrx_word' id='word_1_84' title='bbox 1724 1305 1818 1346; x_wconf 90' lang='lat' dir='ltr'><strong>eos</strong></span> <span class='ocrx_word' id='word_1_85' title='bbox 1847 1292 2109 1363; x_wconf 81' lang='lat' dir='ltr'><strong>ineadem</strong></span> 
     </span>
    </p>
   </div>
   <div class='ocr_carea' id='block_1_13' title="bbox 560 1378 2110 1454">
    <p class='ocr_par' dir='ltr' id='par_1_13' title="bbox 560 1378 2110 1454">
     <span class='ocr_line' id='line_1_13' title="bbox 560 1378 2110 1454; baseline -0.001 -15"><span class='ocrx_word' id='word_1_86' title='bbox 560 1380 913 1439; x_wconf 85' lang='lat' dir='ltr'><strong>dissensionis</strong></span> <span class='ocrx_word' id='word_1_87' title='bbox 934 1396 1099 1438; x_wconf 88' lang='lat' dir='ltr'><strong>causa</strong></span> <span class='ocrx_word' id='word_1_88' title='bbox 1124 1388 1442 1451; x_wconf 64' lang='lat' dir='ltr'><strong>sumuntur,</strong></span> <span class='ocrx_word' id='word_1_89' title='bbox 1464 1378 1601 1435; x_wconf 80' lang='lat' dir='ltr'><strong>infra</strong></span> <span class='ocrx_word' id='word_1_90' title='bbox 1642 1381 1929 1437; x_wconf 89' lang='lat' dir='ltr'><strong>terminum</strong></span> <span class='ocrx_word' id='word_1_91' title='bbox 1949 1399 2110 1454; x_wconf 90' lang='lat' dir='ltr'><strong>quem</strong></span> 
     </span>
    </p>
   </div>
   <div class='ocr_carea' id='block_1_14' title="bbox 561 1470 2141 1552">
    <p class='ocr_par' dir='ltr' id='par_1_14' title="bbox 561 1470 2141 1552">
     <span class='ocr_line' id='line_1_14' title="bbox 561 1470 2141 1552; baseline 0 -21"><span class='ocrx_word' id='word_1_92' title='bbox 561 1473 813 1531; x_wconf 87' lang='lat' dir='ltr'><strong>dominus</strong></span> <span class='ocrx_word' id='word_1_93' title='bbox 846 1471 990 1543; x_wconf 83' lang='lat' dir='ltr'><strong>Papa</strong></span> <span class='ocrx_word' id='word_1_94' title='bbox 1009 1470 1376 1539; x_wconf 73' lang='lat' dir='ltr'><strong>constituerit,</strong></span> <span class='ocrx_word' id='word_1_95' title='bbox 1399 1480 1494 1527; x_wconf 90' lang='lat' dir='ltr'><strong>aut</strong></span> <span class='ocrx_word' id='word_1_96' title='bbox 1516 1471 1782 1542; x_wconf 81' lang='lat' dir='ltr'><strong>justitiam</strong></span> <span class='ocrx_word' id='word_1_97' title='bbox 1814 1474 2109 1531; x_wconf 84' lang='lat' dir='ltr'><strong>secundum</strong></span> <span class='ocrx_word' id='word_1_98' title='bbox 2136 1548 2141 1552; x_wconf 18' lang='grc' dir='ltr'>δ</span> 
     </span>
    </p>
   </div>
   <div class='ocr_carea' id='block_1_15' title="bbox 556 1558 2108 1635">
    <p class='ocr_par' dir='ltr' id='par_1_15' title="bbox 556 1558 2108 1635">
     <span class='ocr_line' id='line_1_15' title="bbox 556 1558 2108 1635; baseline 0 -15"><span class='ocrx_word' id='word_1_99' title='bbox 556 1558 817 1635; x_wconf 84' lang='lat' dir='ltr'><strong>judicium</strong></span> <span class='ocrx_word' id='word_1_100' title='bbox 846 1563 984 1635; x_wconf 85' lang='lat' dir='ltr'><strong>ejus,</strong></span> <span class='ocrx_word' id='word_1_101' title='bbox 1016 1569 1110 1618; x_wconf 89' lang='lat' dir='ltr'><strong>aut</strong></span> <span class='ocrx_word' id='word_1_102' title='bbox 1128 1562 1469 1617; x_wconf 77' lang='lat' dir='ltr'><strong>concordiam</strong></span> <span class='ocrx_word' id='word_1_103' title='bbox 1500 1563 1795 1618; x_wconf 88' lang='lat' dir='ltr'><strong>secundum</strong></span> <span class='ocrx_word' id='word_1_104' title='bbox 1823 1564 2108 1620; x_wconf 85' lang='lat' dir='ltr'><strong>consilium</strong></span> 
     </span>
    </p>
   </div>
   <div class='ocr_carea' id='block_1_16' title="bbox 559 1642 2108 1727">
    <p class='ocr_par' dir='ltr' id='par_1_16' title="bbox 559 1642 2108 1727">
     <span class='ocr_line' id='line_1_16' title="bbox 559 1642 2108 1727; baseline 0.001 -16"><span class='ocrx_word' id='word_1_105' title='bbox 559 1656 678 1727; x_wconf 89' lang='lat' dir='ltr'><strong>ejus</strong></span> <span class='ocrx_word' id='word_1_106' title='bbox 725 1642 922 1710; x_wconf 71' lang='lat' dir='ltr'><strong>faciam</strong></span> <span class='ocrx_word' id='word_1_107' title='bbox 940 1696 957 1720; x_wconf 92' lang='lat'><strong>,</strong></span> <span class='ocrx_word' id='word_1_108' title='bbox 993 1651 1099 1710; x_wconf 84' lang='lat' dir='ltr'><strong>nisi</strong></span> <span class='ocrx_word' id='word_1_109' title='bbox 1130 1660 1337 1708; x_wconf 89' lang='lat' dir='ltr'><strong>certum</strong></span> <span class='ocrx_word' id='word_1_110' title='bbox 1381 1652 1818 1723; x_wconf 85' lang='lat' dir='ltr'><strong>impedimentum</strong></span> <span class='ocrx_word' id='word_1_111' title='bbox 1858 1652 1991 1711; x_wconf 91' lang='lat' dir='ltr'><strong>mibi</strong></span> <span class='ocrx_word' id='word_1_112' title='bbox 2024 1657 2108 1713; x_wconf 92' lang='lat' dir='ltr'><strong>vel</strong></span> 
     </span>
    </p>
   </div>
   <div class='ocr_carea' id='block_1_17' title="bbox 535 1742 2109 1821">
    <p class='ocr_par' dir='ltr' id='par_1_17' title="bbox 535 1742 2109 1821">
     <span class='ocr_line' id='line_1_17' title="bbox 535 1742 2109 1821; baseline 0.001 -19"><span class='ocrx_word' id='word_1_113' title='bbox 535 1745 663 1821; x_wconf 40' lang='lat' dir='ltr'><strong>‘sibi</strong></span> <span class='ocrx_word' id='word_1_114' title='bbox 698 1743 959 1800; x_wconf 89' lang='lat' dir='ltr'><strong>obstiterit</strong></span> <span class='ocrx_word' id='word_1_115' title='bbox 983 1761 996 1797; x_wconf 90' lang='lat'><strong>:</strong></span> <span class='ocrx_word' id='word_1_116' title='bbox 1032 1757 1141 1814; x_wconf 89' lang='lat' dir='ltr'><strong>quo</strong></span> <span class='ocrx_word' id='word_1_117' title='bbox 1173 1751 1468 1820; x_wconf 88' lang='lat' dir='ltr'><strong>transacto,</strong></span> <span class='ocrx_word' id='word_1_118' title='bbox 1496 1743 1566 1798; x_wconf 89' lang='lat' dir='ltr'><strong>ad</strong></span> <span class='ocrx_word' id='word_1_119' title='bbox 1590 1742 1729 1798; x_wconf 91' lang='lat' dir='ltr'><strong>idem</strong></span> <span class='ocrx_word' id='word_1_120' title='bbox 1750 1746 2109 1817; x_wconf 83' lang='lat' dir='ltr'><strong>peragendum</strong></span> 
     </span>
    </p>
   </div>
   <div class='ocr_carea' id='block_1_18' title="bbox 560 1832 2106 1908">
    <p class='ocr_par' dir='ltr' id='par_1_18' title="bbox 560 1832 2106 1908">
     <span class='ocr_line' id='line_1_18' title="bbox 560 1832 2106 1908; baseline 0.001 -15"><span class='ocrx_word' id='word_1_121' title='bbox 560 1842 780 1906; x_wconf 89' lang='lat' dir='ltr'><strong>paratus</strong></span> <span class='ocrx_word' id='word_1_122' title='bbox 810 1849 928 1890; x_wconf 83' lang='lat' dir='ltr'><strong>ero.</strong></span> <span class='ocrx_word' id='word_1_123' title='bbox 948 1833 1099 1901; x_wconf 81' lang='lat' dir='ltr'><strong>Item,</strong></span> <span class='ocrx_word' id='word_1_124' title='bbox 1134 1834 1183 1891; x_wconf 89' lang='lat' dir='ltr'><strong>si</strong></span> <span class='ocrx_word' id='word_1_125' title='bbox 1208 1834 1350 1891; x_wconf 89' lang='lat' dir='ltr'><strong>idem</strong></span> <span class='ocrx_word' id='word_1_126' title='bbox 1378 1833 1632 1890; x_wconf 90' lang='lat' dir='ltr'><strong>dominus</strong></span> <span class='ocrx_word' id='word_1_127' title='bbox 1649 1832 1794 1905; x_wconf 90' lang='lat' dir='ltr'><strong>Papa</strong></span> <span class='ocrx_word' id='word_1_128' title='bbox 1816 1835 2106 1908; x_wconf 77' lang='lat' dir='ltr'><strong>Gregorius</strong></span> 
     </span>
    </p>
   </div>
   <div class='ocr_carea' id='block_1_19' title="bbox 556 1904 2179 2009">
    <p class='ocr_par' dir='ltr' id='par_1_19' title="bbox 556 1904 2179 2009">
     <span class='ocr_line' id='line_1_19' title="bbox 556 1904 2179 2009; baseline -0.001 -25"><span class='ocrx_word' id='word_1_129' title='bbox 556 1904 699 1985; x_wconf 69' lang='lat' dir='ltr'><strong>ultra</strong></span> <span class='ocrx_word' id='word_1_130' title='bbox 734 1934 946 1983; x_wconf 84' lang='lat' dir='ltr'><strong>montes</strong></span> <span class='ocrx_word' id='word_1_131' title='bbox 969 1922 1053 1981; x_wconf 90' lang='lat' dir='ltr'><strong>vel</strong></span> <span class='ocrx_word' id='word_1_132' title='bbox 1084 1924 1220 1981; x_wconf 88' lang='lat' dir='ltr'><strong>alias</strong></span> <span class='ocrx_word' id='word_1_133' title='bbox 1240 1931 1421 1995; x_wconf 89' lang='lat' dir='ltr'><strong>partes</strong></span> <span class='ocrx_word' id='word_1_134' title='bbox 1443 1933 1709 2009; x_wconf 85' lang='lat' dir='ltr'><strong>terrarum</strong></span> <span class='ocrx_word' id='word_1_135' title='bbox 1726 1904 1729 1905; x_wconf 14' lang='grc' dir='ltr'><em>ν</em></span> <span class='ocrx_word' id='word_1_136' title='bbox 1746 1924 1825 1980; x_wconf 90' lang='lat' dir='ltr'><strong>ire</strong></span> <span class='ocrx_word' id='word_1_137' title='bbox 1851 1904 2101 1995; x_wconf 76' lang='lat' dir='ltr'><strong>voluerit,</strong></span> <span class='ocrx_word' id='word_1_138' title='bbox 2136 1904 2179 1960; x_wconf 76' lang='grc' dir='ltr'><strong>Β</strong></span> 
     </span>
    </p>
   </div>
   <div class='ocr_carea' id='block_1_20' title="bbox 559 2013 2147 2085">
    <p class='ocr_par' dir='ltr' id='par_1_20' title="bbox 559 2013 2147 2085">
     <span class='ocr_line' id='line_1_20' title="bbox 559 2013 2147 2085; baseline 0 -13"><span class='ocrx_word' id='word_1_139' title='bbox 559 2030 787 2078; x_wconf 61' lang='lat' dir='ltr'><strong>securus</strong></span> <span class='ocrx_word' id='word_1_140' title='bbox 802 2015 906 2069; x_wconf 80' lang='lat' dir='ltr'><strong>erit</strong></span> <span class='ocrx_word' id='word_1_141' title='bbox 932 2029 999 2070; x_wconf 85' lang='lat' dir='ltr'><strong>ex</strong></span> <span class='ocrx_word' id='word_1_142' title='bbox 1030 2030 1151 2070; x_wconf 90' lang='lat' dir='ltr'><strong>mea</strong></span> <span class='ocrx_word' id='word_1_143' title='bbox 1170 2022 1344 2085; x_wconf 86' lang='lat' dir='ltr'><strong>parte,</strong></span> <span class='ocrx_word' id='word_1_144' title='bbox 1372 2022 1428 2069; x_wconf 91' lang='lat' dir='ltr'><strong>et</strong></span> <span class='ocrx_word' id='word_1_145' title='bbox 1457 2029 1647 2069; x_wconf 88' lang='lat' dir='ltr'><strong>eorum</strong></span> <span class='ocrx_word' id='word_1_146' title='bbox 1682 2030 1821 2085; x_wconf 90' lang='lat' dir='ltr'><strong>quos</strong></span> <span class='ocrx_word' id='word_1_147' title='bbox 1841 2019 2106 2074; x_wconf 88' lang='lat' dir='ltr'><strong>eonstriu-</strong></span> <span class='ocrx_word' id='word_1_148' title='bbox 2143 2013 2147 2017; x_wconf 74' lang='grc'><strong>’</strong></span> 
     </span>
    </p>
   </div>
   <div class='ocr_carea' id='block_1_21' title="bbox 556 2103 2105 2180">
    <p class='ocr_par' dir='ltr' id='par_1_21' title="bbox 556 2103 2105 2180">
     <span class='ocr_line' id='line_1_21' title="bbox 556 2103 2105 2180; baseline 0.001 -18"><span class='ocrx_word' id='word_1_149' title='bbox 556 2109 683 2180; x_wconf 81' lang='lat' dir='ltr'><strong>gere</strong></span> <span class='ocrx_word' id='word_1_150' title='bbox 708 2114 915 2177; x_wconf 89' lang='lat' dir='ltr'><strong>potero,</strong></span> <span class='ocrx_word' id='word_1_151' title='bbox 958 2106 1028 2160; x_wconf 90' lang='lat' dir='ltr'><strong>ab</strong></span> <span class='ocrx_word' id='word_1_152' title='bbox 1062 2104 1209 2159; x_wconf 91' lang='lat' dir='ltr'><strong>omni</strong></span> <span class='ocrx_word' id='word_1_153' title='bbox 1241 2103 1459 2159; x_wconf 79' lang='lat' dir='ltr'><strong>lzesione</strong></span> <span class='ocrx_word' id='word_1_154' title='bbox 1496 2104 1619 2160; x_wconf 61' lang='lat' dir='ltr'><strong>vitae</strong></span> <span class='ocrx_word' id='word_1_155' title='bbox 1645 2111 1719 2161; x_wconf 47' lang='lat' dir='ltr'><strong>et,</strong></span> <span class='ocrx_word' id='word_1_156' title='bbox 1739 2107 2105 2164; x_wconf 86' lang='lat' dir='ltr'><strong>membrorum</strong></span> 
     </span>
    </p>
   </div>
   <div class='ocr_carea' id='block_1_22' title="bbox 555 2192 2114 2268">
    <p class='ocr_par' dir='ltr' id='par_1_22' title="bbox 555 2192 2114 2268">
     <span class='ocr_line' id='line_1_22' title="bbox 555 2192 2114 2268; baseline 0 -17"><span class='ocrx_word' id='word_1_157' title='bbox 555 2198 675 2268; x_wconf 83' lang='lat' dir='ltr'><strong>ejus</strong></span> <span class='ocrx_word' id='word_1_158' title='bbox 708 2211 802 2253; x_wconf 85' lang='lat' dir='ltr'><strong>seu</strong></span> <span class='ocrx_word' id='word_1_159' title='bbox 832 2193 1101 2266; x_wconf 90' lang='lat' dir='ltr'><strong>captione,</strong></span> <span class='ocrx_word' id='word_1_160' title='bbox 1134 2201 1245 2249; x_wconf 90' lang='lat' dir='ltr'><strong>tam</strong></span> <span class='ocrx_word' id='word_1_161' title='bbox 1276 2193 1390 2264; x_wconf 88' lang='lat' dir='ltr'><strong>ipse</strong></span> <span class='ocrx_word' id='word_1_162' title='bbox 1424 2209 1586 2264; x_wconf 88' lang='lat' dir='ltr'><strong>quam</strong></span> <span class='ocrx_word' id='word_1_163' title='bbox 1616 2192 1710 2264; x_wconf 89' lang='lat' dir='ltr'><strong>qui</strong></span> <span class='ocrx_word' id='word_1_164' title='bbox 1749 2195 1803 2250; x_wconf 90' lang='lat' dir='ltr'><strong>in</strong></span> <span class='ocrx_word' id='word_1_165' title='bbox 1831 2196 1952 2266; x_wconf 89' lang='lat' dir='ltr'><strong>ejus</strong></span> <span class='ocrx_word' id='word_1_166' title='bbox 1980 2212 2114 2253; x_wconf 86' lang='lat' dir='ltr'><strong>con-.</strong></span> 
     </span>
    </p>
   </div>
   <div class='ocr_carea' id='block_1_23' title="bbox 558 2283 2105 2352">
    <p class='ocr_par' dir='ltr' id='par_1_23' title="bbox 558 2283 2105 2352">
     <span class='ocr_line' id='line_1_23' title="bbox 558 2283 2105 2352; baseline -0.001 -7"><span class='ocrx_word' id='word_1_167' title='bbox 558 2289 724 2345; x_wconf 90' lang='lat' dir='ltr'><strong>ductu</strong></span> <span class='ocrx_word' id='word_1_168' title='bbox 745 2285 858 2341; x_wconf 88' lang='lat' dir='ltr'><strong>sive</strong></span> <span class='ocrx_word' id='word_1_169' title='bbox 890 2285 1147 2340; x_wconf 88' lang='lat' dir='ltr'><strong>comitatu</strong></span> <span class='ocrx_word' id='word_1_170' title='bbox 1178 2283 1397 2351; x_wconf 79' lang='lat' dir='ltr'><strong>fuerint,</strong></span> <span class='ocrx_word' id='word_1_171' title='bbox 1433 2284 1489 2338; x_wconf 91' lang='lat' dir='ltr'><strong>in</strong></span> <span class='ocrx_word' id='word_1_172' title='bbox 1520 2284 1720 2352; x_wconf 87' lang='lat' dir='ltr'><strong>eundo,</strong></span> <span class='ocrx_word' id='word_1_173' title='bbox 1740 2285 1853 2340; x_wconf 84' lang='lat' dir='ltr'><strong>sive</strong></span> <span class='ocrx_word' id='word_1_174' title='bbox 1882 2286 1954 2341; x_wconf 86' lang='lat' dir='ltr'><strong>ibi</strong></span> <span class='ocrx_word' id='word_1_175' title='bbox 1988 2303 2105 2343; x_wconf 89' lang='lat' dir='ltr'><strong>mo-</strong></span> 
     </span>
    </p>
   </div>
   <div class='ocr_carea' id='block_1_24' title="bbox 557 2373 2108 2446">
    <p class='ocr_par' dir='ltr' id='par_1_24' title="bbox 557 2373 2108 2446">
     <span class='ocr_line' id='line_1_24' title="bbox 557 2373 2108 2446; baseline -0.001 -13"><span class='ocrx_word' id='word_1_176' title='bbox 557 2376 749 2441; x_wconf 83' lang='lat' dir='ltr'><strong>rando,</strong></span> <span class='ocrx_word' id='word_1_177' title='bbox 775 2389 869 2429; x_wconf 89' lang='lat' dir='ltr'><strong>seu</strong></span> <span class='ocrx_word' id='word_1_178' title='bbox 899 2373 1022 2429; x_wconf 89' lang='lat' dir='ltr'><strong>inde</strong></span> <span class='ocrx_word' id='word_1_179' title='bbox 1051 2374 1349 2441; x_wconf 85' lang='lat' dir='ltr'><strong>redeundo;</strong></span> <span class='ocrx_word' id='word_1_180' title='bbox 1387 2389 1558 2444; x_wconf 88' lang='lat' dir='ltr'><strong>neque</strong></span> <span class='ocrx_word' id='word_1_181' title='bbox 1591 2374 1734 2429; x_wconf 84' lang='lat' dir='ltr'><strong>aliud</strong></span> <span class='ocrx_word' id='word_1_182' title='bbox 1764 2375 1982 2446; x_wconf 79' lang='lat' dir='ltr'><strong>aliquod</strong></span> <span class='ocrx_word' id='word_1_183' title='bbox 2011 2377 2108 2432; x_wconf 83' lang='lat' dir='ltr'><strong>im-</strong></span> 
     </span>
    </p>
   </div>
   <div class='ocr_carea' id='block_1_25' title="bbox 557 2462 2104 2536">
    <p class='ocr_par' dir='ltr' id='par_1_25' title="bbox 557 2462 2104 2536">
     <span class='ocr_line' id='line_1_25' title="bbox 557 2462 2104 2536; baseline 0.001 -15"><span class='ocrx_word' id='word_1_184' title='bbox 557 2466 920 2536; x_wconf 67' lang='lat' dir='ltr'><strong>pedimentum</strong></span> <span class='ocrx_word' id='word_1_185' title='bbox 941 2462 1157 2518; x_wconf 78' lang='lat' dir='ltr'><strong>habebit</strong></span> <span class='ocrx_word' id='word_1_186' title='bbox 1178 2478 1243 2518; x_wconf 85' lang='lat' dir='ltr'><strong>ex</strong></span> <span class='ocrx_word' id='word_1_187' title='bbox 1271 2478 1392 2519; x_wconf 88' lang='lat' dir='ltr'><strong>meo</strong></span> <span class='ocrx_word' id='word_1_188' title='bbox 1424 2478 1715 2531; x_wconf 89' lang='lat' dir='ltr'><strong>consensu,</strong></span> <span class='ocrx_word' id='word_1_189' title='bbox 1738 2466 1881 2536; x_wconf 81' lang='lat' dir='ltr'><strong>quod</strong></span> <span class='ocrx_word' id='word_1_190' title='bbox 1914 2476 2104 2523; x_wconf 86' lang='lat' dir='ltr'><strong>contra</strong></span> 
     </span>
    </p>
   </div>
   <div class='ocr_carea' id='block_1_26' title="bbox 558 2551 2103 2623">
    <p class='ocr_par' dir='ltr' id='par_1_26' title="bbox 558 2551 2103 2623">
     <span class='ocr_line' id='line_1_26' title="bbox 558 2551 2103 2623; baseline 0.001 -12"><span class='ocrx_word' id='word_1_191' title='bbox 558 2557 819 2611; x_wconf 83' lang='lat' dir='ltr'><strong>honorem</strong></span> <span class='ocrx_word' id='word_1_192' title='bbox 854 2569 1014 2610; x_wconf 89' lang='lat' dir='ltr'><strong>suum</strong></span> <span class='ocrx_word' id='word_1_193' title='bbox 1048 2554 1146 2620; x_wconf 95' lang='lat' dir='ltr'><strong>sit;</strong></span> <span class='ocrx_word' id='word_1_194' title='bbox 1172 2562 1227 2610; x_wconf 86' lang='lat' dir='ltr'><strong>et</strong></span> <span class='ocrx_word' id='word_1_195' title='bbox 1256 2555 1301 2609; x_wconf 88' lang='lat' dir='ltr'><strong>si</strong></span> <span class='ocrx_word' id='word_1_196' title='bbox 1327 2553 1450 2623; x_wconf 88' lang='lat' dir='ltr'><strong>quis</strong></span> <span class='ocrx_word' id='word_1_197' title='bbox 1476 2554 1526 2609; x_wconf 88' lang='lat' dir='ltr'><strong>ei</strong></span> <span class='ocrx_word' id='word_1_198' title='bbox 1561 2551 1766 2621; x_wconf 79' lang='lat' dir='ltr'><strong>fecerit,</strong></span> <span class='ocrx_word' id='word_1_199' title='bbox 1801 2571 1925 2611; x_wconf 90' lang='lat' dir='ltr'><strong>cum</strong></span> <span class='ocrx_word' id='word_1_200' title='bbox 1962 2557 2103 2613; x_wconf 86' lang='lat' dir='ltr'><strong>bona</strong></span> 
     </span>
    </p>
   </div>
   <div class='ocr_carea' id='block_1_27' title="bbox 558 2642 2081 2714">
    <p class='ocr_par' dir='ltr' id='par_1_27' title="bbox 558 2642 2081 2714">
     <span class='ocr_line' id='line_1_27' title="bbox 558 2642 2081 2714; baseline -0.001 -14"><span class='ocrx_word' id='word_1_201' title='bbox 558 2644 681 2711; x_wconf 86' lang='lat' dir='ltr'><strong>llde,</strong></span> <span class='ocrx_word' id='word_1_202' title='bbox 704 2644 999 2700; x_wconf 86' lang='lat' dir='ltr'><strong>secundum</strong></span> <span class='ocrx_word' id='word_1_203' title='bbox 1031 2658 1190 2713; x_wconf 84' lang='lat' dir='ltr'><strong>posse</strong></span> <span class='ocrx_word' id='word_1_204' title='bbox 1210 2658 1410 2708; x_wconf 89' lang='lat' dir='ltr'><strong>meum,</strong></span> <span class='ocrx_word' id='word_1_205' title='bbox 1443 2642 1589 2696; x_wconf 90' lang='lat' dir='ltr'><strong>illum</strong></span> <span class='ocrx_word' id='word_1_206' title='bbox 1624 2643 1907 2714; x_wconf 85' lang='lat' dir='ltr'><strong>adjuvabo.</strong></span> <span class='ocrx_word' id='word_1_207' title='bbox 1941 2664 1960 2698; x_wconf 74' lang='grc' dir='ltr'><strong><em>ι</em></strong></span> <span class='ocrx_word' id='word_1_208' title='bbox 2074 2665 2081 2671; x_wconf 95' lang='grc'><strong>·</strong></span> 
     </span>
    </p>
   </div>
   <div class='ocr_carea' id='block_1_28' title="bbox 628 2723 2103 2805">
    <p class='ocr_par' dir='ltr' id='par_1_28' title="bbox 628 2723 2103 2805">
     <span class='ocr_line' id='line_1_28' title="bbox 628 2723 2103 2805; baseline 0.003 -17"><span class='ocrx_word' id='word_1_209' title='bbox 628 2734 715 2790; x_wconf 84' lang='grc'><strong>76.</strong></span> <span class='ocrx_word' id='word_1_210' title='bbox 756 2733 902 2799; x_wconf 82' lang='lat' dir='ltr'><strong>Rex,</strong></span> <span class='ocrx_word' id='word_1_211' title='bbox 946 2740 1230 2802; x_wconf 77' lang='lat' dir='ltr'><strong>postquam</strong></span> <span class='ocrx_word' id='word_1_212' title='bbox 1277 2732 1656 2788; x_wconf 86' lang='lat' dir='ltr'><strong>communione</strong></span> <span class='ocrx_word' id='word_1_213' title='bbox 1708 2742 1921 2805; x_wconf 88' lang='lat' dir='ltr'><strong>recepta</strong></span> <span class='ocrx_word' id='word_1_214' title='bbox 1940 2776 1958 2800; x_wconf 84' lang='lat'><strong>,</strong></span> <span class='ocrx_word' id='word_1_215' title='bbox 2010 2723 2103 2793; x_wconf 87' lang='lat' dir='ltr'><strong>sed</strong></span> 
     </span>
    </p>
   </div>
   <div class='ocr_carea' id='block_1_29' title="bbox 557 2822 2104 2896">
    <p class='ocr_par' dir='ltr' id='par_1_29' title="bbox 557 2822 2104 2896">
     <span class='ocr_line' id='line_1_29' title="bbox 557 2822 2104 2896; baseline 0.001 -14"><span class='ocrx_word' id='word_1_216' title='bbox 557 2825 853 2896; x_wconf 73' lang='lat' dir='ltr'><strong>quaestione</strong></span> <span class='ocrx_word' id='word_1_217' title='bbox 892 2822 1060 2894; x_wconf 84' lang='lat' dir='ltr'><strong>Regni</strong></span> <span class='ocrx_word' id='word_1_218' title='bbox 1104 2822 1358 2888; x_wconf 89' lang='lat' dir='ltr'><strong>dilatata,</strong></span> <span class='ocrx_word' id='word_1_219' title='bbox 1416 2823 1628 2878; x_wconf 88' lang='lat' dir='ltr'><strong>solutus</strong></span> <span class='ocrx_word' id='word_1_220' title='bbox 1676 2825 1746 2879; x_wconf 89' lang='lat' dir='ltr'><strong>ab</strong></span> <span class='ocrx_word' id='word_1_221' title='bbox 1793 2825 2104 2894; x_wconf 81' lang='lat' dir='ltr'><strong>Apostolico</strong></span> 
     </span>
    </p>
   </div>
   <div class='ocr_carea' id='block_1_30' title="bbox 557 2912 2104 2985">
    <p class='ocr_par' dir='ltr' id='par_1_30' title="bbox 557 2912 2104 2985">
     <span class='ocr_line' id='line_1_30' title="bbox 557 2912 2104 2985; baseline 0.001 -12"><span class='ocrx_word' id='word_1_222' title='bbox 557 2916 832 2983; x_wconf 82' lang='lat' dir='ltr'><strong>discessit;</strong></span> <span class='ocrx_word' id='word_1_223' title='bbox 855 2929 1043 2985; x_wconf 89' lang='lat' dir='ltr'><strong>parum</strong></span> <span class='ocrx_word' id='word_1_224' title='bbox 1060 2913 1342 2969; x_wconf 86' lang='lat' dir='ltr'><strong>attendens</strong></span> <span class='ocrx_word' id='word_1_225' title='bbox 1365 2912 1508 2984; x_wconf 85' lang='lat' dir='ltr'><strong>quod</strong></span> <span class='ocrx_word' id='word_1_226' title='bbox 1531 2914 1581 2969; x_wconf 91' lang='lat' dir='ltr'><strong>ei</strong></span> <span class='ocrx_word' id='word_1_227' title='bbox 1605 2913 1659 2968; x_wconf 92' lang='lat' dir='ltr'><strong>in</strong></span> <span class='ocrx_word' id='word_1_228' title='bbox 1672 2916 2104 2975; x_wconf 80' lang='lat' dir='ltr'><strong>reconciliatione</strong></span> 
     </span>
    </p>
   </div>
   <div class='ocr_carea' id='block_1_31' title="bbox 560 3004 2105 3086">
    <p class='ocr_par' dir='ltr' id='par_1_31' title="bbox 560 3004 2105 3086">
     <span class='ocr_line' id='line_1_31' title="bbox 560 3004 2105 3086; baseline -0.002 -22"><span class='ocrx_word' id='word_1_229' title='bbox 560 3006 979 3078; x_wconf 87' lang='lat' dir='ltr'><strong>suajuramento</strong></span> <span class='ocrx_word' id='word_1_230' title='bbox 1012 3004 1342 3086; x_wconf 64' lang='lat' dir='ltr'><strong>promiserit,</strong></span> <span class='ocrx_word' id='word_1_231' title='bbox 1366 3004 1434 3059; x_wconf 88' lang='lat' dir='ltr'><strong>ad</strong></span> <span class='ocrx_word' id='word_1_232' title='bbox 1466 3004 1681 3060; x_wconf 81' lang='lat' dir='ltr'><strong>solitam</strong></span> <span class='ocrx_word' id='word_1_233' title='bbox 1711 3006 2003 3077; x_wconf 85' lang='lat' dir='ltr'><strong>nequitiam</strong></span> <span class='ocrx_word' id='word_1_234' title='bbox 2025 3025 2105 3066; x_wconf 83' lang='lat' dir='ltr'><strong>re-</strong></span> 
     </span>
    </p>
   </div>
   <div class='ocr_carea' id='block_1_32' title="bbox 555 3094 2104 3173">
    <p class='ocr_par' dir='ltr' id='par_1_32' title="bbox 555 3094 2104 3173">
     <span class='ocr_line' id='line_1_32' title="bbox 555 3094 2104 3173; baseline 0.001 -21"><span class='ocrx_word' id='word_1_235' title='bbox 555 3098 692 3163; x_wconf 85' lang='lat' dir='ltr'><strong>dire,</strong></span> <span class='ocrx_word' id='word_1_236' title='bbox 725 3102 781 3151; x_wconf 87' lang='lat' dir='ltr'><strong>et</strong></span> <span class='ocrx_word' id='word_1_237' title='bbox 808 3094 1239 3173; x_wconf 84' lang='lat' dir='ltr'><strong>Simoniacorum</strong></span> <span class='ocrx_word' id='word_1_238' title='bbox 1268 3100 1491 3150; x_wconf 85' lang='lat' dir='ltr'><strong>suorum</strong></span> <span class='ocrx_word' id='word_1_239' title='bbox 1518 3096 1759 3151; x_wconf 90' lang='lat' dir='ltr'><strong>consiliis</strong></span> <span class='ocrx_word' id='word_1_240' title='bbox 1791 3106 1978 3153; x_wconf 88' lang='lat' dir='ltr'><strong>contra</strong></span> <span class='ocrx_word' id='word_1_241' title='bbox 2006 3097 2104 3155; x_wconf 86' lang='lat' dir='ltr'><strong>Pa-</strong></span> 
     </span>
    </p>
   </div>
   <div class='ocr_carea' id='block_1_33' title="bbox 543 3183 2168 3278">
    <p class='ocr_par' dir='ltr' id='par_1_33' title="bbox 543 3183 2168 3278">
     <span class='ocr_line' id='line_1_33' title="bbox 543 3183 2168 3278; baseline 0.002 -37"><span class='ocrx_word' id='word_1_242' title='bbox 543 3202 680 3256; x_wconf 73' lang='lat' dir='ltr'><strong>pam</strong></span> <span class='ocrx_word' id='word_1_243' title='bbox 702 3185 964 3267; x_wconf 81' lang='lat' dir='ltr'><strong>assentire</strong></span> <span class='ocrx_word' id='word_1_244' title='bbox 992 3199 1101 3239; x_wconf 88' lang='lat' dir='ltr'><strong>non</strong></span> <span class='ocrx_word' id='word_1_245' title='bbox 1130 3185 1361 3255; x_wconf 79' lang='lat' dir='ltr'><strong>expavit.</strong></span> <span class='ocrx_word' id='word_1_246' title='bbox 1400 3183 1600 3240; x_wconf 86' lang='lat' dir='ltr'><strong>Omnes</strong></span> <span class='ocrx_word' id='word_1_247' title='bbox 1629 3184 1774 3240; x_wconf 89' lang='lat' dir='ltr'><strong>enim</strong></span> <span class='ocrx_word' id='word_1_248' title='bbox 1809 3184 2101 3249; x_wconf 88' lang='lat' dir='ltr'><strong>Simoniaci</strong></span> <span class='ocrx_word' id='word_1_249' title='bbox 2127 3221 2168 3278; x_wconf 61' lang='grc' dir='ltr'><strong>ϐ</strong></span> 
     </span>
    </p>
   </div>
   <div class='ocr_carea' id='block_1_34' title="bbox 556 3274 2097 3347">
    <p class='ocr_par' dir='ltr' id='par_1_34' title="bbox 556 3274 2097 3347">
     <span class='ocr_line' id='line_1_34' title="bbox 556 3274 2097 3347; baseline 0.003 -16"><span class='ocrx_word' id='word_1_250' title='bbox 556 3290 851 3346; x_wconf 87' lang='lat' dir='ltr'><strong>eorumque</strong></span> <span class='ocrx_word' id='word_1_251' title='bbox 895 3274 1051 3339; x_wconf 89' lang='lat' dir='ltr'><strong>socii,</strong></span> <span class='ocrx_word' id='word_1_252' title='bbox 1101 3290 1334 3346; x_wconf 84' lang='lat' dir='ltr'><strong>quorum</strong></span> <span class='ocrx_word' id='word_1_253' title='bbox 1383 3275 1649 3347; x_wconf 84' lang='lat' dir='ltr'><strong>tyrannidi</strong></span> <span class='ocrx_word' id='word_1_254' title='bbox 1701 3276 1815 3346; x_wconf 87' lang='lat' dir='ltr'><strong>ipse</strong></span> <span class='ocrx_word' id='word_1_255' title='bbox 1854 3287 2097 3335; x_wconf 85' lang='lat' dir='ltr'><strong>sanctam</strong></span> 
     </span>
    </p>
   </div>
   <div class='ocr_carea' id='block_1_35' title="bbox 556 3364 2102 3436">
    <p class='ocr_par' dir='ltr' id='par_1_35' title="bbox 556 3364 2102 3436">
     <span class='ocr_line' id='line_1_35' title="bbox 556 3364 2102 3436; baseline 0.003 -14"><span class='ocrx_word' id='word_1_256' title='bbox 556 3366 779 3422; x_wconf 72' lang='lat' dir='ltr'><strong>Matrem</strong></span> <span class='ocrx_word' id='word_1_257' title='bbox 811 3364 1104 3421; x_wconf 81' lang='lat' dir='ltr'><strong>Ecclesiam</strong></span> <span class='ocrx_word' id='word_1_258' title='bbox 1135 3365 1535 3435; x_wconf 83' lang='lat' dir='ltr'><strong>subjugaverat,</strong></span> <span class='ocrx_word' id='word_1_259' title='bbox 1566 3380 1797 3436; x_wconf 87' lang='lat' dir='ltr'><strong>quorum</strong></span> <span class='ocrx_word' id='word_1_260' title='bbox 1836 3369 1997 3424; x_wconf 89' lang='lat' dir='ltr'><strong>etiam</strong></span> <span class='ocrx_word' id='word_1_261' title='bbox 2028 3369 2102 3426; x_wconf 77' lang='lat' dir='ltr'><strong>fa—</strong></span> 
     </span>
    </p>
   </div>
   <div class='ocr_carea' id='block_1_36' title="bbox 555 3444 2104 3527">
    <p class='ocr_par' dir='ltr' id='par_1_36' title="bbox 555 3444 2104 3527">
     <span class='ocr_line' id='line_1_36' title="bbox 555 3444 2104 3527; baseline 0.001 -13"><span class='ocrx_word' id='word_1_262' title='bbox 555 3458 734 3514; x_wconf 76' lang='lat' dir='ltr'><strong>ctione</strong></span> <span class='ocrx_word' id='word_1_263' title='bbox 782 3457 897 3526; x_wconf 88' lang='lat' dir='ltr'><strong>jam</strong></span> <span class='ocrx_word' id='word_1_264' title='bbox 948 3444 1154 3527; x_wconf 77' lang='lat' dir='ltr'><strong>pridem</strong></span> <span class='ocrx_word' id='word_1_265' title='bbox 1211 3456 1574 3527; x_wconf 75' lang='lat' dir='ltr'><strong>Apostolicam</strong></span> <span class='ocrx_word' id='word_1_266' title='bbox 1622 3455 1814 3512; x_wconf 90' lang='lat' dir='ltr'><strong>Sedem</strong></span> <span class='ocrx_word' id='word_1_267' title='bbox 1855 3459 2104 3516; x_wconf 86' lang='lat' dir='ltr'><strong>dcaucto-</strong></span> 
     </span>
    </p>
   </div>
   <div class='ocr_carea' id='block_1_37' title="bbox 558 3546 2101 3618">
    <p class='ocr_par' dir='ltr' id='par_1_37' title="bbox 558 3546 2101 3618">
     <span class='ocr_line' id='line_1_37' title="bbox 558 3546 2101 3618; baseline 0.003 -16"><span class='ocrx_word' id='word_1_268' title='bbox 558 3549 729 3603; x_wconf 79' lang='lat' dir='ltr'><strong>rizare</strong></span> <span class='ocrx_word' id='word_1_269' title='bbox 770 3555 1098 3614; x_wconf 87' lang='lat' dir='ltr'><strong>tentaverat;</strong></span> <span class='ocrx_word' id='word_1_270' title='bbox 1148 3546 1284 3618; x_wconf 89' lang='lat' dir='ltr'><strong>ipsi,</strong></span> <span class='ocrx_word' id='word_1_271' title='bbox 1336 3546 1554 3617; x_wconf 88' lang='lat' dir='ltr'><strong>inquam</strong></span> <span class='ocrx_word' id='word_1_272' title='bbox 1576 3588 1593 3613; x_wconf 93' lang='lat'><strong>,</strong></span> <span class='ocrx_word' id='word_1_273' title='bbox 1634 3562 1824 3604; x_wconf 86' lang='lat' dir='ltr'><strong>omnes</strong></span> <span class='ocrx_word' id='word_1_274' title='bbox 1871 3549 1937 3604; x_wconf 87' lang='lat' dir='ltr'><strong>ad</strong></span> <span class='ocrx_word' id='word_1_275' title='bbox 1976 3565 2101 3608; x_wconf 80' lang='lat' dir='ltr'><strong>eum</strong></span> 
     </span>
    </p>
   </div>
   <div class='ocr_carea' id='block_1_38' title="bbox 559 3637 2129 3703">
    <p class='ocr_par' dir='ltr' id='par_1_38' title="bbox 559 3637 2129 3703">
     <span class='ocr_line' id='line_1_38' title="bbox 559 3637 2129 3703; baseline 0.003 -9"><span class='ocrx_word' id='word_1_276' title='bbox 559 3637 958 3694; x_wconf 84' lang='lat' dir='ltr'><strong>reconciliatum</strong></span> <span class='ocrx_word' id='word_1_277' title='bbox 997 3645 1355 3703; x_wconf 79' lang='lat' dir='ltr'><strong>recurrentes,</strong></span> <span class='ocrx_word' id='word_1_278' title='bbox 1389 3653 1496 3692; x_wconf 88' lang='lat' dir='ltr'><strong>non</strong></span> <span class='ocrx_word' id='word_1_279' title='bbox 1531 3646 1790 3692; x_wconf 86' lang='lat' dir='ltr'><strong>terrorem</strong></span> <span class='ocrx_word' id='word_1_280' title='bbox 1823 3641 1918 3695; x_wconf 84' lang='lat' dir='ltr'><strong>sed</strong></span> <span class='ocrx_word' id='word_1_281' title='bbox 1941 3643 2129 3703; x_wconf 79' lang='lat' dir='ltr'><strong>auda-,</strong></span> 
     </span>
    </p>
   </div>
   <div class='ocr_carea' id='block_1_39' title="bbox 553 3712 2099 3800">
    <p class='ocr_par' dir='ltr' id='par_1_39' title="bbox 553 3712 2099 3800">
     <span class='ocr_line' id='line_1_39' title="bbox 553 3712 2099 3800; baseline 0.002 -16"><span class='ocrx_word' id='word_1_282' title='bbox 553 3728 695 3784; x_wconf 84' lang='lat' dir='ltr'><strong>ciam</strong></span> <span class='ocrx_word' id='word_1_283' title='bbox 733 3725 803 3781; x_wconf 87' lang='lat' dir='ltr'><strong>ab</strong></span> <span class='ocrx_word' id='word_1_284' title='bbox 840 3739 927 3791; x_wconf 87' lang='lat' dir='ltr'><strong>eo,</strong></span> <span class='ocrx_word' id='word_1_285' title='bbox 960 3740 1060 3795; x_wconf 92' lang='lat' dir='ltr'><strong>pro</strong></span> <span class='ocrx_word' id='word_1_286' title='bbox 1091 3734 1392 3796; x_wconf 87' lang='lat' dir='ltr'><strong>perpetrata</strong></span> <span class='ocrx_word' id='word_1_287' title='bbox 1427 3725 1727 3797; x_wconf 84' lang='lat' dir='ltr'><strong>iniquitate,</strong></span> <span class='ocrx_word' id='word_1_288' title='bbox 1750 3712 2099 3800; x_wconf 85' lang='lat' dir='ltr'><strong>acceperunt;</strong></span> 
     </span>
    </p>
   </div>
   <div class='ocr_carea' id='block_1_40' title="bbox 547 3815 2104 3890">
    <p class='ocr_par' dir='ltr' id='par_1_40' title="bbox 547 3815 2104 3890">
     <span class='ocr_line' id='line_1_40' title="bbox 547 3815 2104 3890; baseline 0.003 -19"><span class='ocrx_word' id='word_1_289' title='bbox 547 3818 685 3888; x_wconf 83' lang='lat' dir='ltr'><strong>quin</strong></span> <span class='ocrx_word' id='word_1_290' title='bbox 709 3816 873 3873; x_wconf 87' lang='lat' dir='ltr'><strong>etiam</strong></span> <span class='ocrx_word' id='word_1_291' title='bbox 902 3815 958 3869; x_wconf 91' lang='lat' dir='ltr'><strong>in</strong></span> <span class='ocrx_word' id='word_1_292' title='bbox 978 3815 1324 3872; x_wconf 75' lang='lat' dir='ltr'><strong>damuatiOne</strong></span> <span class='ocrx_word' id='word_1_293' title='bbox 1340 3816 1631 3886; x_wconf 83' lang='lat' dir='ltr'><strong>Apostolici</strong></span> <span class='ocrx_word' id='word_1_294' title='bbox 1666 3820 1807 3890; x_wconf 86' lang='lat' dir='ltr'><strong>apud</strong></span> <span class='ocrx_word' id='word_1_295' title='bbox 1827 3836 1952 3877; x_wconf 88' lang='lat' dir='ltr'><strong>eum</strong></span> <span class='ocrx_word' id='word_1_296' title='bbox 1976 3838 2104 3881; x_wconf 87' lang='lat' dir='ltr'><strong>con-</strong></span> 
     </span>
    </p>
   </div>
   <div class='ocr_carea' id='block_1_41' title="bbox 551 3906 2147 3981">
    <p class='ocr_par' dir='ltr' id='par_1_41' title="bbox 551 3906 2147 3981">
     <span class='ocr_line' id='line_1_41' title="bbox 551 3906 2147 3981; baseline 0.003 -19"><span class='ocrx_word' id='word_1_297' title='bbox 551 3907 770 3976; x_wconf 78' lang='lat' dir='ltr'><strong>iurandi</strong></span> <span class='ocrx_word' id='word_1_298' title='bbox 801 3907 980 3962; x_wconf 88' lang='lat' dir='ltr'><strong>locum</strong></span> <span class='ocrx_word' id='word_1_299' title='bbox 1016 3907 1354 3962; x_wconf 87' lang='lat' dir='ltr'><strong>invenerunt.</strong></span> <span class='ocrx_word' id='word_1_300' title='bbox 1398 3906 1516 3977; x_wconf 88' lang='lat' dir='ltr'><strong>Ipse</strong></span> <span class='ocrx_word' id='word_1_301' title='bbox 1543 3923 1672 3961; x_wconf 83' lang='lat' dir='ltr'><strong>vero</strong></span> <span class='ocrx_word' id='word_1_302' title='bbox 1705 3910 1929 3981; x_wconf 85' lang='lat' dir='ltr'><strong>ejusque</strong></span> <span class='ocrx_word' id='word_1_303' title='bbox 1960 3926 2147 3969; x_wconf 67' lang='grc' dir='ltr'><strong>σθω-ο</strong></span> 
     </span>
    </p>
   </div>
   <div class='ocr_carea' id='block_1_42' title="bbox 558 3998 2105 4069">
    <p class='ocr_par' dir='ltr' id='par_1_42' title="bbox 558 3998 2105 4069">
     <span class='ocr_line' id='line_1_42' title="bbox 558 3998 2105 4069; baseline 0.006 -18"><span class='ocrx_word' id='word_1_304' title='bbox 558 3998 752 4066; x_wconf 89' lang='lat' dir='ltr'><strong>plices,</strong></span> <span class='ocrx_word' id='word_1_305' title='bbox 795 3999 1227 4054; x_wconf 90' lang='lat' dir='ltr'><strong>communionem</strong></span> <span class='ocrx_word' id='word_1_306' title='bbox 1275 4008 1547 4069; x_wconf 81' lang='lat' dir='ltr'><strong>utcunque</strong></span> <span class='ocrx_word' id='word_1_307' title='bbox 1588 3999 1788 4056; x_wconf 83' lang='lat' dir='ltr'><strong>idcirco</strong></span> <span class='ocrx_word' id='word_1_308' title='bbox 1825 4001 2105 4062; x_wconf 80' lang='lat' dir='ltr'><strong>festinave-</strong></span> 
     </span>
    </p>
   </div>
   <div class='ocr_carea' id='block_1_43' title="bbox 558 4085 2105 4164">
    <p class='ocr_par' dir='ltr' id='par_1_43' title="bbox 558 4085 2105 4164">
     <span class='ocr_line' id='line_1_43' title="bbox 558 4085 2105 4164; baseline 0.007 -22"><span class='ocrx_word' id='word_1_309' title='bbox 558 4096 679 4143; x_wconf 75' lang='lat' dir='ltr'><strong>rant</strong></span> <span class='ocrx_word' id='word_1_310' title='bbox 703 4086 966 4164; x_wconf 80' lang='lat' dir='ltr'><strong>recipere;</strong></span> <span class='ocrx_word' id='word_1_311' title='bbox 995 4089 1142 4157; x_wconf 88' lang='lat' dir='ltr'><strong>quia,</strong></span> <span class='ocrx_word' id='word_1_312' title='bbox 1173 4089 1327 4157; x_wconf 78' lang='lat' dir='ltr'><strong>juxta</strong></span> <span class='ocrx_word' id='word_1_313' title='bbox 1359 4090 1529 4159; x_wconf 88' lang='lat' dir='ltr'><strong>legem</strong></span> <span class='ocrx_word' id='word_1_314' title='bbox 1569 4085 2012 4163; x_wconf 80' lang='lat' dir='ltr'><strong>Teutonicorum,</strong></span> <span class='ocrx_word' id='word_1_315' title='bbox 2043 4112 2105 4153; x_wconf 86' lang='lat' dir='ltr'><strong>se</strong></span> 
     </span>
    </p>
   </div>
   <div class='ocr_carea' id='block_1_44' title="bbox 554 4164 2100 4253">
    <p class='ocr_par' dir='ltr' id='par_1_44' title="bbox 554 4164 2100 4253">
     <span class='ocr_line' id='line_1_44' title="bbox 554 4164 2100 4253; baseline 0.006 -21"><span class='ocrx_word' id='word_1_316' title='bbox 554 4177 769 4247; x_wconf 76' lang='lat' dir='ltr'><strong>przediis</strong></span> <span class='ocrx_word' id='word_1_317' title='bbox 790 4184 844 4232; x_wconf 89' lang='lat' dir='ltr'><strong>et</strong></span> <span class='ocrx_word' id='word_1_318' title='bbox 864 4164 1137 4233; x_wconf 84' lang='lat' dir='ltr'><strong>bcneticiis</strong></span> <span class='ocrx_word' id='word_1_319' title='bbox 1159 4178 1448 4248; x_wconf 83' lang='lat' dir='ltr'><strong>privandos</strong></span> <span class='ocrx_word' id='word_1_320' title='bbox 1477 4196 1599 4236; x_wconf 90' lang='lat' dir='ltr'><strong>esse</strong></span> <span class='ocrx_word' id='word_1_321' title='bbox 1619 4196 1726 4236; x_wconf 92' lang='lat' dir='ltr'><strong>non</strong></span> <span class='ocrx_word' id='word_1_322' title='bbox 1755 4184 2100 4253; x_wconf 83' lang='lat' dir='ltr'><strong>dubitabant,</strong></span> 
     </span>
    </p>
   </div>
   <div class='ocr_carea' id='block_1_45' title="bbox 556 4268 2105 4343">
    <p class='ocr_par' dir='ltr' id='par_1_45' title="bbox 556 4268 2105 4343">
     <span class='ocr_line' id='line_1_45' title="bbox 556 4268 2105 4343; baseline 0.005 -20"><span class='ocrx_word' id='word_1_323' title='bbox 556 4269 604 4323; x_wconf 90' lang='lat' dir='ltr'><strong>si</strong></span> <span class='ocrx_word' id='word_1_324' title='bbox 628 4268 731 4323; x_wconf 82' lang='lat' dir='ltr'><strong>sub</strong></span> <span class='ocrx_word' id='word_1_325' title='bbox 761 4270 1314 4337; x_wconf 82' lang='lat' dir='ltr'><strong>excommunicatione</strong></span> <span class='ocrx_word' id='word_1_326' title='bbox 1359 4271 1623 4343; x_wconf 87' lang='lat' dir='ltr'><strong>integrum</strong></span> <span class='ocrx_word' id='word_1_327' title='bbox 1662 4287 1864 4328; x_wconf 88' lang='lat' dir='ltr'><strong>annum</strong></span> <span class='ocrx_word' id='word_1_328' title='bbox 1899 4289 2105 4343; x_wconf 89' lang='lat' dir='ltr'><strong>perma-</strong></span> 
     </span>
    </p>
   </div>
   <div class='ocr_carea' id='block_1_46' title="bbox 557 4357 2103 4433">
    <p class='ocr_par' dir='ltr' id='par_1_46' title="bbox 557 4357 2103 4433">
     <span class='ocr_line' id='line_1_46' title="bbox 557 4357 2103 4433; baseline 0.004 -20"><span class='ocrx_word' id='word_1_329' title='bbox 557 4365 747 4414; x_wconf 86' lang='lat' dir='ltr'><strong>nerent</strong></span> <span class='ocrx_word' id='word_1_330' title='bbox 767 4375 782 4411; x_wconf 86' lang='lat'><strong>:</strong></span> <span class='ocrx_word' id='word_1_331' title='bbox 806 4357 960 4427; x_wconf 88' lang='lat' dir='ltr'><strong>cujus</strong></span> <span class='ocrx_word' id='word_1_332' title='bbox 993 4359 1168 4414; x_wconf 82' lang='lat' dir='ltr'><strong>adhuc</strong></span> <span class='ocrx_word' id='word_1_333' title='bbox 1197 4376 1338 4430; x_wconf 86' lang='lat' dir='ltr'><strong>unus</strong></span> <span class='ocrx_word' id='word_1_334' title='bbox 1355 4363 1558 4419; x_wconf 84' lang='lat' dir='ltr'><strong>mensis</strong></span> <span class='ocrx_word' id='word_1_335' title='bbox 1579 4364 1863 4433; x_wconf 76' lang='lat' dir='ltr'><strong>superfuit,</strong></span> <span class='ocrx_word' id='word_1_336' title='bbox 1882 4364 2010 4419; x_wconf 89' lang='lat' dir='ltr'><strong>dum</strong></span> <span class='ocrx_word' id='word_1_337' title='bbox 2034 4364 2103 4419; x_wconf 92' lang='lat' dir='ltr'><strong>ad</strong></span> 
     </span>
    </p>
   </div>
   <div class='ocr_carea' id='block_1_47' title="bbox 559 4446 2098 4523">
    <p class='ocr_par' dir='ltr' id='par_1_47' title="bbox 559 4446 2098 4523">
     <span class='ocr_line' id='line_1_47' title="bbox 559 4446 2098 4523; baseline 0.005 -22"><span class='ocrx_word' id='word_1_338' title='bbox 559 4446 1046 4508; x_wconf 82' lang='lat' dir='ltr'><strong>reconciliationem</strong></span> <span class='ocrx_word' id='word_1_339' title='bbox 1098 4449 1350 4503; x_wconf 84' lang='lat' dir='ltr'><strong>redirent.</strong></span> <span class='ocrx_word' id='word_1_340' title='bbox 1393 4450 1836 4508; x_wconf 87' lang='lat' dir='ltr'><strong>Communionem</strong></span> <span class='ocrx_word' id='word_1_341' title='bbox 1886 4455 2098 4523; x_wconf 83' lang='lat' dir='ltr'><strong>itaque,</strong></span> 
     </span>
    </p>
   </div>
   <div class='ocr_carea' id='block_1_48' title="bbox 558 4539 2175 4611">
    <p class='ocr_par' dir='ltr' id='par_1_48' title="bbox 558 4539 2175 4611">
     <span class='ocr_line' id='line_1_48' title="bbox 558 4539 2175 4611; baseline 0.001 -17"><span class='ocrx_word' id='word_1_342' title='bbox 558 4556 665 4594; x_wconf 91' lang='lat' dir='ltr'><strong>non</strong></span> <span class='ocrx_word' id='word_1_343' title='bbox 699 4547 755 4592; x_wconf 92' lang='lat' dir='ltr'><strong>ut</strong></span> <span class='ocrx_word' id='word_1_344' title='bbox 779 4554 836 4593; x_wconf 88' lang='lat' dir='ltr'><strong>se</strong></span> <span class='ocrx_word' id='word_1_345' title='bbox 856 4539 1205 4609; x_wconf 85' lang='lat' dir='ltr'><strong>corrigerent,</strong></span> <span class='ocrx_word' id='word_1_346' title='bbox 1239 4541 1579 4609; x_wconf 78' lang='lat' dir='ltr'><strong>repeteiant;</strong></span> <span class='ocrx_word' id='word_1_347' title='bbox 1612 4543 1723 4607; x_wconf 80' lang='lat' dir='ltr'><strong>sed,</strong></span> <span class='ocrx_word' id='word_1_348' title='bbox 1754 4552 1814 4596; x_wconf 90' lang='lat' dir='ltr'><strong>ut</strong></span> <span class='ocrx_word' id='word_1_349' title='bbox 1838 4543 2102 4611; x_wconf 89' lang='lat' dir='ltr'><strong>plurimos</strong></span> <span class='ocrx_word' id='word_1_350' title='bbox 2131 4542 2175 4595; x_wconf 88' lang='grc' dir='ltr'><strong>Ι)</strong></span> 
     </span>
    </p>
   </div>
   <div class='ocr_carea' id='block_1_49' title="bbox 553 4627 2100 4701">
    <p class='ocr_par' dir='ltr' id='par_1_49' title="bbox 553 4627 2100 4701">
     <span class='ocr_line' id='line_1_49' title="bbox 553 4627 2100 4701; baseline 0.003 -18"><span class='ocrx_word' id='word_1_351' title='bbox 553 4629 666 4697; x_wconf 89' lang='lat' dir='ltr'><strong>jam</strong></span> <span class='ocrx_word' id='word_1_352' title='bbox 696 4627 897 4683; x_wconf 90' lang='lat' dir='ltr'><strong>dudum</strong></span> <span class='ocrx_word' id='word_1_353' title='bbox 919 4630 987 4683; x_wconf 88' lang='lat' dir='ltr'><strong>ab</strong></span> <span class='ocrx_word' id='word_1_354' title='bbox 1016 4630 1122 4685; x_wconf 85' lang='lat' dir='ltr'><strong>illis</strong></span> <span class='ocrx_word' id='word_1_355' title='bbox 1151 4632 1489 4686; x_wconf 79' lang='lat' dir='ltr'><strong>anathemate</strong></span> <span class='ocrx_word' id='word_1_356' title='bbox 1515 4640 1792 4701; x_wconf 85' lang='lat' dir='ltr'><strong>separatos</strong></span> <span class='ocrx_word' id='word_1_357' title='bbox 1816 4632 1916 4687; x_wconf 89' lang='lat' dir='ltr'><strong>sibi</strong></span> <span class='ocrx_word' id='word_1_358' title='bbox 1951 4647 2100 4687; x_wconf 91' lang='lat' dir='ltr'><strong>reso-</strong></span> 
     </span>
    </p>
   </div>
   <div class='ocr_carea' id='block_1_50' title="bbox 557 4718 2099 4788">
    <p class='ocr_par' dir='ltr' id='par_1_50' title="bbox 557 4718 2099 4788">
     <span class='ocr_line' id='line_1_50' title="bbox 557 4718 2099 4788; baseline 0.003 -16"><span class='ocrx_word' id='word_1_359' title='bbox 557 4719 788 4781; x_wconf 80' lang='lat' dir='ltr'><strong>ciarent;</strong></span> <span class='ocrx_word' id='word_1_360' title='bbox 830 4718 1013 4787; x_wconf 84' lang='lat' dir='ltr'><strong>sicque</strong></span> <span class='ocrx_word' id='word_1_361' title='bbox 1062 4728 1213 4773; x_wconf 89' lang='lat' dir='ltr'><strong>tanto</strong></span> <span class='ocrx_word' id='word_1_362' title='bbox 1259 4720 1546 4786; x_wconf 87' lang='lat' dir='ltr'><strong>audacius,</strong></span> <span class='ocrx_word' id='word_1_363' title='bbox 1597 4730 1746 4775; x_wconf 87' lang='lat' dir='ltr'><strong>tanto</strong></span> <span class='ocrx_word' id='word_1_364' title='bbox 1791 4721 2099 4788; x_wconf 87' lang='lat' dir='ltr'><strong>crudelius,</strong></span> 
     </span>
    </p>
   </div>
   <div class='ocr_carea' id='block_1_51' title="bbox 554 4798 2103 4881">
    <p class='ocr_par' dir='ltr' id='par_1_51' title="bbox 554 4798 2103 4881">
     <span class='ocr_line' id='line_1_51' title="bbox 554 4798 2103 4881; baseline 0.003 -18"><span class='ocrx_word' id='word_1_365' title='bbox 554 4816 760 4881; x_wconf 83' lang='lat' dir='ltr'><strong>quanto</strong></span> <span class='ocrx_word' id='word_1_366' title='bbox 796 4823 919 4863; x_wconf 90' lang='lat' dir='ltr'><strong>cum</strong></span> <span class='ocrx_word' id='word_1_367' title='bbox 953 4807 1214 4876; x_wconf 89' lang='lat' dir='ltr'><strong>pluribus,</strong></span> <span class='ocrx_word' id='word_1_368' title='bbox 1244 4810 1401 4864; x_wconf 87' lang='lat' dir='ltr'><strong>solita</strong></span> <span class='ocrx_word' id='word_1_369' title='bbox 1425 4810 1705 4881; x_wconf 86' lang='lat' dir='ltr'><strong>tyrannide</strong></span> <span class='ocrx_word' id='word_1_370' title='bbox 1738 4822 1979 4866; x_wconf 77' lang='lat' dir='ltr'><strong>sanctam</strong></span> <span class='ocrx_word' id='word_1_371' title='bbox 2006 4798 2103 4867; x_wconf 76' lang='lat' dir='ltr'><strong>Ec-</strong></span> 
     </span>
    </p>
   </div>
   <div class='ocr_carea' id='block_1_52' title="bbox 558 4896 2104 4969">
    <p class='ocr_par' dir='ltr' id='par_1_52' title="bbox 558 4896 2104 4969">
     <span class='ocr_line' id='line_1_52' title="bbox 558 4896 2104 4969; baseline 0.001 -15"><span class='ocrx_word' id='word_1_372' title='bbox 558 4898 775 4955; x_wconf 89' lang='lat' dir='ltr'><strong>elcsiam</strong></span> <span class='ocrx_word' id='word_1_373' title='bbox 802 4896 1103 4966; x_wconf 89' lang='lat' dir='ltr'><strong>opprimere</strong></span> <span class='ocrx_word' id='word_1_374' title='bbox 1131 4906 1369 4964; x_wconf 85' lang='lat' dir='ltr'><strong>possent.</strong></span> <span class='ocrx_word' id='word_1_375' title='bbox 1397 4897 1532 4953; x_wconf 79' lang='lat' dir='ltr'><strong>Nam</strong></span> <span class='ocrx_word' id='word_1_376' title='bbox 1562 4900 1742 4954; x_wconf 86' lang='lat' dir='ltr'><strong>statim</strong></span> <span class='ocrx_word' id='word_1_377' title='bbox 1766 4908 1887 4969; x_wconf 89' lang='lat' dir='ltr'><strong>post</strong></span> <span class='ocrx_word' id='word_1_378' title='bbox 1919 4914 2104 4955; x_wconf 87' lang='lat' dir='ltr'><strong>recon-</strong></span> 
     </span>
    </p>
   </div>
   <div class='ocr_carea' id='block_1_53' title="bbox 558 4984 2102 5055">
    <p class='ocr_par' dir='ltr' id='par_1_53' title="bbox 558 4984 2102 5055">
     <span class='ocr_line' id='line_1_53' title="bbox 558 4984 2102 5055; baseline 0.003 -15"><span class='ocrx_word' id='word_1_379' title='bbox 558 4986 906 5051; x_wconf 85' lang='lat' dir='ltr'><strong>ciliationem,</strong></span> <span class='ocrx_word' id='word_1_380' title='bbox 938 4994 999 5039; x_wconf 93' lang='lat' dir='ltr'><strong>ut</strong></span> <span class='ocrx_word' id='word_1_381' title='bbox 1027 4984 1338 5053; x_wconf 82' lang='lat' dir='ltr'><strong>praedictum</strong></span> <span class='ocrx_word' id='word_1_382' title='bbox 1366 4993 1477 5051; x_wconf 88' lang='lat' dir='ltr'><strong>est,</strong></span> <span class='ocrx_word' id='word_1_383' title='bbox 1504 4987 1571 5040; x_wconf 88' lang='lat' dir='ltr'><strong>ad</strong></span> <span class='ocrx_word' id='word_1_384' title='bbox 1590 4987 1876 5055; x_wconf 83' lang='lat' dir='ltr'><strong>pristinum</strong></span> <span class='ocrx_word' id='word_1_385' title='bbox 1900 4989 2102 5045; x_wconf 85' lang='lat' dir='ltr'><strong>voluta-</strong></span> 
     </span>
    </p>
   </div>
   <div class='ocr_carea' id='block_1_54' title="bbox 558 5074 2098 5147">
    <p class='ocr_par' dir='ltr' id='par_1_54' title="bbox 558 5074 2098 5147">
     <span class='ocr_line' id='line_1_54' title="bbox 558 5074 2098 5147; baseline 0.004 -18"><span class='ocrx_word' id='word_1_386' title='bbox 558 5076 714 5129; x_wconf 87' lang='lat' dir='ltr'><strong>brum</strong></span> <span class='ocrx_word' id='word_1_387' title='bbox 739 5076 929 5138; x_wconf 89' lang='lat' dir='ltr'><strong>redire,</strong></span> <span class='ocrx_word' id='word_1_388' title='bbox 953 5076 1043 5130; x_wconf 86' lang='lat' dir='ltr'><strong>sed</strong></span> <span class='ocrx_word' id='word_1_389' title='bbox 1067 5084 1119 5130; x_wconf 91' lang='lat' dir='ltr'><strong>et</strong></span> <span class='ocrx_word' id='word_1_390' title='bbox 1145 5074 1484 5139; x_wconf 83' lang='lat' dir='ltr'><strong>Simoniacis,</strong></span> <span class='ocrx_word' id='word_1_391' title='bbox 1506 5084 1688 5145; x_wconf 87' lang='lat' dir='ltr'><strong>utpote</strong></span> <span class='ocrx_word' id='word_1_392' title='bbox 1706 5079 1792 5132; x_wconf 87' lang='lat' dir='ltr'><strong>sui</strong></span> <span class='ocrx_word' id='word_1_393' title='bbox 1814 5080 2098 5147; x_wconf 88' lang='lat' dir='ltr'><strong>similibus,</strong></span> 
     </span>
    </p>
   </div>
   <div class='ocr_carea' id='block_1_55' title="bbox 559 5162 2100 5231">
    <p class='ocr_par' dir='ltr' id='par_1_55' title="bbox 559 5162 2100 5231">
     <span class='ocr_line' id='line_1_55' title="bbox 559 5162 2100 5231; baseline 0.006 -14"><span class='ocrx_word' id='word_1_394' title='bbox 559 5170 745 5217; x_wconf 85' lang='lat' dir='ltr'><strong>contra</strong></span> <span class='ocrx_word' id='word_1_395' title='bbox 783 5162 1145 5231; x_wconf 79' lang='lat' dir='ltr'><strong>Apostolicam</strong></span> <span class='ocrx_word' id='word_1_396' title='bbox 1188 5162 1380 5219; x_wconf 84' lang='lat' dir='ltr'><strong>Sedem</strong></span> <span class='ocrx_word' id='word_1_397' title='bbox 1432 5166 1691 5221; x_wconf 86' lang='lat' dir='ltr'><strong>assentire</strong></span> <span class='ocrx_word' id='word_1_398' title='bbox 1740 5183 1848 5222; x_wconf 91' lang='lat' dir='ltr'><strong>non</strong></span> <span class='ocrx_word' id='word_1_399' title='bbox 1890 5170 2100 5226; x_wconf 81' lang='lat' dir='ltr'><strong>dubita-</strong></span> 
     </span>
    </p>
   </div>
   <div class='ocr_carea' id='block_1_56' title="bbox 558 5260 1517 5303">
    <p class='ocr_par' dir='ltr' id='par_1_56' title="bbox 558 5260 1517 5303">
     <span class='ocr_line' id='line_1_56' title="bbox 558 5260 1517 5303; baseline 0.002 0"><span class='ocrx_word' id='word_1_400' title='bbox 558 5260 702 5303; x_wconf 87' lang='lat' dir='ltr'><strong>runt.</strong></span> <span class='ocrx_word' id='word_1_401' title='bbox 1511 5290 1517 5294; x_wconf 87' lang='lat'><strong><em>-</em></strong></span> 
     </span>
    </p>
   </div>
   <div class='ocr_carea' id='block_1_57' title="bbox 629 5422 2097 5501">
    <p class='ocr_par' dir='ltr' id='par_1_57' title="bbox 629 5422 2097 5501">
     <span class='ocr_line' id='line_1_57' title="bbox 629 5422 2097 5501; baseline 0.012 -25"><span class='ocrx_word' id='word_1_402' title='bbox 629 5422 1093 5501; x_wconf 51' lang='grc' dir='ltr'><strong>(Ἱῦμίὶελριξᾳιαὶᾳ</strong></span> <span class='ocrx_word' id='word_1_403' title='bbox 1110 5496 1122 5501; x_wconf 85' lang='lat'><strong>_</strong></span> <span class='ocrx_word' id='word_1_404' title='bbox 1148 5428 1259 5501; x_wconf 77' lang='lat' dir='ltr'><strong>sive</strong></span> <span class='ocrx_word' id='word_1_405' title='bbox 1288 5429 1537 5501; x_wconf 51' lang='lat' dir='ltr'><strong>fidelasia</strong></span> <span class='ocrx_word' id='word_1_406' title='bbox 1561 5442 1655 5487; x_wconf 88' lang='lat' dir='ltr'><strong>aut</strong></span> <span class='ocrx_word' id='word_1_407' title='bbox 1674 5434 1913 5501; x_wconf 76' lang='lat' dir='ltr'><strong>Adalat&#39;s,</strong></span> <span class='ocrx_word' id='word_1_408' title='bbox 1935 5436 2097 5495; x_wconf 86' lang='lat' dir='ltr'><strong>Olrici</strong></span> 
     </span>
    </p>
   </div>
   <div class='ocr_carea' id='block_1_58' title="bbox 560 5489 2097 5573">
    <p class='ocr_par' dir='ltr' id='par_1_58' title="bbox 560 5489 2097 5573">
     <span class='ocr_line' id='line_1_58' title="bbox 560 5489 2097 5573; baseline 0.013 -30"><span class='ocrx_word' id='word_1_409' title='bbox 560 5489 1514 5573; x_wconf 40' lang='lat' dir='ltr'><strong>blﬁgnillr&#39;edi‘IlarcliionisSeeusjie</strong></span> <span class='ocrx_word' id='word_1_410' title='bbox 1569 5502 1695 5573; x_wconf 81' lang='lat' dir='ltr'><strong>lilia,</strong></span> <span class='ocrx_word' id='word_1_411' title='bbox 1722 5489 1913 5573; x_wconf 15' lang='lat' dir='ltr'><strong>Anup&#39;a&#39;</strong></span> <span class='ocrx_word' id='word_1_412' title='bbox 1948 5489 2097 5563; x_wconf 51' lang='lat' dir='ltr'><strong>illa};</strong></span> 
     </span>
    </p>
   </div>
   <div class='ocr_carea' id='block_1_59' title="bbox 563 5559 2097 5631">
    <p class='ocr_par' dir='ltr' id='par_1_59' title="bbox 563 5559 2097 5631">
     <span class='ocr_line' id='line_1_59' title="bbox 563 5559 2097 5631; baseline 0.012 -18"><span class='ocrx_word' id='word_1_413' title='bbox 563 5559 716 5631; x_wconf 68' lang='lat' dir='ltr'><strong>tum,</strong></span> <span class='ocrx_word' id='word_1_414' title='bbox 740 5559 1048 5631; x_wconf 14' lang='lat' dir='ltr'><strong>Aliumberto</strong></span> <span class='ocrx_word' id='word_1_415' title='bbox 1082 5562 1300 5630; x_wconf 89' lang='lat' dir='ltr'><strong>Saxoni,</strong></span> <span class='ocrx_word' id='word_1_416' title='bbox 1354 5570 1404 5622; x_wconf 91' lang='lat' dir='ltr'><strong>in</strong></span> <span class='ocrx_word' id='word_1_417' title='bbox 1441 5559 1733 5625; x_wconf 75' lang='lat' dir='ltr'><strong>Marchioiii</strong></span> <span class='ocrx_word' id='word_1_418' title='bbox 1769 5559 2097 5631; x_wconf 58' lang='grc' dir='ltr'><strong>δέουδίὲῖὲῖ</strong></span> 
     </span>
    </p>
   </div>
   <div class='ocr_carea' id='block_1_60' title="bbox 556 5628 2094 5707">
    <p class='ocr_par' dir='ltr' id='par_1_60' title="bbox 556 5628 2094 5707">
     <span class='ocr_line' id='line_1_60' title="bbox 556 5628 2094 5707; baseline 0.014 -30"><span class='ocrx_word' id='word_1_419' title='bbox 556 5628 1069 5707; x_wconf 34' lang='lat' dir='ltr'><strong>tllomitiHSabaudize</strong></span> <span class='ocrx_word' id='word_1_420' title='bbox 1111 5628 1524 5707; x_wconf 56' lang='lat' dir='ltr'><strong>Maurianreque,</strong></span> <span class='ocrx_word' id='word_1_421' title='bbox 1571 5636 1642 5694; x_wconf 83' lang='lat' dir='ltr'><strong>bb</strong></span> <span class='ocrx_word' id='word_1_422' title='bbox 1690 5641 1919 5707; x_wconf 85' lang='lat' dir='ltr'><strong>plurima</strong></span> 
     </span>
    </p>
   </div>
   <div class='ocr_carea' id='block_1_61' title="bbox 558 5696 2097 5777">
    <p class='ocr_par' dir='ltr' id='par_1_61' title="bbox 558 5696 2097 5777">
     <span class='ocr_line' id='line_1_61' title="bbox 558 5696 2097 5777; baseline 0.016 -33"><span class='ocrx_word' id='word_1_423' title='bbox 558 5696 655 5777; x_wconf 58' lang='lat' dir='ltr'><strong>Apr</strong></span> <span class='ocrx_word' id='word_1_424' title='bbox 676 5698 1157 5777; x_wconf 68' lang='lat' dir='ltr'><strong>stolicrebenelicia</strong></span> <span class='ocrx_word' id='word_1_425' title='bbox 1174 5706 1401 5777; x_wconf 64' lang='lat' dir='ltr'><strong>prestita</strong></span> <span class='ocrx_word' id='word_1_426' title='bbox 1418 5696 1435 5769; x_wconf 68' lang='grc' dir='ltr'>ξ</span> <span class='ocrx_word' id='word_1_427' title='bbox 1465 5696 1570 5762; x_wconf 82' lang='lat' dir='ltr'><strong>tilia</strong></span> <span class='ocrx_word' id='word_1_428' title='bbox 1604 5711 1659 5763; x_wconf 84' lang='lat' dir='ltr'><strong>S.</strong></span> <span class='ocrx_word' id='word_1_429' title='bbox 1693 5696 1835 5763; x_wconf 73' lang='lat' dir='ltr'><strong>l’etri</strong></span> <span class='ocrx_word' id='word_1_430' title='bbox 1882 5696 2097 5777; x_wconf 71' lang='lat' dir='ltr'><strong>dicta,e</strong></span> 
     </span>
    </p>
   </div>
   <div class='ocr_carea' id='block_1_62' title="bbox 558 5768 2095 5850">
    <p class='ocr_par' dir='ltr' id='par_1_62' title="bbox 558 5768 2095 5850">
     <span class='ocr_line' id='line_1_62' title="bbox 558 5768 2095 5850; baseline 0.015 -35"><span class='ocrx_word' id='word_1_431' title='bbox 558 5768 667 5817; x_wconf 73' lang='lat' dir='ltr'><strong>\ita</strong></span> <span class='ocrx_word' id='word_1_432' title='bbox 692 5768 917 5821; x_wconf 61' lang='grc' dir='ltr'><strong>οιςοεείι</strong></span> <span class='ocrx_word' id='word_1_433' title='bbox 963 5784 1106 5823; x_wconf 85' lang='lat' dir='ltr'><strong>anno</strong></span> <span class='ocrx_word' id='word_1_434' title='bbox 1140 5768 1291 5837; x_wconf 67' lang='lat'><strong>1030,</strong></span> <span class='ocrx_word' id='word_1_435' title='bbox 1328 5776 1406 5828; x_wconf 88' lang='lat' dir='ltr'><strong>uti</strong></span> <span class='ocrx_word' id='word_1_436' title='bbox 1459 5776 1659 5834; x_wconf 87' lang='lat' dir='ltr'><strong>indicat</strong></span> <span class='ocrx_word' id='word_1_437' title='bbox 1703 5778 1995 5850; x_wconf 86' lang='lat' dir='ltr'><strong>Pignonius</strong></span> <span class='ocrx_word' id='word_1_438' title='bbox 2029 5768 2095 5838; x_wconf 81' lang='lat' dir='ltr'><strong>&#39;iu</strong></span> 
     </span>
    </p>
   </div>
   <div class='ocr_carea' id='block_1_63' title="bbox 2215 661 3750 735">
    <p class='ocr_par' dir='ltr' id='par_1_63' title="bbox 2215 661 3750 735">
     <span class='ocr_line' id='line_1_63' title="bbox 2215 661 3750 735; baseline -0.002 -16"><span class='ocrx_word' id='word_1_439' title='bbox 2215 665 2380 735; x_wconf 77' lang='lat' dir='ltr'><strong>Regni</strong></span> <span class='ocrx_word' id='word_1_440' title='bbox 2402 663 2803 720; x_wconf 72' lang='lat' dir='ltr'><strong>concessionem</strong></span> <span class='ocrx_word' id='word_1_441' title='bbox 2838 661 3047 727; x_wconf 81' lang='lat' dir='ltr'><strong>callide,</strong></span> <span class='ocrx_word' id='word_1_442' title='bbox 3083 669 3141 714; x_wconf 89' lang='lat' dir='ltr'><strong>ut</strong></span> <span class='ocrx_word' id='word_1_443' title='bbox 3173 662 3634 728; x_wconf 83' lang='lat' dir='ltr'><strong>communionem,</strong></span> <span class='ocrx_word' id='word_1_444' title='bbox 3678 665 3750 717; x_wconf 83' lang='lat' dir='ltr'><strong>eli</strong></span> 
     </span>
    </p>
   </div>
   <div class='ocr_carea' id='block_1_64' title="bbox 2210 750 3771 821">
    <p class='ocr_par' dir='ltr' id='par_1_64' title="bbox 2210 750 3771 821">
     <span class='ocr_line' id='line_1_64' title="bbox 2210 750 3771 821; baseline -0.001 -12"><span class='ocrx_word' id='word_1_445' title='bbox 2210 768 2331 809; x_wconf 84' lang='lat' dir='ltr'><strong>cere</strong></span> <span class='ocrx_word' id='word_1_446' title='bbox 2376 754 2601 809; x_wconf 82' lang='lat' dir='ltr'><strong>volebat.</strong></span> <span class='ocrx_word' id='word_1_447' title='bbox 2654 750 2813 806; x_wconf 77' lang='lat' dir='ltr'><strong>Missa</strong></span> <span class='ocrx_word' id='word_1_448' title='bbox 2854 750 2998 805; x_wconf 90' lang='lat' dir='ltr'><strong>enim</strong></span> <span class='ocrx_word' id='word_1_449' title='bbox 3047 751 3343 821; x_wconf 79' lang='lat' dir='ltr'><strong>legatione,</strong></span> <span class='ocrx_word' id='word_1_450' title='bbox 3398 750 3678 806; x_wconf 76' lang='lat' dir='ltr'><strong>humiliter</strong></span> <span class='ocrx_word' id='word_1_451' title='bbox 3719 756 3771 807; x_wconf 65' lang='lat' dir='ltr'><strong>ri</strong></span> 
     </span>
    </p>
   </div>
   <div class='ocr_carea' id='block_1_65' title="bbox 2211 839 3770 917">
    <p class='ocr_par' dir='ltr' id='par_1_65' title="bbox 2211 839 3770 917">
     <span class='ocr_line' id='line_1_65' title="bbox 2211 839 3770 917; baseline -0.004 -15"><span class='ocrx_word' id='word_1_452' title='bbox 2211 846 2576 917; x_wconf 85' lang='lat' dir='ltr'><strong>supplicabat,</strong></span> <span class='ocrx_word' id='word_1_453' title='bbox 2615 851 2675 897; x_wconf 89' lang='lat' dir='ltr'><strong>ut</strong></span> <span class='ocrx_word' id='word_1_454' title='bbox 2717 841 2801 896; x_wconf 82' lang='lat' dir='ltr'><strong>vel</strong></span> <span class='ocrx_word' id='word_1_455' title='bbox 2832 855 2957 896; x_wconf 88' lang='lat' dir='ltr'><strong>cum</strong></span> <span class='ocrx_word' id='word_1_456' title='bbox 3003 842 3165 898; x_wconf 86' lang='lat' dir='ltr'><strong>semel</strong></span> <span class='ocrx_word' id='word_1_457' title='bbox 3204 842 3344 910; x_wconf 87' lang='lat' dir='ltr'><strong>apud</strong></span> <span class='ocrx_word' id='word_1_458' title='bbox 3383 840 3441 895; x_wconf 85' lang='lat' dir='ltr'><strong>S.</strong></span> <span class='ocrx_word' id='word_1_459' title='bbox 3497 839 3770 896; x_wconf 76' lang='lat' dir='ltr'><strong>Joannem</strong></span> 
     </span>
    </p>
   </div>
   <div class='ocr_carea' id='block_1_66' title="bbox 2211 931 3773 1009">
    <p class='ocr_par' dir='ltr' id='par_1_66' title="bbox 2211 931 3773 1009">
     <span class='ocr_line' id='line_1_66' title="bbox 2211 931 3773 1009; baseline -0.002 -17"><span class='ocrx_word' id='word_1_460' title='bbox 2211 938 2264 992; x_wconf 92' lang='lat' dir='ltr'><strong>in</strong></span> <span class='ocrx_word' id='word_1_461' title='bbox 2288 937 2399 1007; x_wconf 88' lang='lat'><strong>(76)</strong></span> <span class='ocrx_word' id='word_1_462' title='bbox 2430 936 2657 1009; x_wconf 69' lang='lat' dir='ltr'><strong>lloytia,</strong></span> <span class='ocrx_word' id='word_1_463' title='bbox 2691 949 2784 1007; x_wconf 82' lang='lat' dir='ltr'><strong>per</strong></span> <span class='ocrx_word' id='word_1_464' title='bbox 2805 931 3101 1003; x_wconf 81' lang='lat' dir='ltr'><strong>Episcopos</strong></span> <span class='ocrx_word' id='word_1_465' title='bbox 3129 932 3446 1003; x_wconf 73' lang='lat' dir='ltr'><strong>l’apiensem</strong></span> <span class='ocrx_word' id='word_1_466' title='bbox 3481 942 3535 988; x_wconf 91' lang='lat' dir='ltr'><strong>et</strong></span> <span class='ocrx_word' id='word_1_467' title='bbox 3567 932 3773 989; x_wconf 75' lang='lat' dir='ltr'><strong>Medio-</strong></span> 
     </span>
    </p>
   </div>
   <div class='ocr_carea' id='block_1_67' title="bbox 2209 1023 3773 1102">
    <p class='ocr_par' dir='ltr' id='par_1_67' title="bbox 2209 1023 3773 1102">
     <span class='ocr_line' id='line_1_67' title="bbox 2209 1023 3773 1102; baseline -0.001 -21"><span class='ocrx_word' id='word_1_468' title='bbox 2209 1027 2505 1093; x_wconf 86' lang='lat' dir='ltr'><strong>lanenscm,</strong></span> <span class='ocrx_word' id='word_1_469' title='bbox 2533 1039 2683 1080; x_wconf 88' lang='lat' dir='ltr'><strong>more</strong></span> <span class='ocrx_word' id='word_1_470' title='bbox 2708 1024 2949 1094; x_wconf 85' lang='lat' dir='ltr'><strong>priorum</strong></span> <span class='ocrx_word' id='word_1_471' title='bbox 2983 1023 3216 1102; x_wconf 82' lang='lat' dir='ltr'><strong>Regum,</strong></span> <span class='ocrx_word' id='word_1_472' title='bbox 3256 1025 3507 1079; x_wconf 86' lang='lat' dir='ltr'><strong>coronari</strong></span> <span class='ocrx_word' id='word_1_473' title='bbox 3549 1026 3773 1095; x_wconf 81' lang='lat' dir='ltr'><strong>permit-</strong></span> 
     </span>
    </p>
   </div>
   <div class='ocr_carea' id='block_1_68' title="bbox 2211 1112 3773 1188">
    <p class='ocr_par' dir='ltr' id='par_1_68' title="bbox 2211 1112 3773 1188">
     <span class='ocr_line' id='line_1_68' title="bbox 2211 1112 3773 1188; baseline -0.003 -16"><span class='ocrx_word' id='word_1_474' title='bbox 2211 1125 2381 1188; x_wconf 78' lang='lat' dir='ltr'><strong>teret:</strong></span> <span class='ocrx_word' id='word_1_475' title='bbox 2411 1115 2516 1181; x_wconf 88' lang='lat' dir='ltr'><strong>vel,</strong></span> <span class='ocrx_word' id='word_1_476' title='bbox 2543 1114 2589 1171; x_wconf 91' lang='lat' dir='ltr'><strong>si</strong></span> <span class='ocrx_word' id='word_1_477' title='bbox 2624 1115 2729 1169; x_wconf 87' lang='lat' dir='ltr'><strong>hoc</strong></span> <span class='ocrx_word' id='word_1_478' title='bbox 2753 1112 2917 1168; x_wconf 84' lang='lat' dir='ltr'><strong>nollet</strong></span> <span class='ocrx_word' id='word_1_479' title='bbox 2942 1112 3058 1167; x_wconf 78' lang='lat' dir='ltr'><strong>ﬁeri</strong></span> <span class='ocrx_word' id='word_1_480' title='bbox 3079 1128 3176 1183; x_wconf 89' lang='lat' dir='ltr'><strong>per</strong></span> <span class='ocrx_word' id='word_1_481' title='bbox 3204 1113 3513 1184; x_wconf 76' lang='lat' dir='ltr'><strong>huiusmodi</strong></span> <span class='ocrx_word' id='word_1_482' title='bbox 3543 1113 3773 1185; x_wconf 77' lang='lat' dir='ltr'><strong>Episco-</strong></span> 
     </span>
    </p>
   </div>
   <div class='ocr_carea' id='block_1_69' title="bbox 2207 1202 3770 1275">
    <p class='ocr_par' dir='ltr' id='par_1_69' title="bbox 2207 1202 3770 1275">
     <span class='ocr_line' id='line_1_69' title="bbox 2207 1202 3770 1275; baseline 0 -17"><span class='ocrx_word' id='word_1_483' title='bbox 2207 1219 2327 1273; x_wconf 91' lang='lat' dir='ltr'><strong>pos,</strong></span> <span class='ocrx_word' id='word_1_484' title='bbox 2350 1212 2533 1275; x_wconf 90' lang='lat' dir='ltr'><strong>utpote</strong></span> <span class='ocrx_word' id='word_1_485' title='bbox 2551 1202 3065 1268; x_wconf 76' lang='lat' dir='ltr'><strong>cxcommunicatos,</strong></span> <span class='ocrx_word' id='word_1_486' title='bbox 3085 1202 3273 1257; x_wconf 86' lang='lat' dir='ltr'><strong>saltem</strong></span> <span class='ocrx_word' id='word_1_487' title='bbox 3295 1202 3400 1257; x_wconf 87' lang='lat' dir='ltr'><strong>hoc</strong></span> <span class='ocrx_word' id='word_1_488' title='bbox 3423 1202 3770 1274; x_wconf 81' lang='lat' dir='ltr'><strong>privilegium</strong></span> 
     </span>
    </p>
   </div>
   <div class='ocr_carea' id='block_1_70' title="bbox 2207 1288 3773 1362">
    <p class='ocr_par' dir='ltr' id='par_1_70' title="bbox 2207 1288 3773 1362">
     <span class='ocr_line' id='line_1_70' title="bbox 2207 1288 3773 1362; baseline 0 -16"><span class='ocrx_word' id='word_1_489' title='bbox 2207 1291 2516 1362; x_wconf 83' lang='lat' dir='ltr'><strong>Apostolica</strong></span> <span class='ocrx_word' id='word_1_490' title='bbox 2545 1290 2863 1354; x_wconf 84' lang='lat' dir='ltr'><strong>auctoritate</strong></span> <span class='ocrx_word' id='word_1_491' title='bbox 2890 1289 3109 1344; x_wconf 80' lang='lat' dir='ltr'><strong>cuilibet</strong></span> <span class='ocrx_word' id='word_1_492' title='bbox 3148 1288 3416 1360; x_wconf 84' lang='lat' dir='ltr'><strong>Episcopo</strong></span> <span class='ocrx_word' id='word_1_493' title='bbox 3445 1291 3773 1346; x_wconf 69' lang='lat' dir='ltr'><strong>concederet</strong></span> 
     </span>
    </p>
   </div>
   <div class='ocr_carea' id='block_1_71' title="bbox 2206 1380 3767 1455">
    <p class='ocr_par' dir='ltr' id='par_1_71' title="bbox 2206 1380 3767 1455">
     <span class='ocr_line' id='line_1_71' title="bbox 2206 1380 3767 1455; baseline 0.001 -18"><span class='ocrx_word' id='word_1_494' title='bbox 2206 1383 2646 1455; x_wconf 80' lang='lat' dir='ltr'><strong>exsequendum;</strong></span> <span class='ocrx_word' id='word_1_495' title='bbox 2677 1380 2747 1436; x_wconf 91' lang='lat' dir='ltr'><strong>ob</strong></span> <span class='ocrx_word' id='word_1_496' title='bbox 2784 1381 2887 1437; x_wconf 73' lang='lat' dir='ltr'><strong>hoc</strong></span> <span class='ocrx_word' id='word_1_497' title='bbox 2925 1380 3159 1436; x_wconf 84' lang='lat' dir='ltr'><strong>maxime</strong></span> <span class='ocrx_word' id='word_1_498' title='bbox 3192 1390 3448 1452; x_wconf 87' lang='lat' dir='ltr'><strong>appetens</strong></span> <span class='ocrx_word' id='word_1_499' title='bbox 3487 1385 3767 1449; x_wconf 78' lang='lat' dir='ltr'><strong>coronari,</strong></span> 
     </span>
    </p>
   </div>
   <div class='ocr_carea' id='block_1_72' title="bbox 2207 1469 3773 1542">
    <p class='ocr_par' dir='ltr' id='par_1_72' title="bbox 2207 1469 3773 1542">
     <span class='ocr_line' id='line_1_72' title="bbox 2207 1469 3773 1542; baseline 0.003 -15"><span class='ocrx_word' id='word_1_500' title='bbox 2207 1480 2268 1527; x_wconf 89' lang='lat' dir='ltr'><strong>ut</strong></span> <span class='ocrx_word' id='word_1_501' title='bbox 2285 1471 2663 1527; x_wconf 88' lang='lat' dir='ltr'><strong>communione</strong></span> <span class='ocrx_word' id='word_1_502' title='bbox 2686 1471 2849 1526; x_wconf 89' lang='lat' dir='ltr'><strong>etiam</strong></span> <span class='ocrx_word' id='word_1_503' title='bbox 2889 1469 3130 1542; x_wconf 78' lang='lat' dir='ltr'><strong>Regnum</strong></span> <span class='ocrx_word' id='word_1_504' title='bbox 3162 1486 3193 1525; x_wconf 89' lang='lat' dir='ltr'><strong>a</strong></span> <span class='ocrx_word' id='word_1_505' title='bbox 3230 1471 3475 1528; x_wconf 88' lang='lat' dir='ltr'><strong>Romano</strong></span> <span class='ocrx_word' id='word_1_506' title='bbox 3503 1473 3773 1531; x_wconf 80' lang='lat' dir='ltr'><strong>Pontiﬁcc</strong></span> 
     </span>
    </p>
   </div>
   <div class='ocr_carea' id='block_1_73' title="bbox 2205 1550 3767 1634">
    <p class='ocr_par' dir='ltr' id='par_1_73' title="bbox 2205 1550 3767 1634">
     <span class='ocr_line' id='line_1_73' title="bbox 2205 1550 3767 1634; baseline 0.003 -18"><span class='ocrx_word' id='word_1_507' title='bbox 2205 1562 2474 1617; x_wconf 88' lang='lat' dir='ltr'><strong>videretur</strong></span> <span class='ocrx_word' id='word_1_508' title='bbox 2506 1561 2790 1633; x_wconf 85' lang='lat' dir='ltr'><strong>recepisse.</strong></span> <span class='ocrx_word' id='word_1_509' title='bbox 2815 1558 2919 1615; x_wconf 91' lang='lat' dir='ltr'><strong>Sed</strong></span> <span class='ocrx_word' id='word_1_510' title='bbox 2936 1550 3113 1630; x_wconf 83' lang='lat' dir='ltr'><strong>Papa,</strong></span> <span class='ocrx_word' id='word_1_511' title='bbox 3138 1562 3482 1620; x_wconf 87' lang='lat' dir='ltr'><strong>calliditatem</strong></span> <span class='ocrx_word' id='word_1_512' title='bbox 3509 1564 3628 1633; x_wconf 82' lang='lat' dir='ltr'><strong>ejus</strong></span> <span class='ocrx_word' id='word_1_513' title='bbox 3647 1564 3767 1634; x_wconf 89' lang='lat' dir='ltr'><strong>jam</strong></span> 
     </span>
    </p>
   </div>
   <div class='ocr_carea' id='block_1_74' title="bbox 2206 1643 3771 1722">
    <p class='ocr_par' dir='ltr' id='par_1_74' title="bbox 2206 1643 3771 1722">
     <span class='ocr_line' id='line_1_74' title="bbox 2206 1643 3771 1722; baseline 0.003 -17"><span class='ocrx_word' id='word_1_514' title='bbox 2206 1643 2339 1706; x_wconf 88' lang='lat' dir='ltr'><strong>satis</strong></span> <span class='ocrx_word' id='word_1_515' title='bbox 2389 1658 2677 1721; x_wconf 83' lang='lat' dir='ltr'><strong>expertus,</strong></span> <span class='ocrx_word' id='word_1_516' title='bbox 2720 1650 2869 1704; x_wconf 87' lang='lat' dir='ltr'><strong>nullo</strong></span> <span class='ocrx_word' id='word_1_517' title='bbox 2908 1649 3070 1705; x_wconf 86' lang='lat' dir='ltr'><strong>modo</strong></span> <span class='ocrx_word' id='word_1_518' title='bbox 3108 1652 3250 1706; x_wconf 86' lang='lat' dir='ltr'><strong>votis</strong></span> <span class='ocrx_word' id='word_1_519' title='bbox 3296 1652 3415 1722; x_wconf 86' lang='lat' dir='ltr'><strong>ejus</strong></span> <span class='ocrx_word' id='word_1_520' title='bbox 3457 1654 3628 1709; x_wconf 72' lang='lat' dir='ltr'><strong>voluit</strong></span> <span class='ocrx_word' id='word_1_521' title='bbox 3680 1671 3771 1711; x_wconf 86' lang='lat' dir='ltr'><strong>ac-</strong></span> 
     </span>
    </p>
   </div>
   <div class='ocr_carea' id='block_1_75' title="bbox 2205 1729 3769 1816">
    <p class='ocr_par' dir='ltr' id='par_1_75' title="bbox 2205 1729 3769 1816">
     <span class='ocr_line' id='line_1_75' title="bbox 2205 1729 3769 1816; baseline 0.003 -22"><span class='ocrx_word' id='word_1_522' title='bbox 2205 1739 2524 1810; x_wconf 86' lang='lat' dir='ltr'><strong>quiescere:</strong></span> <span class='ocrx_word' id='word_1_523' title='bbox 2552 1741 2836 1812; x_wconf 87' lang='lat' dir='ltr'><strong>diligenter</strong></span> <span class='ocrx_word' id='word_1_524' title='bbox 2867 1729 3052 1796; x_wconf 81' lang='lat' dir='ltr'><strong>secum</strong></span> <span class='ocrx_word' id='word_1_525' title='bbox 3098 1741 3214 1811; x_wconf 90' lang='lat' dir='ltr'><strong>ipse</strong></span> <span class='ocrx_word' id='word_1_526' title='bbox 3254 1753 3513 1813; x_wconf 83' lang='lat' dir='ltr'><strong>reputans</strong></span> <span class='ocrx_word' id='word_1_527' title='bbox 3548 1760 3609 1801; x_wconf 87' lang='lat' dir='ltr'><strong>se</strong></span> <span class='ocrx_word' id='word_1_528' title='bbox 3642 1746 3769 1816; x_wconf 86' lang='lat' dir='ltr'><strong>qui-</strong></span> 
     </span>
    </p>
   </div>
   <div class='ocr_carea' id='block_1_76' title="bbox 2206 1831 3769 1909">
    <p class='ocr_par' dir='ltr' id='par_1_76' title="bbox 2206 1831 3769 1909">
     <span class='ocr_line' id='line_1_76' title="bbox 2206 1831 3769 1909; baseline 0.004 -23"><span class='ocrx_word' id='word_1_529' title='bbox 2206 1831 2330 1887; x_wconf 81' lang='lat' dir='ltr'><strong>dem</strong></span> <span class='ocrx_word' id='word_1_530' title='bbox 2366 1846 2490 1886; x_wconf 89' lang='lat' dir='ltr'><strong>eum</strong></span> <span class='ocrx_word' id='word_1_531' title='bbox 2537 1845 2636 1902; x_wconf 92' lang='lat' dir='ltr'><strong>pro</strong></span> <span class='ocrx_word' id='word_1_532' title='bbox 2683 1831 2867 1887; x_wconf 91' lang='lat' dir='ltr'><strong>multis</strong></span> <span class='ocrx_word' id='word_1_533' title='bbox 2914 1832 3265 1901; x_wconf 89' lang='lat' dir='ltr'><strong>criminibus,</strong></span> <span class='ocrx_word' id='word_1_534' title='bbox 3314 1843 3369 1888; x_wconf 90' lang='lat' dir='ltr'><strong>et</strong></span> <span class='ocrx_word' id='word_1_535' title='bbox 3396 1836 3631 1893; x_wconf 85' lang='lat' dir='ltr'><strong>maxime</strong></span> <span class='ocrx_word' id='word_1_536' title='bbox 3661 1854 3769 1909; x_wconf 88' lang='lat' dir='ltr'><strong>pro</strong></span> 
     </span>
    </p>
   </div>
   <div class='ocr_carea' id='block_1_77' title="bbox 2203 1919 3767 2001">
    <p class='ocr_par' dir='ltr' id='par_1_77' title="bbox 2203 1919 3767 2001">
     <span class='ocr_line' id='line_1_77' title="bbox 2203 1919 3767 2001; baseline 0.007 -26"><span class='ocrx_word' id='word_1_537' title='bbox 2203 1919 2561 1977; x_wconf 89' lang='lat' dir='ltr'><strong>inobedientia</strong></span> <span class='ocrx_word' id='word_1_538' title='bbox 2579 1921 2978 1978; x_wconf 81' lang='lat' dir='ltr'><strong>etcontumacia</strong></span> <span class='ocrx_word' id='word_1_539' title='bbox 2991 1922 3311 1994; x_wconf 78' lang='lat' dir='ltr'><strong>Apostolica:</strong></span> <span class='ocrx_word' id='word_1_540' title='bbox 3322 1924 3479 1981; x_wconf 83' lang='lat' dir='ltr'><strong>Sedis</strong></span> <span class='ocrx_word' id='word_1_541' title='bbox 3499 1927 3735 2001; x_wconf 83' lang='lat' dir='ltr'><strong>irrogata</strong></span> <span class='ocrx_word' id='word_1_542' title='bbox 3744 1974 3767 1998; x_wconf 82' lang='lat'><strong>,</strong></span> 
     </span>
    </p>
   </div>
   <div class='ocr_carea' id='block_1_78' title="bbox 2202 2009 3767 2090">
    <p class='ocr_par' dir='ltr' id='par_1_78' title="bbox 2202 2009 3767 2090">
     <span class='ocr_line' id='line_1_78' title="bbox 2202 2009 3767 2090; baseline 0.007 -24"><span class='ocrx_word' id='word_1_543' title='bbox 2202 2026 2235 2066; x_wconf 88' lang='lat' dir='ltr'><strong>a</strong></span> <span class='ocrx_word' id='word_1_544' title='bbox 2264 2009 2449 2081; x_wconf 85' lang='lat' dir='ltr'><strong>chno</strong></span> <span class='ocrx_word' id='word_1_545' title='bbox 2481 2010 2814 2080; x_wconf 86' lang='lat' dir='ltr'><strong>deposuisse,</strong></span> <span class='ocrx_word' id='word_1_546' title='bbox 2854 2027 3150 2083; x_wconf 89' lang='lat' dir='ltr'><strong>omnesque</strong></span> <span class='ocrx_word' id='word_1_547' title='bbox 3186 2014 3236 2069; x_wconf 90' lang='lat' dir='ltr'><strong>ei</strong></span> <span class='ocrx_word' id='word_1_548' title='bbox 3271 2014 3487 2084; x_wconf 87' lang='lat' dir='ltr'><strong>juratos</strong></span> <span class='ocrx_word' id='word_1_549' title='bbox 3528 2018 3600 2074; x_wconf 90' lang='lat' dir='ltr'><strong>ab</strong></span> <span class='ocrx_word' id='word_1_550' title='bbox 3637 2020 3767 2090; x_wconf 87' lang='lat' dir='ltr'><strong>ejus</strong></span> 
     </span>
    </p>
   </div>
   <div class='ocr_carea' id='block_1_79' title="bbox 2202 2101 3769 2174">
    <p class='ocr_par' dir='ltr' id='par_1_79' title="bbox 2202 2101 3769 2174">
     <span class='ocr_line' id='line_1_79' title="bbox 2202 2101 3769 2174; baseline 0.007 -18"><span class='ocrx_word' id='word_1_551' title='bbox 2202 2101 2442 2157; x_wconf 80' lang='lat' dir='ltr'><strong>dominio</strong></span> <span class='ocrx_word' id='word_1_552' title='bbox 2477 2101 2676 2159; x_wconf 87' lang='lat' dir='ltr'><strong>liberos</strong></span> <span class='ocrx_word' id='word_1_553' title='bbox 2705 2103 3000 2158; x_wconf 86' lang='lat' dir='ltr'><strong>reddidisse</strong></span> <span class='ocrx_word' id='word_1_554' title='bbox 3036 2122 3049 2159; x_wconf 93' lang='lat'><strong>:</strong></span> <span class='ocrx_word' id='word_1_555' title='bbox 3084 2113 3141 2159; x_wconf 90' lang='lat' dir='ltr'><strong>et</strong></span> <span class='ocrx_word' id='word_1_556' title='bbox 3168 2105 3239 2159; x_wconf 91' lang='lat' dir='ltr'><strong>ob</strong></span> <span class='ocrx_word' id='word_1_557' title='bbox 3277 2106 3410 2174; x_wconf 81' lang='lat' dir='ltr'><strong>hoc,</strong></span> <span class='ocrx_word' id='word_1_558' title='bbox 3451 2110 3769 2167; x_wconf 85' lang='lat' dir='ltr'><strong>nullatenus</strong></span> 
     </span>
    </p>
   </div>
   <div class='ocr_carea' id='block_1_80' title="bbox 2200 2192 3769 2275">
    <p class='ocr_par' dir='ltr' id='par_1_80' title="bbox 2200 2192 3769 2275">
     <span class='ocr_line' id='line_1_80' title="bbox 2200 2192 3769 2275; baseline 0.008 -30"><span class='ocrx_word' id='word_1_559' title='bbox 2200 2206 2349 2257; x_wconf 89' lang='lat' dir='ltr'><strong>eum,</strong></span> <span class='ocrx_word' id='word_1_560' title='bbox 2373 2193 2516 2247; x_wconf 88' lang='lat' dir='ltr'><strong>sicut</strong></span> <span class='ocrx_word' id='word_1_561' title='bbox 2534 2207 2634 2247; x_wconf 88' lang='lat' dir='ltr'><strong>nec</strong></span> <span class='ocrx_word' id='word_1_562' title='bbox 2661 2192 2847 2258; x_wconf 89' lang='lat' dir='ltr'><strong>alium,</strong></span> <span class='ocrx_word' id='word_1_563' title='bbox 2875 2193 2929 2247; x_wconf 92' lang='lat' dir='ltr'><strong>in</strong></span> <span class='ocrx_word' id='word_1_564' title='bbox 2960 2192 3159 2275; x_wconf 74' lang='lat' dir='ltr'><strong>Regem</strong></span> <span class='ocrx_word' id='word_1_565' title='bbox 3180 2195 3540 2268; x_wconf 83' lang='lat' dir='ltr'><strong>Principibus,</strong></span> <span class='ocrx_word' id='word_1_566' title='bbox 3571 2212 3769 2272; x_wconf 83' lang='lat' dir='ltr'><strong>utpote</strong></span> 
     </span>
    </p>
   </div>
   <div class='ocr_carea' id='block_1_81' title="bbox 2202 2282 3766 2363">
    <p class='ocr_par' dir='ltr' id='par_1_81' title="bbox 2202 2282 3766 2363">
     <span class='ocr_line' id='line_1_81' title="bbox 2202 2282 3766 2363; baseline 0.005 -24"><span class='ocrx_word' id='word_1_567' title='bbox 2202 2283 2388 2339; x_wconf 89' lang='lat' dir='ltr'><strong>liberis</strong></span> <span class='ocrx_word' id='word_1_568' title='bbox 2405 2282 2734 2349; x_wconf 87' lang='lat' dir='ltr'><strong>hominibus,</strong></span> <span class='ocrx_word' id='word_1_569' title='bbox 2772 2285 3062 2354; x_wconf 83' lang='lat' dir='ltr'><strong>superponi</strong></span> <span class='ocrx_word' id='word_1_570' title='bbox 3087 2286 3302 2354; x_wconf 90' lang='lat' dir='ltr'><strong>debere,</strong></span> <span class='ocrx_word' id='word_1_571' title='bbox 3336 2289 3541 2359; x_wconf 88' lang='lat' dir='ltr'><strong>absque</strong></span> <span class='ocrx_word' id='word_1_572' title='bbox 3565 2306 3651 2363; x_wconf 71' lang='lat' dir='ltr'><strong>eo:</strong></span> <span class='ocrx_word' id='word_1_573' title='bbox 3666 2308 3766 2347; x_wconf 90' lang='lat' dir='ltr'><strong>um</strong></span> 
     </span>
    </p>
   </div>
   <div class='ocr_carea' id='block_1_82' title="bbox 2200 2368 3769 2451">
    <p class='ocr_par' dir='ltr' id='par_1_82' title="bbox 2200 2368 3769 2451">
     <span class='ocr_line' id='line_1_82' title="bbox 2200 2368 3769 2451; baseline 0.006 -25"><span class='ocrx_word' id='word_1_574' title='bbox 2200 2370 2478 2427; x_wconf 88' lang='lat' dir='ltr'><strong>electione.</strong></span> <span class='ocrx_word' id='word_1_575' title='bbox 2500 2368 2637 2426; x_wconf 85' lang='lat' dir='ltr'><strong>Nam</strong></span> <span class='ocrx_word' id='word_1_576' title='bbox 2666 2379 2721 2427; x_wconf 89' lang='lat' dir='ltr'><strong>et</strong></span> <span class='ocrx_word' id='word_1_577' title='bbox 2744 2386 2775 2426; x_wconf 90' lang='lat' dir='ltr'><strong>a</strong></span> <span class='ocrx_word' id='word_1_578' title='bbox 2797 2379 2912 2427; x_wconf 87' lang='lat' dir='ltr'><strong>toto</strong></span> <span class='ocrx_word' id='word_1_579' title='bbox 2934 2370 3121 2444; x_wconf 88' lang='lat' dir='ltr'><strong>Regno</strong></span> <span class='ocrx_word' id='word_1_580' title='bbox 3150 2374 3218 2430; x_wconf 88' lang='lat' dir='ltr'><strong>de</strong></span> <span class='ocrx_word' id='word_1_581' title='bbox 3239 2383 3321 2431; x_wconf 90' lang='lat' dir='ltr'><strong>tot</strong></span> <span class='ocrx_word' id='word_1_582' title='bbox 3338 2392 3403 2432; x_wconf 90' lang='lat' dir='ltr'><strong>ac</strong></span> <span class='ocrx_word' id='word_1_583' title='bbox 3431 2379 3598 2441; x_wconf 86' lang='lat' dir='ltr'><strong>tantis</strong></span> <span class='ocrx_word' id='word_1_584' title='bbox 3620 2380 3769 2451; x_wconf 85' lang='lat' dir='ltr'><strong>inju-</strong></span> 
     </span>
    </p>
   </div>
   <div class='ocr_carea' id='block_1_83' title="bbox 2201 2452 3770 2534">
    <p class='ocr_par' dir='ltr' id='par_1_83' title="bbox 2201 2452 3770 2534">
     <span class='ocr_line' id='line_1_83' title="bbox 2201 2452 3770 2534; baseline 0.007 -17"><span class='ocrx_word' id='word_1_585' title='bbox 2201 2460 2298 2517; x_wconf 88' lang='lat' dir='ltr'><strong>riis</strong></span> <span class='ocrx_word' id='word_1_586' title='bbox 2326 2475 2390 2516; x_wconf 86' lang='lat' dir='ltr'><strong>ac</strong></span> <span class='ocrx_word' id='word_1_587' title='bbox 2422 2459 2658 2530; x_wconf 80' lang='lat' dir='ltr'><strong>perﬁdiis</strong></span> <span class='ocrx_word' id='word_1_588' title='bbox 2695 2469 2815 2516; x_wconf 89' lang='lat' dir='ltr'><strong>erat</strong></span> <span class='ocrx_word' id='word_1_589' title='bbox 2851 2458 3175 2534; x_wconf 78' lang='lat' dir='ltr'><strong>inculpatus,</strong></span> <span class='ocrx_word' id='word_1_590' title='bbox 3212 2452 3271 2522; x_wconf 80' lang='lat' dir='ltr'><strong>ut</strong></span> <span class='ocrx_word' id='word_1_591' title='bbox 3295 2467 3363 2523; x_wconf 92' lang='lat' dir='ltr'><strong>de</strong></span> <span class='ocrx_word' id='word_1_592' title='bbox 3396 2469 3485 2525; x_wconf 86' lang='lat' dir='ltr'><strong>bis</strong></span> <span class='ocrx_word' id='word_1_593' title='bbox 3516 2485 3643 2526; x_wconf 89' lang='lat' dir='ltr'><strong>cum</strong></span> <span class='ocrx_word' id='word_1_594' title='bbox 3670 2488 3770 2528; x_wconf 51' lang='lat' dir='ltr'><strong>ne.</strong></span> 
     </span>
    </p>
   </div>
   <div class='ocr_carea' id='block_1_84' title="bbox 2200 2548 3768 2632">
    <p class='ocr_par' dir='ltr' id='par_1_84' title="bbox 2200 2548 3768 2632">
     <span class='ocr_line' id='line_1_84' title="bbox 2200 2548 3768 2632; baseline 0.008 -28"><span class='ocrx_word' id='word_1_595' title='bbox 2200 2563 2351 2605; x_wconf 86' lang='lat' dir='ltr'><strong>cesse</strong></span> <span class='ocrx_word' id='word_1_596' title='bbox 2372 2555 2515 2604; x_wconf 90' lang='lat' dir='ltr'><strong>esset</strong></span> <span class='ocrx_word' id='word_1_597' title='bbox 2536 2548 2786 2618; x_wconf 89' lang='lat' dir='ltr'><strong>primitus</strong></span> <span class='ocrx_word' id='word_1_598' title='bbox 2805 2553 3090 2622; x_wconf 85' lang='lat' dir='ltr'><strong>cxpurgari</strong></span> <span class='ocrx_word' id='word_1_599' title='bbox 3122 2554 3189 2623; x_wconf 90' lang='lat' dir='ltr'><strong>(si</strong></span> <span class='ocrx_word' id='word_1_600' title='bbox 3212 2563 3391 2611; x_wconf 90' lang='lat' dir='ltr'><strong>tamen</strong></span> <span class='ocrx_word' id='word_1_601' title='bbox 3418 2558 3523 2614; x_wconf 83' lang='lat' dir='ltr'><strong>hoc</strong></span> <span class='ocrx_word' id='word_1_602' title='bbox 3554 2562 3768 2632; x_wconf 87' lang='lat' dir='ltr'><strong>aliqua-</strong></span> 
     </span>
    </p>
   </div>
   <div class='ocr_carea' id='block_1_85' title="bbox 2201 2637 3764 2710">
    <p class='ocr_par' dir='ltr' id='par_1_85' title="bbox 2201 2637 3764 2710">
     <span class='ocr_line' id='line_1_85' title="bbox 2201 2637 3764 2710; baseline 0.009 -17"><span class='ocrx_word' id='word_1_603' title='bbox 2201 2647 2358 2695; x_wconf 88' lang='lat' dir='ltr'><strong>tenus</strong></span> <span class='ocrx_word' id='word_1_604' title='bbox 2395 2647 2580 2710; x_wconf 91' lang='lat' dir='ltr'><strong>posset</strong></span> <span class='ocrx_word' id='word_1_605' title='bbox 2622 2637 2759 2710; x_wconf 79' lang='lat' dir='ltr'><strong>lieri)</strong></span> <span class='ocrx_word' id='word_1_606' title='bbox 2807 2646 2863 2695; x_wconf 85' lang='lat' dir='ltr'><strong>et</strong></span> <span class='ocrx_word' id='word_1_607' title='bbox 2909 2641 2988 2696; x_wconf 90' lang='lat' dir='ltr'><strong>sic</strong></span> <span class='ocrx_word' id='word_1_608' title='bbox 3033 2642 3253 2698; x_wconf 88' lang='lat' dir='ltr'><strong>demum</strong></span> <span class='ocrx_word' id='word_1_609' title='bbox 3308 2660 3434 2700; x_wconf 90' lang='lat' dir='ltr'><strong>cum</strong></span> <span class='ocrx_word' id='word_1_610' title='bbox 3482 2663 3764 2707; x_wconf 86' lang='lat' dir='ltr'><strong>consensu</strong></span> 
     </span>
    </p>
   </div>
   <div class='ocr_carea' id='block_1_86' title="bbox 2200 2716 3767 2807">
    <p class='ocr_par' dir='ltr' id='par_1_86' title="bbox 2200 2716 3767 2807">
     <span class='ocr_line' id='line_1_86' title="bbox 2200 2716 3767 2807; baseline 0.008 -25"><span class='ocrx_word' id='word_1_611' title='bbox 2200 2729 2366 2783; x_wconf 84' lang='lat' dir='ltr'><strong>totius</strong></span> <span class='ocrx_word' id='word_1_612' title='bbox 2398 2727 2569 2798; x_wconf 85' lang='lat' dir='ltr'><strong>Regni</strong></span> <span class='ocrx_word' id='word_1_613' title='bbox 2607 2716 2841 2799; x_wconf 83' lang='lat' dir='ltr'><strong>legitime</strong></span> <span class='ocrx_word' id='word_1_614' title='bbox 2874 2730 3148 2803; x_wconf 63' lang='lat' dir='ltr'><strong>coronari.</strong></span> <span class='ocrx_word' id='word_1_615' title='bbox 3194 2731 3305 2807; x_wconf 74' lang='lat' dir='ltr'><strong>Rex</strong></span> <span class='ocrx_word' id='word_1_616' title='bbox 3339 2734 3502 2805; x_wconf 84' lang='lat' dir='ltr'><strong>igitur</strong></span> <span class='ocrx_word' id='word_1_617' title='bbox 3534 2753 3599 2793; x_wconf 89' lang='lat' dir='ltr'><strong>ea</strong></span> <span class='ocrx_word' id='word_1_618' title='bbox 3638 2740 3767 2796; x_wconf 80' lang='lat' dir='ltr'><strong>vice</strong></span> 
     </span>
    </p>
   </div>
   <div class='ocr_carea' id='block_1_87' title="bbox 2156 2817 3769 2898">
    <p class='ocr_par' dir='ltr' id='par_1_87' title="bbox 2156 2817 3769 2898">
     <span class='ocr_line' id='line_1_87' title="bbox 2156 2817 3769 2898; baseline 0.011 -30"><span class='ocrx_word' id='word_1_619' title='bbox 2156 2860 2165 2868; x_wconf 85' lang='lat'><strong>.</strong></span> <span class='ocrx_word' id='word_1_620' title='bbox 2200 2833 2414 2889; x_wconf 89' lang='lat' dir='ltr'><strong>quoque</strong></span> <span class='ocrx_word' id='word_1_621' title='bbox 2452 2817 2703 2873; x_wconf 87' lang='lat' dir='ltr'><strong>simulata</strong></span> <span class='ocrx_word' id='word_1_622' title='bbox 2727 2819 3030 2876; x_wconf 84' lang='lat' dir='ltr'><strong>obedientia</strong></span> <span class='ocrx_word' id='word_1_623' title='bbox 3054 2822 3195 2892; x_wconf 86' lang='lat' dir='ltr'><strong>apud</strong></span> <span class='ocrx_word' id='word_1_624' title='bbox 3236 2823 3348 2894; x_wconf 91' lang='lat'><strong>(77)</strong></span> <span class='ocrx_word' id='word_1_625' title='bbox 3369 2824 3622 2898; x_wconf 78' lang='lat' dir='ltr'><strong>Moytiam</strong></span> <span class='ocrx_word' id='word_1_626' title='bbox 3659 2828 3769 2884; x_wconf 86' lang='lat' dir='ltr'><strong>Re-</strong></span> 
     </span>
    </p>
   </div>
   <div class='ocr_carea' id='block_1_88' title="bbox 2199 2907 3767 2981">
    <p class='ocr_par' dir='ltr' id='par_1_88' title="bbox 2199 2907 3767 2981">
     <span class='ocr_line' id='line_1_88' title="bbox 2199 2907 3767 2981; baseline 0.007 -19"><span class='ocrx_word' id='word_1_627' title='bbox 2199 2908 2338 2979; x_wconf 86' lang='lat' dir='ltr'><strong>galia</strong></span> <span class='ocrx_word' id='word_1_628' title='bbox 2362 2907 2592 2978; x_wconf 85' lang='lat' dir='ltr'><strong>insignia</strong></span> <span class='ocrx_word' id='word_1_629' title='bbox 2611 2922 2721 2963; x_wconf 88' lang='lat' dir='ltr'><strong>non</strong></span> <span class='ocrx_word' id='word_1_630' title='bbox 2744 2909 3025 2978; x_wconf 88' lang='lat' dir='ltr'><strong>usurpavit</strong></span> <span class='ocrx_word' id='word_1_631' title='bbox 3052 2930 3065 2965; x_wconf 92' lang='lat'>:</span> <span class='ocrx_word' id='word_1_632' title='bbox 3096 2923 3217 2981; x_wconf 72' lang='lat' dir='ltr'><strong>qua:</strong></span> <span class='ocrx_word' id='word_1_633' title='bbox 3242 2921 3421 2968; x_wconf 89' lang='lat' dir='ltr'><strong>tamen</strong></span> <span class='ocrx_word' id='word_1_634' title='bbox 3448 2931 3557 2971; x_wconf 83' lang='lat' dir='ltr'><strong>non</strong></span> <span class='ocrx_word' id='word_1_635' title='bbox 3581 2919 3767 2973; x_wconf 87' lang='lat' dir='ltr'><strong>multo</strong></span> 
     </span>
    </p>
   </div>
   <div class='ocr_carea' id='block_1_89' title="bbox 2199 2998 3766 3074">
    <p class='ocr_par' dir='ltr' id='par_1_89' title="bbox 2199 2998 3766 3074">
     <span class='ocr_line' id='line_1_89' title="bbox 2199 2998 3766 3074; baseline 0.008 -22"><span class='ocrx_word' id='word_1_636' title='bbox 2199 3006 2322 3068; x_wconf 88' lang='lat' dir='ltr'><strong>post</strong></span> <span class='ocrx_word' id='word_1_637' title='bbox 2342 3007 2530 3053; x_wconf 89' lang='lat' dir='ltr'><strong>contra</strong></span> <span class='ocrx_word' id='word_1_638' title='bbox 2554 2998 2792 3054; x_wconf 89' lang='lat' dir='ltr'><strong>bannum</strong></span> <span class='ocrx_word' id='word_1_639' title='bbox 2820 2998 3027 3055; x_wconf 92' lang='lat' dir='ltr'><strong>domini</strong></span> <span class='ocrx_word' id='word_1_640' title='bbox 3059 2999 3217 3072; x_wconf 73' lang='lat' dir='ltr'><strong>Papae</strong></span> <span class='ocrx_word' id='word_1_641' title='bbox 3259 3018 3555 3074; x_wconf 88' lang='lat' dir='ltr'><strong>resumere,</strong></span> <span class='ocrx_word' id='word_1_642' title='bbox 3583 3017 3639 3062; x_wconf 90' lang='lat' dir='ltr'><strong>ct</strong></span> <span class='ocrx_word' id='word_1_643' title='bbox 3677 3009 3766 3064; x_wconf 82' lang='lat' dir='ltr'><strong>in—</strong></span> 
     </span>
    </p>
   </div>
   <div class='ocr_carea' id='block_1_90' title="bbox 2201 3086 3647 3162">
    <p class='ocr_par' dir='ltr' id='par_1_90' title="bbox 2201 3086 3647 3162">
     <span class='ocr_line' id='line_1_90' title="bbox 2201 3086 3647 3162; baseline 0.007 -20"><span class='ocrx_word' id='word_1_644' title='bbox 2201 3086 2423 3142; x_wconf 83' lang='lat' dir='ltr'><strong>terdicta</strong></span> <span class='ocrx_word' id='word_1_645' title='bbox 2444 3087 2615 3159; x_wconf 87' lang='lat' dir='ltr'><strong>Regni</strong></span> <span class='ocrx_word' id='word_1_646' title='bbox 2641 3089 3006 3159; x_wconf 71' lang='lat' dir='ltr'><strong>gubernacula</strong></span> <span class='ocrx_word' id='word_1_647' title='bbox 3029 3105 3293 3162; x_wconf 88' lang='lat' dir='ltr'><strong>usurpare</strong></span> <span class='ocrx_word' id='word_1_648' title='bbox 3312 3110 3420 3149; x_wconf 88' lang='lat' dir='ltr'><strong>non</strong></span> <span class='ocrx_word' id='word_1_649' title='bbox 3446 3097 3647 3153; x_wconf 89' lang='lat' dir='ltr'><strong>timuit.</strong></span> 
     </span>
    </p>
   </div>
   <div class='ocr_carea' id='block_1_91' title="bbox 2270 3175 3767 3253">
    <p class='ocr_par' dir='ltr' id='par_1_91' title="bbox 2270 3175 3767 3253">
     <span class='ocr_line' id='line_1_91' title="bbox 2270 3175 3767 3253; baseline 0.01 -23"><span class='ocrx_word' id='word_1_650' title='bbox 2270 3176 2355 3231; x_wconf 89' lang='lat'><strong>78.</strong></span> <span class='ocrx_word' id='word_1_651' title='bbox 2394 3175 2613 3234; x_wconf 84' lang='lat' dir='ltr'><strong>Interim</strong></span> <span class='ocrx_word' id='word_1_652' title='bbox 2646 3180 2909 3235; x_wconf 87' lang='lat' dir='ltr'><strong>transibat</strong></span> <span class='ocrx_word' id='word_1_653' title='bbox 2928 3182 3211 3252; x_wconf 89' lang='lat' dir='ltr'><strong>terminus,</strong></span> <span class='ocrx_word' id='word_1_654' title='bbox 3245 3198 3405 3253; x_wconf 88' lang='lat' dir='ltr'><strong>quem</strong></span> <span class='ocrx_word' id='word_1_655' title='bbox 3445 3202 3536 3242; x_wconf 90' lang='lat' dir='ltr'><strong>rex</strong></span> <span class='ocrx_word' id='word_1_656' title='bbox 3565 3202 3767 3245; x_wconf 82' lang='lat' dir='ltr'><strong>coram</strong></span> 
     </span>
    </p>
   </div>
   <div class='ocr_carea' id='block_1_92' title="bbox 2199 3264 3766 3350">
    <p class='ocr_par' dir='ltr' id='par_1_92' title="bbox 2199 3264 3766 3350">
     <span class='ocr_line' id='line_1_92' title="bbox 2199 3264 3766 3350; baseline 0.01 -30"><span class='ocrx_word' id='word_1_657' title='bbox 2199 3264 2411 3337; x_wconf 85' lang='lat' dir='ltr'><strong>Legatis</strong></span> <span class='ocrx_word' id='word_1_658' title='bbox 2439 3269 2764 3339; x_wconf 65' lang='lat' dir='ltr'><strong>Apostolicaa</strong></span> <span class='ocrx_word' id='word_1_659' title='bbox 2785 3268 2941 3326; x_wconf 90' lang='lat' dir='ltr'><strong>Sedis</strong></span> <span class='ocrx_word' id='word_1_660' title='bbox 2961 3285 3086 3326; x_wconf 93' lang='lat' dir='ltr'><strong>cum</strong></span> <span class='ocrx_word' id='word_1_661' title='bbox 3111 3271 3462 3348; x_wconf 81' lang='lat' dir='ltr'><strong>Principibus</strong></span> <span class='ocrx_word' id='word_1_662' title='bbox 3492 3276 3665 3350; x_wconf 87' lang='lat' dir='ltr'><strong>Regni</strong></span> <span class='ocrx_word' id='word_1_663' title='bbox 3688 3284 3766 3337; x_wconf 84' lang='lat' dir='ltr'><strong>ad</strong></span> 
     </span>
    </p>
   </div>
   <div class='ocr_carea' id='block_1_93' title="bbox 2197 3353 3767 3436">
    <p class='ocr_par' dir='ltr' id='par_1_93' title="bbox 2197 3353 3767 3436">
     <span class='ocr_line' id='line_1_93' title="bbox 2197 3353 3767 3436; baseline 0.01 -26"><span class='ocrx_word' id='word_1_664' title='bbox 2197 3356 2492 3428; x_wconf 80' lang='lat' dir='ltr'><strong>Augustam</strong></span> <span class='ocrx_word' id='word_1_665' title='bbox 2524 3359 2579 3414; x_wconf 92' lang='lat' dir='ltr'><strong>in</strong></span> <span class='ocrx_word' id='word_1_666' title='bbox 2603 3357 2986 3415; x_wconf 82' lang='lat' dir='ltr'><strong>Puriﬁcatione</strong></span> <span class='ocrx_word' id='word_1_667' title='bbox 3019 3358 3076 3415; x_wconf 86' lang='lat' dir='ltr'><strong>S.</strong></span> <span class='ocrx_word' id='word_1_668' title='bbox 3113 3360 3296 3419; x_wconf 76' lang='lat' dir='ltr'><strong>Maria:</strong></span> <span class='ocrx_word' id='word_1_669' title='bbox 3324 3353 3660 3436; x_wconf 82' lang='lat' dir='ltr'><strong>condixerat,</strong></span> <span class='ocrx_word' id='word_1_670' title='bbox 3687 3370 3767 3426; x_wconf 78' lang='lat' dir='ltr'><strong>ad</strong></span> 
     </span>
    </p>
   </div>
   <div class='ocr_carea' id='block_1_94' title="bbox 2198 3448 3768 3528">
    <p class='ocr_par' dir='ltr' id='par_1_94' title="bbox 2198 3448 3768 3528">
     <span class='ocr_line' id='line_1_94' title="bbox 2198 3448 3768 3528; baseline 0.011 -29"><span class='ocrx_word' id='word_1_671' title='bbox 2198 3461 2357 3516; x_wconf 88' lang='lat' dir='ltr'><strong>quem</strong></span> <span class='ocrx_word' id='word_1_672' title='bbox 2396 3448 2510 3518; x_wconf 89' lang='lat' dir='ltr'><strong>jam</strong></span> <span class='ocrx_word' id='word_1_673' title='bbox 2547 3448 2692 3520; x_wconf 87' lang='lat' dir='ltr'><strong>Papa</strong></span> <span class='ocrx_word' id='word_1_674' title='bbox 2732 3451 2918 3505; x_wconf 83' lang='lat' dir='ltr'><strong>venire</strong></span> <span class='ocrx_word' id='word_1_675' title='bbox 2970 3463 3291 3522; x_wconf 87' lang='lat' dir='ltr'><strong>conceperat</strong></span> <span class='ocrx_word' id='word_1_676' title='bbox 3327 3474 3340 3508; x_wconf 91' lang='lat'><strong>:</strong></span> <span class='ocrx_word' id='word_1_677' title='bbox 3387 3465 3442 3512; x_wconf 91' lang='lat' dir='ltr'><strong>et</strong></span> <span class='ocrx_word' id='word_1_678' title='bbox 3473 3458 3586 3528; x_wconf 88' lang='lat' dir='ltr'><strong>jam</strong></span> <span class='ocrx_word' id='word_1_679' title='bbox 3623 3461 3768 3517; x_wconf 89' lang='lat' dir='ltr'><strong>illuc</strong></span> 
     </span>
    </p>
   </div>
   <div class='ocr_carea' id='block_1_95' title="bbox 2197 3538 3769 3609">
    <p class='ocr_par' dir='ltr' id='par_1_95' title="bbox 2197 3538 3769 3609">
     <span class='ocr_line' id='line_1_95' title="bbox 2197 3538 3769 3609; baseline 0.013 -19"><span class='ocrx_word' id='word_1_680' title='bbox 2197 3538 2547 3608; x_wconf 83' lang='lat' dir='ltr'><strong>pervenisset,</strong></span> <span class='ocrx_word' id='word_1_681' title='bbox 2576 3540 2622 3596; x_wconf 88' lang='lat' dir='ltr'><strong>si</strong></span> <span class='ocrx_word' id='word_1_682' title='bbox 2643 3556 2753 3596; x_wconf 92' lang='lat' dir='ltr'><strong>non</strong></span> <span class='ocrx_word' id='word_1_683' title='bbox 2784 3540 2925 3595; x_wconf 91' lang='lat' dir='ltr'><strong>idem</strong></span> <span class='ocrx_word' id='word_1_684' title='bbox 2960 3538 3103 3607; x_wconf 84' lang='lat' dir='ltr'><strong>Rex,</strong></span> <span class='ocrx_word' id='word_1_685' title='bbox 3134 3552 3323 3599; x_wconf 90' lang='lat' dir='ltr'><strong>contra</strong></span> <span class='ocrx_word' id='word_1_686' title='bbox 3352 3561 3642 3605; x_wconf 88' lang='lat' dir='ltr'><strong>commune</strong></span> <span class='ocrx_word' id='word_1_687' title='bbox 3667 3554 3769 3609; x_wconf 86' lang='lat' dir='ltr'><strong>de-</strong></span> 
     </span>
    </p>
   </div>
   <div class='ocr_carea' id='block_1_96' title="bbox 2198 3630 3768 3702">
    <p class='ocr_par' dir='ltr' id='par_1_96' title="bbox 2198 3630 3768 3702">
     <span class='ocr_line' id='line_1_96' title="bbox 2198 3630 3768 3702; baseline 0.01 -21"><span class='ocrx_word' id='word_1_688' title='bbox 2198 3635 2403 3683; x_wconf 89' lang='lat' dir='ltr'><strong>cretum</strong></span> <span class='ocrx_word' id='word_1_689' title='bbox 2462 3631 2702 3685; x_wconf 88' lang='lat' dir='ltr'><strong>omnium</strong></span> <span class='ocrx_word' id='word_1_690' title='bbox 2758 3630 3037 3701; x_wconf 87' lang='lat' dir='ltr'><strong>ingressus</strong></span> <span class='ocrx_word' id='word_1_691' title='bbox 3095 3630 3343 3702; x_wconf 82' lang='lat' dir='ltr'><strong>Italiam,</strong></span> <span class='ocrx_word' id='word_1_692' title='bbox 3390 3640 3768 3701; x_wconf 79' lang='lat' dir='ltr'><strong>conducturos</strong></span> 
     </span>
    </p>
   </div>
   <div class='ocr_carea' id='block_1_97' title="bbox 2198 3706 3769 3796">
    <p class='ocr_par' dir='ltr' id='par_1_97' title="bbox 2198 3706 3769 3796">
     <span class='ocr_line' id='line_1_97' title="bbox 2198 3706 3769 3796; baseline 0.01 -25"><span class='ocrx_word' id='word_1_693' title='bbox 2198 3716 2565 3787; x_wconf 84' lang='lat' dir='ltr'><strong>Apostolicum</strong></span> <span class='ocrx_word' id='word_1_694' title='bbox 2586 3734 2619 3775; x_wconf 89' lang='lat' dir='ltr'><strong>a</strong></span> <span class='ocrx_word' id='word_1_695' title='bbox 2645 3720 2912 3774; x_wconf 90' lang='lat' dir='ltr'><strong>conductu</strong></span> <span class='ocrx_word' id='word_1_696' title='bbox 2929 3706 3284 3778; x_wconf 85' lang='lat' dir='ltr'><strong>deterruisset</strong></span> <span class='ocrx_word' id='word_1_697' title='bbox 3314 3742 3327 3777; x_wconf 90' lang='lat'><strong>:</strong></span> <span class='ocrx_word' id='word_1_698' title='bbox 3364 3727 3654 3796; x_wconf 87' lang='lat' dir='ltr'><strong>terminus,</strong></span> <span class='ocrx_word' id='word_1_699' title='bbox 3679 3731 3769 3787; x_wconf 80' lang='lat' dir='ltr'><strong>in—</strong></span> 
     </span>
    </p>
   </div>
   <div class='ocr_carea' id='block_1_98' title="bbox 2198 3807 3769 3883">
    <p class='ocr_par' dir='ltr' id='par_1_98' title="bbox 2198 3807 3769 3883">
     <span class='ocr_line' id='line_1_98' title="bbox 2198 3807 3769 3883; baseline 0.011 -23"><span class='ocrx_word' id='word_1_700' title='bbox 2198 3822 2394 3878; x_wconf 88' lang='lat' dir='ltr'><strong>quam,</strong></span> <span class='ocrx_word' id='word_1_701' title='bbox 2442 3808 2536 3863; x_wconf 89' lang='lat' dir='ltr'><strong>ubi</strong></span> <span class='ocrx_word' id='word_1_702' title='bbox 2576 3824 2761 3864; x_wconf 88' lang='lat' dir='ltr'><strong>coram</strong></span> <span class='ocrx_word' id='word_1_703' title='bbox 2808 3807 3120 3878; x_wconf 79' lang='lat' dir='ltr'><strong>Apostolico</strong></span> <span class='ocrx_word' id='word_1_704' title='bbox 3168 3811 3223 3866; x_wconf 92' lang='lat' dir='ltr'><strong>in</strong></span> <span class='ocrx_word' id='word_1_705' title='bbox 3269 3815 3539 3883; x_wconf 86' lang='lat' dir='ltr'><strong>audientia</strong></span> <span class='ocrx_word' id='word_1_706' title='bbox 3586 3822 3769 3879; x_wconf 81' lang='lat' dir='ltr'><strong>totius</strong></span> 
     </span>
    </p>
   </div>
   <div class='ocr_carea' id='block_1_99' title="bbox 2201 3896 3767 3979">
    <p class='ocr_par' dir='ltr' id='par_1_99' title="bbox 2201 3896 3767 3979">
     <span class='ocr_line' id='line_1_99' title="bbox 2201 3896 3767 3979; baseline 0.011 -29"><span class='ocrx_word' id='word_1_707' title='bbox 2201 3896 2367 3967; x_wconf 87' lang='lat' dir='ltr'><strong>Regni</strong></span> <span class='ocrx_word' id='word_1_708' title='bbox 2401 3898 2657 3953; x_wconf 89' lang='lat' dir='ltr'><strong>canonice</strong></span> <span class='ocrx_word' id='word_1_709' title='bbox 2694 3901 2761 3953; x_wconf 91' lang='lat' dir='ltr'><strong>dc</strong></span> <span class='ocrx_word' id='word_1_710' title='bbox 2796 3899 3115 3956; x_wconf 88' lang='lat' dir='ltr'><strong>criminibus</strong></span> <span class='ocrx_word' id='word_1_711' title='bbox 3147 3902 3310 3961; x_wconf 88' lang='lat' dir='ltr'><strong>illatis</strong></span> <span class='ocrx_word' id='word_1_712' title='bbox 3331 3898 3663 3979; x_wconf 17' lang='lat' dir='ltr'><strong>&quot;expurgari,</strong></span> <span class='ocrx_word' id='word_1_713' title='bbox 3708 3916 3767 3968; x_wconf 88' lang='lat' dir='ltr'><strong>si</strong></span> 
     </span>
    </p>
   </div>
   <div class='ocr_carea' id='block_1_100' title="bbox 2199 3985 3767 4070">
    <p class='ocr_par' dir='ltr' id='par_1_100' title="bbox 2199 3985 3767 4070">
     <span class='ocr_line' id='line_1_100' title="bbox 2199 3985 3767 4070; baseline 0.011 -31"><span class='ocrx_word' id='word_1_714' title='bbox 2199 3985 2536 4056; x_wconf 88' lang='lat' dir='ltr'><strong>inculpabilis</strong></span> <span class='ocrx_word' id='word_1_715' title='bbox 2556 3996 2723 4055; x_wconf 88' lang='lat' dir='ltr'><strong>esset,</strong></span> <span class='ocrx_word' id='word_1_716' title='bbox 2770 3998 3099 4059; x_wconf 84' lang='lat' dir='ltr'><strong>expurgatus</strong></span> <span class='ocrx_word' id='word_1_717' title='bbox 3135 3992 3369 4062; x_wconf 85' lang='lat' dir='ltr'><strong>legitime</strong></span> <span class='ocrx_word' id='word_1_718' title='bbox 3398 3997 3452 4052; x_wconf 91' lang='lat' dir='ltr'><strong>in</strong></span> <span class='ocrx_word' id='word_1_719' title='bbox 3484 3998 3767 4070; x_wconf 86' lang='lat' dir='ltr'><strong>Regnum,</strong></span> 
     </span>
    </p>
   </div>
   <div class='ocr_carea' id='block_1_101' title="bbox 2199 4078 3767 4162">
    <p class='ocr_par' dir='ltr' id='par_1_101' title="bbox 2199 4078 3767 4162">
     <span class='ocr_line' id='line_1_101' title="bbox 2199 4078 3767 4162; baseline 0.01 -31"><span class='ocrx_word' id='word_1_720' title='bbox 2199 4092 2321 4131; x_wconf 86' lang='lat' dir='ltr'><strong>eum</strong></span> <span class='ocrx_word' id='word_1_721' title='bbox 2353 4092 2619 4132; x_wconf 89' lang='lat' dir='ltr'><strong>consensu</strong></span> <span class='ocrx_word' id='word_1_722' title='bbox 2651 4078 2929 4143; x_wconf 88' lang='lat' dir='ltr'><strong>omnium,</strong></span> <span class='ocrx_word' id='word_1_723' title='bbox 2966 4080 3174 4135; x_wconf 89' lang='lat' dir='ltr'><strong>restitui</strong></span> <span class='ocrx_word' id='word_1_724' title='bbox 3215 4096 3440 4153; x_wconf 86' lang='lat' dir='ltr'><strong>posset:</strong></span> <span class='ocrx_word' id='word_1_725' title='bbox 3477 4088 3544 4143; x_wconf 89' lang='lat' dir='ltr'><strong>ad</strong></span> <span class='ocrx_word' id='word_1_726' title='bbox 3589 4107 3767 4162; x_wconf 81' lang='lat' dir='ltr'><strong>quem</strong></span> 
     </span>
    </p>
   </div>
   <div class='ocr_carea' id='block_1_102' title="bbox 2188 4166 3764 4246">
    <p class='ocr_par' dir='ltr' id='par_1_102' title="bbox 2188 4166 3764 4246">
     <span class='ocr_line' id='line_1_102' title="bbox 2188 4166 3764 4246; baseline 0.013 -27"><span class='ocrx_word' id='word_1_727' title='bbox 2188 4166 2313 4236; x_wconf 82' lang='lat' dir='ltr'><strong>ipse</strong></span> <span class='ocrx_word' id='word_1_728' title='bbox 2342 4167 2525 4221; x_wconf 86' lang='lat' dir='ltr'><strong>venire</strong></span> <span class='ocrx_word' id='word_1_729' title='bbox 2556 4169 2898 4239; x_wconf 87' lang='lat' dir='ltr'><strong>contempsit,</strong></span> <span class='ocrx_word' id='word_1_730' title='bbox 2922 4171 3031 4225; x_wconf 89' lang='lat' dir='ltr'><strong>imo</strong></span> <span class='ocrx_word' id='word_1_731' title='bbox 3058 4188 3169 4228; x_wconf 67' lang='lat' dir='ltr'><strong>suae</strong></span> <span class='ocrx_word' id='word_1_732' title='bbox 3193 4189 3372 4245; x_wconf 74' lang='lat' dir='ltr'><strong>causze</strong></span> <span class='ocrx_word' id='word_1_733' title='bbox 3392 4177 3618 4246; x_wconf 78' lang='lat' dir='ltr'><strong>Ciﬂisus,</strong></span> <span class='ocrx_word' id='word_1_734' title='bbox 3644 4198 3764 4239; x_wconf 83' lang='lat' dir='ltr'><strong>non</strong></span> 
     </span>
    </p>
   </div>
   <div class='ocr_carea' id='block_1_103' title="bbox 2198 4256 3769 4336">
    <p class='ocr_par' dir='ltr' id='par_1_103' title="bbox 2198 4256 3769 4336">
     <span class='ocr_line' id='line_1_103' title="bbox 2198 4256 3769 4336; baseline 0.016 -31"><span class='ocrx_word' id='word_1_735' title='bbox 2198 4256 2563 4336; x_wconf 70' lang='lat' dir='ltr'><strong>praesumpsit;</strong></span> <span class='ocrx_word' id='word_1_736' title='bbox 2599 4266 2652 4311; x_wconf 90' lang='lat' dir='ltr'><strong>et</strong></span> <span class='ocrx_word' id='word_1_737' title='bbox 2671 4256 2893 4327; x_wconf 85' lang='lat' dir='ltr'><strong>Papam,</strong></span> <span class='ocrx_word' id='word_1_738' title='bbox 2927 4276 2993 4314; x_wconf 88' lang='lat' dir='ltr'><strong>ne</strong></span> <span class='ocrx_word' id='word_1_739' title='bbox 3016 4263 3098 4316; x_wconf 85' lang='lat' dir='ltr'><strong>vel</strong></span> <span class='ocrx_word' id='word_1_740' title='bbox 3123 4264 3250 4320; x_wconf 87' lang='lat' dir='ltr'><strong>illuc</strong></span> <span class='ocrx_word' id='word_1_741' title='bbox 3285 4269 3512 4336; x_wconf 80' lang='lat' dir='ltr'><strong>veniret,</strong></span> <span class='ocrx_word' id='word_1_742' title='bbox 3535 4271 3769 4329; x_wconf 73' lang='lat' dir='ltr'><strong>fraudu-</strong></span> 
     </span>
    </p>
   </div>
   <div class='ocr_carea' id='block_1_104' title="bbox 2199 4342 3278 4428">
    <p class='ocr_par' dir='ltr' id='par_1_104' title="bbox 2199 4342 3278 4428">
     <span class='ocr_line' id='line_1_104' title="bbox 2199 4342 3278 4428; baseline 0.012 -33"><span class='ocrx_word' id='word_1_743' title='bbox 2199 4342 2368 4397; x_wconf 85' lang='lat' dir='ltr'><strong>lenter</strong></span> <span class='ocrx_word' id='word_1_744' title='bbox 2390 4343 2444 4397; x_wconf 89' lang='lat' dir='ltr'><strong>in</strong></span> <span class='ocrx_word' id='word_1_745' title='bbox 2466 4343 2834 4428; x_wconf 82' lang='lat' dir='ltr'><strong>Langobardia</strong></span> <span class='ocrx_word' id='word_1_746' title='bbox 2864 4354 3278 4422; x_wconf 64' lang='lat' dir='ltr'><strong>praeoccupavit.</strong></span> 
     </span>
    </p>
   </div>
   <div class='ocr_carea' id='block_1_105' title="bbox 2271 4474 3767 4564">
    <p class='ocr_par' dir='ltr' id='par_1_105' title="bbox 2271 4474 3767 4564">
     <span class='ocr_line' id='line_1_105' title="bbox 2271 4474 3767 4564; baseline 0.016 -37"><span class='ocrx_word' id='word_1_747' title='bbox 2271 4474 2365 4564; x_wconf 7' lang='lat'><strong>79.,</strong></span> <span class='ocrx_word' id='word_1_748' title='bbox 2395 4474 2530 4531; x_wconf 89' lang='lat' dir='ltr'><strong>Cum</strong></span> <span class='ocrx_word' id='word_1_749' title='bbox 2553 4478 2715 4549; x_wconf 89' lang='lat' dir='ltr'><strong>igitur</strong></span> <span class='ocrx_word' id='word_1_750' title='bbox 2752 4481 3031 4554; x_wconf 85' lang='lat' dir='ltr'><strong>Principes</strong></span> <span class='ocrx_word' id='word_1_751' title='bbox 3072 4485 3237 4559; x_wconf 83' lang='lat' dir='ltr'><strong>Regni</strong></span> <span class='ocrx_word' id='word_1_752' title='bbox 3264 4491 3556 4547; x_wconf 88' lang='lat' dir='ltr'><strong>terminum</strong></span> <span class='ocrx_word' id='word_1_753' title='bbox 3589 4511 3767 4564; x_wconf 80' lang='lat' dir='ltr'><strong>gene-</strong></span> 
     </span>
    </p>
   </div>
   <div class='ocr_carea' id='block_1_106' title="bbox 2200 4562 3764 4651">
    <p class='ocr_par' dir='ltr' id='par_1_106' title="bbox 2200 4562 3764 4651">
     <span class='ocr_line' id='line_1_106' title="bbox 2200 4562 3764 4651; baseline 0.016 -36"><span class='ocrx_word' id='word_1_754' title='bbox 2200 4562 2297 4615; x_wconf 88' lang='lat' dir='ltr'><strong>rali</strong></span> <span class='ocrx_word' id='word_1_755' title='bbox 2339 4562 2552 4619; x_wconf 89' lang='lat' dir='ltr'><strong>decreto</strong></span> <span class='ocrx_word' id='word_1_756' title='bbox 2592 4576 2849 4623; x_wconf 85' lang='lat' dir='ltr'><strong>statutum</strong></span> <span class='ocrx_word' id='word_1_757' title='bbox 2895 4572 3089 4643; x_wconf 83' lang='lat' dir='ltr'><strong>Regem</strong></span> <span class='ocrx_word' id='word_1_758' title='bbox 3133 4579 3555 4651; x_wconf 81' lang='lat' dir='ltr'><strong>subterfugisse,</strong></span> <span class='ocrx_word' id='word_1_759' title='bbox 3594 4562 3652 4637; x_wconf 73' lang='lat' dir='ltr'><strong>et</strong></span> <span class='ocrx_word' id='word_1_760' title='bbox 3693 4601 3764 4640; x_wconf 76' lang='lat' dir='ltr'><strong>se</strong></span> 
     </span>
    </p>
   </div>
   <div class='ocr_carea' id='block_1_107' title="bbox 2198 4650 3764 4734">
    <p class='ocr_par' dir='ltr' id='par_1_107' title="bbox 2198 4650 3764 4734">
     <span class='ocr_line' id='line_1_107' title="bbox 2198 4650 3764 4734; baseline 0.014 -28"><span class='ocrx_word' id='word_1_761' title='bbox 2198 4650 2359 4706; x_wconf 88' lang='lat' dir='ltr'><strong>etiam</strong></span> <span class='ocrx_word' id='word_1_762' title='bbox 2400 4653 2502 4710; x_wconf 87' lang='lat' dir='ltr'><strong>hac</strong></span> <span class='ocrx_word' id='word_1_763' title='bbox 2532 4655 2675 4723; x_wconf 88' lang='lat' dir='ltr'><strong>vice,</strong></span> <span class='ocrx_word' id='word_1_764' title='bbox 2713 4660 2869 4715; x_wconf 87' lang='lat' dir='ltr'><strong>solita</strong></span> <span class='ocrx_word' id='word_1_765' title='bbox 2914 4662 3031 4732; x_wconf 89' lang='lat' dir='ltr'><strong>ejus</strong></span> <span class='ocrx_word' id='word_1_766' title='bbox 3073 4667 3330 4734; x_wconf 81' lang='lat' dir='ltr'><strong>perﬁdia,</strong></span> <span class='ocrx_word' id='word_1_767' title='bbox 3368 4650 3589 4726; x_wconf 86' lang='lat' dir='ltr'><strong>delusos</strong></span> <span class='ocrx_word' id='word_1_768' title='bbox 3628 4688 3764 4728; x_wconf 71' lang='lat' dir='ltr'><strong>esse</strong></span> 
     </span>
    </p>
   </div>
   <div class='ocr_carea' id='block_1_108' title="bbox 2198 4740 3760 4825">
    <p class='ocr_par' dir='ltr' id='par_1_108' title="bbox 2198 4740 3760 4825">
     <span class='ocr_line' id='line_1_108' title="bbox 2198 4740 3760 4825; baseline 0.016 -31"><span class='ocrx_word' id='word_1_769' title='bbox 2198 4740 2726 4816; x_wconf 85' lang='lat' dir='ltr'><strong>animadvertissent;</strong></span> <span class='ocrx_word' id='word_1_770' title='bbox 2775 4766 3008 4822; x_wconf 90' lang='lat' dir='ltr'><strong>cumque</strong></span> <span class='ocrx_word' id='word_1_771' title='bbox 3046 4756 3165 4825; x_wconf 81' lang='lat' dir='ltr'><strong>ejus</strong></span> <span class='ocrx_word' id='word_1_772' title='bbox 3204 4760 3498 4816; x_wconf 86' lang='lat' dir='ltr'><strong>versutiam</strong></span> <span class='ocrx_word' id='word_1_773' title='bbox 3542 4770 3648 4818; x_wconf 88' lang='lat' dir='ltr'><strong>nec</strong></span> <span class='ocrx_word' id='word_1_774' title='bbox 3693 4763 3760 4819; x_wconf 88' lang='lat' dir='ltr'><strong>in</strong></span> 
     </span>
    </p>
   </div>
   <div class='ocr_carea' id='block_1_109' title="bbox 2197 4831 3760 4918">
    <p class='ocr_par' dir='ltr' id='par_1_109' title="bbox 2197 4831 3760 4918">
     <span class='ocr_line' id='line_1_109' title="bbox 2197 4831 3760 4918; baseline 0.018 -36"><span class='ocrx_word' id='word_1_775' title='bbox 2197 4831 2335 4899; x_wconf 83' lang='lat' dir='ltr'><strong>ipsa&#39;</strong></span> <span class='ocrx_word' id='word_1_776' title='bbox 2354 4836 2785 4894; x_wconf 79' lang='lat' dir='ltr'><strong>reconciliatione</strong></span> <span class='ocrx_word' id='word_1_777' title='bbox 2813 4842 2896 4895; x_wconf 86' lang='lat' dir='ltr'><strong>vel</strong></span> <span class='ocrx_word' id='word_1_778' title='bbox 2931 4854 3116 4912; x_wconf 90' lang='lat' dir='ltr'><strong>postea</strong></span> <span class='ocrx_word' id='word_1_779' title='bbox 3147 4863 3413 4918; x_wconf 86' lang='lat' dir='ltr'><strong>cessasse,</strong></span> <span class='ocrx_word' id='word_1_780' title='bbox 3439 4853 3760 4910; x_wconf 61' lang='lat' dir='ltr'><strong>artissima</strong></span> 
     </span>
    </p>
   </div>
   <div class='ocr_carea' id='block_1_110' title="bbox 2196 4920 3758 5009">
    <p class='ocr_par' dir='ltr' id='par_1_110' title="bbox 2196 4920 3758 5009">
     <span class='ocr_line' id='line_1_110' title="bbox 2196 4920 3758 5009; baseline 0.016 -37"><span class='ocrx_word' id='word_1_781' title='bbox 2196 4920 2454 4977; x_wconf 80' lang='lat' dir='ltr'><strong>relatione</strong></span> <span class='ocrx_word' id='word_1_782' title='bbox 2475 4924 2820 4995; x_wconf 89' lang='lat' dir='ltr'><strong>didicissent;</strong></span> <span class='ocrx_word' id='word_1_783' title='bbox 2850 4930 3051 4988; x_wconf 57' lang='lat' dir='ltr'><strong>mox&#39;in</strong></span> <span class='ocrx_word' id='word_1_784' title='bbox 3100 4923 3294 4992; x_wconf 77' lang='lat' dir='ltr'><strong>Stievia</strong></span> <span class='ocrx_word' id='word_1_785' title='bbox 3322 4942 3464 5009; x_wconf 86' lang='lat' dir='ltr'><strong>apud</strong></span> <span class='ocrx_word' id='word_1_786' title='bbox 3507 4939 3758 5005; x_wconf 81' lang='lat' dir='ltr'><strong>Ulmam,</strong></span> 
     </span>
    </p>
   </div>
   <div class='ocr_carea' id='block_1_111' title="bbox 2196 5013 3760 5103">
    <p class='ocr_par' dir='ltr' id='par_1_111' title="bbox 2196 5013 3760 5103">
     <span class='ocr_line' id='line_1_111' title="bbox 2196 5013 3760 5103; baseline 0.014 -37"><span class='ocrx_word' id='word_1_787' title='bbox 2196 5022 2459 5068; x_wconf 86' lang='lat' dir='ltr'><strong>conventu</strong></span> <span class='ocrx_word' id='word_1_788' title='bbox 2489 5013 2652 5083; x_wconf 79' lang='lat' dir='ltr'><strong>facto,</strong></span> <span class='ocrx_word' id='word_1_789' title='bbox 2692 5019 3148 5091; x_wconf 86' lang='lat' dir='ltr'><strong>deliberavcrunt;</strong></span> <span class='ocrx_word' id='word_1_790' title='bbox 3191 5043 3260 5082; x_wconf 88' lang='lat' dir='ltr'><strong>ne</strong></span> <span class='ocrx_word' id='word_1_791' title='bbox 3294 5044 3353 5084; x_wconf 91' lang='lat' dir='ltr'><strong>se</strong></span> <span class='ocrx_word' id='word_1_792' title='bbox 3386 5030 3639 5103; x_wconf 85' lang='lat' dir='ltr'><strong>deinceps</strong></span> <span class='ocrx_word' id='word_1_793' title='bbox 3676 5034 3760 5087; x_wconf 79' lang='lat' dir='ltr'><strong>ab</strong></span> 
     </span>
    </p>
   </div>
   <div class='ocr_carea' id='block_1_112' title="bbox 2195 5102 3727 5195">
    <p class='ocr_par' dir='ltr' id='par_1_112' title="bbox 2195 5102 3727 5195">
     <span class='ocr_line' id='line_1_112' title="bbox 2195 5102 3727 5195; baseline 0.015 -40"><span class='ocrx_word' id='word_1_794' title='bbox 2195 5102 2287 5195; x_wconf 78' lang='lat' dir='ltr'><strong>illo</strong></span> <span class='ocrx_word' id='word_1_795' title='bbox 2306 5103 2587 5195; x_wconf 79' lang='lat' dir='ltr'><strong>ludiﬁcari,</strong></span> <span class='ocrx_word' id='word_1_796' title='bbox 2614 5109 2695 5162; x_wconf 86' lang='lat' dir='ltr'><strong>vel</strong></span> <span class='ocrx_word' id='word_1_797' title='bbox 2715 5112 2896 5179; x_wconf 86' lang='lat' dir='ltr'><strong>potius</strong></span> <span class='ocrx_word' id='word_1_798' title='bbox 2916 5116 3139 5183; x_wconf 88' lang='lat' dir='ltr'><strong>pristina</strong></span> <span class='ocrx_word' id='word_1_799' title='bbox 3159 5120 3277 5187; x_wconf 89' lang='lat' dir='ltr'><strong>ejus</strong></span> <span class='ocrx_word' id='word_1_800' title='bbox 3298 5102 3589 5195; x_wconf 70' lang='lat' dir='ltr'><strong>calliditate</strong></span> <span class='ocrx_word' id='word_1_801' title='bbox 3607 5124 3727 5192; x_wconf 86' lang='lat' dir='ltr'><strong>peri</strong></span> 
     </span>
    </p>
   </div>
   <div class='ocr_carea' id='block_1_113' title="bbox 2196 5190 3756 5281">
    <p class='ocr_par' dir='ltr' id='par_1_113' title="bbox 2196 5190 3756 5281">
     <span class='ocr_line' id='line_1_113' title="bbox 2196 5190 3756 5281; baseline 0.017 -39"><span class='ocrx_word' id='word_1_802' title='bbox 2196 5190 2372 5281; x_wconf 71' lang='lat' dir='ltr'><strong>clitari</strong></span> <span class='ocrx_word' id='word_1_803' title='bbox 2419 5197 2812 5264; x_wconf 86' lang='lat' dir='ltr'><strong>permitterent;</strong></span> <span class='ocrx_word' id='word_1_804' title='bbox 2857 5204 2951 5256; x_wconf 87' lang='lat' dir='ltr'><strong>sed</strong></span> <span class='ocrx_word' id='word_1_805' title='bbox 3001 5219 3114 5259; x_wconf 64' lang='lat' dir='ltr'><strong>suae</strong></span> <span class='ocrx_word' id='word_1_806' title='bbox 3169 5209 3367 5275; x_wconf 88' lang='lat' dir='ltr'><strong>saluti,</strong></span> <span class='ocrx_word' id='word_1_807' title='bbox 3416 5210 3471 5264; x_wconf 92' lang='lat' dir='ltr'><strong>in</strong></span> <span class='ocrx_word' id='word_1_808' title='bbox 3518 5190 3756 5281; x_wconf 76' lang='lat' dir='ltr'><strong>legitimi</strong></span> 
     </span>
    </p>
   </div>
   <div class='ocr_carea' id='block_1_114' title="bbox 2200 5276 3755 5360">
    <p class='ocr_par' dir='ltr' id='par_1_114' title="bbox 2200 5276 3755 5360">
     <span class='ocr_line' id='line_1_114' title="bbox 2200 5276 3755 5360; baseline 0.017 -28"><span class='ocrx_word' id='word_1_809' title='bbox 2200 5276 2465 5350; x_wconf 81' lang='lat' dir='ltr'><strong>Principis</strong></span> <span class='ocrx_word' id='word_1_810' title='bbox 2496 5284 2787 5354; x_wconf 88' lang='lat' dir='ltr'><strong>electione,</strong></span> <span class='ocrx_word' id='word_1_811' title='bbox 2829 5294 3190 5360; x_wconf 87' lang='lat' dir='ltr'><strong>providerent.</strong></span> <span class='ocrx_word' id='word_1_812' title='bbox 3234 5296 3294 5351; x_wconf 89' lang='lat' dir='ltr'><strong>In</strong></span> <span class='ocrx_word' id='word_1_813' title='bbox 3325 5298 3513 5354; x_wconf 83' lang='lat' dir='ltr'><strong>eodem</strong></span> <span class='ocrx_word' id='word_1_814' title='bbox 3560 5276 3755 5358; x_wconf 66' lang='lat' dir='ltr'><strong>autem</strong></span> 
     </span>
    </p>
   </div>
   <div class='ocr_carea' id='block_1_115' title="bbox 2199 5435 2836 5582">
    <p class='ocr_par' dir='ltr' id='par_1_115' title="bbox 2199 5435 2836 5582">
     <span class='ocr_line' id='line_1_115' title="bbox 2199 5435 2836 5565; baseline 0.02 -69"><span class='ocrx_word' id='word_1_815' title='bbox 2199 5435 2434 5565; x_wconf 53' lang='lat' dir='ltr'><strong>Augusta</strong></span> <span class='ocrx_word' id='word_1_816' title='bbox 2455 5448 2836 5508; x_wconf 85' lang='lat' dir='ltr'><strong>Taurinorum.</strong></span> 
     </span>
     <span class='ocr_line' id='line_1_116' title="bbox 2266 5514 2836 5582; baseline 0.018 -15"><span class='ocrx_word' id='word_1_817' title='bbox 2266 5514 2283 5582; x_wconf 90' lang='lat'><strong>(</strong></span> <span class='ocrx_word' id='word_1_818' title='bbox 2323 5514 2376 5582; x_wconf 81' lang='lat'><strong>6)</strong></span> <span class='ocrx_word' id='word_1_819' title='bbox 2414 5516 2638 5573; x_wconf 80' lang='lat' dir='ltr'><strong>Additur</strong></span> <span class='ocrx_word' id='word_1_820' title='bbox 2678 5523 2732 5575; x_wconf 90' lang='lat' dir='ltr'><strong>in</strong></span> <span class='ocrx_word' id='word_1_821' title='bbox 2780 5540 2836 5577; x_wconf 83' lang='grc' dir='ltr'><strong>ιι(</strong></span> 
     </span>
    </p>
   </div>
   <div class='ocr_carea' id='block_1_116' title="bbox 2323 5514 3749 5588">
    <p class='ocr_par' dir='ltr' id='par_1_116' title="bbox 2323 5514 3749 5588">
     <span class='ocr_line' id='line_1_117' title="bbox 2323 5514 3749 5588; baseline 0.014 -20"><span class='ocrx_word' id='word_1_822' title='bbox 2323 5514 2638 5588; x_wconf 23' lang='lat' dir='ltr'><strong>Gj‘Additur</strong></span> <span class='ocrx_word' id='word_1_823' title='bbox 2678 5523 2732 5575; x_wconf 91' lang='lat' dir='ltr'><strong>in</strong></span> <span class='ocrx_word' id='word_1_824' title='bbox 2780 5533 2977 5581; x_wconf 71' lang='lat' dir='ltr'><strong>nostro</strong></span> <span class='ocrx_word' id='word_1_825' title='bbox 3006 5526 3103 5583; x_wconf 77' lang='lat' dir='ltr'><strong>Ms.</strong></span> <span class='ocrx_word' id='word_1_826' title='bbox 3142 5531 3329 5585; x_wconf 73' lang='lat' dir='ltr'><strong>Actum</strong></span> <span class='ocrx_word' id='word_1_827' title='bbox 3362 5535 3415 5587; x_wconf 72' lang='grc' dir='ltr'><strong>ὅ.</strong></span> <span class='ocrx_word' id='word_1_828' title='bbox 3456 5534 3581 5588; x_wconf 75' lang='grc' dir='ltr'><em>και.</em></span> <span class='ocrx_word' id='word_1_829' title='bbox 3632 5533 3749 5587; x_wconf 70' lang='grc' dir='ltr'><strong>Ρο-</strong></span> 
     </span>
    </p>
   </div>
   <div class='ocr_carea' id='block_1_117' title="bbox 2197 5582 2836 5648">
    <p class='ocr_par' dir='ltr' id='par_1_117' title="bbox 2197 5582 2836 5648">
     <span class='ocr_line' id='line_1_118' title="bbox 2197 5582 2836 5648; baseline 0.02 -15"><span class='ocrx_word' id='word_1_830' title='bbox 2197 5582 2421 5648; x_wconf 75' lang='lat' dir='ltr'><strong>bruarii,</strong></span> <span class='ocrx_word' id='word_1_831' title='bbox 2445 5587 2725 5643; x_wconf 78' lang='lat' dir='ltr'><strong>indictione</strong></span> <span class='ocrx_word' id='word_1_832' title='bbox 2752 5593 2836 5645; x_wconf 79' lang='lat' dir='ltr'><strong>l5.</strong></span> 
     </span>
    </p>
   </div>
   <div class='ocr_carea' id='block_1_118' title="bbox 2264 5651 3753 5739">
    <p class='ocr_par' dir='ltr' id='par_1_118' title="bbox 2264 5651 3753 5739">
     <span class='ocr_line' id='line_1_119' title="bbox 2264 5651 3753 5739; baseline 0.018 -37"><span class='ocrx_word' id='word_1_833' title='bbox 2264 5651 2696 5739; x_wconf 16' lang='grc' dir='ltr'><strong>ᾲΜοιξοειία,</strong></span> <span class='ocrx_word' id='word_1_834' title='bbox 2736 5661 2802 5739; x_wconf 78' lang='lat' dir='ltr'><strong>l0</strong></span> <span class='ocrx_word' id='word_1_835' title='bbox 2854 5664 3169 5739; x_wconf 68' lang='lat' dir='ltr'><strong>milliaribus</strong></span> <span class='ocrx_word' id='word_1_836' title='bbox 3204 5667 3501 5739; x_wconf 48' lang='lat' dir='ltr'><strong>Qiediolano</strong></span> <span class='ocrx_word' id='word_1_837' title='bbox 3534 5672 3699 5728; x_wconf 81' lang='lat' dir='ltr'><strong>distat</strong></span> <span class='ocrx_word' id='word_1_838' title='bbox 3733 5696 3753 5739; x_wconf 73' lang='grc' dir='ltr'>ς</span> 
     </span>
    </p>
   </div>
   <div class='ocr_carea' id='block_1_119' title="bbox 2192 5719 3759 5858">
    <p class='ocr_par' dir='ltr' id='par_1_119' title="bbox 2192 5719 3759 5858">
     <span class='ocr_line' id='line_1_120' title="bbox 2192 5719 3759 5858; baseline 0.017 -86"><span class='ocrx_word' id='word_1_839' title='bbox 2192 5719 2475 5858; x_wconf 44' lang='lat' dir='ltr'><strong>ﬂigi?</strong></span> <span class='ocrx_word' id='word_1_840' title='bbox 2518 5719 2873 5786; x_wconf 75' lang='lat' dir='ltr'><strong>Imperatores</strong></span> <span class='ocrx_word' id='word_1_841' title='bbox 2917 5735 3161 5787; x_wconf 76' lang='lat' dir='ltr'><strong>solebant</strong></span> <span class='ocrx_word' id='word_1_842' title='bbox 3192 5719 3759 5798; x_wconf 50' lang='grc' dir='ltr'><strong>ουτσιῖέιῖἧγέἑὲἔέιὶιί</strong></span> 
     </span>
    </p>
   </div>
  </div>
