3902 6404
88 485 130 539 εὶ
649 549 651 551 ,
1086 500 1604 556 rnomcousxx.
1625 532 1688 537 —
1716 500 1895 553 ACTA
1936 501 1990 552 s.
2024 497 2363 554 cnsconu.

3263 494 3340 550 83

96 600 330 655 t'naventu
411 607 585 674 apud
664 608 926 675 Utinam,
995 613 1294 682 generalius
1347 611 1685 683 Colloquium
1719 614 1760 667 A
1790 610 2042 664 Romanae
2076 610 2327 664 Ecclesia:
2365 610 2663 663 Cardinalis
2704 609 2998 676 Diaconos;
3031 609 3158 662 item
3205 609 3335 662 alter

108 689 271 760 adiit!)
292 693 654 774 Foreclieiru
689 699 878 755 4ldus
914 699 1107 767 Martii,
1145 702 1212 755 ad
1249 703 1372 766 novi
1396 700 1557 771 Regis
1592 701 1695 754 cle-

120 783 314 837 rtionem
343 787 752 842 eoudixerunt
779 808 793 842 :
826 791 891 844 ad
927 790 1071 860 quod
1096 791 1259 845 etiam
1306 791 1517 844 Domini
1557 791 1694 858 Apo-

129 873 277 929 stolici
293 877 605 932 consilium
634 889 692 933 ct
713 880 979 934 auxilium
1001 881 1108 936 sibi
1135 882 1336 948 venire,
1361 882 1526 936 missa
1559 881 1694 950 lega-

135 966 274 1032 tione,
299 968 755 1035 postulaverunt.
783 969 904 1036 Quo
925 972 1108 1026 audito
1127 1013 1141 1037 ,
1174 971 1317 1041 Papa
1349 973 1413 1026 ad
1451 973 1502 1026 id
1535 971 1695 1026 collo-

132 1057 296 1124 quium
327 1054 573 1127 Legatos
608 1061 831 1126 direxit,
878 1061 971 1132 qui
1007 1060 1285 1131 Principes
1321 1070 1593 1131 rogarent,
1635 1072 1695 1127 ut

129 1147 533 1216 dispositionem
561 1148 736 1220 Regni
771 1167 944 1220 usque
968 1152 1022 1204 in
1055 1152 1344 1206 adventum
1370 1153 1488 1221 ejus
1509 1153 1691 1207 differ-

127 1244 268 1300 rent,
320 1239 370 1291 si
409 1238 521 1293 hoc
564 1238 685 1294 sine
728 1241 970 1310 periculo
1015 1241 1129 1295 fieri
1186 1249 1344 1311 posse
1393 1251 1689 1311 sperarent.

120 1322 302 1380 Noluit
333 1342 473 1382 sane
507 1329 593 1384 eis
633 1330 738 1385 hoc
784 1346 851 1386 ex
876 1332 1098 1387 definito
1145 1333 1452 1402 praecipere,
1470 1348 1558 1388 -ne
1592 1333 1694 1388 sibi

111 1415 234 1482 jure
257 1416 526 1485 imputari
543 1429 748 1488 posset,
766 1421 812 1474 si
835 1421 978 1490 quod
1004 1421 1304 1491 periculum
1329 1431 1504 1477 status
1527 1407 1693 1494 Regni

113 1519 180 1586 ex
211 1504 307 1558 illa
339 1507 608 1560 dilatione
646 1509 979 1566 incurrisset.
1018 1511 1201 1566 Altera
1240 1522 1420 1567 autem
1455 1513 1540 1568 die
1574 1523 1697 1582 post

108 1593 505 1650 dimissionem
528 1598 848 1668 legatorum,
865 1599 1209 1671 Mancgoldus
1227 1601 1444 1668 Comes,
1470 1619 1696 1672 magnus

109 1693 337 1738 amator
370 1688 640 1755 veritatis,
675 1691 927 1756 advenit;
961 1692 1120 1760 cujus
1161 1692 1418 1748 relatione
1448 1692 1590 1762 Papa
1631 1694 1695 1747 de

107 1791 262 1829 novo
295 1776 451 1847 Rege
484 1781 862 1835 constituendo
882 1783 1080 1836 certior
1109 1782 1312 1850 factus,
1337 1784 1500 1838 alium
1523 1782 1696 1854 Lega-

104 1876 256 1934 tum,
312 1868 645 1939 Gregorium
684 1872 889 1926 scilicet
923 1870 1181 1927 Romanae
1215 1871 1468 1928 Ecclesia:
1503 1873 1696 1928 Diaco-

104 1971 271 2021 nuin,
308 1958 384 2011 ad
407 1937 685 2030 Principes
718 1961 890 2032 Regni
919 1962 1250 2018 destinavit:
1284 1964 1397 2033 qui,
1431 1980 1525 2019 ets
1547 1964 1694 2033 Apo—
1731 1937 1771 1991 Β

103 2047 319 2101 stafiva
348 2051 674 2106 auctoritate
708 2052 997 2106 adventum
1041 2053 1161 2122 ejus
1206 2054 1504 2124 praestolari
1550 2068 1698 2108 com-

105 2137 356 2202 pelleret
383 2157 397 2190 :
437 2154 503 2192 eo
529 2148 709 2194 tamen
743 2141 994 2210 primitus
1022 2133 1323 2213 explorato,
1342 2137 1406 2210 si
1447 2143 1578 2209 Rex,
1605 2147 1698 2214 qui

103 2226 306 2281 adhuc
345 2228 400 2282 in
426 2227 801 2301 Longobardia
833 2222 1163 2301 morabatur,
1186 2234 1256 2288 ab
1286 2235 1474 2289 eodem
1503 2234 1702 2306 Legato

101 2327 466 2386 conventus,
517 2323 867 2376 securitatem
913 2322 1094 2378 facere
1136 2323 1321 2391 vellet,
1367 2333 1427 2378 ut
1483 2325 1702 2382 domino

103 2405 286 2476 Papa:
332 2411 626 2466 transitum
665 2413 733 2467 ad
771 2411 1098 2468 Teutonicas
1142 2423 1353 2482 partes,
1388 2430 1488 2485 pro
1531 2415 1702 2486 ipsius

102 2513 296 2552 causa
329 2498 1111 2570 determinanda,coneederet.
1140 2502 1295 2569 Quod
1322 2505 1369 2560 si
1394 2503 1507 2560 Rex
1539 2506 1704 2560 nollet

103 2589 454 2654 concedere,
486 2592 739 2662 praecepit
767 2591 910 2662 Papa
943 2601 1004 2648 ut
1047 2593 1279 2662 Legatus
1304 2594 1372 2651 ad
1397 2609 1454 2650 sc
1480 2595 1702 2660 rediret,

105 2693 225 2732 nec
279 2678 567 2749 Principes
609 2697 734 2738 cum
775 2683 961 2752 aliqua
1003 2683 1263 2742 dilatione
1302 2701 1333 2738 a
1373 2685 1703 2754 providenda

107 2765 310 2838 Regni
347 2771 668 2827 necessitate
701 2773 1070 2843 suspendant.
1110 2772 1241 2829 Item
1286 2776 1461 2830 eidem
1504 2775 1704 2846 Legato

106 2857 421 2926 przefatam
463 2861 786 2932 legationem
835 2863 1118 2932 imponens
1160 2864 1335 2935 Papa,
1389 2866 1525 2920 dixit
1568 2866 1707 2919 inter

106 2949 234 3002 alia
264 2967 292 3002 τ
322 2965 383 3004 se
419 2953 578 3021 quasi
627 2970 727 3022 pro
764 2954 976 3010 indicio.
1002 2938 1315 3023 hujusmodi
1359 2955 1706 3010 securitatem

105 3040 408 3109 exegisse,
443 3042 618 3111 cujus,
663 3044 905 3113 inquam,
938 3045 1244 3101 securitatis
1267 3046 1528 3102 exhibitio
1552 3046 1706 3104 illum

109 3130 177 3182 in
218 3129 480 3200 Regnum
525 3133 735 3187 restitui
765 3149 926 3202 posse
966 3136 1319 3206 praesagiret:
1352 3137 1532 3206 sicuti,
1557 3139 1706 3209 ejus-

1791 698 2134 754 Bernhardus
2160 701 2270 770 (80)
2294 699 2510 772 ,lAbbas
2528 700 2820 768 religiosus
2845 699 2909 753 de
2933 698 3162 754 Massilia
3181 739 3194 764 ,
3228 697 3338 752 fere

1791 799 2166 844 sexcentorum
2198 791 2587 845 monachorum
2619 789 2804 854 Pater,
2834 789 2925 858 qui
2950 790 3113 844 etiam
3154 803 3323 844 secuit

1789 880 1945 933 duxit
1972 881 2242 950 egregium
2285 879 2567 934 Doctorem
2607 880 2925 950 quemdam,
2973 880 3191 934 nomine
3225 879 3334 946 (8f)

1789 969 2174 1035 Christianum,
2200 970 2537 1038 postmodum
2562 970 2846 1024 Aversanze
2866 969 3094 1024 civitatis
3118 968 3335 1037 Episco-

1790 1073 1936 1126 pum.
1970 1059 2138 1128 Cujus
2163 1075 2300 1128 opus
2320 1067 2466 1113 extat
2483 1059 2739 1114 eximium
2765 1067 2950 1114 contra
2973 1058 3336 1112 Turonensem

1792 1147 2192 1218 Bcrengarium.

1860 1261 1946 1315 8f.
1987 1260 2105 1316 Non
2137 1261 2415 1332 indignum
2457 1261 2666 1316 videtur
2699 1261 2801 1315 hoc
2829 1260 2882 1314 in
2910 1261 3031 1316 loco
3071 1258 3344 1331 paulisper

1792 1352 2054 1407 orationis
2086 1367 2305 1408 cursum
2342 1360 2626 1416 retentare,
2665 1360 2719 1406 et
2756 1366 2917 1420 quam
2961 1352 3170 1406 fidelem
3201 1352 3344 1420 Apo-

1793 1442 1996 1496 stolica:
2027 1443 2380 1497 institutionis
2415 1443 2736 1497 sectatOrem
2776 1451 2828 1496 et
2850 1450 3256 1512 propagatorem
3286 1441 3342 1494 in

1792 1531 1998 1585 Comite
2031 1530 2343 1602 Manegoldo
2381 1547 2505 1587 non
2539 1533 2704 1587 semel
2763 1529 3344 1588 commemorato'Crcs

1795 1625 1980 1691 gorius
2001 1629 2187 1676 noster
2225 1621 2499 1687 habuerit,
2521 1621 2817 1676 declarare.
2859 1620 2956 1675 llic
2988 1620 3130 1674 enim
3155 1635 3217 1673 ex
3250 1631 3344 1687 ge-

1795 1723 1986 1765 nerosa
2006 1720 2060 1765 et
2082 1712 2332 1781 religiosa
2356 1709 2467 1781 (82)
2491 1709 2549 1763 Β.
2576 1709 2812 1764 Udalrici
2843 1708 3195 1779 Augusteusis
3215 1706 3346 1774 Epi-

1795 1801 1943 1870 scopi
1965 1802 2273 1871 genealogia
2296 1809 2626 1870 procreatus,
2650 1808 2702 1856 et
2721 1815 2752 1854 a
2769 1800 3164 1869 sapientissimo
3181 1797 3354 1852 fratre

1797 1907 1918 1958 suo,
1951 1891 2279 1951 lierimanno
2302 1892 2547 1947 videlicet
2569 1892 2880 1958 Contracta,
2909 1891 2962 1944 in
2985 1889 3131 1944 omni
3163 1890 3354 1944 obser-

1799 1982 1980 2036 vantia
2010 1979 2329 2036 Cliristiaiue
2350 1976 2626 2051 religionis
2656 1980 2724 2035 ad
2743 1994 2974 2049 unguem
3005 1976 3356 2049 informatus,

1797 2068 1948 2137 virgo
1978 2069 2239 2138 virginem
2266 2069 2490 2123 sortitus
2524 2077 2608 2123 est
2639 2083 2892 2132 uxorem;
2926 2066 3165 2136 duosque
3210 2059 3348 2128 ﬁliog

1797 2173 1864 2212 ex
1885 2171 1951 2212 ea
1979 2164 2258 2228 generatos
2286 2157 2340 2211 in
2363 2164 2511 2211 tanta
2546 2157 2830 2226 disciplina
2857 2170 3025 2224 usque
3046 2156 3111 2208 ad
3131 2153 3348 2223 juveni-

1800 2247 1904 2301 lem
1928 2255 2140 2302 aetatem
2161 2246 2428 2318 educavit,
2462 2253 2522 2300 ut
2551 2246 2778 2300 alterum
2818 2260 3005 2299 eorum
3027 2244 3094 2298 ad
3121 2242 3353 2301 similem

1800 2338 2196 2407 monogamiam
2247 2337 2542 2406 perducens
2575 2336 2821 2390 heredem
2872 2334 2957 2389 sui
2990 2333 3351 2401 relinqueret;

1802 2426 2049 2491 alterum;
2087 2427 2140 2478 in
2166 2426 2418 2480 etclibatu
2441 2425 2699 2489 occisum,
2730 2425 2838 2477 imo
2864 2424 3033 2491 ipsius
3065 2422 3353 2476 occisionis

1801 2515 1919 2584 ejus
1946 2515 2132 2586 (diem)
2175 2514 2342 2584 longo
2366 2514 2612 2569 locorum
2648 2513 2925 2567 intervallo
2962 2519 3220 2574 remotus,
3263 2525 3361 2577 per

1804 2603 2052 2672 spiritum
2087 2603 2402 2662 mirabiliter
2435 2617 2754 2671 agnoscens,
2799 2601 2947 2655 fleret
2986 2608 3040 2654 et
3063 2599 3354 2669 gauderet;
3394 2663 3396 2666 ν

1804 2691 1949 2746 ﬂevit
1982 2692 2126 2745 enim
2169 2698 2388 2760 propter
2424 2675 2769 2746 acerbitatem
2821 2689 3107 2758 inopinata:
3135 2687 3354 2747 mortis.

1804 2789 1858 2835 ct
1890 2781 2106 2851 gavisus
2141 2789 2224 2835 est
2257 2789 2474 2849 propter
2517 2780 2889 2848 impunitatem
2926 2771 3364 2837 incontaminata':

1799 2871 2114 2939 juventutis.
2152 2869 2264 2924 Hoc
2296 2878 2475 2924 autem
2507 2870 2738 2924 maxime
2767 2869 3101 2922 castificabat
3129 2860 3370 2940 liberos,

1805 2958 1948 3029 quod
1977 2974 2139 3013 verax
2179 2967 2329 3028 pater
2365 2958 2794 3014 comminabatur
2826 2957 2907 3010 eis
2939 2956 3356 3013 exhereditatio-

1806 3064 1950 3115 nem,
1975 3047 2022 3103 si
2059 3061 2244 3116 quam,
2267 3055 2459 3116 praeter
2479 3046 2767 3116 legitimam
2791 3045 3059 3114 cepulam,
3081 3059 3206 3098 cum
3237 3059 3328 3097 mu
3351 3076 3364 3086 ο

1806 3137 2028 3194 lieribus
2067 3145 2403 3207 perpetrasse
2443 3137 2815 3207 detegerentur
2843 3135 3357 3203 coinquinatiouem.

57 3279 64 3288 ν
111 3219 256 3272 dem
297 3221 612 3278 securitatis
655 3224 973 3306 denegatio,
1011 3226 1116 3280 hoc
1149 3241 1273 3280 eum
1305 3242 1414 3282 non
1439 3243 1617 3297 posse,
1641 3244 1704 3283 ex
1735 3254 1776 3310 ο
1809 3225 1904 3281 Vir
1926 3226 2088 3297 igitur
2107 3224 2623 3304 Christianissimus,
2642 3241 2780 3288 cum
2817 3224 2876 3280 Β.
2909 3225 3225 3308 Gregorium
3254 3225 3360 3280 Pa-

112 3309 552 3374 divinoindicio
574 3313 872 3368 denotaret.
1482 3361 1486 3365 .

197 3399 303 3452 80-.
347 3398 493 3454 inter
521 3401 636 3457 hac
667 3402 1018 3472 verbaPapze
1040 3411 1148 3460 tres
1169 3404 1322 3474 digiti
1343 3406 1462 3475 ejus
1486 3407 1705 3471 dextraa,

115 3505 322 3558 usque
358 3490 427 3544 ad
463 3492 730 3558 medium,
775 3500 995 3562 repente
1043 3495 1327 3565 sanguinei
1374 3511 1707 3565 apparuere;

120 3594 281 3648 quos
343 3580 605 3650 sanguine
659 3600 726 3638 ex
783 3583 1006 3639 naribus
1057 3585 1354 3654 p:ollueute
1411 3588 1709 3644 maculatos

122 3670 490 3737 existimans,
504 3671 780 3744 detergere
802 3674 996 3743 cinpit‘:
1021 3665 1222 3731 sedeos
1242 3667 1554 3748 sanguineis
1565 3679 1708 3734 notis

123 3760 463 3816 nullatenus
504 3765 813 3818 emaeulare
861 3764 1053 3833 potuit.
1105 3763 1244 3821 Hinc
1281 3767 1396 3836 ipse
1428 3775 1486 3822 et
1518 3769 1708 3838 reliqui

121 3850 442 3918 sapientes,
477 3851 571 3920 qui
624 3853 728 3908 hoc
758 3854 1081 3908 miraculum
1128 3867 1557 3925 conspexerunt,
1607 3859 1708 3912 ali-

123 3939 276 4008 quid
304 3941 486 4012 magni
507 3957 602 4011 per
630 3942 744 3998 haec
768 3944 920 4014 signa
953 3945 1218 4013 portendi.
1240 3961 1350 4020 non
1373 3946 1708 4003 dubitarunt.

125 4027 320 4086 Erant
340 4040 523 4086 autem
541 4032 612 4088 ibi
630 4041 757 4090 tunc
773 4042 1060 4104 prtesentes
1078 4037 1498 4105 przeuominatus
1518 4039 1713 4096 Comes

127 4117 535 4189 Manegoldus,
565 4131 622 4178 et
661 4125 983 4183 venerabilis
1022 4124 1730 4197 Presbyter.Erkinbertus,.

126 4225 274 4264 cum
301 4211 431 4266 aliis
451 4227 615 4280 quam
636 4214 883 4283 pluribus
913 4215 969 4268 in
990 4216 1188 4284 oppido
1211 4215 1436 4272 Canusii
1452 4212 1518 4274 in
1541 4221 1715 4289 capite

126 4299 373 4371 Jejunii,
402 4302 548 4371 quod
574 4318 641 4358 eo
679 4319 825 4358 anno
853 4303 1078 4374 contigit
1111 4305 1223 4374 (79)
1267 4307 1324 4360 in
1355 4307 1473 4362 Kal.
1512 4309 1710 4365 Martii.

127 4391 416 4463 Pes-cepta
439 4393 600 4464 igitur
628 4394 913 4466 legatione,
945 4394 1129 4448 statim
1165 4392 1398 4465 Legatus
1418 4397 1488 4451 ad
1516 4396 1714 4470 Regem

126 4485 488 4554 properavit,
519 4501 642 4540 cum
671 4485 928 4556 praedicto
970 4483 1181 4540 Comite
1209 4505 1222 4540 :
1251 4487 1346 4542 sed
1371 4485 1485 4543 Rex
1507 4490 1716 4549 securi-

1807 3330 1932 3384 pam
1963 3315 2131 3368 nimio
2155 3314 2349 3380 al'ectu
2393 3325 2610 3382 prepter
2632 3305 3050 3384 justiflcationes~
3085 3315 3202 3383 ejus
3243 3315 3364 3368 dili-

1807 3413 1974 3476 geret,
1991 3419 2222 3474 eumque
2245 3403 2442 3472 saepius
2464 3410 2681 3472 prepter
2700 3404 2936 3459 alternas
2965 3418 3178 3457 morum
3205 3404 3360 3457 simi—

1809 3493 2061 3546 litudines
2101 3491 2381 3557 inviseret;
2413 3490 2647 3560 quadam
2679 3490 2813 3557 vice,
2859 3491 2912 3543 in
2939 3498 3145 3545 tantam
3177 3490 3308 3544 Rom
3351 3511 3361 3524 -

1808 3582 2018 3652 positus
2044 3567 2409 3641 infirmitatem
2455 3579 2667 3646 incidit,
2692 3588 2750 3634 ut
2769 3580 2860 3650 qui
2883 3589 3173 3650 praesentes
3189 3592 3338 3634 erant
3353 3624 3365 3636 ς

1808 3675 1974 3730 vitam
1997 3674 2114 3742 ejus
2145 3675 2511 3742 desperarent.
2534 3672 2777 3743 Cumque
2801 3673 2970 3729 tristis
3009 3674 3230 3728 nuntius

1810 3764 1958 3818 mino
1992 3763 2148 3830 Papa:
2179 3763 2442 3827 venisset,
2484 3757 2642 3816 valde
2681 3762 3001 3827 condolens,
3038 3761 3262 3815 festinus
3299 3761 3369 3818 ad

1788 3869 1932 3908 oeum
1955 3853 2126 3919 venit;
2159 3861 2214 3908 et
2250 3853 2546 3922 pauxillum
2571 3853 2728 3922 panis
2754 3852 2808 3906 in
2831 3853 3090 3923 scyphum
3122 3852 3372 3905 contriu-

1812 3959 1965 4013 gens,
2004 3958 2261 4014 meroque
2300 3943 2649 4013 perfundens,
2680 3959 2824 4014 aegro
2858 3958 2956 4012 pro
2997 3938 3373 4000 benedictione

1813 4035 2069 4104 porrexit.
2116 4034 2185 4089 At
2228 4035 2336 4102 ille,
2376 4035 2624 4104 protinus
2653 4035 2998 4105 utl'gustavit,
3038 4035 3235 4101 recepit
3255 4045 3377 4087 non

1815 4129 1990 4182 solum
2034 4127 2442 4183 delectationem
2495 4124 2828 4189 comedendi,
2871 4123 2963 4177 sed
3013 4130 3068 4178 et
3115 4123 3374 4176 virtutem

1815 4235 1938 4280 cum
1981 4219 2346 4274 incolumitate
2384 4217 2450 4271 de
2490 4218 2626 4272 lecto
2670 4215 2938 4286 surgendi.
2987 4212 3111 4281 Qui,
3148 4228 3270 4267 cum
3305 4213 3373 4268 ad

1815 4308 2031 4376 propria
2053 4315 2336 4374 remearet,
2367 4315 2422 4362 et
2451 4306 2760 4377 Apostolica
2785 4311 3008 4371 statuta,
3050 4300 3285 4362 maxime
3307 4304 3377 4362 de

1815 4396 2048 4451 vitandis
2084 4394 2282 4453 Ofﬁciis
2328 4397 2778 4452 incontinentium
2829 4395 3219 4456 Sacerdotttm',‘
3266 4407 3379 4444 non

1818 4491 2052 4558 segniter
2087 4489 2285 4559 ubique
2316 4488 2636 4558 divulgaret,
2665 4495 2718 4541 et
2739 4487 2793 4538 in
2825 4484 3044 4540 Clericis
3073 4491 3240 4551 atque
3255 4475 3375 4554 βε·

123 4583 355 4643 tatern,
385 4591 548 4646 quam
577 4575 725 4646 Papa
759 4576 1093 4645 postulabat.
1139 4575 1315 4632 facere
1354 4580 1721 4647 contempsit:
1752 4571 1799 4653 D
1823 4578 2002 4632 clesiis
2050 4578 2118 4632 ad
2159 4593 2218 4634 se
2267 4579 2571 4649 specialiter
2619 4574 3008 4644 pertinentibus
3059 4573 3376 4647 bujusmodi

178 4666 297 4720 mle
325 4673 386 4720 et
413 4666 500 4720 ille
518 4665 750 4738 Legatus
783 4667 851 4722 ad
875 4665 1241 4734 Apostolicum
1271 4667 1445 4721 redire
1470 4683 1579 4722 non
1604 4677 1737 4723 ωτι

131 4754 323 4810 ﬂavit.
351 4754 426 4809 At
453 4756 649 4811 Comes
695 4756 761 4809 ad
797 4756 1101 4823 proximum
1128 4754 1575 4812 Forecheimense
1598 4757 1722 4813 Col-

135 4847 409 4918 loquium
442 4847 625 4902 venire
665 4845 1017 4914 acceleravit;
1053 4861 1164 4917 quo
1201 4855 1255 4900 et
1286 4847 1493 4915 priores
1539 4847 1724 4918 Legati

139 4940 265 5006 jam
295 4947 683 5008 pervenerant,
727 4938 823 5006 qui
864 4952 970 4991 una
1005 4945 1212 4992 tantum
1242 4936 1360 5002 die,
1407 4937 1721 5007 priusquam

149 5021 417 5096 [rt-ﬂatus
456 5009 823 5121 (diseeJcmtf‘
843 5024 1057 5094 Comes,
1104 5026 1172 5080 ab
1218 5027 1529 5094 Apostolico
1571 5027 1724 5102 missi

149 5116 388 5175 Ineunt.
425 5117 490 5173 lli
511 5126 704 5173 autem
718 5115 874 5169 erant
896 5115 1077 5188 Legati
1092 5136 1118 5171 :-
1142 5115 1501 5183 Bernhardus,
1527 5125 1742 5214 sanctae.

217 5269 335 5344 αθ)
372 5271 720 5344 Foramina,
761 5267 1180 5344 munitissimum
1205 5259 1458 5340 oppidum
1502 5269 1725 5344 Episco-

143 5336 696 5471 g‘liayrgensis
728 5376 745 5403 ,
807 5337 944 5391 inter
993 5336 1344 5412 Bambergaln
1397 5348 1454 5394 et
1509 5336 1727 5395 Norim—

202 5428 440 5556 mﬁa
465 5479 658 5556 fuisse.
684 5474 1728 5556 cqnﬁmarl’asqtao_dciecelebrant"

130 5544 464 5640 ίβᾌρςίιίς,
526 5549 705 5619 cyclo
743 5544 906 5598 Lume
933 5545 1013 5610 14,
1048 5548 1189 5603 Solis
1217 5549 1308 5614 2i,
1340 5547 1513 5601 littera
1550 5547 1732 5601 Domi-

121 5624 428 5770 Μῗῧῆίε
480 5681 1048 5770 ρξτοσιιεεέετηιξῑιέο
1093 5701 1258 5770 supra
1307 5693 1485 5766 acrum
1521 5700 1641 5754 ωτι·
1673 5684 1727 5765 .6-

110 5751 426 5831 L'i‘no'stro
483 5751 872 5812 315.“ι1ἱςίιυι⁴
931 5751 1040 5807 Udo
1093 5751 1402 5810 Trcrircnzis
1464 5751 1733 5808 una—mi;-

105 5859 222 5898 ειη.

1821 4665 2248 4722 abominationes
2294 4666 2515 4722 minime
2568 4663 2856 4728 toleraret;
2906 4678 3042 4718 uxor
3089 4665 3379 4733 cujusdam

1820 4752 2124 4826 Presbyteri
2149 4756 2250 4810 sub
2269 4754 2385 4822 ejus
2407 4753 2608 4807 ditiene
2628 4753 2812 4823 positi,
2838 4753 3140 4823 malignans
3159 4766 3379 4820 prcptcr

1825 4845 2218 4912 separationem
2244 4842 2457 4907 mariti,
2501 4843 2604 4898 hoc
2630 4842 2988 4896 familiaribus
3014 4856 3127 4895 suis
3149 4838 3381 4898 audient:-

1822 4930 1964 4983 tibus
1990 4945 2047 4984 se
2076 4931 2381 4987 minabatur
2403 4917 2732 4996 effecturam,
2757 4939 2814 4983 ut
2841 4928 3051 4998 qualem
3075 4928 3378 4986 molestiam

1823 5023 1938 5092 ipsa
1960 5023 2348 5096 'sustiueret-in
2378 5024 2714 5092 separatione
2731 5019 2978 5099 conjugis
3009 5021 3115 5086 sui,
3149 5021 3308 5076 talem
3329 5031 3384 5075 et
3415 5025 3432 5037 ⁹

1824 5120 2019 5174 Comes
2074 5118 2363 5173 sustineret
2410 5115 2466 5168 in
2523 5111 2886 5182 disjunctione
2944 5113 3188 5182 conjugis
3249 5127 3380 5166 suae.

1898 5266 2015 5347 (81A).
2045 5260 2814 5347 [monnomtne_Guismuuaun:

1829 5325 1921 5405 qui
1941 5325 2110 5405 etiam
2141 5334 2347 5405 Gallus,
2380 5339 2434 5386 et
2464 5333 2761 5385 monachus
2788 5326 2999 5405 [tofredi‘
3025 5327 3084 5405 _i_u
3115 5325 3382 5405 ξέοι-ωιλη-

1829 5393 1916 5458 nia
1953 5403 2143 5458 fuerat.
2178 5403 2307 5471 Ejus
2336 5393 2539 5471 topera
2561 5406 2772 5471 exstant
2818 5397 2876 5471 i_n
2924 5396 3249 5471 Bibliotheca
3287 5393 3392 5471 lfa-

1830 5482 1994 5527 trum.
2025 5460 2675 5527 ConStil'e'Bellarminuni
2708 5467 2773 5521 de
2814 5466 3177 5535 Scriptoribus
3203 5460 3386 5514 Eccle-

1831 5543 2084 5597 siaSlicis.
3062 5537 3067 5545 ’

1903 5613 2015 5681 (82)
2053 5612 2108 5664 S.
2145 5608 2423 5681 b’dalrg’cus
2477 5606 2679 5681 colit-ur
2727 5606 2759 5657 4
2792 5603 2954 5681 .Julii,
3007 5597 3225 5681 quando
3273 5597 3387 5681 lucc

1835 5666 2088 5751 poterunt
2130 5677 2345 5751 discuti.
2372 5674 2623 5751 “Interim.
2668 5673 2979 5751 inspiciatur
3024 5666 3338 5751 genealogifl
3375 5706 3387 5729 ι

1787 5776 1789 5778 ·
1836 5735 1997 5804 luam
2027 5749 2092 5800 ad
2127 5739 2328 5799 calcem
2372 5743 2505 5798 Vita:
2540 5743 2730 5812 adjecit
2757 5735 3118 5802 'Vclferus,'in
3155 5735 3392 5787 editione

1839 5769 2146 5869 Aucustanu
2179 5815 2301 5869 anui
2335 5814 2482 5868 1595'.
2759 5861 2764 5865 _

1839 5814 2146 5885 Augustam
2179 5815 2301 5870 anui
2335 5814 2482 5868 1595'.
