3902 6408
531 561 632 621 ’85
1212 610 1218 623 .
1698 571 1755 626 s.
1797 526 2314 643 cnseomt'svn
2347 567 2538 631 pars.
3691 568 3752 622 St

557 677 716 740 Dixit,
739 687 792 733 et
810 681 982 741 eheu!
1007 681 1342 751 permittente
1363 681 1490 747 Deo,
1518 691 1624 736 tam
1650 685 1941 752 pessimum
1966 683 2101 738 faci-
2131 685 2175 740 Α
2269 680 2356 734 84.
2387 680 2442 733 In
2470 681 2765 734 crastinum
2802 695 2930 734 vero
2954 680 3147 734 itertim
3179 677 3244 732 ad
3274 675 3506 746 hospitia
3537 676 3753 746 Legato-

557 783 662 824 nus
703 769 759 824 in
799 769 1070 824 dominam
1121 772 1339 841 peregit.
1387 771 1521 826 Nam
1563 773 1904 828 delectabiles
1951 774 2102 829 cibos

556 869 762 912 veneno
811 857 1036 914 infectos
1077 859 1295 922 obtulit.
1333 875 1561 930 eamque
1593 863 1727 916 nihil
1763 863 1888 917 mali
1921 863 2099 931 suspi-

552 954 764 1001 cantem
805 947 1056 1002 simulata
1089 948 1414 1018 benignitate
1449 949 1674 1019 decepit.
1710 950 1876 1020 Igitur
1906 948 2102 1005 Comes

553 1035 856 1106 religiosus,
893 1036 1068 1091 adhuc
1106 1037 1162 1090 in
1201 1038 1420 1093 robusta
1457 1047 1612 1094 aetate
1644 1041 1916 1106 viduatus,
1939 1039 2102 1094 nullis

551 1137 776 1178 suorum
805 1123 1270 1180 adhortationibus
1294 1126 1359 1180 ad
1383 1127 1672 1182 secundam
1696 1127 1943 1197 copulam
1974 1143 2099 1197 per-

551 1213 757 1268 moveri
781 1213 982 1283 potuit;
1011 1214 1214 1282 dicens,
1245 1216 1347 1271 sibi
1375 1217 1680 1285 pudendum
1700 1226 1755 1271 et
1771 1217 2099 1272 horrendum

551 1303 744 1368 videri,
779 1303 825 1358 si
863 1318 985 1358 eum
1031 1303 1240 1358 duabus
1286 1304 1546 1359 uxoribus
1575 1319 1926 1374 processurus
1958 1314 2102 1360 esset

551 1399 677 1446 ante
703 1393 935 1448 tribunal
957 1391 1159 1448 Christi
1181 1393 1236 1448 in
1267 1393 1353 1448 die
1367 1393 1576 1462 iudicii.
1598 1393 1658 1447 In
1682 1402 1892 1449 tantum
1921 1403 2098 1449 autem

550 1478 779 1549 profecit
796 1495 892 1550 per
913 1481 1160 1544 devotam
1201 1481 1558 1537 obedientiam
1590 1481 1748 1553 Papa:
1769 1483 1944 1538 uestri
1963 1483 2098 1539 Cre-

551 1569 708 1649 gorii,
731 1578 792 1625 ut
831 1579 954 1637 ante
983 1572 1144 1625 tinem
1183 1587 1364 1637 suum,
1409 1586 1572 1641 quem
1613 1587 1780 1626 senex
1816 1579 1872 1626 et
1908 1573 2098 1641 plenus

552 1662 762 1717 dierum
783 1663 976 1733 attigit,
997 1654 1318 1734 quibusdam
1343 1663 1599 1717 virtutum
1624 1663 1792 1733 signis
1813 1662 2094 1728 effulserit,

549 1757 605 1803 et
633 1751 940 1820 prephetite,
962 1752 1408 1821 quemadmodum
1431 1753 1485 1806 in
1506 1752 1776 1808 occisione
1790 1753 1884 1808 lilii
1904 1753 2093 1824 patuit,

555 1839 740 1910 (dono)
770 1839 1144 1897 venerabiliter
1170 1841 1422 1896 claruerit
1443 1840 1576 1910 (83).

620 1929 708 1983 82.
748 1928 883 1984 Huic
928 1931 1096 1985 beatae
1126 1929 1512 1984 recordationis
1537 1929 1730 1985 Comiti
1764 1944 1873 1985 non
1901 1931 2092 1984 incon-

2202 785 2321 824 rum
2347 771 2746 836 convenientes,
2784 785 2882 840 pro
2922 785 3020 824 sua
3063 768 3384 823 necessitate
3413 769 3752 832 sublevanda,

2201 875 2296 915 eos
2322 860 2745 926 consuluerunt;
2771 868 3117 931 suggerentes
3141 859 3221 912 eis
3243 857 3752 927 periculosissimum

2199 958 2254 1005 et
2279 951 2622 1005 irrevocabile
2651 950 2888 1004 schisma
2919 950 2972 1002 in
3000 955 3116 1002 toto
3142 948 3332 1017 Regno
3355 945 3619 1010 futurum,
3656 948 3754 1002 nisi

2199 1040 2252 1094 in
2283 1040 2470 1094 eodem
2513 1039 2814 1104 Conventu,
2848 1047 2909 1093 ut
2949 1038 3394 1102 deliberaverant,
3438 1036 3492 1089 in
3531 1035 3755 1104 alicujus

2199 1129 2324 1183 novi
2358 1127 2550 1198 capitis
2595 1129 2966 1184 sublevatione
3007 1126 3379 1188 confoederati,
3410 1125 3541 1180 illud
3573 1125 3756 1178 antici-

2197 1233 2324 1288 pare
2373 1218 2666 1274 festinaret.
2705 1216 2890 1288 Legati
2922 1222 3100 1271 autem
3157 1215 3441 1286 legationis
3483 1215 3596 1268 sua:
3649 1228 3752 1267 non

2197 1307 2561 1372 immemores,
2599 1307 2733 1364 satis
2775 1307 3156 1378 compendiose
3197 1305 3263 1358 ad
3305 1305 3429 1386 haec
3461 1303 3751 1372 responde-

2196 1405 2342 1462 runt,
2378 1395 2479 1452 sibi
2508 1397 2724 1466 quidem
2760 1397 3023 1466 optimum
3045 1391 3242 1458 videri,
3279 1393 3331 1447 si
3355 1393 3516 1462 Regis
3551 1392 3754 1446 consti-

2197 1486 2422 1551 tutione,
2441 1486 2595 1555 juxta
2623 1501 2810 1540 eorum
2853 1485 3193 1555 legationem,
3234 1483 3288 1536 in
3326 1481 3612 1535 adventum
3649 1479 3752 1533 Do-

2195 1575 2327 1630 mini
2355 1575 2513 1646 Papae
2557 1576 2672 1630 sine
2699 1576 2936 1644 periculo
2979 1572 3190 1628 differre
3222 1579 3444 1640 possent
3471 1588 3483 1623 :
3515 1579 3752 1625 ceterum

2195 1665 2506 1734 provisione
2533 1663 2702 1735 Regni
2741 1680 2850 1719 non
2875 1673 2984 1718 tam
3009 1664 3063 1717 in
3090 1677 3280 1717 eorum
3308 1660 3556 1724 consilio,
3592 1675 3750 1728 quam

2195 1753 2251 1807 in
2277 1754 2586 1824 Principum
2613 1755 2848 1810 arbitrio
2866 1755 3022 1808 sitam
3057 1767 3177 1806 esse
3201 1752 3481 1815 dixerunt,
3513 1750 3608 1820 qui
3637 1763 3748 1802 rem

2193 1844 2462 1914 publicam
2489 1845 2549 1898 in
2581 1845 2831 1900 manibus
2850 1850 3111 1907 tenerent;
3136 1857 3198 1895 ac
3223 1840 3388 1914 totius
3412 1839 3580 1909 Regni
3604 1841 3754 1893 dam-

2195 1908 2326 1986 num
2380 1933 2493 1988 sive
2532 1917 2831 2003 proﬁcuum
2884 1933 3086 2002 optime
3151 1908 3508 2000 praenossent.
3572 1928 3751 1996 Itaque

549 2033 684 2087 grue
706 2018 1016 2090 adiungitur
1044 2021 1300 2074 memoria
1326 2021 1575 2091 pretiosae
1599 2020 1788 2076 mortis
1817 2019 1878 2073 B.
1901 2018 2093 2087 Cincii,
2128 2006 2170 2059 Β
2195 2021 2471 2092 Principes
2495 2022 2685 2094 Re’gni,
2715 2024 2782 2078 de
2816 2023 3045 2077 adventu
3099 2020 3257 2090 Papae
3307 2019 3517 2082 incerti,
3553 2018 3648 2072 sed
3684 2018 3748 2071 de

549 2103 712 2162 Urbis
754 2106 938 2163 Romae
976 2107 1236 2174 meeCti,
1279 2111 1435 2179 cujus
1475 2118 1530 2164 et
1575 2110 1824 2179 superius
1872 2109 2095 2165 virtutes

549 2195 783 2251 breviter
805 2199 1209 2268 descripsimus.
1241 2198 1396 2255 llunc
1437 2200 1653 2265 etenim,
1679 2208 1897 2270 propter
1936 2199 2094 2255 fidem

549 2299 692 2354 sape
707 2287 854 2341 dicto
863 2295 916 2341 et
938 2303 1077 2358 saepe
1097 2288 1492 2357 dieendoPapa:
1509 2288 1771 2357 Gregorio
1779 2289 2091 2355 exhibitam,

552 2372 812 2432 Dominus
845 2385 1027 2432 noster
1057 2376 1212 2433 Iesus
1235 2378 1481 2432 Christth
1501 2378 1756 2448 martyrio
1779 2381 2091 2445 coronavit,

548 2465 774 2534 eiusque
818 2467 1158 2537 sepulchrum
1193 2468 1456 2522 continuo
1488 2467 1675 2536 viginti
1717 2467 2009 2533 miraculis,
2039 2470 2092 2524 in

551 2553 770 2625 Synodo
799 2558 1091 2612 numeratis
1114 2566 1168 2612 et
1193 2557 1448 2628 probatis,
1492 2557 1774 2611 illustravit
1803 2557 1932 2629 (84).
1959 2557 2091 2614 Nam

550 2659 682 2698 cum
719 2646 890 2701 zehim
937 2647 1160 2704 Domini.
1206 2649 1456 2713 haberet,
1505 2655 1558 2702 et
1604 2647 1880 2701 exhiberet
1935 2649 2090 2704 ﬁdem

553 2734 848 2788 secundum
902 2745 1142 2790 sanetam
1201 2737 1519 2806 Apostolica:
1574 2738 1925 2792 institutionis
1979 2738 2092 2792 for-

552 2837 719 2888 mam,
755 2825 967 2881 occisus
993 2835 1076 2882 est
1103 2827 1171 2882 ab
1196 2827 1587 2898 apparitoribus
1609 2826 1940 2882 chriciante
1967 2844 2092 2898 per-

551 2914 862 2970 secutionis.

1071 2991 1077 2997 ’
1151 3008 1376 3065 CAPUT
1411 3009 1478 3063 Χ.

549 3111 835 3191 Conuentus
867 3119 1300 3191 [orchemiensim
1326 3121 1583 3191 Budolphi
1613 3122 1764 3191 Regis
1793 3122 1994 3186 electio,
2019 3138 2095 3176 se-

643 3187 785 3272 ditio
814 3204 846 3240 a
881 3186 1192 3242 Simoniacis
1219 3199 1276 3242 et
1309 3186 1708 3244 Concubinariis
1736 3192 1986 3242 excitata.

735 3275 898 3332 Facto
920 3279 1092 3349 igitur
1115 3287 1376 3333 conventu
1416 3280 1555 3348 apud
1580 3278 1910 3344 Forecheim,
1951 3294 2091 3348 prae-
2119 3311 2158 3366 ϐ

546 3363 643 3418 fati
677 3364 1087 3436 Legatirlitteras
1110 3367 1440 3436 Apostolicas
1495 3368 1548 3422 in
1577 3369 1808 3424 medium
1857 3370 2090 3438 protule-

550 3463 714 3508 runt:
740 3455 912 3521 Quam
933 3473 1129 3527 parum-
1155 3459 1404 3513 dominus
1437 3458 1580 3528 Papa
1629 3460 1692 3514 de
1738 3459 2092 3529 promissione

551 3540 712 3611 Regis
739 3544 948 3601 laatatus
971 3548 1149 3613 fuerit;
1186 3565 1308 3602 cum
1355 3550 1642 3605 adversarii
1685 3549 1934 3611 Ecclesia:
1974 3550 2094 3616 plus

553 3632 811 3698 audaciae,
837 3652 998 3704 quam
1023 3639 1244 3692 terroris
1271 3653 1338 3691 ex
1377 3637 1660 3705 praesentia
1686 3637 1851 3706 Regis
1889 3638 2094 3705 accipe-

549 3729 688 3776 rent.
722 3723 799 3776 Ad
836 3725 956 3789 hoc,
995 3727 1226 3793 aiebant,
1256 3742 1380 3781 eum
1424 3734 1624 3795 petere,
1671 3735 1729 3780 ut
1765 3727 1891 3780 novi
1935 3725 2095 3794 Regis

549 3812 860 3868 electionem
889 3816 955 3869 de
985 3833 1088 3886 qua
1117 3818 1375 3882 audierat,
1421 3816 1476 3870 in
1518 3817 1801 3870 adventum
1846 3816 1964 3885 ejus
1993 3815 2096 3870 dif-

530 3899 771 3980 ferrent,
807 3905 862 3958 si
888 3906 991 3960 hoc
1020 3908 1134 3960 sine
1176 3908 1414 3976 periculo
1443 3907 1557 3960 ﬁeri
1603 3922 1761 3975 posse
1807 3906 2108 3975 perpende--

550 3998 692 4044 rent.
746 3990 966 4046 Peracta
999 3994 1477 4062 igitur..legatione,
1510 3995 1927 4062 Archiepiscopi,
1971 3994 2097 4063 Epi-

554 4081 723 4149 scopi,
753 4081 943 4147 Duces,
992 4082 1346 4147 Marebiones,
1390 4082 1625 4138 Comites
1674 4083 1905 4151 maiores
1939 4091 2099 4151 atque

553 4171 810 4238 minores,
836 4173 1068 4228 debitam
1095 4175 1444 4228 reverentiam
1481 4172 1690 4242 Legatis
1714 4172 2095 4242 impendentes,

553 4273 650 4327 per
676 4275 986 4317 consessum
1017 4266 1211 4334 singuli
1236 4272 1618 4329 surrexerunt;
1645 4270 1717 4328 et,
1747 4272 1879 4332 quot
1911 4250 2099 4317 contu-

555 4349 733 4403 meliis
757 4358 812 4403 et
837 4361 968 4420 quot
996 4355 1245 4421 periculis
1262 4355 1373 4423 iam
1397 4355 1464 4408 ab
1490 4354 1718 4409 Henrico
1751 4353 1902 4423 Rege
1925 4353 2097 4408 allecti

556 4447 775 4512 essent;
822 4441 912 4494 vel
965 4457 1030 4495 se
1066 4442 1382 4496 alliciendos
1423 4442 1535 4496 fore
1594 4459 1701 4497 non
1753 4445 2054 4523 dubitarent
2080 4485 2094 4509 ,

555 4527 768 4599 Legatis
812 4531 1090 4586 lamentari
1130 4540 1441 4601 coeperunt;
1485 4547 1647 4601 seque
1679 4534 1834 4588 toties
1877 4534 2098 4588 insidias

2195 2112 2429 2166 maxima
2467 2113 2804 2169 dissensione
2829 2121 3090 2167 eventura
3116 2119 3174 2166 et
3207 2109 3464 2178 periculo,
3497 2109 3542 2162 si
3572 2107 3752 2162 differ-

2193 2209 2333 2266 rent,
2358 2203 2684 2270 certissimi;
2738 2213 2952 2272 accepta
2993 2203 3207 2257 licentia
3254 2216 3282 2254 a
3325 2199 3560 2269 Legatis,
3614 2200 3751 2267 apud

2193 2290 2559 2362 Magontinum
2589 2294 3064 2363 Archiepiscopum
3097 2299 3486 2353 convenerunt,
3522 2297 3578 2343 et
3621 2289 3749 2358 quid

2191 2380 2272 2434 eis
2292 2383 2555 2451 agendum
2580 2391 2724 2437 esset
2758 2378 3017 2452 singulari
3061 2380 3331 2450 diligentia
3377 2379 3605 2432 invicem
3639 2386 3752 2430 tra-

2190 2478 2469 2525 ctaverunt
2494 2490 2506 2524 :
2535 2471 2936 2528 considerantes
2973 2471 3187 2540 quidem
3234 2484 3293 2523 se
3333 2467 3398 2522 ad
3433 2467 3640 2520 nullam
3674 2466 3751 2519 di-

2191 2558 2443 2614 lationem
2495 2561 2562 2614 ab
2588 2560 2898 2630 Apostolico
2921 2568 3160 2623 coactos,
3197 2558 3288 2612 sed
3318 2557 3421 2610 hoc
3468 2557 3520 2609 in
3559 2571 3749 2609 eorum

2190 2650 2413 2704 arbitrio
2438 2651 2671 2720 positum
2692 2666 2850 2717 esse;
2878 2649 3168 2704 necralicui
3185 2647 3410 2701 nisi-sibi
3438 2645 3569 2714 ipsis
3598 2645 3750 2698 dein-

2190 2753 2316 2808 ceps
2343 2739 2712 2810 imputandum
2749 2739 2883 2805 fore,
2931 2741 2977 2793 si
3020 2739 3208 2793 dilatio
3249 2744 3484 2791 noceret.
3527 2734 3693 2803 lnsup
3728 2741 3752 2787 r

2191 2843 2250 2882 se
2296 2829 2499 2883 nullius
2539 2830 2891 2897 subiectionis
2945 2828 3270 2882 exhibenda:
3309 2825 3540 2880 Henrico
3609 2824 3748 2894 Regi

2189 2919 2472 2983 obnoxios,
2503 2919 2612 2972 imo
2643 2934 2737 2988 per
2760 2917 3051 2987 Apostolici
3078 2916 3240 2970 banni
3262 2915 3748 2983 transgressionem

2188 3009 2522 3063 damnandos
2553 3049 2568 3075 ,
2621 3009 2667 3062 si
2719 3009 2953 3077 aliquam
2990 3005 3378 3074 subiectionem
3429 3003 3560 3072 Regi
3592 3003 3749 3056 dein-

2190 3110 2316 3164 ceps
2390 3097 2724 3150 exhibean
2797 3083 2932 3149 Nam
2991 3095 3133 3163 Papa
3164 3134 3180 3159 ,
3238 3094 3554 3162 priusquam
3613 3098 3741 3145 eum

2191 3184 2688 3248 anatliematizaret,
2720 3200 2785 3238 ex
2818 3192 2970 3252 parte
3011 3182 3396 3250 omnipotentis
3441 3180 3533 3234 Dei
3582 3189 3641 3233 et
3691 3179 3747 3232 S.

2191 3273 2336 3326 Petri
2386 3281 2442 3326 et
2497 3288 2614 3338 sua,
2668 3273 2745 3326 illi
2800 3272 3043 3341 Regnum
3095 3269 3404 3334 interdixit;
3455 3277 3514 3323 et
3559 3284 3750 3323 omnes

2190 3363 2526 3417 Christianos
2554 3363 2885 3431 iuramento,
2929 3362 3074 3430 quod
3123 3360 3226 3414 sibi
3263 3358 3517 3413 fecissent
3548 3360 3636 3412 vel
3673 3358 3753 3449 fa:

2191 3454 2329 3508 cturi
2353 3462 2553 3518 essent,
2586 3453 2841 3517 absolvit;
2877 3460 2952 3516 et,
2983 3459 3042 3503 ut
3073 3450 3249 3503 nullus
3269 3449 3341 3512 ei,
3374 3459 3434 3502 ut
3467 3448 3598 3518 Regi
3632 3448 3752 3503 sei-4

2190 3543 2347 3607 viret;
2370 3542 2678 3596 interdixit:
2716 3543 2810 3610 qui
2830 3575 2841 3592 .‹
2861 3549 3045 3610 postea
3089 3541 3158 3593 ah
3204 3553 3268 3596 eo
3301 3537 3749 3592 Communioncm

2191 3639 2420 3694 tantum,
2456 3644 2564 3682 non
2615 3629 2886 3698 Regnum,
2940 3630 3076 3683 falsa
3124 3628 3477 3682 correctionis
3509 3629 3751 3696 promis-

2194 3719 2348 3774 sione
2375 3719 2731 3786 recuperavit.

2261 3807 2349 3862 85.
2405 3807 2521 3862 Hoc
2570 3808 2732 3877 igitur
2784 3806 3064 3875 Principes
3113 3805 3283 3875 Regni
3337 3803 3750 3872 diligentissime

2192 3897 2533 3968 perscrutati,
2569 3913 2626 3952 se
2659 3897 2871 3966 quidem
2927 3911 2966 3950 a
3002 3895 3165 3964 Regis
3217 3892 3431 3947 Henrici
3485 3899 3752 3960 potestate

2194 3987 2427 4055 penitus,
2461 3995 2524 4054 ut
2555 3986 2868 4054 pmdictum
2894 3992 2995 4049 est,
3026 3982 3416 4050 emancipatus,
3450 3994 3550 4033 nec
3579 3996 3640 4034 se
3676 3980 3749 4034 illi

2194 4075 2338 4142 plus,
2373 4089 2536 4142 quam
2569 4074 2720 4126 illum
2765 4073 2870 4127 illis
2902 4073 3130 4139 alicuius
3180 4070 3452 4124 ﬁdelitatis
3497 4069 3580 4122 vel
3621 4071 3751 4123 sub-

2189 4162 2442 4230 iectionis
2468 4161 2816 4230 (iuramento)
2843 4161 3148 4225 obnoxios;
3202 4166 3262 4212 ut
3293 4159 3446 4212 liberi
3477 4158 3748 4224 homines,

2197 4251 2536 4321 Rudolphum
2568 4250 2765 4305 Ducem
2793 4250 3113 4316 Suevorum,
3151 4249 3350 4304 frustra
3387 4249 3615 4302 multum
3660 4265 3749 4303 re-

2194 4343 2469 4413 nitentem,
2527 4341 2834 4410 frustraque
2883 4341 2964 4404 vel
2991 4341 3151 4394 unius
3185 4340 3332 4393 boue
3386 4338 3630 4392 inducias
3683 4339 3748 4392 ad

2195 4416 2580 4487 consulendum
2616 4439 2905 4499 petentem,
2937 4429 3101 4497 Regia
3127 4428 3384 4496 dignitate
3419 4426 3742 4480 sublimave-

2193 4529 2368 4575 runt:
2393 4520 2571 4574 virum
2603 4534 2732 4573 sane
2782 4519 2836 4570 in
2875 4517 3174 4570 humilitate
3202 4515 3556 4583 prxecipuum,
3594 4517 3748 4585 regio

554 4618 675 4688 eius
699 4621 839 4675 inter
873 4623 988 4691 ipsa
1016 4622 1162 4690 pacis
1202 4622 1386 4676 oscula
1415 4621 1498 4674 vix
1522 4610 1774 4687 evasisse,
1801 4631 1858 4676 ut
1884 4638 1981 4677 nec
2007 4625 2097 4693 iu-
2128 4628 2170 4681 D
2195 4611 2387 4664 honori
2437 4616 2590 4664 male
2637 4615 2693 4662 ει
2721 4607 2963 4661 moribus
3007 4606 3259 4659 idoneum
3285 4621 3298 4670 ;
3331 4604 3487 4672 eique
3541 4617 3600 4658 δε
3649 4605 3747 4658 ἀθ-

556 4718 800 4764 ramento
819 4693 936 4779 eius
957 4710 1456 4779 deinceps-aliquam
1491 4709 1646 4763 ﬁdem
1677 4712 1925 4766 exhibere
1967 4728 2110 4782 ρος-γ

522 4810 534 4818 ‘
555 4810 694 4855 sent.
723 4797 836 4855 Hoc
863 4816 1077 4872 quoque
1096 4802 1369 4866 addentes,
1393 4815 1452 4855 se
1471 4799 1676 4854 tamdiu
1702 4816 1823 4855 eum
1853 4811 1976 4872 post
2001 4803 2096 4856 de-

555 4889 875 4957 positionem
917 4880 1194 4956 tolerasse,
1241 4906 1349 4944 non
1389 4891 1571 4960 utique
1615 4897 1675 4944 ut
1715 4892 2097 4946 correctionem

557 4979 696 5047 eius,
723 4989 905 5050 utpote
931 4982 1144 5053 penitus
1172 4970 1527 5051 desperatam,
1563 4987 1935 5050 exspectarent
1959 4999 1972 5045 ;
2004 4981 2098 5034 sed

556 5075 619 5122 ut
665 5068 985 5146 quibusdam
1027 5073 1364 5127 occasionem
1404 5069 1765 5127 calumniandi
1807 5067 2096 5133 auferrent,

558 5157 654 5225 qui
683 5155 911 5212 fortasse
929 5159 1000 5223 ei,
1027 5159 1072 5214 si
1111 5176 1226 5214 non
1259 5163 1464 5217 tamdiu
1498 5168 1887 5232 expectaretur,
1913 5173 2096 5213 corre—

559 5246 794 5301 ctionem
829 5245 1170 5307 interclusam
1207 5247 1322 5303 fore
1360 5259 1846 5321 conquererentur;
1881 5256 2099 5317 totaque

557 5335 650 5389 illa
671 5335 758 5389 die
795 5349 919 5390 cum
959 5335 1264 5405 huiusmodi
1306 5330 1653 5407 querimoniis
1686 5345 1975 5405 transacta,
2001 5352 2099 5392 nec

558 5423 900 5480 medietatem
953 5425 1270 5504 iniuriarum
1325 5427 1426 5482 sibi
1470 5426 1740 5481 illataan
1783 5443 2099 5484 enumerare

560 5521 872 5583 potuerunt.
959 5559 974 5568 .

633 5669 746 5741 (83)
777 5670 970 5729 Mirum
997 5681 1080 5728 est
1105 5673 1249 5728 hunc
1273 5685 1536 5741 nusquam
1568 5669 1704 5722 inter
1757 5667 2100 5741 Augustauos

570 5733 793 5806 Sanctos
820 5743 1151 5796 nominatum
1197 5733 1446 5805 inveniri,
1490 5755 1553 5794 ac
1585 5751 1757 5806 neque
1780 5733 1989 5789 de'loco
2014 5752 2098 5788 sc-

566 5805 896 5880 pult_u_r.n__vel
916 5811 1002 5864 dic
1025 5809 1530 5880 mortisquidquam
1563 5805 1684 5877 legi.
1896 5873 1908 5880 _
2021 5870 2030 5880 ,

642 5875 749 5937 (εδ-ιι
775 5873 987 5932 Utinam
1022 5873 1276 5936 miracula
1326 5873 1410 5931 illa
1441 5873 1711 5932 exstarent
1745 5873 2084 5944 cumgbeatili

2195 4701 2306 4755 bito
2345 4699 2614 4754 tidelitatis
2657 4705 3001 4752 sacramento
3029 4695 3398 4751 subdiderunt.
3428 4693 3530 4759 Qui
3558 4694 3750 4764 utique

2196 4791 2457 4860 Regnum,
2505 4804 2613 4842 non
2655 4795 2718 4841 ut
2754 4787 3052 4857 proprium,
3108 4785 3201 4840 sed
3246 4800 3344 4854 pro
3387 4784 3749 4853 dispositione

2195 4880 2298 4933 sibi
2331 4878 2594 4931 creditum
2625 4885 2903 4944 reputans,
2937 4890 3097 4928 omne
3141 4875 3525 4928 hereditarium
3564 4875 3662 4942 ius
3693 4876 3748 4927 in

2195 4981 2262 5020 eo
2289 4964 2604 5034 repudiavit,
2632 4972 2687 5017 et
2715 4963 2795 5016 vel
2826 4964 2946 5016 [ilio
2981 4977 3081 5016 suo
3128 4977 3188 5017 se
3231 4963 3336 5024 hoc
3365 4963 3750 5029 adoptaturum

2165 5053 2312 5108 't‘ore
2365 5052 2578 5121 penitus
2647 5051 2928 5120 abnegavit
2973 5067 2986 5103 :
3051 5049 3352 5118 iustissime
3409 5049 3463 5102 in
3517 5050 3750 5114 arbitrio

2196 5143 2502 5212 Principum
2547 5157 2666 5197 esse
2696 5142 3010 5203 decernens,
3083 5146 3144 5192 ut
3176 5146 3297 5208 post
3347 5147 3576 5193 mortem
3624 5141 3749 5210 eius

2197 5235 2358 5288 libere
2391 5247 2498 5287 non
2520 5230 2690 5301 magis
2713 5230 2879 5282 tilium
2906 5229 3023 5298 eius
3049 5243 3234 5297 ,quam
3275 5227 3438 5281 alium
3464 5213 3747 5298 eligerent,

2196 5324 2300 5380 nisi
2328 5337 2487 5392 quem
2519 5321 2585 5375 ad
2615 5320 2668 5374 id
2693 5317 2944 5373 culminis
2965 5326 3120 5372 aetate
3160 5327 3214 5371 et
3245 5331 3456 5371 morum
3481 5320 3750 5388 gravitate

2195 5414 2414 5484 dignum
2457 5409 2802 5464 invenissent.
2832 5406 2985 5461 Hunc
3033 5407 3193 5477 igitur
3220 5407 3582 5476 Rudolphum,
3607 5410 3746 5479 legi-

2196 5503 2324 5557 time
2354 5502 2602 5567 electum,
2647 5497 3049 5567 Archiepiscopi
3097 5496 3435 5566 llogontinus
3491 5506 3554 5550 et.
3596 5497 3748 5568 Mag-

2197 5653 2425 5708 cationis
2448 5654 2681 5730 decreto,
2715 5651 2895 5730 itaque
2918 5649 3045 5730 die_s_
3070 5651 3152 5730 sui
3184 5652 3358 5730 cultus
3384 5651 3502 5706 viro
3529 5651 3747 5730 restitui

2197 5730 2398 5789 posset,
2441 5730 2552 5774 tam
2605 5721 2766 5790 digno
2811 5718 2949 5790 inter
2999 5718 3253 5790 Martyres
3301 5721 3598 5786 honorari;
3649 5725 3746 5773 aut

2201 5788 2387 5844 saltem
2413 5790 2642 5844 sciretur
2671 5788 2765 5843 ubi
2797 5788 3038 5857 sepultus
3070 5788 3157 5843 sit.
