3902 6342
544 448 600 498 ἔιΙ
1735 455 1789 509 S.
1825 457 2120 512 lilIlLGlMil

2259 459 2342 512 vu
2382 457 2554 538 tum
3683 462 3750 515 ξιξ

546 558 706 611 Paule
727 558 1702 633 Dm'torgeutium,dignaminiqmeso
1719 584 1878 622 aures
1895 579 2101 623 vestras
2132 575 2170 627 Α
2201 572 2291 636 ψεῖ
2339 569 2447 623 Ilcx
2497 571 2831 638 liudolphus,
2869 571 3181 625 festinanter
3213 574 3278 626 ad
3305 574 3583 634 tuenti-5'50
3607 591 3751 628 nun-

547 651 610 701 azl
630 667 712 700 me
728 651 1004 714 inclinare,
1027 669 1216 721 tneque
1231 656 1519 707 clementer
1534 657 1809 720 exaudire;
1828 660 1953 726 quia
1972 660 2104 710 veri-

546 740 670 806 tatis
693 740 822 793 estis
843 741 1092 809 discipuli
1114 752 1165 794 et
1195 755 1497 808 amatores;
1527 747 1804 814 azljuvare,
1830 757 1887 800 ut
1910 749 2103 800 verita—

548 839 709 881 tau-m
753 831 904 881 vobis
961 832 1159 896 dicant,
1205 836 1353 886 omni
1406 845 1610 890 remota
1659 837 1908 902 falsitate,
1939 854 2102 905 quam

547 921 768 974 omnino
813 921 1192 986 detestantiui;
1241 934 1298 976 ut
1333 925 1547 979 I-‘ratres
1597 926 1700 979 mei
1737 928 1928 980 melius
1974 929 2104 980 Inibi

548 1009 913 1076 acquiescant,
941 1020 992 1063 et
1024 1012 1196 1065 sciant
1226 1024 1276 1066 et
1312 1014 1630 1083 intelligant,
1672 1017 1798 1084 quia
1833 1034 1901 1072 ex
1929 994 2103 1071 vestra

549 1099 764 1161 lidueia,
795 1111 914 1167 post
953 1099 1238 1155 hominum
1263 1113 1314 1156 et
1349 1115 1574 1169 matrem
1601 1105 1719 1173 ejus
1745 1123 1955 1175 semper
1985 1106 2010 1158 ι
2029 1108 2104 1160 ir-

551 1190 726 1256 ginem
754 1188 994 1255 Mariam,
1025 1193 1204 1260 pravis
1227 1205 1277 1246 et
1303 1195 1502 1264 iniquis
1529 1197 1740 1257 resisto,
1767 1198 1960 1252 vestris
2005 1215 2103 1251 au-

552 1289 657 1331 tem
711 1280 956 1334 ﬁdelibus
1000 1283 1261 1335 auxilium
1317 1296 1531 1352 pnesto.
1567 1278 1672 1339 Vos
1715 1296 1893 1340 autem
1933 1289 2103 1352 scitis,

551 1371 678 1439 quia
731 1387 838 1423 non
877 1372 1104 1425 libenter
1147 1376 1212 1427 ad
1262 1392 1371 1428 sac:
1390 1392 1478 1430 um
1520 1375 1770 1430 Ordinem
1801 1379 2028 1444 accessi,
2055 1389 2108 1432 et

553 1448 752 1513 ini‘itns
800 1464 936 1516 ultra
982 1474 1190 1517 montes
1214 1482 1336 1518 eum
1367 1467 1548 1520 domin
1574 1466 1750 1536 iPapa
1773 1469 2110 1538 (9ljllrego-

553 1552 635 1602 rio
658 1552 766 1606 abii
806 1573 817 1605 :
851 1555 941 1607 sed
978 1557 1147 1623 magis
1175 1556 1374 1612 invitus
1417 1575 1540 1612 eum
1563 1558 1785 1612 domino
1809 1575 1929 1612 meo
1966 1558 2108 1628 Papa

557 1640 732 1695 Leone
762 1645 828 1697 ad
859 1656 1088 1698 vestram
1117 1649 1403 1714 specialem
1429 1649 1721 1704 Eeclesiam
1743 1649 1896 1714 redii,
1922 1651 1976 1703 in
2003 1667 2108 1718 qua

556 1743 845 1803 utrumque
888 1737 971 1789 vol
993 1737 1039 1791 is
1089 1740 1351 1792 deservivi
1385 1759 1396 1793 :
1427 1740 1639 1802 deinde,
1688 1739 1840 1793 valde
1887 1740 2106 1806 invitas,

554 1841 677 1877 eum
715 1842 909 1894 magno
933 1829 1118 1882 dolore
1157 1839 1208 1901 et
1235 1831 1434 1899 gemitu
1469 1841 1521 1884 et
1545 1831 1781 1900 planctu,
1821 1831 1872 1884 in
1915 1833 2109 1884 throno
2145 1865 2159 1901 _-

557 1925 736 1967 vestro
753 1918 905 1970 valde
933 1919 1182 1988 indignus
1205 1937 1324 1974 sum
1347 1921 1663 1975 collocatus.
1685 1919 1805 1974 Ilaec
1823 1922 1942 1974 ideo
1966 1920 2106 1984 dico,

553 2008 680 2072 quia
710 2026 809 2076 ego
836 2024 941 2061 non
968 2026 1062 2063 vos
1089 2009 1244 2079 elegi,
1273 2012 1365 2064 sed
1403 2026 1497 2064 vos
1527 2028 1612 2065 me
1630 2011 1888 2080 elegistis,
1912 2019 1964 2063 et
1984 2027 2108 2080 gra-

554 2096 834 2150 vissimum
860 2100 1069 2167 pondus
1106 2110 1297 2154 vestra:
1319 2099 1570 2155 Ecclesia:
1608 2118 1769 2170 super
1801 2119 1885 2155 mc
1924 2102 2109 2170 posui-

555 2187 672 2239 slis.
705 2187 766 2240 Ει
791 2190 916 2256 quia
961 2206 1123 2258 super
1165 2201 1402 2246 montem
1427 2193 1700 2246 excelsum
1735 2203 1833 2246 ‘me
1855 2192 2112 2259 ,jassistis

555 2278 954 2343 ast‘t’lltlt‘l‘c,.t'l
1001 2281 1268 2345 clamare,
1306 2291 1360 2334 et
1400 2281 1721 2336 annuntiare
1768 2283 1968 2350 popqu
2021 2280 2110 2334 Dei

556 2367 760 2420 scelera
810 2385 1020 2434 eorum,
1065 2380 1118 2424 et
1174 2372 1297 2426 liliis
1341 2371 1592 2427 Ect-lesia:
1639 2383 1854 2442 peccata
1889 2388 2109 2437 eorum;

559 2459 799 2513 tnemlu-a
843 2457 1044 2513 diaboli
1075 2472 1570 2529 ru-peruntcontra
1616 2481 1700 2516 me
1742 2465 2038 2531 insurgere,
2061 2471 2114 2514 ct

558 2563 730 2616 usque
769 2549 834 2601 ad
880 2551 1193 2617 sanguinem
1230 2562 1687 2621 pnesutupserunt
1730 2553 1894 2606 inme
1920 2567 2113 2605 manus

557 2655 685 2692 suas
721 2640 956 2708 injicere.
1006 2642 1305 2696 Astiteruut
1345 2642 1515 2713 Reges
1555 2651 1731 2708 teme,
1755 2652 1810 2696 et
1841 2642 2115 2710 Principes

557 2739 953 2795 convenerunt;
1011 2733 1300 2788 sxculares
1348 2742 1407 2788 et
1454 2733 1836 2796 ecclesiastici,
1881 2731 2042 2785 aulici
2065 2739 2118 2783 et

560 2820 808 2886 vulgares
829 2831 1198 2875 convenerunt
1221 2823 1272 2876 in
1306 2840 1496 2890 unum,
1520 2824 1780 2878 adversus
1806 2822 2113 2887 Dominum,

557 2920 608 2962 et
630 2911 890 2965 a-lversus
925 2929 1021 2966 vos
1066 2913 1313 2969 Clu-istos
1339 2915 1478 2982 ejus,
1514 2914 1752 2968 dicentes
1782 2933 1794 2966 :
1836 2914 2118 2980 Dirumpa-

561 3016 683 3052 mus
723 3001 934 3054 \‘ltltillla
964 3017 1174 3066 eorum,
1207 3013 1260 3056 ct
1291 3005 1639 3073 projiciautus
1683 3020 1716 3058 a
1747 3005 1903 3058 nobis
1926 3004 2117 3074 jugum

562 3090 837 3158 ipsorum;
880 3103 959 3154 ct,
994 3103 1051 3146 ut
1079 3110 1164 3147 me
1209 3097 1435 3150 omnino
1466 3106 1640 3150 morte
1669 3097 1750 3149 vel
1776 3096 1968 3149 exsilio
1989 3111 2120 3149 con-

2203 663 2297 724 tio,
2322 661 2576 714 indieavit
2685 670 2933 714 coactum
2977 661 3144 730 Regni
3185 663 3545 731 gubernacula
3565 679 3753 718 susce—

2201 751 2363 818 pisse,
2391 758 2569 803 tamen
2597 767 2654 802 se
2677 760 2922 819 paratum
2967 751 3098 804 mihi
3141 753 3394 806 omnibus
3430 753 3605 807 modis
3627 752 3754 806 obe-

2201 841 2333 893 dire.
2373 839 2437 912 Et
2470 850 2527 893 ut
2550 840 2652 894 hoc
2693 840 2870 894 verius
2893 841 3166 906 credatur,
3195 840 3420 910 'semper
3438 859 3503 895 ex
3525 857 3592 895 co
3607 851 3755 894 tem-

2203 930 2586 997 porecumdem
2604 930 3051 984 sermonemmihi
3070 931 3215 983 misit
3243 949 3256 983 :
3284 929 3541 998 adjiciens
3567 931 3756 994 etiarn,

2202 1021 2312 1073 tilio
2355 1036 2474 1073 meo
2496 1021 2682 1074 obside
2703 1029 2766 1073 et
2805 1020 2976 1074 fidelis
3015 1020 3098 1074 sui
3141 1020 3411 1074 Bertholdi
3459 1021 3588 1083 lilio,
3611 1022 3758 1088 quod

2203 1109 2550 1177 promittebat
2565 1110 2800 1163 firmare.
2827 1108 3030 1164 Interea
3057 1108 3318 1164 Henricus
3334 1110 3495 1178 capit
3519 1126 3604 1163 me
3632 1125 3762 1178 prae

2203 1201 2335 1263 cari,
2377 1209 2436 1252 ut
2477 1201 2627 1254 illum
2654 1208 2841 1253 contra
2883 1200 3196 1268 pnedictum
3237 1199 3578 1268 Rudolphum
3601 1199 3761 1265 adju-

2205 1305 2407 1342 varetn.
2454 1291 2552 1342 Cui
2601 1287 2853 1360 respondi
2904 1305 2988 1343 me
3036 1289 3262 1342 libenter
3321 1289 3531 1360 facere,
3577 1288 3796 1345 audita.

2207 1379 2490 1447 utriusque
2519 1379 2686 1447 partis
2715 1378 2944 1442 ratione,
2985 1387 3043 1431 ut
3078 1379 3270 1432 scirem
3308 1378 3627 1446 cuijustitia
3653 1395 3758 1431 tua-

2207 1469 2288 1538 gis
2319 1469 2539 1523 faveret.
2565 1468 2655 1522 Ille
2670 1477 2850 1525 autem
2875 1478 3071 1538 putans
3089 1470 3202 1523 suis
3224 1469 3428 1522 viribus
3449 1483 3572 1521 eum
3607 1484 3766 1536 posse

2207 1559 2508 1624 devinccre,
2550 1575 2723 1613 meam
2763 1559 3089 1628 contempsit
3136 1559 3560 1626 responsionem.
3611 1557 3765 1609 Post—

2207 1665 2372 1720 quam
2415 1657 2595 1703 autem
2631 1651 2899 1719 persensit
2923 1664 2982 1702 se
3007 1665 3111 1702 non
3137 1664 3312 1717 posse,
3336 1649 3473 1701 sicut
3507 1649 3764 1716 speravit,

2209 1755 2395 1808 agere,
2456 1739 2566 1794 duo
2610 1739 2858 1808 Episcopi
2909 1739 3042 1807 (93),
3106 1737 3461 1792 Virdunensis
3522 1739 3764 1791 videlicet

2209 1841 2263 1884 ct
2285 1831 2396 1899 (96)
2424 1828 2867 1898 Ofenbutgensis,
2888 1830 2955 1882 de
2977 1828 3356 1883 consentaneis
3395 1828 3510 1881 suis
3541 1826 3766 1880 Romam

2210 1929 2503 1985 venerunt;
2549 1931 2602 1974 et
2633 1921 2686 1973 in
2722 1918 2937 1990 Synodo
2965 1936 3028 1972 ex
3061 1926 3211 1987 parte
3247 1917 3482 1981 llenrici,
3523 1933 3609 1971 tne
3643 1927 3701 1970 ut
3722 1921 3768 1970 ei

2207 2013 2476 2085 justitiam
2519 2011 2773 2072 facerem,
2797 2016 3156 2078 rcgaverunt;
3191 2008 3334 2077 quod
3373 2016 3426 2060 et
3456 2007 3634 2060 nuntii
3659 2005 3771 2059 fua-

2211 2102 2394 2170 dolphi
2419 2103 2532 2156 lieri
2561 2101 2936 2154 Iaudaverunt.
2954 2098 3188 2152 Tandem
3212 2097 3486 2165 aspirante
3508 2096 3766 2161 Deo,sic-

2214 2203 2273 2248 ut
2306 2193 2488 2256 credo,
2524 2190 2687 2245 statui
2729 2189 2782 2242 in
2813 2189 3001 2243 eadem
3029 2188 3268 2258 Synodo,
3307 2186 3359 2239 in
3397 2188 3648 2255 partibus
3685 2185 3766 2240 [l-

2215 2283 2572 2338 tramontanis
2605 2281 2720 2335 fieri
2748 2280 3099 2348 colloquium,
3148 2286 3207 2331 ut
3244 2278 3351 2330 illia
3377 2285 3471 2330 aut
3510 2293 3613 2345 pax
3661 2287 3772 2331 sla-.

2213 2383 2471 2436 tueretur,
2501 2380 2594 2426 aut
2625 2370 2714 2424 cui
2749 2370 2870 2438 plus
2898 2369 3108 2438 justitia
3153 2367 3373 2431 faveret,
3409 2381 3772 2435 cognoscere-

2217 2472 2318 2518 tur.
2347 2461 2456 2532 ligo
2481 2461 2646 2526 enim,
2667 2461 2807 2520 sicut
2827 2475 2924 2513 vos
2949 2459 3084 2512 mihi
3103 2467 3266 2512 testes
3299 2458 3449 2521 estis,
3495 2456 3690 2510 Patres
3726 2466 3774 2508 et

2216 2553 2426 2606 ltoniini
2459 2553 2584 2616 mei,
2624 2566 2798 2618 usque
2837 2550 2995 2603 hodie
3035 2549 3236 2602 nullam
3283 2555 3489 2615 partem
3526 2546 3773 2614 disposui

2215 2661 2246 2697 a
2269 2644 2499 2710 ljuvare,
2523 2641 2625 2695 nisi
2647 2655 2789 2703 eam,
2811 2641 2898 2692 cui
2930 2639 3051 2707 plus
3079 2637 3286 2706 justitia
3311 2636 3532 2690 faveret.
3564 2634 3631 2688 Et
3652 2636 3773 2703 quia

2217 2733 2470 2803 putabam
2502 2731 2628 2800 quia
2659 2729 2911 2797 injustior
2939 2745 3065 2797 pars
3099 2727 3427 2794 colloquium
3450 2725 3620 2779 nollet
3642 2725 3773 2803 fieri.

2218 2825 2308 2877 ubi
2338 2823 2545 2892 justitia
2570 2836 2730 2876 suum
2771 2820 2948 2874 locum
2974 2826 3248 2880 servaret;
3285 2816 3774 2892 excommunicaij,

2217 2925 2271 2968 et
2299 2912 2630 2967 anathemati
2671 2909 2884 2979 alligavi
2926 2921 3117 2962 omnes
3169 2921 3450 2974 personas,
3474 2905 3589 2958 sive
3620 2904 3773 2979 Regis

2221 3005 2332 3058 sive
2375 3002 2534 3055 Ducis
2572 3009 2667 3054 aut
2710 2999 2959 3068 Episcopi
2999 3005 3092 3051 aut
3138 2996 3368 3064 alicujus
3396 2995 3656 3072 hominis,
3690 2995 3778 3063 qui

2220 3093 2547 3161 colloquium
2569 3091 2749 3159 aliquo
2771 3089 2986 3159 ingenio
3022 3084 3305 3155 inquadiret
3328 3093 3386 3138 ut
3405 3100 3512 3138 non
3537 3086 3710 3155 fieret.

561 3182 866 3249 funderent,
908 3185 1090 3238 multis
1131 3187 1306 3240 modis
1359 3188 1541 3241 conati
1569 3195 1695 3241 sunt
1718 3188 1772 3239 in
1815 3202 1900 3240 me
1935 3187 2118 3240 insur—
2149 3206 2188 3259 ε
2289 3185 2378 3236 98.
2413 3201 2430 3232 ι
2469 3181 2764 3236 Przedietus
2799 3186 2978 3230 autem
3022 3175 3286 3229 Hernicus
3310 3189 3433 3227 cum
3458 3175 3576 3228 suis
3606 3175 3756 3228 fante

563 3289 704 3341 gere.

634 3363 720 3417 97.
773 3383 791 3414 ί
839 3363 980 3419 Inter
1023 3383 1160 3436 quos
1190 3369 1493 3435 specialiter
1523 3368 1804 3433 Ilenricus,
1845 3384 2005 3437 quem
2041 3367 2123 3420 di-

565 3465 695 3506 cunt
732 3455 948 3523 Regem,
981 3457 1191 3512 lietn-iei
1235 3457 1580 3525 Imperatods
1627 3460 1790 3521 lilius,
1819 3468 2005 3511 contra
2031 3473 2122 3510 ve—

565 3554 734 3600 stram
788 3548 1101 3602 calcancum
1149 3551 1318 3602 erexit
1376 3549 1712 3612 Ecclesium,
1793 3548 1932 3602 facta
1998 3564 2123 3602 cum

568 3639 754 3691 multis
794 3637 1219 3693 Ijltratnontanis
1243 3649 1296 3694 ct
1334 3639 1532 3694 Italicis
1576 3640 1996 3708 conspiratione,
2023 3655 2125 3692 an-

567 3729 766 3793 nitens,
809 3745 893 3783 me
929 3729 1249 3798 dejiciendo,
1291 3748 1410 3784 eam
1466 3732 1568 3785 sibi
1616 3731 1923 3800 subjugare.
1958 3729 2126 3798 Cujus

569 3821 834 3888 superbia:
873 3830 1053 3875 vestra
1101 3821 1305 3875 resistit
1343 3824 1660 3886 auctoritas,
1689 3838 1917 3890 eamque
1952 3831 2128 3877 vestra

568 3911 1107 3981 destrrvit'potestas
1132 3954 1143 3965 .
1175 3915 1267 3981 qui
1308 3916 1570 3968 confusus
1599 3924 1654 3967 et
1678 3913 2014 3978 humiliatus,
2060 3915 2127 3967 ad

571 4015 657 4054 me
691 4003 764 4082 oin
823 4001 1250 4072 Longobanliam
1307 4005 1559 4070 veniens,
1616 4003 2013 4057 absolutionem
2062 4004 2130 4056 ah

569 4093 1127 4147 exconnnunicatizme
1170 4095 1437 4162 quaesivit.
1483 4095 1651 4160 Quem
1687 4108 1787 4163 ego
1810 4094 1996 4149 videns
2025 4095 2128 4147 Illl-

572 4183 860 4248 tniliatum,
895 4185 1078 4236 multis
1108 4186 1175 4236 ab
1198 4203 1262 4236 eo
1304 4186 1752 4252 promissionilms
1787 4186 2019 4254 acceptis
2065 4185 2131 4238 de

570 4279 694 4329 vita:
717 4293 828 4328 sua:
851 4275 1249 4337 emendatione,
1280 4276 1450 4329 solam
1471 4277 1519 4329 ei
1552 4276 1988 4328 communionem
2015 4276 2134 4330 red-

571 4367 716 4431 didi;
761 4382 866 4420 non
899 4375 1079 4419 tamen
1120 4366 1172 4418 in
1209 4365 1412 4434 Ilegno,
1454 4383 1483 4420 a
1519 4383 1628 4435 quo
1656 4381 1779 4419 eum
1808 4365 1861 4418 in
1891 4365 2131 4419 Romana

575 4459 794 4527 Synodo
814 4461 1195 4526 deposueram,
1225 4459 1520 4511 instauravi
1543 4476 1556 4521 ;
1581 4475 1676 4511 nec
1701 4457 2006 4512 ﬁdelitatem
2037 4459 2133 4512 Ito-

2225 3275 2396 3336 ribus,
2419 3287 2528 3326 non
2549 3271 2746 3325 timens
2775 3268 3069 3336 perieulum
3094 3264 3489 3328 inobedientiae,
3529 3266 3681 3332 quod
3701 3274 3781 3318 est

2225 3365 2401 3416 scelus
2436 3361 2774 3423 idololatriae,
2811 3357 3138 3425 colloquium
3181 3354 3520 3422 impediendo
3559 3369 3782 3409 exeunt-

2226 3450 2647 3506 munieationcm
2674 3447 2920 3512 incurrit,
2940 3455 2993 3499 et
3011 3445 3246 3513 s;:ipsum
3272 3443 3634 3527 anathemajis
3669 3443 3781 3497 vir.-

2225 3543 2348 3598 culo
2392 3541 2646 3610 alligavit,
2677 3551 3037 3607 magnamque
3085 3535 3482 3588 multitudinem
3519 3534 3783 3588 Christia-

2227 3648 2419 3687 norum
2446 3631 2606 3684 morti
2641 3628 2882 3690 tradidit,
2918 3636 2973 3679 et
2996 3625 3254 3679 ecclesias
3285 3622 3409 3703 fecit
3429 3623 3707 3693 dissipari,
3733 3633 3781 3677 et

2225 3730 2398 3777 totum
2425 3735 2560 3791 pene
2585 3719 3004 3774 Teutonieorum
3045 3714 3290 3784 Regnum
3326 3713 3651 3768 desolationi
3689 3715 3779 3767 de-

2227 3814 2322 3868 dit.
2344 3812 2681 3880 Quapropter
2699 3808 2974 3863 conlidens
2997 3807 3064 3861 de
3092 3804 3299 3874 judicio
3329 3813 3383 3857 et
3411 3804 3784 3859 misericordia

2229 3904 2343 3966 Dei,
2378 3903 2602 3970 ejusque
2630 3900 2888 3970 piissimae
2931 3896 3116 3950 Matris
3155 3910 3370 3963 semper
3410 3892 3652 3961 Virginis
3685 3893 3784 3946 lla.

2231 3997 2343 4056 riae,
2369 3993 2534 4046 fultus
2566 3999 2744 4044 vestra
2776 3985 3443 4054 auctoritate,pra:dictum
3472 3981 3780 4047 Ilenricum,

2231 4101 2389 4154 quem
2409 4082 2595 4136 dicunt
2621 4081 2838 4148 Regem,
2856 4091 3151 4145 omnesque
3177 4074 3415 4129 fautores
3427 4074 3546 4143 ejus
3571 4090 3782 4129 excom—

2233 4170 2586 4225 municationi
2623 4167 2853 4236 subjicio
2885 4175 2941 4220 ct
2965 4166 3325 4220 aizatltematis
3349 4165 3566 4219 vinculo
3592 4165 3780 4236 alligo,

2231 4272 2284 4317 et
2314 4263 2507 4317 iterum
2533 4261 2776 4331 Regnum
2807 4247 3228 4312 Teutonicorum
3256 4265 3308 4311 et
3335 4255 3517 4321 Italiae,
3541 4272 3606 4310 cx
3643 4266 3784 4326 parte

2233 4353 2615 4423 onmipotcntis
2641 4349 2734 4404 Dei
2774 4359 2829 4402 et
2866 4355 3070 4413 vestra,
3106 4347 3431 4402 interdicens
3469 4344 3542 4410 ei,
3571 4361 3782 4400 omnem

2233 4444 2545 4513 dignitatem
2595 4449 2650 4495 et
2691 4447 3014 4509 potestatem
3064 4439 3268 4508 regiam
3312 4438 3386 4491 illi
3423 4437 3585 4500 tollo;
3629 4446 3683 4490 ct
3729 4445 3784 4489 ut

575 4548 803 4610 mimnn,
836 4551 927 4618 qui
959 4549 1058 4602 sibi
1079 4550 1393 4617 juzaverant
1415 4551 1494 4602 vel
1515 4557 1668 4602 erant
1697 4548 1951 4616 juraturi,
1977 4564 2004 4600 a
2027 4565 2120 4617 qua

2237 4535 2417 4589 nullus
2449 4533 2496 4588 ei
2523 4531 2866 4587 Christianus
2892 4530 3032 4584 sicut
3061 4528 3189 4599 Regi
3225 4528 3461 4591 obediat,
3505 4527 3781 4590 interdico,

575 4657 734 4693 omne
760 4642 965 4694 absolvi
1005 4641 1058 4693 in
1095 4640 1280 4693 eadem
1330 4642 1566 4710 Synodo,
1597 4649 1654 4693 ut
1678 4640 2131 4703 sibi.servaretur,

577 4733 820 4798 praecepi.
847 4731 908 4782 ιη
941 4733 1054 4785 luec
1094 4732 1214 4784 ideo
1258 4730 1483 4794 detinui,
1511 4739 1568 4782 ut
1596 4730 1736 4782 inter
1767 4745 1890 4784 cum
1930 4739 1986 4784 et
2011 4728 2135 4800 Epi-

577 4838 772 4890 scopos
815 4822 895 4873 vel
937 4811 1212 4888 Principes
1252 4822 1714 4884 ultramontauos,
1757 4819 1852 4889 qui
1886 4819 1937 4874 ei
1969 4836 2134 4876 causa

572 4913 834 4980 jussionis
860 4919 1051 4965 vestra‘
1074 4908 1674 4976 Ecclesia:restiterant,
1695 4912 1959 4980 justitiam
1992 4911 2136 4966 face-

578 5001 715 5068 rem,
759 5004 842 5055 vel
890 5018 1076 5070 paceni
1119 5017 1522 5070 componerem,
1566 5003 1709 5056 sicut
1738 5003 1852 5070 ipse
1875 5001 2136 5057 Henricus

573 5096 885 5165 juramento
913 5107 1007 5160 per
1031 5093 1167 5144 duos
1193 5092 1485 5164 Episc0pos
1515 5091 1646 5147 mihi
1688 5093 1952 5162 promisit.
1991 5092 2134 5146 Puc-

578 5189 706 5242 dicti
735 5195 912 5240 autem
940 5183 1188 5252 Episcopi
1209 5194 1262 5237 et
1296 5184 1572 5254 Principes
1600 5184 2013 5247 L'ltramontani,
2037 5199 2136 5236 au-

581 5280 789 5334 dientes
829 5278 977 5330 illutn
1030 5293 1135 5329 non
1185 5293 1400 5330 servare
1441 5278 1585 5345 quod
1624 5277 1753 5328 mihi
1795 5276 2136 5344 promiserat,

581 5367 741 5439 quasi
761 5370 1027 5438 desperati
1049 5369 1118 5421 ab
1151 5385 1236 5431 eo,
1259 5370 1373 5422 sine
1396 5383 1515 5421 meo
1532 5367 1780 5428 consilio,
1809 5367 1960 5419 vobis
1992 5365 2140 5419 testi-

583 5461 706 5526 bus,
729 5463 1004 5533 elegerunt
1046 5463 1148 5514 sibi
1192 5460 1532 5530 Rudolphum
1571 5457 1769 5512 Ducem
1809 5457 1861 5508 in
1897 5455 2087 5524 Regem
2124 5475 2136 5508 :

657 5594 768 5658 (ΕΗ)
793 5593 894 5648 Iste
918 5605 999 5648 est
1043 5593 1323 5664 Gregorius
1352 5593 1438 5645 Vl.
1468 5593 1637 5662 Cujus
1664 5593 1764 5645 iter
1786 5588 1945 5644 refert
1974 5587 2138 5641 Baro-

587 5665 708 5717 nius
738 5665 801 5718 ad
834 5681 920 5718 an.
956 5665 1103 5718 I017.

659 5736 768 5794 I93)
821 5735 1166 5787 'I'Iu'mlorinn
1189 5731 1762 5800 Vit-:luncusispra-luit
1788 5731 1853 5784 al~
1893 5745 1977 5782 an.
2013 5727 2139 5780 ισιετ

588 5819 622 5860 a
643 5804 656 5857 l
682 5821 768 5859 an.
813 5807 955 5869 Illi't'.

2234 4620 2528 4694 omnesque
2553 4624 2647 4693 qui
2679 4623 2728 4676 ei
2765 4622 3085 4690 juraveruut
3113 4621 3193 4673 vel
3226 4619 3488 4688 jurabunt
3517 4618 3586 4672 de
3622 4616 3783 4686 Regni

2234 4717 2625 4779 dotninatione,
2649 4729 2681 4767 a
2700 4713 2993 4781 jurameuti
3014 4711 3370 4779 promissione
3389 4707 3612 4763 absolvo
3638 4725 3652 4760 :
3679 4709 3783 4776 ipse

2236 4819 2414 4863 autem
2451 4805 2716 4860 Henricus
2747 4817 2870 4856 cum
2917 4801 3032 4854 suis
3076 4801 3380 4853 fautoribus
3399 4800 3454 4851 in
3481 4798 3632 4852 omni
3656 4812 3782 4850 con-

2236 4897 2513 4970 gressione
2551 4895 2673 4948 belli
2724 4891 2901 4946 nullas
2945 4891 3087 4944 vires
3133 4888 3440 4957 nullamque
3468 4887 3525 4941 in
3557 4887 3668 4942 vita
3691 4900 3781 4940 sua

2236 4989 2517 5044 victoriam
2565 4985 2822 5040 obtineat.
2860 4980 2927 5036 Ut
2967 4990 3145 5036 autem
3191 4976 3506 5048 Rudolphus
3548 4975 3778 5047 Regnum

2238 5079 2656 5133 'l‘eutonicorum
2706 5081 2856 5144 regat
2901 5081 2954 5124 et
2993 5069 3259 5134 defendat,
3311 5083 3469 5138 quem
3511 5065 3783 5120 Teutonici

2237 5175 2512 5242 elegerunt
2532 5169 2633 5223 sibi
2668 5169 2723 5221 in
2753 5165 2972 5233 Regem,
3021 5162 3086 5217 ad
3117 5170 3351 5217 vestram
3377 5157 3687 5212 ﬁdelitatem
3723 5171 3782 5211 ex

2240 5272 2412 5316 vestra
2440 5270 2590 5331 parte
2629 5259 2794 5322 dono,
2825 5252 3022 5324 largior
3055 5262 3109 5308 et
3147 5250 3404 5314 concedo,
3430 5249 3782 5317 omnibusque

2240 5353 2342 5408 sibi
2392 5352 2617 5405 fideliter
2656 5347 3054 5402 adhaarcutibus
3109 5341 3502 5396 absolutionem
3546 5339 3780 5395 muniunt

2241 5451 2606 5513 peccatorum,
2639 5455 2819 5494 veram
2861 5433 3283 5490 benedictionem
3314 5432 3369 5484 in
3389 5430 3493 5484 hac
3519 5431 3629 5482 vita
3655 5435 3709 5482 ct
3733 5425 3783 5480 in

2313 5572 2424 5642 (96)
2477 5570 2776 5642 Bernurdus
2827 5564 3238 5642 Osttgiliritgeitgis
3265 5557 3551 5642 βαρεῖα-1
3582 5555 3785 5642 praefuit

2242 5628 2430 5700 atrati.
2486 5628 2635 5694 l068'
2660 5638 2727 5692 ad
2769 5652 2854 5690 an.
2892 5633 3044 5690 I086.
3070 5628 3124 5686 'a
3153 5628 3456 5698 Cratepolio
3503 5628 3781 5698 plurimum

2244 5713 2510 5768 laudatus.

3855 6175 3863 6212 l
