3902 6388
1722 413 1729 438 ί

441 462 507 510 liii
1643 463 1698 516 ἃ
1743 465 2031 517 13111001ζῖ

2134 497 2135 502 η
2182 463 2260 516 ΠΙ
2304 461 2495 517 l’.\i’.\.
3592 465 3666 518 96

442 585 546 624 ιιιισ-
579 573 755 629 lli-ato:
775 591 860 624 ιιιιι
897 573 1034 626 l'clri
1064 584 1114 625 ct
1143 575 1289 627 l‘auli
1319 575 1719 642 .\poslulnt‘ttttt,
1762 576 2012 644 pt‘a'cipio

2147 577 2380 638 riu-ibus,
2411 593 2487 627 sic
2541 585 2596 628 ut
2649 575 2728 626 vix
2761 575 3156 641 qttomololilwt
3181 585 3321 629 stare
3345 585 3546 644 posset,
3573 577 3668 628 vis

442 665 616 720 νήνι»,
645 673 699 714 ιιι
732 665 998 715 neiuincm
1031 666 1272 718 habeatis
1315 663 1615 716 Iluumnuni
1666 665 1974 717 l’outilicetu
1997 709 2010 730 ,

445 755 543 804 nisi
569 742 830 806 canonice
871 758 1124 818 electum,
1154 768 1203 808 et
1234 734 1547 808 sztttcfut‘ttttt
1577 756 1794 808 l'atrum
1822 768 2009 810 :tttclu-

446 846 601 896 ritate
632 846 860 895 elsctuui
907 855 958 897 cl
1003 848 1330 898 ordinatum.
1386 845 1482 897 l'bi
1527 863 1654 896 vero
1687 846 1738 897 in
1773 856 2013 898 extremo

444 936 649 1000 p-isitus
673 944 808 997 erat,
837 937 1021 988 ultima
1065 937 1223 987 verba
1253 937 1371 1004 ejus
1403 939 1513 988 lure
1553 938 1769 988 fuerunt
1800 956 1810 988 τ
1843 935 2013 1000 llilcxi

439 1026 725 1092 ju~titiam,
758 1037 811 1076 et
835 1027 976 1077 ιιιιίιί
1009 1027 1370 1094 iniquitatem,
1401 1036 1680 1095 propterea
1718 1027 1922 1080 morior
1961 1027 2013 1078 in

443 1117 653 1167 cvsilio.
701 1119 820 1180 Quo
869 1127 1054 1169 contra
1084 1117 1302 1184 quidam
1352 1117 1674 1169 venerabilis
1717 1116 2014 1186 Episcopus

446 1208 791 1274 respondisse
830 1218 1080 1260 narratur
1106 1227 1116 1258 :
1158 1207 1272 1259 Non
1319 1219 1490 1276 potes,
1519 1206 1763 1271 lloniiuc,
1795 1209 1931 1260 mori
1960 1209 2012 1260 iu

443 1297 660 1357 evsilio,
699 1298 788 1364 qui
821 1298 871 1349 in
910 1299 1023 1350 vice
1053 1299 1254 1351 (Iliristi
1281 1309 1331 1350 et
1365 1299 1743 1366 Apostolorum
1786 1300 1904 1371 ejus
1934 1299 2014 1352 di-

447 1389 650 1439 vinitus
679 1389 932 1455 accepisti
978 1399 1163 1457 gentes
1201 1390 1590 1451 lltt‘l't‘tlllttlt‘lll,
1625 1397 1679 1441 et
1713 1389 2012 1456 posscssio-

447 1495 566 1530 nem
602 1479 858 1529 terminos
884 1489 1057 1530 terrae.
1089 1477 1272 1546 Itaque
1297 1477 1595 1546 septiformi
1628 1479 1797 1548 gratia
1826 1479 2016 1548 plenus

447 1569 660 1636 septimi
701 1568 946 1636 Gregorii
981 1569 1228 1636 spiritus,
1252 1569 1341 1636 qui
1378 1569 1639 1622 mundum
1667 1579 1718 1622 et
1747 1570 2016 1639 principis

446 1659 564 1724 ejus
588 1668 839 1725 arguerat
869 1659 934 1710 de
963 1667 1182 1726 peccato
1214 1669 1264 1710 et
1290 1659 1354 1710 de
1390 1659 1596 1727 justitia
1621 1669 1673 1712 et
1701 1661 1767 1713 de
1788 1661 2014 1728 judicio,

450 1750 499 1800 iu
537 1748 850 1800 fortitudine
889 1739 1122 1801 cu-ileins
1149 1749 1252 1802 cibi
1306 1765 1476 1817 nuper
1502 1750 1702 1818 accepti
1743 1750 2015 1816 etclestent

450 1838 590 1889 viattt
625 1833 913 1906 arripimus,
958 1839 1258 1906 meritoque.
1299 1839 1466 1891 divini
1511 1840 1628 1903 zeli,
1673 1839 1816 1894 velut
1860 1841 2015 1910 igneo

449 1945 564 1980 ctiri
581 1945 633 1990 ιι,
686 1929 856 1979 instar
879 1927 1002 1979 illize
1053 1929 1362 1990 subvectus,
1399 1928 1544 1998 (101)
1579 1927 1778 1982 ιῘι·Ιι;ιιιί
1812 1931 2016 1998 praede-

448 2020 684 2071 cessoris
713 2020 817 2082 sui,
842 2019 999 2084 cujus
1020 2034 1082 2070 ea
1099 2019 1185 2070 die
1208 2019 1471 2071 festivitas
1501 2020 1724 2082 exstitit,
1747 2020 2019 2073 omniurn-

449 2126 552 2177 quo
590 2109 868 2161 beatorum
894 2109 1134 2161 lzetitiam
1173 2110 1226 2162 in
1263 2109 1468 2162 caelesti
1505 2109 1671 2178 gloria
1709 2126 1830 2163 cuni
1857 2110 2017 2164 Clui-

449 2213 533 2253 sto
559 2217 658 2269 gau
682 2200 903 2252 leutium
929 2201 1252 2252 excellenter
1282 2200 1584 2268 ampliavit;
1625 2200 1677 2252 iu
1706 2199 1863 2253 terris
1893 2214 2020 2252 vero

452 2292 879 2359 peregrinantem
931 2289 1226 2343 Ecclesium
1278 2291 1522 2347 discessu
1571 2306 1670 2343 suo
1713 2306 1818 2342 non
1855 2305 2021 2358 parvo

453 2397 683 2434 unrrure
711 2381 1096 2433 consternavit.
1127 2381 1338 2448 Corpus
1378 2381 1496 2449 ejus
1533 2381 1823 2449 Sepultum
1856 2379 2020 2432 tradi-

453 2483 565 2530 tum
597 2480 676 2524 cst
724 2473 863 2541 apud
906 2472 1120 2526 beatum
1156 2471 1464 2524 .‘latthauun
1506 2470 1920 2538 livaugclistam,
1956 2470 2022 2522 de

454 2564 611 2631 cujus
656 2579 789 2613 nova
838 2563 1147 2616 inventione
1194 2562 1532 2615 la-tabundus
1575 2561 1865 2630 scripserat
1899 2569 2022 2612 ante

455 2669 658 2720 paucos
695 2670 868 2706 annos
895 2651 1187 2720 l-Ipistolam
1219 2638 1385 2718 (Illi).

1033 2763 1259 2816 metr
1309 2763 1442 2830 xm.

460 2853 710 2922 Exempla
753 2871 928 2906 eorum
961 2856 1049 2922 qui
1087 2854 1323 2920 Gregorii
1365 2856 1584 2908 decretis
1622 2854 1912 2907 obedientes
1949 2854 2024 2906 rel

526 2926 872 3045 igmlveilicmcs
919 2925 1094 2991 fuere,
1141 2924 1391 2977 dirinitus
1439 2925 1659 2993 probata
1705 2924 1779 2976 rel
1826 2928 2025 2992 impro-

567 3005 675 3046 alit.

533 3105 650 3156 105.
712 3104 1125 3172 Consuptentcr
1177 3105 1266 3158 hic
1332 3105 1757 3163 introducendus
1815 3104 2029 3156 videtur

2113 667 2468 734 cliatnjaeere
2510 667 2590 720 vel
2638 666 2861 718 sedere:
2902 667 2992 734 qui
3028 676 3081 718 et
3121 667 3286 720 multa
3331 667 3382 718 in
3424 667 3671 719 medicos

2113 767 2445 824 erogavvt'at,
2502 757 2740 824 nihilque
2803 759 3132 824 profecerat;
3185 757 3443 826 apposita.
3473 757 3669 810 eadem

2115 848 2270 899 mitra
2301 848 2388 900 ubi
2435 849 2607 916 major
2637 847 2915 916 ingruerat
2948 847 3120 911 dolor,
3163 848 3401 916 pristinae
3427 847 3676 900 redditus

2113 947 2193 990 est
2214 939 2450 990 sanitati.
2479 938 2635 989 Liber
2669 937 2907 1004 ejusdem
2950 937 3186 991 Ansehui
3229 937 3295 990 de
3328 934 3673 990 Psalmoruni

2115 1029 2430 1081 tractatibus
2472 1044 2668 1096 paucas
2711 1029 3003 1081 sententias
3059 1028 3335 1095 excipere;
3386 1036 3437 1078 et
3499 1040 3676 1093 quain

2115 1119 2260 1187 piuiu
2289 1119 2533 1171 allectum
2560 1134 2684 1187 erga
2725 1119 3063 1171 sanctitatem
3089 1117 3332 1186 magistri
3353 1116 3436 1170 sui
3459 1116 3677 1184 Grego-

2115 1209 2180 1262 rii
2215 1209 2480 1272 habuerit,
2502 1209 2804 1262 evidentius
2833 1209 3135 1261 ostendere.
3173 1209 3261 1261 Sic
3280 1221 3408 1274 ergo
3431 1205 3680 1274 loquitur

2116 1299 2168 1352 iu
2188 1309 2415 1352 tractatu
2444 1299 2663 1353 secundi
2688 1297 2886 1351 Psalmi
2916 1317 2927 1350 :
2956 1318 2974 1347 ι
2995 1298 3291 1351 ,ιδιίιιινιιιιι
3310 1295 3476 1365 [teges
3492 1304 3677 1355 terrae,

2115 1397 2167 1442 et
2193 1388 2465 1457 Principes
2487 1397 2856 1480 eonpenerunt
2891 1389 2946 1440 in
2983 1403 3170 1451 unum,
3203 1387 3461 1440 adversus
3485 1385 3682 1438 Domi-

2117 1494 2266 1547 num,
2300 1489 2355 1532 et
2397 1475 2653 1532 adversus
2702 1476 2982 1532 Christum
3023 1477 3162 1547 ejus.
3208 1497 3224 1527 ι
3277 1475 3446 1544 [leges
3493 1483 3680 1538 terrae,

2117 1571 2354 1623 membra
2383 1567 2627 1623 videlicet
2652 1569 2770 1637 ejus
2797 1569 2891 1636 qui
2929 1584 3090 1636 regna
3129 1583 3291 1636 super
3317 1581 3508 1619 omnes
3534 1565 3682 1618 filios

2118 1661 2400 1729 superbiat,
2426 1676 2532 1713 non
2557 1661 2735 1713 solum
2771 1668 3054 1719 venerunt,
3080 1658 3172 1710 sed
3199 1665 3254 1709 et
3280 1656 3586 1718 astiterunt,
3625 1661 3688 1707 et

2117 1751 2360 1805 exercitu.
2400 1766 2500 1803 suo
2541 1749 2838 1802 Romanam
2880 1747 3174 1801 l-lcclesiam
3224 1746 3582 1808 obsederunt;
3625 1752 3687 1796 et

2118 1841 2386 1910 principes
2443 1841 2794 1894 Sacerdotium
2853 1839 3254 1906 conspirantem
3308 1843 3682 1890 convenerunt

2119 1933 2171 1985 in
2197 1917 2384 1995 ununi,
2419 1941 2608 1985 contra
2643 1937 2889 1984 sanctum
2927 1927 3168 1991 Petrum,
3212 1935 3266 1980 ct
3297 1935 3485 1980 contra
3519 1924 3650 1977 Vica
3682 1957 3684 1960 ›

2120 2023 2414 2092 τίιιηιοῙιιε
2453 2022 2795 2092 Gregorium,
2841 2020 2952 2072 imo
2991 2019 3168 2088 ipsum
3192 2019 3285 2087 qui
3315 2017 3481 2069 dixit:
3517 2035 3534 2066 ι
3577 2013 3689 2079 Qui

2118 2133 2214 2171 vos
2261 2115 2430 2183 tangit
2473 2128 2558 2174 me
2599 2111 2802 2180 tangit;
2840 2110 2932 2178 qui
2977 2125 3074 2162 vos
3106 2109 3328 2177 spernit,
3365 2121 3450 2160 me
3480 2104 3692 2174 spernit

2122 2204 2271 2271 (Luc.
2309 2206 2397 2271 x);
2435 2201 2758 2271 crucifigunt
2795 2201 2990 2252 iterum
3019 2198 3214 2252 Filium
3251 2195 3365 2250 Dei.
3407 2215 3425 2247 ι
3458 2196 3694 2249 Constat

2119 2295 2338 2358 cumini,
2371 2293 2498 2362 quia
2527 2302 2688 2362 caput
2730 2299 2977 2344 nostrum
3023 2289 3076 2343 in
3106 2288 3363 2342 membris
3390 2286 3505 2341 suis
3540 2285 3689 2354 pati-

2121 2394 2228 2449 ιη’,
2255 2386 2306 2437 in
2334 2383 2592 2437 membris
2632 2383 2969 2446 inlirmatur;
3011 2381 3152 2435 sicut
3176 2380 3290 2449 ipse
3327 2377 3489 2432 Beato
3527 2373 3694 2428 Petro

2120 2474 2291 2548 dixit:
2324 2493 2342 2524 ι
2377 2473 2523 2528 Vado
2558 2475 2749 2528 iterum
2778 2471 3003 2524 Roiiiam
3034 2469 3296 2538 crucillgi.
3329 2488 3347 2520 ι
3374 2468 3565 2522 Nonne
3587 2466 3691 2537 tibi

2121 2565 2368 2629 videntur
2398 2563 2675 2633 Principes
2699 2563 3052 2614 Sacerdotum
3090 2560 3144 2613 in
3183 2561 3346 2613 domo
3374 2557 3533 2612 Pilati
3569 2558 3690 2610 eol-

2122 2657 2284 2725 ligcrc
2313 2657 2603 2708 concilium
2656 2662 2714 2706 ut
2751 2653 3029 2706 Christum
3068 2652 3230 2706 morti
3269 2651 3524 2714 tradant,
3561 2665 3690 2702 cum

2122 2755 2202 2800 tot
2227 2743 2392 2799 falsos
2414 2753 2577 2799 testes
2599 2753 2788 2798 contra
2825 2759 3098 2797 sunnnum
3133 2741 3450 2796 Pontilicem
3487 2739 3690 2793 llenri-

2123 2849 2222 2889 cus
2245 2835 2547 2904 adornavit,
2583 2849 2707 2888 eum
2742 2848 2932 2886 omnes
2966 2833 3236 2887 clamant:
3266 2830 3408 2885 Reus
3435 2837 3520 2884 est
3541 2845 3694 2883 mor-

2126 2927 2229 2979 tis?
2257 2923 2442 2978 Nonne
2470 2925 2661 2978 iterum
2688 2923 2953 2977 Bari-abas
2989 2922 3226 2992 eligitur,
3246 2932 3300 2977 et
3317 2923 3570 2977 Christus
3592 2920 3699 2974 sub

2126 3015 2300 3069 Pilato
2345 3015 2505 3069 morti
2553 3015 2853 3078 addicitur,
2900 3029 3023 3068 cum
3074 3013 3357 3067 Ravennas
3401 3012 3698 3065 Guibertus

2126 3107 2342 3176 eligitur
2368 3114 2422 3158 et
2460 3104 2603 3173 Papa
2656 3103 2949 3173 Gregorius
2988 3104 3352 3172 reprobatur?
3394 3101 3484 3178 Sic
3513 3101 3699 3153 vivere

465 3195 772 3264 pr:ecipuus
815 3194 1074 3248 vi;tatum
1119 3195 1239 3263 ejus
1299 3205 1536 3249 sectator
1582 3206 1635 3248 et
1685 3195 1860 3273 heres,
1906 3195 2033 3248 bea-
2059 3211 2100 3264 (ζ
2133 3199 2392 3250 latronem
2441 3203 2666 3264 petunt,
2712 3193 2805 3262 qui
2855 3193 2970 3262 lege
3009 3194 3339 3260 damnatur,
3393 3202 3445 3247 et
3486 3192 3698 3260 justum

463 3295 550 3340 tus
579 3285 723 3356 (105)
751 3285 1057 3350 Anselmus,
1095 3285 1348 3340 Ecclesize
1372 3285 1632 3340 Lucensis
1659 3285 1918 3349 Antistes,
1942 3284 2034 3353 qui

465 3386 590 3429 ante
625 3377 805 3429 omnia
841 3377 893 3431 i-.l
921 3377 1085 3430 studii
1121 3392 1334 3444 semper
1377 3375 1585 3439 habuit,
1631 3385 1690 3432 ut
1733 3375 2036 3429 imitaretur

469 3483 597 3520 eum
653 3467 706 3519 in
735 3468 1006 3533 onniibus,
1042 3468 1196 3530 ailco,
1239 3475 1295 3518 ut
1334 3466 1643 3534 discrepare
1672 3465 1740 3519 ab
1767 3465 1856 3516 illo
1879 3481 2036 3534 pror-

467 3576 560 3612 sus
588 3559 750 3610 nollet
785 3559 838 3611 in
861 3559 1043 3626 aliquo
1073 3578 1083 3610 :
1113 3557 1329 3619 deinde,
1358 3556 1488 3626 quid
1519 3557 1572 3610 in
1601 3557 1720 3624 ipso
1747 3555 1869 3620 fuit,
1896 3555 2039 3610 illius

469 3663 680 3717 semper
706 3651 912 3703 meritis
953 3649 1214 3702 attribuit.
1250 3647 1545 3715 Gregorius
1581 3662 1832 3715 namque,
1876 3646 2036 3698 veluti

468 3738 593 3792 («ius
621 3749 765 3804 erat;
805 3741 1089 3793 Ausi-linus
1142 3738 1300 3808 quasi
1345 3740 1492 3792 rivus
1531 3728 1751 3802 ﬂuebat,
1791 3746 1844 3790 ct
1891 3735 2038 3790 ari.!a

471 3830 726 3899 irrigabat
755 3851 764 3884 :
812 3833 918 3893 ille,
947 3832 1101 3900 quasi
1132 3840 1294 3898 caput
1351 3840 1523 3882 totum
1548 3845 1746 3897 corpus
1769 3829 2038 3897 guberna-

473 3922 559 3974 bat
588 3940 599 3973 :
626 3922 745 3984 iste,
773 3937 870 3974 cru
899 3937 1091 3975 manus
1121 3921 1388 3985 studiosa,
1418 3920 1560 3989 quod
1587 3919 1887 3988 injuncttun
1911 3934 2039 3986 ope-

476 4012 695 4063 rabatur
729 4031 739 4063 :
767 4013 874 4073 ille,
900 4004 1041 4064 sicut
1060 4013 1139 4064 sol
1164 4011 1485 4064 illuminavit
1509 3997 1723 4075 omnia;
1751 4008 1872 4071 iste,
1899 4009 2043 4062 velut

476 4101 750 4169 splendor,
774 4101 1068 4154 declaravit
1099 4101 1329 4170 singula.
1365 4099 1503 4153 Olim
1543 4099 1709 4163 Eiias,
1742 4115 1805 4150 ev
1849 4109 2045 4151 morta-

479 4193 608 4244 lium
644 4193 1042 4245 eohabitatioue
1071 4192 1423 4256 transiturus,
1448 4191 1654 4246 dimisit
1697 4188 1889 4242 Eliszeo
1926 4191 2041 4258 pai-

477 4283 608 4336 lium
641 4299 824 4348 suum,
858 4282 1159 4354 Proplietici
1198 4284 1436 4336 numeris
1472 4284 1893 4336 instrumentum
1921 4299 1932 4333 :
1972 4281 2046 4334 si-

479 4374 674 4436 utiliter
704 4385 755 4426 et
773 4375 1084 4442 Gregorius,
1111 4390 1174 4426 ex
1199 4373 1297 4426 hac
1323 4373 1536 4426 mortali
1563 4372 1668 4424 vita
1691 4371 2043 4440 migraturus,

480 4466 779 4518 transmisit
817 4465 1072 4519 ,λης-1ηιο
1123 4463 1451 4516 Puntillcalis
1493 4463 1702 4530 insigne
1742 4461 2042 4529 potestatis,

482 4556 726 4608 vinlcliect
751 4557 964 4608 mitram
997 4556 1189 4624 capitis
1217 4553 1330 4616 sui;
1364 4554 1465 4608 hoc
1510 4551 1767 4606 nimirum
1809 4550 1918 4604 Deo
1951 4566 2044 4604 co-
2082 4541 2122 4592 ί)

487 4657 766 4714 operante,
796 4656 873 4711 ut,
909 4647 1050 4700 sicut
1077 4647 1161 4698 ille
1195 4644 1492 4711 Prophctia-
1516 4659 1609 4712 per
1633 4641 1852 4711 pallium
1875 4641 2045 4695 hanc-

483 4741 672 4791 iiilavit
697 4741 1126 4807 praerogativam,
1175 4737 1246 4789 ita
1288 4745 1341 4788 et
1377 4735 1476 4787 iste
1515 4733 1915 4786 Sacerdotalem
1958 4748 2041 4800 per

489 4832 705 4883 mitram
766 4829 1033 4880 obtineret
1081 4825 1450 4881 eminentiam.
1508 4821 1710 4890 Nempe
1749 4837 1835 4886 eo,
1881 4836 2053 4889 usque

488 4921 750 4990 processit
786 4919 1100 4981 similitudo,
1129 4927 1208 4981 ut,
1251 4917 1390 4969 sicut
1436 4917 1658 4969 l‘llisaeas
1694 4927 1786 4982 per
1830 4912 2050 4982 pallium

491 5011 618 5064 illi-.e
639 5027 732 5078 per
760 5013 1017 5064 virtutum
1044 5011 1197 5078 signa
1218 5007 1704 5069 demonstraverat,
1744 5004 1815 5057 ita
1853 5013 1907 5058 et
1945 5005 2054 5056 An-

492 5103 694 5157 selinus
753 5117 844 5169 per
891 5103 1103 5153 mitram
1167 5099 1410 5169 Gregorii
1479 5096 1724 5167 qtneilam
1788 5093 2052 5163 magnalia

413 5229 420 5236 -
491 5193 814 5247 exhibuerit.
857 5191 1011 5253 Nam,
1045 5199 1190 5242 utne
1219 5191 1461 5256 pluribus
1487 5204 1654 5242 unum
1686 5185 1856 5254 magis
1877 5183 2054 5238 divul-

494 5293 676 5352 gatum
725 5283 1082 5352 proferamus,
1140 5281 1460 5333 reverendus
1501 5279 1803 5332 Mantuanae
1855 5275 2056 5330 Pm-sul

499 5373 747 5426 Ecclesia:
770 5373 1006 5428 Ubaldus
1025 5371 1191 5442 (101),
1225 5371 1407 5424 multis
1423 5371 1536 5440 jam
1559 5369 1716 5423 annis
1741 5367 2057 5436 gravissime

501 5466 846 5533 spleneticus,
877 5473 928 5518 et
964 5473 1076 5516 toto
1102 5478 1328 5532 corpore
1373 5461 1646 5518 ulceratus
1679 5459 1978 5529 praesertim
2005 5459 2056 5511 in

575 5615 718 5682 (101)
763 5617 817 5669 δ.
855 5616 1052 5668 Urbani
1093 5618 1140 5679 l,
1168 5617 1330 5683 l’aprc
1362 5625 1407 5667 ct
1437 5614 1709 5682 Martyris,
1747 5613 1902 5678 cujus
1929 5616 2058 5665 Acta

501 5685 613 5754 jam
648 5687 913 5741 dedimus.

578 5757 720 5821 συὶ-Ξ)
748 5755 837 5810 Εδι
876 5755 984 5806 lucc
1022 5753 1256 5817 Epistula
1293 5756 1324 5804 8
1359 5754 1476 5806 libri
1506 5769 1618 5811 vui,
1659 5754 1720 5804 ad
1760 5751 2055 5820 Mphauzuu

508 5822 651 5884 γιιι..
672 5842 831 5894 «φημι
862 5823 1275 5877 Salvi'uit'uuuu.

2136 3287 2414 3351 damnant,
2456 3302 2551 3354 per
2594 3299 2756 3354 quem
2801 3299 2989 3337 omnes
3035 3284 3332 3337 salvantur.
3377 3281 3565 3336 Nonne
3599 3282 3698 3334 tibi

2138 3377 2347 3431 videtur
2380 3378 2573 3430 iterum
2601 3375 2804 3428 Pilatus
2831 3388 3025 3428 manus
3049 3391 3177 3429 suas
3202 3376 3417 3440 lavisse,
3444 3383 3497 3428 et
3525 3373 3698 3429 dixis—

2139 3483 2198 3522 se
2230 3485 2240 3520 :
2272 3465 2502 3520 Mundus
2524 3480 2624 3534 ego
2644 3480 2764 3518 sum
2787 3479 2818 3516 a
2841 3464 3102 3533 sanguine
3125 3464 3307 3532 hujus,
3333 3465 3534 3518 nullam
3557 3464 3610 3516 in
3633 3481 3700 3517 eo

2140 3573 2359 3622 causam
2391 3557 2639 3619 invenio;
2679 3553 2897 3623 quando
2932 3553 3182 3608 simulata
3214 3555 3527 3623 poenitentia
3556 3553 3700 3621 llcn-

2143 3649 2287 3702 ricus
2315 3647 2558 3700 aloravit
2604 3660 2876 3698 summum
2927 3643 3264 3709 Pontificcm,
3309 3645 3501 3698 deinde
3550 3644 3702 3698 falsis

2143 3738 2420 3808 lipiscopis
2442 3737 2557 3791 suis
2581 3736 2744 3789 dixit:
2775 3733 3083 3789 Secundum
3115 3735 3279 3805 legem
3307 3735 3704 3804 vestramjudi-

2141 3841 2260 3885 cate
2313 3829 2473 3883 eum?
2537 3827 2826 3895 Amplius:
2895 3823 3296 3892 Dirnmpamus'
3338 3827 3566 3880 vincula.
3604 3842 3700 3891 eo-

2142 3907 2295 3983 rum,
2325 3927 2426 3972 etc.
2469 3917 2886 3986 Opprimamus,
2935 3914 3204 3984 inquiunt,
3246 3917 3421 3969 virum
3470 3916 3701 3984 justum,

2142 4011 2399 4080 quoniam
2443 4007 2748 4063 contrarius
2777 4014 2860 4059 cst
2906 4007 3157 4074 operibus
3201 4005 3420 4059 nostris.
3467 4004 3522 4058 Si
3559 4007 3702 4060 enim

2143 4101 2517 4156 dimiserimus
2557 4114 2681 4152 eun:
2726 4097 2836 4160 sic,
2877 4096 3091 4154 venient
3130 4094 3378 4160 Romani,
3424 4104 3479 4149 et
3519 4098 3705 4152 tollent

2146 4200 2390 4245 nostrum
2422 4190 2599 4243 locum
2621 4195 2674 4242 ct
2700 4197 2928 4257 gentem.
2961 4185 3122 4241 ltem:
3163 4186 3220 4240 Si
3241 4185 3384 4256 Papa
3412 4185 3705 4258 Gregorius

2145 4281 2356 4354 vixerit,
2388 4281 2561 4335 mittet
2587 4287 2775 4334 contra
2803 4292 2902 4330 nos
2919 4279 3295 4346 praedicatores
3324 4275 3587 4340 veritatis,
3611 4275 3702 4345 qui

2144 4374 2495 4428 discutientes
2545 4373 2711 4425 vitam
2749 4377 2805 4423 et
2847 4377 3002 4425 actus
3036 4379 3274 4435 nostros,
3313 4366 3543 4437 eripient
3577 4380 3706 4420 oves

2145 4465 2346 4519 Christi
2379 4465 2446 4518 de
2468 4463 2719 4518 manibus
2742 4462 2980 4526 nostris;
3006 4470 3060 4516 et
3082 4460 3214 4530 justi
3249 4459 3503 4528 diripient
3533 4457 3704 4526 spolia

2149 4561 2355 4617 nostra,
2383 4561 2438 4606 et
2461 4553 2732 4606 dimittent
2772 4549 3068 4604 Ecclesiam
3107 4549 3429 4604 facientibus
3470 4545 3704 4602 fructum

2149 4645 2201 4699 in
2225 4661 2308 4698 ea.
2339 4642 2566 4709 Quando
2599 4657 2727 4696 vero
2762 4641 3065 4695 sanctitatis
3091 4647 3351 4696 tractator
3385 4638 3484 4692 iste
3523 4637 3704 4701 fuerit,

2091 4762 2104 4777 ο
2149 4736 2342 4806 partim
2375 4751 2440 4790 ex
2483 4734 2714 4787 lectione
2742 4741 3056 4786 sanctorum
3091 4741 3366 4803 gestorum
3389 4730 3508 4799 ejus
3529 4730 3705 4784 anim-

2150 4826 2500 4891 advertimus,
2544 4823 2740 4894 partim
2775 4838 2842 4876 ex
2884 4824 3144 4878 relatione
3170 4823 3547 4891 religiosorum
3579 4819 3708 4872 Fra-

2152 4925 2317 4980 trum,
2344 4917 2436 4984 qui
2461 4931 2518 4969 sc
2539 4915 2604 4970 de
2644 4914 2942 4982 longinquo
2983 4913 3050 4966 ad
3081 4913 3427 4982 sepulchrum
3469 4911 3588 4981 ejus
3617 4925 3709 4980 per

2152 5006 2531 5064 revelationem
2573 5004 2828 5058 invitatos
2849 5003 3085 5069 venisse,
3110 5012 3166 5059 et
3209 5019 3239 5058 a
3269 5003 3524 5074 gravibus
3551 5011 3709 5068 atque

2153 5098 2379 5154 diutinis
2426 5094 2780 5166 languoribus
2824 5094 3028 5163 absque
3069 5111 3218 5148 mora
3252 5095 3508 5148 liberatos
3547 5091 3707 5145 fuisse

2154 5189 2333 5244 testati
2352 5175 2506 5251 sinit,
2545 5186 2946 5257 perpendimus.

2225 5277 2344 5331 101.
2409 5276 2561 5331 Nunc
2623 5289 2799 5343 operte
2848 5273 3075 5340 pretium
3127 5273 3456 5326 arbitramur
3521 5271 3708 5340 paucis

2157 5368 2531 5439 demonstrare
2575 5364 2808 5433 qualiter
2826 5363 2908 5417 vel
2932 5364 3102 5433 gratia
3125 5363 3206 5415 vel
3240 5362 3318 5415 ira
3347 5361 3460 5428 Dei,
3489 5361 3708 5424 nostris,

2160 5459 2262 5513 hoc
2283 5466 2366 5513 est
2395 5458 2448 5510 in
2490 5455 2825 5511 Germanicis
2852 5455 3097 5523 partibus
3135 5451 3595 5508 commendaverit
3626 5450 3710 5504 de-

2517 5612 2745 5693 glnsclmi
2775 5610 3009 5679 episcopi
3056 5609 3311 5662 Lucensis
3351 5607 3526 5662 Vitam
3567 5609 3712 5664 dedi-

2161 5703 2284 5738 mus
2312 5685 2371 5737 l8
2403 5683 2594 5735 Martii.

2235 5755 2381 5820 (Illi)
2427 5751 2664 5805 ('dalilus
2709 5757 3089 5820 creatusauuo
3133 5747 3259 5802 1082
3294 5745 3606 5816 Episcopus,
3648 5746 3712 5798 ab

2166 5818 2394 5877 Henrico
2432 5837 2550 5889 rege
2588 5819 2650 5871 tl"
2689 5820 2810 5874 sedc
2845 5818 3048 5886 pulsus.
